4132 6408
425 290 543 356 455

428 437 516 486 ost
546 425 834 488 malorum
869 417 1136 488 omnium
1169 431 1522 499 extremum,
1553 442 1687 488 cum
1711 441 1786 486 ne
1811 424 1896 484 sic
1927 421 2064 504 qui-
2089 431 2128 480 Α

428 515 564 577 dem
594 517 922 596 quidquam
956 518 1030 576 de
1064 535 1168 577 sua
1199 515 1528 576 remitteret
1553 515 1902 596 pervicacia.
1937 531 2065 572 eam

426 605 832 666 transmittunt
854 605 925 666 ad
955 615 1205 667 mortem
1227 604 1894 666 maximemiserabilem
1931 601 2072 680 Ejus

425 693 777 755 calamitatis
837 695 989 756 alius
1050 694 1290 774 quidem
1327 696 1736 758 misereretur.
1769 711 1877 769 ego
1929 711 2066 754 vero

426 785 595 844 malae
622 785 858 856 mentis,
897 792 956 844 et
981 785 1073 843 cui
1102 803 1216 843 non
1245 784 1426 864 potuit
1452 783 1635 843 ullum
1669 781 1938 842 adhiberi
1965 801 2068 843 re-

425 871 1114 944 medium.Quamobrem
1139 871 1346 932 dicunt
1366 883 1633 932 sanctum
1667 889 1942 950 magnum
1969 871 2071 931 do-

423 961 548 1022 lore
579 961 905 1041 accepisse,
950 969 1009 1021 et
1041 961 1329 1041 lacrymas
1361 961 1632 1023 emisisse
1663 981 1730 1022 ex
1763 960 1974 1038 oculis,
2010 969 2071 1021 et

421 1051 716 1128 adjecisse
748 1067 760 1112 :
799 1048 928 1110 Non
961 1051 1216 1128 amphus
1240 1049 1523 1131 judicabo
1577 1051 1732 1112 inter
1766 1051 2062 1127 homines,

421 1157 554 1199 cum
605 1149 719 1199 tam
746 1139 862 1201 cito
894 1158 998 1202 eos
1031 1141 1270 1202 invadat
1303 1142 1528 1220 prolata
1559 1140 1877 1202 sententia.
1931 1139 2066 1200 Haec

419 1247 549 1308 quae
569 1229 691 1288 visa
714 1240 772 1290 et
795 1230 991 1290 audita
1023 1230 1281 1297 fuerant.
1311 1232 1636 1291 eﬁecerunt
1661 1240 1725 1289 ut
1750 1240 1906 1290 esset
1939 1248 2068 1289 ma-

424 1337 536 1398 gna
568 1319 628 1379 in
659 1329 927 1380 sanctum
989 1321 1322 1382 reverentia
1359 1339 1370 1379 :
1429 1329 1485 1380 et
1517 1321 1656 1379 ideo
1691 1319 1783 1397 pie
1816 1329 1873 1380 et
1901 1327 2072 1380 caute

426 1425 558 1469 eum
593 1409 1001 1480 attendebaid,
1032 1418 1089 1468 et
1119 1428 1251 1468 cum
1287 1409 1500 1468 timore
1531 1406 1602 1466 ad
1643 1424 1778 1466 eum
1811 1405 2070 1484 aspicie-

421 1497 748 1568 bant,sicut
770 1497 944 1558 etiam
977 1497 1118 1558 olim
1142 1499 1212 1558 ad
1237 1496 1669 1578 apostolos,qui
1697 1498 1755 1556 in
1780 1495 2068 1557 Ananiam

418 1595 479 1650 et
506 1587 817 1667 Saphiram
855 1588 1030 1648 modo
1063 1588 1326 1649 fecerant
1361 1587 1712 1647 miraculum
1752 1585 1824 1647 Η.

499 1675 739 1740 XXXII.
779 1679 890 1738 Sed
925 1678 1048 1739 hinc
1081 1678 1324 1758 quidem
1358 1687 1445 1737 est
1481 1684 1736 1736 narratio
1781 1673 2070 1752 improbae

422 1778 483 1829 et
511 1772 776 1829 scelestae
837 1766 1124 1827 mulieris.
1179 1766 1507 1844 Adjicialur
1545 1779 1743 1824 autem
1805 1765 2063 1825 narratio
2091 1763 2126 1811 Β

417 1875 657 1937 quoque
687 1857 760 1916 de
791 1875 859 1916 ea
894 1875 1023 1934 quae
1073 1868 1242 1916 recte
1299 1863 1360 1916 et
1419 1865 1478 1914 ut
1509 1861 1795 1932 oporteat,
1831 1854 2065 1913 amabat

417 1947 944 2008 maritum.Mulier
976 1946 1245 2024 quaedam
1280 1944 1518 2004 nomine
1545 1943 1903 2021 Sophronia,
1933 1961 2065 2022 quae

415 2035 680 2098 muribus
709 2045 834 2096 erat
867 2037 1170 2096 moderata
1196 2043 1253 2095 et
1283 2035 1398 2114 pia,
1436 2053 1555 2095 non
1591 2033 1846 2093 habebat
1879 2032 2061 2092 mari—

414 2124 672 2200 tum,qui
697 2125 1140 2204 essetejusdem
1168 2123 1338 2203 cujus
1365 2123 1489 2202 ipsa
1515 2123 1569 2182 in
1597 2122 2061 2201 tidesententiaa,

414 2216 518 2277 sed
555 2215 653 2276 Ille
685 2233 954 2276 errorem
989 2213 1230 2275 tenebat
1268 2212 1602 2292 gentilium.
1637 2209 1743 2271 Illa
1772 2229 1913 2271 vero
1947 2231 2064 2272 non

416 2302 847 2366 intermittebat
878 2304 950 2365 ad
983 2323 1254 2364 sane-um
1286 2302 1604 2374 ventitare,
1631 2312 1688 2361 et
1723 2319 1857 2361 eum
1893 2301 2066 2362 vehe-

419 2403 652 2456 menter
679 2411 911 2468 rogare,
951 2401 1017 2454 ut
1067 2393 1338 2453 maritum
1394 2390 1677 2452 liberaret
1707 2390 1780 2450 ab
1815 2389 2063 2450 insania.

417 2484 534 2548 Sed
561 2502 670 2544 nec
700 2483 831 2562 ejus
849 2483 1096 2542 maritus
1120 2477 1824 2561 prohibebat.quominus
1847 2478 2074 2540 veniret

416 2571 490 2636 ad
521 2579 826 2634 sanctum:
857 2569 1067 2651 partim
1101 2571 1440 2650 quidem,ut
1469 2569 1568 2649 qui
1602 2569 1906 2647 ignoraret
1933 2586 2072 2647 qua-

420 2681 557 2726 narn
593 2663 668 2723 de
718 2678 898 2722 causa
955 2660 1029 2721 ad
1091 2679 1228 2720 eum
1261 2659 1607 2737 accederet,
1658 2658 1869 2737 partim
1901 2675 2063 2733 vero,

419 2752 578 2831 quod
607 2753 760 2831 apud
786 2769 921 2811 eum
960 2769 1198 2829 quoque
1227 2759 1466 2810 sanctus
1493 2755 1549 2808 in
1581 2765 1792 2826 magna
1823 2747 2068 2808 habere-

422 2853 516 2905 tur
531 2841 1041 2902 reverentia.Nam
1065 2839 1518 2920 ipsequoquead
1539 2838 1700 2896 illum
1720 2837 2066 2910 ventitabat,

417 2941 476 2996 et
505 2950 575 2994 eo
605 2941 883 3008 tanquam
915 2931 1104 2992 amico
1141 2929 1520 2997 utebatur,et
1547 2928 1711 2988 illum
1747 2927 2066 3001 honorare,

1736 289 2023 354 MENSIS
2061 287 2317 357 DECEM
2323 293 2494 360 BER.

3688 299 3808 366 456

2153 424 2384 506 ἔσχατον
2448 428 2526 485 ὅτι
2588 427 2724 504 μηδὲ
2755 427 2892 486 οὕτω
2921 428 3240 505 πειθομένην
3282 431 3495 509 δαρεΐναι
3526 431 3626 498 τῆς
3655 431 3801 490 ἀπο-

2153 518 2318 589 νοίας,
2369 518 2581 593 ἐλεεινῷ
2635 520 2844 585 θανάτιμ
2918 520 3334 597 παραπέμπουσι
3388 523 3478 577 καὶ
3531 521 3800 595 οἰκτίστῳ,

2153 607 2358 674 Ταύτην
2405 607 2566 674 ἄλλος
2622 609 2720 683 μὲν
2763 610 2825 664 ἄν
2868 631 2947 668 τις
3007 615 3106 676 τῆς
3167 617 3441 689 συμφορᾶς
3500 609 3751 686 ᾤκτιρεν
3787 632 3801 646 ο

2153 693 2260 771 ἐγὼ
2315 694 2369 752 δὲ
2427 703 2524 764 τῆς
2581 697 2800 776 γνώμης
2845 703 2941 765 τῆς
2996 705 3232 775 πονηρᾶς
3285 701 3371 754 καὶ
3421 699 3802 775 ἀθεραπεύτου,

2151 786 2232 862 ἐφ’
2277 786 2323 860 ᾧ
2365 789 2448 844 καὶ
2510 790 2601 844 τὸν
2645 787 2820 865 ἅγιον,
2877 789 3023 868 φασὶ,
3077 789 3280 861 μᾶλλον
3339 792 3802 868 περιπαθήσαντα,

2150 872 2371 944 δάκρυόν
2415 898 2470 933 τε
2543 877 2758 956 ἀφεῖναι
2816 884 2922 933 τῶν
2979 879 3265 956 ὀφθαλμῶν
3333 880 3419 934 καὶ
3485 881 3776 956 προσθέντα

2151 965 2258 1022 Οὔκ
2299 964 2376 1022 ἕτι
2420 972 2513 1023 τοῦ
2573 966 2760 1023 λοιποῦ

2150 1052 2316 1118 οὕτως
2369 1055 2527 1120 ὀξέως

2768 1015 2784 1047 ,
2844 968 3029 1044 φάναι,
3092 969 3292 1024 δικάσω
3330 969 3430 1024 τινὶ
3487 968 3800 1045 ἀνθρώπων,

2617 1055 3225 1130 ἐπικαταλαμόινούσης
3301 1062 3398 1123 τῆς
3458 1057 3795 1138 ἀποφάσεως.

2155 1151 2327 1202 Ταῦτα
2375 1144 2517 1208 θσοις
2576 1145 2738 1224 ὁρατά
2792 1168 2848 1202 τε
2904 1148 2991 1202 καὶ
3049 1147 3286 1204 ἀκουστὰ
3328 1146 3539 1224 γέγονε,
3600 1147 3809 1214 πολλὴν

2152 1234 2335 1299 αὐτοῖς
2387 1233 2545 1301 ἐνῆγε
2603 1237 2702 1303 τὴν
2786 1237 2916 1312 πρὸς
2960 1238 3053 1292 τὸν
3121 1237 3291 1313 μεγαν
3366 1235 3518 1314 αἰδῶ,
3579 1240 3665 1292 καὶ
3722 1233 3808 1292 διὰ

2161 1331 2308 1379 τοῦτο
2352 1323 2589 1386 εῦλαϐῦς
2648 1347 2705 1382 τε
2755 1340 3047 1405 προσεῖχον
3107 1327 3272 1400 αύτῷ,
3325 1327 3413 1383 καὶ
3469 1324 3617 1405 φόϐῳ
3645 1347 3810 1403 προσο

2157 1411 2402 1488 ἑϐλεπον,
2469 1416 2601 1471 καθά
2687 1417 2773 1472 καὶ
2860 1414 3024 1472 πάλάι
3083 1421 3202 1479 τοῖς
3262 1415 3616 1488 ἀποστόλοις,
3691 1415 3808 1496 ἄρτι

2154 1525 2209 1558 τε
2253 1508 2778 1584 θαυματουργηκόσι,
2843 1509 2906 1562 τὰ
2981 1507 3104 1584 περὶ
3181 1503 3428 1562 Ἀνανίαν
3501 1509 3586 1562 καὶ
3651 1512 3808 1563 Σαπ-

2153 1607 2366 1670 φεϊραν,

2233 1684 2362 1746 ΛΒ’,
2399 1683 2566 1742 Ἀλλᾶ
2594 1693 2748 1742 τοῦτο
2778 1686 2876 1760 μὲν
2929 1686 3162 1764 πονηρᾶς
3220 1689 3306 1741 καὶ
3364 1687 3566 1762 φαύλης
3615 1708 3804 1763 γυναι-

2148 1778 2244 1829 καὶ
2307 1776 2369 1830 τὸ
2422 1772 2666 1852 διήγημα
2700 1791 2712 1804 ·
2777 1776 3072 1854 προκείσθω
3106 1773 3159 1830 δὲ
3205 1777 3290 1830 γαὶ
3321 1781 3514 1840 καλῆς.
3556 1776 3689 1844 Γυνή
3722 1795 3802 1838 τις

2147 1862 2376 1936 τοῦνομα
2423 1867 2720 1944 Σωφρονία,
2769 1867 2854 1921 καὶ
2903 1867 2991 1922 τὸν
3050 1865 3246 1940 τρόπον
3290 1863 3344 1920 δὲ
3404 1865 3628 1944 σώφρων
3673 1865 3803 1921 οὖσα

2147 1955 2233 2008 καὶ
2267 1951 2509 2020 εὐσεϐὴς,
2577 1959 2672 2013 οὒκ
2721 1955 2851 2034 εἶχε
2882 1958 2972 2010 τὸν
3017 1953 3177 2030 ἄνδρα
3210 1957 3304 2010 καὶ
3334 1957 3449 2032 περὶ
3495 1956 3595 2020 τὴν
3625 1955 3800 2011 πίστιν

2147 2039 2423 2116 ὀςεόδοξον,
2470 2043 2606 2099 ἀλλὰ
2651 2043 2858 2109 πλάνης
2904 2045 2968 2111 ἦν
3028 2044 3233 2107 ἐκεῖνος
3279 2049 3376 2109 τῆς
3431 2050 3537 2098 τῶν
3596 2043 3801 2113 Ἐλλή-

2149 2153 2251 2185 νων
2283 2133 2762 2205 μεταποιούμενος.
2807 2131 2875 2186 Ἠ
2935 2129 2989 2186 δὲ
3047 2131 3141 2187 οῦκ
3199 2132 3330 2186 ἀνίει
3381 2137 3456 2203 τῷ
3513 2132 3648 2208 ἁγίῳ
3677 2154 3800 2208 φοι-

2148 2225 2295 2275 τῶσα
2346 2221 2432 2276 καὶ
2488 2217 2716 2295 δεομένη
2789 2222 2994 2297 θερμῶς
3092 2225 3188 2286 τῆς
3249 2221 3436 2294 μανῖας
3500 2219 3804 2285 ἀπαλλάξαι

2149 2311 2239 2364 τὸν
2298 2306 2478 2386 ἀνδρα,
2527 2309 2600 2366 Οῦ
2657 2311 2766 2384 μὴν
2820 2307 2939 2368 οῦδὲ
2996 2310 3024 2364 ὁ
3080 2309 3279 2376 ταύτης
3333 2309 3465 2384 ἀνὴρ
3523 2308 3616 2374 τὰς
3675 2311 3806 2384 πρὸς

2152 2398 2242 2453 τὸν
2297 2397 2450 2474 ἅγιον
2481 2398 2678 2475 ἀγίξεις
2711 2399 2970 2475 ἀπεῖργεν
3023 2400 3178 2474 αῦτῇ,
3231 2406 3385 2455 τοῦτο
3440 2399 3538 2473 μὲν
3594 2401 3681 2456 καὶ
3730 2401 3806 2460 ὼς

2152 2488 2371 2565 ἄγνοιαν
2404 2485 2571 2567 ἔχων,
2634 2490 2696 2544 οὒ
2743 2489 2906 2567 χάριν
2962 2491 3103 2561 αὒτῲ
3147 2486 3506 2564 παραϐάλλοι,
3569 2491 3724 2545 τοῦτο
3753 2486 3810 2544 δὲ

2155 2599 2240 2632 και
2271 2579 2344 2640 ὡς
2377 2580 2465 2633 τὸν
2507 2578 2678 2656 μέγαν
2731 2575 2814 2632 διὰ
2871 2575 3075 2645 πολλῆς
3109 2577 3240 2644 ὅσης
3278 2576 3444 2638 αἰδοῦς
3479 2577 3751 2651 τιθέμενος
3788 2593 3803 2608 ⁸

2153 2667 2267 2722 ἐπεὶ
2324 2668 2410 2723 καὶ
2462 2671 2617 2732 αὐτος
2672 2676 2824 2731 οῦτος
2874 2665 3002 2746 παρ’
3062 2669 3268 2723 ἐκεῖνον
3319 2667 3522 2743 ἐφοίτα,
3583 2669 3671 2722 καὶ
3731 2669 3804 2728 ὡς

2153 2755 2289 2833 φίλῳ
2339 2758 2405 2812 τὰ
2460 2756 2637 2813 πολλὰ
2694 2757 2924 2836 ἐχρῆτο,
2972 2758 3061 2813 καὶ
3113 2756 3273 2831 τιμήν
3319 2755 3448 2813 ἰδίαν
3505 2755 3699 2832 ἠγεῖτο
3741 2757 3803 2811 τὸ

2154 2845 2360 2902 ἐκεῖνον
2418 2853 2578 2920 τιμᾷν
2613 2866 2626 2880 ο
2682 2846 2789 2902 ἔστι
2850 2843 2905 2900 δὲ,
2957 2843 3042 2902 ὅτε
3095 2849 3183 2903 καὶ
3227 2848 3254 2902 ὀ
3289 2846 3456 2924 μέγας
3490 2846 3614 2923 παρ’
3652 2847 3806 2901 αὒτὸν

2155 2934 2456 2999 ἀφικνεῖτο,
2543 2927 2635 3001 Ὠς
2718 2944 2806 2993 οῦν
2876 2935 3041 3000 οὔτως
3121 2935 3343 3007 ἐξένιζον
3395 2934 3659 3003 ἀλλήλους
3717 2936 3806 2991 καὶ

417 3019 724 3101 proprium
748 3037 919 3080 suum
943 3017 1196 3079 ducebat
1222 3018 1532 3079 honorem.
1553 3016 1847 3077 Prmterea
1871 3030 2071 3077 autem

2155 3023 2442 3096 ἐξενίζοντο
2530 3027 2941 3100 συνεστιώμενοι
3015 3047 3142 3083 ποτε
3199 3029 3288 3081 καὶ
3355 3023 3808 3104 συνδειπνοῦντες,

418 3127 667 3189 magnus
697 3126 934 3190 quoque
966 3107 1245 3188 Spiridon
1304 3106 1377 3168 ad
1409 3126 1549 3168 eum
1586 3108 1886 3168 veniebat.
1922 3105 2067 3194 Cum

2155 3114 2183 3169 ὀ
2249 3114 2400 3191 ἅγιος
2482 3117 2794 3194 εὒαφόρμως
2857 3117 2947 3170 τὸν
3030 3112 3285 3181 ’Ἕλληνα
3359 3114 3510 3191 φίλον
3583 3118 3808 3189 θηρᾶσαι

419 3219 561 3279 ergo
586 3199 673 3262 sic
704 3217 768 3261 se
791 3199 1044 3260 invicem
1079 3196 1337 3278 hospitio
1364 3201 1708 3276 acciperent
1739 3202 1799 3254 et
1827 3193 2070 3274 accipe-

415 3299 649 3364 rentur,
718 3287 1053 3350 convivium
1113 3285 1472 3367 quandoque
1532 3284 1712 3345 stmul
1774 3287 2068 3357 ineuntes,

417 3387 660 3440 sanctus
689 3386 1018 3458 opportune
1075 3376 1278 3436 volens
1327 3387 1566 3454 captare
1609 3374 1864 3435 amicum
1896 3393 2068 3434 suum

421 3468 732 3548 gentilem,
755 3482 1101 3537 conversus,
1129 3463 1216 3525 eis
1243 3463 1800 3536 audientibus,dicit
1833 3464 2067 3524 cuidam

423 3575 494 3619 ex
523 3558 597 3617 iis
628 3557 729 3636 qui
759 3553 1175 3616 ministrabant
1202 3575 1214 3617 :
1250 3553 1429 3636 Puer,
1455 3555 1667 3634 inquit,
1705 3573 1938 3634 parvus,
1970 3548 2071 3634 qui

423 3665 570 3709 mea:
604 3646 742 3706 ﬁdei
798 3644 912 3706 fuit
974 3646 1350 3719 commissus,
1412 3656 1740 3724 utgregem
1775 3654 2067 3723 pasceret,

421 3737 671 3818 graviori
686 3754 896 3796 somno
911 3735 1528 3815 oppressus,peduces
1551 3734 2068 3816 perdideratﬁum

421 3846 555 3888 eum
580 3834 775 3886 autem
792 3823 1119 3885 dimisnsset
1133 3824 1729 3902 somnus,dili3enler
1747 3834 2064 3903 scrutatus,

418 3917 642 3977 invenit
663 3933 870 3975 omnes
883 3915 1058 3975 simul
1077 3913 1394 3975 absconsas
1411 3921 1467 3975 in
1489 3915 1737 3996 quadam
1758 3914 2063 3993 spelunca.

421 4008 772 4086 Priusquam
808 4021 945 4064 vero
977 4022 1076 4064 eas
1106 4003 1546 4085 invenisset,ad
1582 4022 1688 4064 nos
1723 4003 1877 4064 misit
1910 4023 2066 4064 nun-

421 4096 594 4168 tium,
632 4094 732 4175 qui
762 4094 1125 4173 signiﬁcaret
1177 4095 1334 4175 quod
1396 4102 1697 4156 evenerat.
1736 4093 1838 4155 ltle
1869 4104 2066 4155 autem

421 4196 698 4261 accessu,
732 4196 791 4245 et
819 4192 935 4246 stat
968 4202 1072 4264 pro
1105 4183 1448 4247 foribus.'l‘u
1482 4202 1621 4245 vero
1655 4183 1978 4254 descende,
2013 4193 2072 4244 et

421 4279 477 4341 ei
513 4279 719 4338 nuntio
751 4275 1048 4354 signiﬁca,
1111 4293 1318 4336 omnes
1377 4293 1508 4336 esse
1541 4276 1836 4344 inventas,
1871 4284 1926 4334 et
1961 4293 2070 4335 nec

425 4387 600 4432 unam
625 4366 866 4449 quidem
890 4366 1099 4426 deesse
1115 4366 1550 4444 gregi.Aud|vit
1586 4365 1948 4441 rninister,et
1973 4365 2071 4424 ab-

2157 4369 2424 4447 ἀρθείσης,
2489 4367 2662 4442 ἕτερος
2751 4369 2893 4432 αὖθις

424 4461 552 4522 iens
585 4457 840 4518 maxima
873 4455 1198 4529 celeritate,
1235 4455 1286 4514 ei
1339 4456 1716 4534 signiﬁcavit,
1752 4455 1852 4533 qui
1883 4455 2074 4514 stabat

423 4571 530 4632 pro
564 4552 808 4611 foribus.
852 4547 1052 4608 Mensa
1083 4549 1345 4609 nondum
1401 4548 1654 4622 sublata,
1689 4548 1839 4608 alius
1866 4561 2072 4606 rursus

425 4641 673 4702 veniens
695 4639 964 4717 nuntius,
993 4637 1294 4698 renuntiat
1315 4642 1514 4698 omnia
1533 4639 1832 4708 similiter,
1860 4637 2072 4695 inven-

429 4737 518 4790 tas
548 4728 900 4808 peduces,et
929 4727 1149 4801 locum,
1183 4738 1241 4788 et
1276 4745 1350 4787 ne
1379 4729 1557 4788 unam
1585 4727 1828 4806 quidem
1863 4726 2076 4786 deesse

427 4815 848 4881 numeroleec
871 4817 1028 4878 dicta
1052 4817 1124 4878 iis
1147 4835 1278 4897 quae
1309 4829 1548 4878 sanctus
1571 4815 2076 4888 dtxerat,omnino

427 4908 864 4981 convenientia,
920 4925 1196 4986 magnum
1254 4917 1560 4988 stuporem
1599 4908 1941 4986 injecerunt
1991 4905 2078 4966 illi

424 4997 798 5072 idololatria,
825 5007 882 5059 et
904 5011 1175 5059 sanctum
1201 5016 1306 5079 pro
1332 5000 1454 5060 Deo
1477 4999 1753 5071 habebat,
1781 5012 1838 5058 et
1860 4998 2074 5058 obser-

430 5090 602 5151 vabat
633 5105 647 5149 :
684 5096 744 5150 et
799 5086 1034 5151 volebat
1082 5091 1292 5149 eadem
1354 5087 1579 5166 facere,
1614 5106 1747 5167 qua)
1777 5089 2081 5166 Lycaones

426 5179 748 5256 aliquando
782 5179 1076 5240 faciebant
1103 5177 1390 5239 Barnabas
1426 5186 1488 5238 et
1518 5177 1700 5238 Paulo
1748 5176 1820 5248 Β,
1857 5193 2076 5256 nempe

2154 3201 2498 3280 βουλόμενος,
2554 3206 2796 3283 στραφεὶς
2866 3205 2937 3267 εἰς
3023 3205 3255 3272 ἐπήκοον
3313 3205 3484 3261 αὐτῶν
3541 3223 3642 3257 τινι
3703 3204 3808 3254 τῶν

2152 3295 2580 3373 ὑπηρετούντων,
2623 3287 2681 3351 Ὀ
2725 3296 2857 3356 παῖς
2891 3293 2918 3348 ὀ
2954 3291 3168 3370 μικρὸς,
3206 3291 3328 3370 ἔφη,
3382 3293 3408 3345 ὀ
3452 3293 3514 3346 τὸ
3558 3290 3807 3360 πόίμνιον

2155 3385 2332 3459 νέμειν
2395 3407 2486 3457 μοι
2546 3385 2858 3456 πιστευθεὶς,
2914 3379 3059 3454 ὕπνῳ
3133 3381 3400 3458 βαθυτέρῳ
3452 3379 3806 3458 κατασχεθεὶς

2153 3471 2483 3530 ἀπολωλέκει
2543 3473 2608 3528 τὰ
2664 3473 2961 3549 θρέμματα,
3049 3479 3149 3528 Τοῦ
3229 3469 3392 3526 ὕπνου
3449 3469 3504 3526 δὲ.
3593 3468 3813 3532 ἀνέντος

2155 3563 2308 3619 αῦτὸν
2375 3562 2508 3617 πάνυ
2569 3560 2766 3641 σφόδρα
2847 3562 3160 3638 ἐρευνήσας,
3215 3567 3359 3638 εὗρεν
3437 3558 3491 3613 ἐν
3564 3557 3816 3629 σπηλαίῳ

2154 3655 2252 3708 τινὶ
2315 3655 2485 3707 πάντα
2542 3651 2676 3727 ὁμοῦ
2739 3653 3078 3728 κρυπτόμενα
3116 3671 3129 3686 ·
3205 3651 3392 3728 φθάνοι
3467 3646 3522 3704 δὲ
3587 3650 3704 3724 πρὶν
3780 3647 3818 3715 ἢ

2155 3753 2319 3801 ταῦτα
2377 3743 2574 3820 εὑρεῖν,
2623 3741 2853 3819 ἄγγελον
2907 3744 2979 3805 ὡς
3047 3741 3184 3814 ἡμᾶς
3247 3737 3595 3796 ἀποστέλλων
3653 3735 3815 3804 δῆλον

2154 3833 2215 3886 τὸ
2259 3827 2450 3907 συρὸαν
2483 3841 2866 3904 ποιησόμενον,
2908 3833 3005 3887 Καὶ
3063 3830 3143 3903 ὃς,
3197 3827 3298 3895 ἤδη
3354 3827 3817 3904 παραγενόμενος,

2154 3923 2256 3997 πρὸ
2313 3920 2418 3976 τῶν
2477 3921 2658 3978 πυλῶν
2717 3921 2954 3977 ἵσταται.
3016 3919 3185 3975 Ἀλλὰ
3219 3921 3278 3973 σῦ
3304 3917 3598 3994 κατελθὼν,
3633 3921 3678 3970 ὦ
3709 3915 3803 3972 οὗ·

2153 4034 2268 4091 τος,
2327 4019 2584 4088 γνώρισον
2621 4012 2762 4084 αῦτῷ
2794 4008 2858 4077 δὴ
2886 4013 2964 4082 τῷ
3007 4007 3222 4086 ἀγγέλῳ
3253 4007 3338 4062 ὅτε
3385 4005 3599 4084 εὕρηται
3649 4005 3809 4082 ἀκρι-

2151 4098 2258 4163 ϐῶς
2316 4100 2511 4174 πάντα,
2574 4100 2662 4154 καὶ
2720 4097 2836 4157 οὖδέ
2893 4096 2947 4153 ἓν
3005 4095 3145 4153 ἐνδεῖ
3189 4104 3264 4170 τῷ
3323 4097 3577 4170 ποιμνῖῳ,
3613 4095 3815 4150 "Hamu-

2156 4212 2243 4245 σεν
2290 4191 2317 4244 ὁ
2373 4191 2652 4263 ὑπηρετῶν
2711 4194 2896 4261 ταῦτα,
2961 4188 3049 4242 καὶ
3107 4187 3350 4243 ἀπελθὼν
3409 4188 3541 4264 πρὸς
3613 4188 3813 4264 τάχος,

2153 4280 2230 4352 τῷ
2285 4280 2389 4357 πρὸ
2447 4279 2551 4334 τῶν
2600 4277 2781 4334 πυλῶν
2837 4275 3178 4355 διεσάφησεν,
3218 4278 3378 4334 Οὒπω
3408 4281 3504 4342 τῆς
3551 4281 3818 4352 τραπεζης

2982 4365 3049 4444 ἅγ
3061 4365 3210 4444 γελος
3285 4367 3560 4428 παρελθὼν
3643 4365 3821 4420 πάντα

2156 4459 2354 4532 ὁμοίως
2412 4458 2709 4534 ἀπήγγειλε
2772 4458 2869 4524 τὴν
2930 4455 3128 4534 εὕρεσιν
3191 4461 3274 4513 καὶ
3344 4459 3434 4513 τὸν
3487 4457 3674 4534 τόπον,
3729 4455 3821 4510 καὶ

2157 4546 2235 4604 ὅτι
2298 4543 2463 4622 μηδὲν
2525 4546 2756 4603 ἐλλείπω
2825 4549 2852 4599 ὀ
2911 4547 3130 4624 ἀριθμὸς
3192 4547 3286 4615 ἦν.
3370 4552 3544 4603 Ταῦτα
3614 4540 3824 4616 σδνῳδὰ

2157 4637 2464 4693 παντάπασι
2499 4641 2576 4706 τῷ
2634 4636 2770 4715 ἁγίῳ
2821 4637 3066 4713 ῥηθεντα,
3131 4635 3339 4703 πολλὴν
3397 4631 3656 4699 ἔκπληξιν
3713 4632 3820 4706 ἐμ-

2159 4725 2391 4794 ϐέϐληκε
2447 4728 2524 4802 τῷ
2569 4725 2962 4804 εἰδωλολάτρῃ,
3023 4728 3112 4783 καὶ
3182 4729 3254 4788 ὡς
3323 4731 3439 4796 Θεῴ
3504 4724 3580 4796 τῷ
3633 4720 3824 4792 δικαίῳ

2161 4820 2447 4898 προσέχων
2493 4818 2581 4893 ἦν,
2617 4818 2790 4874 καὶτὰ
2834 4821 2963 4876 αὔτα
2994 4829 3176 4873 ποιεῖν
3206 4812 3488 4890 ἧὸούλετο,
3521 4811 3555 4866 ἅ
3584 4809 3648 4878 δή
3682 4829 3818 4865 ποτε

2160 4911 2247 4964 καὶ
2304 4909 2564 4969 Λυκάονες
2625 4909 2755 4984 πρὸς
2809 4903 3079 4985 Βαρνάϐαν
3163 4907 3255 4960 καί
3318 4903 3524 4958 Παῦλον
3581 4900 3818 4972 ἐποίουν,

2159 5001 2300 5055 θύειν
2359 5000 2499 5072 αύτῷ
2579 4999 2823 5076 ταύρους,
2898 4998 2986 5052 καὶ
3061 5001 3152 5050 τοῦ
3215 4994 3458 5054 πυλῶνος
3537 4992 3823 5065 στέμματα

2164 5089 2404 5168 ἐξαρτᾷν,
2467 5080 2524 5145 Ὀ
2585 5086 2661 5160 δὲ,
2709 5086 2889 5164 ὥσπερ
2947 5085 3216 5161 uiuebat,
3276 5084 3406 5160 πρὸς
3481 5084 3658 5141 αὗτὸν.
3712 5083 3826 5139 Οὔκ

2163 5178 2270 5254 ἐγὼ
2325 5179 2480 5256 Θεὸς,
2512 5177 2691 5249 εἶπεν,
2751 5174 2887 5230 ἀλλὰ
2944 5173 3127 5238 δοῦλος
3181 5179 3312 5228 Θεοῦ
3343 5171 3573 5245 μαλλον,
3609 5170 3823 5248 ἅνθρω-

429 5269 486 5332 ei
518 5283 722 5330 tauros
748 5271 1112 5348 sacriﬁcare,
1147 5278 1204 5330 et
1235 5269 1293 5329 in
1332 5265 1620 5329 vestibulo
1653 5284 1905 5327 coronas
1935 5285 2071 5326 sus-

2162 5267 2258 5331 πδς
2319 5269 2399 5323 σοὶ
2456 5267 2809 5341 ομοιοπαθιξς,
2847 5266 2918 5322 Τὸ
2964 5261 3018 5319 δὲ
3063 5264 3239 5327 καλῶς
3297 5260 3486 5319 εἰδέναι
3522 5265 3612 5318 τὸν
3660 5262 3829 5336 μόνον

429 5359 830 5440 pendere.llle
862 5377 998 5419 vero
1032 5361 1188 5421 sicut
1218 5358 1389 5432 illi,ei
1422 5359 1608 5417 dixit:
1644 5357 1774 5418 Non
1809 5374 1916 5434 ego
1947 5374 2071 5417 sum

2166 5358 2295 5412 Θεὸν
2343 5376 2494 5411 τουτο
2547 5378 2639 5428 μοι
2718 5356 2804 5410 καὶ
2888 5356 2949 5410 τὸ
3034 5353 3198 5410 ταῦτα
3269 5351 3458 5408 εἰδέναι
3522 5351 3830 5431 χαρίζεται.

424 5448 610 5526 Deus,
643 5449 750 5512 sed
774 5468 985 5512 servus
1006 5447 1118 5512 Dei
1141 5449 1357 5531 potius,
1390 5449 1567 5511 homo
1588 5446 1693 5528 qui
1724 5465 1856 5509 sum
1889 5449 2071 5510 obno-

2166 5444 2264 5505 ’Ὃν
2318 5447 2362 5503 εἰ
2420 5448 2506 5502 καὶ
2563 5447 2624 5502 σὺ
2679 5444 2957 5513 Δεσπότην
3015 5441 3407 5525 ὁμολογήσεις,
3447 5442 3574 5521 εἴσῃ
3604 5443 3836 5500 πάντω)

510 5644 564 5702 ti
597 5643 734 5709 Act.
763 5661 820 5724 ν,
855 5645 884 5708 1
923 5661 1091 5726 seqq.
1177 5641 1238 5695 *3
1263 5643 1399 5708 Act.
1432 5658 1548 5708 xw.
