4132 6400
294 347 413 424 457
572 345 577 346 ί
1575 345 1764 418 VITA
1805 350 1868 415 S.
1931 347 2318 418 SPYRIDON
2325 352 2415 416 IS.
3575 349 3697 419 458

291 489 558 570 ἀκριϐεία,
607 490 730 548 οἷον
787 488 856 557 δὴ
921 479 1046 568 παρ’
1109 489 1292 562 ἐκείνῳ
1347 488 1538 566 κράτος
1598 488 1816 568 ἄμαχον
1867 511 1929 546 κα

2037 487 2169 550 xius
2217 486 2470 560 eisdem,
2503 483 2720 567 quibus
2771 491 2857 566 tu,
2887 483 3332 548 affectionibus.
3358 484 3436 548 Ut
3490 494 3689 549 autem

289 581 476 663 ἰσχύς.
535 582 632 638 Καὶ
680 582 708 636 ὁ
777 574 878 654 μὶν
934 577 1083 643 ὅσιος
1137 584 1327 635 ταῦτα’
1386 579 1422 645 ἡ
1485 575 1538 634 δὲ
1608 576 1928 658 φιλόχριστο

2039 585 2204 640 recte
2226 575 2436 651 sciam,
2466 573 2714 652 largitur
2740 575 2813 651 is,
2845 593 3022 656 quem
3053 575 3108 638 si
3141 583 3200 637 tu
3225 594 3463 657 quoque
3495 577 3690 639 Domi-

291 671 461 729 πλέον
519 670 556 738 ἢ
595 667 876 748 φ·λανδρος
925 667 1020 724 τοῦ
1061 665 1355 747 παραδόξου
1403 665 1588 726 τούτου
1641 667 1926 746 πράγματα

2041 685 2182 729 num
2215 665 2400 728 fueris
2414 664 3032 740 confessus,accurate
3061 665 3304 728 omnino
3324 667 3690 746 scies,quam

289 761 392 820 οἶα
462 759 650 839 καιροῦ
733 759 1103 838 προσήγοντος
1163 754 1460 833 λαϐομένη,
1522 758 1609 813 καὶ
1683 757 1749 815 τὰ
1831 781 1929 836 παρ

2040 756 2116 818 sit
2154 755 2312 836 apud
2345 755 2513 817 illum
2544 753 3020 833 inexpugnabilis
3067 755 3332 836 potentia
3367 762 3428 818 et
3455 762 3691 837 quantm

301 852 500 917 ἑαυτῆς
557 847 825 928 ἁρμοδίως
883 853 1328 928 προσενεγκοῦσα,
1389 847 1554 903 πείθει
1623 847 1716 902 τὸν
1772 845 1929 927 ἄνδρα

2039 846 2221 908 vires.
2253 843 2360 907 llla
2391 862 2528 907 vero
2578 841 2799 908 Christi
2831 843 3016 924 magis
3056 862 3285 919 amans,
3319 864 3498 923 quam
3549 845 3685 922 viri,

288 947 470 998 πᾶσαν
555 938 654 1016 μιν
721 937 825 1006 τὴν
896 938 1128 1012 ματαίαν
1190 933 1538 1012 ἐξομόσασθαι
1595 936 1826 1018 πλάνην,
1871 959 1929 993 κα

2040 937 2150 997 hac
2194 953 2262 997 re
2292 943 2572 1014 tanquam
2630 941 2966 1015 opportuna
2991 935 3189 1016 aliqua
3245 947 3480 1016 arrepta
3507 953 3688 999 occa-

294 1032 354 1087 τὸ
413 1029 534 1109 περὶ
588 1029 656 1085 τὰ
711 1025 914 1084 εἴδωλα
959 1024 1116 1092 σέϐας
1161 1025 1565 1104 ἔχμυκτηρίσαι,
1627 1029 1927 1101 μεταμαθεῖ

2037 1025 2230 1101 sione,
2265 1043 2335 1086 ex
2357 1042 2423 1085 se
2452 1041 2690 1105 quoque
2719 1041 2790 1086 ea
2812 1024 3094 1100 efferens,
3126 1043 3259 1106 quae
3289 1025 3346 1087 ei
3371 1026 3691 1088 convenie-

286 1119 344 1176 δὲ
422 1118 604 1184 καλῶς
662 1119 761 1187 τὴν
820 1115 1110 1192 εὐσέϐειαν,
1157 1120 1246 1175 καὶ
1310 1118 1399 1173 τὸν
1463 1119 1684 1195 Κριστὸν
1732 1116 1929 1174 ἔνδύσαε

2035 1113 2205 1191 haut,
2237 1114 2449 1175 marito
2474 1112 2817 1194 persuadet,
2843 1122 2906 1174 ut
2936 1133 3179 1177 omnem
3206 1115 3447 1196 quidem
3470 1132 3686 1178 vanum

287 1213 407 1267 σθαι
437 1207 522 1266 διὰ
551 1215 646 1267 τοῦ
674 1208 1070 1286 βαπτίσματος.

2033 1203 2265 1284 abjuret
2325 1219 2618 1279 errorem,
2655 1211 2712 1263 et
2761 1202 2984 1266 cultum
3039 1204 3287 1267 irrideat
3326 1204 3684 1268 simulacro-

2025 1311 2158 1356 rum
2185 1313 2198 1356 :
2231 1300 2395 1355 recte
2425 1299 2627 1354 autem
2660 1291 2849 1354 discat
2877 1311 3076 1356 veram
3109 1295 3495 1375 pietatem,et
3515 1295 3687 1358 Chri-

2028 1392 2183 1446 stum
2217 1381 2424 1444 induat
2455 1399 2562 1462 per
2590 1381 2976 1463 baptismum.

368 1477 501 1538 AI".
555 1480 614 1536 Εἰ
671 1481 733 1534 το
778 1475 898 1544 ἑξῆς
957 1474 1203 1554 διήγημα
1259 1483 1440 1545 σιωπῆ
1500 1475 1793 1554 κρύψομεν,
1827 1477 1929 1533 πῶς

2104 1471 2366 1536 XXXIII.
2401 1470 2463 1534 Si
2495 1489 2650 1553 eam,
2677 1490 2808 1554 quae
2837 1472 3128 1555 deinceps
3149 1481 3442 1555 sequitur,
3478 1493 3683 1538 narra.

286 1571 412 1648 οὒχὶ
480 1569 600 1634 τοὺς
642 1567 908 1647 αιιροατὰς
965 1565 1223 1643 μεγίστης
1278 1564 1340 1622 ἂν
1399 1565 1658 1644 ὠφελείας
1707 1563 1929 1621 ἀποστε-

2029 1561 2253 1624 tionem
2289 1562 2530 1625 silentio
2564 1561 2911 1638 texerimus,
2945 1564 3245 1644 quomodo
3277 1583 3396 1627 non
3435 1565 3686 1646 privabi-

289 1661 544 1737 ρήσομεν,
583 1656 818 1734 μάλιστα
875 1656 1012 1730 μετὰ
1067 1665 1162 1715 τοῦ
1217 1653 1486 1734 ὠφελίμου
1543 1656 1630 1711 καὶ
1689 1653 1828 1711 πολὺ
1883 1654 1929 1709 τί

2030 1670 2162 1714 mus
2211 1652 2516 1714 auditores
2552 1651 2810 1714 maxima
2839 1653 3116 1730 utilitate,
3153 1673 3286 1716 cum
3337 1654 3515 1716 simul
3546 1673 3685 1717 cum

295 1750 481 1828 χάριεν
567 1745 1048 1825 συνεπαγομᾶνου;
1151 1744 1398 1823 Λεγέσθω
1500 1754 1774 1823 τοιγαροῦν
1858 1755 1929 1799 κα

2029 1741 2186 1816 utili,
2239 1741 2493 1803 multum
2545 1741 2726 1803 etiam
2785 1741 3025 1805 inducat
3079 1743 3532 1823 jucunditatis?
3578 1743 3686 1806 Di-

301 1837 451 1916 αύτὶ),
481 1838 569 1894 καὶ
617 1837 778 1899 ἀιοὰς
835 1834 1064 1892 ἓστιάτω
1120 1835 1215 1899 τὰς
1259 1833 1604 1914 φιλοκάλους.
1656 1834 1793 1890 Φασὶ
1855 1834 1929 1888 τὸ·

2031 1841 2198 1894 catur
2228 1850 2374 1910 ergo
2409 1833 2534 1894 haec
2566 1849 2830 1913 quoque.
2854 1831 3076 1894 Ferunt
3099 1853 3378 1914 magnum
3409 1833 3680 1916 Spirido-

303 1947 479 2004 μεγαν
533 1927 666 1984 κατὰ
729 1923 863 1982 πολὺ
917 1927 981 1981 τὸ
1037 1924 1249 2003 μέτριον
1306 1924 1402 1982 καὶ
1456 1926 1616 2002 τύφου
1679 1926 1929 1998 κεκαθαρ-

2031 1939 2190 1996 nem,
2230 1928 2401 2000 prout
2446 1927 2574 1982 erat
2604 1919 3084 1983 modestissimus
3113 1931 3171 1984 et
3226 1927 3302 1985 ali
3335 1923 3498 1985 omni
3526 1925 3682 1989 fastu

301 2016 489 2094 μένον,
547 2013 795 2096 θεοφιλῶς
855 2013 954 2090 μὲν
1009 2018 1109 2082 τῆς
1167 2013 1465 2082 ἐπισκοπῆς
1526 2013 1766 2093 ἔχεσθαι,
1801 2011 1929 2069 οὐδὲε

2031 2018 2090 2072 et
2138 2009 2422 2091 superbia
2469 2010 2725 2084 alienus,
2767 2009 3050 2090 praeclare
3101 2011 3344 2092 quidem
3390 2021 3448 2074 et
3501 2031 3682 2077 sance

296 2103 351 2162 δὲ
408 2105 594 2180 ἧττον,
628 2104 721 2161 κεί
763 2107 868 2161 τῶν
909 2103 1228 2183 θρεμμάτων
1288 2103 1722 2180 μεταποιεῖσθαι.
1785 2100 1929 2180 Ἀωρ

2029 2099 2438 2181 episcopatum
2486 2117 2660 2161 suum
2710 2099 3186 2176 administrasse,
3242 2102 3430 2163 nihilo
3485 2105 3683 2167 secius

292 2199 419 2273 γοῦν
498 2215 630 2250 ποτε
701 2199 806 2251 τῶν
879 2193 1081 2252 νυκτῶν
1161 2191 1408 2266 κλέπται,
1467 2205 1591 2255 ταῖς
1665 2190 1929 2248 ὶπαύλεσιη

2027 2198 2224 2252 autem
2257 2189 2454 2251 ovium
2485 2206 2723 2269 quoque
2753 2207 2959 2250 curam
2989 2189 3271 2267 gessisse.
3319 2190 3686 2274 Intempesta

273 2281 615 2360 ἰπελθύντες,
702 2282 820 2342 τινὰ
895 2283 1003 2340 τῶν
1081 2286 1236 2341 αὐτοῦ
1319 2281 1636 2361 θρεμμάτων
1715 2279 1929 2342 ἐσύλων,

2024 2297 2162 2341 vere
2211 2287 2389 2341 nocte
2420 2278 2716 2341 stabulum
2767 2277 2956 2340 adorti
2987 2279 3269 2358 latrones,
3303 2282 3682 2346 suﬂ‘uraban-

279 2373 411 2439 Θεὸς
459 2372 514 2428 δὲ
563 2375 592 2430 ὁ
641 2379 734 2430 τοῦ
788 2371 1040 2449 ποιμένος
1097 2371 1486 2448 ἐπιμελόμενος
1534 2369 1649 2428 οὐδὲ
1698 2376 1804 2426 τῶν
1851 2371 1929 2426 bis

2027 2371 2124 2430 tur
2153 2370 2438 2449 quasdam
2472 2387 2543 2430 ex
2576 2368 2708 2447 ejus
2749 2367 3100 2448 pecudibus.
3137 2372 3296 2432 Deus
3326 2381 3548 2448 autem,
3581 2371 3685 2456 qui

283 2464 432 2537 αύτῷ
487 2463 918 2538 ποιμαινομένων
961 2461 1175 2537 ἠμέλει,
1237 2461 1386 2519 Ἀλλ’
1446 2465 1494 2518 o't
1543 2468 1714 2540 φῶρες
1770 2463 1929 2535 οὗτοι,

2023 2477 2226 2521 curam
2259 2458 2504 2537 gerebat
2538 2458 2812 2538 pastoris,
2839 2476 2916 2518 ne
2955 2477 3093 2520 oves
3121 2459 3364 2540 quidem
3396 2480 3543 2543 quas
3573 2482 3680 2544 pa-

281 2550 504 2625 δεσμοῖς
560 2553 813 2632 ἀφύκτοις
868 2552 1105 2631 ἀοράτως
1158 2550 1602 2632 περιληφθέντας,
1663 2551 1756 2616 τὰς
1803 2563 1929 2629 χεῖ-

2028 2549 2256 2624 scebat,
2282 2549 2564 2628 neglexit.
2601 2545 2905 2609 Sed‘fures
2939 2547 3038 2610 isti
3065 2548 3683 2634 inevitabilibus,qure

277 2663 374 2710 ρας
432 2639 692 2704 ἐδέδεντο.
784 2641 882 2699 Καὶ
954 2642 1260 2720 ἀναχωρεῖν
1333 2639 1444 2698 οὐδ’
1511 2639 1650 2704 ὅλως
1711 2639 1929 2700 ἂνίεντο.

2022 2639 2132 2701 sub
2153 2650 2458 2721 aspectum
2476 2653 2599 2700 non
2615 2637 2932 2720 cadebant,
2959 2639 3213 2702 vinculis
3234 2645 3678 2723 comprehensi,

275 2729 505 2811 "090904;
554 2728 660 2799 ἤδη
707 2733 906 2810 παρῆν,
939 2731 1028 2787 καὶ
1081 2729 1237 2808 γνοὺς
1286 2731 1314 2786 ὁ
1365 2729 1531 2809 μέγας
1582 2732 1644 2787 τὸ
1691 2731 1929 2808 γεγονὸς,

2024 2741 2084 2790 et
2114 2730 2328 2792 vinctis
2356 2737 2525 2791 erant
2559 2727 2857 2806 manibus,
2893 2737 2952 2791 et
2982 2747 3100 2791 non
3132 2739 3405 2811 poterant
3435 2736 3681 2797 omnino

273 2822 368 2885 τὰς
427 2833 628 2900 χεῖρας
686 2822 880 2904 αὐτοὺς
934 2818 1163 2900 ἔχοντας
1212 2820 1382 2877 ὀπίσω
1426 2817 1790 2898 περιηγμέναις
1850 2820 1929 2875 καῖ

2021 2820 2333 2882 recedere.
2353 2817 2484 2882 Jam
2509 2836 2684 2880 mane
2707 2819 2936 2900 aderat,
2957 2828 3166 2881 etcum
3181 2839 3428 2901 magnus
3448 2842 3681 2905 cognoe

280 2908 560 2986 δεδεμένας
621 2908 768 2984 ἰδὼν,
806 2913 946 2990 εύχῇ
1004 2909 1102 2985 μὲν
1155 2909 1341 2974 αὐτοῖς
1371 2910 1460 2965 τὸν
1509 2907 1701 2985 δεσμὸν
1744 2907 1929 2982 ἀνῆκε,

2019 2913 2200 2972 visset
2248 2907 2561 2990 Spiridon,
2595 2908 2755 2988 quod
2808 2907 3024 2970 factum
3085 2909 3300 2986 fuerat,
3333 2913 3544 2975 videns
3594 2915 3681 2976 eis

283 2997 514 3057 πλεῖστα
567 2999 623 3057 δῖ
655 3000 1005 3080 παραινέσας,
1039 2998 1099 3055 ἐκ
1147 2997 1362 3056 διλαίών
1417 3000 1594 3056 πόνων
1647 2999 1712 3056 τὰ
1762 2998 1929 3084 ἀναγ-

2021 3017 2233 3061 manus
2267 3017 2420 3079 pone
2450 2997 2738 3059 adductas
2768 3007 2828 3060 et
2849 2999 3099 3077 vinctas,
3125 2999 3404 3081 precibus
3433 3003 3677 3082 quidem

278 3103 414 3147 καῖα
490 3091 818 3170 πορίζεσθαι,
875 3092 962 3147 καὶ
1025 3091 1172 3168 κριὸν
1250 3091 1436 3153 αὐτοῖς
1496 3088 1764 3168 ἐπορέγει,
1853 3097 1929 3144 ινα

2021 3088 2109 3150 eis
2137 3088 2421 3151 relaxavit
2447 3086 2746 3153 vinculum
2776 3109 2790 3147 :
2824 3106 2958 3150 cum
2995 3089 3319 3168 plurimum
3354 3099 3548 3154 autem
3573 3111 3678 3156 eos

275 3182 355 3257 μὴ
410 3181 592 3257 μάτην
661 3179 1065 3258 ἧγρυπνηκύτες
1131 3179 1254 3255 ἦτε,
1319 3179 1615 3260 χαριέντως
1683 3178 1929 3258 ἐπιφθεγ-

2021 3175 2455 3251 admonuisset,
2485 3186 2550 3238 ut
2578 3176 2844 3255 exjustis
2874 3175 3178 3240 laboribus
3203 3189 3507 3259 pararent,
3542 3201 3679 3260 quae

270 3270 521 3346 ξάμενος.
581 3269 730 3336 Πλὴν
761 3267 900 3326 ἀλλά
945 3273 1033 3326 καί
1084 3267 1216 3326 ἄλλο
1266 3275 1343 3343 τῷ
1385 3267 1592 3346 ῥηθέντι
1624 3266 1934 3324 ἀκολουθεῖν

274 3361 550 3440 ὥρμηται,
618 3359 746 3434 παρ’
800 3357 947 3417 οὐδὲν
1010 3359 1213 3416 ἰεκείνου
1267 3358 1370 3419 τὴν
1426 3355 1620 3426 ἡδονὴν
1677 3357 1934 3414 ἐλαττού-

277 3472 457 3528 μενον.

368 3629 494 3691 ΛΔ’.
529 3631 922 3707 Τοιμιθούντιύς
966 3653 1046 3697 τις
1096 3630 1253 3709 ἀνὴρ,
1301 3631 1430 3698 νηὸς
1482 3631 1659 3709 κύριος
1705 3629 1801 3704 ὢν,
1849 3636 1936 3691 καὶ

290 3717 422 3792 πρός
490 3719 740 3800 ἐμπορίαν
815 3729 1020 3801 χρυσοῦ
1077 3719 1302 3796 δεηθεὶς,
1370 3720 1610 3799 πρόσεισι
1669 3723 1746 3792 τῷ
1802 3719 1938 3796 ἁγίῳ

282 3807 418 3887 παρ’
473 3812 626 3868 αὐτοῦ
659 3809 994 3888 ληψόμενος,
1033 3811 1132 3869 Καὶ
1178 3810 1260 3890 ὃς,
1299 3811 1435 3886 μετὰ
1483 3811 1589 3865 τῶν
1621 3807 1800 3864 ἄλλων
1847 3806 1934 3863 καὶ

281 3897 484 3966 ταύτης
536 3897 842 3979 πληρωτὴς,
877 3901 952 3959 ὢν
1002 3905 1100 3968 τῆς
1146 3899 1390 3973 ἐντολῆς,
1425 3900 1460 3968 ἢ
1509 3920 1539 3957 α
1572 3900 1673 3957 Τὸν
1713 3896 1933 3955 θέλοντα

274 3989 418 4068 παρὰ
473 3997 568 4046 σού
636 3988 990 4066 δανείσασθαι,
1047 3991 1262 4070 φάσκει,
1332 3989 1411 4066 μὴ
1472 3989 1845 4069 ἀποστραφῇς,
1903 4009 1924 4044 s

273 4077 406 4158 ὅπερ
479 4080 624 4152 αὖτῷ
692 4080 893 4158 προσῆν
978 4077 1181 4158 ὀλίγον,
1253 4082 1340 4136 καὶ
1418 4080 1572 4136 τοῦτο
1641 4077 1932 4156 ἀναγκαίας

270 4167 444 4248 χάριν
476 4173 576 4237 τῆς
607 4168 906 4238 ἐπισκοπῆς
957 4171 1168 4249 χρείας,
1203 4169 1485 4249 ἐγχειρίζει
1529 4167 1834 4247 προθύμως.
1874 4158 1931 4225 Ὀ

270 4257 350 4330 δὲ,
385 4269 544 4318 τοῦτο
602 4256 804 4332 λαϐὼν,
861 4259 959 4316 καῖ
1012 4261 1105 4316 τὸν
1151 4258 1426 4318 ἀπόπλουν
1480 4257 1664 4324 δεξιῶς
1695 4257 1930 4333 θέμενος,

272 4347 391 4404 ἐπεὶ
439 4347 681 4416 ἐπανῆκε
732 4349 824 4407 σὺν
881 4348 1076 4429 κέρδει,
1118 4355 1364 4429 πρόσεισι
1421 4353 1498 4422 τῷ
1561 4348 1694 4426 ἁγίῳ
1761 4369 1932 4404 κατα-

265 4435 448 4505 θήσων
499 4439 562 4494 τὸ
622 4435 864 4517 ὄφλημα,
927 4440 1015 4496 καὶ
1075 4441 1228 4504 αὐτὸς
1291 4435 1438 4496 οὐδὲν
1507 4438 1934 4517 περιεργασάμε-

266 4548 388 4608 νος,
419 4525 540 4584 οῧτε
601 4529 694 4584 τὸν
724 4529 967 4608 ἀριθμὸν,
1001 4527 1182 4608 ὥσπερ
1225 4527 1364 4608 ἔθος,
1409 4540 1528 4592 τοῖς
1557 4526 1786 4592 πολλοῖς
1835 4527 1933 4585 λο-

267 4618 586 4694 γισάμενος,
644 4619 802 4675 αὐτὸν
884 4618 1094 4677 ἐκεῖνον
1177 4618 1476 4676 ἀναστάντα
1559 4615 1786 4698 κελεύει,
1873 4617 1927 4674 ἐν

266 4707 458 4782 ὲκείνῳ
514 4706 830 4765 καταθέσθαι
878 4713 956 4782 τῷ
997 4709 1196 4784 σκεύει,
1231 4706 1282 4774 ἐξ
1327 4707 1385 4765 οὗ
1440 4706 1506 4776 δὴ
1551 4709 1640 4765 καὶ
1682 4708 1743 4764 τὸ
1787 4707 1927 4785 πρύ-

270 4817 423 4876 τερον
483 4799 612 4857 αὐτὸ
667 4797 899 4878 εἰληφὼς
943 4798 1032 4868 ἦν.
1089 4801 1189 4858 Καὶ
1228 4799 1350 4855 τότε
1409 4797 1509 4874 μὲν
1565 4798 1628 4856 τὰ
1684 4800 1926 4879 χρηστὸν

273 4889 372 4942 τοῦ
436 4885 714 4948 δανειστοῦ
770 4890 865 4946 καὶ
937 4889 1220 4970 ἄπραγμον
1281 4891 1307 4946 ὃ
1365 4886 1596 4966 ἔμπορος
1653 4887 1925 4962 αἰδεσθεὶς,

275 4977 404 5043 ἠχεῖ
457 4979 548 5035 τὸν
611 4980 842 5058 χρυσὸν,
902 4979 1082 5059 ὥσπερ
1137 4979 1239 5058 ἄρα
1293 4983 1390 5036 καὶ
1449 4976 1756 5056 ἐκελεύσθη,
1791 5000 1928 5035 κατ-

273 5064 442 5128 έθετο.
493 5070 568 5132 ὡς
625 5069 682 5125 δὲ
736 5071 826 5126 καὶ
883 5069 1028 5134 αὖθις
1083 5069 1178 5139 τῆς
1238 5070 1424 5150 χρείας
1485 5069 1644 5126 αύτὸν
1687 5067 1928 5146 ἐπειγού-

265 5177 392 5237 σης,
426 5155 565 5214 οὕτω
614 5158 716 5235 μὲν
768 5158 994 5236 ἑτοίμως
1043 5155 1365 5234 ἐλάμϐανεν,
1397 5158 1536 5216 οὕτω
1563 5155 1618 5214 δὲ
1660 5160 1749 5215 καὶ
1796 5157 1926 5213 ἀδό-

265 5245 376 5312 λως
415 5248 569 5313 αὐτὸς
628 5248 952 5329 κατετίθετο,
1005 5250 1092 5306 ιιαὶ
1147 5250 1240 5306 τὸν
1297 5252 1496 5329 τρόπον
1549 5255 1736 5307 τοῦτον
1787 5247 1926 5305 πολ-

265 5337 422 5402 λάκις
505 5338 737 5420 ὶγίνετο,
808 5339 973 5403 πάθος
1055 5338 1342 5420 ὑποτρέχει
1426 5339 1767 5420 φιλαργυρίας
1837 5340 1927 5404 τὸν

266 5426 526 5510 ἔμπορον,
595 5431 686 5485 καὶ
767 5428 1006 5493 ἀπίστως
1075 5430 1207 5510 πρὸς
1291 5430 1383 5488 τὸν
1454 5427 1769 5489 πιστευόντα
1840 5431 1928 5486 καὶ

259 5526 514 5600 πονηρῶς
585 5517 894 5603 διατίθεται,
960 5522 1049 5579 καὶ
1122 5520 1223 5588 τὴν
1291 5520 1544 5592 ἀλήθειαν
1615 5519 1923 5604 διαφθείρει,

349 5684 408 5734 1³
437 5683 651 5748 Matth.
686 5699 746 5758 v,
777 5683 884 5744 ΑΩ.

603 5792 868 5855 Parnm...
913 5793 1029 5857 Gn.
1075 5793 1284 5858 CXVI.

1955 3241 2188 3329 ceram
2241 3266 2358 3328 sibi
2388 3241 2752 3340 necessaria,
2787 3267 2872 3328 eis
2915 3268 3094 3328 etiam
3130 3241 3356 3348 praebet
3400 3241 3677 3365 arietem,

2020 3357 2220 3438 lepide
2249 3357 2554 3419 elocutus:
2589 3355 2676 3419 Ne
2701 3357 2915 3419 frustra
2943 3358 3343 3436 vigilaveritis.
3379 3355 3674 3426 Craterum

2018 3447 2180 3509 aliud
2223 3465 2462 3528 quoque
2511 3464 2578 3509 se
2627 3448 2824 3528 offert,
2886 3449 3090 3510 volens
3147 3452 3318 3532 sequi
3372 3452 3454 3530 id,
3513 3455 3672 3535 quod

2020 3537 2248 3600 dictum
2284 3547 2397 3615 est,
2433 3538 2592 3618 quod
2626 3537 2710 3598 illi
2747 3537 2893 3598 nihil
2924 3537 3086 3600 cedit
3107 3541 3506 3619 jucunditate.

2098 3624 2355 3689 XXXIV.
2383 3629 2486 3688 Vir
2515 3627 2755 3707 quidam
2788 3625 3372 3708 Trimmythuntinus
3397 3645 3525 3696 erat
3558 3652 3674 3698 na-

2017 3715 2106 3778 vis
2124 3717 2428 3798 dominus,
2457 3724 2516 3778 et
2543 3735 2678 3778 cum
2703 3735 2851 3779 auro
2873 3736 3023 3799 opus
3054 3718 3301 3782 haberet
3326 3722 3400 3784 ad
3435 3741 3672 3787 merca-

2019 3806 2476 3881 turam,accedit
2505 3806 2576 3867 ad
2613 3812 2914 3882 sanctum,
2947 3807 3022 3869 ab
3056 3825 3126 3870 eo
3157 3819 3532 3891 accepturus.
3565 3813 3674 3877 Ille

2015 3905 2212 3958 autem
2234 3897 2412 3975 hujus
2435 3913 2675 3976 quoque
2691 3897 3118 3977 praecepticum
3135 3899 3266 3961 aliis
3289 3903 3668 3984 adimpletor,

2017 3986 2175 4066 quod
2198 3985 2362 4048 dicit:
2397 3984 2714 4066 «Eum,qui
2736 4003 2770 4047 a
2789 3995 2845 4047 te
2859 3987 3110 4049 voluerit
3135 4002 3340 4053 mutui.
3365 3993 3668 4075 accipere,

2016 4095 2093 4138 ne
2123 4076 2414 4138 averseris
2446 4076 2527 4152 15,
2571 4097 2593 4134 ι
2631 4077 2689 4136 id
2725 4094 2975 4156 paucum
3009 4079 3166 4156 quod
3220 4080 3454 4164 habeat,
3489 4084 3674 4164 idque

2017 4174 2288 4246 paratum
2343 4173 2587 4247 propter
2616 4167 3022 4256 necessarium
3055 4186 3228 4229 usum
3269 4172 3667 4256 episcopatus,

2018 4257 2074 4319 ei
2108 4257 2362 4348 tradidit
2420 4263 2694 4337 prompto
2749 4263 2808 4318 et
2836 4255 3016 4348 alacri
3063 4258 3301 4348 animo.
3347 4259 3454 4323 Ille
3501 4281 3667 4348 vero,

2018 4345 2122 4423 qui
2172 4346 2230 4407 id
2263 4354 2598 4426 acceperat,
2633 4363 2764 4408 cum
2813 4346 2869 4407 ei
2902 4345 3088 4408 fausta
3144 4354 3202 4409 et
3230 4347 3367 4411 felix
3420 4345 3667 4416 succes-l

2018 4436 2194 4498 sisset
2251 4436 2564 4515 navigatio,
2618 4442 2679 4496 et
2733 4453 2870 4497 cum
2925 4435 3097 4499 lucro
3151 4447 3309 4500 esset
3365 4457 3661 4522 reversus,

1955 4580 2002 4634 Β
2018 4526 2254 4590 accedit
2274 4526 2346 4628 ad
2378 4533 2676 4608 sanctum,
2701 4526 2969 4588 debitum
2991 4528 3310 4634 soluturus.
3335 4531 3440 4594 llle
3465 4543 3665 4598 autem

2018 4636 2136 4708 non
2187 4617 2426 4708 curiose
2475 4624 2795 4694 scrutatus,
2831 4635 2943 4680 nec
3001 4618 3201 4680 multis
3253 4623 3663 4708 ratiocinatus,

2001 4705 2178 4787 jubet
2205 4706 2374 4770 illum
2408 4707 2606 4788 ipsum
2659 4708 2767 4788 qui
2803 4708 3099 4785 attulerat,
3133 4726 3428 4791 reponere
3456 4716 3520 4778 in
3567 4705 3666 4780 illo

2010 4797 2142 4880 ipso
2164 4815 2325 4873 vase,
2341 4815 2415 4860 ex
2439 4796 2597 4878 quod
2626 4795 2686 4858 id
2712 4797 2880 4878 prius
2902 4809 3260 4880 sumpserat.
3277 4801 3349 4864 Et
3366 4809 3508 4868 tunc
3527 4807 3666 4887 qui—

2011 4890 2150 4951 dem
2181 4889 2312 4968 ejus
2342 4888 2449 4966 qui
2498 4893 2704 4949 mutuo
2734 4887 3002 4964 dederat,
3038 4891 3332 4955 reveritus
3375 4905 3671 4960 mercator

2011 4977 2362 5059 bonitatem,
2383 4987 2444 5040 et
2473 4995 2509 5040 o
2539 4977 2914 5056 negotiorum
2947 4978 3349 5045 sollicitudine
3377 4992 3669 5050 remotio-

2012 5087 2178 5148 nem,
2229 5068 2350 5131 illic
2399 5085 2610 5130 aurum
2663 5067 2963 5148 deposuit,
2996 5067 3151 5131 sicut
3195 5072 3399 5152 jussus
3451 5076 3675 5158 fuerat.

2010 5162 2164 5222 Cum
2191 5166 2390 5221 autem
2426 5175 2538 5219 usu
2570 5175 2701 5219 eam
2732 5175 2942 5220 rursus
2985 5171 3255 5239 urgente,
3291 5164 3379 5226 sic
3423 5168 3665 5247 quidem

2014 5257 2288 5331 prompte
2335 5248 2658 5329 acciperet,
2694 5256 2754 5313 et
2801 5249 2888 5310 ic
2919 5249 3050 5330 ipse
3099 5267 3308 5315 rursus
3337 5256 3470 5319 sine
3529 5259 3666 5322 dolo

2009 5348 2356 5421 reponeret,
2391 5347 2450 5402 et
2498 5339 2610 5400 hoc
2641 5356 2800 5420 saepe
2843 5339 3035 5422 ﬁeret,
3069 5340 3227 5404 subit
3271 5356 3667 5412 mercatorem

2011 5429 2222 5493 vitium
2253 5429 2534 5505 avaritia),
2569 5427 3016 5511 infideliterque
3048 5439 3106 5494 et
3137 5433 3393 5516 maligne
3421 5455 3486 5500 se
3516 5440 3672 5519 gerit

2011 5521 2073 5584 in
2103 5539 2265 5599 eum,
2289 5521 2396 5600 qui
2427 5519 2731 5596 credebat,
2752 5527 2812 5582 et
2843 5521 3019 5585 violat
3047 5524 3361 5590 veritatem
3391 5547 3408 5589 :
3442 5536 3502 5590 et
3529 5545 3666 5592 cum

3200 5804 3269 5864 15
