4132 6400
440 339 559 410 459
1762 343 1815 408 Μ
1827 335 2047 409 ENSlS
2098 343 2123 406 Ι

2209 329 2528 406 BEMBER.
3547 335 3552 344 ’
3727 331 3850 401 460

437 479 718 542 maleficii
783 480 1088 543 materiam
1148 477 1474 542 invenisset
1537 477 1906 554 libertatem,
1945 479 2112 559 fingit

2209 479 2442 536 Βπόθεσέν
2516 498 2571 533 τε
2663 477 2978 555 κακουργίας
3056 474 3293 554 ενέρηκὼς
3366 473 3463 540 τὴν
3533 471 3850 546 ἐλευθερίαν,

443 569 689 652 quidem
724 587 790 633 se
820 587 1140 650 reponere.
1179 569 1326 633 Cum
1361 587 1499 631 vero
1533 567 1682 630 nihil
1715 569 2104 648 reposuisset,

2209 568 2508 626 ιαταθὲσθαι
2599 566 2696 641 μέν
2771 566 3127 644 ὑποκρίνεται,
3211 560 3378 639 μηδὲν
3462 560 3518 618 δί
3586 561 3853 652 καταθεὶς,

444 651 549 721 sed
578 676 680 720 vas
709 677 958 721 vacuam
993 659 1329 732 clausisset,
1363 657 1640 720 recessit.
1690 656 1804 719 Sed
1839 667 2108 718 sanctum

2209 659 2334 716 ἱλλά
2372 660 2526 716 κενὸν
2568 658 2630 714 τὸ
2699 665 2885 721 σκεῦος
2944 655 3374 736 ἀσφαλισάμενος
3429 654 3635 735 ᾤχετο.
3705 651 3858 710 Ἀλλ’

443 767 564 812 non
591 748 678 810 sic
702 749 975 830 permisit
994 747 1210 828 decipi,
1226 745 1372 827 (qui
1393 747 1849 828 comprehendit
1868 747 2112 829 sapien-

2209 754 2303 829 ῡύχ
2359 748 2525 812 οὕτως
2582 747 2670 819 ἒᾷν
2715 745 2908 823 ἔμελλε
2959 746 3419 825 παρακρουσθῆναι
3474 746 3566 801 τὸν
3622 743 3774 821 ἅγιον
3833 744 3863 798 ὁ

447 847 536 901 tes
569 839 628 899 in
663 838 885 900 malitia
915 855 1187 912 eorum,»
1227 845 1288 898 ut
1313 854 1482 898 sacra
1512 835 1718 898 dicunt
1744 835 2068 918 Eloquiau
2095 855 2109 897 :

444 936 504 990 et
533 945 608 989 ο
631 925 985 1007 simplicitas
1009 933 1071 989 et
1093 925 1426 988 liberalitas
1448 924 1621 988 facile
1654 937 1857 1006 posset
1888 925 2110 1007 decipi,

443 1024 501 1078 et
520 1015 697 1077 facile
721 1015 1160 1096 despiceretur,
1185 1025 1244 1078 et
1275 1017 1650 1096 contemptui
1683 1015 2007 1078 haberetur
2036 1015 2109 1077 ab

445 1103 858 1181 astutioribus,
885 1104 1022 1167 vide
1051 1104 1557 1186 quemadmodum
1591 1104 1831 1186 sapiens
1861 1114 1921 1167 et
1942 1106 2112 1184 juxta

443 1193 550 1257 Dei
583 1193 963 1275 providentia
996 1212 1130 1256 eum
1165 1195 1266 1275 qui
1299 1194 1581 1274 injuriam
1613 1193 1812 1257 facere
1845 1207 1974 1258 erat
2004 1213 2111 1273 ag-

445 1292 777 1362 gressus,ut
797 1281 913 1344 sibi
937 1283 1135 1364 potius
1160 1282 1524 1356 malefaciat,
1551 1283 1761 1347 efficit.
1799 1283 1948 1347 Nam
1982 1303 2117 1346 cum

449 1374 512 1434 in
533 1370 875 1452 sumptibus
895 1391 1106 1434 aurum
1125 1373 1745 1454 consumpsisset,non
1765 1373 1836 1435 ad
1863 1373 2118 1448 lucrum,

453 1469 515 1522 et
565 1460 789 1524 deinde
815 1462 1094 1525 redactus
1125 1469 1284 1524 esset
1323 1462 1397 1524 ad
1431 1463 1719 1544 inopiam,
1757 1464 1970 1544 prioris
2015 1467 2124 1526 vite

455 1551 757 1629 meminit,
791 1561 851 1614 et
879 1553 1128 1616 veniens
1157 1551 1232 1615 ad
1263 1570 1541 1632 magnum
1577 1551 1986 1634 Spiridonem,
2019 1572 2118 1615 au-

448 1659 608 1721 rum,
635 1641 792 1721 quod
818 1659 935 1702 non
967 1650 1338 1723 roposuerat,
1365 1642 1692 1724 quaerebat,
1731 1652 1794 1705 ut
1817 1643 1916 1724 qui
1938 1661 2121 1724 repo-

451 1731 694 1792 suisset.
729 1729 904 1794 lllum
940 1749 1077 1793 vero
1111 1750 1227 1792 non
1261 1732 1427 1794 latuit
1456 1731 1698 1813 quidem
1733 1731 2118 1796 maleficium:

2200 836 2555 913 δρασσόμενος
2620 837 2738 898 τοὺς
2797 837 2991 917 σοφοὺς
3061 835 3116 891 ἐν
3175 841 3244 911 τῇ
3312 833 3600 912 πανουργίᾳ
3664 834 3862 910 αὐτῶν,

2197 929 2272 990 ὡς
2301 927 2366 985 τὰ
2408 927 2522 1004 ἰερά
2577 924 2746 996 δήπου
2776 928 2899 1004 φασὶ
2959 923 3144 1005 λόγια,
3175 923 3267 980 ἵνα
3298 928 3376 1000 μῆ
3406 924 3468 979 τὸ
3499 919 3761 979 ἁπλοϊκόν
3801 941 3861 976 τε

2197 1017 2284 1073 καὶ
2344 1014 2641 1092 ἕλευθὲριον
2713 1011 3102 1080 εὖεξαπάτητον
3175 1016 3235 1092 ᾖ,
3295 1011 3390 1069 καί
3466 1015 3862 1089 κτταφρονῆται

2193 1103 2386 1182 ῥᾳδίως
2457 1105 2558 1160 ὕπὸ
2642 1109 2748 1160 τῶν
2821 1102 3258 1182 πανοῦργοτὲρων
3341 1102 3428 1158 καὶ
3513 1100 3860 1176 ἀτιμάζηται,

2207 1179 2335 1274 "Op:
2389 1194 2562 1251 τοίνυν
2593 1193 2739 1256 ὃπως
2784 1193 2817 1260 ἡ
2861 1179 3003 1270 σοφῆ
3040 1179 3162 1249 ’καὶ-
3193 1189 3367 1248 δικαία
3396 1198 3488 1249 τοῦ
3535 1197 3666 1247 Θεοῦ
3722 1188 3859 1267 πρό-

2204 1305 2321 1341 νοια
2384 1285 2472 1340 τὸν
2532 1280 2808 1352 ἀδικήσειν
2873 1281 3294 1362 ἐπιχειρήσαντα
3372 1281 3558 1337 ἑαυτὸν
3613 1277 3861 1344 ἀδικῆσαι

2206 1371 2411 1450 μᾶλλον
2495 1371 2907 1449 παρασκευάζει.
3009 1371 3286 1433 Δαπάναις
3346 1370 3468 1447 γὰρ,
3532 1370 3600 1430 ὡς
3667 1367 3864 1443 ἔοικεν,

2207 1467 2267 1523 οὗ
2351 1462 2479 1541 πρὸς
2547 1458 2726 1537 κέδρος
2809 1461 3038 1540 ὁρώσαις
3104 1461 3165 1517 τὸ
3237 1461 3458 1540 χρυσίον
3541 1456 3861 1528 ἀνηλωκὼς,

2206 1552 2390 1609 ἔπειτα
2440 1552 2572 1624 πρὸς
2633 1549 2853 1626 ἀπορίαν
2925 1547 3144 1628 ἐλάσας,
3198 1547 3320 1606 ὁδοῦ
3378 1545 3540 1603 πάλιν
3597 1545 3867 1621 μέμνηται

2205 1641 2300 1708 τῆς
2361 1639 2646 1721 προτέρας,
2677 1641 2764 1696 καὶ
2816 1640 2947 1718 πρὸς
2978 1660 3067 1695 τον
3101 1638 3271 1715 μέγαν
3325 1637 3515 1710 ἐλθὼν,
3561 1633 3589 1691 δ
3621 1637 3699 1710 μή
3732 1655 3870 1692 κατ-

2207 1731 2352 1788 ἐθετο
2409 1730 2650 1810 χρυσίον,
2712 1731 2785 1793 ὡς
2843 1730 3086 1792 καταθεὶς
3159 1726 3430 1798 ἐπεζήτει,
3499 1727 3602 1784 Τὸν
3665 1722 3720 1779 δὲ
3778 1727 3874 1782 οὐκ

451 1819 688 1902 placide
735 1833 964 1895 autem,
1002 1829 1066 1882 ut
1116 1821 1368 1902 solebat,
1395 1811 1579 1902 jussit
1609 1830 1672 1882 ut
1703 1821 1817 1882 iret
1866 1833 1922 1884 et
1951 1823 2118 1885 acci-

2209 1820 2357 1878 ἔλαθε
2411 1821 2510 1896 μὲν
2566 1821 2627 1875 τὸ
2697 1820 3074 1906 κακούργημα,
3141 1818 3333 1906 πράως-
3399 1815 3453 1873 δὲ
3506 1814 3698 1906 οὕτως,
3750 1811 3873 1906 ἐκέ-

451 1897 645 1988 perat.
678 1909 786 1972 Ille
815 1927 979 1986 vero,
1015 1919 1290 1991 tanquam
1336 1897 1436 1991 qui
1469 1910 1616 1972 nihil
1647 1920 1823 1992 turpe
1881 1911 2122 1974 fecisset

2209 1911 2378 1985 λευεν,
2437 1909 2616 1988 ὥσπερ
2674 1907 2814 1982 ἔθος,
2875 1905 3170 1964 ἀπελθόντα
3231 1904 3421 1964 λαϐεῖν
3525 1897 3584 1963 Ὀ
3657 1902 3738 1976 δὲ,
3802 1905 3876 1966 ὡς

451 2006 510 2060 et
539 1998 854 2076 illiberale,
889 1999 1037 2062 abiit
1066 2008 1427 2082 accepturus
1472 2001 1534 2062 id
1566 2002 1729 2081 quod
1786 2005 2119 2082 repositum

2209 1997 2372 2075 μηδὲν
2449 1999 2629 2056 σκοιὸν
2693 1996 2886 2075 δράσας
2969 1998 3057 2053 καὶ
3129 1995 3494 2076 ἀνελεύθερον,
3576 1996 3745 2071 ἀπῄει
3817 1994 3878 2048 τὸ

451 2089 942 2170 fuerat.Camque
966 2090 1392 2171 aperuisset,et
1414 2109 1511 2152 vas
1543 2091 1721 2154 inane
1745 2093 2116 2174 reperiisset,

2209 2089 2358 2156 δῆθεν
2417 2084 2750 2154 καταϐληθὲν
2808 2086 3117 2162 ληψόμενος
3164 2088 3251 2143 καὶ
3304 2084 3588 2160 διανοίξις,
3625 2086 3714 2141 καὶ
3771 2104 3871 2138 κε-

449 2178 751 2258 quomodo
786 2180 966 2240 etiam
1002 2179 1348 2260 reliquerat,
1385 2180 1495 2242 hoc
1519 2180 1762 2261 quidem
1789 2172 1995 2244 sancto
2026 2199 2118 2244 re-

2209 2190 2295 2236 νὸν
2361 2181 2422 2234 τὸ
2503 2185 2688 2241 σκεῦος
2768 2177 2954 2256 εὖρὼν,
3015 2176 3194 2254 ὥσπερ
3274 2175 3339 2244 δὴ
3397 2178 3483 2231 καὶ
3563 2172 3867 2247 κατέλιπεν,

450 2267 706 2342 nuntiat,
740 2286 878 2330 eum
916 2267 1261 2330 existimans
1305 2269 1360 2333 id
1396 2270 1601 2332 latere.
1633 2269 1739 2332 Ille
1782 2281 1982 2334 autem
2008 2273 2113 2352 ju-

2209 2266 2528 2345 ἀπαγγέλλει
2601 2265 2699 2341 μὲν
2767 2272 2924 2324 τοῦτο
2998 2268 3127 2344 πρὸς
3201 2267 3288 2323 τὸν
3361 2265 3520 2342 ἅγιον
3584 2264 3858 2321 λανθάνειν

451 2355 550 2420 bet
571 2375 705 2419 eum
731 2375 1004 2438 quaerere
1027 2357 1372 2438 diligentius
1400 2381 1412 2422 :
1447 2360 1535 2422 Ex
1563 2379 1681 2440 quo
1703 2350 2111 2442 enim,inquit,

2209 2359 2468 2435 οἰόμενος,
2542 2355 2718 2412 ἀκούει
2791 2354 2845 2411 δὲ
2919 2355 3282 2436 ἀκριϐέστερον
3365 2357 3679 2427 ἒκζητῆσαι·
3770 2350 3857 2416 Ἐξ

451 2454 514 2507 tu
544 2447 884 2527 reposuisti,
921 2447 1144 2510 nullius
1174 2447 1421 2510 alterius
1465 2467 1697 2525 manus,
1734 2449 1892 2530 quod
1923 2450 2114 2532 depo-

2209 2447 2323 2504 ὕτου
2381 2445 2504 2525 γάρ,
2539 2444 2640 2525 ἔφη
2701 2446 2786 2502 καὶ
2831 2445 3051 2504 κατέθου
3092 2448 3179 2526 σὺ,
3214 2444 3418 2507 οὐδενος
3470 2443 3632 2501 ἄλλου
3674 2455 3858 2524 χεῖρες

453 2535 631 2598 situm
653 2536 864 2613 fuerat,
890 2546 1274 2618 acceperunt.
1303 2537 1409 2601 llle
1442 2556 1581 2600 vero
1608 2539 1852 2602 simulat
1883 2558 1949 2602 se
1980 2558 2119 2602 rur-

454 2645 556 2688 Sus
575 2625 854 2688 scrutari.
879 2626 1022 2688 Cum
1051 2635 1247 2688 autem
1278 2628 1530 2690 inveniri
1563 2647 1680 2689 non
1707 2637 1931 2710 posset,
1957 2630 2115 2711 quod

457 2734 664 2778 revera
697 2735 811 2776 non
833 2725 978 2791 erat,
1007 2723 1064 2778 et
1095 2733 1214 2796 pra)
1243 2735 1308 2778 se
1344 2716 1544 2780 ferens
1575 2716 1994 2797 ignorantiam,
2020 2719 2117 2781 di-

459 2815 626 2868 ccret
649 2805 749 2866 ille
778 2823 1078 2886 rursus,se
1104 2804 1252 2866 nihil
1279 2807 1566 2883 invenire,
1595 2807 1683 2869 vir
1709 2807 1811 2869 ille
1839 2808 2031 2870 bonus
2062 2817 2120 2871 et

460 2895 640 2981 mitis:
673 2893 735 2958 Si
764 2913 916 2968 vere,
943 2894 1157 2976 inquit,
1182 2895 1578 2976 reposuisscs,
1613 2899 1768 2979 quod
1803 2899 2118 2980 reposuis-

459 2984 756 3066 ses,facile
784 2985 1104 3046 invenires.
1133 2983 1236 3047 Sin
1261 2987 1586 3066 vero,quod
1615 2987 1768 3067 apud
1797 2997 1852 3048 te
1878 2989 2116 3071 mansit,

457 3075 516 3136 id
562 3094 721 3138 nunc
763 3075 980 3157 quaeris
1023 3094 1072 3156 a_
1102 3075 1298 3151 nobis,
1334 3077 1492 3139 scias
1545 3085 1601 3139 te
1651 3078 1844 3158 ipsum
1897 3081 2114 3160 potius,

458 3183 630 3246 quam
659 3183 767 3226 nos
793 3164 1012 3245 decipi.
1039 3162 1164 3226 lloc
1188 3184 1321 3226 cum
1347 3165 1449 3227 ille
1473 3166 1820 3242 audivisset,
1855 3177 1913 3229 et
1938 3168 2114 3231 simul

457 3232 1149 3316 haberetconscicntiam
1167 3271 1304 3316 eum
1341 3255 1515 3318 tacite
1549 3232 2114 3336 reprehendentem,
2137 3232 2179 3283 θ

465 3341 713 3402 minime
746 3340 900 3416 tulit,
942 3341 1047 3402 sed
1083 3341 1251 3402 humi
1281 3344 1476 3404 statim
1515 3344 1793 3424 procidit,
1826 3356 1884 3407 et
1916 3365 2120 3409 sacros

465 3431 626 3494 illius
686 3429 871 3510 pedes
921 3430 1312 3510 prehensans,
1361 3433 1512 3514 petit
1555 3434 1810 3498 veniam.
1866 3435 2120 3499 Sanctus

468 3529 666 3581 autem
700 3519 1032 3599 promptius
1061 3519 1315 3602 remisit,
1344 3541 1518 3603 quam
1549 3523 1652 3586 ille
1682 3525 1884 3606 petiit;
1916 3526 1990 3588 de
2011 3546 2119 3589 caa-

471 3619 595 3670 tero
617 3626 759 3670 vero
784 3619 875 3698 est
890 3609 1256 3698 adhortatus,
1286 3630 1361 3674 ne
1387 3613 1578 3676 aliena
1610 3615 1695 3676 sic
1727 3617 2118 3698 concupisce-

468 3707 587 3775 ret,
619 3716 818 3778 neque
847 3697 1003 3759 dolis
1036 3712 1096 3762 et
1133 3701 1460 3764 mendaciis
1493 3705 1786 3786 pollueret
1815 3697 2124 3770 conscien-

472 3790 792 3852 tiam.Nam
822 3788 981 3868 quod
1005 3808 1074 3851 ex
1093 3790 1413 3870 ejusmodi,
1433 3795 1648 3875 inquit,
1673 3794 1857 3858 rebus
1885 3807 2125 3878 paratur

470 3880 728 3951 lucrum,
765 3896 882 3938 non
938 3887 1029 3941 est
1077 3879 1322 3943 omnino
1375 3882 1636 3961 lucrum,
1687 3885 1793 3949 sed
1838 3886 2119 3950 damnum

473 3968 880 4033 manifestum.

557 4147 790 4213 XXXV.
844 4155 990 4218 Cum
1027 4151 1204 4213 unius
1253 4152 1447 4220 adhuc
1478 4171 1548 4215 ex
1593 4156 1781 4217 sancti
1814 4155 2120 4223 miraculis

481 4239 825 4306 meminerit
855 4242 1068 4316 oratio,
1106 4240 1276 4302 vadet
1302 4241 1376 4303 ad
1411 4247 1540 4322 ejus
1564 4243 1902 4308 decessum.
1936 4247 2122 4310 Aiunt

478 4330 634 4410 quod
659 4350 795 4395 cum
833 4343 1076 4396 sanctus
1106 4339 1263 4392 esset
1295 4331 1489 4394 adhuc
1522 4342 1846 4414 superstes,
1882 4345 1940 4398 et
1970 4355 2124 4418 prai-

481 4426 639 4481 esset
655 4420 1048 4502 episcopatui,
1081 4419 1417 4498 patriarcha
1445 4423 1890 4488 Alexandrinus
1911 4426 2133 4488 indicta

480 4509 705 4588 synodo
725 4510 990 4572 omnium
1017 4513 1114 4588 qui
1145 4507 1198 4570 ei
1219 4509 1471 4590 subjecti
1491 4514 2132 4597 erant,episcoporum,

2202 2539 2262 2594 τὸ
2322 2534 2653 2603 καταϐληθὲν
2711 2535 2985 2615 εἰλήφασι.
3037 2537 3134 2594 Καὶ
3205 2537 3262 2600 ὃς
3307 2533 3465 2592 πάλιν
3522 2545 3860 2613 προσπωιεῖ-

2200 2649 2265 2683 τα
2318 2625 2417 2702 μὲν
2449 2626 2682 2706 ἐρευνᾷν·
2746 2625 2868 2682 ἐπεὶ
2916 2624 2971 2681 δὲ
3012 2623 3264 2682 ἀδύνατον
3313 2626 3455 2681 εἶναι
3506 2625 3534 2679 ὃ
3581 2634 3660 2698 μή
3719 2623 3859 2687 ἁλι,-

2200 2721 2304 2780 θῶς
2348 2715 2439 2796 ἦν,
2485 2712 2830 2792 σκηψάμενος
2905 2714 3146 2795 ἄγνοιαν,
3206 2712 3352 2772 οὒδὲν
3412 2712 3513 2793 ἔφη
3572 2711 3734 2771 πάλιν
3800 2712 3862 2765 τὸ

2202 2808 2454 2886 παράπαν
2512 2809 2705 2885 εὒρεῖν.
2767 2809 2829 2865 '0
2902 2805 2956 2863 δὲ
3014 2807 3258 2886 χρηστὸς
3316 2808 3404 2863 καὶ
3447 2810 3610 2885 πρᾶος
3655 2802 3862 2866 ἐκεῖνος

2203 2897 2358 2976 ἀνὴρ,
2407 2898 2462 2955 Εἰ
2521 2897 2642 2973 μὲν,
2689 2899 2734 2951 ὦ
2791 2895 3031 2976 φίλτατε,
3094 2895 3221 2974 ἔφη,
3285 2895 3500 2964 ἀληθῶς
3571 2891 3867 2973 ἐτύγχανες

2201 2988 2478 3060 τεθειιιὼς,
2540 2985 2686 3064 εὗρες
2743 2985 2804 3043 ἂν
2863 2987 2951 3043 καὶ
3007 2986 3036 3040 ὃ
3119 2987 3428 3049 κατέθεικας
3491 2989 3748 3064 εὐχερῶςο
3825 2981 3869 3038 εἰ

2201 3076 2256 3133 δὲ
2314 3078 2342 3132 ὃ
2400 3077 2541 3154 πσρά
2601 3098 2685 3133 σοι
2718 3076 2919 3156 ἔμεινε,
2960 3082 3116 3132 τοῦτο
3162 3083 3249 3133 νῦν
3291 3075 3418 3153 παρ’
3482 3075 3624 3142 huc?»
3679 3067 3867 3128 λαϐεῖν

2201 3169 2476 3237 ὶκζητιῖς⁶
2544 3165 2648 3221 ἴσθι
2700 3165 2922 3221 σεαυτόν
2975 3161 3184 3239 μᾶλλον
3237 3163 3375 3241 ἤπερ
3431 3165 3573 3237 ἡμᾶς
3631 3158 3866 3236 παραλο-

2203 3263 2506 3334 γιζόμενος.
2603 3253 2768 3312 Τοῦτο
2852 3253 3062 3310 ἐκεῖνον
3162 3253 3461 3312 ἀκούσαντα
3496 3299 3511 3326 ,
3599 3251 3684 3306 καὶ
3769 3250 3862 3305 τὸν

2201 3346 2431 3426 γρυπτὸν
2489 3345 2602 3419 ἅμα
2669 3343 3135 3422 συνεφαπτόμενον
3205 3341 3405 3420 ἔχοντα
3473 3340 3566 3408 τῆς
3611 3340 3860 3408 συνειδή-

2203 3456 2338 3498 σεως
2422 3432 2678 3512 ἔλεγχον,
2753 3430 3016 3508 μηδαμῶς
3105 3432 3376 3510 ἐνεγκεῖν,
3464 3429 3584 3486 ἀλλ’
3672 3429 3861 3492 case-0.;

2202 3527 2335 3601 πρὸς
2393 3528 2495 3600 γῆν
2528 3545 2584 3578 τε
2646 3536 2998 3594 καταπεσεῖν,
3031 3525 3116 3578 καὶ
3169 3530 3274 3578 τῶν
3302 3522 3454 3589 ἱερῶν
3500 3520 3700 3577 ἐκείνου
3757 3541 3864 3574 πο-

2203 3612 2303 3670 8th
2349 3611 2624 3688 ἁψάμενον
2684 3612 3010 3692 συγγνώμην
3072 3615 3263 3669 αἰτεῖν’
3327 3614 3416 3668 τὸν
3467 3610 3521 3667 δὲ
3596 3612 3866 3685 ἑτοιμότε-

2204 3726 2295 3782 ρον
2351 3704 2450 3780 μὲν
2498 3703 2740 3784 ἀφεῖναι,
2879 3703 3089 3760 ἐκεῖνον
3157 3703 3496 3777 αἰτήσασθαι,
3553 3702 3864 3779 παραινέσαι

2205 3792 2261 3851 δὲ
2305 3800 2396 3852 τοῦ
2457 3793 2646 3851 λοιποῦ
2705 3794 2783 3869 μὴ
2841 3791 2980 3850 οὕτω
3039 3795 3141 3849 νῶν
3215 3791 3505 3869 ἀλλοτρίων
3562 3791 3862 3863 ἐπιθυμεῖν,

2208 3882 2345 3960 μηδὲ
2404 3881 2578 3947 δόλοις
2640 3881 2735 3939 καὶ
2793 3880 3003 3958 ψεύδεσι
3065 3882 3428 3958 καταμιαίνειν
3491 3881 3554 3936 τὸ
3613 3877 3865 3944 σςδνειδός.

2206 3976 2277 4031 Τὸ
2329 3975 2429 4051 γὰρ
2480 3972 2540 4028 ἐκ
2595 3973 2876 4044 τοιούτων,
2910 3973 3062 4051 φησὶ,
3111 3970 3549 4049 πέριποιούμενον
3586 3971 3646 4026 ού
3688 3965 3871 4048 κέρδος

2203 4062 2364 4135 ὅλως,
2399 4059 2538 4118 ἀλλὰ
2567 4061 2735 4134 ζημία
2760 4062 2957 4139 σαφής.

2285 4149 2413 4212 ΛΕ’.
2478 4139 2629 4212 Ἐνὸς
2673 4149 2748 4205 ἔτι
2796 4150 2901 4205 τῶν
2973 4157 3067 4208 τοῦ
3110 4151 3262 4230 ἁγίου
3306 4149 3556 4226 μνησθεὶς
3606 4150 3634 4205 ὁ
3691 4148 3872 4228 λογος,

2208 4243 2293 4299 ἐπὶ
2344 4241 2442 4307 τήν
2501 4238 2757 4306 τελευτὴν
2815 4241 2972 4298 αὐτοῦ
3027 4239 3318 4317 βαδιεῖται,
3381 4240 3547 4297 Φασὶν
3617 4237 3722 4312 ὅτι,
3783 4261 3878 4296 πε·

2211 4333 2415 4412 ριύντος
2468 4336 2560 4387 τοῦ
2625 4330 2776 4407 ἁγίου
2832 4332 2929 4387 καῖ
2995 4336 3094 4398 τῆς
3153 4331 3456 4397 ἐπισκοπῆς
3527 4326 3876 4408 προεδρεύον-

2213 4443 2326 4495 τος,
2399 4422 2428 4476 ὁ
2499 4419 2840 4500 πατριάρχης
2911 4419 3326 4501 ’Λλεξανδρείας,
3382 4418 3596 4477 σύνοδον
3659 4442 3874 4498 παραγ-

2218 4509 2396 4590 γείλας
2435 4515 2542 4565 τῶν
2573 4509 2662 4566 ὄπ’
2717 4513 2852 4584 εὗτῷ
2881 4511 3077 4568 πάντον
3110 4512 3415 4569 ἐπισκόπων
3459 4511 3525 4567 τὰ
3585 4502 3876 4577 Ἑλληνικὰ

482 4597 762 4661 volebant
786 4599 1041 4678 gentiles
1073 4605 1295 4661 statuas
1317 4610 1377 4662 et
1407 4601 1694 4682 imagines
1715 4606 2123 4668 communibus

2216 4598 2372 4666 ξόντα
2427 4599 2519 4656 καί
2565 4598 2876 4682 ἀγάλματα,
2937 4600 3107 4681 εὒχῆς
3154 4606 3335 4668 κοινῆς
3394 4601 3646 4677 τρόπαιον
3704 4597 3876 4666 ἠϐού-

485 4685 772 4773 precibus
797 4704 858 4748 et
871 4695 1154 4767 ertere,et
1178 4705 1278 4750 eas
1301 4688 1361 4750 in
1389 4697 1604 4753 terram
1631 4692 1914 4773 dejicere.
1930 4695 2134 4758 Rebus

487 4772 646 4865 enim
679 4775 979 4865 ejusmodi
1003 4775 1199 4839 adhuc
1227 4777 1403 4857 plena
1433 4788 1558 4841 erat
1589 4772 1793 4843 civitas
1829 4804 1842 4845 :
1893 4791 1953 4845 et
1984 4803 2130 4865 quo-

489 4861 934 4954 modojPaulus,
967 4864 1096 4944 ipse
1124 4883 1364 4947 quoque
1391 4868 1878 4934 inﬂamtnabatur
1896 4861 2134 4954 spiritu,

489 4958 548 5013 et
591 4951 876 5017 ardenter
927 4954 1186 5034 spirabat
1212 4955 1497 5020 adversus
1549 4951 1947 5040 impietatem.
1987 4964 2135 5026 Cum

491 5059 700 5132 omnes
712 5060 851 5132 ergo
863 5045 1401 5123 concurrissent,et
1421 5066 1486 5110 se
1501 5047 1813 5113 dedissent
1835 5053 2136 5132 precibus,

465 5122 624 5191 ‘aliaa
654 5131 894 5213 quidem
927 5140 1134 5196 statua)
1164 5132 1273 5196 Dei
1304 5122 1448 5199 nutu
1507 5146 1565 5199 et
1593 5137 1818 5201 viribus
1835 5122 2142 5206 devoluta;

493 5218 734 5315 fuerunt
758 5229 816 5283 et
839 5223 894 5284 in
921 5224 1514 5315 t_erramdeject:e,ex
1542 5226 1612 5290 iis
1629 5237 1826 5291 autem
1851 5250 1970 5294 una
1991 5234 2138 5315 sola,

499 5311 606 5372 etsi
622 5313 1007 5392 etseparatim
1020 5314 1290 5390 ,etsimul
1309 5335 1442 5378 cum
1463 5317 1566 5378 illo
1581 5318 1916 5399 patriarcha
1929 5311 2142 5386 multas

496 5413 699 5472 preces
717 5400 1296 5470 fudissent,manebat
1319 5407 1378 5464 in
1399 5420 1506 5464 suo
1529 5405 1800 5466 loco.non
1819 5411 1972 5481 quod
1991 5411 2143 5471 Deus

499 5503 619 5548 non
636 5492 972 5559 attenderet,
993 5502 1090 5552 aut
1111 5494 1641 5566 despiceretsacras
1665 5497 1896 5558 illorum
1921 5515 2140 5576 preces,

581 5657 798 5722 “Job,
834 5673 892 5739 ν,
931 5658 1030 5737 13;
1059 5657 1247 5726 ICor.
1283 5677 1370 5737 In,
1405 5663 1502 5725 49.
1542 5714 1555 5728 .

2215 4689 2338 4747 λετο
2394 4689 2589 4766 θέσθαι,
2627 4693 2712 4747 καὶ
2770 4692 2842 4755 εἷς
2891 4691 2991 4770 γῆν
3034 4699 3199 4748 ταῦτα
3255 4687 3599 4747 καταϐαλεῖν
3652 4686 3728 4745 ἔτι
3771 4689 3876 4766 γὰρ

2217 4779 2600 4848 ἀναπέπληστο
2661 4781 2767 4837 τῶν
2838 4782 3088 4839 τοιούτων
3170 4782 3207 4848 ἠ
3292 4777 3481 4852 πόλις,
3566 4778 3653 4834 καὶ
3737 4778 3876 4832 καθα

2219 4868 2424 4933 Παῦλος
2482 4871 2796 4948 ἑνεπίπρατο
2860 4871 2951 4928 καὶ
3013 4871 3164 4933 οὗτος
3216 4869 3277 4925 τὸ
3334 4874 3564 4942 πνεῦμα,
3611 4866 3698 4923 καὶ
3747 4869 3875 4945 θερ-

2221 4960 2320 5035 μὸν
2371 4959 2518 5017 ἔπνει
2589 4961 2724 5019 κατὰ
2780 4965 2879 5028 τῆς
2937 4955 3198 5023 ἀσεϐείας.
3263 4957 3478 5014 Πάντων
3530 4955 3616 5013 οὖν
3687 4955 3877 5015 συνδε-

2222 5047 2598 5128 δραμηκότων,
2629 5053 2717 5108 καὶ
2766 5052 2840 5115 εἰς
2871 5049 3042 5128 εὐχὴν
3086 5048 3300 5111 ἑαυτοὺς
3347 5045 3626 5124 ἐκδόντων,
3661 5047 3724 5104 τὰ
3778 5048 3884 5122 μὲν

2224 5137 2360 5196 ἄλλα
2423 5146 2529 5196 τῶν
2573 5139 2773 5205 ξοάνων
2818 5139 3035 5214 νεύματι
3077 5147 3172 5196 τοῦ
3243 5145 3375 5194 Θεοῦ
3439 5137 3527 5194 καὶ
3572 5138 3720 5218 ἰσχύι
3764 5135 3883 5193 διε-

2223 5227 2430 5286 δοιεῖτό
2499 5251 2556 5286 τε
2612 5230 2699 5286 καὶ
2758 5231 2831 5294 εἰς
2887 5234 2990 5307 γῇν
3046 5225 3426 5285 κατεϐάλλετο·
3489 5231 3542 5284 ἓν
3571 5226 3624 5284 δὲ
3682 5227 3885 5286 τούτων

2225 5319 2412 5394 μόνον,
2447 5320 2616 5376 καίτοι
2678 5315 2884 5384 πολλὰς
2929 5315 3046 5375 καθ’
3078 5317 3169 5375 ἕνα
3224 5339 3284 5374 τε
3328 5319 3416 5376 γαὶ
3475 5319 3610 5394 ὁμου
3639 5317 3733 5383 ταὶς
3791 5322 3892 5376 εὐ-

2225 5409 2332 5488 χὰς
2385 5410 2477 5465 σὺν
2531 5413 2674 5484 αὗτῷ
2730 5405 2900 5478 δήπου
2960 5411 3038 5484 τῷ
3109 5408 3418 5488 πατριάρχῃ
3472 5407 3888 5484 ποιησαμένων,

2226 5498 2378 5574 ἔμενε
2422 5499 2558 5555 κατὰ
2616 5498 2823 5578 χώραν,
2857 5500 2918 5557 οὒ
2964 5509 3056 5560 τοῦ
3116 5505 3248 5556 Θεοῦ
3305 5499 3382 5574 μὴ
3427 5497 3788 5579 προσέχοντος
3851 5497 3888 5570 ἢ
