4132 6410
442 335 562 402 463
1756 329 1808 400 Μ
1822 338 1916 401 ΕΝ
1925 336 2037 399 SIS
2092 338 2098 397 ζ

2184 335 2521 400 lCEMBER.
3713 323 3832 395 464

447 473 773 547 nescimus,
809 469 1093 554 quidnam
1118 469 1240 536 Deo
1269 489 1377 554 per
1401 465 1528 536 haec
1554 471 1954 555 signiﬁcante.
1991 471 2098 534 ille

2184 471 2383 553 λαιναι,
2440 474 2526 529 καί
2588 469 2779 527 λευκαῖ
2826 472 3032 545 σύναμα
3092 467 3372 547 ἐπήνθουν,
3419 468 3516 524 οὒκ
3563 465 3690 524 οἶδα
3734 467 3830 544 μὲν

449 571 648 627 autem
697 553 858 637 cum,
917 569 984 622 ut
1032 553 1288 638 videtur,
1344 553 1762 642 cognovisset:
1798 561 2034 635 Sciatis,
2066 579 2098 621 ο

2184 561 2212 616 ὃ
2243 581 2292 618 τι
2341 563 2428 618 τοῦ
2486 567 2619 618 Θεοῦ
2675 559 2761 616 διὰ
2817 559 3016 616 τούτων
3065 558 3526 631 ὑποσημαίνοντος
3556 572 3574 590 ⁸
3621 553 3831 622 ἐκεῖνος

450 653 652 733 amici,
687 651 832 714 dixit
862 649 1281 731 praesentibus,
1319 653 1477 734 quod
1531 671 1640 732 ego
1683 651 1923 733 quidem
1974 652 2098 732 jam

447 743 676 806 excedo
699 760 733 804 e
757 757 1036 820 corpore;
1065 757 1278 821 magna
1299 759 1436 804 vero
1457 742 1646 822 gloria
1670 741 1954 803 Dominus
1984 739 2099 802 mei

450 849 733 896 excessus
761 829 1161 894 circumdabit
1189 831 1637 906 memoriam,et
1668 831 1872 893 multis
1902 829 2098 892 homi-

448 922 629 985 nibus
656 921 787 983 dies
817 920 933 981 mei
965 918 1250 982 adventus
1290 921 1406 984 erit
1461 920 1600 982 festi
1628 927 2043 1000 argumentum
2081 937 2095 982 :

447 1011 630 1092 idque
658 1010 853 1072 omnis
882 1016 1022 1070 tetas
1052 1019 1297 1089 peraget
1330 1008 1648 1091 splendide
1669 1018 1729 1072 et
1761 1009 2095 1088 magniﬁce,

447 1110 568 1164 tam
591 1117 915 1182 puerorum
941 1115 1117 1180 quam
1141 1100 1424 1180 juvenum
1451 1109 1510 1162 et
1532 1117 1766 1162 senum.
1802 1099 1947 1162 Cum
1971 1099 2100 1162 haec

449 1201 512 1254 et
541 1190 725 1253 multa
751 1187 866 1252 alia
894 1187 1143 1250 dixisset
1191 1198 1252 1251 et
1299 1189 1698 1272 praedixisset,
1733 1197 1793 1250 et
1819 1189 1932 1251 alia
1965 1207 2096 1268 qua:

449 1278 759 1362 oportebat
787 1277 1219 1353 admonuisset,
1253 1287 1314 1341 et
1360 1278 1650 1360 quidquid
1695 1287 1820 1340 erat
1875 1279 2096 1339 bonum

450 1379 510 1431 et
539 1369 798 1432 salutare
849 1365 1008 1448 apud
1057 1385 1161 1430 eos
1218 1369 1323 1448 qui
1381 1368 1655 1440 aderant,
1687 1368 1982 1448 oratione,
2036 1377 2100 1428 ut

450 1461 641 1524 semel
663 1459 882 1539 dicam,
908 1466 1070 1521 esset
1099 1469 1456 1538 persecutus
1502 1468 1561 1522 et
1591 1459 1846 1522 maxime
1890 1459 1964 1521 de
1991 1477 2097 1537 ge-

449 1549 642 1612 nerali
695 1558 754 1611 et
796 1553 1062 1610 omnium
1113 1548 1365 1611 aliarum
1399 1549 1682 1611 virtutum
1715 1549 1992 1629 maxima,
2027 1547 2102 1610 de

451 1640 762 1713 charitate,
790 1637 1060 1719 inquam,
1096 1638 1162 1700 in
1193 1637 1375 1702 Deum
1423 1647 1484 1700 et
1533 1639 1869 1719 proximum
1902 1638 2100 1701 disse-

449 1729 692 1802 ruisset,
719 1746 836 1790 non
869 1727 1053 1789 multo
1083 1737 1236 1808 post,
1288 1736 1353 1790 ut
1396 1728 1648 1809 dixerat,
1683 1737 1904 1790 castam
1944 1727 2099 1789 illam

447 1827 507 1881 et
535 1834 764 1879 sacram
815 1815 1014 1877 emisit
1056 1815 1342 1897 animam,
1378 1816 1440 1878 in
1476 1816 1826 1896 angelorum
1859 1816 2098 1896 quidem

2185 1816 2354 1894 ἁγνὴν
2408 1817 2618 1884 ἐκείνην
2683 1816 2769 1872 καὶ
2843 1815 2986 1893 ἱερὰν
3057 1814 3230 1893 ἀφῆκε

449 1909 699 1970 chorum
727 1904 942 1966 merito
971 1903 1270 1968 admissus
1303 1923 1316 1968 :
1375 1923 1573 1984 neque
1624 1914 1825 1967 tamen
1855 1905 2099 1966 omnino

449 1994 768 2059 discedens
791 1993 866 2056 ab
896 1993 1268 2072 hominibus,
1302 1995 1408 2057 sed
1442 2013 1605 2058 nunc
1635 2012 1876 2076 quoque
1911 1995 2098 2056 maxi-

447 2103 606 2148 mam
623 2102 826 2148 curam
849 2083 1335 2165 gerens,quando
1354 2093 1411 2146 et
1428 2083 1550 2146 Deo
1574 2093 1664 2146 est
1683 2084 2096 2166 prepinquior,

448 2183 511 2238 et
539 2175 750 2255 majori
780 2173 936 2254 apud
960 2192 1096 2235 eum
1122 2174 1336 2236 ﬁducia
1359 2173 1545 2236 utitur
1564 2182 1625 2236 et
1654 2173 1950 2236 libertate.
1989 2175 2098 2236 At-

445 2282 564 2346 que
592 2263 777 2326 multa
798 2263 1043 2340 quidem
1100 2272 1232 2344 post
1287 2265 1416 2344 ejus
1451 2264 1765 2326 decessum
1826 2272 1885 2326 et
1942 2263 2099 2325 facta

452 2359 592 2415 sunt
617 2351 692 2414 ab
721 2351 847 2428 illo,
908 2359 967 2413 et
1011 2351 1212 2415 adhuc
1263 2352 1436 2417 ﬁunt.
1496 2351 1618 2415 Nos
1676 2360 1898 2426 autem,
1935 2370 2011 2414 ne
2041 2360 2100 2414 et

452 2443 574 2504 ﬁne
603 2440 736 2503 vita
779 2441 1052 2522 protinus
1080 2442 1261 2504 etiam
1292 2441 1862 2506 circumscribamus
1915 2447 2096 2503 mira-

451 2530 606 2606 cula,
644 2547 842 2612 neque
871 2547 1079 2592 rursus
1107 2530 1496 2616 scriptionem
1531 2531 1786 2592 nimium
1822 2531 2101 2594 extenda-

453 2640 608 2697 mus,
645 2638 778 2683 cum
810 2620 988 2682 unius
1017 2628 1120 2682 aut
1161 2620 1415 2683 duorum
1451 2621 1930 2694 meminerimus,
1977 2619 2099 2684 Deo

452 2710 710 2784 volente,
745 2709 925 2772 ﬁnem
959 2708 1343 2790 imponemus
1374 2709 1654 2774 orationi.

535 2797 813 2862 XXXVII.
849 2799 1005 2861 Dixit
1033 2798 1274 2880 quidam
1323 2818 1394 2862 ex
1457 2801 1528 2860 iis
1556 2798 1656 2880 qui
1714 2807 1852 2860 sunt
1882 2797 2101 2862 Christi

453 2897 742 2967 amantes,
802 2898 860 2952 et
907 2899 1180 2951 sanctum
1233 2889 1476 2968 quidem
1541 2889 1824 2952 ardenter
1878 2897 2099 2970 amant,

455 2988 656 3042 amant
679 2987 878 3042 autem
913 2977 1311 3041 nihilominus
1354 2979 1534 3040 etiam
1569 2979 1897 3055 veritatem,
1944 2979 2102 3060 quod

453 3087 589 3133 cum
612 3071 742 3149 ejus
756 3069 886 3131 dies
911 3068 1097 3130 festus
1111 3067 1518 3130 celebraretur
1530 3069 1893 3147 (celebratur
1905 3075 2100 3130 autem

452 3161 811 3224 duodecimo
843 3158 1070 3222 mensis
1101 3157 1752 3240 Decembris),accessit
1783 3157 1910 3240 ipse
1943 3178 2098 3237 quo-

454 3269 573 3332 que
591 3250 665 3312 ad
687 3250 1342 3330 sepulcrum,tanquam
1361 3248 1557 3313 vivum
1582 3249 2101 3329 allocuturus,ma-

450 3359 626 3420 gnam
650 3339 712 3401 in
744 3357 878 3401 eum
909 3338 1068 3400 vultu
1099 3338 1444 3418 signiﬁcans
1492 3343 1884 3400 reverentiam
1911 3348 1967 3400 et
1993 3357 2096 3402 ve-

448 3429 854 3492 nerationem.
879 3429 1027 3490 Cum
1074 3437 1272 3489 autem
1327 3446 1513 3509 prope
1539 3428 1769 3505 fuisset,
1807 3435 1866 3490 et
1894 3429 2099 3492 oculos

453 3527 612 3583 esset
639 3519 1010 3591 admoturus,
1045 3516 1282 3578 dicebat
1311 3535 1376 3578 se
1408 3525 1630 3581 tantam
1664 3517 1924 3580 divinam
1957 3536 2100 3580 sen-

446 3609 599 3672 sisse
631 3606 1030 3670 visitationem
1088 3607 1249 3668 intus
1309 3615 1687 3687 operantem,
1745 3616 1798 3670 et
1830 3625 1937 3668 cor
1968 3610 2098 3688 ejus

443 3699 594 3762 adeo
627 3705 1064 3779 penetrasse,ut
1093 3696 1349 3758 sublime
1377 3696 1623 3777 quidem
1675 3697 1855 3759 fuerit
1896 3706 2100 3779 raptus

439 3788 682 3869 spiritu,
717 3795 774 3848 et
803 3787 1125 3865 solas,quaz
1149 3785 1274 3848 illic
1304 3792 1466 3860 sunt,
1486 3785 1722 3848 visione
1755 3787 2100 3869 perciperet

443 3877 952 3958 pulchritudines:
1003 3874 1225 3938 oblitus
1245 3875 1488 3956 quidem
1521 3877 1788 3938 omnium
1822 3885 2096 3940 terreno-

438 3987 599 4041 rum;
628 3966 847 4028 oblitus
865 3983 1004 4027 vero
1026 3964 1217 4046 ipsius
1239 3984 1477 4046 quoque
1509 3967 2097 4047 corporis,vocisque

440 4066 502 4120 et
527 4056 826 4118 sermonis
855 4073 1041 4137 prepe
1061 4074 1296 4136 expers;
1315 4055 1568 4136 jejunus
1599 4075 1859 4137 quoque,
1895 4067 1953 4119 et
1981 4077 2096 4120 ne-

2183 648 2263 726 at,
2306 653 2379 714 ὡς
2437 649 2601 725 ἔοικε,
2648 650 2828 730 γνοὺς,
2894 647 3071 722 "lose,
3119 645 3283 727 φίλοι,
3317 645 3448 726 πρὸς
3489 647 3612 712 τοὺς
3638 649 3835 726 παρόν-

2183 762 2279 804 τας
2314 741 2495 813 εἶπεν,
2555 742 2629 803 ὡς
2687 739 2796 817 ἐγὼ
2838 739 2936 812 μὲν
2967 736 3072 805 ἤδη
3130 744 3222 795 106
3279 735 3530 812 σώματος
3586 734 3831 817 ἐκδημῶ,

2182 829 2361 906 πολλῇ
2404 828 2457 886 δὲ
2502 827 2627 906 δόξῃ
2687 830 2715 885 ὁ
2781 829 2967 904 Κύριος
3026 827 3122 894 τὴν
3167 827 3304 901 ἐμὴν
3359 829 3462 894 τῆς
3529 823 3835 902 ἀποδημίας

2181 921 2405 996 μνήμην
2448 916 2730 997 περιϐαλεῖ
2760 919 2851 973 καὶ
2879 915 3106 982 πολλοῖς
3155 923 3263 973 τῶν
3295 916 3586 995 ἀνθρώπων
3642 918 3676 986 ἡ
3733 921 3834 984 τῆς

2180 1008 2434 1077 τελευτῆς
2482 1013 2582 1076 τῆς
2637 1011 2778 1085 ὶμῆς
2850 1007 3025 1086 ἡμέρα
3083 1007 3330 1072 ὑπόθεσις
3406 1007 3600 1087 ἑορτῆς
3658 1005 3827 1082 Inst,

2179 1100 2275 1156 καί
2328 1099 2619 1180 φιλοτίμως
2681 1097 2883 1164 ταύτην
2929 1095 3114 1164 ἡλικία
3163 1102 3310 1152 πᾶσα
3367 1094 3660 1154 ἑπιτελέσει
3701 1096 3835 1154 νέων

2180 1209 2239 1245 τε
2271 1191 2357 1246 καὶ
2401 1189 2580 1265 μέσων
2639 1189 2730 1245 καὶ
2782 1185 3052 1249 παλαιῶν,
3100 1186 3276 1245 Ταῦτα
3331 1187 3417 1242 rei
3463 1185 3641 1244 πολλὰ
3683 1185 3836 1266 ἔτερα

2183 1278 2346 1336 εἰπών
2388 1300 2446 1336 τε
2504 1279 2592 1336 καὶ
2663 1276 3088 1356 προαγορεύσας,
3165 1274 3302 1332 ἀλλὰ
3359 1277 3446 1333 καὶ
3511 1276 3836 1356 παραινέσας

2182 1369 2250 1425 τὰ
2303 1365 2510 1443 δεοντα,
2543 1369 2631 1425 καὶ
2677 1373 2780 1424 πᾶν
2831 1367 2997 1424 καλὸν
3026 1367 3114 1422 καὶ
3160 1366 3424 1444 σωτήριον
3453 1365 3509 1422 ἐν
3563 1364 3838 1447 κεφαλαίῳ

2183 1460 2316 1536 πρὸς
2356 1461 2478 1521 τοὺς
2532 1457 2800 1536 παρόντας
2859 1453 3156 1528 διεξελθὼν⁹
3230 1457 3316 1511 καὶ
3387 1453 3575 1531 πολλῷ
3630 1454 3838 1532 μᾶλλον

2184 1548 2304 1627 περὶ
2365 1546 2458 1615 τῆς
2521 1548 2886 1625 γενικιιγτᾶτης
2924 1547 3012 1602 καὶ
3051 1551 3238 1602 πασῶν
3281 1545 3387 1602 τῶν
3430 1542 3610 1601 ἄλλων
3653 1547 3841 1621 μείζοο

2185 1659 2274 1702 νος
2338 1638 2559 1716 ἀρετῆς,
2620 1637 2719 1704 τῆς
2781 1637 2854 1699 εἰς
2911 1637 3002 1692 τὸν
3062 1637 3195 1692 Θεὸν
3235 1635 3477 1714 ἀγάπης,
3523 1632 3692 1714 λέγω,
3747 1636 3840 1692 καὶ

2184 1733 2278 1784 τοῦ
2335 1726 2589 1802 πλησίον,
2647 1723 2768 1802 μετ’
2812 1727 2874 1782 ού
2914 1724 3074 1798 πολὺ,
3133 1723 3312 1803 ὥσπερ
3340 1722 3405 1792 δὴ
3448 1725 3536 1781 καὶ
3579 1724 3702 1806 ἔφη,
3735 1727 3839 1794 τὴν

3316 1812 3527 1894 ψυχήν,
3588 1813 3837 1893 ἀγγέλοις

2185 1907 2283 1982 μὲν
2347 1904 2486 1972 ἄξιος
2571 1905 2937 1986 συγχορευτής
3005 1905 3316 1982 γενόμενος,
3411 1905 3472 1960 o6
3547 1903 3659 1979 μὴν
3717 1903 3837 1962 οὔδε

2181 1995 2364 2054 τέλεον
2413 1995 2772 2074 ἀφιστάμενος
2847 2000 2954 2049 τῶν
3013 1993 3325 2073 ἀνθρώπων,
3387 1991 3524 2050 ἀλλᾶ
3580 1995 3668 2050 καὶ
3725 1995 3834 2069 μά-

2183 2084 2335 2142 λιστα
2384 2092 2476 2142 νῦν
2525 2085 2943 2163 προϊστάμενον,
3001 2081 3091 2140 ὅτε
3145 2083 3234 2139 καὶ
3299 2080 3682 2162 πλησιέστερός
3727 2083 3841 2140 ἐστι

2181 2181 2260 2249 τῷ
2317 2176 2454 2250 Θεῷ,
2489 2177 2578 2232 καὶ
2637 2176 2815 2250 μείζον
2888 2179 2958 2250 τῇ
3000 2174 3130 2251 πρὸς
3185 2173 3345 2231 αὒτὸν
3379 2171 3648 2252 κέχρηται
3691 2171 3834 2251 παῤ·

2181 2265 2358 2341 ρησίᾳ.
2397 2263 2576 2322 Πολλὰ
2624 2265 2723 2337 μὲν
2751 2271 2839 2320 οὖν
2870 2264 3054 2320 καὶτὰ
3098 2264 3235 2338 μετὰ
3293 2263 3392 2332 τήν
3444 2261 3702 2332 τελευτήν
3752 2263 3841 2320 ὑπ’

2183 2352 2382 2411 ἐκείνω
2442 2354 2701 2434 γεγονότα
2759 2374 2814 2409 τε
2879 2353 2969 2409 καὶ
3041 2353 3114 2418 εἷς
3159 2351 3234 2408 ἔτι
3286 2353 3566 2430 γινόμενα.
3647 2343 3842 2428 Ἡμεῖς

2183 2440 2238 2500 δὲ
2288 2443 2381 2501 ἵνα
2431 2446 2570 2520 μήτε
2631 2444 2710 2519 τῷ
2780 2441 2922 2500 τέλει
2995 2449 3091 2499 106
3130 2441 3246 2518 βίου
3317 2443 3842 2521 συμπεριγράψωμεν

2183 2534 2329 2598 εὐθὺς
2387 2535 2476 2590 καὶ
2529 2535 2596 2590 τὰ
2652 2534 2917 2608 θαύματα,
2984 2533 3122 2607 μήτε
3174 2531 3340 2589 πάλιν
3402 2530 3490 2590 ἐπὶ
3547 2530 3685 2590 πολὺ
3741 2535 3843 2603 τήν

2182 2625 2393 2702 γραφήν
2445 2627 2788 2704 ἐκτείνωμεν,
2841 2624 2959 2688 ἐνὸς
3010 2622 3046 2692 ἢ
3101 2620 3192 2680 δύο
3246 2622 3691 2700 ἐπιμνησθέντες,
3749 2623 3844 2680 τὸν

2183 2712 2344 2790 λόγον
2374 2713 2429 2770 ἐν
2463 2717 2577 2788 Θεῷ
2601 2713 3040 2781 καταπαύσομεν.

2266 2792 2392 2864 ΛΖ’.
2428 2801 2629 2882 Εἴρηκέ
2673 2824 2752 2870 τις
2793 2805 2899 2859 τῶν
2959 2801 3347 2884 φιλοχρίστων,
3410 2803 3501 2859 καὶ
3543 2799 3839 2882 φιλούντων

2185 2891 2285 2966 μὲν
2332 2891 2598 2966 διαπύρως
2653 2902 2746 2950 τὸν
2781 2893 2958 2974 ἅγιον,
2999 2890 3294 2973 φιλούντων
3344 2889 3399 2947 δέ
3428 2891 3534 2973 οὐχ
3567 2891 3724 2960 ἧττον
3754 2894 3841 2949 καὶ

2183 2983 2284 3051 τήν
2342 2982 2620 3056 ἀλήθειαν,
2695 2983 2778 3039 ὅτι
2850 2988 2949 3050 τῆς
3024 2983 3212 3062 ἐορτῆς
3285 2982 3446 3040 αύτοῡ
3513 2979 3840 3059 τελουμένης

2190 3068 2452 3150 (τελεῖται
2545 3071 2600 3128 δέ
2677 3071 2984 3140 δωδεκάτην
3065 3074 3158 3128 τοῦ
3264 3068 3584 3150 Δεκεμϐρίου
3667 3074 3839 3146 μηνὸς

2185 3163 2432 3245 ἄγοντος)
2492 3165 2714 3241 προσ-ᾔει
2782 3163 2866 3219 καὶ
2951 3171 3106 3227 οὗτος
3190 3183 3270 3236 τῳ
3354 3159 3520 3240 τάφῳ,
3600 3161 3834 3238 καθάπερ

2182 3263 2338 3329 ζῶντι
2401 3252 2614 3330 μέλλων
2665 3264 3003 3333 περιτυχεῖν,
3041 3249 3248 3322 πολλήν
3276 3251 3384 3307 ἀπὸ
3414 3258 3504 3307 τοῦ
3545 3247 3831 3326 προσώπω

2183 3345 2459 3422 σημαίνων
2501 3343 2600 3410 τὴν
2630 3344 2760 3421 πρὸς
2807 3343 2963 3399 αὐτὸν
2999 3338 3126 3397 αῑδὼ
3185 3340 3272 3396 καὶ
3328 3333 3632 3396 εὐλάϐειαν.
3679 3333 3835 3394 Ἐπεὶ

2182 3433 2236 3492 δέ
2323 3435 2409 3492 καὶ
2493 3432 2716 3498 πλητίον
2783 3432 2872 3512 ἦν,
2961 3431 3048 3488 καὶ
3122 3432 3441 3508 παραδεῖναι
3529 3426 3625 3488 τὰς
3684 3424 3836 3502 ὄψεις

2181 3524 2398 3598 ἔμελλε,
2461 3523 2761 3602 Τοσαύτης,
2825 3523 3036 3585 ἐκεῖνος
3083 3519 3290 3597 ἔλεγεν,
3334 3522 3639 3588 ἐπισκοπῆς
3694 3519 3836 3582 θείας

2181 3616 2428 3691 ᾐσθόμην
2481 3611 2628 3669 ἔνδον
2698 3612 3110 3692 ἐνεργουμένης,
3156 3614 3245 3668 καὶ
3289 3610 3454 3678 οὕτως
3521 3613 3686 3682 αὖτήν
3738 3632 3838 3686 μου

2183 3703 2461 3775 διελήλυθε
2517 3703 2617 3771 τήν
2669 3701 2909 3780 καρδίαν,
2989 3703 3062 3765 ὡς
3146 3702 3412 3782 μετέωρόν
3471 3723 3537 3778 με
3598 3701 3835 3780 γενέσθαι

2181 3796 2259 3871 τῷ
2328 3795 2614 3874 πνεύματι,
2687 3794 2774 3850 καὶ
2860 3793 3000 3868 μόνα
3086 3794 3152 3848 τὰ
3224 3791 3428 3849 ἐκεῖθεν
3487 3791 3834 3872 φαντάζεσθαι

2183 3883 2381 3964 κάλλη,
2462 3880 2846 3956 ἐπιλαθόμενον
2919 3880 3018 3954 μὲν
3108 3886 3214 3936 τῶν
3302 3884 3511 3958 γηΐνων
3595 3878 3831 3958 πάντων,

2182 3973 2564 4047 ἐπιλαθόμενον
2637 3970 2689 4026 δὲ
2767 3972 2855 4026 καὶ
2932 3971 3089 4026 αύτοῦ
3149 3970 3426 4049 σώματος,
3489 3971 3578 4025 καὶ
3640 3965 3834 4048 σχεδὸν

2178 4064 2388 4143 ἄφωνόν
2446 4082 2502 4118 τε
2560 4063 2646 4118 καὶ
2705 4060 2990 4140 ἄφθογγον,
3050 4061 3126 4123 ὡς
3183 4057 3236 4113 δὲ
3299 4059 3394 4114 καῖ
3456 4057 3636 4116 ἄσιτον
3680 4059 3832 4131 ὄντα,

441 4166 557 4228 que
586 4147 740 4227 apud
773 4145 961 4208 ullum
983 4164 1189 4209 vocem
1223 4147 1732 4226 emittens,neque
1762 4147 1962 4209 cibum
1996 4157 2096 4211 aut

2184 4155 2264 4210 καὶ
2317 4154 2456 4228 μήτε
2504 4151 2629 4227 πρός
2681 4171 2798 4208 τινα
2851 4149 3032 4228 φωνὴν
3079 4147 3424 4226 προϊέμενον,
3457 4149 3599 4223 μήτε
3629 4147 3832 4226 τροφὴν

441 4246 642 4318 potum
676 4245 797 4299 toto
829 4237 933 4298 illo
984 4236 1082 4300 die
1136 4236 1485 4310 admittens,
1544 4237 1658 4298 nisi
1707 4237 1898 4300 solum
1932 4239 2091 4316 quod

2184 4241 2211 4309 ἢ
2270 4243 2426 4298 πόσι)
2475 4239 2600 4318 παρ’
2661 4238 2793 4306 ὅλην
2836 4239 3042 4305 ἐκείνην
3087 4239 3184 4307 τὴν
3231 4237 3440 4316 ἡμέραν
3474 4236 3832 4316 προσιέμενον

439 4325 694 4408 sumpsit
709 4325 972 4388 divinum
987 4343 1206 4406 corpus
1225 4332 1284 4386 et
1305 4325 1658 4404 sanguinem
1688 4327 2090 4394 Dominicum.

2184 4330 2338 4410 ὅλως,
2397 4331 2477 4386 ὅτι
2533 4329 2611 4406 μὴ
2690 4327 2853 4405 μόνου
2915 4327 3297 4408 μεταλαχόντα
3357 4329 3449 4384 106
3505 4325 3835 4385 Δεσποτικοῦ

435 4413 623 4478 Porro
676 4423 878 4477 autem
909 4415 1058 4476 alias
1088 4432 1327 4494 quoque
1355 4415 1410 4477 ei
1459 4417 1683 4478 exstitit
1736 4418 2089 4481 miraculum

2184 4421 2262 4478 atati
2319 4422 2458 4478 θείου
2503 4418 2753 4494 σώματός
2783 4431 2840 4476 τέ.
2886 4418 2979 4476 καῖ
3028 4419 3283 4494 αἵματος.
3334 4415 3584 4474 ’¹Αλλοτε
3643 4415 3830 4478 μεντοι

437 4505 811 4578 evidentius;
844 4512 934 4565 est
961 4519 1106 4564 vero
1140 4503 1351 4564 modus
1384 4505 1457 4567 ad
1481 4507 1842 4569 narrandum
1870 4509 2091 4589 jucun-

2184 4511 2263 4566 ui
2341 4508 2715 4588 ἐναργέστερον
2775 4511 2918 4584 αὖτῷ
2974 4509 3037 4566 τὸ
3093 4511 3266 4583 θαῦμα
3322 4506 3580 4579 κατέστη,
3661 4505 3748 4562 καὶ
3804 4507 3834 4561 ὁ

435 4593 744 4657 dissimus.
780 4591 890 4654 Ille
917 4591 1184 4672 quidem,
1233 4602 1297 4654 ut
1343 4593 1512 4665 dixit.
1546 4613 1683 4658 cum
1715 4580 2092 4662 eum'rnrsus

2184 4599 2366 4678 τρόπος
2421 4580 2704 4664 διεξελθεῖν
2775 4580 3201 4678 χαριέστατος..
3247 4594 3304 4655 ’0
3364 4596 3486 4672 μὲν,
3567 4597 3638 4658 ὠς
3699 4594 3831 4674 ἔφη,

437 4683 562 4756 ejus
603 4685 727 4741 dies
751 4684 926 4742 [estus
955 4685 1249 4748 invitaret.
1273 4689 1513 4744 accessit
1542 4687 2083 4761 Trimmythuntem,

2184 4692 2270 4757 τῆς
2312 4689 2503 4768 ἑορτῆς
2573 4687 2731 4744 αὒτὸν
2789 4691 2934 4750 αὖθις
2994 4685 3435 4766 παρακαλούσης,
3503 4686 3577 4750 εἷς
3629 4693 3830 4763 Τριμι-

433 4777 496 4830 et
522 4785 785 4848 capsam,
820 4787 953 4849 quae
981 4769 1178 4832 sancti
1223 4771 1572 4835 continebat
1599 4774 1903 4856 reliquias,
1936 4777 2084 4839 ado-

2184 4777 2359 4835 ὶοῦντα
2409 4776 2721 4858 γενόμενος,
2792 4779 2882 4834 καὶ
2952 4779 3056 4844 τὴν
3112 4777 3276 4857 σοφὸν
3321 4774 3358 4844 ἢ
3402 4775 3468 4831 τὰ
3523 4774 3616 4830 τοῦ
3680 4773 3834 4852 ἁγίου

429 4875 574 4948 rans
603 4865 664 4920 et
715 4858 1106 4948 amplectens,
1146 4858 1427 4924 similiter
1477 4863 1717 4944 quidem
1753 4864 1958 4928 habuit
1987 4885 2091 4928 cor

2184 4869 2398 4944 λείψανα
2457 4880 2730 4948 περιεῖχε,
2794 4873 3106 4948 προσκυνῶν
3165 4887 3222 4922 τε
3278 4866 3368 4922 καὶ
3425 4864 3828 4940 ἀσπαζόμενος,

429 4945 726 5038 repletum
780 4946 1048 5038 lumine;
1083 4947 1364 5031 impletus
1411 4961 1505 5016 est
1530 4963 1728 5017 autem
1765 4955 1817 5018 ei
1848 4975 2089 5038 quoque

2184 4957 2461 5037 ἐπληρώθη
2521 4945 2588 5032 μὲ
2633 4945 2846 5033 δμοίως
2893 4960 2990 5026 τὴν
3048 4955 3264 5034 καρδίαν
3321 4954 3520 5035 φωτὸς,
3582 4951 3832 5024 ἐπλήσθη

429 5035 668 5100 animus
729 5036 1053 5118 voluptate,
1088 5046 1147 5102 et
1204 5059 1475 5122 quasnam
1537 5043 1693 5106 bona
1739 5035 2089 5126 exspectant

2184 5045 2227 5103 δὲ
2273 5035 2369 5115 τήν
2425 5049 2612 5126 ψυχήν
2669 5043 2889 5123 ἡδονῆς,
2924 5047 3011 5102 καὶ
3057 5047 3153 5103 οἶα
3193 5043 3259 5100 τά
3301 5045 3423 5108 τοὺς
3453 5042 3636 5122 ἁγίους
3684 5063 3833 5121 περι-

429 5134 696 5216 sanctos,
751 5145 858 5207 per
915 5129 1254 5209 prmsentia,
1315 5133 1509 5211 quoad
1545 5134 1676 5213 ejus
1708 5135 1841 5196 ﬁeri
1872 5134 2083 5216 potuit,

2184 5138 2398 5195 αένοντα
2443 5138 2612 5216 ἀγαθὰ
2665 5137 2751 5192 διὰ
2800 5141 2908 5192 τῶν
2950 5133 3227 5215 παρόντων
3270 5136 3346 5199 ὡς
3390 5133 3507 5190 ἐνὸν
3564 5133 3828 5208 ἐτεκμαί-

428 5215 712 5296 conjecit.
740 5217 974 5282 Deinde
997 5218 1188 5281 ivitad
1209 5222 1532 5301 nundinas,
1561 5233 1623 5285 ut
1645 5215 2080 5306 supellectilem

2184 5249 2288 5284 ›ετο
2323 5243 2338 5258 ⁸
2396 5226 2583 5284 ἔπειτα
2639 5226 2728 5283 καὶ
2786 5226 2860 5288 εἷς
2918 5227 3018 5291 τήν
3093 5226 3392 5303 πανήγυριν
3451 5226 3561 5303 ᾕει,
3629 5221 3833 5280 ἔπιπλα

427 5307 748 5386 quamdam
779 5316 1030 5384 emeret,
1065 5318 1123 5371 et
1164 5311 1538 5391 vestimenta,
1574 5323 1641 5376 ut
1696 5313 1772 5376 iis
1805 5315 2081 5378 indueret

2184 5318 2228 5387 ἰή
2285 5339 2403 5375 τινα
2434 5317 2741 5386 ὠνήσασθαι
2791 5315 2877 5371 καὶ
2925 5315 3225 5390 ἐσθήματα,
3284 5314 3478 5382 πένησι
3522 5314 3611 5370 καὶ
3681 5312 3830 5370 ἀπό-

425 5411 723 5486 pauperes
752 5405 814 5459 et
843 5415 1096 5476 egenos,
1129 5408 1334 5480 utpote
1365 5403 1523 5482 quod
1559 5412 1795 5485 tempus
1816 5404 1958 5466 anni
2003 5405 2079 5467 ad

2184 5430 2272 5472 ›οις
2329 5404 2642 5480 περιϐολήν,
2699 5404 2793 5461 ἅτε
2853 5402 2918 5475 δή
2978 5407 3066 5463 καὶ
3126 5409 3226 5472 τῆς
3313 5403 3454 5484 ὥρας
3517 5405 3590 5468 εἷς
3671 5409 3830 5461 10610

421 5483 483 5546 id
505 5494 767 5576 vocaret,
795 5486 1098 5550 eratenim
1125 5489 1331 5569 frigus.
1357 5491 1505 5554 Cum
1529 5509 1600 5555 ea
1617 5483 1760 5572 ergo
1782 5494 2077 5557 adornas-

2184 5498 2458 5576 ιαλούσης,
2521 5500 2699 5576 ψῦχος
2757 5495 2858 5574 γὰρ
2916 5494 3007 5563 ἦν,
3065 5493 3217 5552 Ἐπεὶ
3272 5483 3369 5552 οὖν
3418 5492 3829 5568 ἐνεσκευάαατο,

420 5581 535 5650 set,
569 5584 628 5638 et
656 5575 902 5666 domum
937 5577 1204 5666 eundum
1237 5587 1420 5657 esset,
1469 5599 1584 5644 usu
1633 5583 1715 5646 ita
1760 5594 2074 5666 poscente,

2184 5589 2250 5644 ιαὶ
2306 5585 2409 5644 ἔδει
2445 5575 2651 5666 γιροιτᾷν
2695 5583 2881 5642 οἴκαδε
2941 5585 3128 5666 χρείας
3189 5583 3535 5665 ἐπειγούσης,
3601 5581 3830 5663 συνδρο-

425 5669 554 5738 erat
577 5664 821 5749 quidem
851 5665 1105 5731 nubium
1150 5686 1506 5753 concursus,
1543 5679 1608 5737 ut
1649 5664 1803 5738 solet
1829 5673 2075 5756 hieme;

2184 5679 2239 5748 ιή
2277 5677 2400 5756 μὶν,
2433 5664 2531 5737 οἶα
2562 5680 2858 5757 χειμῶνος,
2921 5664 3094 5757 νεφῶν
3140 5674 3231 5751 ἦν,
3303 5664 3589 5755 ὄμϐρουγδὶ
3652 5692 3833 5733 κατα-
