  <div class='ocr_page' id='page_1' title='image "/cluster/home/n/w/nwhite01/storage/ocr_20150623/116:no.3/coo.31924054870203/240.png"; bbox 0 0 4132 6408; ppageno 0'>
   <div class='ocr_carea' id='block_1_1' title="bbox 327 378 447 448">
    <p class='ocr_par' dir='ltr' id='par_1_1' title="bbox 327 378 447 448">
     <span class='ocr_line' id='line_1_1' title="bbox 327 378 447 448; baseline 0 -1"><span class='ocrx_word' id='word_1_1' title='bbox 327 378 447 448; x_wconf 76' lang='grc'><strong>465</strong></span> 
     </span>
    </p>
   </div>
   <div class='ocr_carea' id='block_1_2' title="bbox 1614 372 2444 441">
    <p class='ocr_par' dir='ltr' id='par_1_2' title="bbox 1614 372 2444 441">
     <span class='ocr_line' id='line_1_2' title="bbox 1614 372 2444 441; baseline 0 -2"><span class='ocrx_word' id='word_1_2' title='bbox 1614 373 1803 439; x_wconf 77' lang='grc' dir='ltr'><strong>ἮΤΑ</strong></span> <span class='ocrx_word' id='word_1_3' title='bbox 1845 375 1908 437; x_wconf 80' lang='lat'><strong>8.</strong></span> <span class='ocrx_word' id='word_1_4' title='bbox 1963 372 2343 441; x_wconf 83' lang='lat' dir='ltr'><strong>SPYRIDON</strong></span> <span class='ocrx_word' id='word_1_5' title='bbox 2349 374 2444 440; x_wconf 86' lang='lat' dir='ltr'><strong>IS.</strong></span> 
     </span>
    </p>
   </div>
   <div class='ocr_carea' id='block_1_3' title="bbox 3596 374 3715 448">
    <p class='ocr_par' dir='ltr' id='par_1_3' title="bbox 3596 374 3715 448">
     <span class='ocr_line' id='line_1_3' title="bbox 3596 374 3715 448; baseline 0.017 -2"><span class='ocrx_word' id='word_1_6' title='bbox 3596 374 3715 448; x_wconf 83' lang='grc'><strong>466</strong></span> 
     </span>
    </p>
   </div>
   <div class='ocr_carea' id='block_1_4' title="bbox 325 508 1971 600">
    <p class='ocr_par' dir='ltr' id='par_1_4' title="bbox 325 509 1971 600">
     <span class='ocr_line' id='line_1_4' title="bbox 325 509 1971 600; baseline -0.008 -21"><span class='ocrx_word' id='word_1_7' title='bbox 325 518 466 600; x_wconf 76' lang='grc' dir='ltr'>φορὰ</span> <span class='ocrx_word' id='word_1_8' title='bbox 513 512 799 586; x_wconf 67' lang='grc' dir='ltr'>ἠπειλεϊτο</span> <span class='ocrx_word' id='word_1_9' title='bbox 869 510 1092 594; x_wconf 76' lang='grc' dir='ltr'>σφοδρὰ,</span> <span class='ocrx_word' id='word_1_10' title='bbox 1167 511 1255 570; x_wconf 80' lang='grc' dir='ltr'>καὶ</span> <span class='ocrx_word' id='word_1_11' title='bbox 1309 513 1344 580; x_wconf 83' lang='grc' dir='ltr'><strong>ἡ</strong></span> <span class='ocrx_word' id='word_1_12' title='bbox 1416 510 1634 591; x_wconf 70' lang='grc' dir='ltr'>φροντὶς</span> <span class='ocrx_word' id='word_1_13' title='bbox 1691 513 1751 568; x_wconf 76' lang='grc' dir='ltr'>οὗ</span> <span class='ocrx_word' id='word_1_14' title='bbox 1818 509 1971 590; x_wconf 86' lang='grc' dir='ltr'>μικρᾶ</span> 
     </span>
    </p>
   </div>
   <div class='ocr_carea' id='block_1_5' title="bbox 2055 508 3712 600">
    <p class='ocr_par' dir='ltr' id='par_1_5' title="bbox 2062 508 3712 600">
     <span class='ocr_line' id='line_1_5' title="bbox 2062 508 3712 600; baseline 0.006 -29"><span class='ocrx_word' id='word_1_15' title='bbox 2062 508 2510 600; x_wconf 78' lang='lat' dir='ltr'><strong>intentabantur</strong></span> <span class='ocrx_word' id='word_1_16' title='bbox 2529 515 2726 576; x_wconf 82' lang='lat' dir='ltr'><strong>autem</strong></span> <span class='ocrx_word' id='word_1_17' title='bbox 2750 509 2928 580; x_wconf 72' lang='lat' dir='ltr'><strong>mium</strong></span> <span class='ocrx_word' id='word_1_18' title='bbox 2943 509 3316 576; x_wconf 81' lang='lat' dir='ltr'><strong>vehementis</strong></span> <span class='ocrx_word' id='word_1_19' title='bbox 3335 511 3548 578; x_wconf 76' lang='lat' dir='ltr'><strong>futurae</strong></span> <span class='ocrx_word' id='word_1_20' title='bbox 3575 516 3712 597; x_wconf 83' lang='lat' dir='ltr'><strong>plu-</strong></span> 
     </span>
    </p>
   </div>
   <div class='ocr_carea' id='block_1_6' title="bbox 323 600 1976 682">
    <p class='ocr_par' dir='ltr' id='par_1_6' title="bbox 323 600 1976 682">
     <span class='ocr_line' id='line_1_6' title="bbox 323 600 1976 682; baseline -0.005 -15"><span class='ocrx_word' id='word_1_21' title='bbox 323 608 466 668; x_wconf 76' lang='grc' dir='ltr'>οὕτω</span> <span class='ocrx_word' id='word_1_22' title='bbox 521 604 972 682; x_wconf 73' lang='grc' dir='ltr'>ταλαιπωροῦντι,</span> <span class='ocrx_word' id='word_1_23' title='bbox 1029 603 1118 661; x_wconf 83' lang='grc' dir='ltr'><strong>καὶ</strong></span> <span class='ocrx_word' id='word_1_24' title='bbox 1171 603 1265 660; x_wconf 81' lang='grc' dir='ltr'><strong>τὸν</strong></span> <span class='ocrx_word' id='word_1_25' title='bbox 1320 604 1512 682; x_wconf 78' lang='grc' dir='ltr'>φόρτον</span> <span class='ocrx_word' id='word_1_26' title='bbox 1556 600 1841 679; x_wconf 73' lang='grc' dir='ltr'>παραδόντι</span> <span class='ocrx_word' id='word_1_27' title='bbox 1897 607 1976 676; x_wconf 83' lang='grc' dir='ltr'><strong>τῷ</strong></span> 
     </span>
    </p>
   </div>
   <div class='ocr_carea' id='block_1_7' title="bbox 324 689 1974 774">
    <p class='ocr_par' dir='ltr' id='par_1_7' title="bbox 324 689 1974 774">
     <span class='ocr_line' id='line_1_7' title="bbox 324 689 1974 774; baseline -0.004 -19"><span class='ocrx_word' id='word_1_28' title='bbox 324 700 483 774; x_wconf 55' lang='lat' dir='ltr'><strong>iisti),</strong></span> <span class='ocrx_word' id='word_1_29' title='bbox 546 696 645 765; x_wconf 76' lang='grc' dir='ltr'><strong>τὴν</strong></span> <span class='ocrx_word' id='word_1_30' title='bbox 690 695 744 759; x_wconf 76' lang='grc' dir='ltr'>ἐς</span> <span class='ocrx_word' id='word_1_31' title='bbox 802 695 870 752; x_wconf 71' lang='grc' dir='ltr'>τὰ</span> <span class='ocrx_word' id='word_1_32' title='bbox 914 695 1090 750; x_wconf 75' lang='grc' dir='ltr'>οἰκεῖα</span> <span class='ocrx_word' id='word_1_33' title='bbox 1145 690 1358 769; x_wconf 66' lang='grc' dir='ltr'>τάμνειν</span> <span class='ocrx_word' id='word_1_34' title='bbox 1412 689 1557 755; x_wconf 83' lang='grc' dir='ltr'>ὁδόν.</span> <span class='ocrx_word' id='word_1_35' title='bbox 1612 689 1974 771; x_wconf 74' lang='grc' dir='ltr'>Προϐάλλεται</span> 
     </span>
    </p>
   </div>
   <div class='ocr_carea' id='block_1_8' title="bbox 323 780 1974 867">
    <p class='ocr_par' dir='ltr' id='par_1_8' title="bbox 323 780 1974 867">
     <span class='ocr_line' id='line_1_8' title="bbox 323 780 1974 867; baseline -0.004 -22"><span class='ocrx_word' id='word_1_36' title='bbox 323 796 451 867; x_wconf 72' lang='grc' dir='ltr'>γοῦν</span> <span class='ocrx_word' id='word_1_37' title='bbox 504 787 604 855; x_wconf 77' lang='grc' dir='ltr'><strong>τὴν</strong></span> <span class='ocrx_word' id='word_1_38' title='bbox 647 785 852 862; x_wconf 76' lang='grc' dir='ltr'>ἀγαθὴν</span> <span class='ocrx_word' id='word_1_39' title='bbox 911 781 1120 860; x_wconf 73' lang='grc' dir='ltr'>ἐλπίδα,</span> <span class='ocrx_word' id='word_1_40' title='bbox 1165 783 1252 840; x_wconf 82' lang='grc' dir='ltr'>καὶ</span> <span class='ocrx_word' id='word_1_41' title='bbox 1323 783 1388 840; x_wconf 80' lang='grc' dir='ltr'><strong>τὰ</strong></span> <span class='ocrx_word' id='word_1_42' title='bbox 1431 780 1654 858; x_wconf 75' lang='grc' dir='ltr'>ἔπιπλα,</span> <span class='ocrx_word' id='word_1_43' title='bbox 1726 783 1817 840; x_wconf 79' lang='grc' dir='ltr'><strong>καὶ</strong></span> <span class='ocrx_word' id='word_1_44' title='bbox 1870 788 1974 839; x_wconf 85' lang='grc' dir='ltr'><strong>πᾶν</strong></span> 
     </span>
    </p>
   </div>
   <div class='ocr_carea' id='block_1_9' title="bbox 320 871 1970 951">
    <p class='ocr_par' dir='ltr' id='par_1_9' title="bbox 320 871 1970 951">
     <span class='ocr_line' id='line_1_9' title="bbox 320 871 1970 951; baseline -0.004 -16"><span class='ocrx_word' id='word_1_45' title='bbox 320 877 448 936; x_wconf 73' lang='grc' dir='ltr'>ὅσον</span> <span class='ocrx_word' id='word_1_46' title='bbox 503 877 560 934; x_wconf 74' lang='grc' dir='ltr'>ἐν</span> <span class='ocrx_word' id='word_1_47' title='bbox 616 875 904 950; x_wconf 76' lang='grc' dir='ltr'>ἒσθήμασι,</span> <span class='ocrx_word' id='word_1_48' title='bbox 964 885 1082 939; x_wconf 75' lang='grc' dir='ltr'>τοῖς</span> <span class='ocrx_word' id='word_1_49' title='bbox 1127 873 1426 951; x_wconf 77' lang='grc' dir='ltr'><strong>ὑποζυγίοις</strong></span> <span class='ocrx_word' id='word_1_50' title='bbox 1467 871 1766 950; x_wconf 76' lang='grc' dir='ltr'><strong>ἐνθέμενος,</strong></span> <span class='ocrx_word' id='word_1_51' title='bbox 1814 872 1970 936; x_wconf 73' lang='grc' dir='ltr'>αὖτὸς</span> 
     </span>
    </p>
   </div>
   <div class='ocr_carea' id='block_1_10' title="bbox 314 962 1970 1043">
    <p class='ocr_par' dir='ltr' id='par_1_10' title="bbox 314 962 1970 1043">
     <span class='ocr_line' id='line_1_10' title="bbox 314 962 1970 1043; baseline -0.006 -17"><span class='ocrx_word' id='word_1_52' title='bbox 314 969 394 1043; x_wconf 81' lang='grc' dir='ltr'>τῷ</span> <span class='ocrx_word' id='word_1_53' title='bbox 448 967 639 1026; x_wconf 81' lang='grc' dir='ltr'>τούτου</span> <span class='ocrx_word' id='word_1_54' title='bbox 681 962 1002 1043; x_wconf 78' lang='grc' dir='ltr'>προστρέχει</span> <span class='ocrx_word' id='word_1_55' title='bbox 1058 963 1192 1038; x_wconf 79' lang='grc' dir='ltr'><strong>ναῷ,</strong></span> <span class='ocrx_word' id='word_1_56' title='bbox 1223 963 1312 1020; x_wconf 84' lang='grc' dir='ltr'><strong>καὶ</strong></span> <span class='ocrx_word' id='word_1_57' title='bbox 1341 965 1416 1028; x_wconf 86' lang='grc' dir='ltr'>ὡς</span> <span class='ocrx_word' id='word_1_58' title='bbox 1445 963 1573 1043; x_wconf 72' lang='grc' dir='ltr'>εἶχε</span> <span class='ocrx_word' id='word_1_59' title='bbox 1601 968 1672 1039; x_wconf 76' lang='grc' dir='ltr'><strong>τῇ</strong></span> <span class='ocrx_word' id='word_1_60' title='bbox 1695 963 1836 1039; x_wconf 74' lang='grc' dir='ltr'>θήκῃ</span> <span class='ocrx_word' id='word_1_61' title='bbox 1869 982 1970 1018; x_wconf 86' lang='grc' dir='ltr'>πε-</span> 
     </span>
    </p>
   </div>
   <div class='ocr_carea' id='block_1_11' title="bbox 313 1051 1971 1138">
    <p class='ocr_par' dir='ltr' id='par_1_11' title="bbox 313 1051 1971 1138">
     <span class='ocr_line' id='line_1_11' title="bbox 313 1051 1971 1138; baseline -0.006 -22"><span class='ocrx_word' id='word_1_62' title='bbox 313 1058 582 1138; x_wconf 79' lang='grc' dir='ltr'>ριχυθεὶς,</span> <span class='ocrx_word' id='word_1_63' title='bbox 643 1055 731 1112; x_wconf 81' lang='grc' dir='ltr'><strong>καὶ</strong></span> <span class='ocrx_word' id='word_1_64' title='bbox 785 1054 881 1110; x_wconf 81' lang='grc' dir='ltr'>οἶα</span> <span class='ocrx_word' id='word_1_65' title='bbox 933 1058 1092 1124; x_wconf 84' lang='grc' dir='ltr'>ζῶντι</span> <span class='ocrx_word' id='word_1_66' title='bbox 1149 1055 1357 1128; x_wconf 80' lang='grc' dir='ltr'><strong>θερμῶς</strong></span> <span class='ocrx_word' id='word_1_67' title='bbox 1413 1053 1665 1132; x_wconf 73' lang='grc' dir='ltr'>περιφὺς,</span> <span class='ocrx_word' id='word_1_68' title='bbox 1739 1051 1971 1108; x_wconf 77' lang='grc' dir='ltr'><strong>αἰτεῖται</strong></span> 
     </span>
    </p>
   </div>
   <div class='ocr_carea' id='block_1_12' title="bbox 311 1139 1970 1219">
    <p class='ocr_par' dir='ltr' id='par_1_12' title="bbox 311 1139 1970 1219">
     <span class='ocr_line' id='line_1_12' title="bbox 311 1139 1970 1219; baseline -0.005 -14"><span class='ocrx_word' id='word_1_69' title='bbox 311 1151 649 1214; x_wconf 80' lang='grc' dir='ltr'>κοινωνῆσαι</span> <span class='ocrx_word' id='word_1_70' title='bbox 733 1143 878 1218; x_wconf 72' lang='grc' dir='ltr'>αὖτῷ</span> <span class='ocrx_word' id='word_1_71' title='bbox 949 1142 1046 1210; x_wconf 74' lang='grc' dir='ltr'>τῆς</span> <span class='ocrx_word' id='word_1_72' title='bbox 1124 1139 1265 1215; x_wconf 72' lang='grc' dir='ltr'>ὀδοῦ,</span> <span class='ocrx_word' id='word_1_73' title='bbox 1339 1143 1428 1198; x_wconf 82' lang='grc' dir='ltr'>καὶ</span> <span class='ocrx_word' id='word_1_74' title='bbox 1493 1141 1714 1219; x_wconf 79' lang='grc' dir='ltr'>ἡγεμὼν</span> <span class='ocrx_word' id='word_1_75' title='bbox 1771 1140 1970 1219; x_wconf 80' lang='grc' dir='ltr'>ἀγαθὸς</span> 
     </span>
    </p>
   </div>
   <div class='ocr_carea' id='block_1_13' title="bbox 313 1227 1968 1318">
    <p class='ocr_par' dir='ltr' id='par_1_13' title="bbox 313 1227 1968 1318">
     <span class='ocr_line' id='line_1_13' title="bbox 313 1227 1968 1318; baseline -0.004 -24"><span class='ocrx_word' id='word_1_76' title='bbox 313 1237 564 1318; x_wconf 77' lang='grc' dir='ltr'>γενέσθαι</span> <span class='ocrx_word' id='word_1_77' title='bbox 615 1234 760 1309; x_wconf 76' lang='grc' dir='ltr'>αὖτῷ</span> <span class='ocrx_word' id='word_1_78' title='bbox 816 1254 876 1292; x_wconf 88' lang='grc' dir='ltr'><strong>τε</strong></span> <span class='ocrx_word' id='word_1_79' title='bbox 934 1234 1174 1297; x_wconf 74' lang='grc' dir='ltr'>καὶτοῖς</span> <span class='ocrx_word' id='word_1_80' title='bbox 1232 1232 1326 1289; x_wconf 81' lang='grc' dir='ltr'>σὺν</span> <span class='ocrx_word' id='word_1_81' title='bbox 1383 1233 1526 1292; x_wconf 77' lang='grc' dir='ltr'><strong>αὖτὼ</strong></span> <span class='ocrx_word' id='word_1_82' title='bbox 1573 1238 1756 1306; x_wconf 82' lang='grc' dir='ltr'>πᾶσιν,</span> <span class='ocrx_word' id='word_1_83' title='bbox 1806 1227 1968 1287; x_wconf 78' lang='grc' dir='ltr'>εύπο-</span> 
     </span>
    </p>
   </div>
   <div class='ocr_carea' id='block_1_14' title="bbox 313 1319 1972 1406">
    <p class='ocr_par' dir='ltr' id='par_1_14' title="bbox 313 1319 1972 1406">
     <span class='ocr_line' id='line_1_14' title="bbox 313 1319 1972 1406; baseline -0.007 -21"><span class='ocrx_word' id='word_1_84' title='bbox 313 1328 407 1406; x_wconf 89' lang='grc' dir='ltr'><strong>ρόν</strong></span> <span class='ocrx_word' id='word_1_85' title='bbox 463 1347 524 1384; x_wconf 89' lang='grc' dir='ltr'><strong>τε</strong></span> <span class='ocrx_word' id='word_1_86' title='bbox 593 1326 777 1390; x_wconf 73' lang='grc' dir='ltr'>αὑτοῖς</span> <span class='ocrx_word' id='word_1_87' title='bbox 833 1322 934 1391; x_wconf 74' lang='grc' dir='ltr'>τὴν</span> <span class='ocrx_word' id='word_1_88' title='bbox 1004 1320 1125 1379; x_wconf 80' lang='grc' dir='ltr'>ὁδὸν</span> <span class='ocrx_word' id='word_1_89' title='bbox 1169 1326 1393 1388; x_wconf 79' lang='grc' dir='ltr'>ποιῆσαι</span> <span class='ocrx_word' id='word_1_90' title='bbox 1445 1327 1554 1378; x_wconf 82' lang='grc' dir='ltr'><strong>τῶν</strong></span> <span class='ocrx_word' id='word_1_91' title='bbox 1603 1319 1816 1398; x_wconf 79' lang='grc' dir='ltr'>ὄμϐρων</span> <span class='ocrx_word' id='word_1_92' title='bbox 1873 1321 1972 1388; x_wconf 74' lang='grc' dir='ltr'><strong>τὴν</strong></span> 
     </span>
    </p>
   </div>
   <div class='ocr_carea' id='block_1_15' title="bbox 314 1408 1971 1491">
    <p class='ocr_par' dir='ltr' id='par_1_15' title="bbox 314 1408 1971 1491">
     <span class='ocr_line' id='line_1_15' title="bbox 314 1408 1971 1491; baseline -0.006 -16"><span class='ocrx_word' id='word_1_93' title='bbox 314 1415 550 1485; x_wconf 65' lang='grc' dir='ltr'>ἀπειλήν</span> <span class='ocrx_word' id='word_1_94' title='bbox 607 1415 696 1473; x_wconf 77' lang='grc' dir='ltr'>καὶ</span> <span class='ocrx_word' id='word_1_95' title='bbox 742 1412 1056 1488; x_wconf 71' lang='grc' dir='ltr'><strong>πνευμάτων</strong></span> <span class='ocrx_word' id='word_1_96' title='bbox 1104 1409 1398 1491; x_wconf 75' lang='grc' dir='ltr'><strong>ἐπισχόντα</strong></span> <span class='ocrx_word' id='word_1_97' title='bbox 1443 1412 1540 1481; x_wconf 75' lang='grc' dir='ltr'><strong>τήν</strong></span> <span class='ocrx_word' id='word_1_98' title='bbox 1571 1411 1709 1488; x_wconf 85' lang='grc' dir='ltr'>βίαν.</span> <span class='ocrx_word' id='word_1_99' title='bbox 1771 1408 1833 1468; x_wconf 88' lang='grc' dir='ltr'><strong>Ὀ</strong></span> <span class='ocrx_word' id='word_1_100' title='bbox 1871 1409 1971 1477; x_wconf 78' lang='grc' dir='ltr'>μὲν</span> 
     </span>
    </p>
   </div>
   <div class='ocr_carea' id='block_1_16' title="bbox 315 1497 1972 1581">
    <p class='ocr_par' dir='ltr' id='par_1_16' title="bbox 315 1497 1972 1581">
     <span class='ocr_line' id='line_1_16' title="bbox 315 1497 1972 1581; baseline -0.007 -15"><span class='ocrx_word' id='word_1_101' title='bbox 315 1515 484 1566; x_wconf 77' lang='grc' dir='ltr'>ταῦτα</span> <span class='ocrx_word' id='word_1_102' title='bbox 552 1504 836 1581; x_wconf 74' lang='grc' dir='ltr'>εὒξᾶμενος</span> <span class='ocrx_word' id='word_1_103' title='bbox 919 1502 1016 1570; x_wconf 73' lang='grc' dir='ltr'><strong>τῆς</strong></span> <span class='ocrx_word' id='word_1_104' title='bbox 1102 1503 1476 1581; x_wconf 82' lang='grc' dir='ltr'>Τριμιθοῦντος</span> <span class='ocrx_word' id='word_1_105' title='bbox 1549 1499 1714 1578; x_wconf 73' lang='grc' dir='ltr'>ξξῄει.</span> <span class='ocrx_word' id='word_1_106' title='bbox 1797 1497 1859 1559; x_wconf 89' lang='grc' dir='ltr'>Ὀ</span> <span class='ocrx_word' id='word_1_107' title='bbox 1917 1498 1972 1556; x_wconf 75' lang='grc' dir='ltr'>δὲ</span> 
     </span>
    </p>
   </div>
   <div class='ocr_carea' id='block_1_17' title="bbox 317 1589 1971 1677">
    <p class='ocr_par' dir='ltr' id='par_1_17' title="bbox 317 1589 1971 1677">
     <span class='ocr_line' id='line_1_17' title="bbox 317 1589 1971 1677; baseline -0.005 -23"><span class='ocrx_word' id='word_1_108' title='bbox 317 1597 496 1677; x_wconf 74' lang='grc' dir='ltr'>ἅγιος,</span> <span class='ocrx_word' id='word_1_109' title='bbox 578 1594 756 1672; x_wconf 77' lang='grc' dir='ltr'>ὥσπερ</span> <span class='ocrx_word' id='word_1_110' title='bbox 847 1593 935 1649; x_wconf 84' lang='grc' dir='ltr'>καὶ</span> <span class='ocrx_word' id='word_1_111' title='bbox 1006 1598 1156 1654; x_wconf 67' lang='grc' dir='ltr'>οὗτος</span> <span class='ocrx_word' id='word_1_112' title='bbox 1243 1590 1465 1664; x_wconf 73' lang='grc' dir='ltr'>ηὔξατο,</span> <span class='ocrx_word' id='word_1_113' title='bbox 1553 1591 1648 1648; x_wconf 74' lang='grc' dir='ltr'><strong>οδκ</strong></span> <span class='ocrx_word' id='word_1_114' title='bbox 1731 1589 1971 1667; x_wconf 70' lang='grc' dir='ltr'>ἀοράτως</span> 
     </span>
    </p>
   </div>
   <div class='ocr_carea' id='block_1_18' title="bbox 320 1679 1972 1763">
    <p class='ocr_par' dir='ltr' id='par_1_18' title="bbox 320 1679 1972 1763">
     <span class='ocr_line' id='line_1_18' title="bbox 320 1679 1972 1763; baseline -0.005 -19"><span class='ocrx_word' id='word_1_115' title='bbox 320 1689 511 1763; x_wconf 79' lang='grc' dir='ltr'>μόνον,</span> <span class='ocrx_word' id='word_1_116' title='bbox 577 1682 716 1741; x_wconf 80' lang='grc' dir='ltr'><strong>ἆλλά</strong></span> <span class='ocrx_word' id='word_1_117' title='bbox 754 1683 843 1738; x_wconf 82' lang='grc' dir='ltr'><strong>καὶ</strong></span> <span class='ocrx_word' id='word_1_118' title='bbox 900 1683 1104 1760; x_wconf 73' lang='grc' dir='ltr'>ὁρατῶς</span> <span class='ocrx_word' id='word_1_119' title='bbox 1160 1679 1266 1748; x_wconf 75' lang='grc' dir='ltr'>ἤδη</span> <span class='ocrx_word' id='word_1_120' title='bbox 1309 1679 1393 1737; x_wconf 79' lang='grc' dir='ltr'><strong>διὰ</strong></span> <span class='ocrx_word' id='word_1_121' title='bbox 1451 1679 1632 1747; x_wconf 83' lang='grc' dir='ltr'>πάσης</span> <span class='ocrx_word' id='word_1_122' title='bbox 1681 1683 1823 1754; x_wconf 82' lang='grc' dir='ltr'>αὒτῷ</span> <span class='ocrx_word' id='word_1_123' title='bbox 1875 1679 1972 1746; x_wconf 73' lang='grc' dir='ltr'><strong>τῆς</strong></span> 
     </span>
    </p>
   </div>
   <div class='ocr_carea' id='block_1_19' title="bbox 325 1767 1972 1856">
    <p class='ocr_par' dir='ltr' id='par_1_19' title="bbox 325 1767 1972 1856">
     <span class='ocr_line' id='line_1_19' title="bbox 325 1767 1972 1856; baseline -0.004 -22"><span class='ocrx_word' id='word_1_124' title='bbox 325 1776 473 1856; x_wconf 76' lang='grc' dir='ltr'>δδοῦ,</span> <span class='ocrx_word' id='word_1_125' title='bbox 526 1775 757 1852; x_wconf 76' lang='grc' dir='ltr'>καθάπερ</span> <span class='ocrx_word' id='word_1_126' title='bbox 827 1778 934 1829; x_wconf 84' lang='grc' dir='ltr'><strong>τῶν</strong></span> <span class='ocrx_word' id='word_1_127' title='bbox 1011 1768 1302 1849; x_wconf 79' lang='grc' dir='ltr'>ὁδοιπόρων</span> <span class='ocrx_word' id='word_1_128' title='bbox 1369 1774 1480 1850; x_wconf 81' lang='grc' dir='ltr'>εἷς,</span> <span class='ocrx_word' id='word_1_129' title='bbox 1539 1771 1848 1846; x_wconf 77' lang='grc' dir='ltr'>συμπαρῆν,</span> <span class='ocrx_word' id='word_1_130' title='bbox 1910 1767 1972 1828; x_wconf 86' lang='grc' dir='ltr'>Ὀ</span> 
     </span>
    </p>
   </div>
   <div class='ocr_carea' id='block_1_20' title="bbox 2055 598 3712 682">
    <p class='ocr_par' dir='ltr' id='par_1_20' title="bbox 2055 598 3712 682">
     <span class='ocr_line' id='line_1_20' title="bbox 2055 598 3712 682; baseline 0.007 -23"><span class='ocrx_word' id='word_1_131' title='bbox 2055 598 2160 662; x_wconf 74' lang='lat' dir='ltr'><strong>viae</strong></span> <span class='ocrx_word' id='word_1_132' title='bbox 2186 619 2201 681; x_wconf 88' lang='lat'><strong>;</strong></span> <span class='ocrx_word' id='word_1_133' title='bbox 2229 609 2288 662; x_wconf 90' lang='lat' dir='ltr'><strong>et</strong></span> <span class='ocrx_word' id='word_1_134' title='bbox 2313 619 2430 662; x_wconf 89' lang='lat' dir='ltr'><strong>non</strong></span> <span class='ocrx_word' id='word_1_135' title='bbox 2457 618 2668 681; x_wconf 88' lang='lat' dir='ltr'><strong>parum</strong></span> <span class='ocrx_word' id='word_1_136' title='bbox 2694 607 2823 664; x_wconf 85' lang='lat' dir='ltr'><strong>erat</strong></span> <span class='ocrx_word' id='word_1_137' title='bbox 2837 601 3310 682; x_wconf 80' lang='lat' dir='ltr'><strong>soliicitus,num</strong></span> <span class='ocrx_word' id='word_1_138' title='bbox 3331 603 3411 667; x_wconf 88' lang='lat' dir='ltr'><strong>ita</strong></span> <span class='ocrx_word' id='word_1_139' title='bbox 3431 605 3712 678; x_wconf 73' lang='lat' dir='ltr'><strong>afﬂictus,</strong></span> 
     </span>
    </p>
   </div>
   <div class='ocr_carea' id='block_1_21' title="bbox 2055 689 3711 775">
    <p class='ocr_par' dir='ltr' id='par_1_21' title="bbox 2055 689 3711 775">
     <span class='ocr_line' id='line_1_21' title="bbox 2055 689 3711 775; baseline 0.004 -25"><span class='ocrx_word' id='word_1_140' title='bbox 2055 706 2190 750; x_wconf 89' lang='lat' dir='ltr'><strong>cum</strong></span> <span class='ocrx_word' id='word_1_141' title='bbox 2213 707 2365 752; x_wconf 89' lang='lat' dir='ltr'><strong>onus</strong></span> <span class='ocrx_word' id='word_1_142' title='bbox 2398 689 2744 752; x_wconf 70' lang='lat' dir='ltr'><strong>tradidisset</strong></span> <span class='ocrx_word' id='word_1_143' title='bbox 2795 689 3032 770; x_wconf 62' lang='lat' dir='ltr'><strong>pluviae,</strong></span> <span class='ocrx_word' id='word_1_144' title='bbox 3070 690 3321 756; x_wconf 77' lang='lat' dir='ltr'><strong>deberet</strong></span> <span class='ocrx_word' id='word_1_145' title='bbox 3351 695 3711 775; x_wconf 85' lang='lat' dir='ltr'><strong>compendio</strong></span> 
     </span>
    </p>
   </div>
   <div class='ocr_carea' id='block_1_22' title="bbox 2055 778 3714 866">
    <p class='ocr_par' dir='ltr' id='par_1_22' title="bbox 2055 778 3714 866">
     <span class='ocr_line' id='line_1_22' title="bbox 2055 778 3714 866; baseline 0.005 -27"><span class='ocrx_word' id='word_1_146' title='bbox 2055 778 2299 840; x_wconf 90' lang='lat' dir='ltr'><strong>domum</strong></span> <span class='ocrx_word' id='word_1_147' title='bbox 2331 779 2447 841; x_wconf 90' lang='lat' dir='ltr'><strong>iter</strong></span> <span class='ocrx_word' id='word_1_148' title='bbox 2474 778 2737 858; x_wconf 80' lang='lat' dir='ltr'><strong>ingredi.</strong></span> <span class='ocrx_word' id='word_1_149' title='bbox 2760 783 2986 842; x_wconf 84' lang='lat' dir='ltr'><strong>Bonam</strong></span> <span class='ocrx_word' id='word_1_150' title='bbox 3014 780 3215 862; x_wconf 90' lang='lat' dir='ltr'><strong>itaque</strong></span> <span class='ocrx_word' id='word_1_151' title='bbox 3237 800 3406 862; x_wconf 87' lang='lat' dir='ltr'><strong>spem</strong></span> <span class='ocrx_word' id='word_1_152' title='bbox 3429 784 3546 846; x_wconf 85' lang='lat' dir='ltr'><strong>sibi</strong></span> <span class='ocrx_word' id='word_1_153' title='bbox 3578 803 3714 866; x_wconf 85' lang='lat' dir='ltr'><strong>pro-</strong></span> 
     </span>
    </p>
   </div>
   <div class='ocr_carea' id='block_1_23' title="bbox 2057 867 3711 952">
    <p class='ocr_par' dir='ltr' id='par_1_23' title="bbox 2057 867 3711 952">
     <span class='ocr_line' id='line_1_23' title="bbox 2057 867 3711 952; baseline 0.007 -25"><span class='ocrx_word' id='word_1_154' title='bbox 2057 867 2224 948; x_wconf 90' lang='lat' dir='ltr'><strong>ponit</strong></span> <span class='ocrx_word' id='word_1_155' title='bbox 2250 888 2266 930; x_wconf 90' lang='lat'><strong>:</strong></span> <span class='ocrx_word' id='word_1_156' title='bbox 2291 877 2349 930; x_wconf 90' lang='lat' dir='ltr'><strong>et</strong></span> <span class='ocrx_word' id='word_1_157' title='bbox 2371 886 2508 931; x_wconf 92' lang='lat' dir='ltr'><strong>cum</strong></span> <span class='ocrx_word' id='word_1_158' title='bbox 2529 867 2994 949; x_wconf 88' lang='lat' dir='ltr'><strong>supellectilem,</strong></span> <span class='ocrx_word' id='word_1_159' title='bbox 3021 879 3084 932; x_wconf 90' lang='lat' dir='ltr'><strong>et</strong></span> <span class='ocrx_word' id='word_1_160' title='bbox 3126 869 3414 952; x_wconf 81' lang='lat' dir='ltr'><strong>quidquid</strong></span> <span class='ocrx_word' id='word_1_161' title='bbox 3447 883 3575 937; x_wconf 87' lang='lat' dir='ltr'><strong>erat</strong></span> <span class='ocrx_word' id='word_1_162' title='bbox 3603 893 3711 938; x_wconf 82' lang='lat' dir='ltr'><strong>ve-</strong></span> 
     </span>
    </p>
   </div>
   <div class='ocr_carea' id='block_1_24' title="bbox 2055 956 3712 1040">
    <p class='ocr_par' dir='ltr' id='par_1_24' title="bbox 2055 956 3712 1040">
     <span class='ocr_line' id='line_1_24' title="bbox 2055 956 3712 1040; baseline 0.006 -22"><span class='ocrx_word' id='word_1_163' title='bbox 2055 956 2257 1031; x_wconf 87' lang='lat' dir='ltr'><strong>stium,</strong></span> <span class='ocrx_word' id='word_1_164' title='bbox 2285 957 2580 1038; x_wconf 88' lang='lat' dir='ltr'><strong>jumentis</strong></span> <span class='ocrx_word' id='word_1_165' title='bbox 2611 958 3018 1038; x_wconf 72' lang='lat' dir='ltr'><strong>imposuisset,</strong></span> <span class='ocrx_word' id='word_1_166' title='bbox 3052 959 3180 1040; x_wconf 89' lang='lat' dir='ltr'><strong>ipse</strong></span> <span class='ocrx_word' id='word_1_167' title='bbox 3210 961 3398 1023; x_wconf 88' lang='lat' dir='ltr'><strong>currit</strong></span> <span class='ocrx_word' id='word_1_168' title='bbox 3443 963 3514 1026; x_wconf 88' lang='lat' dir='ltr'><strong>ad</strong></span> <span class='ocrx_word' id='word_1_169' title='bbox 3549 973 3712 1027; x_wconf 90' lang='lat' dir='ltr'><strong>tem-</strong></span> 
     </span>
    </p>
   </div>
   <div class='ocr_carea' id='block_1_25' title="bbox 2059 1046 3708 1134">
    <p class='ocr_par' dir='ltr' id='par_1_25' title="bbox 2059 1046 3708 1134">
     <span class='ocr_line' id='line_1_25' title="bbox 2059 1046 3708 1134; baseline 0.006 -26"><span class='ocrx_word' id='word_1_170' title='bbox 2059 1046 2217 1126; x_wconf 86' lang='lat' dir='ltr'><strong>plum</strong></span> <span class='ocrx_word' id='word_1_171' title='bbox 2249 1047 2508 1121; x_wconf 88' lang='lat' dir='ltr'><strong>Domini,</strong></span> <span class='ocrx_word' id='word_1_172' title='bbox 2546 1055 2604 1109; x_wconf 89' lang='lat' dir='ltr'><strong>et</strong></span> <span class='ocrx_word' id='word_1_173' title='bbox 2633 1047 2836 1110; x_wconf 86' lang='lat' dir='ltr'><strong>loculo</strong></span> <span class='ocrx_word' id='word_1_174' title='bbox 2865 1049 3292 1131; x_wconf 85' lang='lat' dir='ltr'><strong>circumfusus,</strong></span> <span class='ocrx_word' id='word_1_175' title='bbox 3325 1059 3387 1114; x_wconf 90' lang='lat' dir='ltr'><strong>et</strong></span> <span class='ocrx_word' id='word_1_176' title='bbox 3428 1059 3708 1134; x_wconf 81' lang='lat' dir='ltr'><strong>tanquam</strong></span> 
     </span>
    </p>
   </div>
   <div class='ocr_carea' id='block_1_26' title="bbox 2055 1136 3708 1219">
    <p class='ocr_par' dir='ltr' id='par_1_26' title="bbox 2055 1136 3708 1219">
     <span class='ocr_line' id='line_1_26' title="bbox 2055 1136 3708 1219; baseline 0.007 -23"><span class='ocrx_word' id='word_1_177' title='bbox 2055 1136 2248 1198; x_wconf 87' lang='lat' dir='ltr'><strong>vivum</strong></span> <span class='ocrx_word' id='word_1_178' title='bbox 2281 1137 2567 1200; x_wconf 82' lang='lat' dir='ltr'><strong>ardenter</strong></span> <span class='ocrx_word' id='word_1_179' title='bbox 2594 1137 2929 1217; x_wconf 80' lang='lat' dir='ltr'><strong>amplexus,</strong></span> <span class='ocrx_word' id='word_1_180' title='bbox 2961 1146 3150 1219; x_wconf 81' lang='lat' dir='ltr'><strong>rogat,</strong></span> <span class='ocrx_word' id='word_1_181' title='bbox 3183 1149 3249 1202; x_wconf 91' lang='lat' dir='ltr'><strong>ut</strong></span> <span class='ocrx_word' id='word_1_182' title='bbox 3275 1140 3354 1204; x_wconf 87' lang='lat' dir='ltr'><strong>sit</strong></span> <span class='ocrx_word' id='word_1_183' title='bbox 3380 1141 3438 1204; x_wconf 91' lang='lat' dir='ltr'><strong>ei</strong></span> <span class='ocrx_word' id='word_1_184' title='bbox 3469 1143 3572 1205; x_wconf 66' lang='lat' dir='ltr'><strong>vias</strong></span> <span class='ocrx_word' id='word_1_185' title='bbox 3601 1163 3708 1206; x_wconf 85' lang='lat' dir='ltr'><strong>co-</strong></span> 
     </span>
    </p>
   </div>
   <div class='ocr_carea' id='block_1_27' title="bbox 2059 1225 3712 1308">
    <p class='ocr_par' dir='ltr' id='par_1_27' title="bbox 2059 1225 3712 1308">
     <span class='ocr_line' id='line_1_27' title="bbox 2059 1225 3712 1308; baseline 0.006 -23"><span class='ocrx_word' id='word_1_186' title='bbox 2059 1243 2184 1287; x_wconf 91' lang='lat' dir='ltr'><strong>mes</strong></span> <span class='ocrx_word' id='word_1_187' title='bbox 2218 1233 2275 1286; x_wconf 91' lang='lat' dir='ltr'><strong>et</strong></span> <span class='ocrx_word' id='word_1_188' title='bbox 2304 1225 2503 1287; x_wconf 89' lang='lat' dir='ltr'><strong>bonus</strong></span> <span class='ocrx_word' id='word_1_189' title='bbox 2524 1226 2666 1302; x_wconf 86' lang='lat' dir='ltr'><strong>dux,</strong></span> <span class='ocrx_word' id='word_1_190' title='bbox 2695 1225 2870 1308; x_wconf 90' lang='lat' dir='ltr'><strong>eique</strong></span> <span class='ocrx_word' id='word_1_191' title='bbox 2897 1234 2955 1288; x_wconf 89' lang='lat' dir='ltr'><strong>et</strong></span> <span class='ocrx_word' id='word_1_192' title='bbox 2982 1228 3112 1290; x_wconf 87' lang='lat' dir='ltr'><strong>suis</strong></span> <span class='ocrx_word' id='word_1_193' title='bbox 3141 1229 3422 1292; x_wconf 91' lang='lat' dir='ltr'><strong>omnibus</strong></span> <span class='ocrx_word' id='word_1_194' title='bbox 3449 1232 3712 1295; x_wconf 89' lang='lat' dir='ltr'><strong>faustum</strong></span> 
     </span>
    </p>
   </div>
   <div class='ocr_carea' id='block_1_28' title="bbox 2056 1313 3714 1396">
    <p class='ocr_par' dir='ltr' id='par_1_28' title="bbox 2056 1313 3714 1396">
     <span class='ocr_line' id='line_1_28' title="bbox 2056 1313 3714 1396; baseline 0.005 -20"><span class='ocrx_word' id='word_1_195' title='bbox 2056 1322 2117 1376; x_wconf 91' lang='lat' dir='ltr'><strong>et</strong></span> <span class='ocrx_word' id='word_1_196' title='bbox 2147 1313 2282 1377; x_wconf 81' lang='lat' dir='ltr'><strong>felix</strong></span> <span class='ocrx_word' id='word_1_197' title='bbox 2317 1314 2432 1378; x_wconf 89' lang='lat' dir='ltr'><strong>iter</strong></span> <span class='ocrx_word' id='word_1_198' title='bbox 2465 1314 2745 1396; x_wconf 69' lang='lat' dir='ltr'><strong>praebeat,</strong></span> <span class='ocrx_word' id='word_1_199' title='bbox 2785 1316 3067 1378; x_wconf 90' lang='lat' dir='ltr'><strong>imbrium</strong></span> <span class='ocrx_word' id='word_1_200' title='bbox 3128 1317 3319 1379; x_wconf 92' lang='lat' dir='ltr'><strong>minas</strong></span> <span class='ocrx_word' id='word_1_201' title='bbox 3352 1327 3411 1381; x_wconf 91' lang='lat' dir='ltr'><strong>et</strong></span> <span class='ocrx_word' id='word_1_202' title='bbox 3437 1321 3554 1382; x_wconf 86' lang='lat' dir='ltr'><strong>vim</strong></span> <span class='ocrx_word' id='word_1_203' title='bbox 3609 1340 3714 1384; x_wconf 89' lang='lat' dir='ltr'><strong>re-</strong></span> 
     </span>
    </p>
   </div>
   <div class='ocr_carea' id='block_1_29' title="bbox 2059 1403 3710 1493">
    <p class='ocr_par' dir='ltr' id='par_1_29' title="bbox 2059 1403 3710 1493">
     <span class='ocr_line' id='line_1_29' title="bbox 2059 1403 3710 1493; baseline 0.005 -29"><span class='ocrx_word' id='word_1_204' title='bbox 2059 1403 2323 1483; x_wconf 82' lang='lat' dir='ltr'><strong>primens</strong></span> <span class='ocrx_word' id='word_1_205' title='bbox 2357 1412 2712 1493; x_wconf 83' lang='lat' dir='ltr'><strong>ventorum.</strong></span> <span class='ocrx_word' id='word_1_206' title='bbox 2759 1403 2867 1466; x_wconf 92' lang='lat' dir='ltr'><strong>Ille</strong></span> <span class='ocrx_word' id='word_1_207' title='bbox 2921 1405 3166 1485; x_wconf 90' lang='lat' dir='ltr'><strong>quidem</strong></span> <span class='ocrx_word' id='word_1_208' title='bbox 3222 1409 3347 1470; x_wconf 65' lang='lat' dir='ltr'><strong>hazc</strong></span> <span class='ocrx_word' id='word_1_209' title='bbox 3406 1419 3710 1493; x_wconf 82' lang='lat' dir='ltr'><strong>precatus,</strong></span> 
     </span>
    </p>
   </div>
   <div class='ocr_carea' id='block_1_30' title="bbox 2055 1492 3714 1579">
    <p class='ocr_par' dir='ltr' id='par_1_30' title="bbox 2055 1492 3714 1579">
     <span class='ocr_line' id='line_1_30' title="bbox 2055 1492 3714 1579; baseline 0.005 -26"><span class='ocrx_word' id='word_1_210' title='bbox 2055 1494 2176 1554; x_wconf 80' lang='lat' dir='ltr'><strong>exit</strong></span> <span class='ocrx_word' id='word_1_211' title='bbox 2205 1511 2238 1554; x_wconf 88' lang='lat' dir='ltr'><strong>e</strong></span> <span class='ocrx_word' id='word_1_212' title='bbox 2267 1492 2767 1575; x_wconf 80' lang='lat' dir='ltr'><strong>Trimmythunte.</strong></span> <span class='ocrx_word' id='word_1_213' title='bbox 2804 1495 3058 1557; x_wconf 87' lang='lat' dir='ltr'><strong>Sanctus</strong></span> <span class='ocrx_word' id='word_1_214' title='bbox 3111 1503 3334 1575; x_wconf 90' lang='lat' dir='ltr'><strong>autem,</strong></span> <span class='ocrx_word' id='word_1_215' title='bbox 3370 1498 3526 1561; x_wconf 83' lang='lat' dir='ltr'><strong>sicut</strong></span> <span class='ocrx_word' id='word_1_216' title='bbox 3586 1492 3714 1579; x_wconf 86' lang='lat' dir='ltr'><strong>ipse</strong></span> 
     </span>
    </p>
   </div>
   <div class='ocr_carea' id='block_1_31' title="bbox 2055 1579 3713 1664">
    <p class='ocr_par' dir='ltr' id='par_1_31' title="bbox 2055 1579 3713 1664">
     <span class='ocr_line' id='line_1_31' title="bbox 2055 1579 3713 1664; baseline 0.005 -23"><span class='ocrx_word' id='word_1_217' title='bbox 2055 1579 2252 1644; x_wconf 82' lang='lat' dir='ltr'><strong>fuerat</strong></span> <span class='ocrx_word' id='word_1_218' title='bbox 2283 1590 2584 1662; x_wconf 87' lang='lat' dir='ltr'><strong>precatus,</strong></span> <span class='ocrx_word' id='word_1_219' title='bbox 2621 1602 2742 1645; x_wconf 91' lang='lat' dir='ltr'><strong>non</strong></span> <span class='ocrx_word' id='word_1_220' title='bbox 2773 1582 2967 1645; x_wconf 89' lang='lat' dir='ltr'><strong>solum</strong></span> <span class='ocrx_word' id='word_1_221' title='bbox 3003 1583 3238 1664; x_wconf 79' lang='lat' dir='ltr'><strong>fugiens</strong></span> <span class='ocrx_word' id='word_1_222' title='bbox 3269 1586 3576 1661; x_wconf 89' lang='lat' dir='ltr'><strong>obtutum,</strong></span> <span class='ocrx_word' id='word_1_223' title='bbox 3606 1589 3713 1652; x_wconf 91' lang='lat' dir='ltr'><strong>sed</strong></span> 
     </span>
    </p>
   </div>
   <div class='ocr_carea' id='block_1_32' title="bbox 2054 1670 3714 1754">
    <p class='ocr_par' dir='ltr' id='par_1_32' title="bbox 2054 1670 3714 1754">
     <span class='ocr_line' id='line_1_32' title="bbox 2054 1670 3714 1754; baseline 0.005 -22"><span class='ocrx_word' id='word_1_224' title='bbox 2054 1670 2234 1733; x_wconf 90' lang='lat' dir='ltr'><strong>etiam</strong></span> <span class='ocrx_word' id='word_1_225' title='bbox 2269 1672 2491 1734; x_wconf 86' lang='lat' dir='ltr'><strong>cadens</strong></span> <span class='ocrx_word' id='word_1_226' title='bbox 2521 1672 2632 1734; x_wconf 90' lang='lat' dir='ltr'><strong>sub</strong></span> <span class='ocrx_word' id='word_1_227' title='bbox 2663 1674 2895 1753; x_wconf 88' lang='lat' dir='ltr'><strong>oculos,</strong></span> <span class='ocrx_word' id='word_1_228' title='bbox 2958 1691 3065 1754; x_wconf 91' lang='lat' dir='ltr'><strong>per</strong></span> <span class='ocrx_word' id='word_1_229' title='bbox 3123 1682 3302 1737; x_wconf 87' lang='lat' dir='ltr'><strong>totam</strong></span> <span class='ocrx_word' id='word_1_230' title='bbox 3359 1679 3508 1739; x_wconf 86' lang='lat' dir='ltr'><strong>viam</strong></span> <span class='ocrx_word' id='word_1_231' title='bbox 3539 1679 3714 1741; x_wconf 88' lang='lat' dir='ltr'><strong>simul</strong></span> 
     </span>
    </p>
   </div>
   <div class='ocr_carea' id='block_1_33' title="bbox 2053 1760 3713 1843">
    <p class='ocr_par' dir='ltr' id='par_1_33' title="bbox 2053 1760 3713 1843">
     <span class='ocr_line' id='line_1_33' title="bbox 2053 1760 3713 1843; baseline 0.005 -21"><span class='ocrx_word' id='word_1_232' title='bbox 2053 1760 2280 1835; x_wconf 87' lang='lat' dir='ltr'><strong>aderat,</strong></span> <span class='ocrx_word' id='word_1_233' title='bbox 2319 1769 2596 1843; x_wconf 86' lang='lat' dir='ltr'><strong>tanquam</strong></span> <span class='ocrx_word' id='word_1_234' title='bbox 2633 1779 2788 1824; x_wconf 90' lang='lat' dir='ltr'><strong>unus</strong></span> <span class='ocrx_word' id='word_1_235' title='bbox 2816 1780 2890 1824; x_wconf 83' lang='lat' dir='ltr'><strong>ex</strong></span> <span class='ocrx_word' id='word_1_236' title='bbox 2935 1763 3293 1829; x_wconf 85' lang='lat' dir='ltr'><strong>viatoribus.</strong></span> <span class='ocrx_word' id='word_1_237' title='bbox 3339 1765 3546 1829; x_wconf 86' lang='lat' dir='ltr'><strong>Pluvia</strong></span> <span class='ocrx_word' id='word_1_238' title='bbox 3580 1785 3713 1830; x_wconf 74' lang='lat' dir='ltr'><strong>vero</strong></span> 
     </span>
    </p>
   </div>
   <div class='ocr_carea' id='block_1_34' title="bbox 329 1843 1971 1942">
    <p class='ocr_par' dir='ltr' id='par_1_34' title="bbox 329 1843 1970 1942">
     <span class='ocr_line' id='line_1_34' title="bbox 329 1843 1970 1942; baseline -0.005 -20"><span class='ocrx_word' id='word_1_239' title='bbox 329 1863 387 1922; x_wconf 85' lang='grc' dir='ltr'><strong>δέ</strong></span> <span class='ocrx_word' id='word_1_240' title='bbox 445 1843 508 1942; x_wconf 75' lang='grc' dir='ltr'><strong>γε</strong></span> <span class='ocrx_word' id='word_1_241' title='bbox 560 1843 774 1942; x_wconf 73' lang='grc' dir='ltr'>ὄμϐρος,</span> <span class='ocrx_word' id='word_1_242' title='bbox 838 1863 906 1938; x_wconf 70' lang='grc' dir='ltr'><strong>τῇ</strong></span> <span class='ocrx_word' id='word_1_243' title='bbox 951 1880 1009 1917; x_wconf 89' lang='grc' dir='ltr'><strong>τε</strong></span> <span class='ocrx_word' id='word_1_244' title='bbox 1067 1869 1160 1919; x_wconf 80' lang='grc' dir='ltr'>τοῦ</span> <span class='ocrx_word' id='word_1_245' title='bbox 1198 1843 1366 1938; x_wconf 49' lang='grc' dir='ltr'>’ἆέρος</span> <span class='ocrx_word' id='word_1_246' title='bbox 1423 1843 1680 1939; x_wconf 77' lang='grc' dir='ltr'>συγχύσει</span> <span class='ocrx_word' id='word_1_247' title='bbox 1732 1861 1798 1934; x_wconf 69' lang='grc' dir='ltr'><strong>τῇ</strong></span> <span class='ocrx_word' id='word_1_248' title='bbox 1853 1880 1970 1915; x_wconf 82' lang='grc' dir='ltr'>συν·</span> 
     </span>
    </p>
   </div>
   <div class='ocr_carea' id='block_1_35' title="bbox 2055 1843 3714 1942">
    <p class='ocr_par' dir='ltr' id='par_1_35' title="bbox 2057 1851 3714 1931">
     <span class='ocr_line' id='line_1_35' title="bbox 2057 1851 3714 1931; baseline 0.005 -20"><span class='ocrx_word' id='word_1_249' title='bbox 2057 1868 2127 1912; x_wconf 84' lang='lat' dir='ltr'><strong>ex</strong></span> <span class='ocrx_word' id='word_1_250' title='bbox 2153 1852 2507 1914; x_wconf 85' lang='lat' dir='ltr'><strong>confusione</strong></span> <span class='ocrx_word' id='word_1_251' title='bbox 2537 1851 2718 1926; x_wconf 86' lang='lat' dir='ltr'><strong>aeris,</strong></span> <span class='ocrx_word' id='word_1_252' title='bbox 2752 1859 2811 1914; x_wconf 92' lang='lat' dir='ltr'><strong>et</strong></span> <span class='ocrx_word' id='word_1_253' title='bbox 2839 1870 3139 1915; x_wconf 91' lang='lat' dir='ltr'><strong>concursu</strong></span> <span class='ocrx_word' id='word_1_254' title='bbox 3191 1855 3471 1931; x_wconf 88' lang='lat' dir='ltr'><strong>nubium,</strong></span> <span class='ocrx_word' id='word_1_255' title='bbox 3519 1864 3582 1919; x_wconf 94' lang='lat' dir='ltr'><strong>ut</strong></span> <span class='ocrx_word' id='word_1_256' title='bbox 3609 1876 3714 1919; x_wconf 84' lang='lat' dir='ltr'><strong>se-</strong></span> 
     </span>
    </p>
   </div>
   <div class='ocr_carea' id='block_1_36' title="bbox 329 1948 1970 2032">
    <p class='ocr_par' dir='ltr' id='par_1_36' title="bbox 329 1948 1970 2032">
     <span class='ocr_line' id='line_1_36' title="bbox 329 1948 1970 2032; baseline -0.004 -21"><span class='ocrx_word' id='word_1_257' title='bbox 329 1955 536 2012; x_wconf 72' lang='grc' dir='ltr'>ελευσει</span> <span class='ocrx_word' id='word_1_258' title='bbox 571 1975 626 2010; x_wconf 83' lang='grc' dir='ltr'><strong>τε</strong></span> <span class='ocrx_word' id='word_1_259' title='bbox 649 1959 748 2010; x_wconf 84' lang='grc' dir='ltr'>τῶν</span> <span class='ocrx_word' id='word_1_260' title='bbox 785 1953 978 2032; x_wconf 71' lang='grc' dir='ltr'>νεφῶν,</span> <span class='ocrx_word' id='word_1_261' title='bbox 1023 1950 1096 2013; x_wconf 85' lang='grc' dir='ltr'>ὡς</span> <span class='ocrx_word' id='word_1_262' title='bbox 1131 1951 1327 2023; x_wconf 76' lang='grc' dir='ltr'>εἰπεῖν,</span> <span class='ocrx_word' id='word_1_263' title='bbox 1377 1948 1673 2028; x_wconf 76' lang='grc' dir='ltr'>ἐπήρτητό,</span> <span class='ocrx_word' id='word_1_264' title='bbox 1733 1954 1800 2024; x_wconf 76' lang='grc' dir='ltr'><strong>τῇ</strong></span> <span class='ocrx_word' id='word_1_265' title='bbox 1841 1948 1970 2004; x_wconf 90' lang='grc' dir='ltr'>τού-</span> 
     </span>
    </p>
   </div>
   <div class='ocr_carea' id='block_1_37' title="bbox 324 2035 1970 2118">
    <p class='ocr_par' dir='ltr' id='par_1_37' title="bbox 324 2035 1970 2118">
     <span class='ocr_line' id='line_1_37' title="bbox 324 2035 1970 2118; baseline -0.004 -18"><span class='ocrx_word' id='word_1_266' title='bbox 324 2065 422 2100; x_wconf 90' lang='grc' dir='ltr'><strong>του</strong></span> <span class='ocrx_word' id='word_1_267' title='bbox 482 2041 537 2098; x_wconf 78' lang='grc' dir='ltr'>δὲ</span> <span class='ocrx_word' id='word_1_268' title='bbox 569 2039 774 2116; x_wconf 75' lang='grc' dir='ltr'>δυνάμει</span> <span class='ocrx_word' id='word_1_269' title='bbox 818 2039 1132 2116; x_wconf 81' lang='grc' dir='ltr'>κατείχετο,</span> <span class='ocrx_word' id='word_1_270' title='bbox 1189 2039 1277 2095; x_wconf 83' lang='grc' dir='ltr'>καὶ</span> <span class='ocrx_word' id='word_1_271' title='bbox 1333 2042 1432 2106; x_wconf 77' lang='grc' dir='ltr'><strong>τῆς</strong></span> <span class='ocrx_word' id='word_1_272' title='bbox 1487 2043 1651 2118; x_wconf 76' lang='grc' dir='ltr'>φορᾶς</span> <span class='ocrx_word' id='word_1_273' title='bbox 1711 2035 1970 2094; x_wconf 77' lang='grc' dir='ltr'>ἀνεστέλ-</span> 
     </span>
    </p>
   </div>
   <div class='ocr_carea' id='block_1_38' title="bbox 317 2124 1970 2206">
    <p class='ocr_par' dir='ltr' id='par_1_38' title="bbox 317 2124 1970 2206">
     <span class='ocr_line' id='line_1_38' title="bbox 317 2124 1970 2206; baseline -0.004 -17"><span class='ocrx_word' id='word_1_274' title='bbox 317 2132 474 2194; x_wconf 84' lang='grc' dir='ltr'>λετο.</span> <span class='ocrx_word' id='word_1_275' title='bbox 535 2130 662 2189; x_wconf 73' lang='grc' dir='ltr'>’Ὅτε</span> <span class='ocrx_word' id='word_1_276' title='bbox 713 2127 764 2186; x_wconf 67' lang='grc' dir='ltr'>δὲ</span> <span class='ocrx_word' id='word_1_277' title='bbox 800 2129 888 2186; x_wconf 85' lang='grc' dir='ltr'><strong>καὶ</strong></span> <span class='ocrx_word' id='word_1_278' title='bbox 915 2129 1008 2186; x_wconf 81' lang='grc' dir='ltr'><strong>τὸν</strong></span> <span class='ocrx_word' id='word_1_279' title='bbox 1039 2127 1195 2184; x_wconf 72' lang='grc' dir='ltr'>οἷκον</span> <span class='ocrx_word' id='word_1_280' title='bbox 1222 2124 1515 2184; x_wconf 69' lang='grc' dir='ltr'>κατέλαϐεν</span> <span class='ocrx_word' id='word_1_281' title='bbox 1547 2127 1575 2183; x_wconf 83' lang='grc' dir='ltr'><strong>ὁ</strong></span> <span class='ocrx_word' id='word_1_282' title='bbox 1621 2125 1778 2206; x_wconf 73' lang='grc' dir='ltr'>ἀνὴρ,</span> <span class='ocrx_word' id='word_1_283' title='bbox 1813 2127 1840 2183; x_wconf 87' lang='grc' dir='ltr'>ὁ</span> <span class='ocrx_word' id='word_1_284' title='bbox 1873 2127 1970 2200; x_wconf 70' lang='grc' dir='ltr'>μὲν</span> 
     </span>
    </p>
   </div>
   <div class='ocr_carea' id='block_1_39' title="bbox 316 2215 1970 2300">
    <p class='ocr_par' dir='ltr' id='par_1_39' title="bbox 316 2215 1970 2300">
     <span class='ocr_line' id='line_1_39' title="bbox 316 2215 1970 2300; baseline -0.005 -21"><span class='ocrx_word' id='word_1_285' title='bbox 316 2222 510 2282; x_wconf 72' lang='grc' dir='ltr'>αὐτίκα</span> <span class='ocrx_word' id='word_1_286' title='bbox 559 2220 758 2299; x_wconf 82' lang='grc' dir='ltr'>γίνεται</span> <span class='ocrx_word' id='word_1_287' title='bbox 831 2218 1039 2300; x_wconf 72' lang='grc' dir='ltr'>ἀφανής</span> <span class='ocrx_word' id='word_1_288' title='bbox 1070 2233 1084 2248; x_wconf 86' lang='grc'><em>’</em></span> <span class='ocrx_word' id='word_1_289' title='bbox 1161 2223 1250 2274; x_wconf 82' lang='grc' dir='ltr'><strong>τοῦ</strong></span> <span class='ocrx_word' id='word_1_290' title='bbox 1322 2215 1378 2273; x_wconf 78' lang='grc' dir='ltr'>δὲ</span> <span class='ocrx_word' id='word_1_291' title='bbox 1449 2215 1610 2273; x_wconf 84' lang='grc' dir='ltr'>πάλιν</span> <span class='ocrx_word' id='word_1_292' title='bbox 1678 2217 1714 2285; x_wconf 79' lang='grc' dir='ltr'>ἡ</span> <span class='ocrx_word' id='word_1_293' title='bbox 1787 2215 1970 2295; x_wconf 87' lang='grc' dir='ltr'>καρδία</span> 
     </span>
    </p>
   </div>
   <div class='ocr_carea' id='block_1_40' title="bbox 315 2304 1965 2392">
    <p class='ocr_par' dir='ltr' id='par_1_40' title="bbox 315 2304 1965 2392">
     <span class='ocr_line' id='line_1_40' title="bbox 315 2304 1965 2392; baseline -0.003 -23"><span class='ocrx_word' id='word_1_294' title='bbox 315 2313 454 2392; x_wconf 70' lang='grc' dir='ltr'>φωτὶ</span> <span class='ocrx_word' id='word_1_295' title='bbox 538 2309 751 2390; x_wconf 73' lang='grc' dir='ltr'>ἀρρήτῳ</span> <span class='ocrx_word' id='word_1_296' title='bbox 832 2307 1250 2389; x_wconf 81' lang='grc' dir='ltr'>περιελάμπετο,</span> <span class='ocrx_word' id='word_1_297' title='bbox 1320 2307 1409 2364; x_wconf 84' lang='grc' dir='ltr'><strong>καὶ</strong></span> <span class='ocrx_word' id='word_1_298' title='bbox 1485 2312 1629 2387; x_wconf 86' lang='grc' dir='ltr'><strong>χαρᾷ</strong></span> <span class='ocrx_word' id='word_1_299' title='bbox 1698 2304 1965 2388; x_wconf 79' lang='grc' dir='ltr'>διεχεῖτο,</span> 
     </span>
    </p>
   </div>
   <div class='ocr_carea' id='block_1_41' title="bbox 317 2394 1968 2479">
    <p class='ocr_par' dir='ltr' id='par_1_41' title="bbox 317 2394 1968 2479">
     <span class='ocr_line' id='line_1_41' title="bbox 317 2394 1968 2479; baseline -0.004 -19"><span class='ocrx_word' id='word_1_300' title='bbox 317 2402 562 2479; x_wconf 74' lang='grc' dir='ltr'>καθάπερ</span> <span class='ocrx_word' id='word_1_301' title='bbox 644 2398 930 2477; x_wconf 73' lang='grc' dir='ltr'>ἁψαμένης</span> <span class='ocrx_word' id='word_1_302' title='bbox 1020 2397 1183 2466; x_wconf 75' lang='grc' dir='ltr'>αὺτῆς</span> <span class='ocrx_word' id='word_1_303' title='bbox 1260 2394 1352 2458; x_wconf 76' lang='grc' dir='ltr'>τοῦ</span> <span class='ocrx_word' id='word_1_304' title='bbox 1437 2398 1611 2475; x_wconf 77' lang='grc' dir='ltr'>ἁγίου,</span> <span class='ocrx_word' id='word_1_305' title='bbox 1699 2397 1786 2456; x_wconf 78' lang='grc' dir='ltr'><strong>καὶ</strong></span> <span class='ocrx_word' id='word_1_306' title='bbox 1868 2401 1968 2465; x_wconf 80' lang='grc' dir='ltr'>τῆς</span> 
     </span>
    </p>
   </div>
   <div class='ocr_carea' id='block_1_42' title="bbox 319 2485 1969 2568">
    <p class='ocr_par' dir='ltr' id='par_1_42' title="bbox 319 2485 1969 2568">
     <span class='ocr_line' id='line_1_42' title="bbox 319 2485 1969 2568; baseline -0.003 -18"><span class='ocrx_word' id='word_1_307' title='bbox 319 2492 520 2554; x_wconf 76' lang='grc' dir='ltr'>οἰκείας</span> <span class='ocrx_word' id='word_1_308' title='bbox 578 2487 898 2566; x_wconf 86' lang='grc' dir='ltr'>μεταδόντος</span> <span class='ocrx_word' id='word_1_309' title='bbox 954 2487 1277 2568; x_wconf 73' lang='grc' dir='ltr'>εὖφροσύνης</span> <span class='ocrx_word' id='word_1_310' title='bbox 1349 2488 1437 2544; x_wconf 84' lang='grc' dir='ltr'>καὶ</span> <span class='ocrx_word' id='word_1_311' title='bbox 1497 2485 1716 2555; x_wconf 76' lang='grc' dir='ltr'>ἡδονῆς.</span> <span class='ocrx_word' id='word_1_312' title='bbox 1780 2486 1969 2545; x_wconf 75' lang='grc' dir='ltr'>Ἦνίκα</span> 
     </span>
    </p>
   </div>
   <div class='ocr_carea' id='block_1_43' title="bbox 315 2575 1968 2659">
    <p class='ocr_par' dir='ltr' id='par_1_43' title="bbox 315 2575 1968 2659">
     <span class='ocr_line' id='line_1_43' title="bbox 315 2575 1968 2659; baseline -0.002 -20"><span class='ocrx_word' id='word_1_313' title='bbox 315 2583 374 2639; x_wconf 74' lang='grc' dir='ltr'>δὲ</span> <span class='ocrx_word' id='word_1_314' title='bbox 435 2584 463 2638; x_wconf 84' lang='grc' dir='ltr'>ὁ</span> <span class='ocrx_word' id='word_1_315' title='bbox 520 2581 620 2657; x_wconf 76' lang='grc' dir='ltr'>μὲν</span> <span class='ocrx_word' id='word_1_316' title='bbox 675 2579 828 2658; x_wconf 71' lang='grc' dir='ltr'>ἅγιος</span> <span class='ocrx_word' id='word_1_317' title='bbox 875 2579 1109 2659; x_wconf 73' lang='grc' dir='ltr'>ἀφανὴς,</span> <span class='ocrx_word' id='word_1_318' title='bbox 1141 2579 1168 2635; x_wconf 85' lang='grc' dir='ltr'>ὁ</span> <span class='ocrx_word' id='word_1_319' title='bbox 1197 2576 1247 2634; x_wconf 71' lang='grc' dir='ltr'>δὲ</span> <span class='ocrx_word' id='word_1_320' title='bbox 1281 2577 1413 2656; x_wconf 78' lang='grc' dir='ltr'>ἀνὴρ</span> <span class='ocrx_word' id='word_1_321' title='bbox 1444 2575 1582 2635; x_wconf 80' lang='grc' dir='ltr'>εἵσω</span> <span class='ocrx_word' id='word_1_322' title='bbox 1627 2577 1814 2656; x_wconf 79' lang='grc' dir='ltr'>γέγονε</span> <span class='ocrx_word' id='word_1_323' title='bbox 1869 2578 1968 2646; x_wconf 73' lang='grc' dir='ltr'>τῆς</span> 
     </span>
    </p>
   </div>
   <div class='ocr_carea' id='block_1_44' title="bbox 311 2666 1970 2747">
    <p class='ocr_par' dir='ltr' id='par_1_44' title="bbox 311 2666 1970 2747">
     <span class='ocr_line' id='line_1_44' title="bbox 311 2666 1970 2747; baseline -0.005 -18"><span class='ocrx_word' id='word_1_324' title='bbox 311 2673 508 2745; x_wconf 75' lang='grc' dir='ltr'>οἰκίας,</span> <span class='ocrx_word' id='word_1_325' title='bbox 601 2669 790 2727; x_wconf 70' lang='grc' dir='ltr'>αὐτίκα</span> <span class='ocrx_word' id='word_1_326' title='bbox 869 2670 958 2725; x_wconf 79' lang='grc' dir='ltr'><strong>καί</strong></span> <span class='ocrx_word' id='word_1_327' title='bbox 1032 2669 1181 2731; x_wconf 77' lang='grc' dir='ltr'>ὑετὸς</span> <span class='ocrx_word' id='word_1_328' title='bbox 1269 2666 1574 2747; x_wconf 72' lang='grc' dir='ltr'>ἠκολούθει,</span> <span class='ocrx_word' id='word_1_329' title='bbox 1658 2667 1795 2725; x_wconf 81' lang='grc' dir='ltr'>πάνυ</span> <span class='ocrx_word' id='word_1_330' title='bbox 1873 2667 1970 2743; x_wconf 78' lang='grc' dir='ltr'>μὲν</span> 
     </span>
    </p>
   </div>
   <div class='ocr_carea' id='block_1_45' title="bbox 311 2756 1971 2842">
    <p class='ocr_par' dir='ltr' id='par_1_45' title="bbox 311 2756 1971 2842">
     <span class='ocr_line' id='line_1_45' title="bbox 311 2756 1971 2842; baseline -0.002 -24"><span class='ocrx_word' id='word_1_331' title='bbox 311 2760 603 2842; x_wconf 72' lang='grc' dir='ltr'>ῥαγδαῖος,</span> <span class='ocrx_word' id='word_1_332' title='bbox 662 2759 802 2817; x_wconf 71' lang='grc' dir='ltr'>οὕτω</span> <span class='ocrx_word' id='word_1_333' title='bbox 830 2757 886 2816; x_wconf 78' lang='grc' dir='ltr'>δὲ</span> <span class='ocrx_word' id='word_1_334' title='bbox 939 2761 1028 2816; x_wconf 79' lang='grc' dir='ltr'>καὶ</span> <span class='ocrx_word' id='word_1_335' title='bbox 1084 2758 1401 2839; x_wconf 85' lang='grc' dir='ltr'>παρατείνας</span> <span class='ocrx_word' id='word_1_336' title='bbox 1444 2756 1690 2832; x_wconf 70' lang='grc' dir='ltr'>ἐπιπολὺ,</span> <span class='ocrx_word' id='word_1_337' title='bbox 1750 2759 1822 2822; x_wconf 84' lang='grc' dir='ltr'>ὡς</span> <span class='ocrx_word' id='word_1_338' title='bbox 1884 2760 1971 2814; x_wconf 84' lang='grc' dir='ltr'><strong>καὶ</strong></span> 
     </span>
    </p>
   </div>
   <div class='ocr_carea' id='block_1_46' title="bbox 314 2845 1973 2930">
    <p class='ocr_par' dir='ltr' id='par_1_46' title="bbox 314 2845 1973 2930">
     <span class='ocr_line' id='line_1_46' title="bbox 314 2845 1973 2930; baseline -0.003 -22"><span class='ocrx_word' id='word_1_339' title='bbox 314 2855 388 2916; x_wconf 78' lang='grc' dir='ltr'><strong>εὶς</strong></span> <span class='ocrx_word' id='word_1_340' title='bbox 445 2863 597 2930; x_wconf 80' lang='grc' dir='ltr'>τρεῖς</span> <span class='ocrx_word' id='word_1_341' title='bbox 641 2848 770 2916; x_wconf 71' lang='grc' dir='ltr'>ὅλας</span> <span class='ocrx_word' id='word_1_342' title='bbox 816 2847 1024 2926; x_wconf 79' lang='grc' dir='ltr'>ἡμέρας</span> <span class='ocrx_word' id='word_1_343' title='bbox 1077 2849 1156 2922; x_wconf 75' lang='grc' dir='ltr'>μὴ</span> <span class='ocrx_word' id='word_1_344' title='bbox 1199 2846 1470 2906; x_wconf 74' lang='grc' dir='ltr'>ἐκλιπεῖν.</span> <span class='ocrx_word' id='word_1_345' title='bbox 1534 2847 1632 2907; x_wconf 80' lang='grc' dir='ltr'><strong>Καὶ</strong></span> <span class='ocrx_word' id='word_1_346' title='bbox 1679 2845 1804 2904; x_wconf 83' lang='grc' dir='ltr'>τότε</span> <span class='ocrx_word' id='word_1_347' title='bbox 1874 2847 1973 2920; x_wconf 74' lang='grc' dir='ltr'>μὲν</span> 
     </span>
    </p>
   </div>
   <div class='ocr_carea' id='block_1_47' title="bbox 322 2934 1971 3019">
    <p class='ocr_par' dir='ltr' id='par_1_47' title="bbox 322 2934 1971 3019">
     <span class='ocr_line' id='line_1_47' title="bbox 322 2934 1971 3019; baseline -0.005 -20"><span class='ocrx_word' id='word_1_348' title='bbox 322 2941 463 2999; x_wconf 73' lang='grc' dir='ltr'>οὕτω</span> <span class='ocrx_word' id='word_1_349' title='bbox 517 2940 614 3008; x_wconf 76' lang='grc' dir='ltr'>τὴν</span> <span class='ocrx_word' id='word_1_350' title='bbox 658 2937 970 3019; x_wconf 81' lang='grc' dir='ltr'>δυσχέρειαν</span> <span class='ocrx_word' id='word_1_351' title='bbox 1015 2943 1114 3006; x_wconf 80' lang='grc' dir='ltr'>τῆς</span> <span class='ocrx_word' id='word_1_352' title='bbox 1161 2937 1304 3019; x_wconf 82' lang='grc' dir='ltr'>ὀδοῦ,</span> <span class='ocrx_word' id='word_1_353' title='bbox 1351 2936 1548 2996; x_wconf 77' lang='grc' dir='ltr'>ἄλλοτε</span> <span class='ocrx_word' id='word_1_354' title='bbox 1585 2934 1641 2992; x_wconf 80' lang='grc' dir='ltr'>δὲ</span> <span class='ocrx_word' id='word_1_355' title='bbox 1686 2938 1772 2993; x_wconf 87' lang='grc' dir='ltr'><strong>καὶ</strong></span> <span class='ocrx_word' id='word_1_356' title='bbox 1803 2935 1971 3005; x_wconf 73' lang='grc' dir='ltr'>ἄλλην</span> 
     </span>
    </p>
   </div>
   <div class='ocr_carea' id='block_1_48' title="bbox 2055 1939 3716 2022">
    <p class='ocr_par' dir='ltr' id='par_1_48' title="bbox 2055 1939 3716 2022">
     <span class='ocr_line' id='line_1_48' title="bbox 2055 1939 3716 2022; baseline 0.004 -21"><span class='ocrx_word' id='word_1_357' title='bbox 2055 1939 2169 2001; x_wconf 91' lang='lat' dir='ltr'><strong>mel</strong></span> <span class='ocrx_word' id='word_1_358' title='bbox 2205 1940 2422 2016; x_wconf 86' lang='lat' dir='ltr'><strong>dicam,</strong></span> <span class='ocrx_word' id='word_1_359' title='bbox 2450 1941 2875 2022; x_wconf 87' lang='lat' dir='ltr'><strong>impendebat:</strong></span> <span class='ocrx_word' id='word_1_360' title='bbox 2907 1944 3038 2021; x_wconf 85' lang='lat' dir='ltr'><strong>ejus</strong></span> <span class='ocrx_word' id='word_1_361' title='bbox 3068 1950 3267 2006; x_wconf 88' lang='lat' dir='ltr'><strong>autem</strong></span> <span class='ocrx_word' id='word_1_362' title='bbox 3303 1945 3520 2008; x_wconf 87' lang='lat' dir='ltr'><strong>virtute</strong></span> <span class='ocrx_word' id='word_1_363' title='bbox 3550 1947 3716 2008; x_wconf 88' lang='lat' dir='ltr'><strong>cohi-</strong></span> 
     </span>
    </p>
   </div>
   <div class='ocr_carea' id='block_1_49' title="bbox 2053 2028 3712 2114">
    <p class='ocr_par' dir='ltr' id='par_1_49' title="bbox 2053 2028 3712 2114">
     <span class='ocr_line' id='line_1_49' title="bbox 2053 2028 3712 2114; baseline 0.004 -22"><span class='ocrx_word' id='word_1_364' title='bbox 2053 2028 2324 2101; x_wconf 91' lang='lat' dir='ltr'><strong>bebatur,</strong></span> <span class='ocrx_word' id='word_1_365' title='bbox 2359 2042 2422 2093; x_wconf 84' lang='lat' dir='ltr'><strong>et</strong></span> <span class='ocrx_word' id='word_1_366' title='bbox 2448 2031 2896 2112; x_wconf 88' lang='lat' dir='ltr'><strong>reprimebatur</strong></span> <span class='ocrx_word' id='word_1_367' title='bbox 2949 2032 3114 2094; x_wconf 85' lang='lat' dir='ltr'><strong>illius</strong></span> <span class='ocrx_word' id='word_1_368' title='bbox 3144 2033 3428 2114; x_wconf 88' lang='lat' dir='ltr'><strong>ipetus.</strong></span> <span class='ocrx_word' id='word_1_369' title='bbox 3459 2034 3712 2109; x_wconf 85' lang='lat' dir='ltr'><strong>Quando</strong></span> 
     </span>
    </p>
   </div>
   <div class='ocr_carea' id='block_1_50' title="bbox 2052 2119 3715 2203">
    <p class='ocr_par' dir='ltr' id='par_1_50' title="bbox 2052 2119 3715 2203">
     <span class='ocr_line' id='line_1_50' title="bbox 2052 2119 3715 2203; baseline 0.005 -24"><span class='ocrx_word' id='word_1_370' title='bbox 2052 2136 2192 2181; x_wconf 84' lang='lat' dir='ltr'><strong>vero</strong></span> <span class='ocrx_word' id='word_1_371' title='bbox 2218 2119 2270 2181; x_wconf 91' lang='lat' dir='ltr'><strong>is</strong></span> <span class='ocrx_word' id='word_1_372' title='bbox 2299 2121 2570 2201; x_wconf 85' lang='lat' dir='ltr'><strong>pervenit</strong></span> <span class='ocrx_word' id='word_1_373' title='bbox 2593 2121 2864 2202; x_wconf 88' lang='lat' dir='ltr'><strong>domum,</strong></span> <span class='ocrx_word' id='word_1_374' title='bbox 2889 2121 2992 2184; x_wconf 90' lang='lat' dir='ltr'><strong>ille</strong></span> <span class='ocrx_word' id='word_1_375' title='bbox 3019 2122 3260 2203; x_wconf 90' lang='lat' dir='ltr'><strong>quidem</strong></span> <span class='ocrx_word' id='word_1_376' title='bbox 3285 2123 3560 2202; x_wconf 86' lang='lat' dir='ltr'><strong>protinus</strong></span> <span class='ocrx_word' id='word_1_377' title='bbox 3580 2142 3715 2187; x_wconf 86' lang='lat' dir='ltr'><strong>eva-</strong></span> 
     </span>
    </p>
   </div>
   <div class='ocr_carea' id='block_1_51' title="bbox 2051 2209 3706 2290">
    <p class='ocr_par' dir='ltr' id='par_1_51' title="bbox 2051 2209 3706 2290">
     <span class='ocr_line' id='line_1_51' title="bbox 2051 2209 3706 2290; baseline 0.005 -21"><span class='ocrx_word' id='word_1_378' title='bbox 2051 2209 2280 2272; x_wconf 91' lang='lat' dir='ltr'><strong>nescit:</strong></span> <span class='ocrx_word' id='word_1_379' title='bbox 2313 2209 2443 2290; x_wconf 86' lang='lat' dir='ltr'><strong>ejus</strong></span> <span class='ocrx_word' id='word_1_380' title='bbox 2474 2220 2671 2272; x_wconf 87' lang='lat' dir='ltr'><strong>autem</strong></span> <span class='ocrx_word' id='word_1_381' title='bbox 2696 2228 2800 2272; x_wconf 91' lang='lat' dir='ltr'><strong>cor</strong></span> <span class='ocrx_word' id='word_1_382' title='bbox 2827 2229 3035 2272; x_wconf 89' lang='lat' dir='ltr'><strong>rursus</strong></span> <span class='ocrx_word' id='word_1_383' title='bbox 3065 2210 3355 2274; x_wconf 75' lang='lat' dir='ltr'><strong>ineffabili</strong></span> <span class='ocrx_word' id='word_1_384' title='bbox 3382 2212 3517 2276; x_wconf 88' lang='lat' dir='ltr'><strong>luce</strong></span> <span class='ocrx_word' id='word_1_385' title='bbox 3544 2214 3706 2278; x_wconf 91' lang='lat' dir='ltr'><strong>illus-</strong></span> 
     </span>
    </p>
   </div>
   <div class='ocr_carea' id='block_1_52' title="bbox 2053 2297 3710 2383">
    <p class='ocr_par' dir='ltr' id='par_1_52' title="bbox 2053 2297 3710 2383">
     <span class='ocr_line' id='line_1_52' title="bbox 2053 2297 3710 2383; baseline 0.004 -23"><span class='ocrx_word' id='word_1_386' title='bbox 2053 2297 2342 2374; x_wconf 86' lang='lat' dir='ltr'><strong>trabatur,</strong></span> <span class='ocrx_word' id='word_1_387' title='bbox 2377 2308 2437 2360; x_wconf 90' lang='lat' dir='ltr'><strong>et</strong></span> <span class='ocrx_word' id='word_1_388' title='bbox 2494 2298 2712 2378; x_wconf 83' lang='lat' dir='ltr'><strong>gaudio</strong></span> <span class='ocrx_word' id='word_1_389' title='bbox 2771 2299 3242 2376; x_wconf 75' lang='lat' dir='ltr'><strong>diffundebatur,</strong></span> <span class='ocrx_word' id='word_1_390' title='bbox 3279 2303 3530 2383; x_wconf 89' lang='lat' dir='ltr'><strong>perinde</strong></span> <span class='ocrx_word' id='word_1_391' title='bbox 3558 2323 3628 2366; x_wconf 87' lang='lat' dir='ltr'><strong>ac</strong></span> <span class='ocrx_word' id='word_1_392' title='bbox 3658 2305 3710 2366; x_wconf 82' lang='lat' dir='ltr'><strong>si</strong></span> 
     </span>
    </p>
   </div>
   <div class='ocr_carea' id='block_1_53' title="bbox 2051 2387 3711 2473">
    <p class='ocr_par' dir='ltr' id='par_1_53' title="bbox 2051 2387 3711 2473">
     <span class='ocr_line' id='line_1_53' title="bbox 2051 2387 3711 2473; baseline 0.005 -23"><span class='ocrx_word' id='word_1_393' title='bbox 2051 2395 2293 2450; x_wconf 90' lang='lat' dir='ltr'><strong>sanctus</strong></span> <span class='ocrx_word' id='word_1_394' title='bbox 2349 2387 2408 2450; x_wconf 92' lang='lat' dir='ltr'><strong>id</strong></span> <span class='ocrx_word' id='word_1_395' title='bbox 2469 2389 2782 2468; x_wconf 75' lang='lat' dir='ltr'><strong>tetigisset,</strong></span> <span class='ocrx_word' id='word_1_396' title='bbox 2844 2398 2907 2451; x_wconf 89' lang='lat' dir='ltr'><strong>et</strong></span> <span class='ocrx_word' id='word_1_397' title='bbox 2961 2390 3155 2471; x_wconf 89' lang='lat' dir='ltr'><strong>ipsum</strong></span> <span class='ocrx_word' id='word_1_398' title='bbox 3189 2391 3578 2473; x_wconf 90' lang='lat' dir='ltr'><strong>impertiisset</strong></span> <span class='ocrx_word' id='word_1_399' title='bbox 3603 2413 3711 2458; x_wconf 90' lang='lat' dir='ltr'><strong>sua</strong></span> 
     </span>
    </p>
   </div>
   <div class='ocr_carea' id='block_1_54' title="bbox 2052 2475 3706 2564">
    <p class='ocr_par' dir='ltr' id='par_1_54' title="bbox 2052 2475 3706 2564">
     <span class='ocr_line' id='line_1_54' title="bbox 2052 2475 3706 2564; baseline 0.006 -28"><span class='ocrx_word' id='word_1_400' title='bbox 2052 2475 2264 2538; x_wconf 71' lang='lat' dir='ltr'><strong>laetitia</strong></span> <span class='ocrx_word' id='word_1_401' title='bbox 2295 2484 2352 2540; x_wconf 88' lang='lat' dir='ltr'><strong>et</strong></span> <span class='ocrx_word' id='word_1_402' title='bbox 2386 2477 2716 2556; x_wconf 88' lang='lat' dir='ltr'><strong>voluptate.</strong></span> <span class='ocrx_word' id='word_1_403' title='bbox 2749 2482 2893 2541; x_wconf 80' lang='lat' dir='ltr'><strong>(lum</strong></span> <span class='ocrx_word' id='word_1_404' title='bbox 2938 2486 3137 2541; x_wconf 81' lang='lat' dir='ltr'><strong>autem</strong></span> <span class='ocrx_word' id='word_1_405' title='bbox 3193 2489 3436 2544; x_wconf 89' lang='lat' dir='ltr'><strong>sanctus</strong></span> <span class='ocrx_word' id='word_1_406' title='bbox 3465 2483 3706 2564; x_wconf 80' lang='lat' dir='ltr'><strong>quidem</strong></span> 
     </span>
    </p>
   </div>
   <div class='ocr_carea' id='block_1_55' title="bbox 2053 2566 3704 2651">
    <p class='ocr_par' dir='ltr' id='par_1_55' title="bbox 2053 2566 3704 2651">
     <span class='ocr_line' id='line_1_55' title="bbox 2053 2566 3704 2651; baseline 0.005 -23"><span class='ocrx_word' id='word_1_407' title='bbox 2053 2566 2416 2644; x_wconf 82' lang='lat' dir='ltr'><strong>evanuisset,</strong></span> <span class='ocrx_word' id='word_1_408' title='bbox 2448 2568 2541 2629; x_wconf 85' lang='lat' dir='ltr'><strong>vir</strong></span> <span class='ocrx_word' id='word_1_409' title='bbox 2570 2585 2708 2629; x_wconf 90' lang='lat' dir='ltr'><strong>vero</strong></span> <span class='ocrx_word' id='word_1_410' title='bbox 2739 2567 2982 2630; x_wconf 90' lang='lat' dir='ltr'><strong>domum</strong></span> <span class='ocrx_word' id='word_1_411' title='bbox 3025 2576 3186 2631; x_wconf 89' lang='lat' dir='ltr'><strong>esset</strong></span> <span class='ocrx_word' id='word_1_412' title='bbox 3218 2570 3547 2651; x_wconf 84' lang='lat' dir='ltr'><strong>ingressus,</strong></span> <span class='ocrx_word' id='word_1_413' title='bbox 3579 2580 3704 2635; x_wconf 89' lang='lat' dir='ltr'><strong>sta-</strong></span> 
     </span>
    </p>
   </div>
   <div class='ocr_carea' id='block_1_56' title="bbox 2055 2655 3704 2741">
    <p class='ocr_par' dir='ltr' id='par_1_56' title="bbox 2055 2655 3704 2741">
     <span class='ocr_line' id='line_1_56' title="bbox 2055 2655 3704 2741; baseline 0.005 -25"><span class='ocrx_word' id='word_1_414' title='bbox 2055 2655 2158 2716; x_wconf 88' lang='lat' dir='ltr'><strong>tim</strong></span> <span class='ocrx_word' id='word_1_415' title='bbox 2191 2655 2434 2737; x_wconf 89' lang='lat' dir='ltr'><strong>quidem</strong></span> <span class='ocrx_word' id='word_1_416' title='bbox 2469 2656 2792 2718; x_wconf 89' lang='lat' dir='ltr'><strong>admodum</strong></span> <span class='ocrx_word' id='word_1_417' title='bbox 2841 2659 3169 2720; x_wconf 87' lang='lat' dir='ltr'><strong>vehemens</strong></span> <span class='ocrx_word' id='word_1_418' title='bbox 3217 2660 3413 2741; x_wconf 88' lang='lat' dir='ltr'><strong>pluvia</strong></span> <span class='ocrx_word' id='word_1_419' title='bbox 3437 2671 3529 2724; x_wconf 92' lang='lat' dir='ltr'><strong>est</strong></span> <span class='ocrx_word' id='word_1_420' title='bbox 3555 2681 3704 2724; x_wconf 86' lang='lat' dir='ltr'><strong>con-</strong></span> 
     </span>
    </p>
   </div>
   <div class='ocr_carea' id='block_1_57' title="bbox 2054 2745 3704 2828">
    <p class='ocr_par' dir='ltr' id='par_1_57' title="bbox 2054 2745 3704 2828">
     <span class='ocr_line' id='line_1_57' title="bbox 2054 2745 3704 2828; baseline 0.004 -22"><span class='ocrx_word' id='word_1_421' title='bbox 2054 2756 2280 2818; x_wconf 88' lang='lat' dir='ltr'><strong>secuta,</strong></span> <span class='ocrx_word' id='word_1_422' title='bbox 2322 2765 2454 2828; x_wconf 74' lang='lat' dir='ltr'><strong>quae</strong></span> <span class='ocrx_word' id='word_1_423' title='bbox 2477 2745 2701 2808; x_wconf 91' lang='lat' dir='ltr'><strong>tamdiu</strong></span> <span class='ocrx_word' id='word_1_424' title='bbox 2723 2747 2980 2824; x_wconf 84' lang='lat' dir='ltr'><strong>duravit,</strong></span> <span class='ocrx_word' id='word_1_425' title='bbox 3008 2757 3072 2810; x_wconf 92' lang='lat' dir='ltr'><strong>ut</strong></span> <span class='ocrx_word' id='word_1_426' title='bbox 3102 2756 3222 2810; x_wconf 88' lang='lat' dir='ltr'><strong>tres</strong></span> <span class='ocrx_word' id='word_1_427' title='bbox 3254 2759 3406 2812; x_wconf 91' lang='lat' dir='ltr'><strong>totos</strong></span> <span class='ocrx_word' id='word_1_428' title='bbox 3433 2751 3564 2814; x_wconf 89' lang='lat' dir='ltr'><strong>dies</strong></span> <span class='ocrx_word' id='word_1_429' title='bbox 3586 2771 3704 2814; x_wconf 89' lang='lat' dir='ltr'><strong>non</strong></span> 
     </span>
    </p>
   </div>
   <div class='ocr_carea' id='block_1_58' title="bbox 2055 2835 3705 2918">
    <p class='ocr_par' dir='ltr' id='par_1_58' title="bbox 2055 2835 3705 2918">
     <span class='ocr_line' id='line_1_58' title="bbox 2055 2835 3705 2918; baseline 0.002 -20"><span class='ocrx_word' id='word_1_430' title='bbox 2055 2835 2363 2898; x_wconf 86' lang='lat' dir='ltr'><strong>defecerit.</strong></span> <span class='ocrx_word' id='word_1_431' title='bbox 2395 2835 2468 2898; x_wconf 87' lang='lat' dir='ltr'><strong>Et</strong></span> <span class='ocrx_word' id='word_1_432' title='bbox 2498 2854 2658 2898; x_wconf 89' lang='lat' dir='ltr'><strong>nunc</strong></span> <span class='ocrx_word' id='word_1_433' title='bbox 2714 2837 2956 2917; x_wconf 89' lang='lat' dir='ltr'><strong>quidem</strong></span> <span class='ocrx_word' id='word_1_434' title='bbox 3013 2837 3098 2899; x_wconf 87' lang='lat' dir='ltr'><strong>sic</strong></span> <span class='ocrx_word' id='word_1_435' title='bbox 3130 2838 3238 2902; x_wconf 80' lang='lat' dir='ltr'><strong>vise</strong></span> <span class='ocrx_word' id='word_1_436' title='bbox 3267 2839 3705 2918; x_wconf 74' lang='lat' dir='ltr'><strong>difﬁcultatem,</strong></span> 
     </span>
    </p>
   </div>
   <div class='ocr_carea' id='block_1_59' title="bbox 2054 2924 3707 3008">
    <p class='ocr_par' dir='ltr' id='par_1_59' title="bbox 2054 2924 3707 3008">
     <span class='ocr_line' id='line_1_59' title="bbox 2054 2924 3707 3008; baseline 0.004 -23"><span class='ocrx_word' id='word_1_437' title='bbox 2054 2924 2202 2986; x_wconf 90' lang='lat' dir='ltr'><strong>alias</strong></span> <span class='ocrx_word' id='word_1_438' title='bbox 2231 2933 2430 2988; x_wconf 82' lang='lat' dir='ltr'><strong>autem</strong></span> <span class='ocrx_word' id='word_1_439' title='bbox 2465 2925 2520 2986; x_wconf 91' lang='lat' dir='ltr'><strong>ei</strong></span> <span class='ocrx_word' id='word_1_440' title='bbox 2551 2925 2731 2987; x_wconf 89' lang='lat' dir='ltr'><strong>etiam</strong></span> <span class='ocrx_word' id='word_1_441' title='bbox 2766 2926 2941 2988; x_wconf 90' lang='lat' dir='ltr'><strong>aliam</strong></span> <span class='ocrx_word' id='word_1_442' title='bbox 2992 2926 3222 3008; x_wconf 91' lang='lat' dir='ltr'><strong>depulit</strong></span> <span class='ocrx_word' id='word_1_443' title='bbox 3250 2929 3436 2990; x_wconf 92' lang='lat' dir='ltr'><strong>animi</strong></span> <span class='ocrx_word' id='word_1_444' title='bbox 3465 2930 3707 3008; x_wconf 60' lang='lat' dir='ltr'><strong>agritu-</strong></span> 
     </span>
    </p>
   </div>
   <div class='ocr_carea' id='block_1_60' title="bbox 2057 3014 3704 3188">
    <p class='ocr_par' dir='ltr' id='par_1_60' title="bbox 2057 3014 3704 3188">
     <span class='ocr_line' id='line_1_60' title="bbox 2057 3014 3704 3188; baseline 0.002 -22"><span class='ocrx_word' id='word_1_445' title='bbox 2057 3014 2452 3168; x_wconf 53' lang='grc' dir='ltr'><strong>ἀιῗὶίηὶίνίιί.</strong></span> <span class='ocrx_word' id='word_1_446' title='bbox 2485 3103 2793 3184; x_wconf 78' lang='lat' dir='ltr'><strong>Agebatur</strong></span> <span class='ocrx_word' id='word_1_447' title='bbox 2838 3104 3080 3186; x_wconf 91' lang='lat' dir='ltr'><strong>quidem</strong></span> <span class='ocrx_word' id='word_1_448' title='bbox 3132 3107 3263 3169; x_wconf 89' lang='lat' dir='ltr'><strong>dies</strong></span> <span class='ocrx_word' id='word_1_449' title='bbox 3292 3107 3478 3169; x_wconf 89' lang='lat' dir='ltr'><strong>festus</strong></span> <span class='ocrx_word' id='word_1_450' title='bbox 3512 3109 3704 3188; x_wconf 88' lang='lat' dir='ltr'><strong>magni</strong></span> 
     </span>
    </p>
   </div>
   <div class='ocr_carea' id='block_1_61' title="bbox 321 3027 1006 3105">
    <p class='ocr_par' dir='ltr' id='par_1_61' title="bbox 321 3027 1006 3105">
     <span class='ocr_line' id='line_1_61' title="bbox 321 3027 1006 3105; baseline -0.006 -18"><span class='ocrx_word' id='word_1_451' title='bbox 321 3031 544 3105; x_wconf 77' lang='grc' dir='ltr'>ἀθυμίαν</span> <span class='ocrx_word' id='word_1_452' title='bbox 571 3029 716 3104; x_wconf 78' lang='grc' dir='ltr'>αὓτῷ</span> <span class='ocrx_word' id='word_1_453' title='bbox 745 3027 1006 3090; x_wconf 77' lang='grc' dir='ltr'>διέλυσεν.</span> 
     </span>
    </p>
   </div>
   <div class='ocr_carea' id='block_1_62' title="bbox 400 3113 3282 3214">
    <p class='ocr_par' dir='ltr' id='par_1_62' title="bbox 400 3113 3282 3214">
     <span class='ocr_line' id='line_1_62' title="bbox 400 3113 3282 3214; baseline -0.003 -37"><span class='ocrx_word' id='word_1_454' title='bbox 400 3119 535 3183; x_wconf 76' lang='grc' dir='ltr'><strong>ΑΠ’.</strong></span> <span class='ocrx_word' id='word_1_455' title='bbox 598 3118 806 3197; x_wconf 80' lang='grc' dir='ltr'>Ἡμέρα</span> <span class='ocrx_word' id='word_1_456' title='bbox 866 3119 964 3192; x_wconf 74' lang='grc' dir='ltr'>μὲν</span> <span class='ocrx_word' id='word_1_457' title='bbox 1020 3117 1118 3186; x_wconf 73' lang='grc' dir='ltr'><strong>τῆς</strong></span> <span class='ocrx_word' id='word_1_458' title='bbox 1178 3117 1368 3197; x_wconf 71' lang='grc' dir='ltr'>ἑορτῆς</span> <span class='ocrx_word' id='word_1_459' title='bbox 1396 3115 1564 3214; x_wconf 51' lang='grc' dir='ltr'>ἤγετο</span> <span class='ocrx_word' id='word_1_460' title='bbox 1586 3115 1680 3172; x_wconf 81' lang='grc' dir='ltr'>τοῦ</span> <span class='ocrx_word' id='word_1_461' title='bbox 1709 3113 2037 3214; x_wconf 67' lang='grc' dir='ltr'><strong>μεγόιλου,ϐ</strong></span> <span class='ocrx_word' id='word_1_462' title='bbox 2061 3193 2096 3214; x_wconf 61' lang='lat' dir='ltr'><strong>n</strong></span> <span class='ocrx_word' id='word_1_463' title='bbox 2485 3113 2813 3214; x_wconf 37' lang='lat' dir='ltr'><strong>Agebatur.</strong></span> <span class='ocrx_word' id='word_1_464' title='bbox 2838 3113 3080 3214; x_wconf 71' lang='lat' dir='ltr'><strong>quidem</strong></span> <span class='ocrx_word' id='word_1_465' title='bbox 3132 3113 3282 3209; x_wconf 43' lang='lat' dir='ltr'><strong>dies.</strong></span> 
     </span>
    </p>
   </div>
   <div class='ocr_carea' id='block_1_63' title="bbox 309 3193 1971 3288">
    <p class='ocr_par' dir='ltr' id='par_1_63' title="bbox 309 3193 1971 3288">
     <span class='ocr_line' id='line_1_63' title="bbox 309 3193 1971 3288; baseline -0.004 -21"><span class='ocrx_word' id='word_1_466' title='bbox 309 3210 515 3288; x_wconf 77' lang='grc' dir='ltr'>ἄπορον</span> <span class='ocrx_word' id='word_1_467' title='bbox 577 3208 633 3265; x_wconf 76' lang='grc' dir='ltr'>δὲ</span> <span class='ocrx_word' id='word_1_468' title='bbox 672 3193 764 3282; x_wconf 14' lang='grc' dir='ltr'><strong>ίτῷ</strong></span> <span class='ocrx_word' id='word_1_469' title='bbox 791 3205 934 3284; x_wconf 73' lang='grc' dir='ltr'>ἀνδρὶ</span> <span class='ocrx_word' id='word_1_470' title='bbox 963 3193 1267 3275; x_wconf 79' lang='grc' dir='ltr'>ἀπαντῆσαι</span> <span class='ocrx_word' id='word_1_471' title='bbox 1316 3193 1504 3285; x_wconf 79' lang='grc' dir='ltr'>πάλιν,</span> <span class='ocrx_word' id='word_1_472' title='bbox 1546 3207 1634 3264; x_wconf 82' lang='grc' dir='ltr'><strong>καὶ</strong></span> <span class='ocrx_word' id='word_1_473' title='bbox 1661 3206 1724 3261; x_wconf 80' lang='grc' dir='ltr'>τὸ</span> <span class='ocrx_word' id='word_1_474' title='bbox 1753 3193 1971 3282; x_wconf 78' lang='grc' dir='ltr'>πρᾶγμα</span> 
     </span>
    </p>
   </div>
   <div class='ocr_carea' id='block_1_64' title="bbox 2055 3193 3703 3288">
    <p class='ocr_par' dir='ltr' id='par_1_64' title="bbox 2058 3193 3703 3275">
     <span class='ocr_line' id='line_1_64' title="bbox 2058 3193 3703 3275; baseline 0.003 -19"><span class='ocrx_word' id='word_1_475' title='bbox 2058 3193 2394 3275; x_wconf 85' lang='lat' dir='ltr'><strong>Spiridonis</strong></span> <span class='ocrx_word' id='word_1_476' title='bbox 2418 3215 2433 3275; x_wconf 88' lang='lat'><strong>;</strong></span> <span class='ocrx_word' id='word_1_477' title='bbox 2461 3212 2581 3256; x_wconf 92' lang='lat' dir='ltr'><strong>non</strong></span> <span class='ocrx_word' id='word_1_478' title='bbox 2600 3194 2820 3256; x_wconf 91' lang='lat' dir='ltr'><strong>licebat</strong></span> <span class='ocrx_word' id='word_1_479' title='bbox 2839 3204 3038 3256; x_wconf 89' lang='lat' dir='ltr'><strong>autem</strong></span> <span class='ocrx_word' id='word_1_480' title='bbox 3064 3196 3205 3258; x_wconf 90' lang='lat' dir='ltr'><strong>huic</strong></span> <span class='ocrx_word' id='word_1_481' title='bbox 3227 3196 3354 3259; x_wconf 89' lang='lat' dir='ltr'><strong>viro</strong></span> <span class='ocrx_word' id='word_1_482' title='bbox 3378 3215 3448 3259; x_wconf 90' lang='lat' dir='ltr'><strong>eo</strong></span> <span class='ocrx_word' id='word_1_483' title='bbox 3475 3198 3703 3275; x_wconf 88' lang='lat' dir='ltr'><strong>venire,</strong></span> 
     </span>
    </p>
   </div>
   <div class='ocr_carea' id='block_1_65' title="bbox 306 3283 1971 3379">
    <p class='ocr_par' dir='ltr' id='par_1_65' title="bbox 306 3283 1971 3379">
     <span class='ocr_line' id='line_1_65' title="bbox 306 3283 1971 3379; baseline -0.004 -22"><span class='ocrx_word' id='word_1_484' title='bbox 306 3283 566 3379; x_wconf 59' lang='grc' dir='ltr'>συμξρορόι</span> <span class='ocrx_word' id='word_1_485' title='bbox 622 3295 793 3356; x_wconf 77' lang='grc' dir='ltr'>ἐδόκει</span> <span class='ocrx_word' id='word_1_486' title='bbox 849 3283 1013 3372; x_wconf 72' lang='grc' dir='ltr'>αὖτῷ,</span> <span class='ocrx_word' id='word_1_487' title='bbox 1067 3297 1156 3353; x_wconf 78' lang='grc' dir='ltr'>καὶ</span> <span class='ocrx_word' id='word_1_488' title='bbox 1209 3291 1279 3352; x_wconf 84' lang='grc' dir='ltr'><strong>δι’</strong></span> <span class='ocrx_word' id='word_1_489' title='bbox 1337 3283 1506 3376; x_wconf 81' lang='grc' dir='ltr'>εὑχῆς</span> <span class='ocrx_word' id='word_1_490' title='bbox 1557 3293 1821 3368; x_wconf 74' lang='grc' dir='ltr'>ἐποιεῖτο,</span> <span class='ocrx_word' id='word_1_491' title='bbox 1874 3299 1971 3362; x_wconf 74' lang='grc' dir='ltr'>τῆς</span> 
     </span>
    </p>
   </div>
   <div class='ocr_carea' id='block_1_66' title="bbox 2055 3283 3704 3379">
    <p class='ocr_par' dir='ltr' id='par_1_66' title="bbox 2058 3283 3704 3379">
     <span class='ocr_line' id='line_1_66' title="bbox 2058 3283 3704 3379; baseline 0.002 -33"><span class='ocrx_word' id='word_1_492' title='bbox 2058 3293 2118 3346; x_wconf 92' lang='lat' dir='ltr'><strong>et</strong></span> <span class='ocrx_word' id='word_1_493' title='bbox 2149 3302 2218 3346; x_wconf 92' lang='lat' dir='ltr'><strong>ea</strong></span> <span class='ocrx_word' id='word_1_494' title='bbox 2246 3301 2347 3346; x_wconf 89' lang='lat' dir='ltr'><strong>res</strong></span> <span class='ocrx_word' id='word_1_495' title='bbox 2375 3283 2431 3345; x_wconf 93' lang='lat' dir='ltr'><strong>ei</strong></span> <span class='ocrx_word' id='word_1_496' title='bbox 2462 3283 2734 3365; x_wconf 75' lang='lat' dir='ltr'><strong>quaedam</strong></span> <span class='ocrx_word' id='word_1_497' title='bbox 2768 3283 2970 3379; x_wconf 82' lang='lat' dir='ltr'><strong>gravis</strong></span> <span class='ocrx_word' id='word_1_498' title='bbox 3022 3284 3339 3379; x_wconf 85' lang='lat' dir='ltr'><strong>videbatur</strong></span> <span class='ocrx_word' id='word_1_499' title='bbox 3370 3287 3704 3363; x_wconf 87' lang='lat' dir='ltr'><strong>calamitas,</strong></span> 
     </span>
    </p>
   </div>
   <div class='ocr_carea' id='block_1_67' title="bbox 311 3375 1971 3466">
    <p class='ocr_par' dir='ltr' id='par_1_67' title="bbox 311 3375 1971 3466">
     <span class='ocr_line' id='line_1_67' title="bbox 311 3375 1971 3466; baseline -0.001 -20"><span class='ocrx_word' id='word_1_500' title='bbox 311 3375 570 3460; x_wconf 51' lang='grc' dir='ltr'>συνήθους</span> <span class='ocrx_word' id='word_1_501' title='bbox 604 3387 914 3455; x_wconf 74' lang='grc' dir='ltr'>ἐπισκοπῆς</span> <span class='ocrx_word' id='word_1_502' title='bbox 970 3407 1028 3443; x_wconf 85' lang='grc' dir='ltr'><strong>τε</strong></span> <span class='ocrx_word' id='word_1_503' title='bbox 1084 3387 1174 3444; x_wconf 86' lang='grc' dir='ltr'><strong>καὶ</strong></span> <span class='ocrx_word' id='word_1_504' title='bbox 1228 3375 1452 3466; x_wconf 83' lang='grc' dir='ltr'>χάριτός</span> <span class='ocrx_word' id='word_1_505' title='bbox 1511 3385 1590 3462; x_wconf 71' lang='grc' dir='ltr'>μὴ</span> <span class='ocrx_word' id='word_1_506' title='bbox 1648 3384 1971 3464; x_wconf 79' lang='grc' dir='ltr'>ἀποτυχεῖν.</span> 
     </span>
    </p>
   </div>
   <div class='ocr_carea' id='block_1_68' title="bbox 2055 3375 3711 3466">
    <p class='ocr_par' dir='ltr' id='par_1_68' title="bbox 2057 3375 3711 3466">
     <span class='ocr_line' id='line_1_68' title="bbox 2057 3375 3711 3466; baseline 0.004 -28"><span class='ocrx_word' id='word_1_507' title='bbox 2057 3375 2557 3466; x_wconf 14' lang='grc' dir='ltr'>τοεαὺειίιυθ,γηθ</span> <span class='ocrx_word' id='word_1_508' title='bbox 2585 3387 2872 3466; x_wconf 82' lang='lat' dir='ltr'><strong>consueta</strong></span> <span class='ocrx_word' id='word_1_509' title='bbox 2914 3377 3263 3466; x_wconf 12' lang='lat' dir='ltr'><strong>ivisitatione</strong></span> <span class='ocrx_word' id='word_1_510' title='bbox 3295 3379 3626 3460; x_wconf 84' lang='lat' dir='ltr'><strong>privaretur</strong></span> <span class='ocrx_word' id='word_1_511' title='bbox 3651 3389 3711 3444; x_wconf 85' lang='lat' dir='ltr'><strong>et</strong></span> 
     </span>
    </p>
   </div>
   <div class='ocr_carea' id='block_1_69' title="bbox 313 3464 1971 3556">
    <p class='ocr_par' dir='ltr' id='par_1_69' title="bbox 313 3464 1971 3556">
     <span class='ocr_line' id='line_1_69' title="bbox 313 3464 1971 3556; baseline -0.004 -19"><span class='ocrx_word' id='word_1_512' title='bbox 313 3481 376 3537; x_wconf 86' lang='grc' dir='ltr'>Τί</span> <span class='ocrx_word' id='word_1_513' title='bbox 426 3481 517 3536; x_wconf 67' lang='grc' dir='ltr'>οὖν</span> <span class='ocrx_word' id='word_1_514' title='bbox 573 3476 723 3535; x_wconf 69' lang='grc' dir='ltr'>οὔπω</span> <span class='ocrx_word' id='word_1_515' title='bbox 780 3476 944 3556; x_wconf 79' lang='grc' dir='ltr'>πέρας</span> <span class='ocrx_word' id='word_1_516' title='bbox 1031 3464 1326 3552; x_wconf 71' lang='grc' dir='ltr'>ἐλάμϐανεν</span> <span class='ocrx_word' id='word_1_517' title='bbox 1377 3476 1413 3544; x_wconf 79' lang='grc' dir='ltr'>ἡ</span> <span class='ocrx_word' id='word_1_518' title='bbox 1457 3476 1620 3555; x_wconf 74' lang='grc' dir='ltr'>εὐχὴ,</span> <span class='ocrx_word' id='word_1_519' title='bbox 1685 3475 1772 3531; x_wconf 79' lang='grc' dir='ltr'><strong>καὶ</strong></span> <span class='ocrx_word' id='word_1_520' title='bbox 1832 3473 1971 3551; x_wconf 78' lang='grc' dir='ltr'>παρὰ</span> 
     </span>
    </p>
   </div>
   <div class='ocr_carea' id='block_1_70' title="bbox 2055 3464 3706 3556">
    <p class='ocr_par' dir='ltr' id='par_1_70' title="bbox 2056 3464 3706 3556">
     <span class='ocr_line' id='line_1_70' title="bbox 2056 3464 3706 3556; baseline 0.004 -28"><span class='ocrx_word' id='word_1_521' title='bbox 2056 3465 2266 3556; x_wconf 88' lang='lat' dir='ltr'><strong>gratia.</strong></span> <span class='ocrx_word' id='word_1_522' title='bbox 2321 3465 2471 3539; x_wconf 88' lang='lat' dir='ltr'><strong>Quid</strong></span> <span class='ocrx_word' id='word_1_523' title='bbox 2501 3465 2730 3556; x_wconf 86' lang='lat' dir='ltr'><strong>igitur?</strong></span> <span class='ocrx_word' id='word_1_524' title='bbox 2760 3464 3036 3556; x_wconf 86' lang='lat' dir='ltr'><strong>Nondum</strong></span> <span class='ocrx_word' id='word_1_525' title='bbox 3071 3467 3252 3532; x_wconf 65' lang='lat' dir='ltr'><strong>finita:</strong></span> <span class='ocrx_word' id='word_1_526' title='bbox 3282 3477 3452 3531; x_wconf 89' lang='lat' dir='ltr'><strong>erant</strong></span> <span class='ocrx_word' id='word_1_527' title='bbox 3479 3488 3706 3551; x_wconf 87' lang='lat' dir='ltr'><strong>preces,</strong></span> 
     </span>
    </p>
   </div>
   <div class='ocr_carea' id='block_1_71' title="bbox 319 3555 1971 3640">
    <p class='ocr_par' dir='ltr' id='par_1_71' title="bbox 319 3555 1971 3640">
     <span class='ocr_line' id='line_1_71' title="bbox 319 3555 1971 3640; baseline -0.004 -15"><span class='ocrx_word' id='word_1_528' title='bbox 319 3569 415 3625; x_wconf 73' lang='grc' dir='ltr'><strong>τὸν</strong></span> <span class='ocrx_word' id='word_1_529' title='bbox 485 3569 606 3624; x_wconf 76' lang='grc' dir='ltr'>ναὸν</span> <span class='ocrx_word' id='word_1_530' title='bbox 693 3555 863 3633; x_wconf 76' lang='grc' dir='ltr'>ἔδοξεν</span> <span class='ocrx_word' id='word_1_531' title='bbox 937 3563 1172 3640; x_wconf 82' lang='grc' dir='ltr'>ἀπιέναι,</span> <span class='ocrx_word' id='word_1_532' title='bbox 1254 3565 1342 3622; x_wconf 83' lang='grc' dir='ltr'><strong>καὶ</strong></span> <span class='ocrx_word' id='word_1_533' title='bbox 1407 3563 1520 3640; x_wconf 75' lang='grc' dir='ltr'>ἅμα</span> <span class='ocrx_word' id='word_1_534' title='bbox 1597 3568 1695 3632; x_wconf 79' lang='grc' dir='ltr'>τῆς</span> <span class='ocrx_word' id='word_1_535' title='bbox 1775 3562 1971 3620; x_wconf 70' lang='grc' dir='ltr'>ἐκείνου</span> 
     </span>
    </p>
   </div>
   <div class='ocr_carea' id='block_1_72' title="bbox 2055 3555 3712 3640">
    <p class='ocr_par' dir='ltr' id='par_1_72' title="bbox 2061 3555 3712 3640">
     <span class='ocr_line' id='line_1_72' title="bbox 2061 3555 3712 3640; baseline 0.004 -23"><span class='ocrx_word' id='word_1_536' title='bbox 2061 3564 2120 3617; x_wconf 92' lang='lat' dir='ltr'><strong>et</strong></span> <span class='ocrx_word' id='word_1_537' title='bbox 2167 3555 2327 3618; x_wconf 85' lang='lat' dir='ltr'><strong>visus</strong></span> <span class='ocrx_word' id='word_1_538' title='bbox 2371 3564 2460 3617; x_wconf 89' lang='lat' dir='ltr'><strong>est</strong></span> <span class='ocrx_word' id='word_1_539' title='bbox 2513 3555 2624 3617; x_wconf 86' lang='lat' dir='ltr'><strong>sibi</strong></span> <span class='ocrx_word' id='word_1_540' title='bbox 2659 3555 2748 3618; x_wconf 90' lang='lat' dir='ltr'><strong>ire</strong></span> <span class='ocrx_word' id='word_1_541' title='bbox 2779 3555 2854 3617; x_wconf 82' lang='lat' dir='ltr'><strong>ad</strong></span> <span class='ocrx_word' id='word_1_542' title='bbox 2887 3557 3203 3640; x_wconf 87' lang='lat' dir='ltr'><strong>templum,</strong></span> <span class='ocrx_word' id='word_1_543' title='bbox 3245 3569 3304 3622; x_wconf 89' lang='lat' dir='ltr'><strong>et</strong></span> <span class='ocrx_word' id='word_1_544' title='bbox 3335 3560 3515 3622; x_wconf 87' lang='lat' dir='ltr'><strong>simul</strong></span> <span class='ocrx_word' id='word_1_545' title='bbox 3550 3561 3712 3624; x_wconf 85' lang='lat' dir='ltr'><strong>illius</strong></span> 
     </span>
    </p>
   </div>
   <div class='ocr_carea' id='block_1_73' title="bbox 325 3644 1971 3736">
    <p class='ocr_par' dir='ltr' id='par_1_73' title="bbox 325 3652 1971 3736">
     <span class='ocr_line' id='line_1_73' title="bbox 325 3652 1971 3736; baseline -0.004 -22"><span class='ocrx_word' id='word_1_546' title='bbox 325 3658 520 3736; x_wconf 71' lang='grc' dir='ltr'>ᾓσθετο</span> <span class='ocrx_word' id='word_1_547' title='bbox 573 3657 856 3736; x_wconf 77' lang='grc' dir='ltr'>παρουσίας</span> <span class='ocrx_word' id='word_1_548' title='bbox 915 3657 1000 3713; x_wconf 58' lang='grc' dir='ltr'><strong>καἳ</strong></span> <span class='ocrx_word' id='word_1_549' title='bbox 1045 3661 1144 3724; x_wconf 78' lang='grc' dir='ltr'>τῆς</span> <span class='ocrx_word' id='word_1_550' title='bbox 1189 3654 1241 3722; x_wconf 79' lang='grc' dir='ltr'>ἐξ</span> <span class='ocrx_word' id='word_1_551' title='bbox 1304 3654 1451 3720; x_wconf 79' lang='grc' dir='ltr'>ἔθους</span> <span class='ocrx_word' id='word_1_552' title='bbox 1510 3653 1830 3730; x_wconf 79' lang='grc' dir='ltr'>ἐλλάμψεως</span> <span class='ocrx_word' id='word_1_553' title='bbox 1879 3652 1971 3708; x_wconf 64' lang='grc' dir='ltr'><strong>διαῖ</strong></span> 
     </span>
    </p>
   </div>
   <div class='ocr_carea' id='block_1_74' title="bbox 2055 3644 3712 3736">
    <p class='ocr_par' dir='ltr' id='par_1_74' title="bbox 2058 3644 3712 3736">
     <span class='ocr_line' id='line_1_74' title="bbox 2058 3644 3712 3736; baseline 0.004 -28"><span class='ocrx_word' id='word_1_554' title='bbox 2058 3651 2247 3708; x_wconf 89' lang='lat' dir='ltr'><strong>sensit</strong></span> <span class='ocrx_word' id='word_1_555' title='bbox 2269 3644 3193 3736; x_wconf 75' lang='lat' dir='ltr'><strong>adventum,illumina_tionisque</strong></span> <span class='ocrx_word' id='word_1_556' title='bbox 3208 3649 3617 3713; x_wconf 89' lang='lat' dir='ltr'><strong>etdulcedinis</strong></span> <span class='ocrx_word' id='word_1_557' title='bbox 3637 3652 3712 3714; x_wconf 89' lang='lat' dir='ltr'><strong>de</strong></span> 
     </span>
    </p>
   </div>
   <div class='ocr_carea' id='block_1_75' title="bbox 326 3717 1971 3825">
    <p class='ocr_par' dir='ltr' id='par_1_75' title="bbox 326 3717 1971 3825">
     <span class='ocr_line' id='line_1_75' title="bbox 338 3717 1827 3736; baseline -0.005 0"><span class='ocrx_word' id='word_1_558' title='bbox 338 3717 364 3736; x_wconf 74' lang='grc' dir='ltr'><strong>δ’</strong></span> <span class='ocrx_word' id='word_1_559' title='bbox 649 3717 659 3736; x_wconf 80' lang='lat'><strong>.</strong></span> <span class='ocrx_word' id='word_1_560' title='bbox 843 3717 853 3720; x_wconf 61' lang='grc' dir='ltr'>ν</span> <span class='ocrx_word' id='word_1_561' title='bbox 1102 3717 1141 3724; x_wconf 86' lang='grc'><strong><em>--</em></strong></span> <span class='ocrx_word' id='word_1_562' title='bbox 1227 3717 1241 3722; x_wconf 85' lang='grc'><strong><em>-</em></strong></span> <span class='ocrx_word' id='word_1_563' title='bbox 1437 3717 1448 3720; x_wconf 58' lang='grc' dir='ltr'>ν</span> <span class='ocrx_word' id='word_1_564' title='bbox 1643 3717 1656 3730; x_wconf 89' lang='grc'><strong>.</strong></span> <span class='ocrx_word' id='word_1_565' title='bbox 1701 3717 1711 3730; x_wconf 91' lang='grc'><em>.</em></span> <span class='ocrx_word' id='word_1_566' title='bbox 1815 3717 1827 3720; x_wconf 93' lang='grc'><strong><em>-</em></strong></span> 
     </span>
     <span class='ocr_line' id='line_1_76' title="bbox 326 3742 1971 3825; baseline -0.003 -22"><span class='ocrx_word' id='word_1_567' title='bbox 326 3747 651 3825; x_wconf 81' lang='grc' dir='ltr'>γλυκύτητος</span> <span class='ocrx_word' id='word_1_568' title='bbox 706 3746 1004 3822; x_wconf 79' lang='grc' dir='ltr'>ἐκοινώνει,</span> <span class='ocrx_word' id='word_1_569' title='bbox 1079 3747 1210 3822; x_wconf 77' lang='grc' dir='ltr'>πρὸς</span> <span class='ocrx_word' id='word_1_570' title='bbox 1265 3767 1322 3802; x_wconf 91' lang='grc' dir='ltr'><strong>τε</strong></span> <span class='ocrx_word' id='word_1_571' title='bbox 1368 3747 1458 3802; x_wconf 86' lang='grc' dir='ltr'>τὸν</span> <span class='ocrx_word' id='word_1_572' title='bbox 1519 3746 1644 3801; x_wconf 83' lang='grc' dir='ltr'>ναὸν</span> <span class='ocrx_word' id='word_1_573' title='bbox 1701 3742 1971 3800; x_wconf 88' lang='grc' dir='ltr'>συνεισελ-</span> 
     </span>
    </p>
   </div>
   <div class='ocr_carea' id='block_1_76' title="bbox 2055 3717 3710 3825">
    <p class='ocr_par' dir='ltr' id='par_1_76' title="bbox 2059 3717 3710 3825">
     <span class='ocr_line' id='line_1_77' title="bbox 2059 3717 3710 3825; baseline 0.003 -29"><span class='ocrx_word' id='word_1_574' title='bbox 2059 3754 2226 3797; x_wconf 90' lang='lat' dir='ltr'><strong>more</strong></span> <span class='ocrx_word' id='word_1_575' title='bbox 2257 3734 2366 3796; x_wconf 91' lang='lat' dir='ltr'><strong>fuit</strong></span> <span class='ocrx_word' id='word_1_576' title='bbox 2407 3717 2708 3816; x_wconf 79' lang='lat' dir='ltr'><strong>particeps</strong></span> <span class='ocrx_word' id='word_1_577' title='bbox 2741 3742 2799 3796; x_wconf 88' lang='lat' dir='ltr'><strong>et</strong></span> <span class='ocrx_word' id='word_1_578' title='bbox 2824 3733 2944 3797; x_wconf 90' lang='lat' dir='ltr'><strong>sibi</strong></span> <span class='ocrx_word' id='word_1_579' title='bbox 2973 3717 3127 3799; x_wconf 71' lang='lat' dir='ltr'><strong>visus</strong></span> <span class='ocrx_word' id='word_1_580' title='bbox 3165 3745 3256 3800; x_wconf 90' lang='lat' dir='ltr'><strong>est</strong></span> <span class='ocrx_word' id='word_1_581' title='bbox 3291 3739 3580 3820; x_wconf 90' lang='lat' dir='ltr'><strong>templum</strong></span> <span class='ocrx_word' id='word_1_582' title='bbox 3612 3740 3710 3801; x_wconf 83' lang='lat' dir='ltr'><strong>in-</strong></span> 
     </span>
    </p>
   </div>
   <div class='ocr_carea' id='block_1_77' title="bbox 326 3824 1971 3914">
    <p class='ocr_par' dir='ltr' id='par_1_77' title="bbox 326 3824 1971 3913">
     <span class='ocr_line' id='line_1_78' title="bbox 326 3824 1971 3913; baseline -0.003 -20"><span class='ocrx_word' id='word_1_583' title='bbox 326 3824 446 3893; x_wconf 78' lang='grc' dir='ltr'>θεῖν</span> <span class='ocrx_word' id='word_1_584' title='bbox 503 3837 637 3912; x_wconf 73' lang='grc' dir='ltr'>αὑτῷ</span> <span class='ocrx_word' id='word_1_585' title='bbox 665 3838 819 3910; x_wconf 80' lang='grc' dir='ltr'>ἐῴκει</span> <span class='ocrx_word' id='word_1_586' title='bbox 877 3838 966 3893; x_wconf 74' lang='grc' dir='ltr'><strong>καί</strong></span> <span class='ocrx_word' id='word_1_587' title='bbox 1009 3837 1165 3901; x_wconf 71' lang='grc' dir='ltr'>αὑτὸς</span> <span class='ocrx_word' id='word_1_588' title='bbox 1229 3835 1666 3913; x_wconf 80' lang='grc' dir='ltr'>προσευξόμενος,</span> <span class='ocrx_word' id='word_1_589' title='bbox 1711 3835 1800 3890; x_wconf 83' lang='grc' dir='ltr'><strong>καὶ</strong></span> <span class='ocrx_word' id='word_1_590' title='bbox 1841 3853 1971 3889; x_wconf 80' lang='grc' dir='ltr'>συν-</span> 
     </span>
    </p>
   </div>
   <div class='ocr_carea' id='block_1_78' title="bbox 2055 3824 3720 3914">
    <p class='ocr_par' dir='ltr' id='par_1_78' title="bbox 2057 3824 3720 3914">
     <span class='ocr_line' id='line_1_79' title="bbox 2057 3824 3720 3914; baseline 0.003 -27"><span class='ocrx_word' id='word_1_591' title='bbox 2057 3825 2248 3906; x_wconf 85' lang='lat' dir='ltr'><strong>gredi,</strong></span> <span class='ocrx_word' id='word_1_592' title='bbox 2283 3831 2344 3886; x_wconf 86' lang='lat' dir='ltr'><strong>et</strong></span> <span class='ocrx_word' id='word_1_593' title='bbox 2373 3842 2508 3914; x_wconf 77' lang='lat' dir='ltr'><strong>cum</strong></span> <span class='ocrx_word' id='word_1_594' title='bbox 2544 3824 2672 3904; x_wconf 87' lang='lat' dir='ltr'><strong>ipse</strong></span> <span class='ocrx_word' id='word_1_595' title='bbox 2710 3831 2876 3914; x_wconf 83' lang='lat' dir='ltr'><strong>esset</strong></span> <span class='ocrx_word' id='word_1_596' title='bbox 2927 3834 3223 3906; x_wconf 87' lang='lat' dir='ltr'><strong>precatus,</strong></span> <span class='ocrx_word' id='word_1_597' title='bbox 3257 3827 3446 3890; x_wconf 86' lang='lat' dir='ltr'><strong>fuisse</strong></span> <span class='ocrx_word' id='word_1_598' title='bbox 3478 3847 3612 3890; x_wconf 92' lang='lat' dir='ltr'><strong>cum</strong></span> <span class='ocrx_word' id='word_1_599' title='bbox 3646 3849 3720 3892; x_wconf 92' lang='lat' dir='ltr'><strong>eo</strong></span> 
     </span>
    </p>
   </div>
   <div class='ocr_carea' id='block_1_79' title="bbox 322 3913 1971 4006">
    <p class='ocr_par' dir='ltr' id='par_1_79' title="bbox 322 3923 1971 4006">
     <span class='ocr_line' id='line_1_80' title="bbox 322 3923 1971 4006; baseline -0.003 -23"><span class='ocrx_word' id='word_1_600' title='bbox 322 3938 466 3984; x_wconf 77' lang='grc' dir='ltr'>εῖναι</span> <span class='ocrx_word' id='word_1_601' title='bbox 535 3926 658 4006; x_wconf 86' lang='grc' dir='ltr'>παρ’</span> <span class='ocrx_word' id='word_1_602' title='bbox 713 3925 852 3994; x_wconf 80' lang='grc' dir='ltr'>ὅλην</span> <span class='ocrx_word' id='word_1_603' title='bbox 912 3926 1054 4000; x_wconf 76' lang='grc' dir='ltr'>αὐτῷ</span> <span class='ocrx_word' id='word_1_604' title='bbox 1132 3927 1232 3994; x_wconf 79' lang='grc' dir='ltr'>τὴν</span> <span class='ocrx_word' id='word_1_605' title='bbox 1296 3923 1627 4003; x_wconf 78' lang='grc' dir='ltr'>δοξολογίαν,</span> <span class='ocrx_word' id='word_1_606' title='bbox 1702 3923 1826 3981; x_wconf 79' lang='grc' dir='ltr'>εἶτα</span> <span class='ocrx_word' id='word_1_607' title='bbox 1882 3923 1971 3979; x_wconf 83' lang='grc' dir='ltr'>καὶ</span> 
     </span>
    </p>
   </div>
   <div class='ocr_carea' id='block_1_80' title="bbox 2055 3913 3707 4006">
    <p class='ocr_par' dir='ltr' id='par_1_80' title="bbox 2057 3913 3707 4006">
     <span class='ocr_line' id='line_1_81' title="bbox 2057 3913 3707 4006; baseline 0.004 -30"><span class='ocrx_word' id='word_1_608' title='bbox 2057 3934 2164 4006; x_wconf 86' lang='lat' dir='ltr'><strong>per</strong></span> <span class='ocrx_word' id='word_1_609' title='bbox 2191 3923 2379 4006; x_wconf 81' lang='lat' dir='ltr'><strong>totam</strong></span> <span class='ocrx_word' id='word_1_610' title='bbox 2408 3913 2931 4006; x_wconf 68' lang='lat' dir='ltr'><strong>glerificationem.</strong></span> <span class='ocrx_word' id='word_1_611' title='bbox 2952 3915 3076 4006; x_wconf 80' lang='lat' dir='ltr'><strong>Qui</strong></span> <span class='ocrx_word' id='word_1_612' title='bbox 3104 3935 3241 3978; x_wconf 91' lang='lat' dir='ltr'><strong>cum</strong></span> <span class='ocrx_word' id='word_1_613' title='bbox 3277 3917 3580 3996; x_wconf 87' lang='lat' dir='ltr'><strong>omnibus,</strong></span> <span class='ocrx_word' id='word_1_614' title='bbox 3608 3921 3707 4003; x_wconf 87' lang='lat' dir='ltr'><strong>qui</strong></span> 
     </span>
    </p>
   </div>
   <div class='ocr_carea' id='block_1_81' title="bbox 314 4001 1971 4095">
    <p class='ocr_par' dir='ltr' id='par_1_81' title="bbox 314 4009 1966 4095">
     <span class='ocr_line' id='line_1_82' title="bbox 314 4009 1966 4095; baseline -0.005 -20"><span class='ocrx_word' id='word_1_615' title='bbox 314 4017 521 4082; x_wconf 68' lang='grc' dir='ltr'>πάντας</span> <span class='ocrx_word' id='word_1_616' title='bbox 607 4016 972 4095; x_wconf 75' lang='grc' dir='ltr'>εὒλογήσαντα</span> <span class='ocrx_word' id='word_1_617' title='bbox 1043 4016 1166 4079; x_wconf 82' lang='grc' dir='ltr'>τοὺς</span> <span class='ocrx_word' id='word_1_618' title='bbox 1243 4015 1532 4094; x_wconf 85' lang='grc' dir='ltr'>παρόντας,</span> <span class='ocrx_word' id='word_1_619' title='bbox 1617 4013 1701 4070; x_wconf 77' lang='grc' dir='ltr'><strong>ἐπὶ</strong></span> <span class='ocrx_word' id='word_1_620' title='bbox 1787 4009 1966 4075; x_wconf 76' lang='grc' dir='ltr'>τέλους</span> 
     </span>
    </p>
   </div>
   <div class='ocr_carea' id='block_1_82' title="bbox 2055 4001 3386 4095">
    <p class='ocr_par' dir='ltr' id='par_1_82' title="bbox 2055 4001 3386 4078">
     <span class='ocr_line' id='line_1_83' title="bbox 2055 4001 3386 4078; baseline 0.002 -11"><span class='ocrx_word' id='word_1_621' title='bbox 2055 4005 2325 4076; x_wconf 89' lang='lat' dir='ltr'><strong>aderant,</strong></span> <span class='ocrx_word' id='word_1_622' title='bbox 2363 4001 2793 4078; x_wconf 84' lang='lat' dir='ltr'><strong>benedixisset,</strong></span> <span class='ocrx_word' id='word_1_623' title='bbox 2831 4004 3070 4067; x_wconf 86' lang='lat' dir='ltr'><strong>tandem</strong></span> <span class='ocrx_word' id='word_1_624' title='bbox 3107 4007 3386 4070; x_wconf 90' lang='lat' dir='ltr'><strong>recessit.</strong></span> 
     </span>
    </p>
   </div>
   <div class='ocr_carea' id='block_1_83' title="bbox 311 4095 3714 4174">
    <p class='ocr_par' dir='ltr' id='par_1_83' title="bbox 311 4095 3714 4174">
     <span class='ocr_line' id='line_1_84' title="bbox 311 4095 3714 4174; baseline 0.008 -38"><span class='ocrx_word' id='word_1_625' title='bbox 311 4109 640 4174; x_wconf 45' lang='grc' dir='ltr'><strong>ἀποστῆναι,</strong></span> <span class='ocrx_word' id='word_1_626' title='bbox 2122 4096 2354 4156; x_wconf 84' lang='lat' dir='ltr'><strong>XXXlX.</strong></span> <span class='ocrx_word' id='word_1_627' title='bbox 2378 4096 2509 4152; x_wconf 81' lang='lat' dir='ltr'><strong>Mihi</strong></span> <span class='ocrx_word' id='word_1_628' title='bbox 2538 4095 2770 4167; x_wconf 87' lang='lat' dir='ltr'><strong>quidem</strong></span> <span class='ocrx_word' id='word_1_629' title='bbox 2803 4099 3180 4167; x_wconf 81' lang='lat' dir='ltr'><strong>oratio,sinon</strong></span> <span class='ocrx_word' id='word_1_630' title='bbox 3208 4115 3299 4158; x_wconf 82' lang='lat' dir='ltr'><strong>res</strong></span> <span class='ocrx_word' id='word_1_631' title='bbox 3319 4115 3519 4160; x_wconf 88' lang='lat' dir='ltr'><strong>omnes</strong></span> <span class='ocrx_word' id='word_1_632' title='bbox 3539 4102 3714 4170; x_wconf 86' lang='lat' dir='ltr'><strong>illius,</strong></span> 
     </span>
    </p>
   </div>
   <div class='ocr_carea' id='block_1_84' title="bbox 397 4180 1971 4274">
    <p class='ocr_par' dir='ltr' id='par_1_84' title="bbox 397 4190 1971 4274">
     <span class='ocr_line' id='line_1_85' title="bbox 397 4190 1971 4274; baseline -0.002 -21"><span class='ocrx_word' id='word_1_633' title='bbox 397 4197 532 4259; x_wconf 75' lang='lat' dir='ltr'><strong>AO’.</strong></span> <span class='ocrx_word' id='word_1_634' title='bbox 589 4194 743 4272; x_wconf 81' lang='grc' dir='ltr'>Ἐμοὶ</span> <span class='ocrx_word' id='word_1_635' title='bbox 800 4196 900 4273; x_wconf 78' lang='grc' dir='ltr'>μὲν</span> <span class='ocrx_word' id='word_1_636' title='bbox 964 4196 991 4253; x_wconf 85' lang='grc' dir='ltr'>ὀ</span> <span class='ocrx_word' id='word_1_637' title='bbox 1048 4192 1209 4274; x_wconf 81' lang='grc' dir='ltr'>λόγος</span> <span class='ocrx_word' id='word_1_638' title='bbox 1267 4196 1311 4252; x_wconf 82' lang='grc' dir='ltr'><strong>εί</strong></span> <span class='ocrx_word' id='word_1_639' title='bbox 1379 4195 1468 4251; x_wconf 72' lang='grc' dir='ltr'><strong>καὶ</strong></span> <span class='ocrx_word' id='word_1_640' title='bbox 1521 4193 1598 4271; x_wconf 79' lang='grc' dir='ltr'>μὴ</span> <span class='ocrx_word' id='word_1_641' title='bbox 1656 4192 1723 4249; x_wconf 77' lang='grc' dir='ltr'><strong>τὰ</strong></span> <span class='ocrx_word' id='word_1_642' title='bbox 1774 4190 1971 4250; x_wconf 77' lang='grc' dir='ltr'>ἐκείνου</span> 
     </span>
    </p>
   </div>
   <div class='ocr_carea' id='block_1_85' title="bbox 2055 4180 3719 4274">
    <p class='ocr_par' dir='ltr' id='par_1_85' title="bbox 2061 4180 3719 4274">
     <span class='ocr_line' id='line_1_86' title="bbox 2061 4180 3719 4274; baseline 0.001 -26"><span class='ocrx_word' id='word_1_643' title='bbox 2061 4193 2120 4249; x_wconf 88' lang='lat' dir='ltr'><strong>at</strong></span> <span class='ocrx_word' id='word_1_644' title='bbox 2141 4203 2240 4274; x_wconf 9' lang='lat' dir='ltr'><strong>ears</strong></span> <span class='ocrx_word' id='word_1_645' title='bbox 2263 4181 2506 4274; x_wconf 75' lang='lat' dir='ltr'><strong>quidem</strong></span> <span class='ocrx_word' id='word_1_646' title='bbox 2524 4189 2686 4274; x_wconf 80' lang='lat' dir='ltr'><strong>certe</strong></span> <span class='ocrx_word' id='word_1_647' title='bbox 2712 4180 3021 4274; x_wconf 66' lang='lat' dir='ltr'><strong>dixit,quaa</strong></span> <span class='ocrx_word' id='word_1_648' title='bbox 3042 4183 3185 4244; x_wconf 89' lang='lat' dir='ltr'><strong>viris</strong></span> <span class='ocrx_word' id='word_1_649' title='bbox 3210 4183 3384 4248; x_wconf 89' lang='lat' dir='ltr'><strong>bonis</strong></span> <span class='ocrx_word' id='word_1_650' title='bbox 3407 4195 3466 4248; x_wconf 91' lang='lat' dir='ltr'><strong>et</strong></span> <span class='ocrx_word' id='word_1_651' title='bbox 3489 4187 3719 4250; x_wconf 81' lang='lat' dir='ltr'><strong>virtutis</strong></span> 
     </span>
    </p>
   </div>
   <div class='ocr_carea' id='block_1_86' title="bbox 307 4269 1971 4363">
    <p class='ocr_par' dir='ltr' id='par_1_86' title="bbox 307 4269 1971 4363">
     <span class='ocr_line' id='line_1_87' title="bbox 307 4269 1971 4363; baseline -0.005 -20"><span class='ocrx_word' id='word_1_652' title='bbox 307 4287 515 4363; x_wconf 77' lang='grc' dir='ltr'>πάντα,</span> <span class='ocrx_word' id='word_1_653' title='bbox 560 4269 678 4343; x_wconf 76' lang='grc' dir='ltr'>ἀλλ’</span> <span class='ocrx_word' id='word_1_654' title='bbox 743 4269 831 4343; x_wconf 81' lang='grc' dir='ltr'>οὖν</span> <span class='ocrx_word' id='word_1_655' title='bbox 891 4269 1153 4363; x_wconf 81' lang='grc' dir='ltr'>ἂκροῦντα</span> <span class='ocrx_word' id='word_1_656' title='bbox 1205 4298 1322 4350; x_wconf 78' lang='grc' dir='ltr'>τοῖς</span> <span class='ocrx_word' id='word_1_657' title='bbox 1367 4269 1672 4363; x_wconf 79' lang='grc' dir='ltr'>φιλαρέτοις</span> <span class='ocrx_word' id='word_1_658' title='bbox 1730 4279 1971 4360; x_wconf 67' lang='grc' dir='ltr'>εἴρηκεν,</span> 
     </span>
    </p>
   </div>
   <div class='ocr_carea' id='block_1_87' title="bbox 2055 4269 3718 4363">
    <p class='ocr_par' dir='ltr' id='par_1_87' title="bbox 2059 4269 3718 4355">
     <span class='ocr_line' id='line_1_88' title="bbox 2059 4269 3718 4355; baseline 0 -17"><span class='ocrx_word' id='word_1_659' title='bbox 2059 4271 2352 4339; x_wconf 82' lang='lat' dir='ltr'><strong>studiosis</strong></span> <span class='ocrx_word' id='word_1_660' title='bbox 2373 4269 2701 4332; x_wconf 83' lang='lat' dir='ltr'><strong>sufficiunt.</strong></span> <span class='ocrx_word' id='word_1_661' title='bbox 2737 4269 3048 4344; x_wconf 87' lang='lat' dir='ltr'><strong>Quomodo</strong></span> <span class='ocrx_word' id='word_1_662' title='bbox 3081 4280 3276 4334; x_wconf 88' lang='lat' dir='ltr'><strong>autem</strong></span> <span class='ocrx_word' id='word_1_663' title='bbox 3310 4275 3576 4355; x_wconf 90' lang='lat' dir='ltr'><strong>quotidie</strong></span> <span class='ocrx_word' id='word_1_664' title='bbox 3608 4295 3718 4339; x_wconf 66' lang='lat' dir='ltr'><strong>e3-</strong></span> 
     </span>
    </p>
   </div>
   <div class='ocr_carea' id='block_1_88' title="bbox 306 4362 1971 4449">
    <p class='ocr_par' dir='ltr' id='par_1_88' title="bbox 306 4362 1971 4449">
     <span class='ocr_line' id='line_1_89' title="bbox 306 4362 1971 4449; baseline -0.003 -15"><span class='ocrx_word' id='word_1_665' title='bbox 306 4362 502 4442; x_wconf 49' lang='grc' dir='ltr'><strong>ΙηΟπως</strong></span> <span class='ocrx_word' id='word_1_666' title='bbox 557 4373 612 4432; x_wconf 78' lang='grc' dir='ltr'>δὲ</span> <span class='ocrx_word' id='word_1_667' title='bbox 675 4377 763 4433; x_wconf 71' lang='grc' dir='ltr'>καὶ</span> <span class='ocrx_word' id='word_1_668' title='bbox 820 4372 936 4433; x_wconf 84' lang='grc' dir='ltr'>καθ’</span> <span class='ocrx_word' id='word_1_669' title='bbox 965 4362 970 4363; x_wconf 15' lang='grc' dir='ltr'><em>ν</em></span> <span class='ocrx_word' id='word_1_670' title='bbox 1000 4374 1230 4443; x_wconf 75' lang='grc' dir='ltr'>ἑκάστην</span> <span class='ocrx_word' id='word_1_671' title='bbox 1307 4362 1416 4431; x_wconf 75' lang='grc' dir='ltr'><strong>τῶν</strong></span> <span class='ocrx_word' id='word_1_672' title='bbox 1469 4371 1733 4449; x_wconf 75' lang='grc' dir='ltr'>δεομένων</span> <span class='ocrx_word' id='word_1_673' title='bbox 1818 4372 1971 4429; x_wconf 75' lang='grc' dir='ltr'>αὑτοῦ</span> 
     </span>
    </p>
   </div>
   <div class='ocr_carea' id='block_1_89' title="bbox 2055 4362 3718 4449">
    <p class='ocr_par' dir='ltr' id='par_1_89' title="bbox 2059 4369 3718 4449">
     <span class='ocr_line' id='line_1_90' title="bbox 2059 4369 3718 4449; baseline 0.001 -23"><span class='ocrx_word' id='word_1_674' title='bbox 2059 4384 2190 4428; x_wconf 87' lang='lat' dir='ltr'><strong>rum</strong></span> <span class='ocrx_word' id='word_1_675' title='bbox 2214 4369 2311 4439; x_wconf 86' lang='lat' dir='ltr'><strong>qui</strong></span> <span class='ocrx_word' id='word_1_676' title='bbox 2339 4379 2471 4423; x_wconf 89' lang='lat' dir='ltr'><strong>eum</strong></span> <span class='ocrx_word' id='word_1_677' title='bbox 2492 4372 2924 4449; x_wconf 85' lang='lat' dir='ltr'><strong>rogant,curam</strong></span> <span class='ocrx_word' id='word_1_678' title='bbox 2942 4373 3186 4449; x_wconf 86' lang='lat' dir='ltr'><strong>gerat.et</strong></span> <span class='ocrx_word' id='word_1_679' title='bbox 3204 4380 3302 4424; x_wconf 85' lang='lat' dir='ltr'><strong>eos</strong></span> <span class='ocrx_word' id='word_1_680' title='bbox 3315 4377 3718 4440; x_wconf 71' lang='lat' dir='ltr'><strong>protegatmon</strong></span> 
     </span>
    </p>
   </div>
   <div class='ocr_carea' id='block_1_90' title="bbox 309 4448 1971 4546">
    <p class='ocr_par' dir='ltr' id='par_1_90' title="bbox 309 4458 1971 4546">
     <span class='ocr_line' id='line_1_91' title="bbox 309 4458 1971 4546; baseline -0.005 -22"><span class='ocrx_word' id='word_1_681' title='bbox 309 4464 657 4546; x_wconf 76' lang='grc' dir='ltr'>περιέχεται,</span> <span class='ocrx_word' id='word_1_682' title='bbox 711 4467 806 4523; x_wconf 74' lang='grc' dir='ltr'><strong>οὒκ</strong></span> <span class='ocrx_word' id='word_1_683' title='bbox 863 4462 926 4520; x_wconf 80' lang='grc' dir='ltr'><strong>ἂν</strong></span> <span class='ocrx_word' id='word_1_684' title='bbox 984 4463 1144 4529; x_wconf 73' lang='grc' dir='ltr'>ἄλλος</span> <span class='ocrx_word' id='word_1_685' title='bbox 1202 4465 1274 4530; x_wconf 81' lang='grc' dir='ltr'>ὡς</span> <span class='ocrx_word' id='word_1_686' title='bbox 1345 4462 1615 4542; x_wconf 76' lang='grc' dir='ltr'>προσῆκον</span> <span class='ocrx_word' id='word_1_687' title='bbox 1672 4458 1820 4518; x_wconf 69' lang='grc' dir='ltr'>εἴποι</span> <span class='ocrx_word' id='word_1_688' title='bbox 1892 4458 1971 4516; x_wconf 86' lang='grc' dir='ltr'><strong>ὅτι</strong></span> 
     </span>
    </p>
   </div>
   <div class='ocr_carea' id='block_1_91' title="bbox 2055 4448 3718 4546">
    <p class='ocr_par' dir='ltr' id='par_1_91' title="bbox 2059 4448 3718 4533">
     <span class='ocr_line' id='line_1_92' title="bbox 2059 4448 3718 4533; baseline 0 -17"><span class='ocrx_word' id='word_1_689' title='bbox 2059 4455 2254 4527; x_wconf 89' lang='lat' dir='ltr'><strong>alii,ut</strong></span> <span class='ocrx_word' id='word_1_690' title='bbox 2278 4468 2382 4531; x_wconf 88' lang='lat' dir='ltr'><strong>par</strong></span> <span class='ocrx_word' id='word_1_691' title='bbox 2403 4448 2996 4528; x_wconf 87' lang='lat' dir='ltr'><strong>est,dixerint,quam</strong></span> <span class='ocrx_word' id='word_1_692' title='bbox 3027 4448 3069 4510; x_wconf 90' lang='lat' dir='ltr'><strong>ii</strong></span> <span class='ocrx_word' id='word_1_693' title='bbox 3094 4451 3338 4533; x_wconf 85' lang='lat' dir='ltr'><strong>soli,qui</strong></span> <span class='ocrx_word' id='word_1_694' title='bbox 3365 4455 3499 4532; x_wconf 90' lang='lat' dir='ltr'><strong>ejus</strong></span> <span class='ocrx_word' id='word_1_695' title='bbox 3532 4454 3718 4516; x_wconf 87' lang='lat' dir='ltr'><strong>mira-</strong></span> 
     </span>
    </p>
   </div>
   <div class='ocr_carea' id='block_1_92' title="bbox 307 4518 1971 4632">
    <p class='ocr_par' dir='ltr' id='par_1_92' title="bbox 307 4518 1971 4632">
     <span class='ocr_line' id='line_1_93' title="bbox 316 4518 1577 4545; baseline -0.002 -2"><span class='ocrx_word' id='word_1_696' title='bbox 316 4518 461 4543; x_wconf 82' lang='lat' dir='ltr'><strong>&quot;&#39;r&quot;</strong></span> <span class='ocrx_word' id='word_1_697' title='bbox 520 4518 657 4545; x_wconf 46' lang='lat' dir='ltr'><strong>v&#39;w&#39;,</strong></span> <span class='ocrx_word' id='word_1_698' title='bbox 717 4518 805 4523; x_wconf 71' lang='grc'><strong>”’““</strong></span> <span class='ocrx_word' id='word_1_699' title='bbox 868 4518 918 4520; x_wconf 47' lang='grc' dir='ltr'><strong>Π⁷</strong></span> <span class='ocrx_word' id='word_1_700' title='bbox 990 4518 1027 4526; x_wconf 51' lang='grc' dir='ltr'><strong><em>Ὗ⁷</em></strong></span> <span class='ocrx_word' id='word_1_701' title='bbox 1076 4518 1142 4529; x_wconf 62' lang='grc'><strong>⁷⁷⁷</strong></span> <span class='ocrx_word' id='word_1_702' title='bbox 1211 4518 1274 4530; x_wconf 35' lang='grc' dir='ltr'><em>ν’</em></span> <span class='ocrx_word' id='word_1_703' title='bbox 1354 4518 1471 4542; x_wconf 46' lang='grc' dir='ltr'><strong>’Ί’““</strong></span> <span class='ocrx_word' id='word_1_704' title='bbox 1509 4518 1518 4530; x_wconf 98' lang='grc'><strong>¹</strong></span> <span class='ocrx_word' id='word_1_705' title='bbox 1547 4518 1577 4520; x_wconf 28' lang='grc' dir='ltr'>η</span> 
     </span>
     <span class='ocr_line' id='line_1_94' title="bbox 307 4518 1971 4632; baseline -0.004 -19"><span class='ocrx_word' id='word_1_706' title='bbox 307 4557 392 4632; x_wconf 76' lang='grc' dir='ltr'>μὴ</span> <span class='ocrx_word' id='word_1_707' title='bbox 447 4518 595 4614; x_wconf 51' lang='lat' dir='ltr'><strong>agro}.</strong></span> <span class='ocrx_word' id='word_1_708' title='bbox 635 4553 788 4632; x_wconf 81' lang='grc' dir='ltr'>μόνοι</span> <span class='ocrx_word' id='word_1_709' title='bbox 848 4557 896 4612; x_wconf 77' lang='lat' dir='ltr'><strong>oi</strong></span> <span class='ocrx_word' id='word_1_710' title='bbox 973 4555 1058 4611; x_wconf 79' lang='grc' dir='ltr'><strong>καὶ</strong></span> <span class='ocrx_word' id='word_1_711' title='bbox 1121 4559 1228 4611; x_wconf 83' lang='grc' dir='ltr'>τῶν</span> <span class='ocrx_word' id='word_1_712' title='bbox 1289 4554 1447 4610; x_wconf 72' lang='grc' dir='ltr'>αὑτοῦ</span> <span class='ocrx_word' id='word_1_713' title='bbox 1491 4551 1782 4628; x_wconf 76' lang='grc' dir='ltr'>θαυμάτων</span> <span class='ocrx_word' id='word_1_714' title='bbox 1851 4549 1971 4607; x_wconf 79' lang='grc' dir='ltr'>ὅσαι</span> 
     </span>
    </p>
   </div>
   <div class='ocr_carea' id='block_1_93' title="bbox 2055 4518 3715 4632">
    <p class='ocr_par' dir='ltr' id='par_1_93' title="bbox 2059 4518 3715 4632">
     <span class='ocr_line' id='line_1_95' title="bbox 2059 4518 3715 4632; baseline 0 -25"><span class='ocrx_word' id='word_1_715' title='bbox 2059 4518 2212 4607; x_wconf 85' lang='lat' dir='ltr'><strong>culis</strong></span> <span class='ocrx_word' id='word_1_716' title='bbox 2233 4518 2486 4632; x_wconf 76' lang='lat' dir='ltr'><strong>singulis</strong></span> <span class='ocrx_word' id='word_1_717' title='bbox 2501 4518 2681 4632; x_wconf 69' lang='lat' dir='ltr'><strong>boris</strong></span> <span class='ocrx_word' id='word_1_718' title='bbox 2695 4518 2988 4632; x_wconf 71' lang='lat' dir='ltr'><strong>fruuntur</strong></span> <span class='ocrx_word' id='word_1_719' title='bbox 3009 4518 3557 4632; x_wconf 24' lang='lat' dir='ltr'><strong>et‘gratiaﬂp&#39;ortet</strong></span> <span class='ocrx_word' id='word_1_720' title='bbox 3580 4562 3715 4607; x_wconf 74' lang='lat' dir='ltr'><strong>vero</strong></span> 
     </span>
    </p>
   </div>
   <div class='ocr_carea' id='block_1_94' title="bbox 306 4627 1971 4726">
    <p class='ocr_par' dir='ltr' id='par_1_94' title="bbox 306 4627 1971 4726">
     <span class='ocr_line' id='line_1_96' title="bbox 306 4627 1971 4726; baseline -0.005 -22"><span class='ocrx_word' id='word_1_721' title='bbox 306 4627 448 4724; x_wconf 60' lang='grc' dir='ltr'>ὧραι</span> <span class='ocrx_word' id='word_1_722' title='bbox 522 4647 610 4703; x_wconf 81' lang='grc' dir='ltr'><strong>καὶ</strong></span> <span class='ocrx_word' id='word_1_723' title='bbox 639 4627 762 4714; x_wconf 66' lang='grc' dir='ltr'><strong>⁷τῗις</strong></span> <span class='ocrx_word' id='word_1_724' title='bbox 819 4644 1042 4726; x_wconf 85' lang='grc' dir='ltr'>χάριτος</span> <span class='ocrx_word' id='word_1_725' title='bbox 1100 4634 1485 4707; x_wconf 65' lang='grc' dir='ltr'>ἀπολαύοντες.</span> <span class='ocrx_word' id='word_1_726' title='bbox 1551 4627 1666 4722; x_wconf 81' lang='grc' dir='ltr'><strong>Χρὴ</strong></span> <span class='ocrx_word' id='word_1_727' title='bbox 1721 4639 1776 4696; x_wconf 76' lang='grc' dir='ltr'>δὲ</span> <span class='ocrx_word' id='word_1_728' title='bbox 1835 4638 1971 4716; x_wconf 76' lang='grc' dir='ltr'>μηδὲ</span> 
     </span>
    </p>
   </div>
   <div class='ocr_carea' id='block_1_95' title="bbox 2055 4627 3718 4726">
    <p class='ocr_par' dir='ltr' id='par_1_95' title="bbox 2059 4627 3718 4726">
     <span class='ocr_line' id='line_1_97' title="bbox 2059 4627 3718 4726; baseline -0.001 -30"><span class='ocrx_word' id='word_1_729' title='bbox 2059 4653 2133 4696; x_wconf 89' lang='lat' dir='ltr'><strong>ne</strong></span> <span class='ocrx_word' id='word_1_730' title='bbox 2147 4633 2262 4694; x_wconf 88' lang='lat' dir='ltr'><strong>hoc</strong></span> <span class='ocrx_word' id='word_1_731' title='bbox 2276 4627 2521 4726; x_wconf 80' lang='lat' dir='ltr'><strong>quidem</strong></span> <span class='ocrx_word' id='word_1_732' title='bbox 2544 4627 2821 4726; x_wconf 57' lang='lat' dir='ltr'><strong>fraudare</strong></span> <span class='ocrx_word' id='word_1_733' title='bbox 2839 4629 2998 4726; x_wconf 72' lang='lat' dir='ltr'><strong>viros</strong></span> <span class='ocrx_word' id='word_1_734' title='bbox 3021 4629 3152 4726; x_wconf 76' lang='lat' dir='ltr'><strong>pios</strong></span> <span class='ocrx_word' id='word_1_735' title='bbox 3179 4651 3193 4692; x_wconf 88' lang='lat'>:</span> <span class='ocrx_word' id='word_1_736' title='bbox 3220 4629 3269 4692; x_wconf 91' lang='lat' dir='ltr'><strong>si</strong></span> <span class='ocrx_word' id='word_1_737' title='bbox 3294 4630 3425 4711; x_wconf 85' lang='lat' dir='ltr'><strong>quis</strong></span> <span class='ocrx_word' id='word_1_738' title='bbox 3438 4632 3718 4726; x_wconf 80' lang='lat' dir='ltr'><strong>dubitans</strong></span> 
     </span>
    </p>
   </div>
   <div class='ocr_carea' id='block_1_96' title="bbox 309 4730 1972 4814">
    <p class='ocr_par' dir='ltr' id='par_1_96' title="bbox 309 4730 1972 4814">
     <span class='ocr_line' id='line_1_98' title="bbox 309 4730 1972 4814; baseline -0.005 -21"><span class='ocrx_word' id='word_1_739' title='bbox 309 4743 476 4793; x_wconf 71' lang='grc' dir='ltr'>τοῦτο</span> <span class='ocrx_word' id='word_1_740' title='bbox 544 4741 815 4812; x_wconf 76' lang='grc' dir='ltr'>ζημιῶσαι</span> <span class='ocrx_word' id='word_1_741' title='bbox 894 4735 1015 4800; x_wconf 83' lang='grc' dir='ltr'>τοὺς</span> <span class='ocrx_word' id='word_1_742' title='bbox 1087 4731 1388 4814; x_wconf 70' lang='grc' dir='ltr'>φιλοθέους,</span> <span class='ocrx_word' id='word_1_743' title='bbox 1446 4732 1499 4788; x_wconf 77' lang='grc' dir='ltr'><strong>εἴ</strong></span> <span class='ocrx_word' id='word_1_744' title='bbox 1556 4733 1632 4795; x_wconf 86' lang='grc' dir='ltr'><strong>τίς</strong></span> <span class='ocrx_word' id='word_1_745' title='bbox 1677 4731 1740 4787; x_wconf 71' lang='grc' dir='ltr'>ἄν</span> <span class='ocrx_word' id='word_1_746' title='bbox 1782 4730 1972 4803; x_wconf 81' lang='grc' dir='ltr'>ζητοίη</span> 
     </span>
    </p>
   </div>
   <div class='ocr_carea' id='block_1_97' title="bbox 311 4820 1974 4905">
    <p class='ocr_par' dir='ltr' id='par_1_97' title="bbox 311 4820 1974 4905">
     <span class='ocr_line' id='line_1_99' title="bbox 311 4820 1974 4905; baseline -0.001 -23"><span class='ocrx_word' id='word_1_747' title='bbox 311 4823 607 4905; x_wconf 74' lang='grc' dir='ltr'>διαπορῶν,</span> <span class='ocrx_word' id='word_1_748' title='bbox 665 4826 825 4882; x_wconf 87' lang='grc' dir='ltr'>πόθεν</span> <span class='ocrx_word' id='word_1_749' title='bbox 884 4825 918 4892; x_wconf 76' lang='grc' dir='ltr'><strong>ἦ</strong></span> <span class='ocrx_word' id='word_1_750' title='bbox 965 4825 1196 4892; x_wconf 78' lang='grc' dir='ltr'>τοσαύτη</span> <span class='ocrx_word' id='word_1_751' title='bbox 1243 4821 1536 4900; x_wconf 86' lang='grc' dir='ltr'>Σπυρίδωνι</span> <span class='ocrx_word' id='word_1_752' title='bbox 1597 4821 1704 4878; x_wconf 75' lang='grc' dir='ltr'><strong>τῶν</strong></span> <span class='ocrx_word' id='word_1_753' title='bbox 1760 4820 1974 4895; x_wconf 67' lang='grc' dir='ltr'>θαυμά-</span> 
     </span>
    </p>
   </div>
   <div class='ocr_carea' id='block_1_98' title="bbox 317 4911 1972 4993">
    <p class='ocr_par' dir='ltr' id='par_1_98' title="bbox 317 4911 1972 4993">
     <span class='ocr_line' id='line_1_100' title="bbox 317 4911 1972 4993; baseline -0.002 -22"><span class='ocrx_word' id='word_1_754' title='bbox 317 4937 426 4972; x_wconf 74' lang='grc' dir='ltr'><strong>των</strong></span> <span class='ocrx_word' id='word_1_755' title='bbox 479 4914 741 4990; x_wconf 76' lang='grc' dir='ltr'>θάλασσα,</span> <span class='ocrx_word' id='word_1_756' title='bbox 799 4915 890 4972; x_wconf 80' lang='grc' dir='ltr'><strong>καὶ</strong></span> <span class='ocrx_word' id='word_1_757' title='bbox 931 4915 980 4971; x_wconf 80' lang='grc' dir='ltr'>τε</span> <span class='ocrx_word' id='word_1_758' title='bbox 1021 4935 1152 4972; x_wconf 85' lang='grc' dir='ltr'>ποτε</span> <span class='ocrx_word' id='word_1_759' title='bbox 1209 4913 1308 4993; x_wconf 77' lang='grc' dir='ltr'>ἄρα</span> <span class='ocrx_word' id='word_1_760' title='bbox 1363 4913 1752 4992; x_wconf 85' lang='grc' dir='ltr'>κατωρθωκὼς,</span> <span class='ocrx_word' id='word_1_761' title='bbox 1802 4911 1972 4974; x_wconf 77' lang='grc' dir='ltr'>οὕτως</span> 
     </span>
    </p>
   </div>
   <div class='ocr_carea' id='block_1_99' title="bbox 317 5001 1974 5085">
    <p class='ocr_par' dir='ltr' id='par_1_99' title="bbox 317 5001 1974 5085">
     <span class='ocr_line' id='line_1_101' title="bbox 317 5001 1974 5085; baseline -0.004 -22"><span class='ocrx_word' id='word_1_762' title='bbox 317 5003 470 5083; x_wconf 68' lang='grc' dir='ltr'>ὤφθη</span> <span class='ocrx_word' id='word_1_763' title='bbox 547 5006 624 5080; x_wconf 83' lang='grc' dir='ltr'>τῷ</span> <span class='ocrx_word' id='word_1_764' title='bbox 697 5004 944 5082; x_wconf 77' lang='grc' dir='ltr'>Δεσπότῃ</span> <span class='ocrx_word' id='word_1_765' title='bbox 1002 5003 1424 5085; x_wconf 76' lang='grc' dir='ltr'>κεχαρισμὲνος,</span> <span class='ocrx_word' id='word_1_766' title='bbox 1465 5001 1591 5061; x_wconf 72' lang='grc' dir='ltr'>’ἕστο</span> <span class='ocrx_word' id='word_1_767' title='bbox 1667 5002 1740 5066; x_wconf 85' lang='grc' dir='ltr'>ὡς</span> <span class='ocrx_word' id='word_1_768' title='bbox 1800 5001 1974 5057; x_wconf 86' lang='grc' dir='ltr'>πάντα</span> 
     </span>
    </p>
   </div>
   <div class='ocr_carea' id='block_1_100' title="bbox 315 5088 1974 5172">
    <p class='ocr_par' dir='ltr' id='par_1_100' title="bbox 315 5088 1974 5172">
     <span class='ocr_line' id='line_1_102' title="bbox 315 5088 1974 5172; baseline -0.003 -22"><span class='ocrx_word' id='word_1_769' title='bbox 315 5093 420 5170; x_wconf 83' lang='grc' dir='ltr'>μὲν</span> <span class='ocrx_word' id='word_1_770' title='bbox 477 5095 620 5170; x_wconf 75' lang='grc' dir='ltr'><strong>αὗτῷ</strong></span> <span class='ocrx_word' id='word_1_771' title='bbox 696 5094 933 5172; x_wconf 76' lang='grc' dir='ltr'>καθάπερ</span> <span class='ocrx_word' id='word_1_772' title='bbox 1021 5093 1083 5152; x_wconf 75' lang='grc' dir='ltr'>ἐκ</span> <span class='ocrx_word' id='word_1_773' title='bbox 1161 5093 1466 5172; x_wconf 78' lang='grc' dir='ltr'>συμφωνίας</span> <span class='ocrx_word' id='word_1_774' title='bbox 1547 5088 1836 5170; x_wconf 78' lang='grc' dir='ltr'>συνέδραμε</span> <span class='ocrx_word' id='word_1_775' title='bbox 1907 5089 1974 5145; x_wconf 80' lang='grc' dir='ltr'>τὰ</span> 
     </span>
    </p>
   </div>
   <div class='ocr_carea' id='block_1_101' title="bbox 311 5180 1968 5264">
    <p class='ocr_par' dir='ltr' id='par_1_101' title="bbox 311 5180 1968 5264">
     <span class='ocr_line' id='line_1_103' title="bbox 311 5180 1968 5264; baseline -0.004 -23"><span class='ocrx_word' id='word_1_776' title='bbox 311 5183 480 5258; x_wconf 77' lang='grc' dir='ltr'>καλὰ,</span> <span class='ocrx_word' id='word_1_777' title='bbox 548 5186 636 5243; x_wconf 86' lang='grc' dir='ltr'><strong>καὶ</strong></span> <span class='ocrx_word' id='word_1_778' title='bbox 687 5183 808 5264; x_wconf 84' lang='grc' dir='ltr'>ὅρος</span> <span class='ocrx_word' id='word_1_779' title='bbox 868 5185 1020 5249; x_wconf 77' lang='grc' dir='ltr'>οὗτος</span> <span class='ocrx_word' id='word_1_780' title='bbox 1079 5182 1352 5246; x_wconf 85' lang='grc' dir='ltr'>πολιτείας</span> <span class='ocrx_word' id='word_1_781' title='bbox 1409 5182 1629 5262; x_wconf 78' lang='grc' dir='ltr'>ἀρίστης</span> <span class='ocrx_word' id='word_1_782' title='bbox 1702 5180 1918 5259; x_wconf 84' lang='grc' dir='ltr'>γέγονεν</span> <span class='ocrx_word' id='word_1_783' title='bbox 1953 5197 1968 5214; x_wconf 77' lang='grc' dir='ltr'><strong><em>ο</em></strong></span> 
     </span>
    </p>
   </div>
   <div class='ocr_carea' id='block_1_102' title="bbox 308 5267 1972 5352">
    <p class='ocr_par' dir='ltr' id='par_1_102' title="bbox 308 5267 1972 5352">
     <span class='ocr_line' id='line_1_104' title="bbox 308 5267 1972 5352; baseline -0.004 -20"><span class='ocrx_word' id='word_1_784' title='bbox 308 5275 372 5332; x_wconf 73' lang='grc' dir='ltr'>ἓν</span> <span class='ocrx_word' id='word_1_785' title='bbox 422 5273 475 5332; x_wconf 76' lang='grc' dir='ltr'>δὲ</span> <span class='ocrx_word' id='word_1_786' title='bbox 524 5297 574 5332; x_wconf 89' lang='grc' dir='ltr'><strong>τι</strong></span> <span class='ocrx_word' id='word_1_787' title='bbox 617 5276 777 5332; x_wconf 78' lang='grc' dir='ltr'>οἱονεὶ</span> <span class='ocrx_word' id='word_1_788' title='bbox 823 5273 1104 5352; x_wconf 84' lang='grc' dir='ltr'>γνώρισμα</span> <span class='ocrx_word' id='word_1_789' title='bbox 1157 5273 1245 5330; x_wconf 86' lang='grc' dir='ltr'><strong>καὶ</strong></span> <span class='ocrx_word' id='word_1_790' title='bbox 1281 5271 1599 5350; x_wconf 69' lang='grc' dir='ltr'>παράτημον</span> <span class='ocrx_word' id='word_1_791' title='bbox 1656 5270 1762 5328; x_wconf 81' lang='grc' dir='ltr'><strong>τῶν</strong></span> <span class='ocrx_word' id='word_1_792' title='bbox 1797 5267 1972 5326; x_wconf 68' lang='grc' dir='ltr'>ἄλλων</span> 
     </span>
    </p>
   </div>
   <div class='ocr_carea' id='block_1_103' title="bbox 307 5356 1971 5444">
    <p class='ocr_par' dir='ltr' id='par_1_103' title="bbox 307 5356 1971 5444">
     <span class='ocr_line' id='line_1_105' title="bbox 307 5356 1971 5444; baseline -0.005 -23"><span class='ocrx_word' id='word_1_793' title='bbox 307 5363 560 5444; x_wconf 67' lang='grc' dir='ltr'>διαφέρον</span> <span class='ocrx_word' id='word_1_794' title='bbox 637 5361 972 5434; x_wconf 83' lang='grc' dir='ltr'>Σπυρίδωνος</span> <span class='ocrx_word' id='word_1_795' title='bbox 1047 5362 1136 5436; x_wconf 80' lang='grc' dir='ltr'><strong>ἧν,</strong></span> <span class='ocrx_word' id='word_1_796' title='bbox 1203 5363 1253 5429; x_wconf 55' lang='grc' dir='ltr'>,ἡ</span> <span class='ocrx_word' id='word_1_797' title='bbox 1319 5362 1418 5428; x_wconf 77' lang='grc' dir='ltr'>τῆς</span> <span class='ocrx_word' id='word_1_798' title='bbox 1483 5356 1971 5438; x_wconf 73' lang='grc' dir='ltr'>ταπεινοφροσύνης</span> 
     </span>
    </p>
   </div>
   <div class='ocr_carea' id='block_1_104' title="bbox 307 5445 1972 5534">
    <p class='ocr_par' dir='ltr' id='par_1_104' title="bbox 307 5445 1972 5534">
     <span class='ocr_line' id='line_1_106' title="bbox 307 5445 1972 5534; baseline -0.005 -22"><span class='ocrx_word' id='word_1_799' title='bbox 307 5456 401 5512; x_wconf 82' lang='grc' dir='ltr'><strong>καὶ</strong></span> <span class='ocrx_word' id='word_1_800' title='bbox 459 5453 814 5534; x_wconf 73' lang='grc' dir='ltr'>μετριότητος</span> <span class='ocrx_word' id='word_1_801' title='bbox 874 5455 946 5517; x_wconf 80' lang='grc' dir='ltr'><strong>εἰς</strong></span> <span class='ocrx_word' id='word_1_802' title='bbox 996 5449 1157 5532; x_wconf 79' lang='grc' dir='ltr'>ἄκρον</span> <span class='ocrx_word' id='word_1_803' title='bbox 1204 5445 1496 5528; x_wconf 62' lang='grc' dir='ltr'>ὑπερϐολὴ,</span> <span class='ocrx_word' id='word_1_804' title='bbox 1532 5450 1618 5504; x_wconf 84' lang='grc' dir='ltr'><strong>καὶ</strong></span> <span class='ocrx_word' id='word_1_805' title='bbox 1663 5449 1724 5504; x_wconf 82' lang='grc' dir='ltr'>τὸ</span> <span class='ocrx_word' id='word_1_806' title='bbox 1783 5452 1972 5524; x_wconf 82' lang='grc' dir='ltr'>μικροῦ</span> 
     </span>
    </p>
   </div>
   <div class='ocr_carea' id='block_1_105' title="bbox 306 5537 1973 5621">
    <p class='ocr_par' dir='ltr' id='par_1_105' title="bbox 306 5537 1973 5621">
     <span class='ocr_line' id='line_1_107' title="bbox 306 5537 1973 5621; baseline -0.007 -17"><span class='ocrx_word' id='word_1_807' title='bbox 306 5545 516 5608; x_wconf 79' lang='grc' dir='ltr'>πάντας</span> <span class='ocrx_word' id='word_1_808' title='bbox 570 5542 692 5601; x_wconf 77' lang='grc' dir='ltr'>ὅσοι</span> <span class='ocrx_word' id='word_1_809' title='bbox 763 5542 1050 5617; x_wconf 79' lang='grc' dir='ltr'>θαυμάτων</span> <span class='ocrx_word' id='word_1_810' title='bbox 1133 5542 1364 5621; x_wconf 80' lang='grc' dir='ltr'>χάριτος</span> <span class='ocrx_word' id='word_1_811' title='bbox 1435 5537 1739 5607; x_wconf 77' lang='grc' dir='ltr'>ἠξιώθησαν</span> <span class='ocrx_word' id='word_1_812' title='bbox 1809 5538 1973 5614; x_wconf 79' lang='grc' dir='ltr'>ὓπερ-</span> 
     </span>
    </p>
   </div>
   <div class='ocr_carea' id='block_1_106' title="bbox 313 5625 1974 5716">
    <p class='ocr_par' dir='ltr' id='par_1_106' title="bbox 313 5625 1974 5716">
     <span class='ocr_line' id='line_1_108' title="bbox 313 5625 1974 5716; baseline -0.007 -22"><span class='ocrx_word' id='word_1_813' title='bbox 313 5633 580 5716; x_wconf 77' lang='grc' dir='ltr'>6αλόντα,</span> <span class='ocrx_word' id='word_1_814' title='bbox 630 5631 802 5711; x_wconf 71' lang='grc' dir='ltr'>μηδὲν</span> <span class='ocrx_word' id='word_1_815' title='bbox 864 5633 1048 5690; x_wconf 76' lang='grc' dir='ltr'>ἑαυτὸν</span> <span class='ocrx_word' id='word_1_816' title='bbox 1079 5633 1356 5711; x_wconf 73' lang='grc' dir='ltr'>ἡγεῖσθαι,</span> <span class='ocrx_word' id='word_1_817' title='bbox 1402 5627 1541 5706; x_wconf 80' lang='grc' dir='ltr'>μηδὲ</span> <span class='ocrx_word' id='word_1_818' title='bbox 1587 5634 1692 5685; x_wconf 80' lang='grc' dir='ltr'><strong>τῶν</strong></span> <span class='ocrx_word' id='word_1_819' title='bbox 1749 5625 1974 5686; x_wconf 75' lang='grc' dir='ltr'>εὐτελῶν</span> 
     </span>
    </p>
   </div>
   <div class='ocr_carea' id='block_1_107' title="bbox 309 5715 1977 5807">
    <p class='ocr_par' dir='ltr' id='par_1_107' title="bbox 309 5715 1977 5807">
     <span class='ocr_line' id='line_1_109' title="bbox 309 5715 1977 5807; baseline -0.008 -22"><span class='ocrx_word' id='word_1_820' title='bbox 309 5749 455 5792; x_wconf 86' lang='grc' dir='ltr'>τινος</span> <span class='ocrx_word' id='word_1_821' title='bbox 518 5715 609 5784; x_wconf 77' lang='grc' dir='ltr'>καὶ</span> <span class='ocrx_word' id='word_1_822' title='bbox 680 5724 965 5807; x_wconf 76' lang='grc' dir='ltr'>ἁμαρτιῶν</span> <span class='ocrx_word' id='word_1_823' title='bbox 1023 5720 1214 5790; x_wconf 66' lang='grc' dir='ltr'>πλάθει</span> <span class='ocrx_word' id='word_1_824' title='bbox 1284 5717 1654 5800; x_wconf 79' lang='grc' dir='ltr'>βαρυνομένων</span> <span class='ocrx_word' id='word_1_825' title='bbox 1715 5715 1977 5801; x_wconf 70' lang='grc' dir='ltr'>διαφέρειν</span> 
     </span>
    </p>
   </div>
   <div class='ocr_carea' id='block_1_108' title="bbox 2057 4715 3717 4806">
    <p class='ocr_par' dir='ltr' id='par_1_108' title="bbox 2057 4715 3717 4806">
     <span class='ocr_line' id='line_1_110' title="bbox 2057 4715 3717 4806; baseline 0.001 -22"><span class='ocrx_word' id='word_1_826' title='bbox 2057 4729 2308 4806; x_wconf 72' lang='lat' dir='ltr'><strong>quznrat,</strong></span> <span class='ocrx_word' id='word_1_827' title='bbox 2341 4715 2642 4780; x_wconf 87' lang='lat' dir='ltr'><strong>undenam</strong></span> <span class='ocrx_word' id='word_1_828' title='bbox 2668 4718 2742 4779; x_wconf 90' lang='lat' dir='ltr'><strong>sit</strong></span> <span class='ocrx_word' id='word_1_829' title='bbox 2766 4716 3072 4799; x_wconf 88' lang='lat' dir='ltr'><strong>Spiridoni</strong></span> <span class='ocrx_word' id='word_1_830' title='bbox 3099 4728 3330 4781; x_wconf 86' lang='lat' dir='ltr'><strong>tantum</strong></span> <span class='ocrx_word' id='word_1_831' title='bbox 3361 4739 3525 4784; x_wconf 88' lang='lat' dir='ltr'><strong>mare</strong></span> <span class='ocrx_word' id='word_1_832' title='bbox 3543 4722 3717 4785; x_wconf 80' lang='lat' dir='ltr'><strong>mira-</strong></span> 
     </span>
    </p>
   </div>
   <div class='ocr_carea' id='block_1_109' title="bbox 2057 4807 3717 4888">
    <p class='ocr_par' dir='ltr' id='par_1_109' title="bbox 2057 4807 3717 4888">
     <span class='ocr_line' id='line_1_111' title="bbox 2057 4807 3717 4888; baseline 0 -13"><span class='ocrx_word' id='word_1_833' title='bbox 2057 4812 2359 4883; x_wconf 74' lang='lat' dir='ltr'><strong>calorum,</strong></span> <span class='ocrx_word' id='word_1_834' title='bbox 2392 4816 2452 4869; x_wconf 91' lang='lat' dir='ltr'><strong>et</strong></span> <span class='ocrx_word' id='word_1_835' title='bbox 2482 4807 2841 4888; x_wconf 85' lang='lat' dir='ltr'><strong>quibusnam</strong></span> <span class='ocrx_word' id='word_1_836' title='bbox 2870 4807 3204 4872; x_wconf 83' lang='lat' dir='ltr'><strong>benefactis</strong></span> <span class='ocrx_word' id='word_1_837' title='bbox 3226 4810 3508 4873; x_wconf 74' lang='lat' dir='ltr'><strong>effectum</strong></span> <span class='ocrx_word' id='word_1_838' title='bbox 3533 4819 3717 4888; x_wconf 88' lang='lat' dir='ltr'><strong>est,ut</strong></span> 
     </span>
    </p>
   </div>
   <div class='ocr_carea' id='block_1_110' title="bbox 2060 4896 3716 4982">
    <p class='ocr_par' dir='ltr' id='par_1_110' title="bbox 2060 4896 3716 4982">
     <span class='ocr_line' id='line_1_112' title="bbox 2060 4896 3716 4982; baseline -0.001 -16"><span class='ocrx_word' id='word_1_839' title='bbox 2060 4911 2220 4966; x_wconf 82' lang='lat' dir='ltr'><strong>esset</strong></span> <span class='ocrx_word' id='word_1_840' title='bbox 2243 4906 2358 4960; x_wconf 83' lang='lat' dir='ltr'><strong>tam</strong></span> <span class='ocrx_word' id='word_1_841' title='bbox 2382 4907 2588 4978; x_wconf 84' lang='lat' dir='ltr'><strong>gratus</strong></span> <span class='ocrx_word' id='word_1_842' title='bbox 2613 4896 3050 4974; x_wconf 88' lang='lat' dir='ltr'><strong>Domino,sciat</strong></span> <span class='ocrx_word' id='word_1_843' title='bbox 3067 4899 3266 4962; x_wconf 89' lang='lat' dir='ltr'><strong>omnia</strong></span> <span class='ocrx_word' id='word_1_844' title='bbox 3296 4900 3536 4982; x_wconf 90' lang='lat' dir='ltr'><strong>quidem</strong></span> <span class='ocrx_word' id='word_1_845' title='bbox 3561 4901 3716 4964; x_wconf 89' lang='lat' dir='ltr'><strong>bona</strong></span> 
     </span>
    </p>
   </div>
   <div class='ocr_carea' id='block_1_111' title="bbox 2059 4989 3718 5069">
    <p class='ocr_par' dir='ltr' id='par_1_111' title="bbox 2059 4989 3718 5069">
     <span class='ocr_line' id='line_1_113' title="bbox 2059 4989 3718 5069; baseline -0.001 -14"><span class='ocrx_word' id='word_1_846' title='bbox 2059 5000 2118 5056; x_wconf 91' lang='lat' dir='ltr'><strong>et</strong></span> <span class='ocrx_word' id='word_1_847' title='bbox 2147 4991 2423 5062; x_wconf 88' lang='lat' dir='ltr'><strong>honesta,</strong></span> <span class='ocrx_word' id='word_1_848' title='bbox 2459 4993 2735 5069; x_wconf 87' lang='lat' dir='ltr'><strong>tanquam</strong></span> <span class='ocrx_word' id='word_1_849' title='bbox 2770 5005 2839 5050; x_wconf 85' lang='lat' dir='ltr'><strong>ex</strong></span> <span class='ocrx_word' id='word_1_850' title='bbox 2871 5005 3171 5050; x_wconf 89' lang='lat' dir='ltr'><strong>consensu</strong></span> <span class='ocrx_word' id='word_1_851' title='bbox 3199 4989 3260 5050; x_wconf 89' lang='lat' dir='ltr'><strong>in</strong></span> <span class='ocrx_word' id='word_1_852' title='bbox 3293 5007 3430 5051; x_wconf 89' lang='lat' dir='ltr'><strong>eum</strong></span> <span class='ocrx_word' id='word_1_853' title='bbox 3464 5008 3718 5054; x_wconf 81' lang='lat' dir='ltr'><strong>concur-</strong></span> 
     </span>
    </p>
   </div>
   <div class='ocr_carea' id='block_1_112' title="bbox 2055 5075 3714 5164">
    <p class='ocr_par' dir='ltr' id='par_1_112' title="bbox 2055 5075 3714 5164">
     <span class='ocr_line' id='line_1_114' title="bbox 2055 5075 3714 5164; baseline -0.001 -19"><span class='ocrx_word' id='word_1_854' title='bbox 2055 5082 2236 5161; x_wconf 88' lang='lat' dir='ltr'><strong>risse,</strong></span> <span class='ocrx_word' id='word_1_855' title='bbox 2269 5086 2326 5140; x_wconf 87' lang='lat' dir='ltr'><strong>et</strong></span> <span class='ocrx_word' id='word_1_856' title='bbox 2344 5095 2478 5140; x_wconf 91' lang='lat' dir='ltr'><strong>eum</strong></span> <span class='ocrx_word' id='word_1_857' title='bbox 2507 5075 2694 5139; x_wconf 85' lang='lat' dir='ltr'><strong>fuisse</strong></span> <span class='ocrx_word' id='word_1_858' title='bbox 2720 5077 3232 5156; x_wconf 66' lang='lat' dir='ltr'><strong>praestantissima:</strong></span> <span class='ocrx_word' id='word_1_859' title='bbox 3252 5083 3388 5141; x_wconf 69' lang='lat' dir='ltr'><strong>vitae</strong></span> <span class='ocrx_word' id='word_1_860' title='bbox 3408 5081 3714 5164; x_wconf 84' lang='lat' dir='ltr'><strong>exemplar</strong></span> 
     </span>
    </p>
   </div>
   <div class='ocr_carea' id='block_1_113' title="bbox 2057 5167 3712 5250">
    <p class='ocr_par' dir='ltr' id='par_1_113' title="bbox 2057 5167 3712 5250">
     <span class='ocr_line' id='line_1_115' title="bbox 2057 5167 3712 5250; baseline 0 -16"><span class='ocrx_word' id='word_1_861' title='bbox 2057 5171 2394 5234; x_wconf 86' lang='lat' dir='ltr'><strong>deﬁnitum.</strong></span> <span class='ocrx_word' id='word_1_862' title='bbox 2430 5167 2630 5229; x_wconf 89' lang='lat' dir='ltr'><strong>Unum</strong></span> <span class='ocrx_word' id='word_1_863' title='bbox 2660 5175 2858 5228; x_wconf 84' lang='lat' dir='ltr'><strong>autem</strong></span> <span class='ocrx_word' id='word_1_864' title='bbox 2892 5167 3282 5250; x_wconf 87' lang='lat' dir='ltr'><strong>signum,qu</strong></span> <span class='ocrx_word' id='word_1_865' title='bbox 3305 5185 3712 5248; x_wconf 87' lang='lat' dir='ltr'><strong>cognoscere-</strong></span> 
     </span>
    </p>
   </div>
   <div class='ocr_carea' id='block_1_114' title="bbox 2056 5254 3708 5342">
    <p class='ocr_par' dir='ltr' id='par_1_114' title="bbox 2056 5254 3708 5342">
     <span class='ocr_line' id='line_1_116' title="bbox 2056 5254 3708 5342; baseline -0.001 -18"><span class='ocrx_word' id='word_1_866' title='bbox 2056 5271 2153 5324; x_wconf 91' lang='lat' dir='ltr'><strong>tur</strong></span> <span class='ocrx_word' id='word_1_867' title='bbox 2179 5257 2485 5342; x_wconf 87' lang='lat' dir='ltr'><strong>Spiridon,</strong></span> <span class='ocrx_word' id='word_1_868' title='bbox 2514 5262 2573 5316; x_wconf 90' lang='lat' dir='ltr'><strong>et</strong></span> <span class='ocrx_word' id='word_1_869' title='bbox 2593 5254 2825 5334; x_wconf 86' lang='lat' dir='ltr'><strong>insigne</strong></span> <span class='ocrx_word' id='word_1_870' title='bbox 2847 5255 3099 5318; x_wconf 88' lang='lat' dir='ltr'><strong>aliorum</strong></span> <span class='ocrx_word' id='word_1_871' title='bbox 3125 5259 3708 5338; x_wconf 68' lang='lat' dir='ltr'><strong>prmstantissimum,</strong></span> 
     </span>
    </p>
   </div>
   <div class='ocr_carea' id='block_1_115' title="bbox 2058 5344 3712 5427">
    <p class='ocr_par' dir='ltr' id='par_1_115' title="bbox 2058 5344 3712 5427">
     <span class='ocr_line' id='line_1_117' title="bbox 2058 5344 3712 5427; baseline -0.001 -12"><span class='ocrx_word' id='word_1_872' title='bbox 2058 5360 2184 5415; x_wconf 87' lang='lat' dir='ltr'><strong>erat</strong></span> <span class='ocrx_word' id='word_1_873' title='bbox 2212 5363 2446 5411; x_wconf 89' lang='lat' dir='ltr'><strong>summa</strong></span> <span class='ocrx_word' id='word_1_874' title='bbox 2476 5344 2785 5408; x_wconf 84' lang='lat' dir='ltr'><strong>humilitas</strong></span> <span class='ocrx_word' id='word_1_875' title='bbox 2828 5353 2886 5408; x_wconf 91' lang='lat' dir='ltr'><strong>et</strong></span> <span class='ocrx_word' id='word_1_876' title='bbox 2941 5345 3196 5427; x_wconf 84' lang='lat' dir='ltr'><strong>insignis</strong></span> <span class='ocrx_word' id='word_1_877' title='bbox 3227 5345 3561 5412; x_wconf 87' lang='lat' dir='ltr'><strong>moderatio</strong></span> <span class='ocrx_word' id='word_1_878' title='bbox 3603 5370 3618 5412; x_wconf 89' lang='lat'><strong>:</strong></span> <span class='ocrx_word' id='word_1_879' title='bbox 3653 5358 3712 5413; x_wconf 85' lang='lat' dir='ltr'><strong>et</strong></span> 
     </span>
    </p>
   </div>
   <div class='ocr_carea' id='block_1_116' title="bbox 2058 5435 3710 5524">
    <p class='ocr_par' dir='ltr' id='par_1_116' title="bbox 2058 5435 3710 5524">
     <span class='ocr_line' id='line_1_118' title="bbox 2058 5435 3710 5524; baseline -0.001 -21"><span class='ocrx_word' id='word_1_880' title='bbox 2058 5439 2214 5524; x_wconf 86' lang='lat' dir='ltr'><strong>quod</strong></span> <span class='ocrx_word' id='word_1_881' title='bbox 2247 5455 2381 5500; x_wconf 91' lang='lat' dir='ltr'><strong>cum</strong></span> <span class='ocrx_word' id='word_1_882' title='bbox 2445 5452 2655 5498; x_wconf 88' lang='lat' dir='ltr'><strong>omnes</strong></span> <span class='ocrx_word' id='word_1_883' title='bbox 2715 5435 2840 5498; x_wconf 85' lang='lat' dir='ltr'><strong>fere</strong></span> <span class='ocrx_word' id='word_1_884' title='bbox 2887 5435 3036 5499; x_wconf 87' lang='lat' dir='ltr'><strong>alios</strong></span> <span class='ocrx_word' id='word_1_885' title='bbox 3067 5445 3402 5519; x_wconf 85' lang='lat' dir='ltr'><strong>superaret,</strong></span> <span class='ocrx_word' id='word_1_886' title='bbox 3438 5439 3538 5519; x_wconf 87' lang='lat' dir='ltr'><strong>qui</strong></span> <span class='ocrx_word' id='word_1_887' title='bbox 3569 5448 3710 5502; x_wconf 89' lang='lat' dir='ltr'><strong>sunt</strong></span> 
     </span>
    </p>
   </div>
   <div class='ocr_carea' id='block_1_117' title="bbox 2060 5524 3703 5606">
    <p class='ocr_par' dir='ltr' id='par_1_117' title="bbox 2060 5524 3703 5606">
     <span class='ocr_line' id='line_1_119' title="bbox 2060 5524 3703 5606; baseline -0.004 -12"><span class='ocrx_word' id='word_1_888' title='bbox 2060 5527 2484 5594; x_wconf 85' lang='lat' dir='ltr'><strong>miraculorum</strong></span> <span class='ocrx_word' id='word_1_889' title='bbox 2544 5524 2794 5606; x_wconf 87' lang='lat' dir='ltr'><strong>gratiam</strong></span> <span class='ocrx_word' id='word_1_890' title='bbox 2848 5527 3180 5603; x_wconf 86' lang='lat' dir='ltr'><strong>consecuti,</strong></span> <span class='ocrx_word' id='word_1_891' title='bbox 3215 5545 3279 5588; x_wconf 87' lang='lat' dir='ltr'><strong>se</strong></span> <span class='ocrx_word' id='word_1_892' title='bbox 3311 5527 3459 5591; x_wconf 89' lang='lat' dir='ltr'><strong>nihil</strong></span> <span class='ocrx_word' id='word_1_893' title='bbox 3494 5528 3703 5590; x_wconf 83' lang='lat' dir='ltr'><strong>existi-</strong></span> 
     </span>
    </p>
   </div>
   <div class='ocr_carea' id='block_1_118' title="bbox 2061 5617 3704 5700">
    <p class='ocr_par' dir='ltr' id='par_1_118' title="bbox 2061 5617 3704 5700">
     <span class='ocr_line' id='line_1_120' title="bbox 2061 5617 3704 5700; baseline -0.002 -17"><span class='ocrx_word' id='word_1_894' title='bbox 2061 5627 2278 5697; x_wconf 89' lang='lat' dir='ltr'><strong>maret,</strong></span> <span class='ocrx_word' id='word_1_895' title='bbox 2311 5634 2507 5700; x_wconf 86' lang='lat' dir='ltr'><strong>neque</strong></span> <span class='ocrx_word' id='word_1_896' title='bbox 2529 5623 2766 5698; x_wconf 77' lang='lat' dir='ltr'><strong>putaret</strong></span> <span class='ocrx_word' id='word_1_897' title='bbox 2787 5635 2853 5681; x_wconf 90' lang='lat' dir='ltr'><strong>se</strong></span> <span class='ocrx_word' id='word_1_898' title='bbox 2878 5624 3162 5699; x_wconf 68' lang='lat' dir='ltr'><strong>praestare</strong></span> <span class='ocrx_word' id='word_1_899' title='bbox 3184 5617 3363 5681; x_wconf 88' lang='lat' dir='ltr'><strong>alicui</strong></span> <span class='ocrx_word' id='word_1_900' title='bbox 3389 5636 3461 5680; x_wconf 78' lang='lat' dir='ltr'><strong>es</strong></span> <span class='ocrx_word' id='word_1_901' title='bbox 3490 5617 3704 5680; x_wconf 85' lang='lat' dir='ltr'><strong>vilibus</strong></span> 
     </span>
    </p>
   </div>
   <div class='ocr_carea' id='block_1_119' title="bbox 2059 5702 3700 5794">
    <p class='ocr_par' dir='ltr' id='par_1_119' title="bbox 2059 5702 3700 5794">
     <span class='ocr_line' id='line_1_121' title="bbox 2059 5702 3700 5794; baseline -0.005 -15"><span class='ocrx_word' id='word_1_902' title='bbox 2059 5723 2118 5779; x_wconf 88' lang='lat' dir='ltr'><strong>et</strong></span> <span class='ocrx_word' id='word_1_903' title='bbox 2151 5708 2398 5794; x_wconf 85' lang='lat' dir='ltr'><strong>abjectis</strong></span> <span class='ocrx_word' id='word_1_904' title='bbox 2431 5717 2491 5771; x_wconf 88' lang='lat' dir='ltr'><strong>et</strong></span> <span class='ocrx_word' id='word_1_905' title='bbox 2548 5707 2804 5788; x_wconf 84' lang='lat' dir='ltr'><strong>gravatis</strong></span> <span class='ocrx_word' id='word_1_906' title='bbox 2859 5713 3238 5790; x_wconf 87' lang='lat' dir='ltr'><strong>peccatorum</strong></span> <span class='ocrx_word' id='word_1_907' title='bbox 3295 5702 3700 5771; x_wconf 90' lang='lat' dir='ltr'><strong>multitudine.</strong></span> 
     </span>
    </p>
   </div>
  </div>
