4132 6414
456 375 576 446 467

1776 375 2056 447 MENSIS
2098 379 2526 446 DECEMBER.

3723 373 3840 440 468

454 515 620 579 Talia
650 513 894 598 quidem
945 522 1083 579 sunt
1133 516 1264 599 ejus
1291 515 1424 579 vitm
1453 513 1783 592 benefacta,
1819 519 1956 584 talia
1984 539 2094 582 an-

2189 521 2380 585 Βοκετν,
2441 521 2666 582 τοισῧτα
2698 522 2795 599 μὲν
2841 521 2983 583 αὖτῶ
3014 521 3106 578 τοῦ
3159 519 3274 595 βίου
3316 517 3381 575 τὰ
3423 514 3834 596 κατορθώματα,

453 615 574 669 tem
608 606 913 668 miracula.
948 607 1323 670 Concedatur
1366 626 1504 669 vero
1536 607 1710 669 nobis
1740 627 2000 691 quoque,
2038 619 2100 671 ut

454 696 618 759 illius
647 696 844 778 aliqua
876 697 988 776 (vix
1021 697 1180 759 enim
1218 696 1346 758 ﬁeri
1379 704 1590 778 potest,
1617 707 1680 759 ut
1713 699 1936 779 omnia)
1974 701 2099 779 ejus

453 786 678 848 auxilio
727 786 1075 848 imitemur:
1133 793 1198 846 ut
1254 786 1584 848 efﬁciamur
1641 787 1818 848 etiam
1860 807 1993 848 cum
2029 808 2100 850 eo

454 875 778 955 participes
802 883 1139 955 paratorum
1175 875 1495 949 bonorum,
1517 876 1702 954 gratia
1728 885 1788 938 et
1820 877 2098 956 benigni-

456 973 571 1024 tate
603 963 838 1026 Domini
872 964 1060 1026 nostri
1119 965 1257 1026 Jesu
1307 963 1526 1026 Christi
1561 986 1574 1028 :
1625 985 1758 1027 cum
1792 985 1907 1047 quo
1943 967 2099 1029 Patri

453 1053 632 1114 simul
667 1071 802 1113 cum
835 1061 1040 1115 sancto
1074 1051 1324 1136 Spiritu,
1359 1054 1571 1132 gloria,
1605 1055 1817 1129 honor,
1839 1058 2100 1136 potentia

451 1149 511 1203 et
537 1141 830 1224 adoratio,
867 1161 1024 1206 nunc
1059 1150 1119 1204 et
1175 1161 1437 1225 semper,
1473 1153 1532 1206 et
1562 1145 1623 1206 in
1653 1145 1870 1206 saecula
1901 1163 2097 1207 saecu-

449 1233 673 1295 lorum.
703 1231 919 1295 Amen.

1197 1553 1686 1639 ΛΘΛΗΤΙΣ
1759 1557 1983 1640 ΤΩΝ

2181 620 2396 670 τοιαῦτα
2449 612 2503 668 δὲ
2567 615 2656 669 καὶ
2717 613 2781 669 τὰ
2837 613 3100 686 θαύματα.
3173 609 3386 666 Γένοιτο
3443 607 3498 664 δὲ
3557 611 3644 664 καὶ
3701 611 3836 682 ἡμῖν

2183 719 2304 757 τινα
2351 705 2458 758 τῶν
2513 701 2713 759 ἐκείνου
2755 702 2844 780 (τὸ
2899 702 3000 778 γὰρ
3045 701 3216 756 πάντα
3266 701 3438 755 sine!)
3495 707 3686 772 μικροῦ
3748 697 3838 754 καὶ

2183 789 2464 870 ἀδύνατον)
2530 793 2746 868 βοηθείᾲ
2831 793 2898 866 τῇ
2956 788 3118 848 αὒτοῦ
3175 789 3538 862 μιμήσασθαι,
3595 786 3688 842 ἵνα
3752 787 3837 842 καὶ

2182 882 2423 938 κοινωνοὶ
2479 883 2584 936 τ’ὖν
2653 877 3068 956 ἡτοιμασμένων
3133 877 3280 951 αὗτῷ
3337 876 3613 955 γενώμεθα
3694 876 3836 953 ἀγα-

2181 969 2284 1025 θῶν
2365 971 2548 1050 χάριτι
2639 969 2729 1026 ιιαῗ
2816 967 3178 1048 φιλανθρωπίᾳ
3247 973 3338 1022 τοῦ
3415 966 3601 1042 Κυρίου
3678 966 3837 1039 ημῶν

2183 1057 2360 1126 Ἰησοῦ
2407 1065 2654 1138 Χριστοῦ,
2717 1057 2836 1133 μεθ’
2889 1058 2949 1113 οὗ
3005 1061 3082 1128 τῷ
3158 1057 3346 1133 Πατρὶ,
3419 1055 3531 1128 ἅμα
3575 1061 3651 1127 τῷ
3703 1055 3885 1130 ἁγίῳ·

2184 1149 2450 1223 Πνεύματι
2494 1148 2638 1222 δόξα,
2685 1151 2820 1222 τιμὴ
2889 1146 2975 1201 καὶ
3033 1147 3391 1222 προσκύνησις
3465 1151 3554 1200 νῦν
3599 1145 3687 1200 καὶ
3744 1143 3835 1200 ἀεὶ

2184 1242 2276 1294 καῖ
2327 1240 2398 1303 εἷς
2442 1239 2562 1301 τοὺς
2607 1239 2798 1300 αἰῶνας
2844 1243 2950 1292 τῶν
2985 1234 3211 1298 αἰώνων,
3245 1236 3444 1305 Ἀμήν.

2073 1557 2412 1642 ΑΓΙΩΝ
2486 1559 3093 1645 ΜΑΡΥΥΡΩΝ

1599 1781 2714 1914 ΕΥΣΤΡΑΤΙΟΥ

642 2036 1327 2148 ΑΥΞΕΝΤΙΟΥ,
1406 2035 2001 2148 ΕΥΓΕΝΙΟΥ,
2077 2037 2758 2151 ΜΑΡΔΑΡΙΟΥ,
2836 2040 3020 2124 ΚΑΙ
3095 2039 3639 2125 ΟΡΕΣΤΟΥ.

1084 2367 1687 2454 CERTAMEN
1789 2365 2472 2454 SANCTORUM
2575 2371 3208 2457 MARTYRUM

1753 2577 2545 2712 EUSTRATII,

869 2822 1436 2936 AUXENTII,
1512 2819 1997 2931 EUGENII,
2077 2821 2629 2909 MARDABII
2713 2827 2848 2910 ET
2918 2824 3416 2920 ORESTIS.

1059 3029 1258 3100 (Latine
1285 3027 1415 3121 apud
1445 3026 1648 3085 Surium
1677 3025 1737 3082 ad
1768 3024 1900 3082 diem
1937 3023 2004 3080 15
2033 3023 2324 3082 Decembris
2351 3041 2369 3096 ;
2403 3026 2575 3085 Graece
2607 3043 2671 3087 ex
2700 3029 2811 3086 cod.
2844 3028 3054 3088 Coislin.
3091 3029 3240 3101 ιω.)

2112 3167 2206 3186 cur

510 3335 650 3398 1.1m
662 3336 909 3415 perante
922 3325 1290 3415 Diocletiano
1305 3321 2102 3415 etMaximiano,universum

2277 3316 2362 3387 A'.
2446 3323 2820 3388 Βασιλεῦοντος
2902 3325 3290 3392 Διοκλητιανοῦ
3348 3325 3440 3385 καί
3518 3325 3846 3400 Μαξιμιανοῦ

455 3411 867 3488 Romanorum
898 3413 1218 3498 imperium
1244 3413 1605 3495 completum
1624 3412 1814 3475 fuerat
1840 3412 2001 3475 cultu
2021 3411 2108 3474 si-

454 3512 952 3589 mulacrorum,et
971 3523 1184 3568 omnes
1206 3503 1486 3566 homines
1509 3502 1716 3584 perciti
1745 3510 1944 3564 mutua
1968 3519 2108 3582 qua-

451 3602 587 3663 dam
613 3602 770 3662 inter
789 3617 854 3660 se
899 3595 1152 3659 invicem
1183 3591 1598 3670 aemulatione,
1627 3591 2020 3672 proficiebant
2049 3595 2108 3651 in

452 3690 564 3753 hac
587 3689 732 3752 falsa
748 3687 1066 3767 religione;
1082 3683 1341 3746 maxime
1361 3700 1496 3743 cum
1517 3679 1710 3742 edicta
1727 3679 2108 3760 imperatoria

451 3779 745 3860 quotidie,
807 3785 870 3839 ut
924 3773 1110 3837 semel
1165 3773 1387 3849 dicam,
1453 3770 1836 3860 mitterentur
1866 3767 1937 3830 ad
1978 3769 2105 3860 loci

452 3859 853 3950 magistratus,
879 3884 1009 3946 quae
1032 3861 1350 3946 jubebant,
1378 3867 1444 3950 ut
1485 3859 2106 3950 Calendismagniﬁce

452 3948 781 4022 oﬂerentur
805 3955 921 4019 diis
949 3953 1244 4016 sacriﬁcia
1274 3971 1286 4013 :
1323 3959 1380 4012 et
1404 3949 1557 4026 fore,
1583 3959 1644 4010 ut
1674 3950 1746 4010 ab
1776 3948 2066 4029 imperato
2087 3984 2105 3995 ι

450 4049 617 4112 ribus
652 4049 945 4110 honorem
979 4048 1520 4124 consequerentur,
1559 4040 1768 4120 eisque
1803 4039 1924 4100 noli
1959 4057 2098 4098 eva—

451 4141 686 4215 derent,
719 4137 825 4219 qui
875 4136 947 4198 ad
1001 4135 1128 4197 haec
1181 4150 1353 4194 suum
1388 4129 1647 4192 studium
1683 4127 2098 4205 contulissent,

449 4217 887 4309 significabant.
920 4226 965 4287 li
997 4233 1226 4303 autem,
1253 4219 1356 4298 qui
1390 4219 1448 4280 in
1485 4217 1872 4309 eiscolendis
1904 4226 2102 4278 essent

446 4305 648 4403 aliquo
675 4317 850 4380 modo
875 4311 1250 4393 socordes,et
1272 4309 1343 4372 ad
1367 4309 1538 4403 aliam
1574 4306 1928 4368 inclinarent
1955 4305 2101 4367 reli-

449 4395 935 4491 gionem,privati
960 4403 1035 4465 iis
1061 4402 1398 4480 bonis,quaa
1435 4396 1756 4491 habebant,
1782 4403 1913 4476 post
1948 4395 2101 4455 mul-

450 4489 542 4563 tos
570 4497 867 4561 cruciatus
908 4493 1358 4573 subjicerentur
1411 4489 1617 4550 mortis
1650 4493 1931 4548 extrema;
1957 4503 2104 4546 sen~

444 4589 675 4653 tentias.
709 4585 851 4648 Erat
880 4584 1078 4664 itaque
1111 4598 1322 4660 magna
1342 4577 1685 4659 persecutio
1718 4576 1780 4636 in
1813 4583 1930 4637 toto
1956 4573 2160 4663 orbeC

448 4689 918 4747 terrarum,cum
952 4678 1242 4754 quotquot
1265 4677 1438 4731 erant
1468 4666 1694 4744 ubique
1727 4665 2102 4754 magistratus

447 4776 508 4832 et
540 4752 1133 4849 prazsides,magnam
1161 4777 1364 4849 curam
1395 4762 1770 4836 gererent,ut
1799 4754 1872 4815 de
1907 4752 2104 4814 medio

446 4846 729 4920 tollerent
759 4851 1102 4916 universum
1134 4846 1610 4912 Christianorum
1639 4861 1849 4924 genus.

528 4947 604 5010 Il.
635 4943 876 5007 Accidit
916 4948 1140 5017 autem,
1173 4947 1238 4999 ut
1268 4955 1402 5000 cum
1438 4935 1540 4998 illo
1591 4942 1863 5014 tempore
1895 4930 1964 4992 ad
2001 4931 2110 4992 hos

447 5044 731 5118 tyrannos
760 5041 918 5095 esset
947 5025 1404 5118 delatum,quod
1441 5033 1562 5088 tota
1581 5041 1794 5100 magna
1825 5023 2108 5118 Armenia

447 5111 506 5190 et
535 5123 908 5206 Cappadocia
929 5122 1165 5184 illorum
1201 5117 1399 5180 edicto
1429 5121 1862 5206 repugnarent,
1898 5119 1956 5206 et
1981 5111 2103 5189 jam

445 5201 761 5279 unanimes
783 5219 1124 5295 spectarent
1141 5227 1351 5272 omnes
1364 5208 1436 5269 ad
1463 5201 2106 5276 defectionem,immu-

444 5305 688 5369 tabilem
722 5303 1010 5366 habentes
1041 5301 1306 5364 animum
1360 5297 1422 5359 in
1476 5295 1797 5358 Dominum
1833 5299 2102 5352 nostrum

446 5395 655 5459 Jesum
691 5394 1016 5473 Christum,
1066 5401 1314 5472 propter
1372 5388 1500 5450 haec
1559 5386 1665 5446 fuit
1715 5379 2105 5473 conturbatus

446 5487 643 5551 Caesar
674 5469 1122 5558 Diocletianus;
1168 5469 1226 5543 et
1251 5497 1388 5542 cum
1417 5494 1630 5540 omnes
1660 5491 1799 5535 suos
1831 5469 2097 5532 accersi'

443 5577 625 5640 visset
651 5581 1027 5658 proceres,et
1060 5570 1248 5634 tribus
1280 5567 1496 5631 diebus
1535 5586 1569 5629 a
1602 5581 1774 5627 mane
1809 5577 1995 5640 usque
2027 5559 2101 5620 ad

440 5651 748 5752 vesperam
764 5686 898 5730 cum
915 5651 1003 5729 eis
1021 5659 1736 5752 consultasset,deposuitf
1749 5651 2101 5734 eos,quibus

444 5751 758 5824 commissae
779 5763 1004 5822 fuerant
1023 5760 1309 5820 rectiones
1331 5765 1707 5825 utrarumque
1724 5751 1928 5808 harum
1955 5760 2092 5818 gen-

2192 3421 2335 3470 πᾶσα
2386 3415 2420 3482 ἡ
2477 3419 2584 3470 τῶν
2611 3412 2892 3490 Ῥωμαίων
2936 3416 3081 3495 ἀρχὴ
3121 3419 3216 3482 τῆς
3263 3415 3416 3472 ἀθέου
3460 3422 3565 3472 τῶν
3611 3414 3844 3472 εἰδώλων

2193 3501 2544 3580 ἐπεπλήρωτο
2573 3502 2872 3580 ,λατρείας,
2934 3505 3019 3559 καὶ
3078 3504 3271 3567 πάντες
3338 3502 3624 3581 ἅνθρωποι,
3694 3504 3841 3574 ζήλῳ

2190 3598 2268 3666 τῷ
2353 3594 2481 3671 πρὸς
2559 3592 2822 3661 ἀλλήλους
2895 3592 3209 3664 λυττῶντες,
3288 3593 3372 3650 ἐπὶ
3436 3594 3536 3660 τὴν
3592 3594 3845 3658 τοιαύτην

2193 3683 2524 3759 προέκοπτον
2605 3683 2932 3762 θρησκείαν,
3042 3681 3274 3756 μάλιστα
3361 3687 3467 3738 τῶν
3551 3679 3843 3759 βασιλικῶν

2189 3772 2564 3848 θεσπισμάτων
2625 3770 2743 3827 καθ’
2800 3771 3057 3849 ἑκάστην,
3102 3773 3172 3836 ὼς
3232 3773 3429 3846 εἰπεῖν,
3483 3792 3844 3845 καταπέμπο-

2191 3862 2365 3937 μένων
2433 3860 2486 3917 ἒν
2560 3873 2682 3922 ταῖς
2753 3861 3081 3938 ἱερομηνίαις
3139 3860 3436 3940 φιλοτίμως
3521 3872 3638 3924 τοῖς
3697 3864 3841 3924 θεοῖς

2190 3951 2572 4032 προσφέρεσθαι
2629 3951 2722 4015 τὰς
2781 3951 2979 4016 θυσίας,
3052 3955 3214 4025 τιμῆς
3285 3972 3342 4006 τε
3425 3955 3683 4029 μεγίστης
3747 3951 3837 4006 καὶ

2185 4045 2434 4124 γνώσεως
2493 4038 2778 4117 βασιλικῆς
2820 4037 3106 4114 ἀξιοῦσθαι,
3156 4039 3276 4103 τοὺς
3322 4041 3442 4106 περὶ
3495 4042 3561 4096 τᾶ
3623 4047 3843 4096 τοιαῦτα

2186 4130 2602 4208 ἐσπουδακότας,
2649 4131 2768 4193 τοὺς
2825 4127 2879 4184 δὲ
2923 4129 3059 4186 κατά
3116 4151 3232 4186 τινα
3282 4130 3479 4208 τρόπον
3536 4131 3839 4207 ῥᾳθυμοῦν-

2184 4245 2280 4286 τας
2338 4221 2455 4297 περὶ
2495 4221 2556 4274 τὸ
2599 4217 2838 4274 τοιοῦτοο
2881 4215 3056 4288 σέϐας,
3121 4220 3205 4274 καὶ
3248 4220 3320 4282 είς
3375 4219 3557 4296 ἑτέραν
3610 4219 3842 4276 ἀπονεύ-

2187 4333 2341 4372 οντας
2398 4307 2702 4386 θρησκείαν,
2764 4305 3077 4372 ξενωθέντας
3124 4312 3220 4374 τῆς
3266 4308 3617 4388 ὕπαρχούσης
3652 4309 3834 4371 αότοϊς

2186 4399 2484 4479 περιουσίας
2520 4438 2539 4466 ,
2626 4397 2761 4470 μετὰ
2840 4395 3042 4459 πολλὰς
3114 4397 3206 4460 τὰς
3287 4398 3546 4472 βασάνους
3618 4398 3704 4453 καὶ
3773 4403 3844 4472 τῇ

2185 4487 2459 4559 τελευταίᾳ
2529 4493 2620 4542 τοῦ
2701 4485 2925 4542 θαθᾶτου
2981 4485 3270 4563 ὑπάγεσθαι
3329 4489 3515 4566 ψᾶφῳ.
3578 4474 3676 4542 Ἠν
3752 4487 3844 4543 οὗν

2186 4578 2423 4656 διωγμὸς
2468 4575 2637 4653 μέγας
2684 4577 2756 4639 εἰς
2804 4581 2976 4631 πᾶσαν
3023 4576 3122 4642 τὴν
3166 4576 3482 4652 οἶκουμένην
3524 4577 3631 4632 τῶν
3662 4577 3842 4631 ἁπαι-

2186 4667 2358 4748 ταχοῦ
2421 4665 2723 4746 ἀρχόντων,
2784 4662 2873 4719 διὰ
2941 4663 3150 4732 πολλῆς
3212 4665 3481 4745 φροντίδος
3552 4665 3842 4739 τιθεμένων

2188 4757 2366 4834 ἐξᾶραι
2396 4755 2535 4813 ἅπαν
2566 4757 2626 4812 τὸ
2672 4756 2776 4811 τῶν
2810 4759 3136 4834 Χριστιανῶν
3167 4755 3342 4835 γένος.

2272 4937 2362 4999 Β’,
2412 4932 2501 4991 Ἐν
2545 4931 2601 4990 δὲ
2660 4939 2737 5006 τῷ
2792 4937 2962 5012 καιρῷ
3021 4931 3228 5007 ἐκείνῳ,
3292 4931 3668 5012 ἀνενεχθέντος
3723 4947 3844 4997 τοῖς

2188 5026 2456 5106 τυράννοις
2513 5023 2722 5086 τούτοις
2803 5024 2876 5086 ὡς
2961 5022 3143 5080 ἅπασα
3215 5025 3249 5090 ἠ
3308 5023 3520 5100 μεγάλη
3589 5022 3842 5101 Ἀρμενία

2189 5115 2282 5173 καὶ
2347 5110 2697 5172 Καππαδοκία
2773 5111 3026 5167 ἀντεῖπον
3100 5118 3174 5184 τῷ
3249 5114 3564 5186 θεσπίσματι
3644 5112 3842 5191 αὒτῶν,

2187 5207 2275 5262 καὶ
2331 5201 2434 5270 ἤδη
2493 5203 2566 5263 εἷς
2625 5200 2950 5257 ἀποστασίαν
2997 5201 3307 5278 ὁμοφρόνως
3369 5205 3564 5264 πάντες
3624 5204 3841 5281 ὁρῶσιν,

2189 5295 2511 5370 ἀμετάθετον
2565 5289 2665 5358 τὴν
2724 5290 2946 5366 γνώμην
2978 5288 3197 5368 ἔχοντες
3247 5291 3345 5358 τὴν
3394 5293 3466 5352 εἷς
3517 5293 3606 5348 τὸν
3655 5292 3842 5370 Κύριον

2184 5387 2337 5460 ἡμῶν
2409 5381 2616 5448 Ἰησοῦν
2698 5379 2923 5456 Χριστόν
2959 5397 2974 5413 ⁸
3057 5378 3331 5459 ἐταράχθη
3393 5380 3477 5436 ἐπὶ
3534 5382 3740 5442 τούτοις
3817 5382 3844 5435 ὁ

2190 5484 2396 5552 Καῖσαρ
2456 5469 2862 5550 Διοκλητιανὸς,
2925 5471 3012 5525 καὶ
3069 5470 3271 5534 πάντας
3334 5470 3456 5535 τοὺς
3517 5476 3845 5548 μεγιστᾶνας

2185 5563 2343 5619 αὗτοῦ
2429 5557 2952 5638 προσκαλεσάμενος,
3042 5560 3130 5614 καὶ
3211 5556 3296 5616 ἐπὶ
3380 5559 3544 5638 τρισὶν
3615 5559 3843 5635 ἡμέραις

2184 5652 2343 5709 ἕωθεν
2399 5650 2499 5714 ἕως
2557 5649 2780 5727 ἑσπέρας
2825 5647 3192 5716 ἐκκλησιάσας
3253 5648 3370 5723 μετ’
3444 5651 3639 5723 αὐτῶν,
3702 5670 3842 5723 μετ-

2188 5746 2375 5820 έστησε
2436 5741 2532 5820 μὲν
2590 5740 2710 5805 τοὺς
2797 5736 2898 5808 ἤδη
2977 5738 3425 5816 πεπιστευμένους
3506 5740 3600 5804 τὰς
3667 5739 3841 5818 ἀρχὰς
