4132 6418
262 354 392 420 469

1192 354 1661 419 MARTYRIUM
1711 355 1772 418 S.
1821 353 2237 418 ΕΟΘΤΒΑΤΙΙ
2285 356 2382 420 ΕΤ
2429 355 2834 423 SOCIORUM.

3571 364 3690 434 470

265 491 554 570 ἑκατέρων
607 489 817 549 τούτων
876 496 984 549 τῶν
1041 489 1225 566 levas,
1289 489 1528 557 εὐηθείας
1587 491 1758 550 αὐτῶν
1813 509 1949 545 κατ-

2037 486 2211 564 tium,
2246 506 2352 550 eos
2379 487 2784 569 simplicitatis
2815 489 3108 558 damnans
3138 501 3197 558 et
3219 495 3502 561 stultitiae.
3531 497 3692 571 lisit

264 581 537 661 εγνωκώς
579 600 592 616 ’
653 579 1003 647 ἐξαπέστειλε
1061 577 1116 635 δὲ
1168 576 1357 658 ἄνδρας
1415 577 1504 636 δύο
1561 580 1622 636 ἐκ
1680 583 1778 646 τῆς
1849 581 1953 636 τὼν

266 664 566 742 Ἐλλήνων
625 671 818 751 χώρας
881 669 1224 749 ὁρμωμένους
1297 669 1351 726 ἐν
1423 667 1699 745 ἒπιστήμῃ
1777 666 1954 743 πολλῇ

261 766 367 830 τῆς
431 762 706 838 πατρῴας
766 757 1097 825 παιδεύσεως
1162 759 1524 840 ὑπάρχοντας,
1599 757 1796 822 δεινοὺς
1871 760 1955 814 καί

263 852 520 919 ἀπηνεῖς
552 851 634 925 τῷ
661 851 992 930 φρονήματι,
1025 850 1113 907 καὶ
1168 847 1312 914 ὀξεῖς
1367 850 1439 912 εἰς
1471 848 1534 904 τὸ
1586 847 1800 921 νοῆσαι,
1859 846 1954 904 καὶ

262 940 452 1018 λέγειν
575 939 1056 1020 προχειροτάτους,
1159 937 1558 1017 ἀνεξερεύνητον
1640 936 1778 1002 ἅπαξ

263 1032 470 1111 τρόπον
548 1029 940 1106 κεκτημένους,
1000 1031 1088 1085 καὶ
1157 1029 1255 1096 τὴν
1317 1029 1660 1106 πανουργίαν,
1719 1029 1793 1083 ὧν
1869 1029 1950 1084 τὸν

265 1121 360 1197 μὲν
421 1121 536 1178 ἕνα
604 1120 802 1176 Λυσίαν
874 1118 1096 1194 ὀνόματι
1167 1118 1379 1176 πάντων
1452 1123 1557 1174 τῶν
1629 1114 1950 1192 λιμιτανέων

268 1210 656 1291 ἐπιτροπεύειν
713 1207 982 1265 ἐκέλευσε’
1053 1209 1146 1265 τὸν
1217 1205 1270 1264 δέ
1348 1207 1526 1285 ἕτερον
1600 1204 1947 1286 Ἀγρικόλαον

270 1301 364 1368 τὴν
429 1299 811 1380 προσηγορίαν
879 1298 977 1366 τὴν
1046 1297 1143 1365 τῆς
1216 1295 1460 1376 ἰπαρξίας
1521 1296 1699 1364 πάσης
1770 1293 1948 1374 ἀρχὴν

279 1389 484 1447 διέπειν
548 1387 868 1467 ἐπέτρεψεν,
931 1388 1309 1464 ὑπηρετεῖσθαί
1364 1407 1422 1443 τε
1465 1389 1648 1449 αὐτοῖς
1697 1386 1756 1442 ού
1784 1383 1950 1461 μόνον

282 1481 374 1548 τὴν
403 1487 521 1538 τῶν
550 1477 878 1552 λιμιτανέων
911 1489 1076 1557 χεῖρα
1133 1475 1411 1547 θεσπίσας,
1467 1474 1606 1532 ἀλλὰ
1655 1475 1744 1531 καὶ
1805 1473 1948 1532 ἅπαν

289 1572 346 1626 τὸ
401 1567 822 1647 στρατιωτικὸν,
883 1567 947 1623 τὸ
1007 1564 1060 1621 ἐν
1117 1565 1243 1628 ταῖς
1287 1563 1708 1636 πλησιαζούσαις
1757 1563 1948 1620 πόλεσι

299 1657 687 1737 καθιδρυμένον.

383 1748 471 1808 Ῠ’.
498 1745 860 1805 Ἐπιστάντων
918 1743 1008 1802 οὖν
1067 1745 1240 1801 αὐτῶν
1294 1755 1414 1809 ταῖς
1475 1743 1759 1823 ἐπαρχίαις
1816 1741 1946 1798 ταύ-

1861 938 1967 994 τὸν.

2036 594 2177 638 vero
2208 575 2360 640 duos
2391 577 2569 655 viros,
2593 579 2695 659 qui
2725 597 2760 642 e
2781 581 3010 646 Graecia
3036 582 3337 648 ducebant
3367 586 3685 666 originem,

2038 668 2238 746 patriae
2263 674 2462 729 autem
2495 668 2785 732 doctrinae
2812 689 3085 752 magnam
3117 677 3424 738 consecuti
3456 676 3691 740 fuerant

2037 756 2440 848 cognitionem
2482 779 2506 848 ;_
2529 767 2699 820 erant
2720 778 2857 823 vero
2888 761 3147 842 ingentis
3178 773 3237 826 et
3267 767 3546 830 immanis
3570 772 3688 848 spi-

2035 845 2208 939 ritus,
2234 864 2406 939 acres
2434 845 2510 910 ad
2530 847 2944 939 cogitandum,
2969 859 3031 914 et
3047 852 3122 915 ad
3148 853 3467 918 dicendum
3496 845 3691 939 proin-

2035 935 2318 1016 ptissimi,
2354 943 2410 998 et
2440 938 2541 1017 qui
2575 955 2775 1001 mores
2825 939 3134 1005 habebant
3179 957 3236 1006 et
3271 935 3686 1024 calliditatem,

2034 1045 2164 1108 quae
2197 1043 2314 1088 non
2347 1034 2621 1106 poterant
2650 1028 2987 1109 indagando
3032 1040 3090 1096 et
3117 1035 3544 1114 perscrutando
3577 1057 3688 1100 co-

2033 1115 2256 1194 gnosci.
2295 1114 2378 1177 Ex
2408 1115 2630 1198 quibus
2691 1138 2826 1182 cum
2886 1140 3072 1184 unum
3125 1124 3392 1205 quidem,
3445 1127 3689 1190 nomine

2029 1205 2287 1286 Lysiam,
2315 1205 2593 1285 jussisset
2620 1227 2823 1272 curam
2874 1229 3084 1288 gerere
3139 1214 3404 1277 omnium
3456 1216 3686 1278 limita-

2032 1313 2281 1386 neorum
2310 1311 2324 1357 :
2352 1295 2749 1386 alterum,qui
2774 1300 3094 1363 vocabatur
3117 1302 3482 1381 Agricolaus,
3505 1308 3689 1386 jussit

2033 1385 2214 1450 totius
2238 1384 2610 1464 praefecturae
2635 1388 3055 1454 administrare
3079 1392 3396 1474 imperium
3427 1413 3440 1455 :
3479 1384 3686 1458 decer-

2033 1492 2205 1548 nens,
2239 1481 2302 1536 ut
2337 1492 2455 1536 non
2484 1475 2676 1538 solum
2710 1477 2798 1540 eis
2829 1478 3160 1543 deserviret
3204 1501 3418 1545 manus
3461 1483 3686 1546 limita-

2030 1582 2305 1638 neorum,
2334 1564 2440 1628 sed
2465 1565 2643 1628 etiam
2665 1573 3012 1650 quicunque
3035 1569 3254 1633 milites
3283 1581 3454 1635 erant
3485 1576 3687 1637 collati

2028 1655 2090 1716 in
2126 1653 2479 1736 propinquis
2511 1656 2870 1720 civitatibus.

2110 1743 2207 1808 III.
2247 1743 2392 1808 Cum
2425 1745 2484 1806 hi
2515 1764 2656 1826 ergo
2688 1746 2751 1808 iu
2801 1748 2908 1810 has
2959 1749 3266 1813 venissent
3313 1751 3682 1831 provincias,

319 1859 437 1900 ταις
464 1837 736 1912 παραυτίκα
769 1841 916 1892 πᾶσα
960 1833 1144 1903 ἡλικία
1201 1838 1306 1890 τῶν
1363 1833 1654 1912 ἀνθρώπων
1717 1829 1944 1913 ἆγειδῶς

2034 1839 2299 1916 protinus
2333 1835 2528 1897 omnis
2545 1845 2690 1899 tetas
2711 1837 3021 1900 hominum
3050 1829 3688 1905 immisericorditeret

321 1925 641 2004 ἐξεκύπτετο,
698 1927 840 1999 μήτε
913 1924 1224 2004 προφάσεως
1296 1921 1678 2001 εὐρισκομένης
1753 1923 1934 1979 εὐκαί-

2034 1925 2258 2005 ahsque
2292 1923 2413 1985 ulla
2442 1925 2613 1986 venia
2641 1925 3142 1991 exscindebatur:
3179 1948 3312 1991 cum
3347 1949 3544 2012 neque
3567 1931 3687 1992 ulla

312 2038 423 2095 ρου,
483 2022 662 2094 μικρᾶς
717 2013 771 2070 δὲ
827 2012 1082 2081 διαϐολῆς
1139 2013 1228 2070 καὶ
1284 2013 1382 2082 τῆς
1425 2011 1778 2102 ωχοΰσης-ὖὶ
1809 2007 1934 2102 παρ’

2034 2013 2394 2075 inveniretur
2419 2024 2754 2096 opportuna
2790 2004 3515 2098 occasio;parvaautem'et
3531 2039 3685 2102 qum-

302 2105 522 2187 ἐχθρῶν,
583 2105 618 2171 ἤ
673 2104 814 2182 παρὰ
875 2101 1179 2162 κακοθελῶν
1239 2101 1439 2182 ἀνδρῶν
1503 2100 1939 2180 παρακολουθού-

2034 2101 2170 2166 libet
2199 2103 2519 2177 calumnia,
2575 2111 2680 2166 aut
2726 2103 2801 2167 ab
2835 2104 3121 2182 inimicis,
3176 2117 3278 2170 aut
3307 2127 3338 2170 τι
3371 2100 3682 2171 malevolis

289 2218 406 2262 σης.
474 2196 542 2253 Τὸ
599 2193 656 2250 δὲ.
716 2192 913 2262 πλῆθος
969 2198 1077 2250 τῶν
1129 2199 1458 2272 Χριστιανῶν
1501 2192 1825 2271 ἀνηρευνᾶτο
1856 2191 1942 2247 καὶ

2034 2192 2372 2254 hominibus
2403 2202 2779 2275 sequeretur.
2814 2193 3277 2261 Innumerabilis
3307 2216 3444 2261 vero
3479 2197 3680 2261 multi-

288 2281 735 2362 συνελαμϐάνετο,
793 2280 910 2340 καθ’
967 2282 1205 2349 ἑκάστην
1262 2281 1621 2360 ἆναρίθμηνον
1677 2282 1778 2370 ttat,
1799 2302 1942 2359 παρ-

2034 2282 2170 2344 tudo
2196 2282 2670 2346 Christianorum
2694 2284 3110 2364 iudagabatur,
3141 2299 3194 2351 et
3231 2289 3501 2370 quotidie
3523 2308 3682 2350 com-

295 2373 482 2432 εόίδοτο
510 2386 638 2438 τοϊς
670 2369 971 2451 αἱμοόόροις
1005 2372 1212 2437 τούτοις
1264 2373 1465 2446 θηρίοις
1525 2373 1597 2436 εἰς
1643 2368 1942 2433 ἀπώλειαν,

284 2467 476 2529 Λυσίας
538 2463 719 2520 τοίνυν
771 2464 800 2520 ὁ
856 2459 995 2536 δοὺξ,
1042 2461 1137 2525 τὰς
1167 2459 1434 2539 διατριϐὰς
1475 2459 1530 2516 ἰν
1559 2466 1628 2538 τῇ
1662 2459 1945 2518 Σαταλὲων

279 2557 629 2632 ποιούμενος,
703 2550 756 2608 εἴ
822 2573 968 2616 τινας
1042 2550 1248 2629 εὕρισκε
1320 2552 1415 2619 τῆς
1487 2550 1672 2632 χώρας
1746 2549 1946 2617 ταύτης

277 2645 470 2718 ἄνδρας
529 2664 592 2700 τε
650 2643 740 2699 καὶ
795 2655 1050 2720 γυναῖκας
1109 2643 1313 2720 ἁγίους,
1381 2642 1517 2718 μετὰ
1580 2639 1783 2706 πολλὰς
1853 2640 1948 2702 τὰς

274 2736 576 2810 ἐρωτήσεις
635 2732 734 2789 καί
789 2732 1051 2808 βασάνους
1113 2731 1458 2812 παρέπεμπεν
1521 2732 1623 2788 ὑπὸ
1702 2727 1947 2810 ἀσφαλε-

275 2827 490 2892 στάτην
521 2823 754 2902 φρουρὰν
784 2820 1090 2896 δεδεμένους
1119 2828 1198 2896 τῷ
1253 2819 1591 2901 Ἀγρικολάω
1638 2819 1693 2876 εν
1741 2826 1808 2897 τῇ
1840 2826 1949 2874 Σε-

275 2913 569 2981 ϐαστηνῶν
633 2909 991 2988 μητροπόλει,
1049 2913 1179 2990 πρὸς
1240 2913 1302 2968 τὸ
1360 2909 1486 2990 παρ’
1544 2909 1742 2967 ἐκείνου
1792 2908 1948 2964 ἀνάι-

276 3006 502 3084 ρεθῆναι
568 3001 785 3075 αὖτοὺς,
837 3001 924 3058 καὶ
983 3002 1062 3076 μὴ
1111 3003 1328 3070 ὲαθῆναι
1381 2999 1434 3058 ἰν
1493 3005 1562 3076 τῇ
1607 2996 1709 3071 ἰδίᾳ
1766 2995 1944 3075 χώρᾳ,

277 3096 426 3158 ὅπως
487 3093 570 3168 μὴ
603 3091 842 3170 τύχωσιν
885 3090 1191 3166 ἐπιμελείας
1244 3092 1346 3148 ὑπὸ
1395 3095 1501 3147 τῶν
1532 3088 1738 3146 οίγείων
1781 3085 1946 3167 φίλων

2028 2372 2605 2453 prehendebatur,et
2619 2373 2710 2437 his
2725 2375 3100 2455 sanguivoris
3114 2377 3320 2441 bestiis
3343 2378 3688 2441 tradebatur

2028 2463 2100 2525 ad
2131 2463 2461 2528 interitum.
2488 2463 2615 2527 Dux
2631 2483 2776 2544 ergo
2800 2465 3000 2547 Lysias
3025 2485 3269 2532 versans
3294 2475 3352 2530 in
3377 2467 3682 2544 Sateleon,

2031 2554 2083 2615 si
2111 2553 2293 2634 hujus
2323 2552 2585 2633 regionis
2613 2553 2956 2618 inveniebat
2989 2556 3219 2638 aliquos
3249 2567 3492 2622 sanctos
3525 2557 3686 2621 viros

2031 2651 2090 2706 et
2118 2651 2350 2706 sanctas
2385 2643 2658 2720 feminas,
2693 2655 2823 2726 post
2867 2647 3082 2710 multas
3107 2647 3604 2729 interrogationes
3626 2655 3684 2710 et

2035 2732 2473 2809 tortnenta,sub
2498 2732 2793 2796 tutissima
2816 2735 3085 2798 custodia
3109 2738 3542 2801 transmittebat
3561 2737 3684 2800 vin-

2033 2831 2161 2885 ctos
2185 2823 2257 2884 ad
2283 2822 2662 2902 Agricolaum
2687 2823 2743 2884 in
2771 2825 3152 2906 metropolim
3177 2827 3679 2892 Sebastenorum:

2033 2922 2097 2974 ut
2124 2911 2196 2973 ah
2229 2911 2333 2973 illo
2363 2912 2439 2975 de
2467 2912 2666 2974 medio
2703 2913 3060 2977 tellerentur
3088 2925 3146 2977 et
3189 2935 3307 2978 non
3339 2917 3684 2980 sinerentur

2032 3004 2091 3067 in
2127 3019 2236 3063 sua
2270 2999 2544 3083 regione,
2570 3009 2630 3064 et
2660 3021 2771 3064 nec
2793 3021 2997 3066 eorum
3023 3006 3256 3085 cognati
3278 3015 3337 3069 et
3358 3007 3680 3070 necessarii

2031 3091 2210 3155 ullam
2271 3109 2480 3154 eorum
2543 3110 2744 3155 curam
2799 3102 3102 3172 gererent,
3136 3114 3248 3158 nec
3272 3095 3431 3178 justa
3471 3097 3684 3160 ﬁerent

280 3187 314 3256 ἢ
346 3188 658 3263 συγγενῶν,
708 3181 848 3256 μήτε
890 3181 958 3237 τὰ
1007 3180 1232 3258 σώματα
1281 3182 1453 3238 αὐτῶν
1483 3185 1550 3254 τῇ
1600 3173 1966 3258 προσηκούσῃ

2034 3200 2240 3272 eorum
2273 3180 2648 3272 corporibus,
2687 3181 3009 3264 provinciae
3037 3173 3552 3267 quoque'praeside
3591 3187 3680 3248 si-

282 3277 400 3347 ὁσία
465 3275 618 3353 ταφῇ
659 3268 1052 3350 παραδοθῶειν,
1097 3270 1294 3346 ὁμοίως
1366 3271 1452 3326 καὶ
1521 3275 1615 3325 τοῦ
1683 3267 1945 3348 ἄρχοντος

2036 3271 2258 3335 militer
2281 3271 2725 3335 transmittente
2738 3273 2977 3354 eos,qu
2999 3274 3153 3355 apud
3180 3273 3541 3339 Sebastenos
3565 3275 3679 3338 orti

282 3373 372 3434 τῆς
405 3363 681 3443 ἐπαρχίας
741 3359 1194 3440 παραπέμποντος
1223 3360 1344 3424 τοὺς
1375 3359 1483 3416 ἀπὸ
1537 3363 1638 3426 τῆς
1670 3355 1950 3423 Σεϐαστη-

294 3463 386 3510 νιῖιν
444 3452 796 3533 ὁρμωμένους
871 3455 944 3514 είς
1000 3449 1099 3518 τὴν
1172 3447 1456 3506 Σαταλὲων
1529 3447 1592 3505 ἐκ
1655 3447 1950 3525 κακούργου

297 3547 529 3620 σκέψεως
600 3541 770 3600 πάλαι
829 3539 1123 3618 γενομένης
1191 3540 1316 3618 παρ’
1390 3543 1585 3601 αὐτῶν.
1660 3537 1949 3616 ’Ήγνωσαν

290 3637 387 3715 γὰρ
435 3637 526 3692 καὶ
578 3639 742 3692 τοῦτο
799 3630 854 3687 ὶν
913 3637 982 3706 τῇ
1031 3629 1359 3709 ἀνοσιουργῷ
1411 3632 1583 3688 αὐτῶν
1639 3626 1832 3706 γνώμη
1886 3627 1947 3683 οὗ

294 3727 488 3802 μικρὸν
545 3722 706 3802 μέρος
767 3721 980 3779 ἔσεσθαι
1037 3741 1298 3800 τιμωριας
1357 3731 1476 3784 τοῖς
1533 3715 1794 3785 ἀθληταῖς
1852 3725 1945 3774 τοῦ

305 3820 561 3890 Χριστοῦ.

393 3901 480 3966 Δ¹.
529 3904 733 3962 Τούτων
783 3900 922 3959 οὕτω
970 3900 1265 3980 γινομένων
1319 3899 1634 3976 Εύστράτιός
1679 3919 1758 3962 τις
1789 3918 1941 3977 σκρι-

301 3996 495 4073 νιέρισς
568 3998 666 4060 τῆς
742 3992 990 4058 δουκικῆς
1046 3991 1304 4070 ὑπάρχων
1361 3987 1583 4062 τάξεως,
1644 3988 1730 4044 καὶ
1791 4008 1942 4064 πρω-

289 4085 458 4142 τεύων
509 4083 575 4137 ἀν
633 4085 768 4159 αὐτῇ
823 4087 896 4156 τῷ
952 4080 1072 4139 τότε
1369 4078 1504 4146 ἀνὴρ
1550 4073 1802 4144 θεοσεϐὴς
1858 4077 1948 4132 καὶ

287 4173 620 4254 φοϐούμενος
673 4172 762 4228 τὸν
839 4171 990 4244 Θεὸν,
1061 4171 1148 4226 καὶ
1225 4167 1606 4235 ἀνεπιλήπτως
1675 4169 1765 4224 τὸν
1836 4166 1948 4243 βίον

284 4270 449 4324 αὑτοῦ
522 4261 960 4340 πολιτευόμενος,
1033 4259 1220 4335 ἠθύμει
1293 4261 1379 4316 ἔπι
1456 4270 1572 4319 τοῖς
1645 4255 1947 4336 γινομένοις

284 4355 403 4412 καθ’
467 4353 729 4431 ἑκάστην,
780 4352 868 4408 καὶ
922 4351 1204 4408 ἑποτνίᾶτο
1237 4351 1368 4429 πρὸς
1418 4351 1511 4406 τὸν
1554 4347 1741 4426 Κύριον
1799 4345 1948 4422 ἣμῷν

280 4444 499 4511 Ἰησοῦν
574 4442 821 4518 Χριστὸν,
883 4441 1098 4511 νηστείᾳ
1164 4439 1251 4495 καὶ
1327 4442 1607 4517 προσευχῇ
1675 4457 1950 4515 προσκαρ-

2032 3372 2225 3438 erant,
2257 3361 2563 3437 Sateleon,
2597 3363 2710 3426 hoc
2762 3361 3039 3444 improbo
3096 3363 3198 3426 diu
3249 3373 3386 3428 ante
3434 3365 3591 3427 inter
3615 3383 3682 3430 se

2033 3453 2182 3514 inito
2206 3451 2474 3514 consilio.
2505 3451 2694 3534 Impia
2717 3453 2878 3516 enim
2901 3471 3008 3515 sua
3032 3461 3236 3517 mente
3259 3464 3679 3536 cognoverant,

2033 3540 2523 3696 Chrisltiathletis
2553 3560 2674 3606 non
2705 3542 2971 3606 futurum
3015 3543 3130 3606 hoc
3179 3563 3418 3626 parvam
3452 3553 3679 3627 partem

2033 3651 2183 3696 Iuno
2212 3651 2331 3695 tcu.

2029 3651 2096 3696 ευ
2105 3651 2331 3713 ppncu.

2111 3891 2208 3953 1v.
2245 3889 2390 3954 Cum
2423 3891 2551 3952 haec
2573 3890 2660 3953 sic
2690 3892 3177 3974 ﬂerent,quidam
3201 3891 3552 3973 Eustratius,
3581 3893 3681 3973 qui

2027 3978 2397 4045 eratdncalis
2411 3979 2643 4042 ordinis
2656 3981 3071 4056 scrinarius,et
3088 4003 3160 4044 eo
3177 3991 3444 4064 tempore
3459 3983 3682 4065 primas

2029 4079 2225 4153 partes
2248 4071 2306 4131 in
2328 4087 2400 4131 eo
2426 4068 2753 4149 obtinebat,
2781 4073 2868 4133 vir
2884 4071 3018 4152 pius
3041 4082 3097 4134 et
3120 4075 3310 4135 Deum
3347 4073 3588 4154 timens,
3624 4080 3683 4134 et

2031 4162 2130 4245 qui
2155 4162 2327 4222 vitam
2358 4158 2566 4238 agebat
2598 4160 2747 4221 citra
2771 4159 2950 4222 ullam
2984 4161 3544 4241 reprehensionem,
3579 4181 3682 4224 an-

2031 4253 2280 4333 gebatur
2307 4250 2507 4312 animo
2542 4257 2788 4331 propter
2817 4269 2887 4312 ea
2931 4270 3064 4334 qua;
3109 4250 3332 4314 fiebant
3360 4251 3674 4333 quotidie:

2031 4340 2503 4424 suppliciterque
2557 4349 2614 4402 et
2675 4339 3096 4404 miserabiliter
3145 4341 3578 4404 vociferabatur
3604 4345 3677 4403 ad

2036 4431 2354 4496 Dominum
2413 4436 2685 4492 nostrum
2724 4431 2924 4494 Iesum
2958 4431 3283 4506 Christum,
3336 4431 3395 4492 in
3444 4431 3678 4512 jejunio

281 4541 482 4613 τερῶν,
518 4530 665 4593 ὅπως
725 4529 890 4595 ’ίλεως
940 4531 1163 4610 γένηται
1197 4541 1314 4592 τοῖς
1374 4526 1580 4591 δούλοις
1637 4525 1820 4600 αὐτοῦ,
1853 4527 1966 4590 καὶ]

2034 4539 2423 4613 perseverans
2467 4528 2524 4582 et
2576 4519 2870 4602 oratione,
2923 4530 2990 4585 ut
3019 4523 3309 4613 propitius
3362 4529 3522 4613 esset
3553 4521 3678 4582 suis

279 4625 565 4699 ἑπόψηται
635 4621 725 4676 τὸν
756 4618 886 4676 λαὸν
941 4619 1098 4676 αὐτού
1127 4617 1184 4673 ἐν
1242 4618 1481 4696 σωτηρίᾳ
1509 4618 1602 4674 καί
1649 4615 1940 4686 ἀνακλήσει

279 4717 391 4771 τῶν
439 4715 647 4785 κακῶν,
681 4709 928 4784 ἐπεθύμει
985 4707 1041 4765 δὲ
1098 4707 1275 4766 θέσθαι
1327 4709 1413 4765 καὶ
1463 4707 1624 4771 αὒτὸς
1683 4707 1775 4762 τὸν
1822 4705 1944 4762 ἴσον

279 4818 405 4869 τοῖς
458 4803 632 4879 ἁγίοις
687 4801 893 4879 ἀγῶνα,
944 4801 1034 4856 καὶ
1103 4797 1388 4864 ἀξιωθῆναι
1463 4804 1556 4854 τοῦ
1633 4795 1938 4875 μαρτυρίου·

280 4893 427 4950 ἀλλὰ
489 4892 588 4958 τὴν
646 4887 898 4957 ποικίλην
948 4887 1204 4964 ἀπειλὴν,
1251 4890 1338 4945 καὶ
1391 4887 1492 4954 τὴν
1547 4884 1946 4963 ἀνυπέρϐλητον

283 4984 583 5053 ἀπήνειαν,
613 4981 703 5036 καὶ
749 4981 846 5047 τὴν
879 4978 1269 5058 πολυμήχανον
1321 4979 1653 5045 κατασκευὴν
1699 4978 1796 5032 ’τσῦ
1845 4974 1942 5053 ἅρ-

285 5094 492 5153 χοντος
520 5067 793 5151 εφοϐεἷτο,
848 5068 1040 5143 ’Ὅμως
1082 5066 1373 5145 ἀπόπειραν
1406 5087 1521 5124 τινα
1576 5066 1670 5122 καί
1715 5063 1942 5139 δοκιμὴν

286 5151 540 5221 ἕποιεττο
626 5166 718 5217 τοῦ
773 5157 1126 5238 προκειμένου
1209 5160 1366 5216 αὐτοῦ
1449 5163 1650 5214 σκοποῦ
1710 5151 1938 5212 τοιάνδε.

289 5251 488 5310 Λαϐὼν
547 5249 649 5330 γαρ
701 5250 799 5318 τὴν
844 5249 1018 5320 ζώνην
1077 5247 1255 5326 αὐτοῦ,
1289 5243 1482 5302 δέδωκε
1517 5251 1596 5320 τῷ
1644 5244 1945 5316 πιστοτάτῳ

289 5345 452 5400 αὖτοῦ
521 5342 726 5416 οἰκέτῃ,
783 5339 872 5395 καὶ
920 5336 1192 5394 ἐκέλευσεν
1249 5335 1574 5410 ἀποκομίσαι
1617 5335 1816 5401 ταύτην
1872 5333 1944 5398 εἷς

284 5433 386 5502 τὴν
447 5431 866 5510 ’Λραυρακηνῶν
923 5425 1234 5500 ἒκκλησίαν,
1295 5423 1411 5481 ὅθεν
1469 5424 1558 5480 καὶ
1625 5422 1779 5488 αὐτὸς
1834 5421 1942 5510 ὥρ-

285 5545 460 5601 μητο,
515 5509 616 5582 καὶ,
663 5516 952 5575 ἀποθέσθαι
1011 5515 1064 5571 ἐν
1106 5522 1183 5589 τῷ
1248 5515 1622 5594 θυσιαστηρίῳ·
1676 5511 1835 5569 αὒτὸν
1891 5509 1946 5568 δὲ

283 5622 496 5687 τοῦτον,
545 5611 600 5667 ἐν
659 5617 735 5684 τῷ
798 5606 1048 5682 λεληθότι
1097 5605 1506 5681 κατακρύψαντα
1564 5604 1774 5682 ἑαυτὸν,
1837 5624 1943 5659 πα-

285 5702 667 5784 ραφυλάττειν·
717 5699 804 5756 καὶ
858 5699 902 5759 εἰ
963 5697 1058 5771 μὲν
1105 5692 1209 5757 ὶδοι
1272 5693 1543 5760 Αὖξὲντιόν
1596 5716 1714 5753 τινα
1771 5691 1952 5751 δοῦλον

2026 4615 2286 4687 famulis,
2323 4626 2379 4674 et
2411 4611 2742 4673 intueretur
2776 4613 3059 4694 populum
3095 4632 3266 4674 suum
3294 4612 3352 4674 in
3385 4611 3596 4686 salute,
3623 4619 3682 4672 et

2026 4707 2088 4769 in
2117 4704 2409 4768 malorum
2463 4700 2894 4765 consolatione.
2958 4702 3248 4784 Cupiebat
3305 4710 3504 4765 autem
3553 4701 3681 4784 ipse

2028 4813 2267 4877 quoque
2299 4791 2483 4866 idem,
2535 4790 2697 4872 quod
2757 4793 2972 4866 sancti,
3023 4792 3226 4855 subire
3255 4806 3590 4871 certamen,
3627 4801 3684 4853 et

2027 4885 2264 4966 assequi
2299 4879 2668 4963 martyrium,
2701 4881 2806 4944 sed
2843 4881 3034 4944 varias
3068 4883 3262 4943 minas
3311 4891 3372 4944 et
3399 4881 3680 4944 saevitiam

2028 4971 2522 5054 insuperabilem,
2547 4969 3060 5053 multiplicemque
3083 4971 3455 5035 molitionem
3484 4982 3541 5034 et
3565 4989 3685 5032 ma-

2027 5063 2429 5127 chinationem
2465 5060 2733 5142 praesidis
2794 5061 3275 5140 pertimescebat.
3323 5059 3428 5124 Sui
3484 5070 3682 5124 tamen

2028 5153 2268 5234 scopiet
2283 5149 2536 5214 instituti
2552 5149 3068 5232 periclinationem
3088 5151 3467 5216 faciebatltoc
3481 5151 3679 5215 modo:

2027 5263 2163 5306 nam
2190 5261 2324 5305 cum
2343 5259 2550 5303 zonam
2575 5259 2743 5302 suam
2767 5241 3297 5322 accepisset,dedit
3327 5241 3554 5305 famulo
3573 5261 3682 5304 suo

2027 5332 2404 5412 ﬁdelissimo,
2437 5339 2497 5393 et
2526 5328 2709 5410 jussit
2758 5349 2888 5392 eam
2945 5336 3181 5412 portare
3239 5331 3300 5394 in
3363 5331 3679 5395 ecclesiam

2027 5423 2655 5495 Arauracenorum,ex
2676 5439 2792 5501 qua
2813 5429 3270 5502 processerat,et
3289 5421 3350 5484 iu
3373 5441 3474 5485 ara
3497 5421 3684 5502 depo-

2031 5530 2211 5592 nere;
2240 5529 2376 5573 eum
2409 5511 2602 5592 ipsum
2625 5518 2850 5587 autem,
2879 5529 3014 5573 cum
3049 5529 3178 5574 eam
3202 5511 3457 5574 latenter
3486 5509 3686 5572 occul-

2032 5602 2266 5676 taverit,
2299 5617 2541 5662 servare
2577 5619 2592 5676 ;
2649 5605 2709 5663 et
2735 5599 2788 5662 si
2817 5600 3033 5664 viderit
3075 5599 3314 5682 quidem
3363 5597 3680 5682 quemdam

2036 5691 2400 5757 Auxentium
2432 5688 2538 5754 Dei
2559 5708 2825 5773 servum,
2857 5694 2950 5757 cui
2984 5692 3184 5757 ferunt
3215 5708 3423 5754 omnes
3449 5686 3682 5773 pietatis
