4132 6438
449 358 562 426 471

1764 355 2047 421 MENSIS
2089 349 2518 417 DEGEMBER.

3720 351 3838 420 472

447 493 882 574 testimonium,
905 490 1109 573 quieo
1137 497 1404 573 tempore
1434 498 1562 554 erat
1583 491 1894 574 presbyter
1921 492 2094 571 hujus

2191 495 2343 568 Θεοῦ,
2401 487 2874 568 μεμαρτυρημένον
2957 502 3074 558 τοῖς
3155 497 3316 550 πᾶσιν
3400 491 3487 553 ἰπ⁹
3570 494 3833 575 εὐλαϐείᾳ,

451 588 745 662 ecclesias,
784 587 1117 666 ingressum
1139 582 1212 644 ad
1244 583 1556 658 orandum,
1597 601 1724 645 eam
1756 584 2100 654 sustulisse,

2185 579 2531 659 πρεσϐύτερον
2585 587 2661 654 τῷ
2712 581 2832 638 τότε
2886 582 3068 661 χρόνῳ
3121 583 3435 664 ὑπάρχοντα
3480 591 3580 654 τῆς
3629 587 3835 656 ἔκκλη-

452 690 518 743 ut
548 679 762 742 habeat
789 693 1025 749 zonam,
1064 674 1286 746 sinere,
1319 680 1376 734 et
1405 671 1476 734 ad
1528 672 1720 753 ipsum
1764 674 2003 736 reverti.
2044 671 2094 736 Si

2189 690 2314 730 σιας
2370 669 2598 743 ταύτης,
2631 669 2932 728 εἰσελθόντα
2977 679 3070 729 106
3130 671 3369 738 εὔξασθαι
3422 675 3688 753 ἐπάραντα
3736 683 3838 739 αὑ-

450 771 670 848 aliquis
702 774 898 829 autem
931 763 1082 826 alius
1112 764 1226 824 hoc
1254 762 1450 836 faciat,
1487 779 1859 843 nequaquam
1895 763 1948 824 ei
1977 781 2108 844 per-

2186 759 2311 837 τὴν,
2369 759 2520 816 ἐᾶσαι
2567 758 2716 839 ἔχειν
2775 761 2876 828 τήν
2933 761 3109 831 ζώνην
3166 763 3253 819 καὶ
3309 763 3651 847 ἀναστρέφειν
3709 770 3839 846 πρὸς

451 860 712 932 mittere,
744 856 849 919 sed
880 872 1010 916 eam
1041 869 1250 913 zonam
1297 859 1598 931 repetere,
1653 852 1766 913 hoc
1801 852 1859 912 in
1910 860 2094 914 mente

2195 847 2377 904 αὐτόν’
2409 851 2452 906 εἰ
2483 848 2537 905 δὲ
2571 848 2746 929 ἕτερός
2798 871 2878 913 τις
2909 850 3064 908 10610
3109 866 3290 933 ποιεῖ,
3323 852 3584 930 μηδαμῶς
3615 879 3838 938 συγχω-

445 950 746 1030 judicans,
781 945 941 1022 quod
975 942 1025 1004 si
1061 940 1372 1030 presbyter
1405 959 1610 1003 zonam
1645 940 1978 1014 abstulerit,
2015 943 2106 1003 fu-

2193 951 2308 1014 ρεῖν
2379 939 2544 1012 αὑτῷ,
2621 939 2760 996 ἀλλὰ
2829 939 3249 999 ἀνακαλέσασθαι
3305 946 3450 1017 αὑτῷ
3507 946 3604 1012 τὴν
3675 947 3842 1005 αὑτῦν

452 1026 650 1101 turum
667 1037 744 1098 sit
767 1035 824 1095 id
845 1034 1111 1096 divinum
1136 1029 1454 1093 consilium
1479 1040 1533 1092 et
1559 1033 1929 1113 providentia
1974 1051 2094 1113 qua

2198 1026 2400 1104 ζώνην,
2447 1035 2603 1085 τοῦτο
2647 1030 2827 1105 κρίνας
2883 1028 2938 1084 ἐν
2981 1030 3048 1098 τῆ
3086 1028 3290 1104 διανοίᾳ
3341 1034 3435 1106 ὡς,
3465 1035 3512 1090 εἰ
3541 1036 3570 1090 ὁ
3611 1035 3842 1113 πρεσϐύ-

449 1127 746 1206 signiticet
783 1123 1022 1186 felicem
1053 1138 1401 1184 successum
1437 1122 1724 1201 martyrii,
1761 1123 1916 1202 quod
1952 1122 2106 1184 desi-

2195 1137 2348 1194 τερος
2411 1119 2758 1196 ἀπενέγκοιτο
2826 1119 2925 1186 τὴν
2998 1118 3192 1194 ξώντ,ν,
3267 1122 3569 1196 οἰκονομίαν
3636 1123 3841 1182 ἔσεσθαι

449 1219 639 1280 derat.
704 1214 810 1278 Sin
869 1231 1006 1276 vero
1061 1213 1175 1274 hoc
1221 1229 1341 1272 non
1393 1213 1679 1287 evenerit,
1713 1213 1937 1275 debere
1966 1233 2094 1275 eum

2182 1208 2375 1275 θεῒκὴν
2438 1209 2851 1284 προμηνύουσαν
2922 1210 3066 1282 αὑτῴ
3120 1211 3219 1278 τὴν
3272 1213 3366 1267 106
3422 1213 3842 1289 ἔπιθυμουμένου

444 1306 652 1380 latere,
688 1323 800 1367 nec
832 1302 1054 1366 audere
1083 1301 1173 1366 uti
1204 1298 1421 1363 fiducia
1447 1309 1507 1364 et
1535 1301 1774 1364 dicendi
1799 1302 2096 1367 libertate.

525 1575 598 1638 V.
631 1577 781 1638 Cum
802 1575 913 1637 hoc
935 1593 1075 1653 ergo
1095 1575 1311 1637 factum
1334 1581 1514 1645 esset,
1545 1581 1603 1634 et
1625 1573 1877 1636 famulus
1893 1577 2096 1657 paucis

445 1665 819 1748 postdiebus
850 1665 1212 1739 revertisset,
1270 1675 1331 1726 et.
1380 1662 1630 1725 dixisset
1681 1665 1837 1744 quod
1870 1683 1939 1728 ea
1969 1667 2096 1746 ipsa

448 1759 623 1829 hora,
658 1775 774 1838 qua
802 1773 1010 1817 zonam
1069 1754 1132 1815 in
1192 1771 1294 1815 ara
1351 1761 1648 1830 posuerat,
1707 1755 1859 1815 sicut
1893 1757 2097 1834 jussus

443 1847 660 1921 fuerat,
699 1843 1009 1925 presbyter
1057 1841 1408 1914 Auxentius,
1465 1849 1745 1922 tanquam
1789 1843 1863 1905 ab
1896 1845 2094 1925 aliquo

446 1937 687 2013 missus,
719 1936 1022 2012 ingressus
1071 1932 1148 1992 sit
1196 1930 1538 2007 ecclesiam,
1575 1939 1631 1992 et
1673 1951 1880 1994 zonam
1916 1953 2092 1996 acce-

443 2027 618 2107 perit.
659 2022 764 2084 His
800 2021 1037 2097 auditis,
1076 2022 1306 2084 laetatua
1335 2029 1430 2083 est
1456 2020 1543 2081 vir
1573 2021 1730 2101 pius,
1766 2029 1822 2084 et
1855 2042 1922 2084 ex
1951 2043 2094 2104 prae-

449 2115 598 2178 torio
629 2111 933 2193 accipiens
963 2129 1174 2173 omnes
1214 2129 1351 2173 suos
1378 2111 1602 2171 amicos
1633 2111 1777 2173 hora
1833 2114 2089 2192 prandii,

443 2205 602 2266 venit
629 2204 801 2265 laetus
835 2212 894 2264 et
925 2219 1200 2280 magnam
1255 2201 1450 2262 vultus
1474 2199 1860 2268 alacritatem.
1900 2222 2094 2284 quan-

443 2305 562 2358 tam
590 2311 892 2373 nunquam
925 2299 1118 2365 antea,
1155 2289 1482 2352 ostendens
1515 2291 1571 2350 in
1603 2291 1876 2352 convivio
1904 2310 1917 2354 :
1944 2293 2094 2354 adeo

440 2393 505 2447 ut
519 2382 1072 2466 propterinsuetum
1088 2381 1201 2443 hoc
1217 2379 1624 2460 spectaculum
1652 2381 2096 2445 adducerentur

440 2491 655 2537 omnes
681 2473 738 2533 in
759 2469 1321 2542 admirationem,et
1344 2468 1496 2529 scire
1513 2485 1747 2529 causam
1781 2470 1974 2546 magni
2005 2470 2094 2531 fa-

441 2570 676 2628 cerent.
711 2560 877 2624 Unus
905 2567 1101 2622 autem
1129 2560 1289 2620 exiis
1314 2559 1411 2638 qui
1437 2558 1611 2619 simul
1636 2559 2090 2640 accumbebant,

436 2651 852 2733 aatatejunior,
887 2651 1019 2730 ejus
1057 2649 1272 2710 Charus
1302 2649 1528 2710 amicus
1560 2655 1618 2710 et
1647 2649 1814 2724 civis,
1850 2651 2093 2712 nomine

438 2740 1030 2822 Eugenius,ﬁdenter
1043 2757 1177 2801 eum
1199 2739 1862 2819 [-ercunctatur,dicens
1896 2760 1908 2801 :
1935 2739 2094 2800 Nun-

437 2833 603 2915 quid,
629 2850 662 2892 o
695 2830 948 2892 maxime
979 2828 1266 2909 Eustrati,
1293 2836 1606 2908 propterea
1639 2827 1795 2908 quod
1828 2847 1858 2889 a
1888 2837 2090 2891 nostro

439 2920 690 3002 praeside
722 2920 782 2980 iu
809 2917 1132 2981 crastinum
1165 2917 1324 2979 diem
1354 2927 1496 2979 sunt
1524 2927 1744 2997 parata,
1777 2925 1832 2978 et
1856 2917 2091 2998 publice

434 3009 822 3093 producenda
851 3008 1050 3070 omnia
1085 3015 1519 3069 tormentorum
1566 3007 1962 3069 instrumenta
1988 3010 2090 3070 ad-

430 3119 638 3164 versus
661 3098 1308 3172 Christianos,accessit
1338 3097 1443 3160 tibi
1476 3098 1750 3176 profusus
1781 3097 1878 3160 hic
1896 3099 2075 3175 risus,
2099 3136 2139 3186 ο

2184 1300 2326 1370 αὑτῷ
2399 1299 2680 1374 μαρτυρίου
2751 1297 3054 1378 ἐπιτυχίανσ
3141 1301 3185 1356 εἰ
3243 1299 3299 1356 δὲ
3380 1303 3458 1377 μὴ
3533 1303 3838 1374 ἆπαντῆσοι

2181 1395 2359 1459 τοῠτο,
2423 1387 2565 1444 εἶναι
2625 1389 2780 1444 αὑτὸν
2851 1387 2905 1443 ἐν
2977 1395 3054 1462 τῷ
3115 1387 3361 1456 λεληθότι
3425 1392 3512 1448 καὶ
3567 1391 3837 1470 μηδαμῶς

2177 1474 2383 1551 τολμᾷν
2415 1476 2885 1555 παῤῥησιάζεσθαι.

2259 1564 2349 1624 Ε¹.
2421 1566 2715 1641 Γενομένου
2777 1567 2866 1624 οὖν
2927 1570 3112 1626 τούτου
3167 1572 3254 1627 καὶ
3317 1581 3412 1632 106
3482 1571 3668 1637 παιδὸς
3713 1570 3837 1648 μετ’

2179 1655 2363 1731 ὀλίγας
2447 1656 2654 1733 ἡμέρας
2740 1659 3168 1736 ὑποστρέψαντος
3253 1663 3340 1717 καὶ
3401 1660 3677 1740 εἰρηκότος
3759 1665 3840 1727 ὡς

2179 1742 2297 1802 κατ’
2359 1747 2524 1813 αὑτὴν
2552 1747 2652 1813 τὴν
2699 1746 2840 1826 ὥραν
2870 1754 2965 1804 τοῦ
3009 1750 3168 1807 αὑτὸν
3196 1751 3477 1807 τεθεινέναι
3528 1752 3628 1818 τὴν
3658 1755 3840 1824 ζώνην

2180 1835 2235 1890 ἐν
2284 1842 2358 1910 νῷ
2405 1837 2779 1915 θυσιαστηρίῳ,
2841 1837 3016 1902 καθὼς
3079 1839 3496 1922 προσετέτακτο,
3527 1843 3619 1898 τὸν
3671 1864 3845 1921 πριαι-

2178 1923 2392 2004 ϐύτερον
2451 1925 2748 2005 Αιῖιζέντιον,
2805 1927 2987 2004 ὥσπερ
3047 1926 3101 1992 ἐξ
3158 1927 3460 1996 ἄποστολῆς
3515 1952 3656 1997 τινος⁸
3718 1935 3844 1990 εἰσ-

2177 2013 2486 2080 εληλυθέναι
2545 2017 2620 2079 εἰς
2695 2019 2796 2082 τὴν
2871 2015 3164 2084 ἐκκλησίαν
3233 2020 3321 2075 ut
3391 2019 3664 2086 εἰληφέναι
3733 2024 3843 2091 την

2175 2105 2372 2184 ζώνην,
2436 2105 2664 2170 ἀκούσας
2750 2107 2920 2162 ταῦτα
2987 2108 3161 2186 ἱχάρη
3247 2111 3275 2164 ὁ
3345 2110 3594 2177 θεοσεϐὴς
3677 2111 3842 2179 οὗτος

2177 2195 2332 2274 ἀνὴρ,
2381 2196 2468 2251 καὶ
2524 2192 2703 2251 λαϐὼν
2759 2195 2866 2252 ἀπὸ
2924 2203 3018 2254 τοῦ
3064 2199 3388 2276 Πραιτωρίου
3448 2222 3648 2266 παντας
3707 2204 3841 2269 τοὺς

2177 2285 2357 2362 φίλους
2408 2288 2566 2344 αὑτοῦ
2597 2284 2651 2340 ἒν
2705 2285 2774 2353 τῆ
2817 2284 2930 2364 ὥρᾴ
2983 2286 3077 2344 106
3133 2286 3364 2366 ἀρίστου,
3399 2287 3558 2355 ἦλθεν
3608 2291 3837 2371 εὔφραι-

2177 2376 2423 2454 νόμενος,
2484 2375 2571 2431 καὶ
2628 2373 2837 2445 πολλήν
2894 2397 3010 2432 τινα
3061 2377 3138 2451 τῷ
3195 2382 3466 2454 προσώπῳ
3538 2381 3698 2438 αὑτοῦ
3754 2385 3837 2446 ὡς

2177 2467 2236 2522 o6
2292 2465 2512 2522 πιῑύποτε
2557 2461 2750 2522 ἄλλοτε
2795 2465 2895 2532 τὴν
2923 2463 3248 2544 φαιδρότητα
3291 2466 3714 2544 ἐπιδεικνύμενος
3773 2473 3835 2529 ὲν

2174 2562 2252 2629 τῷ
2296 2576 2598 2630 συμποσιῳ,
2648 2554 2784 2611 ὥστε
2834 2553 2918 2611 ἐπὶ
2971 2560 3049 2628 τῷ
3092 2557 3336 2627 ἀσυνήθει
3380 2559 3551 2633 τούτῳ
3605 2561 3834 2636 θεάματι

2176 2653 2270 2704 τοῦ
2339 2643 2522 2721 ἄνδρὸς
2608 2642 2886 2714 ξεθίζεσθαι
2970 2645 3175 2708 πάντας
3247 2648 3336 2702 καὶ
3426 2650 3544 2727 περὶ
3628 2650 3832 2711 πολλοῦ

2175 2737 2445 2791 ποιεῖσθαι
2522 2735 2806 2809 μανθάνειν
2875 2734 2974 2800 τὴν
3045 2735 3238 2795 αἰτίαν.
3317 2737 3416 2803 Εἷς
3473 2735 3527 2794 δέ
3584 2760 3664 2802 τις
3721 2747 3832 2799 τῶν

2175 2824 2658 2898 συνανακειμένων,
2737 2823 2994 2902 νεώτερος
3075 2825 3177 2892 τὴν
3257 2824 3472 2894 ἡλικίαν
3542 2829 3826 2910 ὑπάρχων,

2174 2915 2310 2972 πάνυ
2368 2913 2516 2994 φίλος
2581 2913 2740 2970 αὑτοῦ
2812 2917 2908 2970 καί
2963 2913 3322 2992 συμπολίτης,
3397 2917 3642 2994 Εὑγὲνιος
3700 2923 3829 2978 τού-

2175 3027 2334 3080 νομα,
2391 3002 2656 3084 θαρρήσας
2705 3004 3023 3062 πυνθάνεσαι
3096 3005 3226 3083 παρ’
3287 3010 3445 3066 αὑτοῦ
3497 3007 3697 3084 λέγων·
3741 3012 3828 3078 Μή

2169 3116 2250 3172 τι,
2305 3092 2523 3170 μέγιστε
2590 3093 2900 3170 Εὑστράτιε,
2964 3091 3048 3149 δια
3119 3096 3181 3150 τὸ
3256 3097 3650 3176 προστετάχθαι
3728 3099 3830 3154 ὑπὸ

434 3199 498 3254 ut
525 3192 626 3273 qui
650 3209 720 3252 ex
743 3208 815 3252 eo
835 3206 1045 3270 speres
1061 3187 1284 3267 aliquid
1307 3187 1532 3250 lucrari
1555 3187 1584 3246 ἱ)
1601 3187 1728 3248 Ηοο
1749 3204 1892 3249 vero
1908 3190 2073 3265 dixit,

2179 3191 2252 3242 τοῦ
2323 3182 2555 3262 ἄρχοντο
2632 3183 2788 3256 ἡμῶν
2874 3181 3272 3260 εὑτρεπισθῆναι
3344 3185 3418 3247 εἰς
3474 3206 3574 3250 την
3650 3184 3826 3259 αὔριον

426 3269 740 3364 propterea
768 3269 926 3360 quod
958 3278 1019 3338 in
1049 3277 1216 3340 illum
1254 3295 1474 3338 annum
1527 3285 1686 3338 esset
1737 3277 1865 3357 ipse
1893 3279 2077 3340 Com-

2179 3272 2424 3348 ἲημοσίαν
2508 3269 2733 3346 πρόοδον
2815 3270 2992 3326 πάντα
3079 3272 3144 3327 τὰ
3217 3272 3319 3329 τῶν
3401 3273 3826 3351 βασανιστηρίων

425 3359 870 3434 mentariensis.
891 3367 1147 3430 Sanctus
1168 3380 1367 3428 autem
1387 3367 1699 3447 respondit
1715 3365 2072 3430 Eustratius:

2179 3363 2360 3442 ἲργάνα
2410 3360 2547 3416 κατὰ
2578 3366 2684 3416 τῶν
2731 3365 3080 3438 Χριστιανῶν,
3118 3362 3153 3426 ἡ
3209 3359 3428 3426 τοιαύτη
3473 3367 3566 3418 106
3607 3361 3823 3438 μειδιά-

424 3464 612 3524 Recte
643 3456 1280 3532 existimasti,oamice.
1315 3455 1502 3536 Spero
1521 3457 1678 3519 enim
1709 3475 1819 3537 ego
1843 3477 2077 3540 quoque

2179 3473 2331 3513 ιανος
2389 3448 2663 3523 φιλοτιμία
2717 3448 3008 3526 προσετέθη
3072 3469 3179 3526 σοι,
3226 3447 3487 3526 κερδαίνεν
3537 3472 3588 3506 τι
3643 3474 3817 3527 προσ-

430 3549 530 3612 die
562 3546 834 3630 sequenti
870 3563 942 3608 ex
975 3546 1084 3608 bac
1113 3563 1179 3607 re
1227 3535 1514 3623 consequi
1545 3535 1941 3626 thesaurium,
1978 3535 2077 3630 qui

2179 3541 2436 3614 ἲοκῶντις
2501 3539 2636 3595 Εῖπε
2695 3537 2750 3593 δὲ
2805 3543 2960 3594 τοῦτο
2991 3535 3073 3593 διὰ
3119 3539 3181 3594 τὸ
3211 3539 3284 3604 εἰς
3334 3537 3542 3596 ἐκεῖνον
3571 3541 3664 3597 τὸν
3707 3542 3823 3598 ἐνι-

427 3622 800 3703 ειιίοπίἰιοη
835 3643 1050 3718 potest.
1083 3633 1368 3717 Sequenti
1423 3622 1563 3698 vero
1618 3638 1716 3700 die
1765 3622 2080 3720 Lysias,'ei

2179 3633 2318 3690 >υτὸν
2371 3629 2796 3705 κομενταρήσιον
2854 3627 3010 3685 αὑτὸ)
3081 3628 3366 3708 ὑπάρχειν,
3442 3622 3501 3687 Ὅ
3548 3628 3599 3687 δὲ
3668 3632 3821 3707 ἅγιος

427 3737 629 3795 erecto
659 3715 894 3792 excelso
923 3715 1210 3788 tribunali
1233 3726 1294 3788 in
1316 3726 1512 3789 media
1530 3726 1764 3790 civitate
1795 3715 1852 3790 in
1877 3715 2081 3808 signo-

2179 3719 2488 3800 Εὑστροίτιος
2561 3716 2892 3808 ,ἀπεκρίνατο
2932 3734 2945 3748 ·
3035 3715 3224 3781 Καλῶς
3306 3716 3590 3794 ὑπέλαϐες,
3677 3722 3818 3803 φίλε.

426 3821 629 3890 stasio,
639 3818 815 3898 jussit
845 3833 1077 3892 omnes,
1105 3816 1208 3895 qui
1239 3824 1405 3878 erant
1437 3818 1496 3878 in
1530 3818 2084 3899 custodiaproduci

2179 3814 2268 3871 Καὶ
2325 3812 2425 3888 γὰρ
2492 3807 2787 3882 ἐκδέψομπιι
2859 3807 3207 3887 ἀναφαιρετον
3273 3811 3536 3887 Θησαυρὸν
3586 3811 3646 3867 ἐκ
3720 3818 3821 3880 τῆς

427 3919 494 3974 ut
522 3895 1060 3988 interrogarentur.
1095 3905 1348 3968 Sanctus
1370 3915 1567 3968 autem
1596 3895 1929 3970 Eustratius
1953 3929 2085 3991 pro-

2179 3901 2421 3966 τοιαύτης
2478 3896 2680 3991 χρείας.
2728 3897 2882 3973 κάγὼ
2938 3902 3007 3972 τῇ
3071 3895 3194 3964 ὶξῆς
3254 3897 3582 3975 πορίσασθαι.
3647 3909 3724 3978 Τῇ
3767 3901 3824 3959 δὲ

427 4002 619 4063 fectus
647 4001 706 4061 in
739 3986 1067 4072 carcerem,
1099 3997 1324 4077 rogavit
1353 4015 1564 4059 omnes
1594 4007 1856 4078 sanctos,
1878 3986 2079 4080 ut'pro

2179 3993 2415 4060 ἐπαύριον
2466 3989 2493 4044 ὀ
2553 3986 2770 4062 Λυσίας,
2815 3987 3060 4062 βήματος
3120 3989 3261 4062 αὑτῷ
3315 3988 3562 4067 ἀρθέντος
3618 3991 3830 4068 ὑψηλοῦ

429 4108 500 4152 eo
532 4097 793 4150 orarent.
831 4086 987 4150 Dixit
1019 4075 1204 4165 enim,
1261 4105 1325 4149 se
1356 4086 1458 4148 illo
1491 4085 1586 4148 die
1612 4075 1874 4149 futurum
1922 4075 2082 4169 paris

2179 4085 2216 4137 ἐν
2277 4081 2425 4156 μέσῳ
2486 4081 2585 4144 τῆ)
2641 4076 2854 4141 πόλεως
2898 4075 2950 4131 ἐν
2984 4078 3061 4151 τῷ
3119 4079 3492 4153 σιγνοστασίῳ,
3541 4082 3830 4160 προσέταξε

429 4181 656 4242 socium
690 4179 1061 4241 certaminis.
1095 4178 1238 4239 Cum
1285 4195 1496 4238 omnes
1535 4189 1734 4238 autem
1786 4165 2076 4254 orassent,

2179 4173 2284 4235 τοὺς
2346 4169 2500 4264 ἐν,τῇ
2542 4171 2739 4264 ιρρουρᾷ
2798 4165 3036 4264 ἃπαντας
3097 4165 3330 4264 ἆχιθῆναι
3387 4171 3518 4248 πρὸς
3560 4172 3661 4238 τὴν
3692 4171 3830 4250 ἐρώ-

425 4279 483 4332 et
514 4286 704 4349 genua
734 4268 1071 4342 flexissent,
1095 4275 1150 4329 et
1179 4275 1512 4329 extremum
1545 4273 1732 4328 Amen
1766 4267 2075 4344 dixissent,

2179 4281 2341 4329 εησιν,
2422 4254 2479 4315 Ὀ
2541 4254 2596 4311 δὲ
2670 4255 2988 4331 Εὑστράτιος
3057 4255 3300 4313 ἀπελθὼν
3358 4257 3412 4313 ἐν
3617 4263 3830 4340 φυλακῇ

425 4345 616 4422 secuti
640 4364 1064 4420 suntsanctum
1091 4356 1484 4436 Eustratium,
1521 4374 1654 4417 cum
1680 4374 1779 4417 eos
1809 4364 2084 4420 tenerent

2179 4346 2468 4430 παρεχάλει
2526 4345 2729 4408 πάντας
2759 4345 2879 4409 τοὺς
2949 4345 3114 4422 ἁγίως
3173 4345 3422 4427 εὔχεσθαι
3451 4349 3580 4428 ὑπὲρ
3647 4351 3828 4421 αὐτου,

425 4449 668 4512 milites,
1470 4434 1478 4436 “
2165 4445 2375 4520 Ἔφησε
2452 4436 2552 4514 γὰρ
2615 4435 2700 4491 καὶ
2762 4435 2916 4498 αὑτὸς
2990 4434 3112 4492 κατ’
3182 4436 3389 4506 ἐκείνην
3461 4461 3554 4507 την
3623 4440 3830 4516 ἡμέραν

425 4540 678 4620 μετέχειν
751 4546 844 4596 106
888 4536 1011 4596 ἴσου
1058 4541 1243 4601 αὐτοῖς
1287 4537 1514 4616 ἀγῶνος,
1583 4537 1679 4594 Καὶ
1750 4536 2022 4611 εὐξάμενοι
2099 4537 2312 4610 πάντες,
2371 4527 2460 4584 καὶ
2528 4525 2851 4593 ποιήσαντες
2923 4524 3285 4602 γονυκλισίαν,
3359 4529 3449 4585 καὶ
3519 4527 3828 4596 τελέσαντες

421 4633 484 4687 τὸ
515 4629 712 4704 Ἀμὴν,
748 4627 1121 4695 ἠκολούθησαν
1164 4634 1240 4701 τῷ
1271 4627 1404 4705 ἁγίῳ
1439 4627 1761 4702 Εὑστρατίῳ,
1794 4627 2152 4706 κατεχόμενοι
2182 4623 2284 4681 ὑπὸ
2312 4625 2420 4676 τῶν
2448 4620 2809 4694 στρατιωτῶν.

504 4702 607 4784 Vl.
642 4719 790 4781 Cum
825 4724 1023 4779 autem
1058 4716 1298 4791 cohors,
1321 4702 1404 4778 tut
1435 4724 1844 4789 consueverat,
1892 4702 2083 4778 adsti-

2249 4711 2356 4788 g".
2403 4711 2512 4776 Τῆς
2546 4703 2601 4760 δὲ
2644 4702 2841 4769 τάξεως
2897 4706 3033 4762 κατὰ
3062 4706 3159 4774 τήν
3208 4708 3452 4764 εἰωθυῖαν
3511 4710 3826 4766 ἀκολουθίαν

422 4811 595 4873 tisset
624 4815 762 4869 ante
789 4807 1079 4888 judicem,
1107 4807 1286 4886 jussit
1310 4804 1509 4887 Lysias
1539 4803 1838 4882 sigillatim
1869 4806 2085 4868 adduci

2179 4799 2517 4883 παραστάσης
2591 4801 2688 4888 τῷΔ
2725 4793 3014 4888 δικάζοντι,
3074 4799 3101 4852 ὁ
3175 4800 3364 4858 Λυσίας
3422 4797 3662 4875 πρώτους
3719 4797 3823 4866 ἤδη

423 4901 495 4962 ad
515 4916 688 4961 suum
709 4881 965 4959 tribunal
983 4881 1218 4974 eos,qui
1245 4881 1410 4976 prius
1441 4881 1680 4955 fuerant
1701 4894 2077 4972 interrogati.

2179 4881 2257 4951 cui
2305 4887 2525 4969 πρώτην
2598 4881 2858 4961 ἐρώτησιν
2931 4882 3264 4958 δεξαμένους.
3333 4889 3646 4965 Εὑστράτιος
3713 4899 3825 4946 Κο-

419 4987 760 5050 E‘ustratius
782 4985 930 5047 dixit
959 4971 1580 5050 Commentariensis:
1615 4983 1850 5045 Litteris
1898 4971 2081 5065 impe-

2179 4981 2520 5059 ιενταρήσιος
2569 4977 2745 5030 εἶπεν·
2813 4971 3102 5029 Συλλαϐῶν
3159 4973 3456 5050 βασιλικῶν
3496 4979 3641 5042 αὖθις
3700 4977 3827 5035 ἀνα-

418 5078 663 5141 ratoriis
684 5075 878 5158 pridie
899 5093 1107 5137 rursus
1140 5074 1312 5136 lectis
1343 5076 1403 5136 in
1431 5071 1681 5154 judicio,
1716 5092 1844 5153 quas
1876 5062 2081 5136 decer-

2179 5074 2494 5153 (νωσθεισῶν
2548 5070 2616 5136 τῇ
2665 5062 2948 5158 προτεραίᾳ
3000 5062 3093 5118 ἐπὶ
3142 5065 3234 5121 106
3302 5062 3669 5148 δικαστηρίου,
3717 5076 3827 5125 τῶν

422 5169 664 5242 nebant,
685 5152 767 5228 'ut
797 5182 1006 5226 omnes
1037 5163 1138 5245 qui
1171 5163 1393 5245 ubique
1425 5152 1890 5225 inveniebantur
1910 5165 2079 5226 Chri-

2179 5152 2522 5233 lEO‘lttCOUO'GW
2579 5154 2701 5216 τοὺς
2746 5152 3038 5232 ἅπανταχῆ
3113 5155 3509 5230 εὑρισκομένους
3567 5164 3828 5236 Χριστια-

419 5257 618 5332 stiani,
650 5238 1072 5335 cujuscunque
1099 5238 1313 5315 essent“
1345 5253 1669 5334 dignitatis,
1710 5254 1936 5334 judicio
1983 5264 2079 5318 tuo

2179 5255 2282 5315 οοὺς
2358 5248 2556 5308 πάντας
2621 5241 2740 5305 οἵας
2787 5238 3050 5306 δηποτοῦν
3108 5241 3251 5308 ἀξίας
3301 5245 3638 5326 ὑπάρχοντας
3697 5247 3828 5304 συλ.

421 5346 882 5427 subjicerentur,
918 5345 1272 5414 Auxentius,
1333 5345 1435 5425 qui
1495 5343 1638 5405 olim
1700 5343 1941 5424 quidem
1981 5345 2087 5415 fuit

418 5437 632 5515 opibus
663 5443 722 5496 et
751 5433 866 5496 vita
897 5442 1028 5496 acta
1074 5433 1348 5516 insignis,
1400 5433 1708 5516 probatior
1767 5442 1965 5495 autem
2027 5445 2083 5497 et

419 5526 686 5588 ornatior
717 5544 787 5587 ex
819 5543 888 5586 ea
917 5543 1046 5605 quas
1074 5543 1235 5588 nunc
1268 5531 1322 5586 ei
1354 5525 1592 5586 inventa
1622 5531 1716 5586 est
1768 5526 2079 5602 generosi-

423 5622 541 5676 tate
571 5623 629 5678 et
656 5614 839 5678 animi
876 5615 1250 5694 fortitudine,
1281 5623 1346 5678 ut
1377 5615 1480 5695 qui
1511 5614 1588 5675 sit
1625 5619 1831 5676 servus
1863 5614 2083 5676 Christi

424 5703 605 5786 Regis
633 5705 917 5786 caelestis,
942 5705 1144 5788 paucis
1176 5704 1269 5766 his
1299 5713 1438 5768 ante
1466 5702 1679 5768 diebus
1710 5702 1996 5768 assistens
2019 5703 2078 5766 in

2166 5339 2462 5421 ληφθέντας
2537 5337 2606 5408 τῇ
2677 5335 2783 5421 σῇ,
2829 5331 3136 5410 ὑπαχθῆναι
3207 5334 3396 5414 κρίσει,
3461 5335 3732 5402 Αὑξέντιος
3802 5339 3832 5395 δ

2171 5418 2335 5491 πάλαι
2383 5426 2481 5503 μὲν
2541 5418 2832 5498 περιφανὴς
2892 5421 3034 5500 τύχῃ
3081 5423 3166 5479 καὶ
3219 5424 3480 5501 πολινείᾳ,
3541 5424 3834 5500 εὗδοιιιμω.

2167 5522 2316 5601 τερός
2372 5539 2431 5573 τε
2497 5512 2584 5569 καὶ
2645 5508 3007 5588 κοσμιώτερος
3069 5512 3128 5569 ἐκ
3185 5518 3284 5581 τῆς
3345 5517 3453 5572 νδνί
3523 5515 3825 5593 εὑρεθείσης

2164 5598 2306 5683 αὒξῷ
2385 5600 2788 5685 γενναιότητος.
2850 5598 2942 5656 ἅτε
3024 5611 3117 5660 106
3174 5606 3481 5683 knoupzvlou
3560 5604 3828 5680 βασιλέως

2165 5704 2389 5784 Χριστοῦ
2439 5689 2621 5755 δοῦλος
2694 5690 2972 5771 ὑπάρχων,
3009 5695 3112 5772 πρὸ
3169 5693 3364 5773 ὀλίγων
3421 5696 3618 5753 τούτων
3675 5697 3825 5778 ἡμι-
