4132 6416
439 332 555 408 475
1338 341 1374 398 ν’
1736 349 2018 423 MENSIS

2147 346 2510 424 ECEMBER.
3713 360 3831 430 476

435 491 696 549 vaterem
745 497 806 550 et
835 481 1178 568 Dominum,
1215 496 1273 553 et
1303 488 1593 553 universae
1621 497 1836 553 creatae
1865 501 2063 556 natura

2147 497 2334 572 ιδμεϊς
2380 497 2426 552 οἱ
2491 488 2899 567 κακοδαιμονίας
2955 489 3243 569 ἆνᾶμεστοι
3280 511 3296 573 ;
3329 492 3674 572 Ἐὖστράτιος
3737 497 3827 554 εἴ..

434 577 733 656 Opificem,
767 581 870 660 qui
900 591 992 644 est
1041 600 1172 644 cum
1206 580 1383 642 Patre
1415 591 1556 642 ante
1589 581 1828 660 saecula,
1865 589 1925 643 et
1951 581 2063 644 ine]

2186 607 2282 642 πεν
2317 602 2332 618 ⁸
2399 583 2466 643 E’t'
2518 605 2601 639 σοι
2660 583 2727 639 τὰ
2783 583 3098 657 αἰσθητήρια
3161 590 3266 640 τῶν
3323 589 3526 663 φρενῶν
3585 585 3664 660 μὴ
3722 586 3824 656 ἡλ-

432 664 595 728 fabili
666 671 960 751 sapientia
1023 689 1129 753 per
1180 671 1725 752 regenerationem,
1790 671 2063 733 suscitavi

2183 673 2396 747 λυίωτο,
2445 674 2531 732 καὶ
2574 678 2651 746 τῷ
2692 678 2797 729 τῶν
2844 675 3024 730 παθῶν
3069 674 3334 754 φυράματι
3399 674 3477 751 μῆ
3534 679 3826 750 μετεσκεύ-

435 763 699 842 nostram
735 761 1272 824 mortificationem.

2180 784 2310 821 αστο
2366 764 2495 842 πρὸς
2540 765 2601 817 τὸ
2643 759 2841 840 γεῶδες
2883 763 2918 828 ³η
2955 764 3110 842 ψυχή
3155 785 3270 838 σου,
3306 761 3473 830 ἔδειξα
3516 762 3579 820 ἄν
3623 787 3706 824 σοι
3736 768 3826 825 τὸν

435 836 830 928 ἐσταυρωμένον
883 860 1086 926 τοῦτον,
1165 858 1390 931 Σωτῆρα
1462 855 1548 911 καὶ
1623 854 1813 932 Κύριον
1888 852 2162 928 ἀληθινὸν,
2217 855 2302 909 καὶ
2350 853 2527 920 πάσης
2601 853 2818 913 κτίσεως
2881 851 3200 933 δημιουργὸν
3259 853 3404 929 ὄντα,
3454 855 3555 932 πρὸ
3621 856 3824 914 αἰώνων

433 941 836 1019 συνῡπάρχοντκ
880 949 954 1016 τῷ
985 943 1166 1019 Πατρί.
1197 950 1292 998 καί
1323 945 1477 1023 σοφίᾳ
1508 942 1720 1021 ἀρρήτῳ
1749 941 1832 998 διὰ
1866 943 1962 1012 τῆς
1995 941 2401 1022 παλιγγενεσίας
2431 944 2532 1010 τὴν
2561 940 2824 1020 ἡμετέραν
2869 941 3207 1020 ἀνεγείραντα
3237 943 3517 1024 νέκρωσιν,

514 1027 669 1092 VIII.
691 1030 836 1091 Cum
860 1042 1057 1092 autem
1080 1030 1256 1096 vellet
1278 1032 1473 1095 adhuc
1497 1041 1737 1096 sanctus
1767 1041 2063 1095 contexert

2256 1032 2339 1093 H'.
2405 1033 2524 1090 ’Ἔτι
2597 1031 2651 1087 δὲ
2712 1033 2802 1088 τὸν
2874 1031 3037 1110 λόγον
3095 1034 3347 1112 συνείρειν
3403 1033 3673 1099 ἐθέλοντος
3736 1043 3827 1094 τοῦ

431 1125 783 1195 orationem,
830 1120 1276 1203 interrumpens
1333 1123 1482 1185 dixit
1530 1123 1646 1185 dux
1702 1123 2027 1185 sceleratus

2167 1125 2338 1203 ἁγίου,
2400 1123 2636 1198 ἒκκόψας
2697 1123 2724 1177 ὃ
2786 1124 2974 1197 μιαρὸς
3018 1121 3134 1189 δοὺξ
3179 1124 3334 1180 εἶπεν
3372 1143 3384 1158 ’
3452 1127 3826 1205 Βασταχθήτω

427 1207 693 1271 Funibus
724 1210 782 1272 in
814 1229 1014 1274 aerem
1045 1211 1268 1274 feratur
1299 1213 1396 1275 hic
1426 1216 1514 1274 vir
1533 1232 1886 1293 generosus:
1924 1213 2063 1294 igni:

2164 1229 2281 1280 τοῖς
2342 1214 2603 1293 σχοινίοις
2647 1213 2719 1277 εἰς
2763 1215 2854 1268 τὸν
2899 1213 3027 1290 ἀέρα
3070 1216 3097 1269 ὁ
3157 1213 3410 1292 γεννάδας
3475 1214 3628 1282 οὗτος
3658 1230 3672 1244 ⁸
3709 1215 3824 1272 σώ-

425 1306 622 1361 autem
643 1301 962 1381 congeries
987 1321 1240 1365 accensa
1293 1303 1679 1365 admoveatur
1709 1305 1839 1384 ejus
1872 1313 2079 1384 pecto-

425 1388 592 1451 ribus
619 1390 691 1451 ad
747 1390 881 1468 hoc,
919 1401 980 1452 ut
1037 1392 1488 1455 comburantur.
1548 1393 1744 1473 Supra
1794 1393 2076 1456 humeros

423 1496 564 1541 vero
589 1479 904 1560 ttipliciter
958 1501 1076 1543 uno
1107 1483 1331 1562 impetu
1384 1483 1565 1562 virgis
1609 1482 1980 1556 verberetur,
2014 1491 2074 1545 ut

426 1569 699 1632 oratione
748 1571 1058 1634 nobiscum
1091 1571 1358 1634 decertet
1389 1573 1743 1652 elegantius.
1781 1574 1927 1636 Cum
1962 1573 2073 1635 hoc

426 1665 625 1720 autem
647 1658 867 1720 factum
901 1670 1078 1735 esset,
1117 1669 1176 1723 et
1201 1661 1402 1725 multis
1425 1663 1590 1724 horis
1625 1662 1813 1724 sancti
1839 1663 2074 1725 inferne

428 1747 660 1810 viscera
678 1756 736 1810 et
752 1758 963 1811 venter
980 1751 1052 1812 ab
1077 1752 1215 1830 igne
1237 1751 1530 1813 substrata
1546 1751 2068 1831 comburerentur,

429 1845 488 1898 et
517 1837 928 1900 acerbissimis
959 1840 1145 1920 plagis
1177 1842 1306 1919 ejus
1331 1849 1558 1918 tergum
1597 1840 1778 1920 virgis
1810 1843 2076 1920 flagella-

426 1934 614 2000 retur,
645 1927 807 1990 nulla
859 1945 968 1992 vox
1029 1929 1470 1992 emittebatur:
1531 1931 1633 1993 sed
1699 1950 1892 2012 neque
1954 1933 2072 1995 ulla

432 2015 620 2077 vultus
671 2017 995 2098 apparebat
1044 2021 1315 2096 mutatio,
1374 2021 1661 2101 cernique
1733 2029 1964 2101 poterat
2016 2033 2074 2085 et

2165 1325 2328 1382 ρευμα
2388 1302 2443 1359 δὲ
2501 1303 2662 1378 πυρὸς
2720 1303 3091 1382 ὑφαπτόμενον
3149 1307 3306 1362 αἶ)τοῦ
3359 1306 3435 1368 εἰς
3502 1304 3568 1361 τὰ
3635 1304 3826 1384 στέρνα

2162 1393 2372 1474 έχέσθω
2431 1395 2500 1458 εἰς
2555 1393 2617 1447 τὸ
2677 1391 3013 1470 φλέγεσθαι·
3085 1391 3303 1470 ὕπερθεν
3385 1392 3438 1450 δέ
3497 1399 3604 1452 τῶν
3660 1394 3825 1470 ὤμων

2157 1489 2323 1562 τριχῆ
2365 1481 2418 1538 ἐν
2486 1486 2584 1557 μιᾷ
2627 1487 2760 1560 φορᾷ
2803 1480 3012 1559 ῥάϐδοις
3061 1481 3362 1560 τυπτέσθω,
3409 1482 3553 1549 ὅπως
3597 1489 3820 1560 κομψο-

2157 1573 2312 1651 τέραν
2358 1572 2456 1638 τὴν
2488 1573 2621 1647 πρὸς
2651 1574 2792 1639 ἡμᾶς
2821 1571 2874 1627 ἐν
2926 1584 3046 1636 τοῖς
3087 1570 3270 1650 λόγοις
3317 1575 3611 1643 ποιήσηται
3645 1573 3810 1648 ἅμιλ-

2157 1661 2274 1722 λαν.
2337 1661 2630 1736 Γενομένου
2691 1660 2745 1715 δὲ
2803 1662 2986 1718 τούτου
3018 1661 3114 1717 καὶ
3147 1662 3202 1717 ἐν
3231 1660 3466 1724 πολλαῖς
3497 1674 3620 1726 ταῖς
3650 1661 3814 1741 ὥραις

2159 1761 2250 1810 τοῦ
2303 1751 2454 1828 ἁγίου
2525 1750 2757 1806 κάτωθεν
2816 1751 2882 1806 τὰ
2940 1750 3232 1831 σπλάγχνα
3306 1754 3392 1808 καὶ
3452 1753 3551 1819 τὴν
3607 1751 3816 1810 κοιλίαν

2157 1842 2257 1897 ὑπὸ
2304 1850 2391 1899 τοῦ
2463 1839 2890 1916 ὁποστρωθέντος
2969 1842 3132 1917 πυρὸς
3208 1841 3527 1916 καιομένου,
3583 1842 3815 1918 καιρίαις

2156 1928 2209 1985 δὲ
2266 1929 2456 2005 βολαῖς
2487 1931 2579 1984 τὸν
2623 1935 2788 1985 νῶτον
2818 1942 2940 1992 ταῖς
2977 1927 3185 2006 ῥάϐδοις
3241 1932 3656 2007 μαστιγομένου,
3692 1929 3811 1988 οὐδὲ

2158 2022 2251 2096 μία
2310 2018 2649 2088 ἀνεπέμπετο
2692 2019 2844 2096 φωνή
2886 2039 2896 2051 °
2959 2019 3080 2075 ἀλλ’
3127 2020 3242 2077 οὔτε
3286 2019 3568 2085 ἀλλοίωσίς
3613 2043 3692 2084 τις
3736 2026 3815 2095 τῷ

423 2125 532 2168 con
535 2091 832 2185 jici,q'u'od
858 2107 916 2169 in
936 2109 1130 2171 alieno
1150 2091 1402 2191 corpore
1425 2091 1667 2173 subibat
1685 2091 2063 2192 supplicium.

2159 2112 2429 2187 προσώπῳ
2514 2110 2671 2166 αὐτοῦ
2751 2109 3017 2189 ἐφαίνετο,
3093 2112 3180 2167 καὶ
3261 2112 3328 2179 ἦν
3397 2116 3662 2191 θεωρῆσαι
3726 2113 3816 2168 καὶ

421 2194 747 2276 Propterea
777 2197 1220 2278 obstupefactus
1246 2200 1578 2263 sceleratus
1603 2201 1915 2281 jndex,vix
1950 2209 2063 2264 tan-

2157 2201 2385 2273 εἰκάσαι,
2459 2203 2536 2263 ὡς
2595 2199 2650 2255 ἐν
2710 2198 2972 2275 ἀλλοτρίῳ
3031 2207 3106 2274 τῷ
3157 2202 3365 2268 σώματι
3410 2203 3505 2269 τὴν
3555 2202 3814 2280 τιμωρίαν

424 2285 559 2347 dem
588 2287 765 2364 jussit
794 2306 927 2349 eum
957 2289 1214 2351 relaxari
1245 2309 1278 2350 a
1307 2299 1629 2371 tormento,
1655 2299 1712 2352 et
1735 2293 1891 2353 vultu
1925 2291 2063 2353 sub-

2154 2291 2504 2365 ὑπομένοντα.
2585 2288 2907 2367 Ἐκπλαγεὶς
2964 2289 3019 2345 δὲ
3084 2293 3110 2347 ὁ
3169 2293 3362 2369 μιαρὸς
3405 2290 3661 2360 δικαστὴς
3721 2292 3814 2348 ἒπὶ

423 2374 808 2440 ridens.dixit
834 2399 846 2440 :
867 2377 1148 2450 Quisnam
1174 2386 1306 2441 tuus
1324 2390 1413 2442 est
1443 2399 1677 2455 sensus,
1695 2401 1729 2442 ο
1763 2381 2063 2443 Eustrati‘!

2154 2381 2344 2454 τούτῳ,
2405 2379 2559 2454 μόλις
2619 2380 2749 2436 ποτὲ
2830 2379 3073 2448 ἀνεθῆναι
3159 2383 3256 2448 τῆς
3337 2382 3569 2457 βασάνου
3625 2387 3813 2438 τοῦτον

427 2463 530 2527 Vis
555 2484 790 2546 parvam
823 2468 1076 2549 aliquam
1104 2469 1280 2532 aliam
1307 2469 1415 2531 tibi
1439 2469 1732 2551 impositis
1765 2471 1947 2550 plagis
1970 2490 2063 2533 ex-

2154 2471 2419 2549 ἐκέλευσε,
2482 2471 2570 2526 καὶ
2629 2468 2907 2548 ὒπογελῶν
2977 2477 3050 2544 τῷ
3115 2471 3390 2548 προσώπῳ
3455 2471 3613 2528 εἶπεν
3649 2491 3665 2508 ο
3750 2460 3812 2528 Ὀ

427 2556 677 2634 cogitem
729 2556 1179 2620 delectationem
1207 2560 1232 2621 ἲ
1261 2562 1514 2623 Sanctus
1570 2560 1644 2622 ait
1677 2559 2014 2623 Eustratius
2051 2579 2063 2624 :

2157 2561 2316 2618 ποτόν
2376 2582 2468 2617 σου
2511 2560 2571 2616 τό
2616 2561 2887 2637 φρόνημα,
2925 2563 2970 2615 ὦ
3018 2560 3347 2638 Εὖστράτιες
3406 2561 3605 2640 φράσον
3647 2563 3818 2636 ἡμῖν.

425 2645 840 2709 Maxime.Dux
875 2647 1023 2710 dixit
1053 2667 1066 2712 :
1102 2649 1388 2722 Quoniam
1419 2668 1562 2729 ergo
1588 2668 1720 2730 quae
1750 2649 1924 2711 nobis
1955 2651 2063 2729 pla-

2161 2649 2342 2708 Βούλει
2387 2650 2580 2728 μικράν
2623 2671 2740 2706 τινα
2778 2651 2865 2705 καὶ
2910 2650 3094 2728 ἑτέραν
3153 2665 3274 2713 ταῖς
3319 2651 3670 2714 ἐπιτεθείσαις
3729 2671 3816 2706 σοι

425 2744 581 2807 cent,
615 2755 646 2796 a
674 2743 907 2799 tacente
939 2737 1035 2800 illo
1062 2747 1203 2801 sunt
1226 2739 1574 2820 approbata,
1602 2738 1786 2820 jubeo
1819 2741 2063 2802 muriam

2155 2739 2398 2818 πληγαῖς
2455 2737 2921 2819 ἐπισχεδιάσωμαι
2969 2740 3154 2817 τέρψιν
3191 2758 3206 2815 ;
3244 2731 3301 2798 Ὀ
3360 2741 3512 2819 ἅγιος
3575 2740 3816 2818 Εὐστρά-

422 2834 588 2887 aceto
611 2834 1117 2908 contemperatam
1146 2847 1359 2908 magno
1376 2830 1599 2890 ﬂuento
1625 2827 1853 2890 infundi
1887 2847 2063 2892 mem-

2154 2853 2262 2895 τιος
2311 2831 2469 2887 εῖπεν
2502 2849 2517 2865 ο
2581 2829 2722 2884 Πάνυ
2766 2830 2865 2904 μὲν
2910 2832 3021 2888 οὗν.
3060 2821 3118 2888 Ὀ
3167 2828 3284 2896 δοὺξ
3328 2834 3482 2888 εἶπεν
3518 2850 3530 2862 '
3578 2833 3805 2910 Οὐκοῦν,

420 2915 544 2977 bris
593 2915 730 2996 igne
783 2916 1133 2994 combustis,
1172 2927 1230 2979 et
1279 2919 1472 2981 acutis
1532 2919 1697 2981 testis
1726 2918 1958 2982 fortiter
2016 2922 2063 2983 ei

2155 2919 2336 2989 ἐπέιόἦ
2380 2919 2592 2977 ἅπαντα
2621 2920 2686 2977 τὸ.
2717 2921 2853 2993 ἡμῖν
2902 2917 3158 2978 δοκοῦντα
3200 2921 3400 2998 ἀρεστὰ
3447 2926 3524 2995 τῷ
3581 2919 3815 2994 κειμένῳ

421 3005 700 3081 aﬂ‘ricari,
735 3006 927 3070 donec
961 3027 1031 3070 ex
1066 3016 1266 3070 nostro
1301 3008 1633 3070 ministerio
1680 3027 1886 3071 eorum
1938 3030 2063 3091 qua:

2154 3009 2548 3085 δεδοκίμασται,
2624 3009 2805 3085 ἅλμην
2863 3009 2969 3075 ὄξει
3015 3014 3466 3089 συμφυραθεϊσαν,
3529 3011 3614 3066 καὶ
3673 3008 3812 3086 κρά-

420 3104 556 3156 sunt
607 3097 898 3178 jucunda,
956 3097 1217 3178 plurimo
1268 3117 1446 3162 sensu
1497 3107 1782 3181 percepto
1831 3101 2063 3162 satiatus

2157 3121 2325 3174 ματος
2371 3098 2574 3155 πολλοῦ
2634 3101 2941 3176 γενομένου,
3007 3097 3308 3178 ἐπαχθῆναι
3353 3111 3471 3162 τοῖς
3531 3095 3807 3176 καταφλε-

420 3184 618 3246 fuerit.
2151 3192 2332 3269 χθετσι
2410 3186 2626 3262 μέλεσι)
2710 3188 2812 3242 ὑπὸ
2897 3194 2992 3243 τοῦ
3075 3188 3237 3264 πυρὸς
3310 3185 3650 3262 προστάττω,
3713 3185 3803 3238 καὶ

420 3276 693 3354 ὀστράκοις
755 3279 924 3342 ὀξέσιν
976 3279 1191 3344 ιῦτόνως
1249 3278 1634 3357 ἀνατρίὸεσθαι,
1699 3279 1856 3358 ἄχρις
1915 3277 2035 3340 ὅςου
2089 3285 2187 3347 τῆς
2247 3276 2510 3354 ἡμετέρας
2569 3275 2851 3352 ὑπουργίας
2912 3272 3005 3329 sui
3051 3287 3169 3338 τοῖς
3233 3272 3412 3340 ἢὸέσιν
3468 3276 3609 3345 αὐτῷ
3669 3269 3812 3327 πολ-

420 3363 520 3432 λὴρ
551 3367 651 3433 τὴν
672 3367 922 3432 αἴσθησιν
955 3365 1235 3442 δεξάμενος
1268 3371 1512 3445 κορεσθῇ.

431 3479 440 3493 τ
495 3452 599 3514 IX.
637 3453 780 3514 Cum
815 3472 1024 3530 magna
1067 3465 1265 3517 autem
1299 3455 1606 3518 celeritate
1638 3475 1706 3518 eo
1738 3475 1976 3537 quoque
2008 3457 2060 3519 ei

2228 3455 2319 3516 9’.
2367 3455 2512 3510 Μετά
2576 3451 2783 3520 πολλῆς
2837 3451 2891 3508 δὲ
2951 3451 3046 3520 τῆς
3097 3451 3404 3532 ταχυτῆτος
3463 3453 3549 3508 καὶ
3604 3452 3809 3519 ταύτης

419 3540 598 3602 allato
625 3545 1162 3618 tormento,eadem
1190 3564 1333 3607 usus
1351 3546 1857 3608 estconstantiaet
1877 3545 2061 3606 animi

2147 3551 2245 3612 τῆς
2305 3544 2540 3621 βασάνου
2591 3543 3035 3623 προσενεχθείσης
3077 3547 3156 3615 τῷ
3210 3542 3365 3620 ἁγίῳ,
3412 3542 3448 3609 ἡ
3491 3541 3626 3607 αὕτη
3670 3562 3807 3619 καρ-

420 3629 788 3708 fortitudine,
823 3642 880 3695 et
912 3653 1110 3713 neque
1139 3635 1315 3709 ullus,
1349 3635 1726 3717 quantumvis
1759 3636 1924 3709 levis,
1961 3653 2062 3712 ge-

2147 3638 2289 3714 τερία
2320 3634 2386 3702 ἧν
2432 3637 2597 3713 αὐτῷ,
2660 3633 2748 3689 καὶ
2795 3631 2913 3689 οὔτε
2972 3633 3268 3710 στεναγμός
3315 3653 3392 3696 τις
3426 3629 3526 3693 ἕως
3568 3638 3804 3724 τοῦθτυ-

421 3721 599 3782 mitus
628 3723 981 3786 audiebatur
1007 3725 1218 3786 emitti.
1265 3713 1390 3786 Dm}
1443 3725 1628 3788 dixit:
1665 3727 1966 3806 Tanquam
2000 3723 2061 3786 in

2147 3713 2341 3806 χύντος
2390 3724 2613 3791 ἠκούετο
2644 3722 3082 3798 ἒκπεμπόμενος,
3125 3713 3182 3779 ιΟ
3239 3719 3356 3787 δοὺξ
3410 3721 3566 3778 εἶπεν
3603 3738 3621 3756 ο
3679 3713 3810 3777 ’Ὡσ-

419 3829 600 3874 scena
637 3815 1117 3894 superstitionem
1179 3823 1434 3878 ostentat
1466 3824 1523 3877 et
1547 3817 1730 3896 jactat
1761 3815 1880 3894 hic,
1909 3815 2063 3876 sicut

2147 3837 2243 3894 περ
2286 3813 2338 3870 έν
2384 3813 2558 3881 σκηνῆ
2621 3814 2722 3880 τῆς
2789 3813 2842 3869 έν
2887 3815 3030 3886 αὖτῷ
3088 3809 3500 3885 δεισιδαιμονίας
3560 3808 3808 3876 ἐπίδειξιν

420 3901 584 3976 dicit,
617 3903 841 3966 athleta
877 3904 1353 3968 Crucifixi.Nunc
1377 3923 1515 3985 ergo
1548 3904 1788 3979 dicat,si
1813 3922 1919 3983 per
1940 3905 2068 3966 haec

421 3992 758 4070 castigatus,
791 3993 906 4055 sibi
940 3995 1305 4074 persuaserit
1334 3995 1406 4057 ad
1434 4013 1629 4057 sacras
1652 3995 1900 4057 deorum
1934 4011 2068 4055 aras

414 4081 708 4143 accedere
761 4083 1138 4147 adoraturus.
1201 4087 1450 4149 Sanctus
1491 4083 1638 4147 dixit
1688 4083 2059 4146 Eustratius:

412 4173 666 4249 Propter
687 4191 980 4256 eam,quae
1003 4183 1092 4237 est
1113 4175 1170 4236 in
1189 4175 1768 4256 te,superstitionem
1787 4173 2061 4235 etfalsam

411 4261 768 4340 religionem
802 4263 952 4338 haec,
1013 4264 1168 4326 sicut
1216 4264 1544 4339 existimas,
1607 4263 1753 4325 mihi
1798 4262 2066 4324 inferens

412 4352 730 4432 supplicia,
751 4353 1102 4432 imprudens
1134 4361 1192 4414 et
1224 4353 1486 4416 insciens
1518 4372 1614 4414 me
1646 4352 1822 4414 hodie
1859 4351 2064 4412 multis

412 4441 662 4502 atl‘ecisti
695 4441 893 4517 bonis,
928 4461 1064 4522 qua:
1088 4442 1228 4503 mihi
1259 4443 1512 4504 maxime
1548 4450 1716 4504 erant
1739 4443 1798 4503 in
1830 4441 1998 4515 votis,
2028 4460 2061 4502 ο

402 4530 614 4610 judex.
641 4529 1068 4592 Circumfusam
1104 4535 1264 4592 enim
1297 4532 1606 4613 caliginem
1643 4541 1703 4595 et
1731 4531 2061 4592 obscurita-

411 4628 556 4696 tem,
591 4637 722 4700 quaz
754 4638 825 4681 ex
859 4623 1125 4683 crassitie
1145 4627 1414 4702 corporis
1448 4640 1580 4684 meo
1612 4621 1804 4684 inerat
1833 4621 2055 4695 animo,

411 4708 505 4770 his
533 4727 567 4770 a
598 4727 694 4770 me
727 4709 1038 4773 tormentis
1062 4711 1345 4792 depulisti
1373 4735 1388 4786 ;
1424 4722 1631 4792 etquae
1661 4711 2055 4791 principatum

410 4797 662 4877 obtinet,
727 4799 1042 4874 rationem,
1103 4819 1333 4876 earum,
1389 4820 1522 4883 quae
1578 4802 1753 4881 longo
1788 4809 2056 4881 tempore

410 4887 875 4963 intentabantur,
913 4889 1303 4952 teutationum
1324 4891 1631 4953 victricem
1647 4892 2009 4953 conservasti
2039 4909 2052 4951 :

412 4985 470 5038 et
498 4977 771 5052 effecisti,
805 4986 868 5040 ut
897 4978 1211 5042 tunderem
1264 4996 1331 5042 ac
1383 4981 1761 5061 proﬂigarem
1794 4999 1893 5042 eas
1924 4999 2058 5060 quas

409 5067 470 5128 in
494 5085 592 5129 me
616 5085 827 5148 magno
859 5068 1084 5151 impetu
1106 5070 1706 5153 insurgebant,animi
1734 5071 2055 5152 perturba-

408 5157 621 5232 tiones,
653 5159 816 5220 nullo
848 5161 1097 5220 tumultu
1126 5161 1588 5242 oppugnandum
1626 5161 1775 5224 mihi
1806 5162 2055 5240 largitus

411 5247 750 5326 praesidium
775 5248 996 5310 interni
1027 5250 1394 5333 spiritus,qui
1433 5252 1574 5314 mihi
1608 5252 1782 5314 vitam
1809 5253 1962 5332 regit
1991 5252 2054 5314 in

409 5337 858 5400 immortalitate
889 5361 901 5397 :
936 5340 995 5400 in
1018 5359 1135 5420 quo
1157 5350 1294 5404 sunt
1321 5343 1463 5403 mihi
1483 5343 1811 5405 reconditae
1837 5341 2057 5405 divitiae

407 5426 873 5508 incorruptionis
903 5446 916 5490 :
953 5437 1012 5491 et
1043 5431 1356 5494 ostendisti
1387 5433 1538 5495 viam
1565 5431 2055 5512 compendiosam

409 5525 468 5591 et
491 5515 565 5578 ab
581 5517 910 5580 afﬂictione
930 5529 1361 5603 remotam,per
1381 5541 1553 5603 quam
1580 5529 1784 5602 potero
1804 5521 1864 5583 in
1891 5522 2059 5585 ﬁctili

407 5606 520 5669 hoc
541 5625 794 5688 corpore
824 5608 1048 5690 degens
1088 5611 1265 5672 vitam
1298 5611 1581 5692 amplecti
1613 5611 1966 5692 angelicam,
1997 5619 2057 5676 et

405 5697 633 5762 caelesti
654 5698 1314 5765 fruiwternitateﬁunc
1343 5701 1466 5764 scio
1492 5721 1586 5765 me
1606 5720 1739 5768 esse
1765 5703 2051 5786 templum

2147 3905 2250 3972 τὴν
2289 3903 2567 3979 ὑπομονὴν
2613 3916 2849 3960 ποιεῖται
2913 3905 2940 3958 ὁ
2998 3901 3237 3969 ἀθλητὴς
3295 3903 3474 3979 οὗτος,
3530 3899 3604 3966 ὥς
3648 3921 3804 3980 φησι,

2148 3997 2240 4050 τοῦ
2297 3993 2721 4072 ἐσταυρωμένου.
2774 3995 2876 4050 Νῦν
2937 3998 3064 4070 γοῦν
3123 3991 3347 4064 εἰπάτω,
3394 3991 3438 4046 εἰ
3490 3987 3544 4044 ἐν
3589 3990 3806 4052 ταύταις

2147 4083 2552 4164 σωφρονισθείς,
2626 4081 2878 4138 πέπεικεν
2949 4081 3136 4137 ἑαυτὸν
3185 4093 3302 4141 τοῖς
3361 4078 3643 4158 σωτηρίοις
3696 4079 3806 4136 τῶν

2147 4179 2279 4231 θεῶν
2361 4171 2634 4251 προσιέναι
2722 4172 2935 4248 βωμοῖς
3025 4170 3396 4242 προσυνήσων.
3483 4169 3801 4248 Εὗστράτιος

2149 4264 2305 4321 εἶπεν
2339 4281 2356 4298 ο
2409 4262 2828 4336 Δεισιδαιμονίας
2890 4263 3051 4340 χάριν
3111 4265 3211 4327 τῆς
3270 4258 3325 4316 ἐν
3370 4260 3452 4316 σοὶ
3495 4260 3590 4325 τὰς
3620 4281 3799 4333 τιμω-

2147 4355 2259 4430 ρίας
2289 4351 2504 4425 ταύτας,
2541 4353 2614 4413 ὡς
2661 4351 2920 4424 νομίζεις,
2953 4347 3310 4428 προσαγαγών
3371 4372 3490 4425 μοι,
3543 4346 3795 4429 λέληθας,

2145 4449 2191 4498 ῶ
2250 4441 2492 4515 δικαστά,
2560 4447 2665 4497 τῶν
2726 4437 2811 4496 διὰ
2867 4438 3079 4506 πολλῆς
3139 4439 3310 4519 εὐχῆς
3370 4438 3802 4514 ὲπιθυμουμένων

2145 4555 2238 4606 μοι
2295 4532 2507 4608 ἀγαθῶν
2568 4529 2792 4594 ἀξιώσας
2826 4551 2893 4604 με
2923 4530 3023 4597 τὴν
3075 4530 3328 4605 τήμερον.
3363 4529 3472 4595 Τὴν
3531 4529 3630 4606 γὰρ
3693 4551 3798 4585 πε..

2144 4620 2452 4702 ρικειμένην
2510 4618 2683 4699 ἀχλὺν
2744 4622 2840 4675 καὶ
2897 4618 3206 4697 ἀμαύρωσιν
3235 4617 3295 4674 ix
3325 4622 3422 4684 τῆς
3481 4621 3798 4690 σωματικίς

2144 4712 2454 4791 παχύτητος
2514 4715 2583 4785 τῇ
2669 4708 2775 4784 ἐμῇ
2852 4713 3006 4789 ψυχῇ
3078 4710 3291 4772 ταύταις
3363 4719 3487 4771 ταῖς
3543 4705 3797 4781 βασάνοις

2141 4797 2482 4865 διεσκέδασας
2555 4796 2648 4855 ἀπ’
2736 4802 2888 4875 ἱμοῦ,
2938 4799 3024 4855 καὶ
3089 4806 3180 4854 τὸν
3243 4798 3484 4875 ἡγεμόνα
3535 4794 3796 4874 λογισμὸν

2139 4896 2242 4948 τῶν
2299 4889 2353 4946 έν
2405 4894 2594 4965 μακρῷ
2639 4895 2714 4963 τῷ
2765 4889 2946 4968 χρόνῳ
2987 4887 3341 4962 ἐπικειμένων
3399 4888 3543 4960 αύτῷ
3601 4905 3796 4963 πειραο

2139 4986 2292 5056 σμῶν
2349 4979 2576 5047 νικητῆν
2635 4985 2725 5034 τοῦ
2781 4977 2972 5034 λοιποῦ
3035 4974 3369 5057 διεφύλαξας,
3445 4975 3540 5032 καὶ
3593 4973 3798 5054 τροπὴν

2140 5069 2368 5151 εἰργάσω
2419 5075 2526 5126 τῶν
2583 5067 2888 5132 ἀκαθέκτως
2947 5089 3041 5141 μοι
3085 5065 3526 5140 ἐπανισταμένων
3585 5067 3794 5138 παθῶν,

2139 5159 2566 5241 ἆπερικτύπητον
2623 5160 2685 5215 τὸ
2742 5157 2985 5235 φρούριον
3042 5157 3136 5212 τοῦ
3184 5155 3238 5211 έν
3309 5155 3564 5229 ἀθανασίᾳ
3629 5152 3796 5212 πολι-

2138 5249 2423 5328 τευομένου
2474 5248 2677 5307 ἔνδοθεν
2735 5247 3038 5320 πνεύματος
3111 5244 3492 5325 χαρισάμενος,
3556 5243 3610 5300 ἐν
3664 5247 3708 5318 ᾧ
3766 5246 3796 5300 ὁ

2135 5343 2238 5408 τῆς
2299 5339 2587 5421 ἀφθαρσίας
2645 5336 3053 5413 τεθησαύρισται
3116 5334 3362 5410 πλοῦτος,
3439 5335 3524 5393 καὶ
3580 5332 3795 5390 ὑπέδει-

2141 5429 2231 5497 ξας
2290 5429 2412 5488 ὁδὸν
2444 5429 2700 5504 ἐπίτομον
2731 5428 2819 5482 καὶ
2877 5424 3271 5504 ἀταλαίπωρον,
3325 5422 3392 5480 δι’
3436 5426 3502 5490 ἧς
3561 5422 3795 5491 δυνήσο-

2143 5541 2239 5591 μαι
2297 5520 2352 5578 ἐν
2398 5525 2476 5593 τῷ
2528 5517 2821 5595 ὀστρακίνῳ
2872 5516 3042 5589 τούτῳ
3096 5517 3305 5592 σώματι
3367 5512 3646 5588 διατελῶν,
3693 5513 3795 5579 τὴν

2138 5609 2432 5690 ἀγγελικὴν
2489 5607 2825 5666 ἀσπάσασθαι
2884 5604 3180 5686 πολιτείαν,
3241 5605 3328 5662 καὶ
3402 5603 3498 5672 τῆς
3557 5602 3788 5680 ἐπουρα-

2137 5704 2246 5762 νίου
2303 5698 2589 5758 ἀπολαύειν
2639 5696 2971 5766 ἀιδιότητος.
3027 5703 3133 5755 Νῦν
3176 5693 3298 5755 οἴδα
3357 5693 3438 5754 ὅτι
3490 5694 3611 5762 ναὸς
3659 5693 3792 5750 Θεοῦ
