4132 6422
438 343 556 416 479
1747 352 2038 421 MENSIS
2081 355 2510 423 DEDEMBER.
3701 359 3824 431 490

439 505 570 577 quae
599 500 937 580 sequuntur
965 514 982 562 :
1015 488 1083 561 et'
1106 501 1417 579 postquam
1445 511 1659 574 preces
1699 492 2070 576 implessent,

2156 501 2310 568 ζοντο
2365 495 2735 575 διδασκδμενοι
2793 497 2897 558 ὑπδ
2953 505 3046 558 τοῦ
3068 508 3082 520 ⁸
3118 498 3286 580 ἆγίου“
3333 499 3676 582 Βὺστρατίου,
3735 505 3820 564 καὶ

437 585 720 650 sedentes
749 588 1122 651 docebantur
1149 607 1182 650 a
1212 594 1417 649 sancto
1447 585 1763 666 Eustratio,
1798 587 2072 666 prompti

2165 590 2718 666 τεροὼμοποιούμενοι
2780 591 2854 656 εἷς
2903 591 2996 648 τὸν
3055 591 3403 671 προκείμενον
3475 597 3664 660 αὑτοῖς
3719 599 3820 664 τῆς

439 693 558 755 que
587 687 648 740 et
677 679 906 742 alacres
951 679 1024 741 ab
1066 695 1138 741 eo
1177 675 1585 741 reddebantur
1611 677 1684 739 ad
1714 675 2072 758 propositam

2167 675 2442 748 ἀθλήσεως
2474 680 2681 758 ἀγῶνα,

437 765 526 828 eis
554 766 1047 831 decertationem.

514 855 639 920 Xll.
678 858 786 922 Die
819 857 918 918 illo
952 859 1009 920 in
1067 859 1164 920 bis
1219 864 1539 931 transacto,
1601 861 1870 938 sequenti
1905 865 2072 922 nocte

2248 857 2361 921 [θ’.
2437 857 2528 918 Ἐν
2595 862 2804 925 τούτοις
2858 866 2959 928 τῆς
3020 861 3224 941 ἡμέρας
3283 861 3491 932 ἐκείνης
3545 863 3817 924 ’τελεσθεί-

435 943 550 1006 dux
573 963 708 1008 cum
729 947 1106 1024 surrexisset,
1141 949 1441 1027 professus
1485 953 1575 1007 est
1603 963 1668 1007 se
1698 945 1852 1008 velle
1880 947 1971 1008 ire
2007 948 2072 1010 ad

2164 968 2288 1021 σης,
2351 955 2419 1026 τῇ
2481 949 2706 1027 ἐπιούσῃ
2785 951 2940 1009 νυκτῖ
2997 949 3226 1014 ἀναστὰς
3297 955 3326 1010 ὃ
3377 951 3520 1034 δοὺξ,
3577 955 3663 1013 επὶ
3719 957 3818 1026 τήν

436 1034 735 1098 civitatem
763 1037 1258 1118 Nicopolitanam,
1287 1046 1342 1100 et
1373 1035 1613 1099 interim
1645 1035 1785 1098 dum
1822 1035 1980 1098 soliti
2007 1039 2072 1099 ad

2164 1036 2532 1096 Νικοπολιτῶν
2619 1039 2920 1118 ἰπείγεσθαι
3006 1040 3368 1120 ἐπηγγείλατο
3450 1043 3649 1102 πόλιν
3732 1048 3820 1104 καὶ

432 1124 551 1185 iter
577 1141 642 1186 se
675 1125 961 1203 parabant
993 1128 1272 1199 ministri,
1308 1126 1564 1208 prosiliit
1620 1126 1750 1208 ipse
1778 1125 1840 1187 in
1873 1134 2072 1188 custo-

2163 1125 2218 1181 ἒν
2273 1129 2509 1201 τοσούτῳ
2591 1131 2690 1196 τῆς
2767 1131 3020 1199 συνήθους
3107 1132 3249 1205 αὐτῷ
3326 1133 3616 1211 ὑπηρεσίας
3681 1135 3819 1192 κατὰ

432 1211 723 1304 diam,ubi
746 1223 916 1278 erant
937 1219 1215 1299 sancti,et
1234 1218 1426 1280 solum
1451 1216 1692 1278 beatum
1716 1215 2072 1279 Eustratium

2163 1215 2264 1304 τὴν
2315 1216 2613 1290 ὁδοιπορίαν
2667 1219 3135 1297 εὖτρεπιζομένης,
3198 1222 3351 1288 αὑτὸς
3405 1223 3479 1288 εἷς
3549 1223 3650 1290 τὴν
3707 1248 3815 1304 φυ-

426 1302 597 1383 jubet
617 1305 773 1367 trahi
794 1307 976 1372 foras.
1005 1307 1150 1372 Cum
1173 1317 1368 1371 autem
1393 1315 1552 1370 esset
1574 1306 1892 1382 adductus,
1917 1305 2072 1370 vultu

2163 1303 2336 1373 λακὴν
2366 1305 2558 1381 ἥλατο,
2594 1307 2715 1365 ἔνθα
2755 1308 2892 1376 ἦσαν
2923 1310 2970 1364 οἱ
3023 1308 3192 1389 ἆίγιοι,
3240 1311 3329 1368 καὶ
3359 1312 3522 1383 μόνον
3550 1313 3644 1372 τὸν
3701 1302 3816 1388 μα-

434 1393 644 1454 ridenti
675 1397 817 1456 dixit
837 1400 886 1456 ei
917 1423 928 1456 :
952 1400 1536 1467 Lmtare,charissime
1560 1399 2072 1458 Eustrati.Sauctut

2161 1395 2345 1472 xtiptov
2402 1397 2719 1476 Εὑστρᾶτιον
2768 1397 2974 1455 κελεύει
3018 1397 3334 1467 ἑλκυσθῆναι
3392 1400 3515 1467 ἔξω.
3579 1401 3816 1482 Ἀχθέν-

437 1497 578 1542 vero
598 1483 908 1562 respondit
942 1504 956 1546 :
991 1483 1148 1546 Deus
1176 1483 1682 1565 omnipotens,cui
1713 1501 1822 1560 ego
1855 1485 2072 1557 servio,

2163 1505 2254 1548 τος
2317 1485 2371 1541 δὲ
2440 1486 2618 1567 αὑτοῦ,
2696 1486 3078 1565 ὑπομειδιάσας
3151 1496 3228 1564 τῷ
3303 1491 3596 1569 προσώπῳ,
3657 1491 3814 1549 εἶπεν

441 1577 501 1660 te
528 1570 785 1634 vicissim
825 1573 1006 1652 digne
1038 1575 1276 1649 salutet,
1314 1593 1348 1635 ο
1369 1574 1577 1654 judex.
1612 1572 1743 1635 Dux
1774 1571 1919 1635 dicit
1953 1594 1967 1634 :
1996 1575 2072 1638 De

2165 1575 2296 1652 πρὸς
2341 1575 2498 1633 αὑτόν
2531 1594 2544 1608 ·
2593 1577 2829 1658 Χαίροις,
2889 1576 3306 1660 προσφιλέστατε
3382 1581 3690 1660 Εὑστράτιε.
3755 1571 3813 1639 ’0

435 1658 559 1750 Deo
585 1662 663 1722 sit
683 1662 791 1725 tibi
811 1664 1059 1745 curae,in
1086 1665 1406 1744 prasentia
1429 1670 1627 1726 autem
1651 1681 1799 1744 cape
1828 1671 1887 1726 et
1916 1673 2072 1744 gesta

2165 1662 2216 1720 δὲ
2262 1665 2414 1743 ἅγιος
2468 1665 2784 1744 ἀπεκρίνατο
2813 1687 2826 1701 °
2891 1659 2948 1726 ’0
3008 1671 3136 1735 Θεὸς
3213 1671 3242 1726 ὁ
3299 1658 3704 1750 παντοκράτωρ,
3769 1671 3817 1744 ᾦ

437 1748 754 1832 hanc,quaa
777 1751 880 1813 tibi
900 1753 1429 1835 datur,crepidam,
1456 1761 1523 1815 ut
1547 1753 1743 1816 libens
1766 1753 2072 1816 nobiscum

2165 1754 2274 1832 ἐγὼ
2317 1753 2574 1836 λατρεύω,
2636 1757 2793 1820 αὑτός
2855 1779 2914 1814 σε
2973 1759 3368 1816 ἀντασπάσοιτο
3399 1759 3582 1834 ἀξίως,
3641 1762 3688 1815 ὧ
3731 1759 3817 1816 δι-

437 1838 553 1900 iter
570 1840 770 1919 facias;
799 1850 926 1905 erat
947 1861 1083 1905 vero
1113 1843 1350 1925 rrepida
1375 1844 1566 1921 longis
1597 1852 1654 1904 et
1683 1843 1874 1905 acutis
1897 1843 2072 1905 clavis

2159 1844 2354 1904 καστά.
2395 1835 2452 1903 ’0
2509 1843 2624 1911 δοὺξ
2679 1851 2836 1904 εἶπεν
2869 1863 2886 1884 ⁶
2936 1849 3059 1925 Περὶ
3104 1855 3200 1906 τοῦ
3249 1851 3386 1904 Θεοῦ
3411 1869 3504 1906 σου
3549 1849 3666 1924 ἐμοὶ
3711 1870 3814 1926 με-

435 1931 806 2004 transﬂxa,ut
836 1941 1110 2014 tanquam
1144 1931 1342 1996 ﬁbulis
1369 1934 1778 2014 perforaretur
1799 1933 2072 2013 quaelibet

2160 1931 2322 2005 λέτω,
2380 1935 2454 1997 εἰς
2509 1936 2571 1990 τὸ
2615 1937 2786 2012 παρὸν
2826 1933 2880 1992 δέ
2926 1934 3104 1993 λαϐὼν
3163 1937 3260 2005 τὴν
3307 1934 3692 2013 ὲπιδεδομένην
3731 1957 3818 1996 σοι

434 2037 573 2093 pars
602 2021 818 2101 pedum
852 2024 1003 2103 ejus.
1032 2023 1177 2086 Cum
1219 2025 1330 2086 hac
1359 2042 1502 2103 ergo
1534 2023 1778 2104 crepida
1807 2041 1942 2084 eum
1976 2023 2077 2084 in-

432 2108 751 2184 duisset,et
773 2113 917 2174 loris
935 2114 1445 2194 astrinxisset,suo
1468 2113 1799 2193 obsignavit
1827 2113 2072 2189 annulo,

431 2206 488 2260 et
509 2201 686 2278 jussit
717 2204 1026 2283 eum,dum
1060 2204 1520 2285 duceretur,per
1546 2214 1725 2265 totam
1756 2205 1906 2265 viam
1939 2221 2074 2266 ver-

431 2287 630 2352 berari
659 2300 718 2354 et
742 2294 894 2355 trahi
920 2313 1054 2356 cum
1109 2295 1360 2376 reliquis
1392 2293 1636 2356 sanctis.
1690 2291 1826 2373 Ipse
1877 2301 2074 2354 autem

431 2397 568 2441 cum
592 2387 740 2464 toto,
769 2384 868 2464 qui
892 2403 1028 2446 cum
1050 2403 1121 2447 eo
1143 2395 1294 2464 erat,
1327 2383 1591 2448 exercitu
1608 2384 1723 2444 iter
1743 2401 2076 2463 perseque-

432 2466 698 2541 batur,et
730 2480 860 2552 post
893 2473 1044 2535 duos
1071 2474 1199 2536 dies
1220 2480 1618 2556 pervenerunt
1639 2471 1711 2532 ad
1741 2471 2074 2548 castellum,

433 2558 588 2637 quod
613 2567 704 2623 est
735 2580 919 2644 prope
945 2563 1527 2628 Arauracenos.Cum
1546 2560 1738 2623 sancti
1759 2567 1958 2624 autem
1984 2579 2078 2622 ac-

433 2649 777 2726 cessissent,
811 2661 1099 2734 quotquot
1127 2663 1298 2717 erant
1331 2653 1491 2715 illius
1529 2651 1816 2731 regionis,
1849 2650 2076 2730 egressi

432 2746 571 2799 sunt
603 2739 675 2800 ad
708 2742 1562 2822 spectaculum,desiderantes
1599 2739 1806 2804 videre
1838 2739 2074 2802 beatum

431 2825 811 2894 Eustratium.
839 2831 1048 2895 Nullus
1079 2851 1214 2896 vero
1246 2841 1532 2913 cognatus
1563 2849 1674 2894 nec
1703 2831 1932 2892 amicus
1963 2849 2074 2892 au-

431 2917 610 2982 debat
633 2921 688 2982 ei
711 2923 1213 3006 appropinquare,
1247 2941 1325 2986 ne
1369 2923 1484 3003 ipsi
1525 2939 1762 2998 quoque
1793 2937 2072 3000 compre-

431 3007 882 3088 henderentur;
922 3014 1034 3076 hoc
1067 3015 1227 3077 enim
1260 3032 1293 3075 a
1315 3012 1611 3076 scelerato
1643 3011 1794 3074 duce
1825 3008 2080 3093 quibus-

431 3097 564 3160 dam
590 3100 714 3180 jam
747 3103 1100 3184 imperatum
1133 3104 1352 3168 fuerat.

2161 2021 2396 2101 κρηπῖδα
2430 2025 2602 2102 φόρει,
2652 2025 2798 2090 ὅπως
2851 2025 3076 2101 ἄσμενος
3127 2027 3227 2094 τὴν
3285 2028 3400 2101 μεθ’
3458 2029 3612 2102 ἡμῶν
3659 2025 3817 2085 ὁδοι-

2160 2115 2348 2190 πορίαν
2407 2116 2634 2191 ποιήσῃ.
2700 2105 2760 2171 ’Β
2848 2114 2901 2172 δὲ
2987 2118 3181 2196 κρηπὶς
3265 2117 3332 2185 ἧν
3407 2116 3818 2196 ὃιαπεπαρμένη

2160 2199 2312 2267 ἥλοις
2401 2217 2630 2281 μακροῖς
2719 2206 2807 2261 καὶ
2897 2204 3090 2280 ὀξέσιν,
3181 2205 3320 2263 ὥστε
3402 2204 3813 2284 διαπερονᾶσθαι

2157 2290 2299 2347 ἅπαν
2361 2293 2423 2347 τὸ
2493 2293 2652 2370 μέρος
2704 2299 2808 2351 τῶν
2861 2293 3038 2351 ποδῶν
3093 2294 3271 2357 αὑτοῦ.
3357 2285 3655 2365 ’Υποδήσας
3725 2296 3818 2352 οὗν

2159 2381 2316 2437 αὑτὸν
2374 2384 2460 2437 καὶ
2504 2382 2722 2462 σφίγέας
2794 2397 2913 2448 τοϊς
2985 2386 3163 2460 tuam,
3223 2392 3300 2460 τῷ
3344 2383 3606 2460 δακτυλίῳ
3654 2386 3816 2443 αὑτοῦ

2162 2470 2469 2550 ἐσφράγισε,
2525 2473 2612 2529 καὶ
2669 2473 2955 2550 προσέταξε
3045 2477 3370 2550 τυπτὸμενον
3424 2475 3520 2531 καΐ
3577 2476 3814 2555 συρόμε-

2162 2582 2250 2617 νον
2306 2561 2464 2618 αὖτὸα
2541 2561 2754 2641 ἄγεσθαι
2807 2570 2981 2620 πᾶσαν
3045 2565 3144 2631 τὴν
3188 2563 3310 2621 ἇδὸν
3367 2566 3501 2640 μετὰ
3555 2565 3647 2624 καί
3702 2567 3810 2624 τῶν

2160 2649 2364 2707 λοιπῶν
2422 2653 2610 2730 ἁγίων.
2659 2655 2826 2719 Αὐτὸς
2863 2652 2918 2710 δὲ
2964 2653 3154 2734 εἴχετο
3199 2654 3310 2731 ἅμα
3342 2657 3499 2712 παντὶ
3549 2661 3631 2729 τῷ
3685 2677 3816 2714 σον-

2160 2739 2271 2796 όντι
2316 2741 2458 2814 αὑτῷ
2503 2748 2713 2820 στρατῷ
2772 2745 2871 2809 τῆς
2933 2741 3076 2818 ὁδοῦ,
3135 2744 3221 2802 καὶ
3281 2745 3417 2820 μετὰ
3469 2743 3560 2802 δύο
3610 2746 3815 2826 ἡμέρας

2159 2831 2234 2894 εἰς
2291 2831 2351 2886 τὸ
2435 2829 2662 2899 πλησίον
2748 2830 3052 2912 Ἀρυράκων
3134 2835 3489 2916 κατήχθησαν
3560 2837 3814 2916 κάστρον.

2167 2920 2617 2998 Παραγενομένων
2660 2920 2714 2978 δὲ
2769 2929 2874 2980 τῶν
2907 2923 3098 3004 ἁγίων,
3144 2924 3336 2990 πάντες
3382 2928 3428 2982 οἱ
3479 2931 3576 2993 τῆς
3627 2928 3815 3007 χώρας

2163 3008 2372 3077 ἐκείνης
2438 3013 2510 3076 ὡς
2572 3013 2646 3077 εἷς
2727 3012 2848 3070 θέαν
2933 3013 3176 3090 ἐξῄεσαν,
3254 3014 3628 3081 ἐπιποθοῦντες
3681 3015 3815 3073 ἰδεῖν

2163 3101 2254 3156 τὸν
2311 3101 2571 3179 μακάριον
2650 3103 2993 3179 Εὔστράτιον.
3052 3101 3228 3166 Οὐδεὶς
3302 3103 3356 3160 δὲ
3427 3101 3545 3160 οὔτε
3614 3125 3812 3182 συγγε-

432 3191 558 3262 νῶν,
621 3190 737 3249 οὔτε
798 3193 966 3270 φίλων
1025 3194 1320 3262 πλησιάσαι
1376 3195 1517 3269 αὖτῴ
1572 3191 1796 3269 ἒτόλμα,
1863 3192 1955 3248 ἵνα
2025 3190 2105 3262 μὴ
2162 3192 2249 3246 καὶ
2297 3191 2444 3247 αὑτοὶ
2489 3188 2862 3271 συλληφθῶσιο
2926 3189 3267 3270 παρήγγελτο
3330 3191 3429 3269 γὰρ
3495 3197 3650 3250 τοῦτο
3708 3189 3812 3258 ἤδη

429 3281 565 3335 τισὶν
591 3281 692 3337 ὑπὸ
722 3292 814 3342 τοῦ
842 3291 1036 3362 μιαροῦ
1061 3281 1266 3348 δουοιός.

510 3367 919 3443 Xlll.Qu—idam
945 3381 1141 3434 autem
1167 3371 1629 3453 Mardarius,vir
1645 3371 1888 3453 quidem
1912 3377 2072 3432 sorte

2243 3367 2351 3428 ll".
2400 3365 2694 3446 Μαρδάριος
2755 3365 2809 3424 δέ
2862 3391 2943 3433 τις
3001 3367 3160 3446 ἀνὴρ,
3219 3366 3433 3435 ἰδιώτης
3492 3367 3590 3436 τὴν
3636 3367 3813 3448 τύχην

436 3458 698 3538 privatus
723 3467 781 3520 et
797 3478 902 3522 suo
927 3470 1264 3545 contentus,
1297 3482 1430 3526 cum
1450 3463 1569 3524 illis
1591 3462 1804 3524 diebus
1825 3461 2069 3522 domum

431 3547 543 3610 sibi
568 3551 1015 3626 construxisset,
1041 3551 1273 3632 tegebat
1298 3553 1566 3616 domum.
1601 3550 1745 3614 Cum
1779 3553 1841 3613 in
1863 3565 2074 3611 omnes

431 3643 630 3700 autem
691 3648 929 3703 sanctos
987 3641 1292 3706 deﬁxisset
1340 3643 1569 3722 oculos,
1631 3641 1775 3702 vidit
1805 3637 2070 3701 medium

432 3747 636 3790 eorum
662 3737 943 3808 tanquam
977 3733 1207 3795 stellam
1239 3733 1534 3812 insignem
1567 3730 1926 3793 Eustratium
1965 3745 1978 3790 :
2015 3735 2072 3788 et

430 3836 564 3880 cum
615 3819 735 3882 cito
767 3839 801 3882 e
831 3822 1008 3885 domo
1055 3822 1488 3900 descendisset,
1539 3820 1688 3882 dixit
1737 3818 1908 3882 uxori
1951 3835 2074 3879 suae

428 3925 707 3972 sermone
736 3911 1020 3974 Armenio
1055 3933 1068 3976 :
1102 3912 1310 3994 Vides,
1347 3933 1381 3974 ο
1411 3929 1581 3982 uxor,
1635 3929 1770 3972 eum
1814 3908 1915 3990 qui
1947 3915 2077 3969 erat

428 3997 706 4062 dominus
749 4003 896 4078 ejus,
933 4021 1064 4083 quas
1095 4011 1184 4065 est
1232 4001 1626 4066 circumcirca
1654 3998 1942 4078 regionis,
1971 3997 2075 4078 qui

430 4095 489 4149 et
514 4105 740 4166 genere
770 4104 829 4152 et
859 4091 1074 4174 opibus
1097 4101 1226 4156 erat
1257 4101 1374 4154 tam
1425 4089 1708 4170 insignis,
1743 4098 1806 4150 et
1845 4087 2070 4150 tamdiu

426 4177 616 4242 fuerat
643 4180 866 4243 militiae
915 4184 1132 4259 clarus,
1188 4181 1690 4264 quemadmodum
1723 4179 1926 4240 omnia
1958 4177 2066 4241 de-

425 4271 706 4350 spexerit,
742 4280 799 4333 et
827 4271 970 4347 abit,
1005 4282 1070 4335 ut
1119 4273 1244 4335 Deo
1296 4272 1395 4334 tiat
1435 4279 1600 4350 grata
1628 4268 1842 4343 hostia,
1877 4276 1937 4330 et
1966 4286 2069 4330 re-

425 4375 605 4437 gnum
631 4361 874 4425 cceleste
894 4369 1325 4444 consequatur?
1356 4363 1574 4424 Beatus
1605 4357 1895 4440 ille.quod
1928 4365 1988 4421 et
2009 4357 2070 4419 in

424 4451 534 4507 hac
568 4454 676 4512 vita
706 4454 878 4512 fuerit
906 4456 1274 4526 gloriosus,et
1302 4453 1451 4526 apud
1477 4452 1788 4510 Dominum
1810 4459 2068 4509 nostrum

426 4535 503 4598 sit
535 4553 806 4617 magnam
859 4539 1170 4602 habiturus
1227 4539 1527 4618 ﬁduciam,
1583 4546 1642 4600 et
1673 4555 1810 4598 cum
1840 4535 2070 4612 angelis

423 4624 714 4689 ineffabili
744 4628 1040 4710 voluptate
1069 4629 1377 4692 fruiturus.
1402 4627 1655 4706 Egregia
1683 4633 1880 4690 autem
1906 4625 2069 4688 illius

2155 3459 2242 3515 καὶ
2285 3457 2340 3514 ἰν
2411 3457 2692 3535 αὐταρκείᾳ
2754 3458 2908 3533 βιὼν,
2970 3458 3128 3514 οἷκον
3184 3458 3357 3531 ἑαυτῴ
3409 3458 3812 3520 κατασκευάσας

2155 3549 2208 3604 ἐν
2259 3560 2382 3611 ταῖς
2452 3545 2680 3624 ἡμέραις
2743 3546 2996 3618 ὲκείναις,
3087 3545 3278 3604 ἕσκεπε
3363 3548 3424 3603 τὸ
3508 3545 3804 3622 δωμάτιον,

2156 3637 2428 3701 Ἀτινίσας
2489 3633 2544 3691 δὲ
2601 3636 2674 3698 είς
2745 3635 2951 3702 πάντας
3023 3637 3143 3700 τοὺς
3209 3639 3415 3718 ἁγίους,
3472 3633 3582 3695 εἶδε
3639 3635 3804 3712 μέσον

2154 3729 2326 3784 αὑτῶν
2380 3728 2453 3789 ὡς
2511 3730 2778 3805 περιφανῆ
2831 3726 3026 3804 ἀστέρα
3085 3727 3178 3784 τὸν
3237 3727 3394 3806 ἅγιον
3464 3726 3808 3807 Εὑστράτιον,

2153 3819 2248 3874 καί
2301 3817 2444 3896 ταχὺ
2480 3814 2750 3873 κατελθὼν
2794 3816 2900 3872 ἀπὸ
2955 3823 3050 3873 τοῦ
3095 3815 3362 3892 δωματίου
3407 3820 3534 3874 εἷπε
3583 3822 3656 3893 τῇ
3707 3838 3809 3896 γυ·

2155 3908 2288 3964 ναικί
2379 3905 2538 3964 αὒτοῦ
2597 3905 2666 3982 τῇ
2739 3903 3032 3981 ’ώρμενίων
3126 3903 3386 3980 διαλέκτῳ
3419 3921 3435 3937 ⁹
3524 3909 3706 3984 Ὀρᾷς,
3765 3908 3812 3963 ὦ

2155 3997 2330 4075 γύναι,
2392 3997 2482 4052 τὸν
2554 3996 2733 4074 κύριον
2789 3999 2886 4064 τῆς
2962 3993 3288 4074 περιοικίδος
3365 3997 3546 4070 ἡμῶν,
3607 3997 3697 4052 τὸν
3755 3996 3812 4053 iv

2153 4089 2382 4165 τοσαύτῃ
2443 4087 2751 4166 περιφανείᾳ
2829 4085 3016 4164 γένους
3093 4084 3190 4143 καῖ
3259 4086 3563 4166 χρημάτων
3635 4087 3810 4165 ὑπάρ-

2153 4200 2348 4258 χοντα,
2410 4178 2496 4234 καὶ
2554 4176 2611 4233 ἐν
2691 4175 2988 4252 τηλικαύτῃ
3089 4179 3332 4254 στρατείᾳ
3417 4175 3807 4256 διαπρέψαντα,

2152 4275 2266 4332 πῶς
2325 4267 2539 4325 πάντων
2592 4267 2981 4346 κατεφρόνησε,
3052 4267 3150 4323 καὶ
3212 4269 3351 4340 θῦμα
3422 4264 3809 4346 εὑπρόσδεκτον

2151 4359 2230 4433 τῷ
2273 4359 2388 4432 Θεῷ
2443 4355 2741 4436 ἀπέρχεται
2799 4355 3070 4436 γενέσθαι,
3127 4355 3222 4413 ἵνα
3280 4357 3369 4414 καὶ
3426 4362 3526 4424 τῆς
3582 4355 3812 4435 ἐπουρά-

2153 4447 2263 4504 νίου
2331 4445 2631 4522 καταξιωθῇ
2700 4443 3022 4522 βασιλείας;
3083 4446 3357 4522 Μακάριος
3443 4447 3654 4510 ἑκεῐνος
3723 4443 3810 4503 ὅτι

2155 4538 2244 4593 καί
2305 4535 2358 4592 ἒν
2413 4537 2492 4612 τῷ
2663 4535 2835 4609 τούτῳ
2864 4535 3098 4614 εὐτυχὴς
3127 4536 3217 4593 καὶ
3267 4533 3504 4601 δπίδοξος
3560 4536 3806 4616 ὑπῆρχε,

2149 4629 2238 4684 καὶ
2293 4628 2424 4705 πρὸς
2479 4627 2570 4683 τὸν
2613 4625 2890 4692 Δεσπότην
2941 4625 3097 4701 ἡμῶν
3148 4625 3375 4704 Χριστὸν
3405 4622 3650 4702 μεγάλην
3705 4623 3810 4690 ἕξει

425 4733 574 4778 uxor
598 4717 949 4799 respondit:
991 4719 1343 4782 Dulcissimo
1394 4718 1627 4793 marite,
1663 4714 1802 4798 quid
1843 4715 2062 4787 obstat,

2156 4718 2248 4784 τὴν
2306 4716 2620 4794 παρρησίαν,
2681 4715 2768 4772 καὶ
2825 4717 3000 4799 μετιξιΔ
3046 4714 3293 4793 ἀγγέλων
3377 4719 3478 4781 τῆς
3535 4713 3807 4792 ἀφθάρτου

425 4809 747 4887 quominus
779 4817 836 4868 tu
860 4826 1095 4890 quoque
1123 4826 1196 4872 eo
1219 4807 1443 4889 venias,
1471 4816 1529 4869 et
1560 4805 1854 4881 eamdem,
1889 4823 2066 4886 quam

425 4895 738 4978 ipse,viam
764 4897 1025 4974 ineas,et
1053 4906 1319 4960 sanctam
1353 4896 1743 4978 consequaris
1769 4915 1905 4959 cum
1937 4895 2067 4976 ipso

428 4989 1029 5062 consummationem,
1059 4997 1122 5050 ut
1153 4994 1236 5050 sis
1267 4988 1384 5050 mei
1427 4987 1731 5068 defensor,
1763 4994 1823 5049 et
1854 4988 2068 5049 horum

429 5091 751 5156 puerorum
784 5076 1129 5153 infantium,
1157 5087 1217 5140 et
1263 5078 1444 5140 totius
1474 5077 1560 5138 tui
1592 5077 1829 5157 generis
1849 5075 1880 5136 Ὺ
1911 5074 2071 5139 Dixit

430 5165 564 5244 ejus
593 5165 846 5228 maritus
877 5189 889 5226 :
927 5167 1009 5230 Da
1039 5169 1184 5231 mibi
1213 5169 1468 5242 calceos,
1497 5175 1556 5229 et
1584 5165 1890 5248 ingrediar
1915 5165 2069 5228 viam

431 5275 466 5317 a
495 5273 591 5318 me
619 5255 1041 5323 desideratam.
1073 5259 1179 5322 llla
1210 5277 1346 5322 vero
1377 5259 1489 5321 hoc
1520 5257 1660 5320 fecit
1691 5255 1998 5336 velociter,
2017 5263 2077 5318 et

431 5345 561 5408 laeta
583 5364 720 5408 eum
751 5346 998 5412 dimisit.
1049 5349 1157 5422 Qui
1189 5368 1328 5413 cum
1358 5348 1691 5430 accepisset
1719 5349 1980 5419 calceos,
2015 5352 2076 5407 et

433 5454 498 5498 se
524 5444 681 5498 veste
699 5437 1078 5521 induisset,et
1099 5438 1247 5503 duos
1272 5458 1420 5520 quos
1440 5437 1702 5500 habebat
1733 5435 1884 5496 filios
1913 5434 2075 5497 ulnis

435 5532 593 5587 esset
620 5526 950 5607 amplexus,
983 5529 1142 5591 stetit
1195 5529 1268 5590 ad
1297 5527 1630 5599 Orientem,
1665 5534 1725 5586 et
1754 5523 2072 5586 Dominum

433 5615 836 5689 invocavitget
864 5617 1015 5680 dixit
1046 5640 1060 5678 :
1092 5617 1368 5694 Domine,
1415 5617 1574 5680 Deus
1607 5619 1780 5677 Pater
1808 5613 2077 5694 omnipo-

435 5714 589 5786 tens,
627 5715 684 5770 et
713 5707 966 5772 Domine
1005 5709 1146 5774 Jesu
1190 5708 1447 5791 Christe,
1478 5715 1536 5770 et
1559 5712 1762 5771 sancte
1791 5703 2072 5788 Spiritus,

2151 4805 2496 4870 καταξιοῦται
2552 4801 2922 4868 ἂπολαύσεως.
2987 4794 3050 4860 Ἠ
3124 4802 3181 4860 δὲ
3233 4802 3373 4871 καλὴ
3431 4803 3608 4869 ἐκείνη
3673 4803 3811 4881 γυνὴ

2151 4896 2470 4976 ἀπεκρίνατο
2504 4913 2520 4930 ·
2611 4893 2906 4952 Γλυκύτατε
2985 4893 3132 4973 ἄνερ,
3211 4894 3262 4951 τί
3332 4891 3526 4949 κωλύει
3585 4893 3674 4948 καὶ
3750 4893 3812 4949 σὲ

2152 4986 2344 5067 φθάσαι
2388 4987 2570 5060 αὑτὸν,
2629 4986 2718 5041 καὶ
2761 4986 2862 5051 τὴν
2917 4983 3083 5052 αὑτὴν
3131 4982 3274 5057 αὑτῷ
3304 4985 3624 5061 πορευθῆναι
3655 4980 3806 5059 ὁδόν,

2150 5077 2240 5133 καὶ
2280 5079 2379 5144 τῆς
2423 5075 2576 5154 ἁγίας
2636 5073 2918 5140 ἀξιωθῆναι
2962 5070 3082 5148 μετ’
3126 5073 3286 5130 αὑτοῦ
3333 5069 3688 5152 τελειώσεως,
3717 5071 3817 5130 ἵνα

2157 5164 2462 5245 προστάτης
2496 5165 2626 5243 γένη
2672 5167 2757 5220 καὶ
2809 5163 2968 5242 ἐμοῦ,
3033 5164 3121 5218 καὶ
3176 5167 3284 5220 τῶν
3340 5167 3548 5240 μικρῶν
3605 5163 3820 5219 τούτων

2158 5253 2378 5312 πὰιδίων
2430 5257 2517 5310 καὶ
2546 5254 2744 5316 παντὸς
2780 5259 2871 5308 τοῦ
2899 5252 3079 5331 γένους
3129 5273 3223 5308 σου
3260 5273 3275 5334 ς
3309 5253 3371 5310 '0
3431 5250 3488 5309 δὲ
3535 5250 3669 5330 ἂνὴρ
3713 5253 3822 5308 αὑ-

2158 5351 2256 5413 τῆς
2298 5349 2419 5401 εἷπε
2455 5359 2470 5373 ·
2510 5345 2611 5408 Δός
2661 5365 2753 5416 μοι
2813 5342 2878 5398 τὰ
2915 5339 3234 5417 ὑποδήματά
3285 5361 3412 5417 μου,
3473 5342 3560 5398 καὶ
3617 5342 3820 5419 πορεύ-

2159 5457 2322 5512 σομαι
2380 5435 2481 5501 τὴν
2551 5431 2980 5506 ἑπιθυμουμένην
3071 5453 3164 5508 μοι
3225 5430 3368 5494 ὁδόν.
3447 5421 3509 5488 Ἠ
3553 5429 3610 5488 δὲ
3669 5433 3818 5511 ταχὺ

2156 5527 2310 5582 τοῦτο
2355 5522 2598 5596 ἐποίησε,
2644 5523 2734 5581 καὶ
2797 5522 2933 5597 μετὰ
2991 5528 3165 5603 χαρᾶς
3223 5521 3572 5600 προέπεμψεν
3627 5521 3812 5581 αὑτόν.

2161 5616 2258 5674 Καὶ
2301 5612 2479 5670 λαϐὼν
2539 5609 2865 5684 ὑπεδήσατο,
2929 5614 3016 5670 καὶ
3075 5611 3418 5691 περιεϐάλετο
3466 5614 3527 5669 τὸ
3597 5611 3809 5688 ἱμάτιον

2159 5706 2341 5781 αὑτοῦ,
2374 5703 2462 5762 καὶ
2505 5700 2820 5784 περιπλέξας
2871 5715 2996 5772 ταῖς
3053 5701 3315 5782 ἀγκάλαις
3366 5703 3523 5762 αὑτοῦ
3577 5701 3646 5760 τὰ
3702 5701 3811 5758 ὑπ-
