4132 6400
252 325 374 402 481
1159 331 1632 402 MARTYRIUM
1675 335 1736 401 S.
1781 319 2200 400 EUST-BATII
2241 333 2341 401 ET
2384 325 2794 401 SOCIORUM.
3545 329 3666 405 482

259 473 516 553 ἄρχοντα
575 475 726 548 αὖτῷ
773 471 873 532 δύο
922 472 1103 552 τέκνα,
1152 473 1284 542 ἔστη
1326 475 1465 532 κατὰ
1519 472 1806 550 ἀνατολὰς,
1851 473 1940 531 καὶ

2036 489 2142 535 una
2170 469 2600 546 divinitas,una
2615 469 3126 548 virtus,miserere
3155 473 3272 536 mei
3295 475 3662 552 peccatoris;

259 561 642 622 ἕπεκαλίσατο
726 564 826 624 τὸν
915 564 1045 622 Θεὸν
1125 564 1214 622 καὶ
1275 565 1435 623 εἶπεν
1469 583 1484 598 ·
1543 562 1790 624 Δέσποτά
1843 563 1942 621 Θεὲ

2036 560 2316 624 miserere
2343 560 2580 624 ancillas
2600 568 2736 642 tuae,
2773 569 2833 624 et
2865 578 2996 623 eam
3012 560 3274 642 suscipe,
3296 568 3360 624 et
3386 561 3494 626 hos
3515 563 3667 627 duos

258 652 688 732 παντοκράτωρ,
749 653 852 710 καί
919 653 1070 732 Κύριε
1141 649 1322 721 Ἰησοῦ
1377 654 1594 735 Χριστέ,
1643 656 1730 712 καὶ
1785 652 1939 733 ἆέγιον

2036 651 2418 729 infantes,qui
2438 669 2503 712 es
2522 650 2807 714 defensor
2834 650 3237 732 viduarum,et
3251 658 3418 732 pater
3447 653 3670 734 orpha-

255 744 518 820 Πνεῦμα,
564 742 663 818 μία
720 744 945 823 θεότης,
1003 744 1094 818 μία
1157 741 1400 824 δύναμις,
1457 741 1678 810 ἐλέησόν
1723 765 1792 819 με
1848 746 1939 800 τὸν

2036 758 2260 804 norum.
2294 739 2414 820 Ego
2448 740 2632 816 enim,
2675 739 2955 816 Domine,
2985 758 3119 802 cum
3154 758 3369 820 magno
3397 749 3458 804 et
3485 742 3672 808 alacri

251 834 623 912 ἁμαρτωλὸν,
682 834 778 890 καὶ
835 832 1264 913 σπλαγχνίσθητι
1341 835 1432 891 καὶ
1485 831 1771 891 ἀντιλαϐοὖ
1837 833 1936 902 τῆς

2036 830 2206 894 mimi
2236 829 2433 893 studio
2461 830 2535 893 ad
2564 838 2620 894 te
2649 829 2996 894 venimHaac
3027 848 3164 892 cum
3194 830 3466 908 dixisset,
3499 850 3662 894 oscu-

249 920 458 991 δούλης
514 944 635 998 σου,
673 921 772 980 καί
805 923 914 980 τῶν
943 920 1032 980 δύο
1071 923 1278 991 νηπίων
1320 921 1542 998 τούτων,
1577 925 1606 982 ὁ
1635 923 1936 1001 προστάτης

2036 930 2179 984 ιειιιε
2211 929 2300 984 est
2327 937 2470 983 suos
2501 920 2748 992 ﬁlios,et
2779 919 2930 981 dixit
2965 941 2978 982 :
3013 919 3190 985 Salva
3219 919 3303 982 sis
3335 921 3573 1002 mulier,
3606 933 3666 986 et

252 1019 358 1070 τῶν
401 1017 646 1092 χηρῶν,
705 1012 799 1070 καὶ
859 1010 1036 1090 πατὴρ
1089 1010 1198 1068 τῶν
1275 1013 1540 1092 όρφανῶνο
1607 1011 1753 1091 Ἐγὼ
1811 1013 1934 1093 γὰρ,

2036 1010 2146 1073 noli
2176 1009 2333 1073 allici
2363 1009 2746 1085 tristitia,nec
2775 1008 2986 1090 ﬁe,sed
3018 1009 3211 1088 gaude
3240 1018 3297 1074 et
3329 1011 3672 1075 exsulta.Te

258 1103 551 1177 Δέσποτα,
601 1102 745 1178 μετὰ
788 1100 998 1169 πολλῆς
1025 1104 1128 1168 τῆς
1178 1102 1470 1181 προθυμίας
1524 1101 1758 1182 ἔρχομαι
1803 1105 1937 1182 πρὸς

2036 1101 2184 1165 enim
2218 1110 2277 1163 et
2306 1100 2458 1164 ﬁlios
2487 1117 2652 1162 meos
2713 1107 2775 1162 et
2820 1099 3081 1162 animam
3114 1099 3350 1182 depono
3378 1101 3440 1162 in
3493 1120 3672 1166 manu

258 1192 338 1253 σέ.
401 1193 520 1252 Καὶ
567 1198 739 1250 ταῦτα
782 1192 970 1267 εἰπὼν,
1044 1190 1372 1272 κατεφίλησε
1442 1193 1509 1249 τὰ
1552 1191 1737 1250 παιδία
1780 1197 1939 1253 αὒτοῦ

2036 1193 2166 1254 boni
2195 1190 2303 1253 Dei
2339 1192 2551 1266 nostri,
2587 1190 2689 1270 qui
2721 1197 2912 1271 potest
2941 1190 3161 1254 omnia.

262 1284 347 1340 nui
377 1286 579 1340 εἶπεν·
628 1279 836 1358 Σώζου,
877 1283 1058 1361 γύναι,
1104 1281 1184 1357 μὴ
1239 1281 1408 1340 λυποῦ
1462 1280 1598 1356 μηδέ
1639 1281 1852 1361 δάκρυε,
1910 1281 2048 1342 ἀλλὰ
2103 1296 2268 1364 χαῖρε
2329 1283 2416 1340 καὶ
2471 1280 2724 1361 ἂγαλλία·
2775 1280 2835 1337 σέ
2877 1281 2976 1360 γὰρ
3050 1283 3136 1338 καὶ
3192 1283 3257 1338 τὰ
3309 1280 3490 1340 παιδία
3539 1306 3666 1360 μου,

270 1375 353 1430 καὶ
379 1373 494 1440 τὴν
523 1369 720 1453 ψυχάν
745 1393 870 1451 μου,
905 1372 978 1436 εἷς
1009 1383 1203 1452 χεῖρας
1235 1373 1562 1452 παρατίθημι
1591 1373 1684 1430 τοῦ
1709 1375 1776 1430 τά
1804 1377 1976 1432 πάντα
2005 1371 2293 1448 δυναμένου
2322 1373 2518 1452 ἀγαθοῦ
2546 1378 2679 1430 Θεοῦ
2706 1371 2886 1445 ἡμῶν.

349 1461 478 1526 lA'.
528 1463 642 1520 Καὶ
685 1467 850 1518 ταῦτα
881 1460 1068 1538 εἰπὼν,
1099 1459 1363 1541 δρομαῖος
1407 1461 1618 1539 ὲξῆλθε,
1677 1465 1764 1522 καὶ
1807 1465 1937 1543 πρός

2101 1464 2258 1526 XIV.
2282 1460 2357 1523 Et
2387 1479 2521 1522 cum
2554 1461 2681 1523 hate
2709 1460 2978 1533 dixisset,
2997 1459 3219 1523 cursim
3253 1469 3342 1524 est
3369 1479 3666 1542 egressus,

282 1574 393 1608 τινα
447 1551 778 1630 Μουκάτορα
839 1549 1100 1628 τοῦνομα,
1163 1551 1220 1608 ἐν
1265 1558 1336 1629 τῇ
1389 1549 1801 1632 Ἀραυρακηνῶν
1841 1555 1939 1622 τὴν

2036 1560 2081 1617 et
2101 1557 2260 1615 venit
2280 1552 2355 1613 ad
2378 1551 2698 1632 quemdam
2719 1549 2963 1612 nomine
2982 1548 3480 1633 Mucatorem,qui
3500 1554 3562 1615 in
3583 1573 3675 1619 re-

298 1642 508 1709 οἶιησιν
570 1639 793 1720 ἔχοντα,
847 1638 944 1698 καί
1021 1641 1360 1718 πρωτεύοντα
1431 1640 1486 1698 ἐν
1563 1646 1719 1720 αὐτῇ,
1781 1641 1942 1724 ἄνδρα

2036 1643 2200 1724 gione
2223 1642 2739 1704 Aranracenorum
2763 1639 3017 1702 habebat
3049 1640 3501 1718 habitationem,
3534 1645 3675 1708 etin

309 1729 556 1807 ὶῑίσημον
626 1730 718 1786 καὶ
773 1727 1029 1788 πλούσιον
1085 1732 1250 1806 πάνυ,
1309 1729 1464 1812 ἦλθε,
1525 1733 1612 1789 καὶ
1666 1755 1944 1812 προσαγο-

2036 1752 2099 1797 ea
2119 1731 2430 1795 obtinebat
2453 1732 2674 1812 primas
2697 1738 2919 1810 partes,
2946 1737 3004 1792 et
3023 1738 3154 1792 erat
3177 1731 3268 1793 vir
3290 1730 3457 1794 valde
3477 1733 3676 1797 clarus

323 1797 496 1896 ρυᾶσές
533 1821 684 1879 αὗτίιν
731 1817 890 1877 εἶπεν
925 1837 940 1852 °
997 1818 1129 1879 ’ἰδοὺ
1184 1797 1295 1900 ἐγὼ
1337 1797 1644 1901 νποριεύομαι
1687 1797 1819 1903 πρὸς
1849 1797 1942 1880 τον

2036 1833 2085 1886 et
2114 1822 2326 1900 dives;
2359 1830 2418 1884 et
2446 1797 2585 1884 cum
2619 1797 2756 1882 enin
2781 1797 3122 1894 salutasset,
3156 1819 3306 1883 dixit
3337 1841 3353 1882 :
3387 1821 3543 1885 Ecce
3565 1842 3675 1905 ego

328 1908 472 1989 φίλον
521 1930 613 1968 σου
652 1913 748 1967 καὶ
799 1911 1058 1989 συγγενέα
1117 1912 1428 1989 Κυρισίκην,
1511 1914 1600 1969 καὶ
1659 1921 1752 1970 τοῦ
1811 1920 1945 1971 Θεοῦ

323 1997 576 2074 θέλοντος,
629 1997 836 2058 συνοδία
880 2004 1026 2075 αὐτῷ
1065 1999 1303 2078 γίνομαι,
1355 2003 1439 2058 καὶ
1469 2001 1588 2077 μετ’
1641 2004 1800 2061 αὐτοῦ
1855 2005 1944 2060 τὸν

312 2093 408 2154 τῆς
458 2086 728 2158 ἀθλήσεως
783 2089 1039 2165 ὑπομενῶ
1090 2090 1296 2169 ἀγῶνα.
1356 2092 1430 2148 Σὺ
1487 2091 1578 2149 οὖν
1626 2101 1784 2171 γενοῦ
1811 2092 1946 2169 μετὰ

303 2179 429 2234 Θεὸν
470 2182 573 2245 τῆς
615 2178 866 2258 γυναικός
926 2201 1026 2254 μου
1082 2181 1390 2257 προστάτης
1445 2182 1534 2238 καὶ
1587 2183 1693 2240 τῶν
1744 2181 1945 2240 τέκνων

295 2289 394 2344 μου
423 2266 480 2325 ἕν
509 2268 593 2343 τῷ
796 2269 993 2347 τούτῳ,
1043 2271 1132 2328 καὶ
1176 2269 1472 2350 γενήσομαί
1524 2295 1606 2330 σοι
1646 2273 1799 2351 κάγὼ
1852 2273 1943 2352 ὲρ-

297 2359 462 2432 γάτης
493 2357 632 2436 ὑπὲρ
666 2358 865 2426 ταύτης
908 2363 1010 2428 τῆς
1063 2360 1286 2441 χάριτος
1340 2360 1394 2416 ἐν
1439 2361 1507 2437 τῇ
1553 2362 1730 2442 ἡμέρᾳ
1770 2362 1946 2440 ἐκείνῃ

290 2446 374 2504 ὅτε
431 2447 812 2528 παριστάμεθα
859 2453 936 2522 τῷ
992 2455 1132 2531 Θεῷ,
1191 2453 1281 2508 καὶ
1337 2451 1430 2508 τόν
1461 2454 1648 2527 μισθὸν
1690 2451 1946 2528 ἀπολαμ-

186 2549 192 2557 ’
289 2533 492 2602 ϐἀνεις,
528 2534 592 2595 ’0
637 2534 695 2594 δὲ
740 2534 969 2606 εὖλαϐἡς
999 2537 1210 2605 ἐκεῖνος
1259 2540 1396 2620 ἀνὴρ
1442 2544 1596 2599 εἶπεν
1629 2560 1648 2581 ο
1693 2541 1947 2600 ’ίὼπελθε

288 2625 340 2685 ἐν
383 2628 606 2707 εἰρήνῃ,
637 2626 846 2702 τέκνον,
907 2628 1006 2696 τὴν
1051 2627 1221 2699 καλὴν
1275 2631 1520 2710 πορείαν,
1553 2633 1640 2690 καὶ
1670 2632 1750 2708 μὴ
1781 2655 1948 2713 φρον-

283 2717 442 2795 τίσῃς
506 2719 630 2797 περὶ
679 2717 892 2794 τούτου,
951 2717 1089 2776 ἄλλα
1140 2718 1428 2800 πλήρωσόν
1487 2743 1581 2782 σου
1623 2724 1720 2792 τὴν
1763 2723 1949 2780 ἐπιθυ-

284 2810 413 2882 μίαν
453 2827 470 2842 ·
520 2809 622 2876 τῆς
693 2809 794 2887 γὰρ
849 2812 1098 2888 γυναικός
1159 2833 1254 2868 σου
1329 2814 1666 2890 πνευματικῇ
1722 2813 1949 2870 διαθέσει

281 2896 487 2974 ἔσομαι
535 2897 696 2978 ἀνὴρ,
757 2901 847 2958 καὶ
901 2903 1008 2956 τῶν
1065 2899 1288 2958 παιδίων
1357 2924 1452 2960 σου
1511 2904 1710 2981 πατήρ.
1778 2912 1952 2961 Ταῦτα

279 2988 526 3052 ἀκούσας
587 2990 618 3044 ὁ
675 2986 971 3068 Μαρδᾶριος
1029 2991 1119 3048 καὶ
1189 2990 1577 3069 συνταξάμενος
1636 2992 1801 3073 αὐτῷ,
1847 2991 1952 3060 ἤδη

280 3076 481 3136 λοιπὸν
511 3075 749 3144 πλησίον
777 3085 872 3135 τοῦ
900 3083 1128 3160 κάστρου
1186 3081 1378 3161 ἔφθασε
1427 3082 1551 3146 τοὺς
1601 3083 1802 3162 ἁγίους,
1863 3085 1951 3140 καὶ

282 3168 514 3229 ὶκάλεσε
576 3169 672 3224 τὸν
725 3168 880 3248 ἅγιον
967 3171 1285 3250 Εὖστράτιον
1371 3173 1510 3230 οὕτω
1542 3190 1561 3211 ⁸

286 3259 579 3339 Κυρισίχη,
624 3260 702 3324 ὡς
753 3257 1018 3338 πρόϐατον
1066 3261 1270 3320 ἄκακον
1323 3265 1453 3343 πρὸς
1495 3265 1586 3321 τὸν
1632 3261 1770 3322 ἴδιον
1823 3285 1948 3321 ποι-

290 3348 423 3422 μένα
454 3347 670 3428 τρέχει,
705 3349 843 3406 οὕτω
870 3350 1024 3429 κάγὼ
1053 3351 1218 3420 ἦλθον
1261 3354 1393 3433 πρὸς
1453 3354 1536 3435 σὲ,
1595 3353 1764 3411 θέλων
1821 3355 1950 3430 ὑμῖν

301 3438 632 3502 συνοὲεὖσαι.
686 3438 838 3504 Δέξαι
893 3440 982 3497 οὖν
1046 3464 1137 3523 με,
1184 3443 1273 3500 καὶ
1329 3445 1825 3525 συγκαταρίθμησον
1881 3449 1951 3520 τῇ

310 3528 420 3604 ἁγία
479 3551 578 3587 σου
649 3527 880 3610 συνοδίᾳ,
953 3532 1044 3588 καὶ
1099 3534 1434 3614 προσάγαγε,
1498 3537 1542 3592 εἰ
1591 3537 1678 3592 καὶ
1737 3533 1950 3600 ἀνάξιον

304 3620 532 3698 μάρτυρα
606 3626 683 3694 τῷ
743 3621 993 3700 Δεσπότῃ
1067 3627 1303 3699 Χριστῷ.
1373 3626 1472 3683 Καὶ
1528 3635 1693 3684 ταῦτα
1755 3625 1949 3703 εἰπὼν,

301 3704 492 3776 ἰόόησι
543 3715 698 3790 quivi;
741 3710 950 3789 μεγάλῃ
993 3711 1166 3791 λέγων
1200 3729 1214 3744 ’
1265 3715 1577 3792 Χριστιανός
1631 3716 1744 3790 εἰμι
1774 3713 1950 3794 κάγὼ,

312 3798 391 3859 ὣς
448 3799 536 3853 καὶ
585 3802 611 3855 ὃ
658 3799 842 3879 κύριός
903 3824 1008 3878 μου
1062 3804 1402 3882 Εὺστράτιος.
1469 3804 1783 3878 ’Λκούσατε,
1843 3806 1948 3861 ὑπ-

317 3884 499 3964 ηρέται
552 3889 637 3945 τοῦ
691 3887 962 3968 διαϐόλου,
1021 3891 1304 3954 ἀκούσατε.
1365 3895 1496 3954 Τότε
1566 3892 1950 3970 συλλαϐόμενοι

306 3978 468 4034 αὐτὸν
504 3981 550 4036 οἱ
586 3981 923 4058 στρατιῶται,
971 3981 1262 4051 συνέδησαν
1322 3999 1441 4049 τοῖς
1492 3984 1708 4049 λοιποῖς
1754 3985 1948 4064 ἁγίοις,

297 4068 386 4124 καί
445 4067 809 4148 καθείρξαντες
839 4071 893 4128 ἐν
947 4079 1024 4148 τῷ
1065 4073 1279 4151 κάστρῳ
1335 4075 1390 4132 ἐν
1442 4074 1673 4152 δημοσίᾳ
1716 4074 1950 4153 φυλακῇ,

292 4157 603 4235 ἀνήνεγκαν
633 4161 719 4220 καὶ
746 4163 866 4240 περὶ
896 4164 1055 4221 αὐτοῦ
1085 4171 1162 4239 τῷ
1190 4162 1360 4227 δουκί.

373 4250 494 4309 IE'.
559 4249 691 4310 Κατ’
734 4253 909 4322 αῐῖιτῆν⁴
956 4251 1012 4310 δὲ
1065 4255 1167 4322 τὴν
1203 4256 1346 4336 ὥραν
1388 4257 1569 4336 ὥσπερ
1599 4257 1735 4315 λέων
1765 4257 1954 4334 βρόξας

291 4339 540 4399 {tibiam
600 4342 672 4407 εἷς
729 4343 827 4412 τὴν
913 4343 1176 4410 ὶξέτασιν.
1249 4348 1348 4405 Καὶ
1419 4345 1795 4416 ὑποϐαλοόσης
1851 4355 1951 4416 τῆς

2028 1914 2178 1976 vado
2207 1921 2279 1975 ad
2305 1911 2565 1974 amicum
2591 1919 2754 1972 tuum
2779 1917 2841 1972 et
2873 1918 3186 1988 cognatum
3213 1908 3556 1990 Cyrisicem,
3592 1923 3674 1996 et,

2026 2002 2152 2066 Deo
2177 2004 2433 2077 volente,
2460 2017 2564 2061 ero
2587 1999 2645 2062 ei
2677 2017 2880 2060 comes
2915 1999 2974 2060 in
3006 1999 3183 2079 via,et
3202 2017 3339 2061 cum
3365 2019 3437 2063 eo
3459 2001 3674 2066 subibo

2030 2092 2352 2154 discrimen
2411 2087 2780 2152 certaminis.
2813 2089 2900 2151 Tu
2958 2106 3098 2168 ergo
3148 2095 3273 2150 esto
3321 2098 3454 2169 post
3485 2093 3674 2154 Deum

2030 2181 2315 2245 defensor
2343 2199 2491 2243 meae
2520 2179 2742 2256 uxoris,
2773 2185 2832 2240 et
2879 2195 3149 2240 meorum
3179 2178 3437 2240 ﬁliorum
3469 2180 3532 2242 in
3565 2181 3675 2244 hac

2029 2273 2164 2348 vita,
2225 2279 2287 2333 et
2343 2289 2450 2351 pro
2502 2270 2612 2332 hac
2661 2269 2852 2348 gratia
2883 2286 2992 2348 ego
3023 2286 3262 2350 quoque
3293 2269 3400 2331 tibi
3430 2289 3675 2351 operam

2030 2361 2258 2424 navabo
2279 2363 2339 2423 in
2364 2361 2465 2422 illo
2488 2359 2610 2437 die,
2644 2359 2879 2441 quando
2912 2377 3112 2421 coram
3133 2357 3257 2420 Deo
3280 2358 3586 2436 sistemnr,
3613 2371 3678 2423 ut

2034 2451 2374 2514 mercedem
2397 2448 2848 2532 accipias.Dixit
2870 2467 3004 2510 vero
3030 2453 3114 2510 vir
3132 2447 3236 2510 ille
3269 2448 3442 2530 pius:
3477 2451 3591 2513 Abi
3617 2452 3680 2514 in

2030 2559 2203 2624 pace,
2241 2541 2323 2606 ﬁli
2349 2541 2454 2616 mi,
2479 2549 2538 2602 et
2570 2539 2885 2620 pulchrum
2937 2539 3052 2602 hoc
3081 2539 3196 2602 iter
3227 2539 3479 2616 conﬁce,
3513 2549 3572 2604 et
3601 2560 3677 2604 ne

2031 2631 2108 2695 de
2139 2651 2209 2694 eo
2239 2633 2320 2694 sis
2345 2630 2660 2712 sollicitus,
2679 2627 3038 2692 satisfaciam
3072 2637 3171 2692 tuo
3197 2627 3496 2693 desiderio
3526 2652 3543 2709 ;
3575 2649 3678 2694 ero

2032 2720 2193 2785 enim
2226 2721 2488 2802 spiritali
2544 2721 2861 2782 affectione
2911 2719 3118 2781 uxoris
3168 2727 3283 2780 tuae
3314 2720 3582 2799 inuitus,
3618 2735 3681 2784 et

2037 2819 2204 2892 pater
2223 2821 2460 2873 tuorum
2481 2811 2761 2873 ﬁliorum.
2797 2807 2902 2870 His
2925 2808 3166 2884 auditis,
3193 2808 3518 2873 Mardarius
3541 2830 3678 2874 cum

2035 2900 2090 2962 ei
2115 2900 2520 2974 valedixisset,
2572 2900 2700 2979 jam
2743 2898 2820 2960 de
2876 2906 3090 2959 caetero
3153 2915 3339 2979 prope
3369 2899 3676 2964 castellum

2031 2990 2196 3052 venit
2224 2990 2298 3051 ad
2331 3000 2594 3064 sanctos,
2631 2995 2689 3050 et
2741 2988 2828 3049 sic
2876 2987 3102 3050 vocavit
3131 2994 3400 3050 sanctum
3430 2988 3681 3054 Eustra-

2037 3084 2180 3141 tium
2215 3097 2228 3141 :
2265 3078 2516 3144 Domine
2537 3077 2821 3159 Cyrisice,
2848 3076 3146 3156 quomodo
3170 3077 3296 3138 ovis
3322 3077 3573 3158 simplex
3604 3079 3678 3141 ad

1650 3173 1949 3231 Δεσπόσυνε
1970 3178 2010 3229 C
2037 3168 2343 3250 proprium
2376 3168 2568 3230 currit
2621 3175 2940 3248 pastorem,
2976 3166 3058 3228 ita
3088 3184 3193 3246 ego
3223 3185 3460 3248 quoque
3489 3168 3564 3230 δτι
3597 3177 3676 3246 te,

2033 3258 2241 3320 volens
2271 3276 2404 3321 esse
2432 3257 2598 3319 vobis
2643 3257 2706 3319 in
2734 3256 2830 3318 via
2859 3273 3085 3319 comes.
3116 3255 3208 3317 Me
3241 3274 3382 3334 ergo
3414 3259 3674 3340 suscipe,

2036 3357 2096 3412 et
2125 3348 2306 3429 refer,
2339 3348 2481 3411 licet
2509 3347 2845 3427 indignum,
2877 3344 2940 3407 in
2972 3363 3291 3408 numerum
3351 3347 3540 3414 sancti
3594 3349 3681 3412 tui

2035 3446 2246 3514 cattus,
2279 3437 2554 3500 etadbuc
2585 3456 2702 3514 me,
2737 3437 2844 3500 etsi
2881 3435 3220 3517 indignum,
3256 3443 3467 3500 testem
3500 3438 3680 3500 Chri-

2034 3536 2125 3591 sto
2155 3528 2427 3591 Domino.
2465 3532 2537 3592 Et
2566 3527 2691 3590 hrec
2739 3546 2872 3589 cum
2926 3526 3194 3602 dixisset,
3229 3527 3503 3590 clamavit
3535 3547 3681 3592 voce

2036 3637 2271 3698 magna,
2304 3618 2514 3680 dicens
2548 3637 2561 3676 :
2596 3616 2718 3696 Ego
2749 3635 2983 3698 quoque
3011 3635 3143 3678 sum
3181 3615 3574 3700 Christianus,
3602 3620 3683 3681 si-

2035 3716 2134 3769 cut
2162 3707 2339 3769 etiam
2369 3704 2658 3768 Dominus
2689 3723 2858 3768 meus
2887 3704 3245 3769 Eustratius.
3277 3706 3524 3784 Audite,
3563 3708 3682 3770 mi-

2035 3795 2210 3858 nistri
2266 3795 2507 3870 diaboli,
2569 3794 2792 3860 audite.
2845 3792 3014 3856 Tunc
3045 3813 3178 3858 cum
3233 3793 3429 3876 ipsum
3463 3795 3686 3859 milites

2034 3885 2655 3967 comprehendissent,
2689 3882 3047 3962 colligarunt
3093 3902 3230 3954 cum
3258 3883 3506 3966 reliquis
3534 3904 3679 3948 san-

2039 3975 2173 4050 ctis,
2207 3983 2420 4038 etcum
2452 3976 2511 4037 in
2541 3973 2786 4037 castello
2819 3992 2956 4037 eum
3013 3975 3418 4054 conjecissent
3468 3975 3530 4038 in
3565 3997 3680 4058 pu-

2037 4065 2256 4129 blicam
2299 4064 2653 4141 custodiam,
2687 4063 2762 4125 de
2793 4082 2862 4127 eo
2895 4083 3130 4146 quoque
3162 4064 3234 4126 ad
3266 4065 3480 4129 ducem
3511 4075 3682 4132 retu-

2037 4157 2261 4219 lerunt.
2495 4158 2500 4166 ’

2116 4244 2378 4310 XV.Hac
2406 4245 2534 4326 ipsa
2561 4236 2755 4306 autem
2789 4244 2956 4326 hora,
2979 4251 3258 4324 tanquam
3290 4241 3385 4306 leo
3416 4243 3682 4324 rugiens,

2035 4336 2190 4399 sedit
2218 4335 2291 4399 ad
2324 4335 2848 4413 examinationem,
2886 4342 2945 4397 et
2999 4351 3102 4414 pro
3151 4352 3316 4396 more
3346 4334 3687 4400 adducente

293 4430 498 4496 τάξεως
551 4433 687 4489 ιατὰ
741 4435 804 4490 τὸ
858 4435 1104 4516 σύνηθες,
1163 4439 1454 4518 προσήχθη
1525 4439 1725 4518 γυμνὸς
1785 4461 1949 4520 σχοι-

2037 4425 2689 4520 cohortedelictorum,
2723 4425 3022 4488 adductus
3051 4431 3142 4520 est
3189 4424 3408 4520 nudus,
3443 4423 3688 4520 funibus

287 4524 422 4586 νίοις
481 4521 850 4602 κατεχόμενος
907 4525 1002 4589 τὰς
1083 4539 1278 4607 χεῖρας
1356 4531 1384 4584 ὁ
1440 4528 1590 4606 ἅγιος
1646 4528 1947 4602 Αὒξὲντιος,

282 4611 657 4690 παρεστώτων
729 4612 840 4670 τῶν
942 4613 1109 4693 ἁγίων
1189 4619 1282 4675 καὶ
1363 4617 1612 4697 ὁρώντων
1696 4617 1894 4677 ἕκαστα
1933 4666 1949 4694 ,

281 4704 380 4760 καὶ
467 4700 602 4770 ἔστη
685 4701 889 4784 φαιδρῷ
969 4713 1046 4782 τῷ
1115 4707 1412 4786 προσώπῳ.
1489 4699 1547 4766 Ὀ
1601 4703 1724 4774 δοὺξ
1772 4713 1947 4767 εἶπεν

287 4791 568 4870 Δῦξέντιε,
615 4793 757 4870 ἡμᾶς
801 4795 904 4871 μὲν
945 4797 1130 4857 κόπων
1202 4797 1585 4871 ἀπαλλάττων,
1643 4800 1836 4856 σαυτὸν
1895 4797 1952 4856 δὲ

292 4883 574 4962 σωτηρίας
617 4882 798 4966 ἀξιῶν,
845 4895 932 4946 νῦν
989 4897 1118 4966 γοῦν
1175 4885 1398 4964 δίδαξον,
1467 4890 1512 4945 εἰ
1567 4889 1662 4956 τῆς
1724 4889 1950 4965 ματαίας

292 4973 514 5042 ἰκείνης
585 4977 674 5031 καὶ
729 4975 965 5056 ὀλεθρίας
1023 4999 1108 5035 σοι
1191 4977 1429 5047 ἀπέστης
1489 4978 1809 5059 ἑνστάσεως,
1865 4982 1955 5038 καὶ

287 5069 365 5141 τῇ
415 5071 528 5120 τῶν
582 5066 717 5122 θεῶν
779 5067 1043 5141 ᾡκείιοσαι
1089 5068 1356 5146 εὐμενείᾳ.
1391 5069 1452 5126 Ὀ
1495 5069 1648 5148 ἅγιος
1681 5069 1954 5136 Αὒξέντιος

289 5157 454 5212 εἶπεν
488 5170 503 5186 ·
559 5157 847 5233 Σοντὸμως
876 5156 1128 5238 ἄκουσον,
1181 5161 1228 5215 ὦ
1269 5159 1458 5238 Λυσία,
1489 5157 1686 5237 ὄμνυμι
1731 5181 1813 5218 σοι
1856 5161 1955 5228 τὴν

289 5244 486 5326 ἱῳρον
535 5243 709 5322 δίκην,
773 5249 848 5312 ὡς
907 5247 1232 5324 euntem:
1284 5250 1390 5326 μού
1448 5250 1592 5307 ἐστιν
1640 5252 1676 5318 ἡ
1734 5249 1953 5330 γνώμη,

286 5337 378 5392 καὶ
422 5333 518 5392 ἕνα
577 5337 710 5394 Θεὸν
767 5335 895 5394 οἶδα
946 5339 1036 5394 καὶ
1097 5339 1254 5396 αὐτὸν
1314 5335 1566 5416 σέϐομαι,
1608 5339 1708 5397 κᾶν
1765 5340 1952 5420 μυρίας

287 5423 462 5491 ἄλλας
514 5423 796 5505 ίπαγάγῃς
856 5449 954 5504 μοι
1009 5426 1225 5506 πληγὰς
1282 5430 1370 5487 ιιαὶ
1412 5430 1694 5510 τιμωρίας,
1743 5429 1954 5506 μείζους

284 5520 397 5573 τῶν
441 5514 614 5573 πάλαι
653 5538 748 5592 μοι
802 5519 1218 5598 ἔπενεχθεισῶν,
1275 5517 1378 5576 κᾶν
1443 5517 1644 5599 σιδήρῳ
1684 5520 1774 5577 καὶ
1831 5519 1954 5597 πυρὶ

286 5603 682 5685 καταναλώσῃς
734 5628 826 5684 με,
888 5610 984 5666 οὒκ
1032 5607 1096 5662 ἄν
1152 5611 1256 5684 μου
1307 5608 1523 5686 κάμψαι
1572 5611 1662 5666 τὸν
1691 5608 1953 5689 λογισμὸν

284 5697 572 5777 its-luendi;
628 5718 785 5762 ποτε.
843 5698 918 5756 Τὸ
979 5694 1196 5774 λοιπὸν,
1247 5699 1386 5757 ποίει
1447 5699 1476 5756 ὃ
1517 5696 1714 5766 θίλεις,
1762 5699 1892 5756 Τότε
1925 5699 1954 5756 ὃ

2038 4535 2252 4580 manus
2283 4515 2510 4580 habens
2551 4516 2774 4579 vinctas
2801 4522 3044 4578 sanctus
3074 4514 3430 4591 Auxentius,
3465 4516 3688 4580 sanctis

2034 4607 2385 4683 astantibus,
2425 4615 2484 4669 et
2512 4606 2747 4686 singula
2777 4606 3136 4670 videntibus.
3181 4603 3254 4666 Et
3291 4606 3484 4669 adhuc
3519 4607 3686 4670 vultu

2035 4697 2170 4760 laeto
2201 4697 2319 4762 dux
2348 4696 2539 4779 inquit
2572 4718 2586 4756 :
2633 4696 2918 4778 Auxenti,
2953 4715 3060 4760 nos
3090 4694 3332 4777 quidem
3365 4697 3626 4760 liberans
3654 4714 3690 4758 a

2036 4787 2370 4863 laboribus,
2398 4793 2456 4850 te
2485 4793 2682 4850 autem
2717 4785 2910 4852 salute
2938 4785 3184 4866 dignum
3225 4803 3502 4867 censens,
3528 4805 3690 4850 nunc

2036 4879 2248 4942 saltem
2283 4878 2456 4959 doce,
2484 4897 2561 4940 an
2596 4896 2631 4939 a
2654 4895 2800 4940 vana
2829 4874 2928 4939 illa
2957 4884 3017 4938 et
3063 4875 3170 4937 tibi
3215 4874 3553 4956 perniciosa
3577 4877 3688 4940 de-

2038 4968 2260 5032 stiteris
2291 4967 2866 5050 pervicacia,etcum
2895 4965 3011 5028 diis
3031 4965 3287 5028 redieris
3317 4965 3376 5027 in
3409 4965 3684 5044 gratiam.

2039 5058 2292 5124 Sanctus
2321 5058 2470 5121 dixit
2519 5056 2894 5122 Auxentius:
2945 5054 3157 5118 Paucis
3205 5055 3368 5129 audi,
3423 5075 3457 5117 ο
3490 5055 3686 5138 Lysia,

2034 5151 2176 5231 jure
2211 5147 2317 5211 tibi
2347 5165 2643 5228 eam,qnae
2673 5154 2894 5228 praeest
2919 5154 2976 5208 et
3014 5145 3216 5208 omnia
3243 5144 3475 5226 aspicit,
3505 5146 3691 5225 justi-

2039 5242 2208 5321 tiam,
2244 5257 2377 5302 esse
2407 5239 2553 5300 mihi
2583 5245 2846 5300 mentem
2891 5235 3356 5310 immutabilem,
3383 5255 3692 5318 unumque

2038 5331 2228 5394 Deum
2261 5348 2358 5392 me
2391 5346 2569 5411 nosse
2600 5335 2660 5390 et
2689 5327 2885 5409 ipsum
2911 5327 3375 5405 colere,etiamsi
3405 5327 3688 5390 innume-

2038 5421 2262 5485 rabiles
2291 5420 2438 5484 alias
2470 5418 2618 5483 mihi
2650 5417 2852 5500 plagas
2880 5418 3240 5500 imposueris
3276 5426 3336 5480 et
3365 5418 3688 5496 cruciatus,

2039 5513 2298 5593 majores
2319 5509 2528 5588 iis,qui
2543 5509 2669 5589 jam
2695 5508 2928 5588 pridem
2951 5508 3102 5572 mihi
3119 5506 3442 5582 suntillati;
3459 5506 3693 5570 etiamsi

2037 5619 2134 5664 me
2164 5599 2593 5678 ferro,etiamsi
2615 5617 2710 5661 me
2726 5599 2860 5678 igne
2882 5596 3356 5678 consumpseris,
3385 5614 3686 5676 nunquam

2039 5691 2268 5775 poteris
2299 5707 2491 5754 meam
2526 5687 2770 5754 ﬂectere
2793 5684 3331 5768 cogitationemﬂe
3351 5693 3564 5749 caetero
3590 5682 3681 5751 fac
