4132 6418
477 339 595 407 483

1781 332 2064 402 MENSIS
2103 332 2535 404 DECEMBER.

3747 340 3865 410 484

483 474 638 556 quod
672 474 839 539 velis.
871 476 1040 536 Tunc
1099 474 1217 534 dux
1269 471 1674 552 pronuntiavit
1721 470 2077 534 sententiam

2217 471 2334 540 δοὺξ
2388 477 2702 558 ἀπεφήνατο
2735 495 2753 515 ο
2814 477 3113 553 Αὖξέντιος,
3191 479 3220 534 6
3289 479 3426 554 μετά
3495 477 3700 542 πολλὰς
3770 481 3866 546 τὰς

481 563 835 639 Auxentius,
864 565 962 644 qui
1018 572 1148 643 post
1180 561 1360 623 multa
1389 569 1686 622 tormenta
1713 567 1772 620 et
1800 560 2124 634 cruciatus,

483 655 659 715 etiam
690 672 848 714 nunc
878 660 1190 733 permanet
1239 652 1300 710 in
1334 667 1441 710 sua
1473 649 1810 728 perniciosa
1841 648 2130 726 ignoran-

482 744 586 817 tia,
619 761 726 823 per
755 743 806 804 ei
837 752 1100 822 paratam
1138 737 1318 820 gladii
1349 739 1835 818 amputationem,
1869 737 2123 800 ferream

481 849 671 909 suam,
705 841 763 892 et
792 849 924 911 quae
954 830 1176 890 molliri
1199 847 1317 890 non
1345 835 1560 908 potest,
1598 827 1808 907 perdat
1835 827 2118 901 animam,

477 921 540 981 in
576 921 707 982 loco
738 920 940 996 aliquo
986 935 1302 980 nemoroso
1351 924 1411 979 et
1451 917 1686 977 deserto
1739 917 1918 979 ﬁnem
1951 917 2127 996 hujus

479 1011 789 1070 sententia:
849 1007 1178 1086 accipiens,
1240 1013 1305 1068 ut
1368 1007 1526 1084 justa
1576 1006 1885 1085 sepultura
1921 1007 2124 1068 infelix

476 1099 606 1176 ejus
637 1115 856 1177 corpus
885 1105 1124 1172 careat;
1159 1104 1260 1175 qui
1292 1105 1491 1155 autem
1517 1113 1697 1155 ausus
1718 1102 1808 1156 est
1837 1113 1902 1155 se
1933 1114 2128 1176 nuper

477 1187 844 1267 reliquorum
871 1185 1050 1247 coetui
1083 1185 1434 1264 adjuugere,
1468 1185 1868 1264 perducantur
1896 1184 1958 1245 in
1989 1204 2123 1247 ate-

471 1277 661 1346 dium,
695 1275 976 1337 celeriter
1004 1286 1441 1338 consecuturus
1475 1277 1789 1354 honorem,
1824 1274 1926 1354 qui
1954 1275 2027 1336 ab
2049 1292 2122 1336 eo

470 1365 818 1446 requiritur.

558 1453 999 1519 XVl.Sanctum
1021 1472 1161 1516 vero
1184 1452 1544 1514 Mardarium
1571 1450 1941 1512 solventibus
1968 1452 2125 1512 mili-

474 1547 634 1608 tibus
665 1545 737 1606 ab
767 1547 823 1606 ei
857 1545 1153 1625 impositis
1198 1542 1546 1621 collaribus,
1582 1541 1680 1601 hic
1711 1540 1922 1602 beatus
1949 1540 2116 1602 dice-

471 1638 572 1698 bat
605 1657 618 1698 :
657 1637 908 1699 Domine
936 1634 1018 1695 ini
1050 1634 1368 1714 Cyrisices,
1405 1650 1506 1693 ora
1543 1649 1648 1710 pro
1681 1649 1801 1710 me,
1833 1648 1980 1710 rogo
2017 1639 2112 1703 te;

469 1735 529 1788 et
557 1728 707 1787 doce
739 1745 856 1805 me,
890 1724 1030 1805 quid
1062 1742 1194 1784 sum
1243 1738 1639 1802 responsurus
1689 1722 1826 1781 huic
1859 1722 2116 1783 exitioso

2211 563 2473 638 βασάνους
2505 569 2592 622 καὶ
2635 567 2890 647 τιμωρίας
2935 569 3024 624 καὶ
3071 574 3161 624 νῦν
3203 569 3261 624 ἓν
3307 573 3377 644 τῇ
3431 566 3650 648 ὀλεθρίῳ
3703 571 3860 628 αὺτοῦ

2210 652 2480 727 ἐπιμένων
2549 657 2722 737 ἀνοίᾳ,
2797 655 2882 713 διὰ
2937 659 3035 726 τῆς
3121 661 3490 734 ταμιευθεισης
3560 660 3702 733 αὑτῷ
3757 661 3858 716 ὑπὸ

2208 749 2302 798 τοῦ
2343 744 2518 824 ξίφους
2574 745 2813 814 ἐκκοπῆς
2859 746 2983 818 ¹τὴν
3038 743 3287 826 σιδηρέαν
3345 748 3503 807 αὑτοῦ
3557 749 3647 806 καὶ
3698 748 3860 824 ἀμεί-

2208 829 2389 888 λικτον
2446 833 2729 891 ἀπολέσειε
2771 837 2982 916 ψυχὴν,
3036 837 3090 892 ἂν
3140 837 3289 910 τόπῳ
3329 838 3432 892 τινὶ
3477 838 3728 894 κατάλσει
3758 839 3858 895 καῖ

2208 922 2394 996 ερήμῳ
2447 925 2548 990 τῆς
2606 925 2860 992 τοιαύτης
2921 928 3104 1006 ψήφου
3161 927 3262 994 τὴν
3305 927 3588 1005 περαίωσιν
3618 925 3854 1008 δεχόμε-

2209 1032 2320 1085 νος,
2355 1013 2501 1076 ὃπως
2534 1014 2628 1082 τῆς
2687 1017 3073 1091 νενομισμένης
3139 1022 3306 1095 ταφῆς
3349 1018 3411 1072 τὸ
3467 1015 3721 1084 δύστηνον
3751 1019 3849 1074 αὖ·

2207 1108 2300 1156 τοῦ
2351 1101 2665 1182 ἀμοιρήσειε
2727 1107 2909 1179 σῶμα.
2972 1103 3032 1164 Ὀ
3089 1103 3142 1162 δέ
3218 1128 3280 1184 γε
3340 1108 3532 1187 ἀρτίως
3590 1105 3854 1184 θαῤῥήσας

2207 1187 2473 1249 ἐπιδοῦναι
2525 1194 2710 1250 ἐαυτὸν
2765 1200 2834 1270 τῃ
2889 1195 2997 1250 τῶν
3039 1194 3243 1252 λοιπῶν
3312 1195 3519 1273 δημίων
3590 1195 3853 1275 συλλογῇ,

2206 1279 2432 1358 ἀχθήτω
2488 1283 2562 1346 εἷς
2605 1285 2667 1339 τὸ
2719 1285 2904 1359 μέσον,
2963 1282 3275 1361 τευξόμενος
3307 1289 3364 1343 ιν
3405 1287 3567 1366 τάχει
3605 1290 3703 1352 τῆς
3735 1285 3857 1342 ἔπι-

2205 1370 2539 1444 ζητουμένης
2573 1374 2716 1446 αὺτῷ
2755 1378 2916 1448 τιμῆς
2928 1421 2942 1434 .

2287 1459 2412 1532 ις’.
2447 1461 2562 1518 Τῶν
2605 1460 2661 1518 δέ
2705 1469 3028 1541 στρατιοτῶν
3085 1463 3318 1520 λυόντων
3362 1467 3452 1522 τὸν
3503 1465 3656 1544 ἅγιον
3700 1472 3855 1544 Μαρ-

2203 1544 2380 1624 δάριον
2449 1552 2558 1607 τῶν
2615 1553 3000 1630 περικειμένων
3069 1555 3214 1628 αὐτῷ
3255 1554 3476 1631 κλοιῶν,
3523 1558 3552 1610 6
3596 1551 3858 1635 μακάριος

2201 1638 2330 1694 εἶπε
2365 1655 2378 1669 ⁸
2431 1640 2587 1717 Κύριέ
2617 1664 2718 1716 μου
2752 1645 3031 1722 Κυρισίκη,
3079 1643 3220 1708 εὖξαι
3276 1646 3407 1724 ὑπὲρ
3453 1645 3606 1721 ἇμοῠ,
3667 1643 3860 1721 δέομαί

2199 1750 2318 1808 σου,
2376 1734 2465 1785 καὶ
2522 1729 2725 1796 διδάξόν
2789 1753 2857 1808 με
2928 1736 2976 1788 τί
3036 1733 3423 1812 ἀποκρινοῦμαι
3482 1742 3558 1808 τῷ
3617 1735 3853 1812 λυμεῶνι

469 1832 527 1878 et
557 1815 839 1896 pestifero
871 1813 1118 1888 homini,
1156 1830 1232 1874 ne
1290 1829 1386 1872 me
1419 1819 1698 1890 tanquam
1732 1816 2024 1888 agrestem
2057 1820 2113 1871 et

2200 1820 2388 1894 τούτῳ,
2451 1821 2527 1894 μή
2589 1843 2721 1878 ποτε
2781 1826 2853 1885 ὡς
2885 1824 3124 1901 χωρικὸν
3153 1828 3251 1880 καὶ
3291 1825 3642 1904 ἀγράμματον
3674 1825 3848 1881 χλευ-

465 1907 834 1966 illitteratum
870 1903 1175 1964 hominem
1203 1900 1451 1961 irrideat
1479 1899 1759 1960 immanis
1777 1901 1889 1960 iste
1913 1899 2110 1979 lupus.

465 2001 721 2058 Sanctus
776 2003 973 2056 autem
1029 1992 1087 2055 ei
1139 1991 1287 2051 dixit
1337 1988 1718 2050 Eustratius:
1780 1988 1884 2050 Dic
1915 1992 2114 2050 solum

469 2093 842 2157 constanter,
876 2083 1064 2143 frater
1099 2081 1181 2140 mi
1211 2078 1462 2141 Mardari
1500 2099 1511 2140 :
1544 2077 1685 2140 Sum
1719 2078 2110 2155 Christianus,

464 2195 596 2237 sum
631 2174 850 2236 Christi
881 2189 1107 2245 servus,
1148 2179 1208 2232 et
1249 2168 1398 2230 nihil
1445 2169 1605 2228 aliud
1635 2171 2030 2250 respondeas,
2063 2171 2112 2230 si

465 2265 607 2346 quid
635 2274 840 2325 contra
867 2263 1026 2325 dicat
1054 2271 1156 2323 aut
1185 2261 1383 2324 faciat.
1418 2261 1565 2319 Cum
1599 2276 1738 2319 vero
1791 2271 1949 2322 esset
1999 2265 2112 2325 ad-

468 2363 706 2430 ductus,
741 2353 890 2414 dixit
942 2353 1160 2414 cohors
1194 2371 1208 2409 :
1243 2350 1428 2410 Adest
1465 2349 1819 2411 Mardarius.
1857 2350 1988 2414 Dux
2020 2353 2114 2415 di-

472 2449 598 2508 xit:
633 2446 744 2517 Qui
773 2461 838 2505 se
888 2460 1080 2523 nuper
1135 2441 1378 2502 tradidit
1410 2438 1884 2516 interrogationi,
1919 2443 1969 2503 is
2003 2463 2114 2505 no-

471 2555 611 2598 men
665 2536 898 2608 doceat,
954 2531 1240 2601 studium,
1289 2547 1426 2608 quae
1480 2546 1616 2589 eum
1671 2527 1805 2590 tulit
1836 2534 2116 2612 patriam,

469 2625 896 2697 conditionem,
932 2631 991 2683 et
1019 2637 1289 2700 quaenam
1321 2619 1396 2680 sit
1426 2617 1484 2679 ei
1514 2617 1750 2696 religio.
1787 2619 2116 2686 Mardarius

469 2717 614 2780 dixit
647 2738 660 2774 :
696 2713 834 2776 Sum
866 2713 1261 2775 Cbrisﬂanus.
1296 2712 1442 2773 Cum
1473 2718 1668 2771 autem
1701 2720 2011 2789 rogaretur
2039 2713 2114 2774 ab

468 2804 928 2889 apparitoribus,
964 2811 1029 2864 ut
1060 2802 1287 2864 diceret
1315 2817 1557 2875 nomen,
1591 2807 1649 2860 et
1679 2802 2110 2880 conditionem,

471 2907 533 2960 et
561 2895 836 2977 patriam,
867 2892 1266 2973 perseveravit
1295 2891 1554 2953 clamare
1592 2910 1605 2952 :
1639 2891 1782 2953 Sum
1823 2891 2112 2954 Christia-

467 3007 600 3050 nus.
657 2985 890 3048 Etcum
941 2983 1044 3045 diu
1093 2990 1422 3061 rogaretur,
1457 2979 1607 3042 nihil
1639 2980 1794 3043 aliud
1826 2984 1973 3044 dixit
1999 2985 2115 3048 nisi

465 3079 685 3158 solum,
717 3074 859 3138 Sum
893 3073 1115 3136 Christi
1144 3090 1372 3134 servus.
1419 3075 1564 3134 Cum
1594 3070 1723 3149 ejus
1751 3072 1948 3154 itaque
1975 3076 2115 3137 sim-

2198 1907 2302 1984 άσῃ
2348 1929 2415 1983 με
2457 1912 2484 1964 6
2540 1910 2805 1988 ἀνήμερος
2861 1911 3016 1978 λύκος
3083 1914 3258 1976 οὗτος.
3327 1915 3388 1972 Ὀ
3431 1913 3486 1970 δὲ
3541 1914 3690 1992 ἅγιος
3737 1918 3845 1974 Εὐ-

2199 1999 2444 2075 στράτιος
2504 1999 2660 2056 εἶπεν
2693 2016 2707 2031 ⁶
2755 2001 3033 2077 Ἐπίμενε,
3092 2001 3287 2084 ἀδελφέ
3339 2002 3625 2084 Μαρδάριε,
3679 2003 3843 2080 μόνον

2197 2085 2393 2166 λέγων,
2457 2092 2768 2167 Χριστιανός
2840 2094 2972 2166 εἰμι,
3047 2098 3273 2170 Χριστοῦ
3343 2090 3527 2156 δοῦλος
3586 2094 3842 2173 ὑπάρχων

2196 2177 2292 2233 καὶ
2363 2178 2532 2254 μηδὲν
2601 2179 2776 2254 ἕτερον
2833 2181 3138 2259 ἀποκρίνου,
3227 2182 3279 2238 εἴ
3337 2205 3389 2238 τι
3445 2181 3506 2240 ἂν
3563 2181 3698 2262 λέγῃ
3755 2187 3848 2240 καὶ

2199 2273 2352 2343 ποιῇ.
2403 2267 2689 2347 Ἀχθέντος
2731 2267 2787 2325 δὲ
2832 2271 3012 2350 αιῦτοῦ,
3064 2271 3270 2340 hacith
3301 2276 3480 2348 εἶπεν,
3535 2271 3846 2340 "Eat-natu.

2199 2359 2260 2414 Ὀ
2316 2355 2433 2422 δοὺξ
2486 2358 2641 2414 εἶπεν
2673 2375 2687 2389 ·
2737 2358 2796 2418 Ὀ
2867 2362 3057 2439 ἀρτίως
3133 2359 3466 2426 ἐπιδεδωκὼς
3525 2362 3711 2420 ἑαυτὸν

2199 2447 2480 2527 ερωτήσει,
2545 2448 2697 2512 οὗτος
2748 2447 3006 2514 διδαξάτω
3074 2449 3268 2526 ὄνομα,
3328 2450 3682 2532 ἐπιτήδευμα,
3756 2451 3854 2508 ὲν-

2199 2537 2525 2618 εγκαμένην,
2596 2539 2797 2618 τύχην,
2885 2541 2973 2595 καὶ
3043 2541 3234 2596 ὁποῖον
3320 2541 3463 2615 αὐτῷ
3531 2542 3590 2597 τὸ
3662 2539 3850 2609 σέϐας,

2200 2625 2495 2704 Μαρδάριος
2552 2631 2705 2684 εἶπεν
2741 2645 2754 2659 ⁸
2820 2632 3132 2706 Χριστιανός
3179 2631 3312 2706 εἰμι.
3353 2629 3732 2710 Ἐρωτώμενος
3795 2632 3852 2689 δὲ

2198 2717 2341 2794 παρά
2397 2724 2503 2774 τῶν
2556 2718 2828 2784 ταξιωτῶν
2871 2721 3042 2776 εἰπεῖν
3103 2723 3188 2776 καὶ
3246 2722 3308 2776 τὸ
3365 2721 3556 2797 ὄνομα,
3617 2723 3705 2777 καὶ
3749 2724 3850 2790 τὴν

2197 2808 2372 2885 τύχην
2415 2811 2503 2865 καὶ
2545 2810 2642 2876 τὴν
2700 2807 2945 2883 πατρίδα,
3011 2809 3236 2887 ἐπέμενε
3290 2811 3521 2890 κράζων,
3591 2817 3845 2890 Χριστια-

2197 2897 2290 2961 νός
2329 2899 2437 2973 εἰμι
2475 2913 2487 2928 ⁸
2548 2907 2636 2956 καί
2692 2899 2777 2958 ἐπὶ
2829 2899 2967 2956 πολὺ
3039 2901 3408 2980 ἐρωτώμενος,
3471 2900 3616 2957 οὐδὲν
3663 2901 3842 2979 ἕτερον

2198 2985 2406 3068 ἔλεγεν,
2449 2990 2602 3064 εἰμὴ
2647 2991 2834 3066 μόνον,
2891 2991 3202 3067 Χριστιανός
3245 2991 3378 3066 εἶμι,
3431 2997 3658 3068 Χριστοῦ
3712 2989 3841 3046 δοῦ-

2194 3090 2287 3140 Λος
2360 3079 2611 3158 ὑπάρχω,
2681 3071 2960 3157 Ἐωρακὼς
3019 3081 3108 3136 οὖν
3180 3080 3279 3146 τὴν
3334 3079 3691 3156 ἀκεραιότητα
3746 3081 3847 3134 αὑ·-

468 3168 792 3250 plicitatem
826 3173 886 3226 et
947 3163 1259 3242 puritatem
1321 3162 1560 3224 vidisset
1610 3165 1727 3222 dux
1757 3165 2108 3246 sceleratus,

2200 3176 2307 3236 τοῦ,
2363 3169 2391 3222 6
2450 3170 2639 3244 μιαρὸς
2685 3167 2800 3232 δοὺξ
2844 3169 3000 3224 εἶπεν
3037 3184 3049 3197 ⁸
3099 3169 3530 3244 Τρυπηθήτωσαν
3574 3169 3620 3222 οἱ
3649 3167 3847 3243 ἀστρά-

466 3246 653 3320 dixit:
687 3255 951 3318 Terebra
999 3253 1376 3314 terebrantur
1404 3251 1667 3312 caicanei
1701 3253 1920 3330 pedum
1954 3254 2107 3333 ejus,

2200 3254 2350 3332 γαλοι
2396 3261 2502 3310 τῶν
2546 3257 2720 3312 ποδῶν
2753 3260 2910 3314 αὑτοῦ
2949 3257 3211 3332 τρυπάνῃ,
3270 3256 3357 3310 καὶ
3405 3254 3666 3333 σχοινίοις
3721 3252 3844 3308 δια-

467 3357 526 3411 et
556 3346 799 3410 funibus
831 3345 1086 3421 trajecti,
1113 3341 1188 3404 ab
1233 3343 1378 3403 orbe
1428 3349 1574 3403 rotat
1607 3341 1927 3422 pendeant,
1961 3363 2110 3406 can-

468 3439 683 3500 dentes
721 3446 917 3498 autem
952 3433 1222 3510 obelisci,
1281 3437 1413 3511 ejus
1467 3442 1630 3509 tergo
1661 3431 2107 3510 admoveantur,

469 3536 534 3587 ut
565 3545 635 3588 ex
666 3527 778 3587 hoc
807 3523 1031 3586 ambitu
1064 3523 1167 3585 ﬁat
1211 3540 1374 3584 sanaa
1423 3523 1664 3598 mentis,
1700 3530 1756 3582 et
1791 3523 1864 3583 ad
1919 3523 2116 3584 danda

467 3635 754 3699 responsa
782 3615 1059 3678 idoneus.
1098 3618 1242 3676 Cum
1277 3615 1390 3674 hoc
1436 3621 1633 3673 autem
1680 3612 1898 3674 factum
1931 3622 2113 3694 esset,

467 3717 528 3771 et
555 3709 685 3789 ipse
712 3707 811 3769 diu
845 3705 1132 3786 penderet
1171 3721 1206 3764 a
1235 3703 1571 3776 calcaneis;
1608 3712 1666 3764 et
1701 3713 1976 3764 ureretur
2005 3721 2113 3762 su-

467 3799 648 3874 bulis,
682 3795 881 3860 emisit
936 3813 1166 3875 vocem,
1221 3794 1477 3855 dicens:
1542 3793 1814 3873 Domine,
1865 3810 1974 3869 ago
2007 3791 2112 3853 tibi

465 3891 707 3969 gratias,
736 3885 896 3967 quod
948 3903 1042 3946 me
1074 3884 1166 3945 his
1212 3883 1386 3945 bonis
1415 3882 1497 3944 sis
1527 3883 1822 3961 dignatus.
1852 3881 2109 3945 Deside-

463 3979 592 4042 ravi
621 3979 882 4040 salutare
913 3985 1104 4056 tuum,
1137 3985 1197 4036 et
1224 3973 1412 4036 amavi
1433 3973 1625 4054 ipsum
1657 3973 2107 4057 valde.Suscipe

464 4071 723 4132 animam
760 4085 952 4128 meam
987 4066 1044 4126 in
1070 4082 1257 4146 pace;
1291 4075 1511 4127 etcum
1546 4065 1670 4126 haec
1698 4064 1962 4143 dixisset,
1993 4074 2107 4128 tra-

463 4160 613 4222 didit
639 4158 935 4238 spiritum.

544 4344 728 4406 XVII.
765 4339 1041 4404 Dimissis
1070 4357 1212 4399 vero
1265 4342 1455 4398 sancti
1506 4339 1634 4416 ejus
1663 4337 1956 4419 reliquiis,
1989 4338 2106 4400 dux

463 4436 617 4498 dixit
643 4452 657 4497 :
692 4433 870 4496 Nudo
899 4445 1152 4508 corpore
1180 4427 1508 4488 adducatur
1538 4428 1714 4489 etiam
1765 4428 1838 4504 is,
1887 4429 1987 4508 qui
2019 4436 2108 4489 est

465 4544 536 4586 ex
567 4522 943 4588 Sataleorum
1001 4517 1247 4595 regione
1305 4515 1631 4594 Eugenius,
1688 4517 1810 4596 qui,
1846 4535 1980 4578 cum
2032 4518 2108 4578 de

2197 3345 2537 3422 περανθέντες
2620 3345 2718 3411 τῆς
2805 3343 3028 3420 ἄντυγος
3120 3343 3530 3422 ἀναρτάσθωσαν
3563 3361 3575 3378 ’
3660 3341 3842 3398 ὀϐελί-

2197 3455 2314 3489 σκοι
2379 3433 2433 3488 δὲ
2491 3433 2963 3508 πεπυρακτωμένοι
3048 3447 3165 3495 τοῖς
3251 3432 3598 3512 μεταφρένοις
3688 3435 3848 3489 αὑτοῦ

2199 3525 2739 3602 προσενεχθήτωσαν,
2799 3523 2944 3587 ὅπως
3003 3525 3065 3578 ἐκ
3119 3528 3220 3590 τῆς
3273 3525 3525 3589 τοιαύτης
3599 3521 3848 3602 περιόδου

2199 3614 2466 3692 φρενήρης
2525 3614 2746 3692 γένηται
2790 3616 2878 3670 καὶ
2925 3617 3104 3678 ἱκανὸς
3161 3615 3294 3692 πρὸς
3365 3615 3458 3675 τὰς
3510 3614 3844 3692 ἀποκρίσεις.

2199 3703 2394 3760 Τούτου
2471 3701 2525 3758 δὲ
2597 3703 2910 3785 γενομένου,
2997 3706 3086 3760 καὶ
3166 3703 3251 3760 ἐπὶ
3304 3703 3441 3760 πολὺ
3509 3702 3849 3784 κρεμαμένου

2196 3792 2352 3849 αὖ)τοῦ
2405 3792 2511 3850 ἀπὸ
2594 3799 2699 3849 τῶν
2771 3793 3118 3873 ἀστραγάλων
3192 3797 3278 3850 καὶ
3359 3796 3646 3870 καιομένου
3719 3805 3848 3858 ταῖς

2196 3881 2444 3947 σούϐλαις
2504 3883 2781 3960 ἀνέπεμψε
2834 3886 3016 3964 φωνὴν
3081 3883 3254 3963 λέγων
3287 3902 3306 3922 ⁶
3362 3886 3515 3963 Κύριε
3575 3882 3845 3958 Δέσποτα,

2190 3977 2499 4054 εὐχαριστῶ
2560 3995 2668 4054 σοι,
2749 3973 2830 4030 ὅτι
2899 3972 3232 4041 κατηξίωσάς
3307 3995 3374 4050 με
3447 3979 3554 4030 τῶν
3623 3973 3836 4051 ἀγαθῶν

2190 4067 2413 4124 τούτων.
2467 4062 2811 4130 Ἐπεπόθησα
2868 4065 2928 4119 τὸ
2971 4063 3237 4141 σωτηριόν
3285 4085 3378 4120 σου
3427 4065 3513 4120 καὶ
3574 4064 3840 4141 ἠγάπησα

2191 4155 2316 4210 αὑτὸ
2360 4150 2580 4233 σφόδρα,
2636 4151 2789 4219 Δέξαι
2847 4175 2949 4228 μου
3009 4154 3062 4210 ἐν
3107 4154 3291 4234 εἰρήνῃ
3347 4154 3447 4221 τὴν
3494 4155 3703 4232 ψυχήν.
3739 4156 3843 4210 Καὶ

2191 4250 2354 4300 ταῦτα
2382 4244 2566 4320 εἰπὼν,
2599 4240 2873 4320 παρέδωκε
2895 4246 2953 4299 τὸ
2985 4253 3214 4319 πνεῦμα.

2274 4336 2374 4395 ιΖ’.
2427 4336 2848 4416 Κατενεχθέντος
2890 4334 2944 4391 δὲ
2985 4343 3080 4394 τοῦ
3135 4339 3287 4416 ἁγίου
3349 4339 3508 4395 σιδτοῦ
3559 4335 3841 4416 λειψάνου,

2190 4429 2218 4482 'o
2247 4424 2364 4492 δοὺξ
2406 4427 2562 4483 εἶπεν
2597 4442 2612 4456 ⁸
2658 4427 3006 4506 Προσαγὲσθω
3049 4434 3236 4507 γυμνῷ
3276 4429 3354 4503 τῷ
3414 4427 3623 4504 σώματι
3668 4428 3754 4482 καὶ
3815 4431 3849 4483 6

2191 4516 2245 4572 ἐν
2301 4515 2369 4591 τῇ
2439 4516 2722 4574 Σαταλέων
2798 4519 3070 4596 Εὑγένιος,
3149 4524 3249 4586 τῆς
3312 4519 3451 4574 κατά
3521 4517 3848 4597 Εὑστράτιον

463 4612 761 4676 Eustratio
795 4608 1121 4671 haberetur
1169 4606 1440 4686 quaestio,
1494 4624 1678 4668 ausus
1736 4617 1828 4670 est
1883 4606 2109 4682 subire,

2200 4605 2505 4684 ἐρωτήσεως
2564 4606 2851 4685 γινομένης
2914 4607 3192 4685 τολμήσας
3252 4606 3552 4664 ἐπισελθεϊν
3587 4622 3600 4636 ⁸
3652 4607 3712 4661 ὃν
3782 4607 3848 4662 οὑ

464 4721 642 4783 quem
673 4719 790 4762 non
823 4698 956 4760 dico
983 4697 1412 4772 Christianum,
1447 4703 1509 4769 ut
1543 4697 1658 4777 ipsi
1689 4706 1961 4758 errantes
2007 4696 2105 4757 di-

465 4801 628 4868 cunt,
655 4791 758 4852 sed
793 4788 969 4868 plane
1000 4787 1465 4865 achreston,hoc
1494 4798 1609 4862 est,
1640 4787 2106 4851 inutilem.Cum

461 4881 595 4963 ipse
615 4888 813 4943 autem
837 4876 1435 4954 astitisset,dixerunt
1465 4881 1838 4957 apparitores
1871 4893 1884 4938 :
1919 4876 2107 4940 Adest

467 4968 929 5050 Eugenius.Dux
950 4966 1096 5028 dixit
1119 4987 1134 5024 :
1159 4966 1263 5029 Dic
1285 4965 1945 5044 mihi,sceleratissime,
1973 4969 2106 5048 quis

465 5064 657 5123 malus
686 5062 921 5121 daemon
954 5066 1008 5119 te
1041 5055 1214 5117 malis
1244 5055 1378 5116 fatis
1409 5065 1605 5118 actum
1629 5057 1702 5118 ad
1738 5065 1956 5118 tantam
1990 5060 2106 5117 im-

465 5152 616 5232 pulit
646 5148 977 5229 audaciam,
1013 5157 1074 5209 ut
1101 5164 1239 5208 cum
1272 5155 1431 5206 tanta
1461 5156 1518 5208 te
1563 5148 1868 5227 ingereres
1902 5147 2105 5228 impu-

464 5241 691 5317 dentia,
722 5249 782 5300 et
811 5239 984 5298 nihili
1013 5237 1245 5298 faceres
1262 5235 1478 5315 judicii
1499 5237 1934 5299 austeritatem?
1950 5236 2111 5298 Dixit

461 5341 704 5394 sanctus
732 5328 1037 5407 Eugenius
1072 5347 1085 5390 :
1124 5328 1282 5389 Deus
1329 5344 1521 5401 meus,
1546 5333 1643 5407 qui
1669 5344 1818 5407 quos
1846 5335 1908 5387 tu
1939 5326 2106 5407 colis,

464 5423 770 5484 daemones
803 5419 1022 5492 abolet,
1057 5418 1187 5498 ipse
1218 5415 1383 5478 dedit
1415 5416 1561 5478 mihi
1590 5415 1960 5496 virtutem,et
1986 5416 2109 5478 lar-

462 5515 618 5592 gitus
667 5519 756 5574 est
787 5511 930 5572 mihi
953 5508 1230 5571 fiduciam
1272 5517 1331 5568 et
1361 5506 1600 5568 dicendi
1627 5506 2008 5581 libertatem,
2044 5514 2111 5568 ut

461 5611 619 5665 tuam
653 5617 978 5681 conspuam
1006 5597 1447 5668 infelicitatem,
1479 5597 1725 5658 sordide
1755 5596 1946 5673 canis,
1983 5598 2108 5658 the-

458 5710 636 5755 sauro
665 5690 920 5771 Satanae,
957 5689 1063 5765 qui
1109 5699 1304 5749 tecum
1358 5685 1611 5747 traditur
1667 5689 1727 5748 in
1775 5686 2104 5754 interitum.

2189 4695 2332 4774 λέγω
2375 4698 2710 4777 Χριστιανὸν,
2755 4699 2828 4762 ὡς
2875 4701 3020 4754 αᾷτοὶ
3076 4697 3407 4773 πλανῶνται,
3475 4695 3597 4751 ἀλλ’
3653 4693 3847 4774 ἄχρη-

2188 4809 2334 4849 στον.
2394 4788 2763 4862 Παραστάντος
2808 4787 2864 4843 δὲ
2907 4789 3090 4869 αὑτοῦ,
3121 4789 3156 4856 ἡ
3195 4787 3338 4853 τάξις
3371 4787 3528 4844 εἶπεν
3565 4803 3579 4817 ·
3625 4786 3846 4851 ’Ἔστη-

2187 4897 2278 4934 κεν
2319 4875 2585 4953 Εὐγένιος.
2633 4873 2692 4934 Ὀ
2751 4875 2868 4942 δοὺξ
2906 4877 3064 4935 εἶπεν
3101 4893 3113 4906 ·
3182 4878 3313 4956 Λέγε
3371 4897 3490 4954 μοι,
3535 4875 3840 4954 παμμίαρε,

2187 4968 2265 5031 τίς
2321 4988 2378 5022 σε
2464 4970 2698 5049 πονηρὸς
2784 4967 3008 5044 δαίμων,
3099 4967 3185 5025 ἐπὶ
3259 4970 3430 5036 κακὴν
3510 4966 3846 5045 εἱμαρμένην

2191 5057 2411 5137 ἐλάσας,
2472 5058 2558 5114 ἐπὶ
2612 5068 2864 5118 τοσοῦτον
2943 5057 3114 5136 ἤγαγε
3194 5061 3440 5135 ορασους,
3493 5057 3631 5114 ὥστε
3700 5058 3849 5132 μετὰ

2190 5149 2454 5213 τοσαύτης
2509 5147 2768 5205 εἰσελθεῖν
2825 5146 3109 5224 ἀναιδείας,
3171 5151 3260 5204 καὶ
3316 5149 3372 5203 ἐν
3414 5147 3602 5224 μηδενὶ
3660 5148 3846 5205 θέσθαι

2191 5240 2254 5293 τὸ
2311 5239 2573 5315 αὐστηρὸν
2633 5246 2725 5295 τοῦ
2785 5236 3177 5317 δικαστηρίους
3241 5237 3302 5296 Ὀ
3379 5239 3532 5317 ἅγιος
3595 5237 3852 5316 Εὑγένιος

2193 5328 2350 5384 εἶπεν
2380 5345 2398 5365 ο
2465 5328 2523 5385 Ὀ
2571 5329 2700 5392 Θιός
2732 5351 2834 5404 μου
2868 5331 2896 5383 ὁ
2953 5334 3230 5408 μταργὼν
3287 5349 3380 5384 σου
3409 5330 3530 5392 τοὺς
3561 5327 3850 5410 δαίμονας,

2193 5420 2282 5481 οὒς
2341 5415 2496 5498 σέϐῃ,
2559 5419 2716 5483 αὐτὸς
2802 5416 3163 5496 ένεδυνάμωσέ
3245 5440 3340 5500 με,
3415 5421 3504 5476 καὶ
3553 5419 3855 5499 ἐχαρίσατό

2192 5532 2285 5586 μοι
2356 5509 2677 5588 παῤῥησίαν,
2747 5509 2840 5568 ’ίνα
2917 5512 3240 5568 καταπτύσω
3307 5513 3408 5579 τῆς
3481 5509 3856 5588 ταλαιπωρίας

2191 5622 2310 5679 σου,
2371 5601 2568 5679 ῥυπαρὲ
2607 5603 2754 5679 κύον,
2803 5603 2865 5658 τὸ
2925 5601 3207 5678 κειμήλιον
3235 5609 3327 5660 τοῦ
3358 5606 3594 5678 Σατανᾶ,
3627 5603 3722 5658 τοῦ
3748 5609 3854 5662 σὺν

2193 5696 2281 5748 σοί
2328 5694 2405 5758 εὶς
2466 5691 2740 5749 ἀπώλειαν
2825 5691 3269 5772 παραδιδομένου.
3335 5693 3395 5754 Ὀ
3452 5693 3568 5760 δουξ
3628 5694 3785 5751 εἶπεν
3830 5715 3846 5730 ο
