4132 6422
265 346 404 413 485
1198 339 1672 411 MARTYRIUM
1714 346 1775 410 S.
1821 339 2239 412 EUSTRATII
2285 345 2386 410 ET
2433 340 2835 408 SOCIORUM.
3592 348 3708 415 486

272 484 644 556 Ἐκκοπῆτω
698 485 736 551 ἦ
776 481 1095 564 ἓφύϐριστος
1124 481 1282 540 αὐτοῦ
1341 481 1560 563 γλῶττα
1597 503 1610 519 ·
1669 483 1969 563 ἀλλοτριω-

2068 479 2184 543 Dux
2215 479 2382 543 dixit:
2415 478 2861 544 Contumeliosa
2895 479 3028 559 ejus
3069 479 3273 558 lingua
3298 482 3704 566 exscindatur,

271 575 438 645 θήτω
487 573 558 631 δὲ
620 575 752 654 ξίφει
809 573 1079 652 ἑκατέρων
1131 579 1239 630 τῶν
1301 572 1528 654 χέιρῶν,
1582 572 1678 630 καὶ
1747 574 1969 650 βάκλοις

2068 588 2197 633 ense
2219 589 2358 632 vero
2393 569 2660 651 privetur
2688 569 2960 650 utrisque
3013 569 3314 650 manibus,
3370 579 3428 632 et
3481 571 3710 634 baculis

274 665 696 736 συνθλασθτίτω
747 665 816 722 τὰ
874 663 1042 731 σκέλη
1098 669 1204 720 τῶν
1253 661 1432 720 ποδῶν
1462 665 1643 743 αὖτοῦ,
1678 662 1826 729 ὅπως
1857 687 1971 722 σω-

2068 661 2510 739 confringantur
2538 658 2668 738 ejus
2699 658 2880 732 tibiae,
2917 667 2980 718 ut
3023 658 3082 720 in
3116 677 3225 721 nos
3255 677 3322 721 se
3350 666 3521 739 gerat
3554 670 3707 723 tem-

273 754 667 836 φρονέειν-τερον
724 756 859 834 πρὸς
915 757 1060 829 ἡμᾶς
1095 752 1352 831 διατεθῇ.
1432 753 1642 811 Τούτων
1702 752 1755 810 δὲ
1812 777 1970 834 γενο-

2068 747 2386 830 perantius.
2421 747 2526 810 His
2555 755 2751 810 autem
2785 747 2978 822 factis,
3015 748 3146 829 ipse
3179 767 3420 829 quoque
3462 749 3708 813 tradidit

275 844 500 921 μένων,
541 847 643 902 καὶ
671 845 830 908 αὐτὸς
862 841 1134 920 παρέδωκε
1162 843 1224 900 τὸ
1254 848 1484 918 πνεῦμα,

2068 838 2364 920 spiritum.

363 934 495 998 lﬂ’.
565 941 744 993 Ταῦτα
802 931 1006 1012 πράξας
1035 934 1064 990 6
1117 933 1307 1012 μιαρὸς
1350 929 1491 1005 δοὺξ,
1553 933 1626 996 εἷς
1679 935 1739 989 τὸ
1797 931 1973 992 πεδίον

2139 927 2346 992 XVIII.
2381 927 2517 990 Haec
2539 947 2676 992 cum
2706 927 2947 990 fecisset
2977 926 3095 990 dux
3120 927 3626 1009 sceleratus,exiit
3651 928 3710 990 in

273 1023 510 1098 ἐξῆλθε,
592 1022 883 1104 γυμνάσιον
967 1023 1059 1080 τὸν
1147 1021 1392 1096 στρατόν.
1459 1028 1561 1080 Τοῦ
1618 1020 1865 1098 ἂδουμίού
1921 1022 1976 1080 δὲ

2068 1037 2358 1099 campum,
2394 1027 2456 1080 ut
2479 1024 2789 1080 exerceret
2817 1022 3169 1080 exercitum.
3205 1017 3352 1080 Cum
3379 1026 3576 1078 autem
3609 1036 3711 1080 re-

279 1115 623 1192 γινομένου,
690 1113 916 1179 ἕκαστος
959 1113 1055 1181 τὴν
1111 1113 1167 1169 ἓν
1228 1125 1348 1176 τοῖς
1425 1110 1610 1176 ὅπλοις
1671 1112 1972 1190 ἐμπειρίαν,

2068 1117 2678 1192 censerenturmnusq
2688 1107 2898 1187 nisque
2920 1105 3438 1192 ostentabatsuam
3455 1106 3515 1166 in
3530 1108 3711 1168 armis

281 1187 636 1284 θεωροῦν-τος
697 1211 792 1261 τοῦ
848 1200 1056 1272 δουκὸς,
1104 1199 1491 1262 ἐπειδείκνυτο.
1552 1202 1650 1260 Καὶ
1694 1187 1758 1270 δὴ
1818 1187 1976 1281 Ὀρεξ-

2068 1189 2516 1269 experientiam,
2553 1188 2706 1250 duce
2756 1187 3244 1269 contemplante;
3295 1187 3539 1264 quidam
3571 1206 3709 1249 vero

287 1315 426 1360 στης
492 1315 587 1360 τις
641 1290 908 1369 τοῧνομα,
1001 1291 1133 1369 ἃνὴρ
1212 1289 1504 1368 εὐμεγέθης
1561 1291 1649 1348 καὶ
1711 1290 1975 1370 εὐπρεπὴς

295 1392 374 1458 τῷ
417 1381 597 1463 ε’ίόει,
659 1365 1013 1459 πρὸς-ὄνομα
1077 1365 1173 1438 κάΐ
1231 1365 1378 1446 τάξιν
1435 1379 1672 1452 κληθεὶς,
1734 1365 1974 1459 παρέστη

2068 1387 2280 1431 nomen
2313 1377 2554 1432 vocatus
2613 1377 2671 1430 et
2728 1367 3032 1446 ordinem,
3067 1366 3249 1428 astitit
3307 1366 3513 1447 Lysiae.
3563 1365 3707 1428 Cum

301 1478 381 1548 τῷ
466 1473 667 1546 Λυσίᾳ.
733 1470 1054 1536 Ἐπαινέσας
1146 1471 1199 1526 δὲ
1271 1475 1430 1530 αὐτοῦ
1503 1471 1598 1536 τὴν
1674 1470 1820 1543 θέαν,
1893 1475 1980 1528 καὶ

2068 1458 2266 1540 Lysias
2294 1467 2488 1520 autem
2524 1460 2653 1536 ejus
2711 1457 3012 1520 laudasset
3063 1456 3354 1537 speciem,
3409 1464 3468 1517 et
3500 1474 3709 1518 verum

311 1547 492 1631 ἄλη,θῆ
557 1561 896 1641 στρατιώτην
979 1559 1347 1641 ἀποκαλέσας,
1407 1558 1652 1617 ἰκὲλευσε
1711 1562 1846 1618 κατὰ
1889 1564 1980 1617 τοῦ

2068 1549 2420 1641 appellasset
2451 1548 2727 1628 militem,
2753 1547 3138 1641 jussitpilum
3165 1555 3442 1627 torquere
3463 1547 3537 1607 ad
3575 1564 3710 1607 sco-

318 1661 525 1710 σκοποῦ
592 1637 788 1729 βαλεῖν
844 1651 946 1719 τὴν
1002 1653 1242 1732 Λόγχην,
1307 1637 1408 1709 Kal
1462 1652 1646 1708 τούτου
1687 1650 1786 1718 τὴν
1815 1665 1979 1730 χεῖρα

2068 1641 2387 1719 pum.Cum
2411 1640 2460 1698 is
2485 1656 2626 1699 vero
2649 1656 2888 1698 manum
2915 1637 3252 1713 direxisset,
3289 1645 3346 1696 et
3367 1655 3531 1697 arma
3561 1655 3711 1697 con-

325 1743 605 1815 ὶθὸνοντος,
657 1742 746 1798 καὶ
805 1739 1108 1807 τινάξαντος
1179 1743 1241 1798 τὸ
1300 1740 1490 1815 ὅπλον,
1536 1742 1598 1797 τὸ
1656 1742 1978 1820 φορούμενον

2068 1728 2369 1804 cussissel,
2404 1747 2538 1810 quae
2564 1725 2638 1789 ab
2699 1746 2768 1789 eo
2820 1727 2880 1787 in
2929 1735 3172 1808 pectore
3228 1727 3529 1787 ferebatur
3570 1745 3714 1792 crux

2060 1279 2305 1342 Orestes
2329 1277 2689 1352 nomine,vir
2717 1295 2822 1358 pro
2838 1295 3011 1340 cerus
3042 1286 3102 1338 et
3131 1277 3318 1338 forma
3341 1277 3616 1352 decorus,
3636 1277 3709 1338 ad

346 1833 400 1886 ἱν
437 1839 510 1905 τῷ
558 1833 732 1902 στήθει
795 1829 958 1887 αὖτοῦ
1039 1832 1266 1910 χρύσεον
1323 1830 1563 1908 παυρίον
1617 1837 1711 1888 τοῦ
1771 1833 1980 1906 ἱματίου

356 1922 509 1977 αὐτοῦ
547 1920 864 2000 ἒπιναχθὲν,
927 1918 1116 1984 ἔξωθεν
1188 1920 1446 2000 ἀνεφάνη,
1504 1919 1641 1976 ὥστε
1697 1921 1978 1976 θεάσασθαι

346 2010 563 2088 πάντας,
614 2009 746 2066 ἀλλὰ
806 2011 918 2086 μὴν
977 2011 1066 2068 καὶ
1126 2011 1284 2066 αὐτὸν
1349 2011 1442 2066 τὸν
1501 2012 1715 2071 Λυσίαν,
1763 2016 1978 2080 Παραυο

337 2102 449 2156 τίκα
489 2100 655 2156 τοίνυν
714 2101 1068 2180 προσαχθεὶς,
1129 2099 1258 2167 ἔστη
1319 2099 1545 2167 πλησίον
1609 2108 1702 2158 τοῦ
1769 2099 1976 2163 δουκὸς.

329 2189 421 2246 Εἰαὲ
471 2185 654 2246 λαϐὼν
707 2191 736 2244 6
793 2189 986 2252 Λυσίας
1037 2195 1104 2265 τῇ
1150 2190 1293 2268 χειρὶ
1336 2191 1426 2246 τὸν
1470 2192 1715 2268 σταυρὸν,
1750 2189 1978 2246 ἐπυνθᾶ-

319 2299 437 2336 νετο
492 2281 547 2335 τί
581 2277 650 2334 ἅν
695 2278 790 2345 εἴη
817 2285 998 2340 τοῦτο.
1047 2281 1134 2346 Μὴ
1179 2279 1382 2352 καὶσὺ,
1435 2281 1586 2358 φησὶ,
1638 2285 1732 2336 τοῦ
1786 2279 1977 2335 ἐσταυ-

322 2367 560 2446 ρωμένου
619 2368 966 2448 τυγχάνειςς
1025 2371 1085 2426 Ὃ
1143 2367 1196 2424 δὲ
1259 2369 1414 2426 εἶπεν
1452 2384 1466 2398 ⁶
1521 2369 1720 2434 Δοῦλός
1753 2371 1859 2444 εἰμι
1890 2371 1983 2425 τοῦ

315 2457 728 2536 ἐσταυρωμένον.)
838 2457 1108 2516 Δεσπότου
1211 2479 1314 2534 μου
1415 2465 1570 2531 Θεοῦ,
1656 2459 1748 2516 καὶ
1828 2467 1981 2516 τοῦτο

312 2547 688 2627 φυλακτήριον
773 2546 1086 2626 ἐπιψέρομαι
1155 2548 1289 2626 πρὸς
1381 2546 1695 2626 ἀποτροπὴν
1766 2548 1980 2605 πάντων

310 2644 412 2694 τῶν
476 2635 872 2717 ἐπερχομένων
927 2659 1021 2712 μοι
1079 2643 1286 2700 κακῶν,
1317 2630 1375 2695 ’0
1427 2635 1542 2703 δοὺξ
1573 2640 1725 2694 εἶπεν
1762 2654 1776 2670 ⁸
1816 2639 1912 2697 Καὶ
1955 2641 1982 2694 6

305 2728 626 2803 θαυμαστὸς
689 2726 839 2790 οὗτος
898 2727 1252 2804 στρατιώτης,
1334 2726 1590 2792 συνδεθεὶς
1672 2733 1748 2800 τῷ
1805 2727 1982 2804 δημίῳ

304 2816 502 2890 ἐκείνῳ
569 2817 898 2896 Εὗστρατίῳ,
957 2815 1170 2879 σύνοδος
1248 2818 1389 2891 αὒτῷ
1474 2817 1528 2874 ἐν
1588 2823 1656 2893 τῇ
1708 2815 1984 2898 ὁδοιπορίᾳ

306 2905 554 2985 γενέσθω
587 2921 602 2936 ⁸
668 2906 920 2985 εὐκαίρως
977 2905 1077 2974 τῆς
1135 2903 1258 2963 κατ’
1313 2905 1484 2962 αὗτῶν
1557 2905 1870 2984 ἐρωτήσεως
1927 2907 1981 2963 ἐν

303 3003 378 3073 τῇ
456 2995 850 3053 Νικοπολιτῶν
919 2995 1328 3076 ἇχθησομένης.
1410 2996 1847 3074 Παραγενομένου
1923 2994 1978 3052 δὲ

305 3088 408 3145 τοῦ
453 3085 659 3143 Λυσίου
715 3085 772 3141 ἐν
825 3091 894 3163 τῇ
939 3085 1306 3144 Νικοπολιτῶν
1349 3086 1528 3160 πόλει,
1588 3084 1724 3142 πολὺ
1773 3084 1976 3152 πλῆθος

2062 1836 2265 1892 aurea,
2293 1836 2325 1879 e
2355 1827 2518 1880 veste
2545 1816 2676 1896 ejus
2709 1835 2980 1892 excussa,
3011 1816 3385 1878 extrinsecus
3412 1819 3709 1896 apparuit,

2063 1907 2145 1968 ita
2178 1917 2244 1968 ut
2276 1925 2484 1970 omnes
2515 1925 2645 1968 eam
2679 1913 3086 1980 cernerent,et
3119 1906 3245 1986 ipse
3273 1906 3455 1967 etiam
3487 1906 3710 1986 Lysias.

2065 1998 2272 2060 Statim
2302 2006 2501 2059 autem
2550 1995 2868 2075 adductus,
2923 1996 3086 2056 stetit
3120 2011 3307 2073 prope
3339 1994 3556 2056 ducem
3593 2018 3605 2057 :
3657 2003 3716 2056 et

2064 2107 2197 2148 cum
2224 2106 2400 2148 manu
2419 2105 2657 2148 crucem
2683 2088 3012 2165 accepisset
3034 2084 3254 2164 Lysias,
3283 2085 3506 2162 rogavit
3539 2085 3711 2164 quid-

2065 2196 2201 2238 nam
2237 2177 2349 2239 hoc
2382 2184 2537 2238 esset
2571 2195 2584 2236 :
2625 2175 2901 2255 Nunquid
2927 2184 2988 2237 tu
3011 2192 3247 2254 quoque
3270 2192 3359 2250 es,
3395 2174 3607 2253 inquit,
3642 2193 3713 2237 ex

2065 2267 2138 2328 iis
2168 2267 2269 2344 qui
2303 2273 2441 2328 sunt
2471 2265 2729 2347 partium
2792 2265 3114 2326 Cruciﬁxi?
3169 2262 3279 2325 Ille
3326 2282 3463 2325 vero
3512 2263 3660 2326 dixit
3693 2283 3706 2325 :

2065 2356 2208 2420 Sum
2232 2374 2438 2418 servus
2463 2354 2728 2418 crucifixi
2752 2355 2991 2417 Domini
3015 2353 3132 2416 mei
3168 2353 3293 2429 Dei,
3318 2361 3376 2415 et
3405 2353 3517 2415 hoc
3547 2363 3712 2433 gesto

2066 2445 2395 2508 amuletum
2429 2445 2503 2507 ad
2562 2444 2765 2506 omnia
2816 2443 2971 2506 mala
3018 2443 3363 2524 avertenda,
3405 2461 3535 2524 quae
3567 2443 3714 2506 mihi

2066 2534 2374 2615 ingruunt.
2404 2533 2744 2609 Duxdixit:
2790 2533 2899 2595 Hic
2941 2552 3175 2613 quoque
3208 2533 3489 2613 egregius
3516 2534 3710 2616 miles,

2067 2625 2257 2689 victus
2306 2644 2440 2688 cum
2475 2625 2575 2687 illo
2608 2624 2886 2686 carniﬁce
2940 2623 3264 2699 Eustratio,
3297 2623 3364 2682 fit
3415 2624 3470 2684 ei
3513 2641 3716 2686 comes

2065 2713 2127 2776 in
2151 2718 2405 2796 via,cum
2439 2723 2774 2796 opportune
2799 2715 2872 2776 sit
2894 2712 2970 2775 de
2995 2713 3083 2774 eis
3113 2712 3424 2774 habendas
3452 2715 3710 2791 quaestio

2064 2804 2126 2866 in
2158 2805 2393 2867 civitate
2424 2803 2856 2884 Nicopolitana.
2895 2800 3040 2864 Cum
3073 2803 3335 2863 venisset
3362 2811 3561 2865 autem
3599 2807 3708 2882 Ly-

2065 2895 2186 2954 sias
2217 2894 2277 2954 in
2310 2894 2607 2955 civitatem
2642 2892 3373 2971 Nicepolitanam,magna
3398 2893 3714 2956 multitudo

2063 2982 2316 3062 legionis
2347 2983 2624 3057 militum,
2683 3001 2816 3061 quae
2868 2991 2995 3042 erat
3049 2983 3109 3041 in
3160 2983 3416 3060 civitate,
3469 2983 3541 3044 ad
3576 3003 3712 3046 eum

2064 3079 2538 3148 accesserunt,et
2563 3091 2771 3135 omnes
2801 3090 2912 3132 una
2947 3089 3088 3133 voce
3105 3072 3438 3134 clamabant
3467 3091 3480 3134 :
3517 3076 3710 3155 Lysia,

307 3183 420 3233 τῶν
484 3181 835 3250 στρατιωτῶν
871 3161 879 3163 ὴ
922 3176 1018 3244 τῆς
1091 3174 1355 3254 λεγεῶνος
1428 3181 1521 3243 τῆς
1583 3175 1638 3232 ἐν
1693 3181 1762 3252 τῇ
1827 3173 1980 3232 πόλει

2068 3181 2174 3224 nos
2223 3181 2464 3241 quoque
2524 3180 2729 3225 sumus
2781 3161 3000 3224 milites
3052 3164 3287 3224 Domini
3333 3164 3520 3225 nostri
3569 3165 3714 3228 .lesu

309 3264 628 3344 προσ-ἦλθον
685 3264 850 3345 αὐτῷ,
927 3267 1014 3322 καὶ
1071 3266 1264 3331 πάντες
1340 3273 1444 3338 μ.ιᾷ
1501 3271 1654 3346 φωνῇ
1712 3265 1926 3344 ἔκραζον
1963 3286 1976 3300 ·

315 3357 511 3430 Aonian,
573 3355 668 3412 καὶ
724 3355 889 3430 ἡμεῖς
963 3356 1284 3432 στρατιῶταί
1339 3357 1500 3432 ἔσμεν
1556 3363 1651 3412 τοῦ
1712 3356 1984 3414 Δεσπότου

319 3445 474 3518 ἡμῶν
525 3452 760 3523 Χριστοῦ
793 3461 806 3475 ⁸
855 3446 1054 3502 ποίειὸ
1082 3443 1275 3511 θέλεις.
1310 3447 1369 3503 '0
1418 3444 1473 3502 δὲ
1516 3447 1578 3502 τὸ
1633 3445 1732 3521 μὲν
1773 3453 1985 3526 πρῶτον

330 3532 620 3613 ἐξεπλάγη,
668 3531 942 3614 φοϐηθεὶς,
977 3535 1054 3610 μή
1115 3557 1162 3590 τι
1224 3535 1590 3613 νεωτερισθείη
1621 3533 1742 3592 κατ’
1778 3535 1933 3595 αὐτοῦ
1967 3554 1980 3567 ’

333 3622 512 3681 ἔπειτα
565 3623 624 3679 δὲ
697 3623 944 3702 ἐγνωκὼς
1005 3624 1085 3681 ὅτι
1144 3626 1218 3686 ὡς
1265 3623 1505 3703 πρόϐατα
1567 3625 1782 3688 ἑαυτοὺς
1840 3647 1980 3700 παρ-

329 3711 556 3788 έδωκαν,
613 3712 869 3776 λύσαντες
923 3715 1011 3772 καὶ
1069 3715 1164 3778 τὰς
1230 3719 1401 3785 ζώνας
1487 3715 1713 3789 ἑαυτῶν,
1774 3713 1983 3782 συλλη-

344 3802 539 3881 Ῡθῆναι
590 3804 709 3868 τοὺς
783 3804 984 3870 πάντας
1065 3803 1332 3881 ἐκέλευσε,
1393 3806 1481 3862 καὶ
1537 3802 1778 3870 δεθέντας
1851 3808 1983 3862 διαθ-

347 3893 632 3969 ειρχθῆναο.
719 3892 848 3952 Καθ’
929 3893 1115 3951 ἑαυτὸν
1204 3893 1258 3950 δὲ
1327 3894 1639 3971 γενόμενος,
1699 3893 1984 3952 ἐσκέπτετο

335 3987 448 4044 πῶς
505 3981 568 4038 ἂν
596 3983 828 4040 διάθοιτο
856 3988 954 4051 τὴν
983 3984 1121 4041 κατὰ
1165 3987 1272 4041 τῶν
1329 3984 1496 4064 ἁγίων
1553 3982 1847 4056 ἀπώλειαν,
1897 3986 1983 4041 καὶ

324 4073 403 4148 μὴ
447 4073 708 4152 σύγχυσίς
753 4095 834 4138 τις
866 4072 1088 4152 γένηται
1121 4074 1152 4142 ἢ
1184 4074 1326 4154 παρὰ
1373 4072 1715 4149 συμπολιτῶν
1766 4073 1801 4142 ἣ
1847 4096 1981 4154 συγ-

324 4163 500 4239 τενῶν
562 4164 758 4222 αὖτῶν.
820 4162 1134 4241 Ἐξαιρέτως
1193 4162 1248 4220 δὲ
1307 4161 1486 4220 ἐδεδίει
1530 4165 1621 4220 τὸν
1665 4163 1816 4241 ἅγιον
1873 4167 1981 4222 Εὗ-

321 4252 578 4330 στράτιον
633 4253 710 4327 μή
765 4275 898 4311 ποτε
953 4256 1097 4318 αὖθις
1157 4259 1263 4310 τῶν
1319 4253 1566 4330 βασάνων
1633 4255 1777 4328 αὐτῷ
1807 4275 1980 4331 προσ-

322 4340 618 4418 αγομένων
677 4343 871 4417 ὁμοίως
924 4345 1374 4423 θαυματουργήσῃ
1431 4365 1505 4417 τι,
1561 4345 1649 4400 καὶ
1706 4347 1766 4402 οὗ
1821 4342 1983 4419 μὸνον

320 4433 446 4494 τοὺς
512 4429 618 4499 ἥδ-
675 4435 1018 4512 Χριστιανοὺς
1071 4435 1292 4513 στηρίζῃ
1335 4435 1408 4497 εἷς
1452 4434 1551 4501 τὴν
1602 4435 1800 4514 πίστιν,
1845 4432 1982 4490 ἀλλὰ

317 4523 416 4576 καὶ
475 4521 603 4583 τοὺς
689 4521 960 4600 "aning
1035 4525 1349 4600 μεταστήσῃ
1423 4529 1522 4591 τῆς
1580 4529 1684 4580 τῶν
1752 4521 1982 4579 εἰδώλων

318 4611 644 4690 Θρησκείας.
703 4595 910 4677 τἘδοξεν
996 4614 1085 4670 οὗν
1176 4613 1318 4687 αὐτῷ
1392 4619 1460 4689 τῇ
1520 4610 1642 4680 ἑξῆς
1700 4610 1983 4669 ἀναστάντι

318 4704 598 4780 «pusum,
659 4700 1015 4780 παραπέμψαι
1059 4700 1114 4757 ἒν
1155 4707 1224 4778 τῇ
1282 4701 1637 4770 Σεϐαστηνῶν
1693 4701 1848 4759 πόλει
1908 4709 1984 4776 τῷ

320 4787 674 4868 Ἀγρικολάφ
725 4791 813 4846 τὸν
867 4789 1022 4870 ἅγιον
1109 4791 1425 4870 Εὖστράτιον
1493 4792 1580 4848 καὶ
1662 4793 1746 4848 τὸν
1831 4792 1983 4870 ἅγιον

2067 3253 2328 3330 Christi;
2364 3254 2453 3314 fac
2480 3252 2634 3333 quod
2663 3251 2834 3312 velis.
2874 3251 2976 3313 llle
3009 3269 3148 3313 vero
3183 3253 3438 3332 primum
3473 3256 3714 3335 quidem

2070 3343 2181 3406 fuit
2231 3343 2696 3424 obstupefactus,
2765 3343 2980 3403 timens
3040 3360 3114 3403 ne
3165 3343 3383 3423 aliquid
3437 3346 3569 3406 novi
3601 3347 3712 3407 ad-

2069 3451 2273 3495 versus
2304 3451 2439 3494 eum
2472 3433 2849 3494 innovarent.
2884 3430 3114 3494 Deinde
3143 3451 3277 3495 cum
3313 3435 3710 3515 cognovisset,

2071 3522 2225 3603 quod
2260 3523 2408 3584 sicut
2441 3541 2581 3584 oves
2604 3522 2835 3602 seipsos
2867 3522 3264 3604 tradiderunt,
3311 3525 3522 3587 solutis
3549 3525 3714 3588 zonis

2070 3615 2215 3686 suis,
2243 3614 2427 3692 jussit
2455 3613 2616 3694 ipsos
2661 3612 3116 3692 comprehendi,
3144 3621 3201 3675 et
3241 3613 3466 3676 vinctos
3497 3616 3714 3696 conjici

2067 3702 2128 3763 in
2153 3721 2456 3765 carcerem
2480 3724 2492 3761 :
2519 3701 2674 3783 apud
2699 3721 2763 3764 se
2781 3710 2975 3764 autem
2996 3702 3413 3766 considerabat
3433 3706 3714 3784 quemad-

2071 3791 2310 3853 modum
2343 3793 2402 3853 in
2435 3792 2655 3854 sanctis
2706 3791 3032 3873 perdendis
3087 3811 3153 3855 se
3208 3802 3469 3872 gereret,
3504 3802 3563 3856 et
3594 3814 3712 3857 non

2067 3891 2224 3942 esset
2249 3898 2279 3944 a
2299 3879 2754 3962 Nicopolitanis,
2777 3889 2874 3942 aut
2893 3881 2966 3942 ab
2987 3901 3195 3944 eorum
3224 3882 3488 3964 cognatis
3514 3885 3714 3965 aliqua

2067 3971 2678 4050 confusio.l’rmcipue
2698 3981 2896 4032 autem
2918 3973 3170 4035 timebat
3190 3984 3460 4038 sanctum
3482 3974 3716 4038 Eustra—

2069 4061 2324 4137 tium,ne
2353 4063 2401 4123 si
2431 4078 2638 4122 rursus
2661 4061 2714 4124 ei
2738 4061 3101 4124 inferrentur
3146 4071 3464 4147 tormenta,
3491 4067 3718 4130 faceret

2067 4153 2344 4215 similiter
2373 4151 2610 4232 aliquod
2637 4152 2986 4213 miraculum
3017 4171 3030 4212 :
3059 4161 3117 4214 et
3148 4173 3266 4216 non
3297 4158 3489 4218 solum
3513 4157 3573 4218 in
3597 4156 3716 4220 fide

2067 4242 2453 4304 conﬁrmaret
2471 4241 2704 4320 eos,qu
2725 4241 2851 4321 jam
2886 4249 3056 4303 erant
3084 4242 3542 4322 Christiani,sed
3567 4265 3708 4326 gen-

2068 4333 2202 4396 tiles
2255 4351 2491 4412 quoque
2541 4332 2884 4394 traduceret
2933 4351 2966 4393 a
3013 4334 3173 4396 cultu
3219 4332 3702 4400 simulacrorum.

2067 4423 2272 4486 Visum
2305 4429 2396 4485 est
2424 4440 2566 4500 ergo
2599 4427 2677 4502 ei,
2726 4440 2862 4484 cum
2898 4439 3072 4484 mane
3101 4424 3482 4507 surrexisset,
3509 4435 3708 4508 trans-

2069 4514 2304 4575 mittere
2323 4513 2394 4574 ad
2419 4513 2755 4592 Agricolam
2782 4511 2844 4572 in
2893 4513 3186 4574 civitatem
3220 4513 3703 4598 Sebastenorum,

2066 4613 2336 4666 sanctum
2369 4603 2733 4665 Eustratium
2763 4612 2823 4667 et
2843 4611 3108 4666 sanctum
3141 4604 3588 4672 Orestemﬂum
3612 4628 3708 4672 es-

2068 4703 2162 4756 set
2193 4697 2392 4774 itaque
2415 4692 2568 4769 dies,
2586 4694 2770 4774 jussit
2800 4695 2913 4756 hoc
2945 4694 3408 4776 fieri,publicam
3439 4698 3716 4768 scribens

2068 4788 2378 4870 epistolam
2408 4787 2480 4849 ad
2514 4785 2885 4867 Agricolaum
2919 4786 3032 4848 hoc
3063 4788 3240 4850 modo
3274 4805 3289 4851 :

2068 4881 2228 4912 -.'-..E-
2314 4880 2546 4912 -.-_...'-A...
2664 4880 2868 4912 ..-.'..t...-
2957 4879 3239 4912 l-.--..i-J-.

318 4879 622 4959 Ὀρέστην.
697 4881 794 4938 Καὶ
875 4878 942 4950 δὴ
1023 4880 1228 4959 ἡμέρας
1312 4881 1630 4962 γειναμένης,
1705 4888 1860 4940 τοῦτο
1943 4881 2230 4964 προσέταξε
2314 4880 2575 4958 γενέσθαι,
2664 4880 2868 4958 γράψεις
2954 4879 3240 4948 ἒπιστολῆν
3324 4880 3555 4959 δημοσίᾳ
3636 4891 3716 4961 τῷ

322 4967 691 5049 ’Δγρικολάῳ,
716 4969 1070 5051 περιέχουσαν
1112 4971 1273 5032 οὕτω.

410 5059 527 5119 ΙΘ’.
566 5079 590 5116 ι
629 5064 714 5134 Τῷ
771 5059 1332 5140 μεγαλοπρεπεστάτῳ
1372 5063 1598 5141 ἡγεμόνι
1649 5062 1986 5143 Ἀγρικολάῳ

2151 5059 2301 5125 ΧΙΧ.
2335 5087 2360 5116 α
2391 5060 2969 5139 Magnificentissimo
2992 5061 3306 5142 Agricolao
3330 5064 3448 5126 dux
3480 5065 3679 5145 Lysias
3705 5084 3720 5129 :

321 5152 528 5212 Λυσίας
572 5147 709 5215 δούξ.
772 5149 862 5207 Ἐν
915 5151 1064 5226 πάσῃ
1125 5157 1194 5229 τῇ
1247 5149 1334 5232 ἔντ’
1365 5150 1514 5220 ἥλιεν
1546 5151 1600 5209 ἐν
1630 5151 1796 5211 οὐδενὶ
1824 5154 1980 5234 ἑτέρῳ

2069 5154 2218 5215 Cum
2243 5151 2303 5213 in
2327 5152 2605 5212 universa
2629 5159 2948 5232 terra,quie
2971 5160 3061 5214 est
3083 5153 3194 5214 sub
3229 5153 3378 5230 sole,
3417 5155 3723 5218 neminem

320 5237 703 5321 ἀκριϐέστερον
769 5241 832 5297 τὰ
882 5241 980 5307 τῆς
1041 5242 1359 5317 οἰκουμένης
1435 5241 1712 5322 ἀπόῤῥητα
1788 5242 1980 5319 διερευ·

2071 5250 2316 5304 nossent
2345 5237 2704 5302 divinissimi
2726 5244 2910 5304 nostri
2937 5245 3355 5325 imperatores,
3383 5247 3486 5322 qui
3509 5247 3728 5309 melius

324 5334 527 5388 νᾶσθαι
569 5332 643 5395 ὡς
687 5328 742 5388 ἐν
788 5331 872 5386 σοί
903 5329 1098 5396 εἰδότες
1130 5333 1176 5388 οἱ
1219 5333 1481 5389 θειότατοι
1515 5333 1672 5409 ἡμῶν
1709 5332 1980 5416 βασῖλεῖς1

2073 5332 2324 5395 scrutari
2357 5340 2559 5412 posset
2583 5349 2798 5394 arcana
2837 5333 3000 5395 orbis
3029 5342 3229 5408 terrae,
3267 5335 3546 5414 regendas
3579 5354 3724 5418 pro-

322 5422 427 5488 τὴν
482 5421 584 5488 τῆς
651 5419 830 5500 ἀρχῇ
892 5418 1125 5486 ἐξουσίαν
1165 5418 1478 5482 δεδώκασιν.
1535 5418 1725 5484 ’Ἱσασι
1755 5423 1856 5504 γὰρ
1885 5445 1980 5481 σα-

2075 5422 2284 5484 vinciae
2338 5421 2440 5483 tibi
2506 5420 2805 5484 dederunt
2866 5431 3240 5504 potestatem.
3286 5428 3512 5506 Aperte
3561 5426 3726 5489 enim

323 5517 442 5593 φῶς
506 5507 754 5568 δύνασθαι
814 5509 958 5586 παρὰ
1023 5512 1103 5568 σοὶ
1163 5513 1251 5568 καὶ
1315 5511 1409 5576 τὰς
1468 5511 1657 5578 νύκτας
1713 5512 1808 5570 ἴσα
1865 5527 1980 5578 ταῖς

2072 5511 2286 5585 sciunt,
2317 5519 2374 5574 te
2408 5528 2584 5592 posse
2613 5511 3001 5594 noctes,sicut
3027 5512 3262 5589 dies,ad
3294 5515 3726 5598 rempublicam

322 5601 558 5681 ἡμέραις
620 5601 694 5664 εἷς
756 5599 860 5668 τήν
920 5598 1022 5654 τῶν
1077 5599 1348 5678 δημοσίων
1392 5603 1719 5681 πραγμάτων
1766 5602 1980 5672 ἀντίλη-

2074 5601 2514 5664 defendendam
2561 5619 2939 5665 consumere.
2975 5603 3117 5678 Qua:
3146 5604 3408 5666 dormire
3440 5624 3559 5666 non
3587 5622 3727 5686 pos-

325 5700 417 5770 ψιν
510 5689 846 5750 ἀναλίσκειν.
941 5687 1236 5768 Ἐδάμασαν
1321 5692 1416 5771 γὰρ
1470 5692 1592 5756 τοὺς
1665 5692 1980 5771 ἀκοιμήτους

2077 5701 2216 5753 sunt
2249 5693 2446 5773 itaque
2476 5691 2678 5754 stellas
2709 5692 2876 5773 prius
2921 5712 3168 5757 somnus
3197 5693 3517 5770 domuerit,
3550 5708 3726 5777 quam
