4132 6412
432 323 550 398 487

1735 333 2020 402 MENSIS
2067 331 2493 400 DEGEMBER.

3703 329 3823 403 488

436 475 570 530 tuos
598 465 806 529 oculos
827 457 1102 546 sopierit,
1125 459 1316 528 donec
1337 464 1611 528 eﬂ‘ectum
1630 467 1810 529 fuerit
1830 463 2066 548 td,quod

2165 465 2385 545 ἀστέρας
2443 466 2491 522 οἱ
2535 463 2714 545 ὕπνοι,
2760 467 2796 535 ἢ
2860 466 2922 523 τὰ
2979 467 3049 524 σὰ
3101 461 3320 542 ὅμματα
3365 465 3665 543 ἱκοίμισαν,
3697 471 3819 545 πρὶν

436 556 646 619 studes
676 554 749 616 ad
784 554 1094 616 utilitatem
1129 554 1566 632 universorum,
1591 565 1651 618 et
1679 562 1743 617 ut
1766 555 1953 617 semel
1981 554 2080 616 di—

435 664 594 726 cam,
629 663 762 707 cum
787 644 941 724 apud
968 653 1024 704 te
1041 643 1230 704 solum
1254 662 1549 706 summam
1575 645 1774 706 inesse
1791 644 2082 707 vidissent

438 752 918 816 unamquamque
946 741 1198 814 partem,
1235 735 1450 796 merito
1476 735 1676 814 hujus,
1712 752 1887 816 quam
1920 751 2080 796 nunc

435 825 696 900 obtines,
731 822 1282 904 administrationis,
1311 842 1442 906 quae
1475 823 1623 886 nihil
1655 824 1836 886 habet
1865 832 2079 886 conte-

433 914 786 988 mnendum,
821 912 1168 992 dignitatem
1201 913 1623 993 permiserunt.
1649 911 1941 988 Quocirca
1969 931 2078 992 ego

435 1021 668 1084 quoque
693 1001 860 1064 testis
891 1010 1005 1063 tam
1042 1006 1381 1077 multarum,
1433 1021 1564 1084 quae
1621 1002 1682 1064 in
1739 1009 1796 1065 te
1849 1003 2072 1077 insunt,

431 1110 633 1154 rerum
659 1089 1032 1173 praestantiae,
1069 1093 1228 1154 hunc
1257 1091 1331 1154 ad
1361 1101 1419 1154 te
1454 1094 1720 1154 vinctum
1755 1091 1922 1153 mitto
1955 1091 2076 1154 Eu-

432 1181 727 1260 stratium,
762 1180 862 1261 qui
915 1197 1123 1243 eorum
1161 1183 1258 1263 qui
1292 1181 1574 1243 dicuntur
1602 1181 2075 1245 Christianorum

430 1287 643 1349 magno
681 1269 888 1331 morbo
919 1269 1189 1332 laborat:
1224 1273 1479 1333 maxime
1505 1289 1640 1332 cum
1674 1269 1821 1332 nihil
1857 1270 2076 1350 possim

425 1358 722 1435 invenire,
755 1358 916 1436 quod
947 1358 1203 1422 sufﬁciat
1259 1360 1331 1421 ad
1385 1360 1774 1422 avertendum
1830 1359 2078 1442 audacia

429 1449 561 1529 ejus
590 1449 924 1530 cmpta,sed
959 1450 1069 1510 etsi
1101 1451 1251 1529 ejus,
1279 1468 1408 1531 qua:
1442 1449 1586 1512 mihi
1616 1449 1819 1524 servit,
1849 1448 2077 1511 militias

431 1539 723 1600 honorem
758 1547 915 1600 esset
943 1547 1272 1621 assecutus,
1308 1539 1516 1620 majori
1569 1538 1850 1620 superbia
1875 1539 2074 1600 animo

429 1637 688 1704 erectus,
721 1627 897 1690 desiit
926 1630 983 1689 in
1014 1630 1462 1692 contumeliam.
1494 1629 1661 1701 Quod
1713 1629 1763 1690 si
1806 1629 2074 1690 intenta-

425 1735 553 1780 rem
587 1725 833 1792 metum,
871 1737 976 1780 sua
1027 1720 1365 1798 arrogantia
1408 1719 1879 1799 circumscripsit
1909 1719 2070 1780 futu-

2163 556 2198 625 ἣ
2258 558 2320 613 τὸ
2379 555 2788 637 φροντιζόμενόν
2850 578 2935 614 σοι
2994 557 3084 614 ἐπὶ
3139 553 3437 630 λυσιτελείᾳ
3492 563 3584 614 τοῦ
3639 565 3820 616 κοινοῦ

2162 645 2548 725 επιτελεσθείη,
2606 647 2694 703 καὶ
2749 644 2930 712 ἁπλῶς
2991 645 3216 704 ἕκαστον
3279 645 3475 724 ἀρετῆς
3528 647 3818 725 ἀκρότατον

2164 736 2322 814 μέρος
2382 736 2522 815 παρὰ
2570 737 2651 793 σοὶ
2696 737 2845 812 μόνῳ
2895 736 3213 816 ἑωρακότες,
3249 734 3498 816 εἰκότως,
3527 741 3633 804 τῆς
3673 738 3818 814 παρὰ

2161 832 2256 882 σοῡ
2311 827 2399 882 νῦν
2453 824 2761 901 ίθυνομένης
2847 825 3029 905 ἀρχῆς
3117 822 3268 881 οὐδὲν
3353 826 3817 907 εὐκαταφρόνητον

2162 913 2424 995 ἐχούσης,
2485 915 2584 982 τὴν
2642 912 2877 980 ἕξουσίαν
2919 915 3242 994 ἐπέτρεψαν.
3281 915 3376 971 Διὸ
3405 915 3578 995 κάγὼ,
3614 916 3814 995 μάρτυς

2159 1002 2234 1061 ὢν
2293 1004 2402 1060 τῶν
2452 1005 2707 1062 τοιούτων
2764 1026 2862 1064 σου
2915 1003 3426 1080 πλεονεκτημάτων,
3499 1005 3812 1082 Εὖστράτιον

2159 1104 2346 1155 τοῦτον
2404 1095 2661 1175 πέπομφά
2717 1117 2802 1153 σοι
2845 1094 3084 1171 δέσμιον,
3140 1093 3330 1167 πολλῷ
3385 1093 3650 1170 νοσήματι
3705 1100 3814 1150 τῶν

2159 1183 2465 1263 λεγομένων
2525 1190 2852 1263 Χριστιανῶν
2941 1183 3366 1264 κεκρατημένον,
3441 1189 3519 1257 τῷ
3576 1182 3813 1259 μάλιστα

2159 1272 2436 1353 εὖρηκέναι
2487 1270 2634 1330 οὐδὲν
2707 1271 2962 1352 αὔταρκες
3038 1279 3114 1349 τῇ
3168 1278 3378 1349 πονηρᾷ
3437 1273 3596 1331 αὐτοῦ
3650 1272 3809 1352 φύσει

2159 1363 2289 1441 πρὸς
2347 1361 2659 1440 ἀποτροπὴν
2705 1369 2798 1418 τοῦ
2841 1361 3044 1419 ἀτόπου
3099 1359 3475 1438 τολμήματος,
3527 1358 3665 1416 ἀλλὰ
3710 1357 3809 1418 κᾶν

2158 1451 2432 1529 στρατείας
2488 1456 2586 1518 τῆς
2642 1448 3131 1528 έξυπηρέτουμένης
3176 1473 3268 1526 μοι
3327 1451 3424 1507 καί
3472 1448 3633 1524 τιμῆς
3683 1447 3808 1506 ἔτυ-

2157 1562 2281 1621 χεν,
2317 1541 2578 1620 ὑπεροψίᾳ
2610 1542 2814 1617 μείζονι
2860 1541 2961 1608 τὴν
3012 1540 3236 1618 γνώμην
3277 1539 3478 1616 ἀρθεὶς,
3537 1539 3610 1603 είς
3661 1535 3808 1616 ὕϐριν

2157 1629 2370 1696 ἐξέπεσε
2408 1648 2422 1664 ·
2491 1628 2586 1686 κᾶν
2645 1626 2806 1710 φόϐον
2856 1627 2911 1686 δὲ
2942 1628 3192 1704 ἤλπισεν,
3223 1628 3446 1700 ἀπονοίᾳ
3473 1627 3636 1688 πάλιν
3665 1649 3810 1708 παρ.

2158 1721 2430 1799 εγράψατο
2486 1721 2549 1776 τὸ
2596 1718 2818 1800 μέλλον,
2880 1721 2980 1788 τὴν
3041 1725 3309 1798 παροῦσαν
3381 1717 3554 1797 ὁρμὴν
3596 1721 3697 1786 τῆς
3751 1719 3811 1773 ἓν

425 1825 583 1882 rum,
637 1808 754 1869 vim
813 1827 936 1870 sua:
982 1808 1424 1888 superstitionis
1471 1807 1733 1870 reddens
1765 1808 2066 1889 potentio-

2158 1811 2303 1883 αὒτῷ
2359 1809 2770 1886 δεισιδαιμονίας
2843 1809 3163 1888 κυριωτέραν
3236 1809 3602 1884 ποιησάμενος
3637 1824 3654 1842 '
3715 1807 3813 1863 κᾶν

424 1915 552 1959 rem
589 1918 603 1961 :
636 1905 694 1959 et
743 1897 881 1960 licet
934 1897 1162 1960 videret
1206 1897 1354 1961 alios
1383 1901 1615 1961 eisdem
1651 1899 1894 1960 affectos
1925 1916 2066 1979 sup-

2157 1899 2365 1978 έτέρους
2427 1898 2570 1957 εἶδεν
2629 1899 2716 1956 ἐπὶ
2769 1912 2891 1962 τοῖς
2949 1898 3138 1964 αὐτοῖς
3195 1895 3568 1972 κολασθέντας,
3630 1895 3690 1954 οὗ
3743 1901 3816 1972 τῇ

427 1986 646 2067 pliciis,
684 2005 878 2069 neque
901 1997 1144 2069 propter
1174 1989 1395 2069 minas,
1429 2007 1562 2070 quae
1586 1988 1643 2049 iu
1674 2005 1776 2050 eos
1802 1987 2073 2050 intende-

424 2075 664 2152 bantur,
693 2096 858 2140 suam
893 2079 1182 2159 repressit
1228 2078 1561 2154 audaciam,
1597 2078 1700 2140 sed
1735 2077 1893 2159 quod
1925 2095 2071 2139 eve-

421 2179 614 2244 nerat,
649 2167 1023 2230 existimabat
1053 2186 1184 2230 esse
1213 2168 1408 2249 potius
1466 2167 1720 2230 fortuna;
1752 2167 2068 2248 insultum,

423 2274 600 2337 quam
632 2257 1011 2338 supplicium.
1044 2257 1194 2320 Eum
1239 2277 1406 2339 ergo,
1458 2265 1516 2320 et
1547 2258 1648 2337 qui
1691 2277 1826 2320 cum
1882 2275 1952 2320 eo
1983 2264 2073 2318 est

426 2343 721 2421 Orestem,
776 2347 875 2427 qui
930 2354 1022 2408 est
1068 2345 1335 2428 ejusdem
1391 2348 1726 2422 sententim,
1776 2346 1848 2408 ad
1908 2355 2067 2408 tuam

424 2435 596 2497 mitto
629 2436 1010 2517 sapientiam,
1044 2455 1303 2518 sequens
1339 2438 1536 2500 edicta
1594 2437 1998 2518 imperatoria.
2041 2461 2065 2497 ε

415 2524 566 2588 Cum
621 2526 733 2588 has
784 2545 925 2607 ergo
985 2527 1215 2591 litteras
1264 2528 1642 2608 accepissent
1701 2526 1941 2606 milites,
2006 2537 2067 2589 et

415 2621 652 2677 sanctos
683 2615 977 2678 haberent
1025 2619 1280 2694 vinctos,
1312 2618 1465 2679 viam
1523 2615 2059 2698 persequebantur.

415 2705 669 2768 Sanctus
716 2715 913 2768 autem
992 2705 1325 2771 Eustratius
1405 2707 1582 2770 simul
1657 2725 1795 2769 cum
1853 2704 2064 2770 Oreste

415 2794 504 2858 sic
560 2795 807 2858 canebat
865 2796 926 2860 iu
989 2798 1080 2859 via
1141 2815 1155 2860 :
1219 2824 1246 2856 σ
1319 2797 1491 2862 Viam
1570 2797 2062 2877 justiﬂcationum

416 2894 649 2948 tuarum
695 2885 872 2969 elegi,
922 2887 1150 2950 instrue
1201 2907 1319 2965 me,
1375 2895 1434 2950 et
1492 2888 1720 2950 discam
1785 2888 2065 2950 mandata

411 2983 511 3038 tua
536 2975 588 3036 5.
631 2999 656 3036 ι

489 3064 621 3132 ΧΧ.
651 3065 916 3148 Impletis
936 3085 1075 3132 vero
1098 3067 1402 3150 precibus,
1435 3069 1583 3132 dixit
1610 3086 1624 3132 :
1655 3067 1862 3131 Frater
1902 3067 2060 3132 Ore-

413 3165 558 3234 stes,
583 3175 758 3220 narra
771 3158 1064 3239 mihi,qua
1085 3158 1270 3220 animi
1293 3159 1592 3222 alacritate
1618 3167 2062 3221 consummatus

414 3248 525 3310 fuit
574 3256 814 3311 sanctus
862 3248 1217 3324 Auxentius,
1252 3258 1311 3310 et
1356 3249 1418 3311 in
1451 3268 1568 3330 quo
1599 3249 1752 3311 loco.
1809 3247 2065 3311 Sanctus

411 3354 553 3399 vero
573 3334 815 3399 Orestes
837 3336 1028 3401 dixit:
1059 3335 1376 3418 Postquam
1415 3337 1534 3399 dux
1568 3337 1974 3420 pronuntiavit
2001 3337 2064 3399 in

414 3443 549 3488 eum
584 3426 964 3502 sententiam,
999 3426 1226 3505 rogavit
1255 3426 1611 3505 milites,qui
1643 3446 1782 3490 eum
1807 3427 2065 3490 abduce-

415 3515 584 3595 bant,
607 3523 671 3577 ut
710 3515 940 3576 veniret
959 3515 1031 3578 ad
1055 3514 1371 3578 videndam
1395 3525 1552 3578 tuam
1585 3517 1888 3597 virtutem,
1919 3523 1979 3577 et
2008 3525 2064 3576 te

406 3604 650 3685 juberet
679 3605 1095 3668 valere.Nemo
1126 3623 1264 3667 vero
1315 3624 1455 3668 eum
1501 3605 1710 3668 audire
1743 3605 2059 3680 sustinuit;

411 3703 538 3757 erat
559 3694 720 3757 enim
739 3703 970 3776 tempus
995 3694 1251 3776 prandii,
1285 3704 1342 3757 et
1378 3694 1743 3758 festinabant
1763 3695 1876 3776 illi,
1912 3713 2056 3756 ven-

414 3786 490 3846 tri
521 3785 1135 3866 servientes,implere
1156 3785 1212 3846 id
1238 3786 1397 3864 quod
1426 3787 1512 3849 eis
1539 3788 1899 3868 imperatum
1924 3785 2058 3849 fue-

411 3883 525 3950 rat,
560 3885 619 3938 et
648 3875 947 3938 duxerunt
976 3893 1111 3938 eum
1152 3875 1212 3937 in
1262 3875 1581 3956 quamdam
1613 3875 1848 3951 vallem,
1885 3893 2062 3956 quam

408 3983 522 4028 nos
540 3982 817 4027 vocamus
833 3965 1105 4028 Ororiam
1119 3964 1406 4030 .Veniens
1428 3974 1653 4042 autem,
1679 3965 1741 4028 in
1756 3966 1845 4027 via
1874 3983 2061 4027 cane-

412 4054 515 4117 bat
541 4063 780 4117 sanctus
809 4072 823 4117 :
874 4076 896 4112 ε
924 4055 1091 4118 Beati
1114 4055 1480 4118 immaculati
1509 4056 1567 4117 in
1597 4055 1818 4136 via,qui
1847 4053 2061 4117 ambu-

411 4145 536 4207 lant
564 4143 626 4206 in
661 4145 786 4223 lege
813 4145 1123 4219 Domini6,
1160 4166 1180 4196 ι
1215 4155 1274 4207 et
1309 4163 1500 4226 usque
1525 4145 1599 4206 ad
1638 4147 1832 4226 ipsum
1865 4145 2060 4208 locum

410 4235 682 4316 implevit
696 4235 1078 4316 psalmum,et
1091 4235 1266 4298 ﬂexis
1280 4235 1531 4316 genibus
1549 4234 2063 4298 inteusiusoravit.

405 4323 554 4389 Cum
591 4343 802 4387 manus
831 4343 969 4388 vero
1000 4324 1607 4407 sustulisset,accepit
1640 4331 1922 4406 tauquam
1951 4323 2064 4386 ob-

407 4414 783 4492 lalionem,et
802 4413 991 4478 dixit:
1026 4417 1238 4492 Amen,
1276 4423 1488 4478 etcum
1513 4413 2060 4496 circumspexisset,

2157 1989 2404 2069 ἐμπειρίᾳ
2434 1989 2529 2058 τήν
2561 1989 2767 2065 τόλμαν
2796 1991 2896 2056 τῆς
2950 1988 3006 2046 έν
3068 1988 3212 2063 αὒτῷ
3267 1989 3551 2067 Θρησκείας
3611 1985 3813 2043 ἐκόλα-

2157 2101 2270 2139 σεν.
2308 2078 2477 2136 Ἀλλὰ
2504 2081 2566 2136 τὸ
2595 2077 2799 2156 συμϐὰν
2859 2081 3108 2158 ἡγήσατο
3167 2078 3343 2158 τύχης
3399 2075 3655 2157 ἑπήρειαν
3708 2096 3810 2154 γε-

2155 2169 2407 2247 γενῆσθαι
2467 2167 2696 2249 μᾶλλον,
2786 2168 2880 2226 οὒκ
2968 2166 3173 2226 ἀδικίαν
3257 2174 3349 2225 τοῦ
3432 2165 3806 2229 κολασθέντος.

2155 2266 2350 2317 Τοῦτον
2404 2257 2687 2334 δεξάμενος
2745 2260 2834 2315 καὶ
2888 2260 2982 2315 τὸν
3038 2259 3133 2315 σὺν
3190 2259 3334 2332 αὖτῷ
3401 2255 3656 2336 Ὀρέστην
3714 2262 3808 2313 τοῦ

2153 2348 2312 2406 αὐτοῦ
2368 2351 2708 2430 φρονήματος
2768 2348 2918 2428 ὅντα,
2978 2353 3046 2425 τῇ
3089 2353 3160 2424 σῇ
3215 2346 3504 2428 σοφωτάτῃ
3559 2346 3806 2424 ὑπάγαγε

2152 2439 2339 2515 κρίσει,
2419 2453 2538 2504 τοῖς
2607 2437 2909 2516 βασιλικοῖς
2980 2438 3344 2504 ὲξακολουθῶν
3425 2437 3807 2511 θεσπίσμασιν.

2149 2526 2434 2607 "Eppium.
2474 2551 2498 2587 ε
2537 2527 2802 2595 Λαϐόντες
2842 2529 3015 2586 τοίνυν
3046 2529 3093 2584 οἱ
3123 2533 3445 2607 στρατιῶται
3475 2527 3542 2584 τὰ
3586 2531 3811 2584 τοιαῦτα

2147 2619 2462 2698 γράμματα,
2523 2617 2922 2697 παραλαϐόντες
2982 2616 3169 2676 δὲκαὶ
3231 2621 3353 2684 τοὺς
3415 2616 3595 2696 ἁγίους
3651 2613 3808 2672 δεδε-

2147 2709 2358 2786 μένως,
2421 2709 2646 2787 εἴχοντο
2700 2709 2797 2778 τῆς
2856 2706 2998 2771 ὀδοῦ.
3063 2705 3122 2765 ’0
3167 2705 3222 2765 δὲ
3280 2708 3433 2786 ἅγιος
3483 2707 3808 2785 Εὗστράτιος

2147 2797 2263 2876 ἅμα
2313 2798 2390 2874 τῷ
2449 2794 2694 2877 Ὀρέστῃ⁵
2736 2797 2938 2874 ἔψαλλε
2971 2799 3106 2856 κατὰ
3135 2798 3234 2866 τὴν
3267 2796 3387 2854 ὁδόν
3419 2812 3433 2826 '
3475 2818 3504 2852 α
3537 2794 3689 2853 Ὀδὸν
3719 2793 3808 2852 δι-

2149 2889 2476 2964 καιωμάτων
2560 2891 2654 2946 σου
2739 2889 3100 2968 ᾑρετισάμην.
3172 2886 3460 2946 Συνέτισόν
3535 2906 3628 2962 με,
3709 2887 3810 2943 καί

2148 2980 2462 3055 μαθήσομαι
2491 2979 2586 3043 τὰς
2619 2976 2840 3044 ἐντολάς
2873 3001 2990 3043 σου.
3015 3002 3042 3035 ι

2229 3067 2314 3126 ιζ’.
2353 3066 2458 3126 Καῖ
2516 3067 2810 3144 πληρώσας
2871 3070 2971 3135 τὴν
3031 3068 3226 3146 εὐχὴν,
3278 3065 3460 3145 ἠρώτα
3501 3067 3592 3122 τὸν
3617 3065 3800 3140 μακά-

2148 3179 2258 3236 ριον
2318 3155 2575 3237 Ὀρέστην
2633 3158 2807 3236 λέγων
2841 3177 2858 3198 ο
2942 3156 3164 3234 Ἀδελφέ
3246 3154 3489 3232 Ὀρέστα,
3545 3152 3802 3230 ὃιήγησαί

2149 3269 2240 3324 μοι
2298 3245 2352 3303 ἓν
2412 3247 2538 3318 ποίᾳ
2595 3247 2854 3324 προθυμίᾳ
2916 3243 3199 3310 ἃτελειώθη
3232 3247 3258 3300 ὁ
3287 3243 3439 3319 ἅγιος
3495 3239 3792 3314 Αὒξέντιος,

2146 3337 2234 3393 καὶ
2288 3336 2343 3391 ἐν
2401 3335 2538 3409 ποίῳ
2592 3335 2767 3408 τόπῳ.
2832 3327 2889 3393 Ὀ
2949 3331 3004 3389 δὲ
3060 3332 3212 3410 ἅγιος
3272 3332 3531 3412 Ὀρέστης
3587 3329 3741 3386 εἶπεν
3777 3344 3794 3362 ⁶

2146 3425 2294 3482 Μετὰ
2334 3425 2396 3482 τὸ
2452 3424 2824 3505 ἀποφήνασθαι
2870 3425 2962 3480 τὸν
3023 3420 3183 3480 δουκα
3221 3423 3341 3479 κατ’
3400 3423 3578 3495 αὐτοῦ,
3621 3417 3799 3477 πολλὰ

2147 3513 2477 3594 παρεκάλεσε
2535 3515 2658 3578 τοὺς
2719 3514 3027 3592 ἀπάγοντας
3081 3512 3239 3570 αὐτὸν
3309 3511 3661 3593 στρατιώτας,
3705 3507 3799 3565 ’ίνα

2146 3602 2312 3661 ἐλθὼν
2372 3601 2466 3680 ἴδη
2510 3603 2608 3672 τὴν
2667 3603 2769 3670 σὴν
2827 3602 3021 3683 ἀρετὴν
3072 3604 3160 3660 καὶ
3207 3602 3524 3670 συντάξηταί
3560 3622 3665 3659 σοι.
3702 3599 3802 3657 Καὶ

2145 3691 2317 3759 οὐδεὶς
2391 3692 2662 3772 ἠνέσχετο
2751 3694 2975 3752 ἀκοῦσαι
3059 3693 3242 3774 αὐτοῦ,
3326 3693 3361 3761 ἢ
3450 3689 3800 3770 συγχωρῆσαι

2143 3786 2298 3841 τοῦτο
2366 3780 2580 3863 πρᾶξαι,
2651 3782 2797 3841 Ἀλλ’
2886 3782 3071 3853 ἐπειδὴ
3148 3783 3262 3862 ὥρα
3317 3784 3385 3850 ἦν
3442 3789 3535 3839 τοῦ
3589 3781 3804 3858 ἀρίστου

2146 3871 2395 3932 ἔσπευδον
2465 3874 2513 3931 οἱ
2557 3873 2912 3934 κοιλιόδουλοι
2975 3873 3258 3952 πληρῶσαι
3319 3875 3382 3930 τὸ
3439 3868 3801 3952 προσταχθέν.

2148 3965 2248 4022 Καὶ
2301 3964 2447 4028 εὐθὺς
2475 3961 2681 4044 ἤγαγον
2723 3965 2886 4024 αὐτὸν
2947 3966 3024 4029 εἷς
3089 3964 3191 4032 τὴν
3240 3963 3509 4043 φάραγγα,
3542 3960 3610 4029 ἢν
3640 3961 3808 4036 ἡμεῖς

2144 4053 2412 4130 καλοῦμεν
2471 4044 2780 4133 ὀρώρειαν.
2827 4055 3176 4135 Ἐρχόμενος
3254 4051 3309 4109 δὲ
3369 4055 3398 4109 ὁ
3461 4053 3611 4130 ἅγιος
3669 4049 3808 4106 κατὰ

2149 4143 2250 4211 τὴν
2298 4141 2416 4201 ὁδὸν
2468 4143 2668 4221 ἔψαλλε
2706 4165 2722 4183 ο
2777 4166 2802 4201 ε
2843 4145 3114 4222 Μακάριοι
3143 4145 3190 4201 οἱ
3233 4141 3453 4219 ἄμωμοι
3497 4140 3553 4198 ἐν
3596 4137 3726 4215 ὁδῷ,
3757 4139 3807 4194 οἱ

2149 4233 2498 4313 πορευόμενοι
2544 4233 2600 4290 ἐν
2655 4236 2808 4312 νόμῳ
2853 4234 3062 4313 Κυρίου.
3101 4257 3128 4289 ι
3199 4234 3296 4291 Καὶ
3339 4231 3442 4296 ἕως
3497 4233 3656 4291 cuto-3
3709 4234 3808 4284 τοῦ

2149 4323 2313 4381 τόπου
2356 4322 2636 4402 ἐπλήρωσε
2668 4327 2758 4382 τὸν
2789 4323 3027 4404 ψαλμὸν,
3076 4325 3165 4380 καὶ
3217 4321 3400 4386 κλίνας
3454 4321 3520 4377 τὰ
3575 4327 3799 4398 γόνατα,

2149 4413 2486 4488 προσηύξατο
2541 4413 2628 4471 ἐπὶ
2712 4413 2848 4472 πολύ
2883 4431 2897 4444 ⁸
2979 4416 3067 4471 καὶ
3141 4411 3399 4477 ἀπλώσας
3452 4411 3548 4476 τὰς
3605 4422 3804 4489 χεῖρας

409 4504 554 4566 vidit
579 4523 674 4566 me
700 4521 886 4586 prope
917 4524 1052 4567 eum
1086 4513 1365 4581 stantem,
1389 4514 1448 4567 et
1477 4522 1613 4568 cum
1648 4522 1744 4566 me
1779 4511 2062 4581 vocasset,

2152 4505 2330 4576 αὐτοῦ,
2392 4503 2573 4584 ὥσπερ
2630 4504 2934 4584 προσφορὰν
2990 4501 3306 4584 δεχόμενος,
3354 4501 3484 4569 ἔστη
3539 4503 3626 4559 καὶ
3676 4499 3806 4556 εἷπε

409 4595 561 4656 dixit
583 4593 729 4656 mihi
750 4595 970 4657 acriter
996 4613 1010 4660 :
1035 4594 1240 4657 Frater
1263 4592 1847 4674 Orestes,alloquere
1864 4592 2062 4654 domi-

405 4701 552 4746 num
582 4682 972 4759 Eustratium,
1005 4694 1064 4747 et
1089 4684 1186 4747 dic
1219 4684 1276 4747 ei
1306 4693 1367 4747 ut
1391 4691 1525 4768 oret
1546 4702 1650 4764 pro
1676 4701 1796 4759 me,
1831 4691 1891 4746 et
1922 4701 2062 4745 eum

406 4780 525 4837 cito
557 4774 631 4835 ad
668 4793 764 4837 me
789 4783 1130 4852 venturum,
1165 4793 1301 4838 eum
1334 4779 1493 4837 enim
1538 4781 1859 4856 exspecto;
1893 4781 1950 4834 et
1975 4773 2063 4835 sic

404 4863 514 4927 fuit
537 4864 590 4928 ei
623 4872 798 4946 caput
826 4871 1221 4947 amputatum,
1273 4863 1577 4939 omnibus,
1613 4880 1763 4945 quos
1795 4863 2061 4943 suspicio

406 4962 534 5017 erat
551 4972 684 5017 esse
706 4953 1297 5036 Cbristianos,passis
1311 4953 1789 5036 persecutionem
1802 4952 2063 5017 .Sanctae

406 5053 605 5106 autem
641 5043 773 5124 ejus
828 5044 1102 5125 reliquias
1153 5053 1335 5108 noctu
1368 5043 1528 5106 furto
1560 5043 1811 5106 sublatae
1839 5051 1978 5106 sunt
2027 5062 2062 5104 a

405 5132 802 5215 presbyteris,
838 5134 937 5215 qui
972 5141 1143 5196 erant
1173 5133 1234 5194 in
1265 5131 1762 5213 Arauracis.Ejus
1792 5151 1932 5198 vero
1955 5151 2059 5195 ca-

411 5223 534 5305 pite
564 5242 684 5285 non
717 5223 982 5300 invento,
1009 5231 1323 5303 coeperunt
1345 5224 1490 5285 ﬂere
1521 5233 1580 5286 et
1610 5222 1794 5292 Deum
1824 5241 2056 5303 rogare,

405 5321 469 5375 ut
492 5313 578 5375 eis
601 5313 865 5394 aperiret
886 5318 1155 5374 sanctum
1182 5320 1361 5394 caput
1391 5313 1688 5394 martyris.
1722 5311 1830 5376 Dei
1859 5323 2058 5376 autem

407 5402 777 5484 providentia
800 5411 962 5464 stans
997 5400 1203 5464 cornix
1231 5420 1420 5484 super
1445 5419 1679 5466 ramum
1709 5403 1961 5481 arboris,
1997 5404 2060 5466 iu

405 5510 522 5573 qua
551 5499 678 5555 erat
706 5497 906 5573 caput,
951 5491 1136 5572 cmpit
1164 5493 1448 5557 clamare.
1505 5494 1654 5557 Cum
1685 5494 2062 5576 aspexissent

483 5684 516 5734 5
544 5681 698 5745 Psal.
739 5696 939 5758 cxvm,
978 5681 1072 5746 73.
1159 5683 1192 5734 4
1220 5683 1374 5768 Psal,
1410 5699 1614 5761 cxviu,
1649 5692 1708 5751 l.

2144 4595 2207 4649 τὸ
2269 4593 2470 4675 Ἀμὴν,
2530 4595 2616 4652 καὶ
2687 4592 3172 4676 περιϐλεψάμενος,
3263 4591 3377 4650 εἶδέ
3447 4611 3516 4667 με
3573 4588 3807 4658 πλησίον

2145 4686 2304 4742 αὐτοῦ
2361 4683 2590 4761 ἑστῶτα,
2625 4685 2713 4743 καὶ
2744 4683 3001 4764 καλέσας,
3035 4684 3164 4741 εἶπέ
3218 4705 3311 4760 μοι
3363 4681 3420 4739 ἓν
3476 4680 3750 4760 μυστηρίῳ
3783 4697 3802 4713 ⁸

2145 4772 2368 4855 Ἀδελφέ
2417 4766 2676 4856 Ὀρωστα,
2738 4775 3165 4856 προσαγόρευσον
3219 4775 3312 4831 τὸν
3366 4777 3458 4830 τὸν
3488 4773 3668 4852 κύριον
3699 4772 3806 4827 Εὗ-

2144 4865 2416 4947 στράτιον,
2471 4867 2560 4924 καὶ
2619 4868 2746 4925 εἷπε
2806 4868 2952 4942 αὖτῷ
3005 4865 3100 4922 ἵνα
3175 4862 3390 4933 εὔξηται
3459 4861 3590 4942 ὑπὲρ
3670 4859 3803 4937 ἑμοῦ

2145 4956 2230 5011 καὶ
2285 4955 2500 5037 ταχέως
2561 4979 2628 5034 με
2688 4957 2861 5037 φθάσῃ
2894 4973 2911 4988 ⁶
2975 4952 3268 5035 ἐκδέχομαι
3331 4954 3432 5033 γὰρ
3484 4951 3666 5011 αὐτὸν.
3702 4953 3805 5008 Καὶ

2144 5042 2312 5109 οὕτως
2393 5047 2818 5128 ἀπεκεφαλίσθη,
2908 5047 3122 5104 πάντων
3203 5047 3312 5101 τῶν
3399 5039 3806 5118 ὅπονοουμένων

2144 5142 2474 5215 Χριστιανῶν
2525 5137 2950 5217 ἐκδιωχθέντων,
3035 5137 3126 5194 καί
3189 5131 3418 5212 μηδενὸς
3477 5134 3660 5190 ἱκανοῦ
3704 5129 3804 5187 ὅν-

2141 5247 2233 5292 τος
2289 5226 2561 5304 τολμῆσαι
2616 5227 2968 5307 προσεγγίσαι
3021 5232 3100 5300 τῷ
3148 5227 3320 5298 τόπῳ.
3394 5224 3541 5303 Παρὰ
3583 5220 3640 5279 δὲ
3696 5226 3807 5278 τῶν

2141 5315 2196 5372 ἰν
2257 5315 2604 5397 Ἀραυράκοις
2661 5314 3029 5397 πρεσϐυτέρων
3091 5317 3155 5374 τὸ
3239 5315 3393 5396 ἅγιον
3453 5315 3611 5373 αὐτοῦ
3684 5310 3804 5368 λεί-

2141 5411 2310 5483 ψανον
2353 5407 2410 5464 ἐν
2465 5409 2609 5464 νυκτὶ
2641 5406 2876 5484 ἐκλάπη,
2935 5406 2988 5472 ἐξ
3045 5407 3106 5465 οὗ
3151 5409 3242 5464 καὶ
3297 5411 3398 5474 τῆς
3441 5401 3681 5484 κεφαλῆς
3724 5401 3808 5478 μὴ

2142 5497 2466 5579 εὑρεθείσης,
2538 5495 2763 5579 ἤρξαντο
2841 5495 3037 5564 πάντες
3108 5496 3344 5562 κλαίειν.
3422 5496 3522 5555 Καὶ
3578 5492 3644 5564 δὴ
3700 5513 3808 5551 κο-
