4132 6414
208 366 335 440 1:89

1113 379 1587 447 MARTYRIUM
1630 381 1692 445 s.
1738 378 2156 446 EUSTBATII
2179 375 2297 443 nr
2342 328 2748 441 socmncu.

3520 371 3643 442 490

212 514 358 590 ρὼνη
402 514 488 578 εἷς
523 510 751 591 δένδρον
806 514 1093 595 ἐπιστᾶσα,
1157 516 1378 599 ἔκρωζε,
1431 519 1526 576 καί
1585 517 1931 581 ἀπελθόντεςι

2003 531 2130 578 vero
2161 512 2235 576 ad
2266 529 2505 575 ramum
2535 509 2770 574 arboris
2803 506 3161 591 presbyteri,
3190 508 3255 570 in
3287 525 3406 591 qua
3436 510 3645 575 cornix

215 606 263 659 οἱ
312 599 691 682 πρεσϐύτεροι
757 604 906 684 εὗρον
967 609 1042 672 εἱς
1123 608 1221 674 τὴν
1295 606 1462 681 ζεῦξιν
1528 612 1636 667 τῶν
1691 606 1903 666 κλωνα-

218 696 341 773 ρίων
402 692 509 749 τοῦ
555 692 778 773 δένδρου
824 694 959 752 ὅπου
1009 697 1220 768 ἑστήκει
1257 698 1552 774 ἧκορώνη,
1608 698 1726 757 ἐκεῖ
1783 720 1903 756 κει-

218 784 386 857 μένην
442 783 557 850 τὴν
605 784 850 866 Αεῳαλὴν
911 786 997 841 καὶ
1057 786 1386 867 ἐσφιγμένην
1444 788 1603 863 πάνυ,
1665 788 1753 844 καὶ
1811 786 1903 842 οὔ·

219 894 322 935 τως
394 870 642 952 ἄραντες
738 875 827 930 καὶ
918 875 1378 958 περιπτυξάμενοι,
1463 878 1761 952 μετέθηκαν
1840 877 1903 932 τὸ

222 962 477 1038 λείψανον
544 965 736 1044 αὺτοῦ,
802 970 899 1020 τοῦ
942 966 1128 1044 Κυρίου
1187 964 1668 1031 κατευοδώσαντος.
1727 973 1903 1025 Ταῦτα

222 1052 453 1115 ἀκούσας
502 1052 540 1107 ὃ
609 1052 767 1132 ἅγιος
830 1052 1170 1131 Εὗστράτιος,
1232 1054 1476 1132 ἕκλαυσε,
1549 1057 1637 1114 καὶ
1698 1055 1901 1113 ἐπεκα-

225 1140 417 1200 λέσατο
464 1142 573 1198 τὸν
639 1144 774 1199 Θεὸν
816 1142 1096 1201 τελειῶσαι
1159 1147 1246 1202 καὶ
1301 1147 1392 1202 τὸν
1454 1146 1611 1204 αὐτοῦ
1683 1143 1900 1225 δρόμον,

228 1231 315 1292 καὶ
376 1233 517 1289 εἶπε
551 1233 635 1307 τῷ
680 1231 912 1311 Ὀρέστῃ
946 1252 961 1267 ⁸
1008 1232 1275 1316 “Αγὸμεν,
1336 1233 1554 1316 ἀδελφὲ,
1587 1236 1905 1312 σπεύσωμεν

236 1322 319 1378 καὶ
342 1322 556 1402 ἡμεῖς,
588 1321 741 1388 ὅπως
773 1324 1057 1403 φθάσωμεν
1089 1325 1269 1389 αὐτόν,

317 1411 445 1472 KA'.
500 1412 662 1469 Μετὰ
705 1419 832 1491 γοῦν
876 1415 1080 1493 ἡμέρας
1131 1415 1289 1473 πέντε
1345 1416 1596 1498 ἤχθησαν
1653 1419 1701 1474 οἰ
1761 1415 1904 1495 ἅγιοι

248 1501 315 1564 εἰς
366 1501 466 1568 τὴν
546 1498 879 1558 Σεϐάστειαν
912 1549 931 1578 ,
1011 1503 1100 1560 καὶ
1177 1503 1542 1584 παρεδόθησαν
1610 1507 1712 1565 ὑπό
1798 1510 1904 1561 τῶν

255 1595 583 1661 στρατιωτῶν
626 1590 708 1667 τῷ
765 1592 1016 1670 ἡγεμόνι.
1078 1594 1179 1652 Καὶ
1221 1592 1500 1672 δεξάμενος
1558 1599 1585 1654 ὁ
1646 1596 1904 1676 Ἀγρικό-

260 1677 376 1743 hoc
426 1680 528 1748 τῆν
590 1679 890 1748 ἐπιστολὴν
954 1690 1047 1741 τοῦ
1097 1683 1287 1740 Λυσίου
1315 1733 1331 1759 ,
1408 1683 1462 1743 ἐν
1526 1685 1906 1767 ἀσφαλεστάτη

276 1791 449 1845 ορουρα
524 1768 801 1827 ἐκέλευσεν
882 1771 1071 1837 αὐτοὺς
1180 1772 1553 1851 φυλάττεσθαι.
1648 1778 1746 1835 Καὶ
1838 1784 1907 1856 τῇ

1986 603 2181 666 stabat
2200 602 2490 677 clamans,
2525 599 2731 662 vident
2756 599 2816 661 id
2845 599 3059 680 jacens
3089 614 3277 681 prope
3308 599 3640 677 cornicem,

1987 701 2046 755 et
2075 711 2211 755 cum
2237 692 2438 773 ipsum
2470 690 2800 753 honoriﬁce
2829 688 3245 765 sustulissent,
3271 689 3646 754 sustulerunt

1983 782 2167 845 etiam
2199 787 2435 844 sanctas
2463 780 2593 859 ejus
2625 778 2933 861 reliquias,
2968 786 3030 843 et
3078 795 3182 841 eas
3211 779 3649 843 transtulerunt

1986 874 2048 937 in
2081 876 2277 937 locum
2313 890 2525 954 parum
2557 879 2616 935 et
2664 871 2984 951 insignem.
3032 869 3171 934 Haec
3224 889 3361 934 cum
3397 880 3645 937 sanctus

1984 962 2313 1025 audivisset
2345 961 2702 1042 Eustratius,
2738 960 2925 1043 ﬂevit,
2957 967 3018 1023 et
3072 958 3264 1024 Deum
3321 964 3641 1048 invocavit,

1984 1061 2046 1115 et
2073 1051 2219 1115 dixit
2246 1051 2476 1116 Orestae
2504 1069 2518 1115 :
2545 1050 2874 1132 Pergamus
2898 1067 3013 1114 nos
3036 1059 3374 1132 quoque,et
3397 1052 3471 1117 ad
3501 1071 3643 1119 eum

1987 1141 2192 1209 venire
2220 1140 2599 1205 festinemus.

2069 1408 2216 1474 XXI.
2249 1409 2527 1492 Quinque
2555 1416 2753 1472 autem
2779 1415 2912 1490 post
2932 1407 3370 1487 diebus,sancti
3396 1412 3642 1479 adducti

1988 1507 2127 1563 sunt
2158 1498 2494 1577 Sebasten;
2552 1509 2612 1562 et
2667 1497 2871 1561 traditi
2924 1506 3062 1563 sunt
3111 1517 3144 1562 a
3172 1500 3520 1569 militibus:
3556 1511 3642 1581 et,

1989 1597 2232 1672 accepta
2256 1590 2442 1671 Lysim
2482 1589 2760 1672 epistola,
2790 1588 3142 1668 Agricolaus
3163 1589 3345 1671 jussit
3376 1610 3482 1656 eos
3510 1610 3645 1657 ser-

1989 1680 2112 1742 vari
2134 1681 2197 1741 in
2220 1679 2523 1743 tutissima
2543 1677 2815 1741 custodia
2843 1695 2858 1742 :
2884 1678 3057 1742 etdie
3079 1680 3359 1762 sequenti
3383 1699 3517 1744 cum
3540 1701 3646 1764 pu-

1989 1768 2147 1831 blice
2177 1767 2433 1831 sedisset
2462 1767 2526 1828 in
2556 1766 2685 1829 foro
2717 1785 2824 1848 pro
2867 1766 3151 1830 tribunali
3176 1768 3237 1831 in
3261 1770 3500 1835 civitate
3530 1770 3649 1835 Se-

292 1856 401 1925 ἒξῆς
428 1859 631 1948 rhus“,
705 1859 926 1927 καθίσας
974 1861 1059 1919 ἐπὶ
1108 1869 1201 1920 τοῦ
1258 1865 1500 1941 βήματος
1560 1863 1790 1942 δημοσίᾳ
1853 1867 1931 1945 ἐνῇ

2003 1860 2405 1933 bastenorum,
2435 1857 2621 1948 jussit
2648 1856 3005 1937 Agricolaus
3037 1856 3178 1948 duci
3207 1867 3468 1924 sanctos.
3501 1858 3653 1925 Uni-

294 1950 357 2021 τῇ
419 1946 592 2027 ἆγορα,
666 1948 906 2029 ἀχθῆναι
962 1950 1083 2015 τοὺς
1162 1952 1340 2032 ἁγίους
1395 1953 1661 2031 ἐκέλευσε,
1724 1958 1904 2026 πάσης

2003 1966 2163 2011 νει-εει
2182 1955 2378 2011 autem
2430 1946 2666 2010 civitate
2696 1954 3059 2027 congregata
3089 1946 3163 2010 ad
3194 1965 3299 2012 eos
3327 1949 3646 2033 videndos,

293 2039 383 2102 τῆς
432 2035 625 2102 πόλεως
680 2038 1088 2118 παρισταμένης
1144 2043 1310 2118 αὐτῷ.
1373 2042 1433 2102 Ὀ
1493 2043 1678 2125 ἅρχων
1721 2047 1901 2104 εἶπεν·

278 2126 335 2213 αἱ
387 2130 705 2205 πεμφθεῖσαι
791 2127 1068 2187 ἐπιστολαὶ
1149 2132 1294 2211 παρὰ
1375 2140 1470 2191 τοῦ
1553 2133 1907 2213 περιϐλέπτου

266 2211 435 2306 δουκὸς
493 2217 692 2273 Λυσίου
725 2261 745 2293 ,
827 2220 918 2275 καὶ
998 2221 1033 2287 ἡ
1092 2211 1633 2301 παρακολουθήσασαγ
1681 2224 1905 2306 ἔγραφος

263 2301 481 2395 ξξέτασις
567 2307 714 2395 κατὰ
797 2313 891 2364 τοῦ
959 2306 1188 2377 ἑστῶτος
1269 2313 1587 2393 Εὐστρατίου
1655 2301 1908 2395 πρότερον

267 2392 829 2472 ἆναγινωσκὲσθωσαν.
922 2399 1020 2456 Καὶ
1111 2401 1247 2474 μετὰ
1338 2392 1415 2458 τόν
1479 2392 1905 2482 ἀναγνωσθῆναι,

260 2482 410 2540 ἔσεισε
511 2486 618 2553 τὴν
706 2485 944 2568 κεφαλὴν
1044 2493 1203 2548 αὐτοῦ
1287 2488 1639 2572 Ἀγρικόλαες
1669 2540 1690 2570 ,
1775 2498 1906 2552 θαυ-

257 2574 415 2649 μάσας
477 2576 590 2642 τὴν
672 2577 766 2632 τοῦ
819 2576 969 2656 ἆγίου
1047 2579 1366 2658 Εὖστρατίου
1420 2583 1607 2664 σοφίαν
1659 2583 1713 2639 ἐν
1784 2597 1908 2649 ταῖς

257 2665 600 2722 καταθέσεσιν
642 2684 659 2699 ⁸
724 2666 851 2723 εἶτα
905 2664 1216 2737 διελάλησεν
1275 2669 1414 2727 οὕτω
1446 2688 1462 2702 ⁸
1512 2672 1601 2740 Μὴ
1659 2673 1911 2750 ὑπολάμ-

251 2750 389 2829 Sive,
451 2756 507 2811 ὦ
568 2754 882 2833 Εὗστράτιε,
957 2757 1335 2827 παραπλησίαν
1393 2766 1460 2838 τῇ
1514 2761 1679 2820 πάλαι
1745 2766 1911 2841 κρίσει

250 2842 451 2901 ἔσεσθαί
484 2866 578 2900 σοι
638 2844 741 2912 τὴν
798 2844 1018 2904 ἐνταῦθα
1073 2841 1245 2916 δίκην.
1302 2852 1429 2929 Πρὶν
1473 2852 1562 2909 οὖν
1605 2873 1663 2909 σε
1720 2874 1913 2932 πειρα-

250 2936 396 3000 θῆναι
456 2934 694 3007 ταύτης,
754 2935 1020 2993 ὑπόκυπτε
1075 2950 1197 3004 τοῖς
1252 2940 1571 3017 θεσπίσμασι
1616 2942 1722 2998 τῶν
1773 2963 1911 3019 κρα-

249 3024 509 3103 τούντων,
572 3023 668 3111 καὶ
740 3023 1042 3101 προσελθὼν
1099 3027 1400 3106 πρόσπεσον
1466 3043 1586 3094 τοῖς
1643 3031 1913 3111 μεγίστοις

250 3116 409 3177 θεοῖς,
479 3111 552 3170 Ὀ
597 3110 750 3192 ἅγιος
782 3115 1098 3192 Εὖστράτιος
1142 3118 1300 3176 εἶπεν
1335 3137 1352 3155 ’
1406 3113 1472 3174 Ὠ
1517 3117 1758 3196 δικαστὰ,
1814 3119 1914 3200 ἄρα

256 3225 440 3281 χουσιν
490 3202 542 3258 οἱ
602 3201 761 3291 νόμοι
794 3205 881 3260 καὶ
939 3210 1045 3261 τῶν
1074 3205 1368 3289 βασιλέων,
1415 3207 1451 3277 ἢ
1495 3208 1555 3266 οὔ
1584 3227 1607 3281 ,'
1636 3208 1697 3267 Ὀ
1728 3209 1913 3291 ἅρχων

256 3294 374 3349 εἶπε
406 3308 423 3323 ⁸
496 3293 630 3353 Ναί.
680 3289 899 3361 Ἐπειδὴ
952 3295 1040 3351 καὶ
1070 3295 1417 3372 φυλάττονται
1446 3298 1573 3378 παρ’
1623 3289 1914 3363 αὖτῶνξὈ

264 3380 403 3459 ἅγιος
434 3381 772 3462 Εὖσεράτιος
802 3386 955 3440 εἶπεν
986 3400 1004 3417 ⁸
1040 3389 1240 3445 Οὐκοῦν
1282 3387 1384 3467 πρό
1432 3388 1646 3445 πάντων
1677 3396 1794 3471 σοῦ,
1827 3391 1916 3448 καὶ

272 3478 362 3526 τῶν
408 3474 509 3529 σὺν
562 3475 649 3529 σοὶ
694 3473 931 3534 πάντων.
980 3473 1056 3531 ’Ἦ
1086 3475 1139 3533 ἐν
1181 3477 1458 3556 γράμμασι
1490 3478 1650 3555 μόνον
1680 3493 1917 3544 κεῖνται.

280 3558 352 3617 "0
400 3561 588 3643 ἷιρχων
666 3563 823 3620 εἶπεν
859 3582 873 3597 ⁸
949 3564 1098 3631 Τίνος
1180 3569 1340 3648 χάριν
1412 3579 1630 3628 τοιαῦτα
1688 3568 1913 3649 φθέγγῃ,

277 3650 447 3708 ἀνοσία
501 3649 768 3731 κειραλής
830 3655 917 3719 Τίς
974 3653 1184 3714 ἐναντία
1262 3660 1370 3712 τῶν
1440 3658 1618 3734 νόμων
1670 3660 1921 3739 πράττειν

283 3740 407 3796 aut
441 3742 831 3819 τετόλμηκεν;
889 3741 952 3802 Ὀ
1015 3743 1165 3823 ἅγιος
1215 3746 1530 3827 Εὖστράτιος
1588 3736 1745 3805 εἴπεν
1780 3763 1796 3778 ⁸
1857 3736 1919 3803 Ὠ

295 3827 528 3901 amassis,
578 3830 763 3900 ὶπειδὴ
833 3833 1144 3915 περιέχεται
1205 3842 1283 3912 τῷ
1325 3836 1474 3913 νόμῳ
1530 3839 1623 3895 τοῦ
1664 3835 1921 3895 σεϐαστοῦ

299 3920 537 3999 Καίσαρος
560 3922 701 3979 οὕτω
732 3942 748 3961 ο
787 3923 881 3979 Βία
912 3924 1034 4001 μὲν,
1067 3928 1249 4005 φησὶν,
1284 3925 1501 3984 ἀπέστω
1531 3928 1728 3991 παντὸς
1760 3926 1921 4008 λόγου

285 4011 367 4067 καί
405 4010 553 4091 ᾣγου
592 4032 606 4048 ·
657 4014 841 4071 πειθοῖ
864 4011 918 4069 δὲ
948 4017 1259 4096 πανταχόσε
1289 4016 1677 4078 πολιτεύεσθω.
1707 4017 1813 4077 Καὶ
1840 4017 1925 4076 δεῖ

273 4102 359 4158 τὸν
397 4102 709 4183 ἀρχόμενον
759 4101 902 4161 δυεῖν
945 4104 1184 4186 θάτερον,
1233 4105 1268 4175 ἢ
1311 4108 1566 4167 πείσαντα
1607 4120 1796 4189 τυχεῖν
1849 4107 1923 4164 ὧν

269 4190 620 4267 ἐσπούδακεν,
675 4192 711 4261 ἢ
754 4193 1057 4270 πεισθέντα,
1117 4196 1209 4252 σὺν
1252 4196 1461 4270 ἑκουσίᾳ
1521 4201 1589 4274 τῇ
1638 4196 1831 4276 γνώμῃ
1860 4198 1921 4254 τὸ

265 4282 735 4360 προσταττόμενον
791 4281 1061 4354 πράττειν.
1137 4286 1235 4343 Καὶ
1302 4284 1462 4343 πάλιν
1519 4284 1683 4365 ὀλίγῳ
1735 4286 1924 4365 μικρὸν

262 4373 393 4448 μετᾶ
454 4372 559 4427 τὸν
618 4371 778 4429 αὒτὸν
821 4373 1010 4453 στίχον
1075 4372 1309 4454 ἐπιφέρει
1344 4392 1358 4406 ⁸
1422 4375 1523 4435 Τὸν
1571 4373 1626 4432 δὲ
1686 4374 1927 4457 ἄρχοντα

256 4462 591 4536 θεσπίζομεν
674 4457 836 4540 φόϐον
923 4461 1187 4540 πραότητι
1242 4462 1462 4540 μίξαντα
1516 4462 1769 4536 δικάζειν,
1833 4466 1927 4529 Ὠς

1990 2037 2141 2101 dixit
2160 2036 2547 2117 Agriculaus:
2585 2034 2849 2118 Epistola
2878 2036 3065 2099 missa
3095 2036 3171 2100 ab
3201 2038 3418 2103 illustri
3448 2040 3643 2123 Lysia,

1989 2135 2050 2191 et
2072 2144 2204 2209 quas
2223 2136 2313 2189 est
2333 2133 2655 2190 consecuta
2686 2125 2929 2208 scriptis
2952 2126 3233 2190 mandata
3260 2128 3643 2209 examinatio,

1989 2219 2155 2299 prius
2187 2217 2595 2298 legatur.Quas
2627 2227 2941 2299 postquam
2973 2216 3083 2279 fuit
3112 2217 3383 2302 lecta,sic
3411 2218 3647 2284 locutus

1992 2314 2081 2370 est
2096 2307 2448 2386 Agricolaus
2471 2328 2484 2367 :
2509 2306 2597 2370 Ne
2622 2307 2954 2382 existimes,
2984 2326 3019 2369 o
3048 2306 3333 2384 Eustrati,
3367 2309 3653 2373 similiter

1991 2415 2302 2460 cessurum
2335 2397 2433 2460 bic
2456 2397 2561 2459 tibi
2579 2415 2713 2460 esse
2733 2395 3483 2480 supplicium.Priusquam
3509 2416 3651 2480 ergo

1992 2488 2176 2552 facias
2205 2486 2859 2569 periculum,submitte
2885 2493 2942 2548 te
2965 2486 3180 2550 edictis
3194 2488 3649 2572 imperatorum,

1997 2588 2058 2639 et
2084 2576 2684 2652 accedens,sacriﬁca
2705 2575 3025 2640 Diis.Dixit
3047 2595 3191 2640 vero
3220 2584 3463 2641 sanctus
3493 2579 3653 2642 Eus-

1997 2667 2207 2729 tratius
2239 2686 2253 2728 :
2282 2668 2329 2730 0
2351 2666 2947 2747 judex,imperantne
2976 2665 3141 2748 leges
3173 2667 3350 2730 etiam
3380 2674 3649 2751 impera-

1996 2755 2254 2838 toribus,
2287 2774 2364 2819 an
2396 2761 2566 2819 non?
2595 2755 2759 2818 Dixit
2786 2773 3011 2837 praeses
3036 2773 3052 2820 :
3077 2755 3352 2820 Maxime.
3384 2756 3534 2821 Nam
3569 2776 3657 2823 eas

1996 2843 2070 2906 ab
2102 2844 2222 2907 illis
2255 2855 2597 2910 servantur.
2633 2846 2886 2908 Sanctus
2919 2845 3066 2908 dixit
3097 2845 3431 2910 Eustratius
3466 2866 3481 2910 :
3516 2844 3656 2910 Tibi

1998 2951 2145 3015 ergo
2177 2941 2317 2995 ante
2343 2951 2576 3014 omnes,
2610 2942 2668 2996 et
2689 2952 2794 2996 eos
2818 2935 3020 3009 etiam,
3045 2934 3146 3015 qui
3170 2941 3368 2998 tecum
3401 2944 3566 3018 sunt,
3589 2936 3656 2999 in

1999 3022 2240 3104 scriptis
2269 3022 2413 3085 solis
2442 3024 2572 3086 sitat
2619 3031 2757 3086 sunt
2785 3023 2976 3103 leges.
3002 3022 3163 3086 Dixit
3190 3042 3414 3105 praeses
3449 3041 3463 3087 :
3496 3024 3654 3089 Cur-

1998 3131 2137 3175 nam
2170 3112 2283 3175 hoc
2313 3112 2493 3188 dicis,
2519 3132 2553 3175 o
2574 3121 2753 3194 caput
2773 3112 3022 3194 impium
3044 3116 3074 3174 ’ἒ
3091 3112 3235 3185 Quis
3255 3132 3517 3196 unquam
3539 3131 3650 3178 au-

2004 3220 2105 3264 sus
2134 3210 2226 3267 est
2254 3202 2456 3265 facere
2483 3209 2690 3265 contra
2721 3202 2880 3281 leges
2900 3201 2926 3263 ?
2945 3202 3106 3266 Dixit
3126 3210 3370 3266 sanctus
3399 3202 3653 3267 Eustra-

2001 3292 2120 3356 tius
2154 3311 2169 3355 :
2203 3290 2493 3365 Quoniam
2514 3293 2599 3354 sic
2642 3294 2986 3354 continetur
3005 3297 3069 3353 in
3090 3290 3322 3372 legibus
3351 3291 3601 3356 Caesaris
3634 3316 3649 3354 :

1998 3381 2107 3446 Vis
2152 3382 2393 3464 quidem
2425 3381 2581 3444 absit
2610 3383 2670 3444 in
2700 3381 2864 3444 omni
2894 3399 3176 3445 sermone
3202 3389 3262 3446 et
3303 3382 3481 3466 facto,
3516 3401 3655 3465 per-

2000 3473 2281 3535 suasione
2308 3481 2503 3534 autem
2527 3472 2720 3552 potius
2737 3471 3186 3535 administretur
3203 3472 3573 3555 respublica,
3599 3483 3659 3538 et

2001 3562 2253 3625 alterum
2285 3561 2543 3623 duorum
2568 3568 2821 3642 oportet,
2861 3568 2926 3623 ut
2952 3560 3178 3643 autqui
3208 3561 3489 3644 imperat,
3526 3581 3661 3645 per-

2002 3651 2250 3715 suadeat
2272 3651 2329 3713 ei
2349 3651 2456 3733 qui
2474 3659 2639 3732 paret
2654 3651 2786 3731 ejus
2807 3650 3086 3732 imperio,
3115 3659 3180 3713 ut
3201 3660 3559 3735 assequatnr
3590 3671 3664 3717 ea

2003 3760 2136 3822 quas
2168 3741 2332 3823 cupit
2362 3761 2375 3805 :
2411 3750 2510 3803 aut
2539 3740 2643 3823 qui
2671 3749 2864 3822 paret,
2911 3758 3253 3823 persuasus,
3287 3761 3397 3804 sua
3442 3751 3661 3826 sponte

2002 3831 2178 3894 faciat
2209 3831 2367 3912 quod
2409 3831 2681 3911 jubetur.
2716 3832 2794 3894 Et
2845 3848 3057 3894 rursus
3087 3832 3201 3894 hoc
3229 3833 3499 3896 continet
3528 3841 3663 3914 post

2006 3922 2285 3984 eumdem
2303 3938 2578 3984 versum:
2605 3918 2933 3984 Statuimus
2972 3930 3196 4002 autem,
3223 3930 3288 3985 ut
3315 3939 3537 4004 praeses
3554 3923 3661 4003 ju-

2005 4011 2187 4092 dicet,
2225 4011 2484 4073 miscens
2516 4018 2741 4072 metum
2773 4011 3026 4087 lenitati,
3076 4029 3276 4094 neque
3303 4012 3486 4075 alicui
3516 4031 3663 4096 pro-

2005 4108 2138 4184 pter
2169 4107 2391 4163 metum
2426 4100 2545 4162 sint
2577 4099 3106 4182 infensi,utneque
3132 4112 3386 4181 peccent
3417 4110 3667 4184 propter

2006 4192 2333 4254 lenitatem.
2368 4189 2527 4266 Haec,
2559 4206 2593 4250 ο
2618 4189 2827 4270 judex,
2861 4189 2941 4251 ita
2972 4189 3193 4273 scripta
3218 4198 3464 4268 sunt,an
3497 4198 3665 4256 non?

2007 4281 2168 4345 Dixit
2195 4298 2414 4363 praeses
2450 4297 2462 4340 :
2498 4278 2764 4343 Sunt.Te
2795 4297 2937 4359 ergo
2961 4280 3296 4361 rogo,idem
3320 4281 3550 4344 ordoin
3567 4299 3666 4344 me

2010 4389 2249 4455 quoque
2279 4367 2741 4434 servetur.Dixit
2764 4387 2987 4451 praeses
3013 4390 3027 4434 :
3052 4368 3123 4431 Et
3145 4369 3208 4432 in
3236 4377 3315 4446 te,
3354 4377 3413 4432 et
3442 4371 3504 4432 in
3527 4389 3666 4434 om-

2012 4480 2144 4538 nes,
2179 4461 2343 4540 leges
2374 4478 2509 4523 cum
2534 4479 2755 4539 ea,qua
2777 4477 2884 4541 par
2915 4467 3025 4536 est,
3051 4459 3390 4523 reverentia
3416 4478 3669 4525 necesse

253 4551 405 4628 μήτε
434 4550 592 4614 τινας
624 4546 710 4605 διὰ
759 4551 851 4607 τὸν
901 4549 1065 4631 φόϐον
1112 4550 1383 4630 δυσμενῶς
1443 4553 1617 4634 ἔχειν,
1650 4552 1787 4631 μήτε
1845 4552 1930 4610 διὰ

2014 4560 2106 4616 est
2134 4551 2460 4614 custodire.
2496 4549 2755 4614 Sanctus
2785 4549 2933 4613 dixit
2960 4548 3297 4613 Eustratius
3331 4570 3345 4611 :
3380 4550 3470 4614 Sit
3498 4569 3665 4631 ergo,

253 4643 354 4709 τὴν
420 4640 714 4719 πραότητα
755 4630 1124 4717 πλημμελεῖν.
1173 4649 1369 4720 Ταῦτα,
1430 4630 1513 4698 ὦ.-
1538 4641 1781 4722 δικαστᾰ,
1830 4645 1929 4723 γέ-

2011 4663 2182 4727 rogo,
2215 4653 2352 4707 tuus
2380 4653 2599 4723 metus,
2633 4642 2878 4707 lenitate
2925 4652 3437 4724 contemperatus,
3472 4652 3534 4706 ut
3562 4630 3671 4723 qui

251 4752 506 4811 γραπται
569 4727 762 4806 οὕτως,
806 4730 843 4798 ἣ
903 4729 1011 4808 οὔ;
1069 4730 1129 4790 Ὀ
1180 4732 1366 4814 ἄρχων
1440 4733 1567 4791 εἶπε
1601 4753 1618 4770 ο
1678 4733 1801 4794 Ναί.
1867 4733 1927 4791 Ὀ

253 4822 421 4901 ἅγιος
464 4818 790 4898 Εὖστράτιος
853 4820 1010 4878 εἴπεν
1044 4840 1060 4857 ⁸
1119 4823 1317 4880 Οὐκοῦν
1373 4820 1558 4899 δέομαί
1617 4844 1733 4899 σου,
1794 4824 1930 4892 αὕτη

250 4914 288 4982 ἡ
350 4909 520 4976 τάξις
553 4908 651 4966 καῖ
677 4906 763 4967 ἐπ’
806 4910 923 4989 ἐμοὶ
967 4910 1332 4993 φυλαττέσθω.
1381 4912 1443 4971 Ὀ
1500 4910 1686 4993 ἄρχων
1746 4913 1925 4972 εἶπεν·

254 5002 377 5061 Καῖ
426 4999 519 5056 ἐπὶ
566 5000 671 5076 σοὶ,
715 5001 803 5059 καὶ
844 5001 933 5058 επὶ
964 5003 1121 5060 παντί
1159 5003 1224 5060 τὰ
1268 5007 1376 5061 τῶν
1427 5001 1607 5077 νόμων
1651 5004 1786 5079 μετὰ
1841 5005 1934 5060 τοῦ

254 5090 582 5170 προσφόρου
676 5088 1012 5166 σεϐάσματος
1138 5092 1487 5173 φυλάττεσθαι
1605 5091 1905 5173 ἆπάναγκες
1916 5139 1929 5154 .

256 5182 321 5239 Ὀ
395 5178 555 5259 ἅγιος
627 5179 942 5261 Εὖστρατιος
1017 5186 1171 5239 εἶπεν
1207 5200 1224 5218 ο
1287 5181 1487 5241 Οὔκοῦν
1570 5178 1757 5258 δέομαί
1813 5202 1928 5263 σου,

257 5269 545 5352 πραότητι
596 5272 902 5349 συγκραθεὶς
959 5272 988 5328 ὁ
1045 5268 1204 5351 φόϐος
1258 5292 1378 5350 σου,
1439 5272 1515 5336 ὡς
1575 5269 1790 5328 πάντων
1832 5269 1933 5349 ἐμ-

257 5358 597 5441 πειρότατος
663 5360 943 5427 πεισθῆναι
1002 5361 1255 5441 πρότερον
1317 5360 1348 5429 ἢ
1406 5373 1588 5418 σεῖσαι
1655 5359 1936 5429 θελησάτω
1965 5409 1983 5439 ,

2016 4753 2152 4798 cum
2185 4733 2268 4797 sis
2315 4735 2585 4796 omnium
2641 4732 3220 4815 experientissimus,
3269 4734 3415 4797 velis
3473 4733 3673 4816 potius

2016 4822 2578 4907 persuaderi,quam
2617 4821 3289 4903 persuadere,judicans
3310 4823 3552 4905 singula
3578 4841 3675 4886 ra-

2015 4910 2319 4978 tione.Sin
2352 4920 2548 4975 autem
2576 4910 2691 4974 boc
2709 4930 2830 4974 non
2853 4911 3019 4994 licet,
3040 4910 3272 4993 absque
3290 4912 3416 4975 ulla
3436 4913 3676 4976 ratione

2019 5011 2079 5066 et
2109 5001 2672 5082 constitutionibus,
2701 5006 2872 5083 puni,
2907 5001 3139 5083 occide,
3175 5002 3268 5065 t’ac
3311 5001 3471 5083 quod
3497 5002 3671 5067 velis.

2016 5091 2243 5154 Praases
2269 5090 2417 5153 dixit
2449 5113 2464 5151 :
2498 5088 2665 5165 Quod
2697 5090 2866 5167 velis,
2922 5090 3022 5153 dic
3051 5092 3337 5155 audacter
3365 5101 3427 5156 et
3456 5091 3672 5171 libere,

2016 5199 2151 5245 cum
2183 5181 2433 5261 gaudeat
2455 5179 2751 5260 judicium
2774 5180 2891 5243 hoc
2938 5181 3133 5262 potius
3157 5182 3398 5245 efﬁcere
3421 5199 3677 5264 persua-

2018 5289 2211 5334 smne.

2044 5363 2289 5441 λογισμῶ
2358 5360 2558 5419 ἕκαστα
2629 5361 2844 5443 κρίνων.
2907 5364 2962 5420 Εἰ
3016 5360 3071 5420 δὲ
3141 5369 3298 5423 τοῦτο
3358 5366 3453 5424 οὒκ
3508 5363 3678 5446 ἔστιν,

262 5450 434 5513 ἐκτὸς
494 5447 657 5528 λόγον
729 5449 828 5507 καὶ
886 5449 1176 5516 ἐξετάσεων
1244 5450 1467 5532 τιμώρει
1530 5449 1718 5532 σφάζε,
1789 5451 1928 5508 ποίει
1977 5450 2010 5508 ὃ
2067 5450 2262 5516 θέλεις,
2325 5452 2386 5510 '0
2440 5450 2625 5532 ἄρχων
2695 5451 2872 5509 εἶπεψ
2940 5449 3018 5511 ’Ὅ
3090 5452 3270 5531 βούλει
3352 5453 3475 5532 λέγε
3543 5454 3680 5532 μετὰ

264 5540 604 5622 παρρησίας,
638 5541 925 5621 χαίροντος
949 5542 1039 5599 καὶ
1065 5547 1158 5600 τοῦ
1191 5540 1529 5619 δικαστηρίου
1555 5543 1737 5599 πειθοῖ
1764 5538 1969 5617 μᾶλλον
1998 5540 2391 5603 πολιτεύεσθαι.

362 5620 497 5691 ΚΒ’.
556 5629 620 5689 ’0
640 5620 805 5710 57mg
867 5630 1185 5710 Εὖστράτιος
1216 5630 1342 5690 εἷπε
1377 5645 1393 5662 ⁸
1441 5631 1550 5690 Τίνι
1585 5651 1653 5707 με
1679 5630 1943 5708 κελεύεις,

2108 5628 2305 5696 XXII.
2331 5627 2586 5694 Sanctus
2607 5629 2754 5693 dixit
2778 5627 3113 5695 Eustratius
3140 5648 3155 5696 :
3176 5630 3547 5705 Quibusnam
3565 5628 3683 5693 dlis

268 5722 322 5780 ὧ
381 5718 627 5804 δικαστὰ,
693 5725 1092 5803 προσκυνῆσαι,
1149 5726 1292 5805 Θεῷ,
1344 5722 1382 5792 ἢ
1424 5725 1570 5789 θεοῖς
1602 5739 1620 5800 ;
1652 5719 1717 5780 Ὀ
1758 5720 1931 5803 ἅρχωπ

2020 5718 2202 5804 jubes
2232 5737 2331 5784 me
2384 5719 2750 5798 sacriﬁcare,
2803 5721 3133 5803 majoribus
3192 5738 3272 5785 an
3302 5718 3684 5786 minoribus?

518 5832 787 5899 Panaca.
829 5829 948 5900 (in.
993 5830 1204 5898 CXVI.

3007 5828 3080 5894 16
