  <div class='ocr_page' id='page_1' title='image "/cluster/home/n/w/nwhite01/storage/ocr_20150623/116:no.3/coo.31924054870203/253.png"; bbox 0 0 4132 6450; ppageno 0'>
   <div class='ocr_carea' id='block_1_1' title="bbox 488 362 3866 436">
    <p class='ocr_par' dir='ltr' id='par_1_1' title="bbox 488 362 3866 436">
     <span class='ocr_line' id='line_1_1' title="bbox 488 362 3866 436; baseline 0.002 -7"><span class='ocrx_word' id='word_1_1' title='bbox 488 364 598 431; x_wconf 78' lang='grc'><strong>491</strong></span> <span class='ocrx_word' id='word_1_2' title='bbox 1794 368 2073 434; x_wconf 87' lang='lat' dir='ltr'><strong>MENSIS</strong></span> <span class='ocrx_word' id='word_1_3' title='bbox 2116 362 2545 433; x_wconf 84' lang='lat' dir='ltr'><strong>DECEMBER.</strong></span> <span class='ocrx_word' id='word_1_4' title='bbox 3752 370 3866 436; x_wconf 72' lang='lat'><strong>492</strong></span> 
     </span>
    </p>
   </div>
   <div class='ocr_carea' id='block_1_2' title="bbox 484 495 2099 585">
    <p class='ocr_par' dir='ltr' id='par_1_2' title="bbox 484 495 2099 585">
     <span class='ocr_line' id='line_1_2' title="bbox 484 495 2099 585; baseline 0.001 -25"><span class='ocrx_word' id='word_1_5' title='bbox 484 495 657 585; x_wconf 82' lang='lat' dir='ltr'><strong>Dixit</strong></span> <span class='ocrx_word' id='word_1_6' title='bbox 687 513 906 578; x_wconf 61' lang='lat' dir='ltr'><strong>praeses</strong></span> <span class='ocrx_word' id='word_1_7' title='bbox 939 514 955 562; x_wconf 87' lang='lat'><strong>:</strong></span> <span class='ocrx_word' id='word_1_8' title='bbox 986 496 1118 563; x_wconf 86' lang='lat' dir='ltr'><strong>Jovi</strong></span> <span class='ocrx_word' id='word_1_9' title='bbox 1144 498 1427 582; x_wconf 86' lang='lat' dir='ltr'><strong>primum,</strong></span> <span class='ocrx_word' id='word_1_10' title='bbox 1464 506 1524 561; x_wconf 89' lang='lat' dir='ltr'><strong>et</strong></span> <span class='ocrx_word' id='word_1_11' title='bbox 1566 507 1707 564; x_wconf 87' lang='lat' dir='ltr'><strong>tunc</strong></span> <span class='ocrx_word' id='word_1_12' title='bbox 1735 501 2029 583; x_wconf 77' lang='lat' dir='ltr'><strong>Apollini,</strong></span> <span class='ocrx_word' id='word_1_13' title='bbox 2086 520 2099 561; x_wconf 78' lang='grc' dir='ltr'><strong>ι</strong></span> 
     </span>
    </p>
   </div>
   <div class='ocr_carea' id='block_1_3' title="bbox 2184 495 3863 585">
    <p class='ocr_par' dir='ltr' id='par_1_3' title="bbox 2184 500 3863 585">
     <span class='ocr_line' id='line_1_3' title="bbox 2184 500 3863 585; baseline 0.004 -29"><span class='ocrx_word' id='word_1_14' title='bbox 2184 500 2351 559; x_wconf 56' lang='grc' dir='ltr'>λεῖπε</span> <span class='ocrx_word' id='word_1_15' title='bbox 2389 521 2403 535; x_wconf 88' lang='grc'><strong>·</strong></span> <span class='ocrx_word' id='word_1_16' title='bbox 2455 505 2553 561; x_wconf 81' lang='grc' dir='ltr'><strong>Καὶ</strong></span> <span class='ocrx_word' id='word_1_17' title='bbox 2606 511 2744 579; x_wconf 84' lang='grc' dir='ltr'>Θεῷ,</span> <span class='ocrx_word' id='word_1_18' title='bbox 2805 507 2893 562; x_wconf 86' lang='grc' dir='ltr'>καὶ</span> <span class='ocrx_word' id='word_1_19' title='bbox 2957 508 3126 570; x_wconf 83' lang='grc' dir='ltr'>θεοῖς.</span> <span class='ocrx_word' id='word_1_20' title='bbox 3207 503 3268 561; x_wconf 84' lang='lat'><strong>’0</strong></span> <span class='ocrx_word' id='word_1_21' title='bbox 3341 502 3491 582; x_wconf 77' lang='grc' dir='ltr'>ἅγιος</span> <span class='ocrx_word' id='word_1_22' title='bbox 3553 506 3863 585; x_wconf 72' lang='grc' dir='ltr'>Εὖστράτιος</span> 
     </span>
    </p>
   </div>
   <div class='ocr_carea' id='block_1_4' title="bbox 493 584 2099 675">
    <p class='ocr_par' dir='ltr' id='par_1_4' title="bbox 493 584 2099 667">
     <span class='ocr_line' id='line_1_4' title="bbox 493 584 2099 667; baseline 0.002 -19"><span class='ocrx_word' id='word_1_23' title='bbox 493 584 795 667; x_wconf 80' lang='lat' dir='ltr'><strong>Neptuno.</strong></span> <span class='ocrx_word' id='word_1_24' title='bbox 850 589 1105 652; x_wconf 85' lang='lat' dir='ltr'><strong>Sanctus</strong></span> <span class='ocrx_word' id='word_1_25' title='bbox 1159 588 1308 652; x_wconf 82' lang='lat' dir='ltr'><strong>dixit</strong></span> <span class='ocrx_word' id='word_1_26' title='bbox 1357 588 1689 653; x_wconf 88' lang='lat' dir='ltr'><strong>Eustratius</strong></span> <span class='ocrx_word' id='word_1_27' title='bbox 1722 610 1734 649; x_wconf 94' lang='lat'>:</span> <span class='ocrx_word' id='word_1_28' title='bbox 1768 590 2099 663; x_wconf 84' lang='lat' dir='ltr'><strong>Quibusnar</strong></span> 
     </span>
    </p>
   </div>
   <div class='ocr_carea' id='block_1_5' title="bbox 2184 584 3859 675">
    <p class='ocr_par' dir='ltr' id='par_1_5' title="bbox 2222 584 3859 675">
     <span class='ocr_line' id='line_1_5' title="bbox 2222 584 3859 675; baseline 0.004 -28"><span class='ocrx_word' id='word_1_29' title='bbox 2222 596 2375 650; x_wconf 84' lang='grc' dir='ltr'>εἶπεν</span> <span class='ocrx_word' id='word_1_30' title='bbox 2411 643 2425 656; x_wconf 86' lang='grc'><strong>,</strong></span> <span class='ocrx_word' id='word_1_31' title='bbox 2488 595 2697 666; x_wconf 78' lang='grc' dir='ltr'><strong>Μείζονι</strong></span> <span class='ocrx_word' id='word_1_32' title='bbox 2768 597 2857 652; x_wconf 87' lang='grc' dir='ltr'>καὶ</span> <span class='ocrx_word' id='word_1_33' title='bbox 2922 592 3246 669; x_wconf 80' lang='grc' dir='ltr'>ἐλάττοσιν;</span> <span class='ocrx_word' id='word_1_34' title='bbox 3320 592 3379 651; x_wconf 87' lang='grc'><strong>’0</strong></span> <span class='ocrx_word' id='word_1_35' title='bbox 3437 592 3624 675; x_wconf 76' lang='grc' dir='ltr'>ἄρχων</span> <span class='ocrx_word' id='word_1_36' title='bbox 3688 584 3813 653; x_wconf 78' lang='grc' dir='ltr'>εἷπε</span> <span class='ocrx_word' id='word_1_37' title='bbox 3845 614 3859 630; x_wconf 84' lang='lat'>&#39;</span> 
     </span>
    </p>
   </div>
   <div class='ocr_carea' id='block_1_6' title="bbox 492 676 2099 762">
    <p class='ocr_par' dir='ltr' id='par_1_6' title="bbox 492 676 2099 762">
     <span class='ocr_line' id='line_1_6' title="bbox 492 676 2099 762; baseline 0.004 -25"><span class='ocrx_word' id='word_1_38' title='bbox 492 676 2099 762; x_wconf 69' lang='lat' dir='ltr'><strong>parenssapientibus,autinterpretibus,autprophetis</strong></span> 
     </span>
    </p>
   </div>
   <div class='ocr_carea' id='block_1_7' title="bbox 2184 676 3859 762">
    <p class='ocr_par' dir='ltr' id='par_1_7' title="bbox 2222 681 3859 761">
     <span class='ocr_line' id='line_1_7' title="bbox 2222 681 3859 761; baseline 0.002 -22"><span class='ocrx_word' id='word_1_39' title='bbox 2222 683 2341 744; x_wconf 86' lang='grc' dir='ltr'>Ναί.</span> <span class='ocrx_word' id='word_1_40' title='bbox 2403 690 2490 757; x_wconf 87' lang='grc' dir='ltr'>Τῴ</span> <span class='ocrx_word' id='word_1_41' title='bbox 2575 686 2659 740; x_wconf 78' lang='grc' dir='ltr'>Διὶ</span> <span class='ocrx_word' id='word_1_42' title='bbox 2732 684 3009 761; x_wconf 84' lang='grc' dir='ltr'>πρότερον,</span> <span class='ocrx_word' id='word_1_43' title='bbox 3067 691 3155 740; x_wconf 67' lang='grc' dir='ltr'><strong>καί</strong></span> <span class='ocrx_word' id='word_1_44' title='bbox 3212 684 3333 739; x_wconf 85' lang='grc' dir='ltr'>τότε</span> <span class='ocrx_word' id='word_1_45' title='bbox 3389 690 3468 757; x_wconf 84' lang='grc' dir='ltr'>τῷ</span> <span class='ocrx_word' id='word_1_46' title='bbox 3543 681 3859 760; x_wconf 85' lang='grc' dir='ltr'>Ἀπόλλωνι,</span> 
     </span>
    </p>
   </div>
   <div class='ocr_carea' id='block_1_8' title="bbox 489 765 2099 851">
    <p class='ocr_par' dir='ltr' id='par_1_8' title="bbox 489 765 2082 851">
     <span class='ocr_line' id='line_1_8' title="bbox 489 765 2082 851; baseline 0.003 -25"><span class='ocrx_word' id='word_1_47' title='bbox 489 765 807 829; x_wconf 77' lang='lat' dir='ltr'><strong>invenistis</strong></span> <span class='ocrx_word' id='word_1_48' title='bbox 856 783 962 828; x_wconf 91' lang='lat' dir='ltr'><strong>eos</strong></span> <span class='ocrx_word' id='word_1_49' title='bbox 1013 785 1147 828; x_wconf 90' lang='lat' dir='ltr'><strong>esse</strong></span> <span class='ocrx_word' id='word_1_50' title='bbox 1203 766 1591 832; x_wconf 86' lang='lat' dir='ltr'><strong>adorandos?</strong></span> <span class='ocrx_word' id='word_1_51' title='bbox 1644 768 1806 831; x_wconf 84' lang='lat' dir='ltr'><strong>Dixit</strong></span> <span class='ocrx_word' id='word_1_52' title='bbox 1864 789 2082 851; x_wconf 63' lang='lat' dir='ltr'><strong>praeses</strong></span> 
     </span>
    </p>
   </div>
   <div class='ocr_carea' id='block_1_9' title="bbox 2184 765 3861 851">
    <p class='ocr_par' dir='ltr' id='par_1_9' title="bbox 2219 772 3861 850">
     <span class='ocr_line' id='line_1_9' title="bbox 2219 772 3861 850; baseline 0.004 -23"><span class='ocrx_word' id='word_1_53' title='bbox 2219 773 2306 828; x_wconf 83' lang='grc' dir='ltr'><strong>καὶ</strong></span> <span class='ocrx_word' id='word_1_54' title='bbox 2367 772 2676 830; x_wconf 74' lang='grc' dir='ltr'>Ποσειδῶνι.</span> <span class='ocrx_word' id='word_1_55' title='bbox 2748 773 2812 832; x_wconf 80' lang='grc' dir='ltr'>Ὀ</span> <span class='ocrx_word' id='word_1_56' title='bbox 2880 772 3031 850; x_wconf 82' lang='grc' dir='ltr'>ἅγιος</span> <span class='ocrx_word' id='word_1_57' title='bbox 3112 773 3424 850; x_wconf 77' lang='grc' dir='ltr'>Εὖστράτιος</span> <span class='ocrx_word' id='word_1_58' title='bbox 3483 773 3638 830; x_wconf 78' lang='grc' dir='ltr'>εἶπεν</span> <span class='ocrx_word' id='word_1_59' title='bbox 3670 792 3686 809; x_wconf 82' lang='grc'><strong><em>⁸</em></strong></span> <span class='ocrx_word' id='word_1_60' title='bbox 3746 776 3861 833; x_wconf 82' lang='grc' dir='ltr'><strong>Τίσί</strong></span> 
     </span>
    </p>
   </div>
   <div class='ocr_carea' id='block_1_10' title="bbox 487 854 2099 942">
    <p class='ocr_par' dir='ltr' id='par_1_10' title="bbox 487 854 2099 940">
     <span class='ocr_line' id='line_1_10' title="bbox 487 854 2099 940; baseline 0 -20"><span class='ocrx_word' id='word_1_61' title='bbox 487 855 744 931; x_wconf 89' lang='lat' dir='ltr'><strong>Platoni,</strong></span> <span class='ocrx_word' id='word_1_62' title='bbox 778 854 1105 936; x_wconf 77' lang='lat' dir='ltr'><strong>Aristoteli,</strong></span> <span class='ocrx_word' id='word_1_63' title='bbox 1139 855 1433 932; x_wconf 85' lang='lat' dir='ltr'><strong>Hermeti,</strong></span> <span class='ocrx_word' id='word_1_64' title='bbox 1467 866 1527 919; x_wconf 93' lang='lat' dir='ltr'><strong>et</strong></span> <span class='ocrx_word' id='word_1_65' title='bbox 1552 858 1686 921; x_wconf 90' lang='lat' dir='ltr'><strong>aliis</strong></span> <span class='ocrx_word' id='word_1_66' title='bbox 1738 859 2099 940; x_wconf 80' lang='lat' dir='ltr'><strong>sapientibus</strong></span> 
     </span>
    </p>
   </div>
   <div class='ocr_carea' id='block_1_11' title="bbox 2184 854 3859 942">
    <p class='ocr_par' dir='ltr' id='par_1_11' title="bbox 2219 861 3859 942">
     <span class='ocr_line' id='line_1_11' title="bbox 2219 861 3859 942; baseline 0.003 -27"><span class='ocrx_word' id='word_1_67' title='bbox 2219 874 2403 940; x_wconf 79' lang='grc' dir='ltr'>σοφοῖς</span> <span class='ocrx_word' id='word_1_68' title='bbox 2488 862 2524 930; x_wconf 70' lang='grc' dir='ltr'><strong>ἢ</strong></span> <span class='ocrx_word' id='word_1_69' title='bbox 2609 862 2904 941; x_wconf 64' lang='grc' dir='ltr'>ἐξηγηταῖς</span> <span class='ocrx_word' id='word_1_70' title='bbox 2976 861 3325 941; x_wconf 88' lang='grc' dir='ltr'>πειθόμενοι,</span> <span class='ocrx_word' id='word_1_71' title='bbox 3406 861 3619 927; x_wconf 83' lang='grc' dir='ltr'>τούτους</span> <span class='ocrx_word' id='word_1_72' title='bbox 3688 862 3859 942; x_wconf 71' lang='grc' dir='ltr'>εὕρετε</span> 
     </span>
    </p>
   </div>
   <div class='ocr_carea' id='block_1_12' title="bbox 488 943 2099 1032">
    <p class='ocr_par' dir='ltr' id='par_1_12' title="bbox 488 943 2094 1032">
     <span class='ocr_line' id='line_1_12' title="bbox 488 943 2094 1032; baseline 0.002 -25"><span class='ocrx_word' id='word_1_73' title='bbox 488 962 637 1025; x_wconf 86' lang='lat' dir='ltr'><strong>quos</strong></span> <span class='ocrx_word' id='word_1_74' title='bbox 666 943 718 1006; x_wconf 90' lang='lat' dir='ltr'><strong>si</strong></span> <span class='ocrx_word' id='word_1_75' title='bbox 742 953 803 1032; x_wconf 85' lang='lat' dir='ltr'><strong>tu</strong></span> <span class='ocrx_word' id='word_1_76' title='bbox 833 961 999 1005; x_wconf 84' lang='lat' dir='ltr'><strong>esses</strong></span> <span class='ocrx_word' id='word_1_77' title='bbox 1026 952 1331 1025; x_wconf 86' lang='lat' dir='ltr'><strong>expertus,</strong></span> <span class='ocrx_word' id='word_1_78' title='bbox 1384 965 1589 1009; x_wconf 91' lang='lat' dir='ltr'><strong>eorum</strong></span> <span class='ocrx_word' id='word_1_79' title='bbox 1630 948 1866 1011; x_wconf 86' lang='lat' dir='ltr'><strong>celeres</strong></span> <span class='ocrx_word' id='word_1_80' title='bbox 1897 968 2094 1011; x_wconf 81' lang='lat' dir='ltr'><strong>inemo</strong></span> 
     </span>
    </p>
   </div>
   <div class='ocr_carea' id='block_1_13' title="bbox 2184 943 3857 1032">
    <p class='ocr_par' dir='ltr' id='par_1_13' title="bbox 2220 950 3857 1032">
     <span class='ocr_line' id='line_1_13' title="bbox 2220 950 3857 1032; baseline 0.004 -27"><span class='ocrx_word' id='word_1_81' title='bbox 2220 956 2669 1026; x_wconf 76' lang='grc' dir='ltr'>προσκονεῖσθαις</span> <span class='ocrx_word' id='word_1_82' title='bbox 2733 952 2791 1011; x_wconf 84' lang='grc' dir='ltr'><strong>Ὀ</strong></span> <span class='ocrx_word' id='word_1_83' title='bbox 2878 951 3061 1032; x_wconf 71' lang='grc' dir='ltr'>ἅρχων</span> <span class='ocrx_word' id='word_1_84' title='bbox 3140 951 3264 1007; x_wconf 74' lang='grc' dir='ltr'>εἶπε</span> <span class='ocrx_word' id='word_1_85' title='bbox 3299 970 3315 987; x_wconf 74' lang='grc'>⁸</span> <span class='ocrx_word' id='word_1_86' title='bbox 3385 950 3653 1026; x_wconf 81' lang='grc' dir='ltr'>Πλάτωνι,</span> <span class='ocrx_word' id='word_1_87' title='bbox 3713 952 3857 1030; x_wconf 76' lang='grc' dir='ltr'>Ἀριο</span> 
     </span>
    </p>
   </div>
   <div class='ocr_carea' id='block_1_14' title="bbox 482 1031 2099 1120">
    <p class='ocr_par' dir='ltr' id='par_1_14' title="bbox 482 1031 2095 1115">
     <span class='ocr_line' id='line_1_14' title="bbox 482 1031 2095 1115; baseline 0.002 -19"><span class='ocrx_word' id='word_1_88' title='bbox 482 1035 662 1115; x_wconf 88' lang='lat' dir='ltr'><strong>riam,</strong></span> <span class='ocrx_word' id='word_1_89' title='bbox 695 1052 729 1095; x_wconf 93' lang='lat' dir='ltr'><strong>o</strong></span> <span class='ocrx_word' id='word_1_90' title='bbox 759 1031 1042 1111; x_wconf 89' lang='lat' dir='ltr'><strong>Eustrati,</strong></span> <span class='ocrx_word' id='word_1_91' title='bbox 1078 1051 1215 1096; x_wconf 92' lang='lat' dir='ltr'><strong>cum</strong></span> <span class='ocrx_word' id='word_1_92' title='bbox 1243 1033 1364 1096; x_wconf 88' lang='lat' dir='ltr'><strong>sint</strong></span> <span class='ocrx_word' id='word_1_93' title='bbox 1418 1035 1606 1099; x_wconf 89' lang='lat' dir='ltr'><strong>divini</strong></span> <span class='ocrx_word' id='word_1_94' title='bbox 1637 1039 1747 1100; x_wconf 91' lang='lat' dir='ltr'><strong>viri</strong></span> <span class='ocrx_word' id='word_1_95' title='bbox 1780 1047 1839 1102; x_wconf 87' lang='lat' dir='ltr'><strong>et</strong></span> <span class='ocrx_word' id='word_1_96' title='bbox 1866 1037 2095 1100; x_wconf 89' lang='lat' dir='ltr'><strong>admira</strong></span> 
     </span>
    </p>
   </div>
   <div class='ocr_carea' id='block_1_15' title="bbox 2184 1031 3856 1120">
    <p class='ocr_par' dir='ltr' id='par_1_15' title="bbox 2216 1031 3856 1120">
     <span class='ocr_line' id='line_1_15' title="bbox 2216 1031 3856 1120; baseline 0.002 -25"><span class='ocrx_word' id='word_1_97' title='bbox 2216 1039 2473 1116; x_wconf 82' lang='grc' dir='ltr'>στοτέλει,</span> <span class='ocrx_word' id='word_1_98' title='bbox 2531 1041 2726 1119; x_wconf 82' lang='grc' dir='ltr'>Ἐρμῇ,</span> <span class='ocrx_word' id='word_1_99' title='bbox 2774 1043 2860 1097; x_wconf 81' lang='grc' dir='ltr'>καὶ</span> <span class='ocrx_word' id='word_1_100' title='bbox 2899 1031 3014 1105; x_wconf 73' lang='grc' dir='ltr'>τοῖς</span> <span class='ocrx_word' id='word_1_101' title='bbox 3060 1039 3281 1104; x_wconf 84' lang='grc' dir='ltr'>λοιποῖς</span> <span class='ocrx_word' id='word_1_102' title='bbox 3326 1054 3537 1120; x_wconf 73' lang='grc' dir='ltr'>σοφοῖς,</span> <span class='ocrx_word' id='word_1_103' title='bbox 3571 1042 3644 1097; x_wconf 83' lang='grc' dir='ltr'>ὧν</span> <span class='ocrx_word' id='word_1_104' title='bbox 3677 1043 3721 1098; x_wconf 78' lang='grc' dir='ltr'>εἰ</span> <span class='ocrx_word' id='word_1_105' title='bbox 3748 1042 3856 1119; x_wconf 77' lang='grc' dir='ltr'><strong>ἐγέ-</strong></span> 
     </span>
    </p>
   </div>
   <div class='ocr_carea' id='block_1_16' title="bbox 483 1121 2099 1210">
    <p class='ocr_par' dir='ltr' id='par_1_16' title="bbox 483 1121 2099 1190">
     <span class='ocr_line' id='line_1_16' title="bbox 483 1121 2099 1190; baseline 0.002 -6"><span class='ocrx_word' id='word_1_106' title='bbox 483 1122 659 1187; x_wconf 85' lang='lat' dir='ltr'><strong>biles.</strong></span> <span class='ocrx_word' id='word_1_107' title='bbox 721 1121 972 1184; x_wconf 86' lang='lat' dir='ltr'><strong>Sauctus</strong></span> <span class='ocrx_word' id='word_1_108' title='bbox 1028 1121 1178 1185; x_wconf 83' lang='lat' dir='ltr'><strong>dixit</strong></span> <span class='ocrx_word' id='word_1_109' title='bbox 1233 1122 1571 1187; x_wconf 89' lang='lat' dir='ltr'><strong>Eustratius</strong></span> <span class='ocrx_word' id='word_1_110' title='bbox 1606 1125 1883 1190; x_wconf 85' lang='lat' dir='ltr'><strong>:Nullius</strong></span> <span class='ocrx_word' id='word_1_111' title='bbox 1918 1132 2099 1190; x_wconf 84' lang='lat' dir='ltr'><strong>horun</strong></span> 
     </span>
    </p>
   </div>
   <div class='ocr_carea' id='block_1_17' title="bbox 2184 1121 3857 1210">
    <p class='ocr_par' dir='ltr' id='par_1_17' title="bbox 2216 1128 3857 1210">
     <span class='ocr_line' id='line_1_17' title="bbox 2216 1128 3857 1210; baseline 0.005 -28"><span class='ocrx_word' id='word_1_112' title='bbox 2216 1149 2303 1184; x_wconf 86' lang='grc' dir='ltr'><strong>νου</strong></span> <span class='ocrx_word' id='word_1_113' title='bbox 2334 1129 2390 1184; x_wconf 81' lang='grc' dir='ltr'>ἐν</span> <span class='ocrx_word' id='word_1_114' title='bbox 2433 1131 2611 1210; x_wconf 83' lang='grc' dir='ltr'>πείρᾳ,</span> <span class='ocrx_word' id='word_1_115' title='bbox 2656 1128 2836 1195; x_wconf 76' lang='grc' dir='ltr'>ἔσεϐες</span> <span class='ocrx_word' id='word_1_116' title='bbox 2877 1133 2940 1187; x_wconf 78' lang='grc' dir='ltr'><strong>ἂν</strong></span> <span class='ocrx_word' id='word_1_117' title='bbox 2985 1129 3156 1187; x_wconf 53' lang='lat' dir='ltr'><strong>autth</strong></span> <span class='ocrx_word' id='word_1_118' title='bbox 3203 1131 3298 1192; x_wconf 81' lang='grc' dir='ltr'><strong>τὰς</strong></span> <span class='ocrx_word' id='word_1_119' title='bbox 3358 1131 3601 1204; x_wconf 76' lang='grc' dir='ltr'>μνήμας,</span> <span class='ocrx_word' id='word_1_120' title='bbox 3666 1134 3712 1186; x_wconf 80' lang='grc' dir='ltr'>ὦ</span> <span class='ocrx_word' id='word_1_121' title='bbox 3756 1135 3857 1190; x_wconf 78' lang='grc' dir='ltr'><strong>Εὖ·-</strong></span> 
     </span>
    </p>
   </div>
   <div class='ocr_carea' id='block_1_18' title="bbox 483 1211 2099 1299">
    <p class='ocr_par' dir='ltr' id='par_1_18' title="bbox 483 1211 2095 1295">
     <span class='ocr_line' id='line_1_18' title="bbox 483 1211 2095 1295; baseline 0.004 -22"><span class='ocrx_word' id='word_1_122' title='bbox 483 1211 634 1273; x_wconf 88' lang='lat' dir='ltr'><strong>mihi</strong></span> <span class='ocrx_word' id='word_1_123' title='bbox 661 1220 800 1274; x_wconf 89' lang='lat' dir='ltr'><strong>sunt</strong></span> <span class='ocrx_word' id='word_1_124' title='bbox 825 1212 1027 1291; x_wconf 79' lang='lat' dir='ltr'><strong>ignota</strong></span> <span class='ocrx_word' id='word_1_125' title='bbox 1058 1214 1361 1295; x_wconf 80' lang='lat' dir='ltr'><strong>mysteria,</strong></span> <span class='ocrx_word' id='word_1_126' title='bbox 1404 1216 1511 1277; x_wconf 90' lang='lat' dir='ltr'><strong>sed</strong></span> <span class='ocrx_word' id='word_1_127' title='bbox 1562 1216 1634 1278; x_wconf 89' lang='lat' dir='ltr'><strong>ab</strong></span> <span class='ocrx_word' id='word_1_128' title='bbox 1685 1224 1932 1281; x_wconf 84' lang='lat' dir='ltr'><strong>ineunte</strong></span> <span class='ocrx_word' id='word_1_129' title='bbox 1962 1226 2095 1279; x_wconf 82' lang='lat' dir='ltr'><strong>aetat</strong></span> 
     </span>
    </p>
   </div>
   <div class='ocr_carea' id='block_1_19' title="bbox 2184 1211 3859 1299">
    <p class='ocr_par' dir='ltr' id='par_1_19' title="bbox 2215 1217 3859 1299">
     <span class='ocr_line' id='line_1_19' title="bbox 2215 1217 3859 1299; baseline 0.002 -27"><span class='ocrx_word' id='word_1_130' title='bbox 2215 1217 2448 1294; x_wconf 80' lang='grc' dir='ltr'>στράτιε,</span> <span class='ocrx_word' id='word_1_131' title='bbox 2540 1219 2683 1286; x_wconf 80' lang='grc' dir='ltr'>ὅπως</span> <span class='ocrx_word' id='word_1_132' title='bbox 2768 1222 3061 1293; x_wconf 74' lang='grc' dir='ltr'>θαυμαστοὶ</span> <span class='ocrx_word' id='word_1_133' title='bbox 3158 1219 3246 1275; x_wconf 73' lang='grc' dir='ltr'><strong>καὶ</strong></span> <span class='ocrx_word' id='word_1_134' title='bbox 3314 1222 3452 1276; x_wconf 83' lang='grc' dir='ltr'>θεῖοι</span> <span class='ocrx_word' id='word_1_135' title='bbox 3537 1217 3859 1299; x_wconf 76' lang='grc' dir='ltr'>ὑπάρχουσιν</span> 
     </span>
    </p>
   </div>
   <div class='ocr_carea' id='block_1_20' title="bbox 481 1300 2099 1388">
    <p class='ocr_par' dir='ltr' id='par_1_20' title="bbox 481 1300 2099 1383">
     <span class='ocr_line' id='line_1_20' title="bbox 481 1300 2099 1383; baseline 0.002 -19"><span class='ocrx_word' id='word_1_136' title='bbox 481 1319 692 1365; x_wconf 90' lang='lat' dir='ltr'><strong>eorum</strong></span> <span class='ocrx_word' id='word_1_137' title='bbox 723 1300 904 1363; x_wconf 87' lang='lat' dir='ltr'><strong>habui</strong></span> <span class='ocrx_word' id='word_1_138' title='bbox 946 1302 1402 1383; x_wconf 69' lang='lat' dir='ltr'><strong>experientiam.</strong></span> <span class='ocrx_word' id='word_1_139' title='bbox 1434 1304 1545 1377; x_wconf 88' lang='lat' dir='ltr'><strong>Qui</strong></span> <span class='ocrx_word' id='word_1_140' title='bbox 1595 1312 1773 1368; x_wconf 89' lang='lat' dir='ltr'><strong>etiam</strong></span> <span class='ocrx_word' id='word_1_141' title='bbox 1807 1308 1868 1368; x_wconf 91' lang='lat' dir='ltr'><strong>in</strong></span> <span class='ocrx_word' id='word_1_142' title='bbox 1904 1307 2099 1368; x_wconf 76' lang='lat' dir='ltr'><strong>music</strong></span> 
     </span>
    </p>
   </div>
   <div class='ocr_carea' id='block_1_21' title="bbox 2184 1300 3856 1388">
    <p class='ocr_par' dir='ltr' id='par_1_21' title="bbox 2215 1305 3856 1388">
     <span class='ocr_line' id='line_1_21' title="bbox 2215 1305 3856 1388; baseline 0.002 -26"><span class='ocrx_word' id='word_1_143' title='bbox 2215 1306 2419 1387; x_wconf 75' lang='grc' dir='ltr'>ἄνδρες,</span> <span class='ocrx_word' id='word_1_144' title='bbox 2482 1308 2544 1366; x_wconf 90' lang='grc' dir='ltr'><strong>Ὀ</strong></span> <span class='ocrx_word' id='word_1_145' title='bbox 2588 1308 2738 1386; x_wconf 78' lang='grc' dir='ltr'>ἅγιος</span> <span class='ocrx_word' id='word_1_146' title='bbox 2796 1309 3112 1388; x_wconf 76' lang='grc' dir='ltr'>Εὖστράτιος</span> <span class='ocrx_word' id='word_1_147' title='bbox 3174 1308 3326 1364; x_wconf 81' lang='grc' dir='ltr'>εἶπεν</span> <span class='ocrx_word' id='word_1_148' title='bbox 3363 1324 3377 1338; x_wconf 79' lang='grc'>⁸</span> <span class='ocrx_word' id='word_1_149' title='bbox 3458 1305 3679 1371; x_wconf 71' lang='grc' dir='ltr'>Οόδενὸς</span> <span class='ocrx_word' id='word_1_150' title='bbox 3730 1310 3856 1366; x_wconf 84' lang='grc' dir='ltr'>τού-</span> 
     </span>
    </p>
   </div>
   <div class='ocr_carea' id='block_1_22' title="bbox 480 1390 2099 1478">
    <p class='ocr_par' dir='ltr' id='par_1_22' title="bbox 480 1390 2091 1477">
     <span class='ocr_line' id='line_1_22' title="bbox 480 1390 2091 1477; baseline 0.002 -24"><span class='ocrx_word' id='word_1_151' title='bbox 480 1390 734 1472; x_wconf 84' lang='lat' dir='ltr'><strong>pulchre</strong></span> <span class='ocrx_word' id='word_1_152' title='bbox 755 1408 888 1453; x_wconf 87' lang='lat' dir='ltr'><strong>sum</strong></span> <span class='ocrx_word' id='word_1_153' title='bbox 918 1399 1283 1473; x_wconf 82' lang='lat' dir='ltr'><strong>versatus,ut</strong></span> <span class='ocrx_word' id='word_1_154' title='bbox 1309 1394 1406 1456; x_wconf 92' lang='lat' dir='ltr'><strong>cui</strong></span> <span class='ocrx_word' id='word_1_155' title='bbox 1436 1394 1716 1474; x_wconf 83' lang='lat' dir='ltr'><strong>obtigerit</strong></span> <span class='ocrx_word' id='word_1_156' title='bbox 1745 1405 1913 1477; x_wconf 92' lang='lat' dir='ltr'><strong>pater</strong></span> <span class='ocrx_word' id='word_1_157' title='bbox 1939 1397 2091 1457; x_wconf 91' lang='lat' dir='ltr'><strong>virtu</strong></span> 
     </span>
    </p>
   </div>
   <div class='ocr_carea' id='block_1_23' title="bbox 2184 1390 3855 1478">
    <p class='ocr_par' dir='ltr' id='par_1_23' title="bbox 2214 1397 3855 1478">
     <span class='ocr_line' id='line_1_23' title="bbox 2214 1397 3855 1478; baseline 0.002 -26"><span class='ocrx_word' id='word_1_158' title='bbox 2214 1419 2319 1453; x_wconf 87' lang='grc' dir='ltr'><strong>των</strong></span> <span class='ocrx_word' id='word_1_159' title='bbox 2375 1398 2613 1473; x_wconf 76' lang='grc' dir='ltr'><strong>ἀμύητος</strong></span> <span class='ocrx_word' id='word_1_160' title='bbox 2669 1400 2923 1478; x_wconf 77' lang='grc' dir='ltr'><strong>ὑπάρχω,</strong></span> <span class='ocrx_word' id='word_1_161' title='bbox 2984 1397 3121 1453; x_wconf 77' lang='grc' dir='ltr'>ἀλλὰ</span> <span class='ocrx_word' id='word_1_162' title='bbox 3173 1399 3386 1454; x_wconf 83' lang='grc' dir='ltr'>πάντων</span> <span class='ocrx_word' id='word_1_163' title='bbox 3443 1398 3498 1454; x_wconf 81' lang='grc' dir='ltr'>ἐν</span> <span class='ocrx_word' id='word_1_164' title='bbox 3553 1398 3709 1476; x_wconf 79' lang='grc' dir='ltr'>πείρᾳ</span> <span class='ocrx_word' id='word_1_165' title='bbox 3761 1420 3855 1476; x_wconf 81' lang='grc' dir='ltr'>γε-</span> 
     </span>
    </p>
   </div>
   <div class='ocr_carea' id='block_1_24' title="bbox 480 1479 2099 1568">
    <p class='ocr_par' dir='ltr' id='par_1_24' title="bbox 480 1479 2099 1566">
     <span class='ocr_line' id='line_1_24' title="bbox 480 1479 2099 1566; baseline -0.001 -24"><span class='ocrx_word' id='word_1_166' title='bbox 480 1487 558 1544; x_wconf 85' lang='lat' dir='ltr'><strong>tis</strong></span> <span class='ocrx_word' id='word_1_167' title='bbox 586 1479 929 1543; x_wconf 87' lang='lat' dir='ltr'><strong>studiosus:</strong></span> <span class='ocrx_word' id='word_1_168' title='bbox 968 1488 1048 1557; x_wconf 91' lang='lat' dir='ltr'><strong>et,</strong></span> <span class='ocrx_word' id='word_1_169' title='bbox 1082 1480 1133 1542; x_wconf 92' lang='lat' dir='ltr'><strong>si</strong></span> <span class='ocrx_word' id='word_1_170' title='bbox 1173 1481 1376 1563; x_wconf 84' lang='lat' dir='ltr'><strong>jubes,</strong></span> <span class='ocrx_word' id='word_1_171' title='bbox 1411 1483 1773 1565; x_wconf 84' lang='lat' dir='ltr'><strong>incipiamus</strong></span> <span class='ocrx_word' id='word_1_172' title='bbox 1806 1486 2065 1566; x_wconf 89' lang='lat' dir='ltr'><strong>primum</strong></span> <span class='ocrx_word' id='word_1_173' title='bbox 2097 1528 2099 1541; x_wconf 82' lang='lat'><strong>.</strong></span> 
     </span>
    </p>
   </div>
   <div class='ocr_carea' id='block_1_25' title="bbox 2184 1479 3857 1568">
    <p class='ocr_par' dir='ltr' id='par_1_25' title="bbox 2212 1487 3857 1568">
     <span class='ocr_line' id='line_1_25' title="bbox 2212 1487 3857 1568; baseline -0.001 -25"><span class='ocrx_word' id='word_1_174' title='bbox 2212 1487 2442 1563; x_wconf 77' lang='grc' dir='ltr'>γένημαι</span> <span class='ocrx_word' id='word_1_175' title='bbox 2492 1489 2552 1544; x_wconf 80' lang='grc' dir='ltr'>ἐκ</span> <span class='ocrx_word' id='word_1_176' title='bbox 2620 1495 2807 1568; x_wconf 77' lang='grc' dir='ltr'>νεαρᾶς</span> <span class='ocrx_word' id='word_1_177' title='bbox 2874 1487 3086 1555; x_wconf 75' lang='grc' dir='ltr'>ἡλικίας</span> <span class='ocrx_word' id='word_1_178' title='bbox 3124 1505 3139 1521; x_wconf 81' lang='grc'><strong>”</strong></span> <span class='ocrx_word' id='word_1_179' title='bbox 3197 1488 3523 1565; x_wconf 71' lang='grc' dir='ltr'>κατώρθωκα</span> <span class='ocrx_word' id='word_1_180' title='bbox 3593 1488 3695 1565; x_wconf 76' lang='grc' dir='ltr'>γὰρ</span> <span class='ocrx_word' id='word_1_181' title='bbox 3760 1496 3857 1555; x_wconf 79' lang='grc' dir='ltr'>τήν</span> 
     </span>
    </p>
   </div>
   <div class='ocr_carea' id='block_1_26' title="bbox 477 1569 2099 1656">
    <p class='ocr_par' dir='ltr' id='par_1_26' title="bbox 477 1569 2099 1650">
     <span class='ocr_line' id='line_1_26' title="bbox 477 1569 2099 1650; baseline 0.002 -17"><span class='ocrx_word' id='word_1_182' title='bbox 477 1570 756 1633; x_wconf 85' lang='lat' dir='ltr'><strong>Platone.</strong></span> <span class='ocrx_word' id='word_1_183' title='bbox 790 1569 949 1633; x_wconf 85' lang='lat' dir='ltr'><strong>Dixit</strong></span> <span class='ocrx_word' id='word_1_184' title='bbox 1006 1588 1226 1650; x_wconf 65' lang='lat' dir='ltr'><strong>praeses</strong></span> <span class='ocrx_word' id='word_1_185' title='bbox 1261 1589 1275 1631; x_wconf 89' lang='lat'><strong>:</strong></span> <span class='ocrx_word' id='word_1_186' title='bbox 1335 1571 1682 1636; x_wconf 82' lang='lat' dir='ltr'><strong>Invenimus</strong></span> <span class='ocrx_word' id='word_1_187' title='bbox 1729 1575 2036 1638; x_wconf 87' lang='lat' dir='ltr'><strong>Platonem</strong></span> <span class='ocrx_word' id='word_1_188' title='bbox 2069 1575 2099 1637; x_wconf 81' lang='grc' dir='ltr'>ἱι</span> 
     </span>
    </p>
   </div>
   <div class='ocr_carea' id='block_1_27' title="bbox 2184 1569 3858 1656">
    <p class='ocr_par' dir='ltr' id='par_1_27' title="bbox 2215 1575 3858 1656">
     <span class='ocr_line' id='line_1_27' title="bbox 2215 1575 3858 1656; baseline 0.001 -23"><span class='ocrx_word' id='word_1_189' title='bbox 2215 1576 2479 1651; x_wconf 80' lang='grc' dir='ltr'>μουσικὴν</span> <span class='ocrx_word' id='word_1_190' title='bbox 2536 1584 2711 1633; x_wconf 81' lang='grc' dir='ltr'>πᾶσαν</span> <span class='ocrx_word' id='word_1_191' title='bbox 2772 1575 3054 1656; x_wconf 76' lang='grc' dir='ltr'>φιλαρέτου</span> <span class='ocrx_word' id='word_1_192' title='bbox 3104 1578 3290 1656; x_wconf 86' lang='grc' dir='ltr'>τυχὼν</span> <span class='ocrx_word' id='word_1_193' title='bbox 3379 1576 3605 1644; x_wconf 80' lang='grc' dir='ltr'>πατρός,</span> <span class='ocrx_word' id='word_1_194' title='bbox 3670 1577 3766 1634; x_wconf 82' lang='grc' dir='ltr'><strong>Καὶ</strong></span> <span class='ocrx_word' id='word_1_195' title='bbox 3814 1580 3858 1634; x_wconf 77' lang='grc' dir='ltr'>εἰ</span> 
     </span>
    </p>
   </div>
   <div class='ocr_carea' id='block_1_28' title="bbox 476 1658 2099 1746">
    <p class='ocr_par' dir='ltr' id='par_1_28' title="bbox 476 1658 2099 1743">
     <span class='ocr_line' id='line_1_28' title="bbox 476 1658 2099 1743; baseline 0.001 -21"><span class='ocrx_word' id='word_1_196' title='bbox 476 1659 658 1736; x_wconf 90' lang='lat' dir='ltr'><strong>libro,</strong></span> <span class='ocrx_word' id='word_1_197' title='bbox 691 1659 796 1737; x_wconf 91' lang='lat' dir='ltr'><strong>qui</strong></span> <span class='ocrx_word' id='word_1_198' title='bbox 826 1658 1175 1722; x_wconf 86' lang='lat' dir='ltr'><strong>inscribitur</strong></span> <span class='ocrx_word' id='word_1_199' title='bbox 1204 1660 1890 1735; x_wconf 78' lang='lat' dir='ltr'><strong>Timceus.descendisse</strong></span> <span class='ocrx_word' id='word_1_200' title='bbox 1920 1664 1981 1725; x_wconf 88' lang='lat' dir='ltr'><strong>in</strong></span> <span class='ocrx_word' id='word_1_201' title='bbox 2016 1662 2099 1743; x_wconf 66' lang='lat' dir='ltr'><strong>Py</strong></span> 
     </span>
    </p>
   </div>
   <div class='ocr_carea' id='block_1_29' title="bbox 2184 1658 3856 1746">
    <p class='ocr_par' dir='ltr' id='par_1_29' title="bbox 2212 1664 3856 1746">
     <span class='ocr_line' id='line_1_29' title="bbox 2212 1664 3856 1746; baseline 0.002 -26"><span class='ocrx_word' id='word_1_202' title='bbox 2212 1664 2468 1746; x_wconf 87' lang='grc' dir='ltr'>κελεύεις,</span> <span class='ocrx_word' id='word_1_203' title='bbox 2541 1667 2816 1745; x_wconf 78' lang='grc' dir='ltr'>ἀρξώμεθα</span> <span class='ocrx_word' id='word_1_204' title='bbox 2900 1666 3162 1743; x_wconf 83' lang='grc' dir='ltr'>πρότερον</span> <span class='ocrx_word' id='word_1_205' title='bbox 3234 1665 3340 1721; x_wconf 85' lang='grc' dir='ltr'><strong>ἀπὸ</strong></span> <span class='ocrx_word' id='word_1_206' title='bbox 3408 1664 3716 1728; x_wconf 82' lang='grc' dir='ltr'>Πλάτωνος.</span> <span class='ocrx_word' id='word_1_207' title='bbox 3797 1664 3856 1723; x_wconf 90' lang='grc' dir='ltr'><strong>Ὀ</strong></span> 
     </span>
    </p>
   </div>
   <div class='ocr_carea' id='block_1_30' title="bbox 472 1751 2099 1835">
    <p class='ocr_par' dir='ltr' id='par_1_30' title="bbox 472 1751 2094 1829">
     <span class='ocr_line' id='line_1_30' title="bbox 472 1751 2094 1829; baseline 0.002 -18"><span class='ocrx_word' id='word_1_208' title='bbox 472 1768 686 1825; x_wconf 58' lang='lat' dir='ltr'><strong>rasum,</strong></span> <span class='ocrx_word' id='word_1_209' title='bbox 722 1755 783 1811; x_wconf 91' lang='lat' dir='ltr'><strong>et</strong></span> <span class='ocrx_word' id='word_1_210' title='bbox 827 1758 1130 1829; x_wconf 88' lang='lat' dir='ltr'><strong>precatum</strong></span> <span class='ocrx_word' id='word_1_211' title='bbox 1178 1769 1312 1813; x_wconf 89' lang='lat' dir='ltr'><strong>esse</strong></span> <span class='ocrx_word' id='word_1_212' title='bbox 1368 1751 1566 1815; x_wconf 91' lang='lat' dir='ltr'><strong>deam.</strong></span> <span class='ocrx_word' id='word_1_213' title='bbox 1621 1752 1835 1815; x_wconf 86' lang='lat' dir='ltr'><strong>Tibine</strong></span> <span class='ocrx_word' id='word_1_214' title='bbox 1896 1753 2094 1815; x_wconf 86' lang='lat' dir='ltr'><strong>videtu</strong></span> 
     </span>
    </p>
   </div>
   <div class='ocr_carea' id='block_1_31' title="bbox 2184 1751 3856 1835">
    <p class='ocr_par' dir='ltr' id='par_1_31' title="bbox 2212 1753 3856 1835">
     <span class='ocr_line' id='line_1_31' title="bbox 2212 1753 3856 1835; baseline 0.001 -26"><span class='ocrx_word' id='word_1_215' title='bbox 2212 1754 2394 1835; x_wconf 60' lang='grc' dir='ltr'>ἅρχων</span> <span class='ocrx_word' id='word_1_216' title='bbox 2477 1756 2633 1813; x_wconf 76' lang='grc' dir='ltr'>εἶπεν</span> <span class='ocrx_word' id='word_1_217' title='bbox 2667 1771 2680 1785; x_wconf 87' lang='grc'><em>’</em></span> <span class='ocrx_word' id='word_1_218' title='bbox 2778 1755 3096 1831; x_wconf 75' lang='grc' dir='ltr'>Εὑρίσκομεν</span> <span class='ocrx_word' id='word_1_219' title='bbox 3166 1753 3425 1812; x_wconf 86' lang='grc' dir='ltr'>Πλάτωνα</span> <span class='ocrx_word' id='word_1_220' title='bbox 3500 1755 3552 1811; x_wconf 81' lang='grc' dir='ltr'>ἐν</span> <span class='ocrx_word' id='word_1_221' title='bbox 3608 1760 3678 1830; x_wconf 75' lang='grc' dir='ltr'><strong>τῇ</strong></span> <span class='ocrx_word' id='word_1_222' title='bbox 3725 1756 3856 1834; x_wconf 84' lang='grc' dir='ltr'>πρὸς</span> 
     </span>
    </p>
   </div>
   <div class='ocr_carea' id='block_1_32' title="bbox 478 1837 2099 1933">
    <p class='ocr_par' dir='ltr' id='par_1_32' title="bbox 478 1837 2099 1933">
     <span class='ocr_line' id='line_1_32' title="bbox 478 1837 2099 1933; baseline 0.002 -32"><span class='ocrx_word' id='word_1_223' title='bbox 478 1839 579 1933; x_wconf 81' lang='lat' dir='ltr'><strong>hic</strong></span> <span class='ocrx_word' id='word_1_224' title='bbox 607 1837 1031 1933; x_wconf 71' lang='lat' dir='ltr'><strong>essesapieus,</strong></span> <span class='ocrx_word' id='word_1_225' title='bbox 1063 1856 1141 1901; x_wconf 85' lang='lat' dir='ltr'><strong>an</strong></span> <span class='ocrx_word' id='word_1_226' title='bbox 1191 1840 1360 1933; x_wconf 65' lang='lat' dir='ltr'><strong>non?</strong></span> <span class='ocrx_word' id='word_1_227' title='bbox 1406 1840 1659 1933; x_wconf 73' lang='lat' dir='ltr'><strong>sanctus</strong></span> <span class='ocrx_word' id='word_1_228' title='bbox 1702 1842 1850 1904; x_wconf 83' lang='lat' dir='ltr'><strong>dixit</strong></span> <span class='ocrx_word' id='word_1_229' title='bbox 1879 1842 2099 1904; x_wconf 85' lang='lat' dir='ltr'><strong>Eustra</strong></span> 
     </span>
    </p>
   </div>
   <div class='ocr_carea' id='block_1_33' title="bbox 2184 1837 3851 1933">
    <p class='ocr_par' dir='ltr' id='par_1_33' title="bbox 2184 1842 3851 1928">
     <span class='ocr_line' id='line_1_33' title="bbox 2184 1842 3851 1928; baseline -0.002 -27"><span class='ocrx_word' id='word_1_230' title='bbox 2184 1845 2432 1928; x_wconf 57' lang='grc' dir='ltr'><strong>ἱΤίμαιον</strong></span> <span class='ocrx_word' id='word_1_231' title='bbox 2490 1842 2676 1920; x_wconf 76' lang='grc' dir='ltr'>βίϐλῳ,</span> <span class='ocrx_word' id='word_1_232' title='bbox 2725 1847 2796 1906; x_wconf 83' lang='grc' dir='ltr'>εἰς</span> <span class='ocrx_word' id='word_1_233' title='bbox 2844 1847 2935 1900; x_wconf 85' lang='grc' dir='ltr'><strong>τὸν</strong></span> <span class='ocrx_word' id='word_1_234' title='bbox 2996 1850 3211 1919; x_wconf 76' lang='grc' dir='ltr'>Πειραιᾶ</span> <span class='ocrx_word' id='word_1_235' title='bbox 3276 1844 3622 1918; x_wconf 77' lang='grc' dir='ltr'>κατελθόντα,</span> <span class='ocrx_word' id='word_1_236' title='bbox 3680 1866 3851 1921; x_wconf 75' lang='grc' dir='ltr'>προτ-</span> 
     </span>
    </p>
   </div>
   <div class='ocr_carea' id='block_1_34' title="bbox 478 1926 2099 2012">
    <p class='ocr_par' dir='ltr' id='par_1_34' title="bbox 478 1927 2094 1994">
     <span class='ocr_line' id='line_1_34' title="bbox 478 1927 2094 1994; baseline 0.002 -4"><span class='ocrx_word' id='word_1_237' title='bbox 478 1929 596 1990; x_wconf 86' lang='lat' dir='ltr'><strong>tius</strong></span> <span class='ocrx_word' id='word_1_238' title='bbox 620 1948 635 1992; x_wconf 92' lang='lat'><strong>:</strong></span> <span class='ocrx_word' id='word_1_239' title='bbox 656 1927 844 1990; x_wconf 80' lang='lat' dir='ltr'><strong>Valde</strong></span> <span class='ocrx_word' id='word_1_240' title='bbox 873 1927 1237 1990; x_wconf 87' lang='lat' dir='ltr'><strong>condemnat</strong></span> <span class='ocrx_word' id='word_1_241' title='bbox 1265 1928 1429 1992; x_wconf 90' lang='lat' dir='ltr'><strong>Plato</strong></span> <span class='ocrx_word' id='word_1_242' title='bbox 1458 1931 1665 1994; x_wconf 84' lang='lat' dir='ltr'><strong>Jovem</strong></span> <span class='ocrx_word' id='word_1_243' title='bbox 1717 1933 1895 1994; x_wconf 91' lang='lat' dir='ltr'><strong>deum</strong></span> <span class='ocrx_word' id='word_1_244' title='bbox 1932 1940 2094 1994; x_wconf 89' lang='lat' dir='ltr'><strong>tuum</strong></span> 
     </span>
    </p>
   </div>
   <div class='ocr_carea' id='block_1_35' title="bbox 2184 1926 3854 2012">
    <p class='ocr_par' dir='ltr' id='par_1_35' title="bbox 2184 1926 3854 2012">
     <span class='ocr_line' id='line_1_35' title="bbox 2184 1926 3854 2012; baseline 0 -24"><span class='ocrx_word' id='word_1_245' title='bbox 2184 1926 2490 2010; x_wconf 15' lang='grc' dir='ltr'>τευξόμενον</span> <span class='ocrx_word' id='word_1_246' title='bbox 2549 1926 2617 2011; x_wconf 75' lang='grc' dir='ltr'><strong>τῇ</strong></span> <span class='ocrx_word' id='word_1_247' title='bbox 2672 1939 2795 2009; x_wconf 83' lang='grc' dir='ltr'>θεῷ.</span> <span class='ocrx_word' id='word_1_248' title='bbox 2850 1944 3013 1991; x_wconf 85' lang='grc' dir='ltr'>Δοκεῖ</span> <span class='ocrx_word' id='word_1_249' title='bbox 3062 1956 3145 1990; x_wconf 93' lang='grc' dir='ltr'><strong>σοι</strong></span> <span class='ocrx_word' id='word_1_250' title='bbox 3188 1936 3347 2012; x_wconf 73' lang='grc' dir='ltr'>σοφὸς</span> <span class='ocrx_word' id='word_1_251' title='bbox 3405 1934 3551 1996; x_wconf 80' lang='grc' dir='ltr'>οὗτος</span> <span class='ocrx_word' id='word_1_252' title='bbox 3597 1937 3759 2007; x_wconf 80' lang='grc' dir='ltr'>εἶναι,</span> <span class='ocrx_word' id='word_1_253' title='bbox 3819 1934 3854 2001; x_wconf 75' lang='grc' dir='ltr'><strong>ἢ</strong></span> 
     </span>
    </p>
   </div>
   <div class='ocr_carea' id='block_1_36' title="bbox 472 2014 2099 2104">
    <p class='ocr_par' dir='ltr' id='par_1_36' title="bbox 472 2014 2099 2091">
     <span class='ocr_line' id='line_1_36' title="bbox 472 2014 2099 2091; baseline 0.001 -9"><span class='ocrx_word' id='word_1_254' title='bbox 472 2016 631 2082; x_wconf 82' lang='lat' dir='ltr'><strong>Audi</strong></span> <span class='ocrx_word' id='word_1_255' title='bbox 661 2023 859 2078; x_wconf 89' lang='lat' dir='ltr'><strong>autem</strong></span> <span class='ocrx_word' id='word_1_256' title='bbox 905 2014 1087 2078; x_wconf 90' lang='lat' dir='ltr'><strong>verba</strong></span> <span class='ocrx_word' id='word_1_257' title='bbox 1115 2017 1400 2081; x_wconf 87' lang='lat' dir='ltr'><strong>Platonis.</strong></span> <span class='ocrx_word' id='word_1_258' title='bbox 1438 2018 1729 2091; x_wconf 88' lang='lat' dir='ltr'><strong>Quoniam</strong></span> <span class='ocrx_word' id='word_1_259' title='bbox 1781 2039 1921 2082; x_wconf 90' lang='lat' dir='ltr'><strong>vero</strong></span> <span class='ocrx_word' id='word_1_260' title='bbox 1953 2022 2099 2083; x_wconf 37' lang='lat' dir='ltr'><strong>ince‘</strong></span> 
     </span>
    </p>
   </div>
   <div class='ocr_carea' id='block_1_37' title="bbox 2184 2014 3853 2104">
    <p class='ocr_par' dir='ltr' id='par_1_37' title="bbox 2208 2022 3853 2104">
     <span class='ocr_line' id='line_1_37' title="bbox 2208 2022 3853 2104; baseline 0.001 -27"><span class='ocrx_word' id='word_1_261' title='bbox 2208 2022 2266 2078; x_wconf 63' lang='grc' dir='ltr'><strong>οὔ</strong></span> <span class='ocrx_word' id='word_1_262' title='bbox 2305 2043 2321 2098; x_wconf 86' lang='grc'>;</span> <span class='ocrx_word' id='word_1_263' title='bbox 2378 2023 2437 2082; x_wconf 88' lang='grc' dir='ltr'>Ὀ</span> <span class='ocrx_word' id='word_1_264' title='bbox 2477 2024 2627 2101; x_wconf 77' lang='grc' dir='ltr'>ἅγιος</span> <span class='ocrx_word' id='word_1_265' title='bbox 2661 2025 2973 2104; x_wconf 73' lang='grc' dir='ltr'>Εὖστράτιος</span> <span class='ocrx_word' id='word_1_266' title='bbox 3010 2028 3161 2081; x_wconf 86' lang='grc' dir='ltr'>εἶπεν</span> <span class='ocrx_word' id='word_1_267' title='bbox 3200 2043 3214 2057; x_wconf 93' lang='grc'><strong>·</strong></span> <span class='ocrx_word' id='word_1_268' title='bbox 3278 2024 3420 2080; x_wconf 65' lang='grc' dir='ltr'>Πάνυ</span> <span class='ocrx_word' id='word_1_269' title='bbox 3467 2025 3853 2103; x_wconf 80' lang='grc' dir='ltr'>καταγινώσκει</span> 
     </span>
    </p>
   </div>
   <div class='ocr_carea' id='block_1_38' title="bbox 472 2104 2099 2191">
    <p class='ocr_par' dir='ltr' id='par_1_38' title="bbox 472 2104 2097 2189">
     <span class='ocr_line' id='line_1_38' title="bbox 472 2104 2097 2189; baseline 0.002 -22"><span class='ocrx_word' id='word_1_270' title='bbox 472 2104 613 2186; x_wconf 81' lang='lat' dir='ltr'><strong>pisti</strong></span> <span class='ocrx_word' id='word_1_271' title='bbox 642 2125 680 2168; x_wconf 91' lang='lat' dir='ltr'><strong>a</strong></span> <span class='ocrx_word' id='word_1_272' title='bbox 702 2104 948 2180; x_wconf 68' lang='lat' dir='ltr'><strong>Timavo,</strong></span> <span class='ocrx_word' id='word_1_273' title='bbox 981 2116 1044 2168; x_wconf 86' lang='lat' dir='ltr'><strong>et</strong></span> <span class='ocrx_word' id='word_1_274' title='bbox 1065 2106 1338 2170; x_wconf 85' lang='lat' dir='ltr'><strong>civilibus</strong></span> <span class='ocrx_word' id='word_1_275' title='bbox 1388 2109 1522 2189; x_wconf 85' lang='lat' dir='ltr'><strong>ejus</strong></span> <span class='ocrx_word' id='word_1_276' title='bbox 1550 2109 1948 2187; x_wconf 87' lang='lat' dir='ltr'><strong>orationibus,</strong></span> <span class='ocrx_word' id='word_1_277' title='bbox 1984 2110 2097 2172; x_wconf 90' lang='lat' dir='ltr'><strong>aud</strong></span> 
     </span>
    </p>
   </div>
   <div class='ocr_carea' id='block_1_39' title="bbox 2184 2104 3856 2191">
    <p class='ocr_par' dir='ltr' id='par_1_39' title="bbox 2208 2110 3856 2191">
     <span class='ocr_line' id='line_1_39' title="bbox 2208 2110 3856 2191; baseline -0.001 -24"><span class='ocrx_word' id='word_1_278' title='bbox 2208 2110 2400 2168; x_wconf 84' lang='grc' dir='ltr'>Πλάτω</span> <span class='ocrx_word' id='word_1_279' title='bbox 2472 2115 2594 2173; x_wconf 76' lang='grc' dir='ltr'>Διὸς</span> <span class='ocrx_word' id='word_1_280' title='bbox 2652 2119 2745 2169; x_wconf 78' lang='grc' dir='ltr'>τοῦ</span> <span class='ocrx_word' id='word_1_281' title='bbox 2820 2116 2939 2170; x_wconf 81' lang='grc' dir='ltr'>θεοῦ</span> <span class='ocrx_word' id='word_1_282' title='bbox 3028 2120 3147 2191; x_wconf 69' lang='grc' dir='ltr'>σοῦ,</span> <span class='ocrx_word' id='word_1_283' title='bbox 3206 2114 3289 2168; x_wconf 78' lang='grc' dir='ltr'><strong>καὶ</strong></span> <span class='ocrx_word' id='word_1_284' title='bbox 3353 2110 3513 2170; x_wconf 74' lang='grc' dir='ltr'>ἄκουε</span> <span class='ocrx_word' id='word_1_285' title='bbox 3588 2112 3720 2171; x_wconf 75' lang='grc' dir='ltr'>αὐτὰ</span> <span class='ocrx_word' id='word_1_286' title='bbox 3791 2111 3856 2167; x_wconf 78' lang='grc' dir='ltr'><strong>τὰ</strong></span> 
     </span>
    </p>
   </div>
   <div class='ocr_carea' id='block_1_40' title="bbox 468 2194 2099 2279">
    <p class='ocr_par' dir='ltr' id='par_1_40' title="bbox 468 2194 2072 2279">
     <span class='ocr_line' id='line_1_40' title="bbox 468 2194 2072 2279; baseline 0.001 -21"><span class='ocrx_word' id='word_1_287' title='bbox 468 2196 538 2258; x_wconf 89' lang='lat' dir='ltr'><strong>in</strong></span> <span class='ocrx_word' id='word_1_288' title='bbox 565 2194 833 2258; x_wconf 88' lang='lat' dir='ltr'><strong>secundo</strong></span> <span class='ocrx_word' id='word_1_289' title='bbox 884 2196 1014 2273; x_wconf 87' lang='lat' dir='ltr'><strong>ejus</strong></span> <span class='ocrx_word' id='word_1_290' title='bbox 1060 2195 1216 2259; x_wconf 86' lang='lat' dir='ltr'><strong>libro</strong></span> <span class='ocrx_word' id='word_1_291' title='bbox 1273 2214 1364 2274; x_wconf 88' lang='lat' dir='ltr'><strong>ea,</strong></span> <span class='ocrx_word' id='word_1_292' title='bbox 1418 2215 1550 2278; x_wconf 63' lang='lat' dir='ltr'><strong>qua)</strong></span> <span class='ocrx_word' id='word_1_293' title='bbox 1596 2197 1684 2260; x_wconf 91' lang='lat' dir='ltr'><strong>sic</strong></span> <span class='ocrx_word' id='word_1_294' title='bbox 1713 2206 1853 2260; x_wconf 90' lang='lat' dir='ltr'><strong>sunt</strong></span> <span class='ocrx_word' id='word_1_295' title='bbox 1884 2198 2072 2279; x_wconf 86' lang='lat' dir='ltr'><strong>posita</strong></span> 
     </span>
    </p>
   </div>
   <div class='ocr_carea' id='block_1_41' title="bbox 2184 2194 3850 2279">
    <p class='ocr_par' dir='ltr' id='par_1_41' title="bbox 2204 2201 3850 2279">
     <span class='ocr_line' id='line_1_41' title="bbox 2204 2201 3850 2279; baseline -0.001 -22"><span class='ocrx_word' id='word_1_296' title='bbox 2204 2201 2417 2277; x_wconf 74' lang='grc' dir='ltr'>ῥήματα</span> <span class='ocrx_word' id='word_1_297' title='bbox 2480 2201 2782 2263; x_wconf 81' lang='grc' dir='ltr'>Πλοίτωνος.</span> <span class='ocrx_word' id='word_1_298' title='bbox 2838 2201 3056 2267; x_wconf 82' lang='grc' dir='ltr'>Ἐπειδῆ</span> <span class='ocrx_word' id='word_1_299' title='bbox 3115 2202 3215 2279; x_wconf 81' lang='grc' dir='ltr'>γὰρ</span> <span class='ocrx_word' id='word_1_300' title='bbox 3286 2202 3392 2258; x_wconf 78' lang='grc' dir='ltr'><strong>ἀπὸ</strong></span> <span class='ocrx_word' id='word_1_301' title='bbox 3444 2209 3538 2259; x_wconf 84' lang='grc' dir='ltr'>τοῦ</span> <span class='ocrx_word' id='word_1_302' title='bbox 3590 2206 3850 2278; x_wconf 76' lang='grc' dir='ltr'>Πειραιῶς</span> 
     </span>
    </p>
   </div>
   <div class='ocr_carea' id='block_1_42' title="bbox 473 2284 2099 2368">
    <p class='ocr_par' dir='ltr' id='par_1_42' title="bbox 473 2284 2099 2366">
     <span class='ocr_line' id='line_1_42' title="bbox 473 2284 2099 2366; baseline 0.001 -17"><span class='ocrx_word' id='word_1_303' title='bbox 473 2285 637 2349; x_wconf 89' lang='lat' dir='ltr'><strong>Deus</strong></span> <span class='ocrx_word' id='word_1_304' title='bbox 666 2284 947 2366; x_wconf 88' lang='lat' dir='ltr'><strong>quoniam</strong></span> <span class='ocrx_word' id='word_1_305' title='bbox 979 2292 1070 2347; x_wconf 89' lang='lat' dir='ltr'><strong>est</strong></span> <span class='ocrx_word' id='word_1_306' title='bbox 1114 2284 1329 2362; x_wconf 90' lang='lat' dir='ltr'><strong>bonus,</strong></span> <span class='ocrx_word' id='word_1_307' title='bbox 1363 2288 1630 2349; x_wconf 90' lang='lat' dir='ltr'><strong>omnium</strong></span> <span class='ocrx_word' id='word_1_308' title='bbox 1663 2288 1956 2351; x_wconf 84' lang='lat' dir='ltr'><strong>bonorum</strong></span> <span class='ocrx_word' id='word_1_309' title='bbox 1988 2288 2099 2350; x_wconf 85' lang='lat' dir='ltr'><strong>fue-</strong></span> 
     </span>
    </p>
   </div>
   <div class='ocr_carea' id='block_1_43' title="bbox 2184 2284 3855 2368">
    <p class='ocr_par' dir='ltr' id='par_1_43' title="bbox 2207 2289 3855 2368">
     <span class='ocr_line' id='line_1_43' title="bbox 2207 2289 3855 2368; baseline 0 -21"><span class='ocrx_word' id='word_1_310' title='bbox 2207 2289 2347 2368; x_wconf 73' lang='grc' dir='ltr'>ἤρξω</span> <span class='ocrx_word' id='word_1_311' title='bbox 2431 2293 2519 2347; x_wconf 85' lang='grc' dir='ltr'><strong>καὶ</strong></span> <span class='ocrx_word' id='word_1_312' title='bbox 2595 2292 2701 2347; x_wconf 88' lang='grc' dir='ltr'><strong>ἀπὸ</strong></span> <span class='ocrx_word' id='word_1_313' title='bbox 2771 2300 2877 2348; x_wconf 82' lang='grc' dir='ltr'>τῶν</span> <span class='ocrx_word' id='word_1_314' title='bbox 2956 2290 3248 2348; x_wconf 80' lang='grc' dir='ltr'>πολιτικῶν</span> <span class='ocrx_word' id='word_1_315' title='bbox 3309 2291 3466 2347; x_wconf 67' lang='grc' dir='ltr'><strong>αὒτοῦ</strong></span> <span class='ocrx_word' id='word_1_316' title='bbox 3524 2290 3725 2367; x_wconf 86' lang='grc' dir='ltr'>λόγων,</span> <span class='ocrx_word' id='word_1_317' title='bbox 3798 2291 3855 2347; x_wconf 76' lang='grc' dir='ltr'>ἐν</span> 
     </span>
    </p>
   </div>
   <div class='ocr_carea' id='block_1_44' title="bbox 472 2374 2099 2459">
    <p class='ocr_par' dir='ltr' id='par_1_44' title="bbox 472 2374 2099 2459">
     <span class='ocr_line' id='line_1_44' title="bbox 472 2374 2099 2459; baseline 0.002 -22"><span class='ocrx_word' id='word_1_318' title='bbox 472 2374 554 2437; x_wconf 86' lang='lat' dir='ltr'><strong>rit</strong></span> <span class='ocrx_word' id='word_1_319' title='bbox 581 2392 783 2450; x_wconf 88' lang='lat' dir='ltr'><strong>causa,</strong></span> <span class='ocrx_word' id='word_1_320' title='bbox 816 2374 975 2438; x_wconf 90' lang='lat' dir='ltr'><strong>sicut</strong></span> <span class='ocrx_word' id='word_1_321' title='bbox 1004 2374 1262 2439; x_wconf 90' lang='lat' dir='ltr'><strong>dicimus</strong></span> <span class='ocrx_word' id='word_1_322' title='bbox 1299 2393 1313 2435; x_wconf 90' lang='lat'><strong>:</strong></span> <span class='ocrx_word' id='word_1_323' title='bbox 1350 2376 1641 2439; x_wconf 87' lang='lat' dir='ltr'><strong>malorum</strong></span> <span class='ocrx_word' id='word_1_324' title='bbox 1672 2385 1871 2440; x_wconf 90' lang='lat' dir='ltr'><strong>autem</strong></span> <span class='ocrx_word' id='word_1_325' title='bbox 1903 2396 2099 2459; x_wconf 89' lang='lat' dir='ltr'><strong>nequa</strong></span> 
     </span>
    </p>
   </div>
   <div class='ocr_carea' id='block_1_45' title="bbox 2184 2374 3851 2459">
    <p class='ocr_par' dir='ltr' id='par_1_45' title="bbox 2206 2377 3851 2457">
     <span class='ocr_line' id='line_1_45' title="bbox 2206 2377 3851 2457; baseline 0.001 -23"><span class='ocrx_word' id='word_1_326' title='bbox 2206 2385 2282 2452; x_wconf 82' lang='grc' dir='ltr'><strong>τῷ</strong></span> <span class='ocrx_word' id='word_1_327' title='bbox 2336 2377 2560 2457; x_wconf 78' lang='grc' dir='ltr'>δευτέρῳ</span> <span class='ocrx_word' id='word_1_328' title='bbox 2609 2384 2765 2439; x_wconf 68' lang='grc' dir='ltr'>αὐτοῦ</span> <span class='ocrx_word' id='word_1_329' title='bbox 2827 2379 3015 2455; x_wconf 80' lang='grc' dir='ltr'>βιϐλίῳ</span> <span class='ocrx_word' id='word_1_330' title='bbox 3075 2393 3253 2436; x_wconf 84' lang='grc' dir='ltr'>κεῖται</span> <span class='ocrx_word' id='word_1_331' title='bbox 3307 2379 3472 2445; x_wconf 69' lang='grc' dir='ltr'>οὕτως</span> <span class='ocrx_word' id='word_1_332' title='bbox 3509 2397 3521 2410; x_wconf 85' lang='grc'><strong>”</strong></span> <span class='ocrx_word' id='word_1_333' title='bbox 3588 2379 3646 2436; x_wconf 86' lang='grc' dir='ltr'><strong>Ὀ</strong></span> <span class='ocrx_word' id='word_1_334' title='bbox 3693 2382 3851 2455; x_wconf 90' lang='grc' dir='ltr'>Θεὸς,</span> 
     </span>
    </p>
   </div>
   <div class='ocr_carea' id='block_1_46' title="bbox 476 2462 2099 2549">
    <p class='ocr_par' dir='ltr' id='par_1_46' title="bbox 476 2462 2096 2546">
     <span class='ocr_line' id='line_1_46' title="bbox 476 2462 2096 2546; baseline 0 -19"><span class='ocrx_word' id='word_1_335' title='bbox 476 2482 655 2546; x_wconf 86' lang='lat' dir='ltr'><strong>quam</strong></span> <span class='ocrx_word' id='word_1_336' title='bbox 687 2462 969 2527; x_wconf 84' lang='lat' dir='ltr'><strong>causa.Et</strong></span> <span class='ocrx_word' id='word_1_337' title='bbox 987 2462 1281 2526; x_wconf 90' lang='lat' dir='ltr'><strong>bonorum</strong></span> <span class='ocrx_word' id='word_1_338' title='bbox 1306 2465 1549 2543; x_wconf 86' lang='lat' dir='ltr'><strong>quidem</strong></span> <span class='ocrx_word' id='word_1_339' title='bbox 1574 2466 1801 2528; x_wconf 90' lang='lat' dir='ltr'><strong>nullum</strong></span> <span class='ocrx_word' id='word_1_340' title='bbox 1832 2466 2009 2529; x_wconf 91' lang='lat' dir='ltr'><strong>alium</strong></span> <span class='ocrx_word' id='word_1_341' title='bbox 2035 2467 2096 2529; x_wconf 93' lang='lat' dir='ltr'><strong>di</strong></span> 
     </span>
    </p>
   </div>
   <div class='ocr_carea' id='block_1_47' title="bbox 2184 2462 3857 2549">
    <p class='ocr_par' dir='ltr' id='par_1_47' title="bbox 2209 2466 3857 2549">
     <span class='ocr_line' id='line_1_47' title="bbox 2209 2466 3857 2549; baseline 0.002 -27"><span class='ocrx_word' id='word_1_342' title='bbox 2209 2466 2389 2536; x_wconf 72' lang='grc' dir='ltr'>ἐπειδὴ</span> <span class='ocrx_word' id='word_1_343' title='bbox 2435 2469 2657 2548; x_wconf 83' lang='grc' dir='ltr'>ἀγαθὸς,</span> <span class='ocrx_word' id='word_1_344' title='bbox 2704 2470 2763 2527; x_wconf 71' lang='grc' dir='ltr'>οὗ</span> <span class='ocrx_word' id='word_1_345' title='bbox 2812 2471 3026 2526; x_wconf 88' lang='grc' dir='ltr'>πάντων</span> <span class='ocrx_word' id='word_1_346' title='bbox 3069 2470 3130 2525; x_wconf 80' lang='grc' dir='ltr'><strong>ἃν</strong></span> <span class='ocrx_word' id='word_1_347' title='bbox 3175 2469 3267 2536; x_wconf 75' lang='grc' dir='ltr'>εἴη</span> <span class='ocrx_word' id='word_1_348' title='bbox 3301 2469 3497 2549; x_wconf 76' lang='grc' dir='ltr'>αἴτιος,</span> <span class='ocrx_word' id='word_1_349' title='bbox 3533 2473 3606 2534; x_wconf 78' lang='grc' dir='ltr'>ὡς</span> <span class='ocrx_word' id='word_1_350' title='bbox 3641 2472 3687 2525; x_wconf 67' lang='grc' dir='ltr'>οἱ</span> <span class='ocrx_word' id='word_1_351' title='bbox 3716 2469 3857 2527; x_wconf 66' lang='grc' dir='ltr'>πολε</span> 
     </span>
    </p>
   </div>
   <div class='ocr_carea' id='block_1_48' title="bbox 460 2555 2099 2637">
    <p class='ocr_par' dir='ltr' id='par_1_48' title="bbox 460 2555 2099 2634">
     <span class='ocr_line' id='line_1_48' title="bbox 460 2555 2099 2634; baseline 0.002 -19"><span class='ocrx_word' id='word_1_352' title='bbox 460 2573 681 2617; x_wconf 89' lang='lat' dir='ltr'><strong>.cemus</strong></span> <span class='ocrx_word' id='word_1_353' title='bbox 709 2572 843 2617; x_wconf 90' lang='lat' dir='ltr'><strong>esse</strong></span> <span class='ocrx_word' id='word_1_354' title='bbox 872 2572 1135 2634; x_wconf 87' lang='lat' dir='ltr'><strong>causam,</strong></span> <span class='ocrx_word' id='word_1_355' title='bbox 1174 2555 1294 2619; x_wconf 90' lang='lat' dir='ltr'><strong>nisi</strong></span> <span class='ocrx_word' id='word_1_356' title='bbox 1329 2557 1515 2619; x_wconf 88' lang='lat' dir='ltr'><strong>Deum</strong></span> <span class='ocrx_word' id='word_1_357' title='bbox 1545 2574 1558 2615; x_wconf 91' lang='lat'><strong>:</strong></span> <span class='ocrx_word' id='word_1_358' title='bbox 1593 2556 1885 2619; x_wconf 78' lang='lat' dir='ltr'><strong>malorum</strong></span> <span class='ocrx_word' id='word_1_359' title='bbox 1918 2566 2099 2619; x_wconf 84' lang='lat' dir='ltr'><strong>auten</strong></span> 
     </span>
    </p>
   </div>
   <div class='ocr_carea' id='block_1_49' title="bbox 2184 2555 3857 2637">
    <p class='ocr_par' dir='ltr' id='par_1_49' title="bbox 2206 2558 3857 2637">
     <span class='ocr_line' id='line_1_49' title="bbox 2206 2558 3857 2637; baseline 0.001 -23"><span class='ocrx_word' id='word_1_360' title='bbox 2206 2558 2287 2615; x_wconf 86' lang='grc' dir='ltr'><strong>λοὶ</strong></span> <span class='ocrx_word' id='word_1_361' title='bbox 2331 2558 2598 2637; x_wconf 66' lang='grc' dir='ltr'>λέγουσιν,</span> <span class='ocrx_word' id='word_1_362' title='bbox 2656 2558 2775 2615; x_wconf 88' lang='grc' dir='ltr'>ἀλλ’</span> <span class='ocrx_word' id='word_1_363' title='bbox 2837 2560 3031 2637; x_wconf 75' lang='grc' dir='ltr'>ὀλίγων</span> <span class='ocrx_word' id='word_1_364' title='bbox 3091 2563 3187 2634; x_wconf 80' lang='grc' dir='ltr'>μὲν</span> <span class='ocrx_word' id='word_1_365' title='bbox 3245 2573 3362 2625; x_wconf 84' lang='grc' dir='ltr'>τοῖς</span> <span class='ocrx_word' id='word_1_366' title='bbox 3418 2560 3719 2633; x_wconf 84' lang='grc' dir='ltr'>ἀνθρώποις</span> <span class='ocrx_word' id='word_1_367' title='bbox 3766 2559 3857 2616; x_wconf 79' lang='grc' dir='ltr'>αἵ-</span> 
     </span>
    </p>
   </div>
   <div class='ocr_carea' id='block_1_50' title="bbox 464 2644 2099 2729">
    <p class='ocr_par' dir='ltr' id='par_1_50' title="bbox 464 2644 2099 2727">
     <span class='ocr_line' id='line_1_50' title="bbox 464 2644 2099 2727; baseline 0.002 -20"><span class='ocrx_word' id='word_1_368' title='bbox 464 2663 593 2707; x_wconf 88' lang='lat' dir='ltr'><strong>non</strong></span> <span class='ocrx_word' id='word_1_369' title='bbox 621 2662 753 2708; x_wconf 88' lang='lat' dir='ltr'><strong>esse</strong></span> <span class='ocrx_word' id='word_1_370' title='bbox 783 2662 1045 2708; x_wconf 90' lang='lat' dir='ltr'><strong>causam.</strong></span> <span class='ocrx_word' id='word_1_371' title='bbox 1079 2644 1195 2707; x_wconf 88' lang='lat' dir='ltr'><strong>Sed</strong></span> <span class='ocrx_word' id='word_1_372' title='bbox 1227 2644 1369 2725; x_wconf 90' lang='lat' dir='ltr'><strong>quid</strong></span> <span class='ocrx_word' id='word_1_373' title='bbox 1402 2664 1557 2726; x_wconf 89' lang='lat' dir='ltr'><strong>opus</strong></span> <span class='ocrx_word' id='word_1_374' title='bbox 1580 2654 1672 2709; x_wconf 88' lang='lat' dir='ltr'><strong>est</strong></span> <span class='ocrx_word' id='word_1_375' title='bbox 1700 2646 1774 2709; x_wconf 88' lang='lat' dir='ltr'><strong>ab</strong></span> <span class='ocrx_word' id='word_1_376' title='bbox 1804 2647 1918 2709; x_wconf 90' lang='lat' dir='ltr'><strong>alio</strong></span> <span class='ocrx_word' id='word_1_377' title='bbox 1949 2667 2099 2727; x_wconf 71' lang='lat' dir='ltr'><strong>quae-</strong></span> 
     </span>
    </p>
   </div>
   <div class='ocr_carea' id='block_1_51' title="bbox 2184 2644 3855 2729">
    <p class='ocr_par' dir='ltr' id='par_1_51' title="bbox 2201 2648 3855 2729">
     <span class='ocr_line' id='line_1_51' title="bbox 2559 2648 3818 2669; baseline 0 -4"><span class='ocrx_word' id='word_1_378' title='bbox 2559 2655 2585 2665; x_wconf 77' lang='lat'><strong>-</strong></span> <span class='ocrx_word' id='word_1_379' title='bbox 2964 2653 2989 2663; x_wconf 78' lang='lat'><strong>-</strong></span> <span class='ocrx_word' id='word_1_380' title='bbox 3191 2649 3201 2664; x_wconf 70' lang='grc' dir='ltr'><strong>ι</strong></span> <span class='ocrx_word' id='word_1_381' title='bbox 3448 2648 3463 2665; x_wconf 61' lang='grc' dir='ltr'><strong>ς</strong></span> <span class='ocrx_word' id='word_1_382' title='bbox 3557 2648 3581 2667; x_wconf 74' lang='grc' dir='ltr'>,ι</span> <span class='ocrx_word' id='word_1_383' title='bbox 3793 2649 3818 2669; x_wconf 71' lang='grc' dir='ltr'>,ι</span> 
     </span>
     <span class='ocr_line' id='line_1_52' title="bbox 2201 2648 3855 2729; baseline 0.002 -26"><span class='ocrx_word' id='word_1_384' title='bbox 2201 2670 2334 2728; x_wconf 86' lang='grc' dir='ltr'>τιος,</span> <span class='ocrx_word' id='word_1_385' title='bbox 2390 2650 2476 2705; x_wconf 84' lang='grc' dir='ltr'>καὶ</span> <span class='ocrx_word' id='word_1_386' title='bbox 2520 2671 2625 2705; x_wconf 90' lang='grc' dir='ltr'><strong>των</strong></span> <span class='ocrx_word' id='word_1_387' title='bbox 2674 2650 2771 2725; x_wconf 77' lang='grc' dir='ltr'>μὲν</span> <span class='ocrx_word' id='word_1_388' title='bbox 2816 2649 3028 2725; x_wconf 83' lang='grc' dir='ltr'>ἀγαθων</span> <span class='ocrx_word' id='word_1_389' title='bbox 3088 2648 3269 2708; x_wconf 62' lang='grc' dir='ltr'>οὖδενα</span> <span class='ocrx_word' id='word_1_390' title='bbox 3329 2671 3502 2729; x_wconf 77' lang='grc' dir='ltr'>φαμεν</span> <span class='ocrx_word' id='word_1_391' title='bbox 3550 2649 3711 2706; x_wconf 84' lang='grc' dir='ltr'>αλλον</span> <span class='ocrx_word' id='word_1_392' title='bbox 3756 2672 3855 2705; x_wconf 86' lang='grc' dir='ltr'>αι-</span> 
     </span>
    </p>
   </div>
   <div class='ocr_carea' id='block_1_52' title="bbox 471 2732 2099 2813">
    <p class='ocr_par' dir='ltr' id='par_1_52' title="bbox 471 2732 2092 2813">
     <span class='ocr_line' id='line_1_53' title="bbox 471 2732 2092 2813; baseline 0.001 -17"><span class='ocrx_word' id='word_1_393' title='bbox 471 2752 609 2797; x_wconf 89' lang='lat' dir='ltr'><strong>rere</strong></span> <span class='ocrx_word' id='word_1_394' title='bbox 628 2740 656 2797; x_wconf 85' lang='lat'><strong>?</strong></span> <span class='ocrx_word' id='word_1_395' title='bbox 678 2732 809 2797; x_wconf 89' lang='lat' dir='ltr'><strong>Non</strong></span> <span class='ocrx_word' id='word_1_396' title='bbox 851 2742 943 2796; x_wconf 91' lang='lat' dir='ltr'><strong>est</strong></span> <span class='ocrx_word' id='word_1_397' title='bbox 980 2751 1122 2813; x_wconf 75' lang='lat' dir='ltr'><strong>ergo</strong></span> <span class='ocrx_word' id='word_1_398' title='bbox 1169 2734 1571 2797; x_wconf 87' lang='lat' dir='ltr'><strong>admittendus</strong></span> <span class='ocrx_word' id='word_1_399' title='bbox 1600 2737 1899 2799; x_wconf 85' lang='lat' dir='ltr'><strong>Homerus</strong></span> <span class='ocrx_word' id='word_1_400' title='bbox 1929 2745 1988 2798; x_wconf 90' lang='lat' dir='ltr'><strong>et</strong></span> <span class='ocrx_word' id='word_1_401' title='bbox 2016 2737 2092 2798; x_wconf 86' lang='lat' dir='ltr'><strong>ali</strong></span> 
     </span>
    </p>
   </div>
   <div class='ocr_carea' id='block_1_53' title="bbox 2184 2732 3855 2813">
    <p class='ocr_par' dir='ltr' id='par_1_53' title="bbox 2201 2737 3855 2806">
     <span class='ocr_line' id='line_1_54' title="bbox 2201 2737 3855 2806; baseline 0.002 -12"><span class='ocrx_word' id='word_1_402' title='bbox 2201 2759 2313 2794; x_wconf 84' lang='grc' dir='ltr'>τιον</span> <span class='ocrx_word' id='word_1_403' title='bbox 2357 2739 2499 2795; x_wconf 66' lang='grc' dir='ltr'>εἶναι</span> <span class='ocrx_word' id='word_1_404' title='bbox 2558 2739 2593 2806; x_wconf 78' lang='grc' dir='ltr'><strong>ἢ</strong></span> <span class='ocrx_word' id='word_1_405' title='bbox 2656 2740 2744 2795; x_wconf 81' lang='grc' dir='ltr'><strong>τὸν</strong></span> <span class='ocrx_word' id='word_1_406' title='bbox 2793 2739 2923 2795; x_wconf 82' lang='grc' dir='ltr'>Θεόν</span> <span class='ocrx_word' id='word_1_407' title='bbox 2961 2759 2973 2774; x_wconf 75' lang='grc' dir='ltr'><strong>ο</strong></span> <span class='ocrx_word' id='word_1_408' title='bbox 3043 2740 3149 2795; x_wconf 78' lang='grc' dir='ltr'>τῶν</span> <span class='ocrx_word' id='word_1_409' title='bbox 3206 2737 3258 2794; x_wconf 77' lang='grc' dir='ltr'>δὲ</span> <span class='ocrx_word' id='word_1_410' title='bbox 3315 2746 3495 2795; x_wconf 83' lang='grc' dir='ltr'>κακῶν</span> <span class='ocrx_word' id='word_1_411' title='bbox 3552 2737 3672 2795; x_wconf 64' lang='grc' dir='ltr'>ἀλλ’</span> <span class='ocrx_word' id='word_1_412' title='bbox 3718 2739 3855 2798; x_wconf 77' lang='grc' dir='ltr'>ἅττα</span> 
     </span>
    </p>
   </div>
   <div class='ocr_carea' id='block_1_54' title="bbox 469 2823 2099 2905">
    <p class='ocr_par' dir='ltr' id='par_1_54' title="bbox 469 2823 2099 2905">
     <span class='ocr_line' id='line_1_55' title="bbox 469 2823 2099 2905; baseline 0.001 -19"><span class='ocrx_word' id='word_1_413' title='bbox 469 2826 793 2905; x_wconf 69' lang='lat' dir='ltr'><strong>poetae,qui</strong></span> <span class='ocrx_word' id='word_1_414' title='bbox 821 2824 1030 2886; x_wconf 91' lang='lat' dir='ltr'><strong>dicunt</strong></span> <span class='ocrx_word' id='word_1_415' title='bbox 1053 2823 1266 2887; x_wconf 89' lang='lat' dir='ltr'><strong>Jovem</strong></span> <span class='ocrx_word' id='word_1_416' title='bbox 1317 2842 1451 2886; x_wconf 90' lang='lat' dir='ltr'><strong>esse</strong></span> <span class='ocrx_word' id='word_1_417' title='bbox 1480 2833 1787 2888; x_wconf 88' lang='lat' dir='ltr'><strong>auctorem</strong></span> <span class='ocrx_word' id='word_1_418' title='bbox 1822 2824 2099 2888; x_wconf 85' lang='lat' dir='ltr'><strong>bonorun</strong></span> 
     </span>
    </p>
   </div>
   <div class='ocr_carea' id='block_1_55' title="bbox 2184 2823 3854 2905">
    <p class='ocr_par' dir='ltr' id='par_1_55' title="bbox 2202 2826 3854 2905">
     <span class='ocr_line' id='line_1_56' title="bbox 2202 2826 3854 2905; baseline 0.002 -22"><span class='ocrx_word' id='word_1_419' title='bbox 2202 2826 2286 2884; x_wconf 88' lang='grc' dir='ltr'><strong>δεῖ</strong></span> <span class='ocrx_word' id='word_1_420' title='bbox 2348 2830 2537 2899; x_wconf 82' lang='grc' dir='ltr'>ζητεῖν</span> <span class='ocrx_word' id='word_1_421' title='bbox 2594 2830 2660 2885; x_wconf 76' lang='grc' dir='ltr'>τὰ</span> <span class='ocrx_word' id='word_1_422' title='bbox 2711 2827 2885 2899; x_wconf 75' lang='grc' dir='ltr'>αἴτια,</span> <span class='ocrx_word' id='word_1_423' title='bbox 2946 2826 3083 2884; x_wconf 82' lang='grc' dir='ltr'>ἀλλὰ</span> <span class='ocrx_word' id='word_1_424' title='bbox 3140 2831 3200 2887; x_wconf 62' lang='grc' dir='ltr'><strong>οὗ</strong></span> <span class='ocrx_word' id='word_1_425' title='bbox 3254 2830 3342 2885; x_wconf 86' lang='grc' dir='ltr'><strong>τὸν</strong></span> <span class='ocrx_word' id='word_1_426' title='bbox 3402 2829 3557 2888; x_wconf 88' lang='grc' dir='ltr'>Θεόν.</span> <span class='ocrx_word' id='word_1_427' title='bbox 3591 2828 3699 2886; x_wconf 71' lang='grc' dir='ltr'><strong>Οὔκ</strong></span> <span class='ocrx_word' id='word_1_428' title='bbox 3748 2827 3854 2905; x_wconf 78' lang='grc' dir='ltr'><strong>ἄρα</strong></span> 
     </span>
    </p>
   </div>
   <div class='ocr_carea' id='block_1_56' title="bbox 468 2912 2099 2999">
    <p class='ocr_par' dir='ltr' id='par_1_56' title="bbox 468 2912 2093 2995">
     <span class='ocr_line' id='line_1_57' title="bbox 468 2912 2093 2995; baseline 0.001 -19"><span class='ocrx_word' id='word_1_429' title='bbox 468 2924 530 2976; x_wconf 90' lang='lat' dir='ltr'><strong>et</strong></span> <span class='ocrx_word' id='word_1_430' title='bbox 559 2914 876 2976; x_wconf 90' lang='lat' dir='ltr'><strong>malorum.</strong></span> <span class='ocrx_word' id='word_1_431' title='bbox 911 2912 1130 2976; x_wconf 86' lang='lat' dir='ltr'><strong>Violati</strong></span> <span class='ocrx_word' id='word_1_432' title='bbox 1175 2932 1316 2993; x_wconf 76' lang='lat' dir='ltr'><strong>ergo</strong></span> <span class='ocrx_word' id='word_1_433' title='bbox 1358 2914 1764 2995; x_wconf 84' lang='lat' dir='ltr'><strong>jurisjurandi</strong></span> <span class='ocrx_word' id='word_1_434' title='bbox 1796 2925 1853 2977; x_wconf 91' lang='lat' dir='ltr'><strong>et</strong></span> <span class='ocrx_word' id='word_1_435' title='bbox 1883 2916 2093 2979; x_wconf 82' lang='lat' dir='ltr'><strong>cunfus</strong></span> 
     </span>
    </p>
   </div>
   <div class='ocr_carea' id='block_1_57' title="bbox 2184 2912 3850 2999">
    <p class='ocr_par' dir='ltr' id='par_1_57' title="bbox 2201 2916 3850 2999">
     <span class='ocr_line' id='line_1_58' title="bbox 2201 2916 3850 2999; baseline 0.001 -25"><span class='ocrx_word' id='word_1_436' title='bbox 2201 2916 2519 2976; x_wconf 75' lang='grc' dir='ltr'><strong>ἀποδεκτέον</strong></span> <span class='ocrx_word' id='word_1_437' title='bbox 2565 2919 2683 2975; x_wconf 62' lang='grc' dir='ltr'>οὔτε</span> <span class='ocrx_word' id='word_1_438' title='bbox 2736 2918 2981 2997; x_wconf 80' lang='grc' dir='ltr'>’Όμηρον</span> <span class='ocrx_word' id='word_1_439' title='bbox 3024 2919 3141 2974; x_wconf 75' lang='grc' dir='ltr'>οὔτε</span> <span class='ocrx_word' id='word_1_440' title='bbox 3201 2918 3363 2976; x_wconf 75' lang='grc' dir='ltr'>ἄλλον</span> <span class='ocrx_word' id='word_1_441' title='bbox 3394 2920 3651 2999; x_wconf 80' lang='grc' dir='ltr'>ποιητὴν,</span> <span class='ocrx_word' id='word_1_442' title='bbox 3684 2920 3850 2976; x_wconf 79' lang='grc' dir='ltr'>ὁπότε</span> 
     </span>
    </p>
   </div>
   <div class='ocr_carea' id='block_1_58' title="bbox 458 3002 2099 3087">
    <p class='ocr_par' dir='ltr' id='par_1_58' title="bbox 458 3002 2099 3086">
     <span class='ocr_line' id='line_1_59' title="bbox 458 3002 2099 3086; baseline 0.004 -25"><span class='ocrx_word' id='word_1_443' title='bbox 458 3002 710 3067; x_wconf 65' lang='grc' dir='ltr'>Ῑσειιεινίε</span> <span class='ocrx_word' id='word_1_444' title='bbox 730 3022 765 3066; x_wconf 88' lang='lat' dir='ltr'><strong>a</strong></span> <span class='ocrx_word' id='word_1_445' title='bbox 786 3002 1060 3066; x_wconf 83' lang='lat' dir='ltr'><strong>Pandaro</strong></span> <span class='ocrx_word' id='word_1_446' title='bbox 1078 3004 1365 3066; x_wconf 85' lang='lat' dir='ltr'><strong>adversus</strong></span> <span class='ocrx_word' id='word_1_447' title='bbox 1387 3003 1625 3067; x_wconf 63' lang='lat' dir='ltr'><strong>Graecos</strong></span> <span class='ocrx_word' id='word_1_448' title='bbox 1646 3006 1957 3086; x_wconf 86' lang='lat' dir='ltr'><strong>rationem,</strong></span> <span class='ocrx_word' id='word_1_449' title='bbox 1996 3026 2099 3068; x_wconf 75' lang='lat' dir='ltr'><strong>nor</strong></span> 
     </span>
    </p>
   </div>
   <div class='ocr_carea' id='block_1_59' title="bbox 2184 3002 3848 3087">
    <p class='ocr_par' dir='ltr' id='par_1_59' title="bbox 2201 3006 3848 3087">
     <span class='ocr_line' id='line_1_60' title="bbox 2201 3006 3848 3087; baseline 0 -23"><span class='ocrx_word' id='word_1_450' title='bbox 2201 3008 2323 3070; x_wconf 81' lang='grc' dir='ltr'>Ζεὺς</span> <span class='ocrx_word' id='word_1_451' title='bbox 2382 3010 2591 3087; x_wconf 84' lang='grc' dir='ltr'>ἀγαθῶν</span> <span class='ocrx_word' id='word_1_452' title='bbox 2635 3029 2693 3064; x_wconf 91' lang='grc' dir='ltr'>τε</span> <span class='ocrx_word' id='word_1_453' title='bbox 2752 3009 2836 3065; x_wconf 82' lang='grc' dir='ltr'><strong>καὶ</strong></span> <span class='ocrx_word' id='word_1_454' title='bbox 2895 3010 3074 3065; x_wconf 75' lang='grc' dir='ltr'>κακῶν</span> <span class='ocrx_word' id='word_1_455' title='bbox 3125 3006 3301 3072; x_wconf 77' lang='grc' dir='ltr'>αἴτιος</span> <span class='ocrx_word' id='word_1_456' title='bbox 3345 3008 3615 3079; x_wconf 80' lang='grc' dir='ltr'>τέταγται,</span> <span class='ocrx_word' id='word_1_457' title='bbox 3647 3008 3747 3075; x_wconf 78' lang='grc' dir='ltr'><strong>τὴν</strong></span> <span class='ocrx_word' id='word_1_458' title='bbox 3789 3030 3848 3064; x_wconf 89' lang='grc' dir='ltr'><strong>τε</strong></span> 
     </span>
    </p>
   </div>
   <div class='ocr_carea' id='block_1_60' title="bbox 461 3092 2099 3176">
    <p class='ocr_par' dir='ltr' id='par_1_60' title="bbox 461 3092 2099 3176">
     <span class='ocr_line' id='line_1_61' title="bbox 461 3092 2099 3176; baseline 0.001 -19"><span class='ocrx_word' id='word_1_459' title='bbox 461 3093 567 3157; x_wconf 87' lang='lat' dir='ltr'><strong>hic</strong></span> <span class='ocrx_word' id='word_1_460' title='bbox 593 3092 850 3175; x_wconf 87' lang='lat' dir='ltr'><strong>Jupiter,</strong></span> <span class='ocrx_word' id='word_1_461' title='bbox 881 3101 948 3154; x_wconf 91' lang='lat' dir='ltr'><strong>ut</strong></span> <span class='ocrx_word' id='word_1_462' title='bbox 976 3093 1125 3155; x_wconf 90' lang='lat' dir='ltr'><strong>dicit</strong></span> <span class='ocrx_word' id='word_1_463' title='bbox 1154 3094 1354 3174; x_wconf 89' lang='lat' dir='ltr'><strong>Poeta,</strong></span> <span class='ocrx_word' id='word_1_464' title='bbox 1390 3095 1726 3175; x_wconf 85' lang='lat' dir='ltr'><strong>procuravit</strong></span> <span class='ocrx_word' id='word_1_465' title='bbox 1749 3113 1856 3176; x_wconf 87' lang='lat' dir='ltr'><strong>per</strong></span> <span class='ocrx_word' id='word_1_466' title='bbox 1884 3095 2099 3158; x_wconf 82' lang='lat' dir='ltr'><strong>Miner-</strong></span> 
     </span>
    </p>
   </div>
   <div class='ocr_carea' id='block_1_61' title="bbox 2184 3092 3847 3176">
    <p class='ocr_par' dir='ltr' id='par_1_61' title="bbox 2198 3096 3847 3176">
     <span class='ocr_line' id='line_1_62' title="bbox 2198 3096 3847 3176; baseline 0.001 -24"><span class='ocrx_word' id='word_1_467' title='bbox 2198 3103 2304 3152; x_wconf 80' lang='grc' dir='ltr'><strong>τῶν</strong></span> <span class='ocrx_word' id='word_1_468' title='bbox 2360 3096 2529 3175; x_wconf 73' lang='grc' dir='ltr'>ὅρκων</span> <span class='ocrx_word' id='word_1_469' title='bbox 2603 3100 2688 3154; x_wconf 75' lang='grc' dir='ltr'><strong>καὶ</strong></span> <span class='ocrx_word' id='word_1_470' title='bbox 2751 3104 2855 3153; x_wconf 83' lang='grc' dir='ltr'><strong>τῶν</strong></span> <span class='ocrx_word' id='word_1_471' title='bbox 2936 3096 3176 3154; x_wconf 83' lang='grc' dir='ltr'>σπονδῶν</span> <span class='ocrx_word' id='word_1_472' title='bbox 3235 3098 3496 3176; x_wconf 86' lang='grc' dir='ltr'>σύγχυσιν</span> <span class='ocrx_word' id='word_1_473' title='bbox 3553 3098 3651 3164; x_wconf 79' lang='grc' dir='ltr'>τὴν</span> <span class='ocrx_word' id='word_1_474' title='bbox 3709 3100 3847 3154; x_wconf 83' lang='grc' dir='ltr'>κατὰ</span> 
     </span>
    </p>
   </div>
   <div class='ocr_carea' id='block_1_62' title="bbox 460 3182 2099 3266">
    <p class='ocr_par' dir='ltr' id='par_1_62' title="bbox 460 3182 2099 3265">
     <span class='ocr_line' id='line_1_63' title="bbox 460 3182 2099 3265; baseline 0 -20"><span class='ocrx_word' id='word_1_475' title='bbox 460 3201 617 3246; x_wconf 85' lang='lat' dir='ltr'><strong>vam.</strong></span> <span class='ocrx_word' id='word_1_476' title='bbox 641 3184 776 3247; x_wconf 90' lang='lat' dir='ltr'><strong>Non</strong></span> <span class='ocrx_word' id='word_1_477' title='bbox 806 3182 1185 3246; x_wconf 86' lang='lat' dir='ltr'><strong>laudabimus</strong></span> <span class='ocrx_word' id='word_1_478' title='bbox 1218 3191 1416 3245; x_wconf 92' lang='lat' dir='ltr'><strong>autem</strong></span> <span class='ocrx_word' id='word_1_479' title='bbox 1464 3184 1791 3263; x_wconf 85' lang='lat' dir='ltr'><strong>cptionem,</strong></span> <span class='ocrx_word' id='word_1_480' title='bbox 1827 3185 1899 3245; x_wconf 90' lang='lat' dir='ltr'><strong>ad</strong></span> <span class='ocrx_word' id='word_1_481' title='bbox 1932 3204 2099 3265; x_wconf 80' lang='lat' dir='ltr'><strong>quam</strong></span> 
     </span>
    </p>
   </div>
   <div class='ocr_carea' id='block_1_63' title="bbox 2184 3182 3846 3266">
    <p class='ocr_par' dir='ltr' id='par_1_63' title="bbox 2196 3183 3846 3266">
     <span class='ocr_line' id='line_1_64' title="bbox 2196 3183 3846 3266; baseline -0.001 -25"><span class='ocrx_word' id='word_1_482' title='bbox 2196 3191 2303 3242; x_wconf 78' lang='grc' dir='ltr'>τῶν</span> <span class='ocrx_word' id='word_1_483' title='bbox 2348 3187 2613 3266; x_wconf 79' lang='grc' dir='ltr'>Ἀχαιῶν,</span> <span class='ocrx_word' id='word_1_484' title='bbox 2658 3187 2724 3254; x_wconf 74' lang='grc' dir='ltr'>ἢν</span> <span class='ocrx_word' id='word_1_485' title='bbox 2768 3188 2796 3240; x_wconf 98' lang='lat'><strong>6</strong></span> <span class='ocrx_word' id='word_1_486' title='bbox 2841 3183 3115 3262; x_wconf 81' lang='grc' dir='ltr'>Πάνδωρος</span> <span class='ocrx_word' id='word_1_487' title='bbox 3178 3186 3450 3263; x_wconf 77' lang='grc' dir='ltr'>συνέχεεν,</span> <span class='ocrx_word' id='word_1_488' title='bbox 3506 3185 3595 3240; x_wconf 79' lang='grc' dir='ltr'>ἐάν</span> <span class='ocrx_word' id='word_1_489' title='bbox 3641 3207 3720 3249; x_wconf 89' lang='grc' dir='ltr'><strong>τις</strong></span> <span class='ocrx_word' id='word_1_490' title='bbox 3771 3191 3846 3261; x_wconf 79' lang='grc' dir='ltr'>φῇ</span> 
     </span>
    </p>
   </div>
   <div class='ocr_carea' id='block_1_64' title="bbox 460 3248 2099 3354">
    <p class='ocr_par' dir='ltr' id='par_1_64' title="bbox 460 3248 2099 3354">
     <span class='ocr_line' id='line_1_65' title="bbox 460 3248 2099 3354; baseline -0.001 -17"><span class='ocrx_word' id='word_1_491' title='bbox 460 3273 594 3354; x_wconf 89' lang='lat' dir='ltr'><strong>ipse</strong></span> <span class='ocrx_word' id='word_1_492' title='bbox 621 3272 789 3334; x_wconf 84' lang='lat' dir='ltr'><strong>duxit</strong></span> <span class='ocrx_word' id='word_1_493' title='bbox 821 3290 926 3335; x_wconf 92' lang='lat' dir='ltr'><strong>eos</strong></span> <span class='ocrx_word' id='word_1_494' title='bbox 957 3290 1107 3352; x_wconf 89' lang='lat' dir='ltr'><strong>quos</strong></span> <span class='ocrx_word' id='word_1_495' title='bbox 1137 3279 1199 3333; x_wconf 90' lang='lat' dir='ltr'><strong>tu</strong></span> <span class='ocrx_word' id='word_1_496' title='bbox 1229 3271 1378 3335; x_wconf 90' lang='lat' dir='ltr'><strong>deos</strong></span> <span class='ocrx_word' id='word_1_497' title='bbox 1411 3248 1742 3335; x_wconf 74' lang='lat' dir='ltr'><strong>existimas.</strong></span> <span class='ocrx_word' id='word_1_498' title='bbox 1778 3248 2099 3336; x_wconf 41' lang='lat' dir='ltr'><strong>Dixit‘vero</strong></span> 
     </span>
    </p>
   </div>
   <div class='ocr_carea' id='block_1_65' title="bbox 2184 3248 3841 3354">
    <p class='ocr_par' dir='ltr' id='par_1_65' title="bbox 2195 3248 3841 3349">
     <span class='ocr_line' id='line_1_66' title="bbox 2418 3248 3841 3266; baseline -0.004 -1"><span class='ocrx_word' id='word_1_499' title='bbox 2418 3248 2456 3266; x_wconf 66' lang='grc' dir='ltr'>η</span> <span class='ocrx_word' id='word_1_500' title='bbox 2597 3248 2613 3265; x_wconf 78' lang='grc' dir='ltr'><strong>ι</strong></span> <span class='ocrx_word' id='word_1_501' title='bbox 2682 3248 2693 3254; x_wconf 87' lang='grc'><strong><em>-</em></strong></span> <span class='ocrx_word' id='word_1_502' title='bbox 3029 3248 3039 3262; x_wconf 86' lang='grc'><strong>.</strong></span> <span class='ocrx_word' id='word_1_503' title='bbox 3304 3248 3341 3263; x_wconf 54' lang='grc' dir='ltr'><strong>,ν</strong></span> <span class='ocrx_word' id='word_1_504' title='bbox 3439 3248 3449 3258; x_wconf 89' lang='grc'>.</span> <span class='ocrx_word' id='word_1_505' title='bbox 3708 3248 3711 3249; x_wconf 45' lang='grc' dir='ltr'><strong>ν</strong></span> 
     </span>
     <span class='ocr_line' id='line_1_67' title="bbox 2195 3272 3841 3349; baseline -0.001 -21"><span class='ocrx_word' id='word_1_506' title='bbox 2195 3272 2261 3330; x_wconf 82' lang='grc' dir='ltr'><strong>δι’</strong></span> <span class='ocrx_word' id='word_1_507' title='bbox 2310 3274 2541 3341; x_wconf 80' lang='grc' dir='ltr'>Ἀθηνᾶς</span> <span class='ocrx_word' id='word_1_508' title='bbox 2600 3295 2656 3330; x_wconf 89' lang='grc' dir='ltr'><strong>τε</strong></span> <span class='ocrx_word' id='word_1_509' title='bbox 2710 3275 2794 3329; x_wconf 86' lang='grc' dir='ltr'><strong>καὶ</strong></span> <span class='ocrx_word' id='word_1_510' title='bbox 2858 3274 2981 3336; x_wconf 86' lang='grc' dir='ltr'>Διὸς</span> <span class='ocrx_word' id='word_1_511' title='bbox 3041 3273 3316 3349; x_wconf 81' lang='grc' dir='ltr'>γεγονέναι</span> <span class='ocrx_word' id='word_1_512' title='bbox 3353 3287 3366 3300; x_wconf 91' lang='grc'><strong>·</strong></span> <span class='ocrx_word' id='word_1_513' title='bbox 3419 3274 3513 3328; x_wconf 71' lang='grc' dir='ltr'><strong>οὐκ</strong></span> <span class='ocrx_word' id='word_1_514' title='bbox 3555 3272 3841 3328; x_wconf 83' lang='grc' dir='ltr'>ἐπαινεσό-</span> 
     </span>
    </p>
   </div>
   <div class='ocr_carea' id='block_1_66' title="bbox 460 3361 2105 3442">
    <p class='ocr_par' dir='ltr' id='par_1_66' title="bbox 460 3361 2105 3442">
     <span class='ocr_line' id='line_1_68' title="bbox 460 3361 2105 3442; baseline -0.002 -17"><span class='ocrx_word' id='word_1_515' title='bbox 460 3361 794 3442; x_wconf 66' lang='lat' dir='ltr'><strong>jEschylus,</strong></span> <span class='ocrx_word' id='word_1_516' title='bbox 828 3361 1018 3424; x_wconf 87' lang='lat' dir='ltr'><strong>Deum</strong></span> <span class='ocrx_word' id='word_1_517' title='bbox 1061 3379 1300 3423; x_wconf 87' lang='lat' dir='ltr'><strong>causam</strong></span> <span class='ocrx_word' id='word_1_518' title='bbox 1366 3363 1701 3442; x_wconf 87' lang='lat' dir='ltr'><strong>producere</strong></span> <span class='ocrx_word' id='word_1_519' title='bbox 1733 3362 2105 3437; x_wconf 87' lang='lat' dir='ltr'><strong>mortalibus,</strong></span> 
     </span>
    </p>
   </div>
   <div class='ocr_carea' id='block_1_67' title="bbox 467 3449 2103 3531">
    <p class='ocr_par' dir='ltr' id='par_1_67' title="bbox 467 3449 2103 3531">
     <span class='ocr_line' id='line_1_69' title="bbox 467 3449 2103 3531; baseline 0.001 -20"><span class='ocrx_word' id='word_1_520' title='bbox 467 3450 707 3531; x_wconf 85' lang='lat' dir='ltr'><strong>quando</strong></span> <span class='ocrx_word' id='word_1_521' title='bbox 736 3450 857 3512; x_wconf 89' lang='lat' dir='ltr'><strong>vult</strong></span> <span class='ocrx_word' id='word_1_522' title='bbox 883 3450 1094 3514; x_wconf 90' lang='lat' dir='ltr'><strong>domos</strong></span> <span class='ocrx_word' id='word_1_523' title='bbox 1120 3449 1477 3531; x_wconf 77' lang='lat' dir='ltr'><strong>aﬁligere,et</strong></span> <span class='ocrx_word' id='word_1_524' title='bbox 1506 3458 1774 3513; x_wconf 91' lang='lat' dir='ltr'><strong>evertere</strong></span> <span class='ocrx_word' id='word_1_525' title='bbox 1804 3449 2103 3528; x_wconf 80' lang='lat' dir='ltr'><strong>funditus;</strong></span> 
     </span>
    </p>
   </div>
   <div class='ocr_carea' id='block_1_68' title="bbox 450 3538 2106 3603">
    <p class='ocr_par' dir='ltr' id='par_1_68' title="bbox 450 3538 2106 3603">
     <span class='ocr_line' id='line_1_70' title="bbox 450 3538 2106 3603; baseline -0.001 0"><span class='ocrx_word' id='word_1_526' title='bbox 450 3542 618 3603; x_wconf 87' lang='lat' dir='ltr'><strong>Plato</strong></span> <span class='ocrx_word' id='word_1_527' title='bbox 648 3548 846 3602; x_wconf 88' lang='lat' dir='ltr'><strong>autem</strong></span> <span class='ocrx_word' id='word_1_528' title='bbox 904 3541 966 3602; x_wconf 90' lang='lat' dir='ltr'><strong>in</strong></span> <span class='ocrx_word' id='word_1_529' title='bbox 1019 3559 1127 3603; x_wconf 88' lang='lat' dir='ltr'><strong>sua</strong></span> <span class='ocrx_word' id='word_1_530' title='bbox 1175 3541 1412 3603; x_wconf 86' lang='lat' dir='ltr'><strong>civitate</strong></span> <span class='ocrx_word' id='word_1_531' title='bbox 1464 3542 1767 3602; x_wconf 90' lang='lat' dir='ltr'><strong>neminem</strong></span> <span class='ocrx_word' id='word_1_532' title='bbox 1801 3538 1924 3600; x_wconf 90' lang='lat' dir='ltr'><strong>vult</strong></span> <span class='ocrx_word' id='word_1_533' title='bbox 1979 3539 2106 3601; x_wconf 64' lang='lat' dir='ltr'><strong>haec</strong></span> 
     </span>
    </p>
   </div>
   <div class='ocr_carea' id='block_1_69' title="bbox 452 3629 2099 3712">
    <p class='ocr_par' dir='ltr' id='par_1_69' title="bbox 452 3629 2099 3712">
     <span class='ocr_line' id='line_1_71' title="bbox 452 3629 2099 3712; baseline 0.002 -21"><span class='ocrx_word' id='word_1_534' title='bbox 452 3629 658 3692; x_wconf 90' lang='lat' dir='ltr'><strong>dicere</strong></span> <span class='ocrx_word' id='word_1_535' title='bbox 686 3639 787 3692; x_wconf 89' lang='lat' dir='ltr'><strong>aut</strong></span> <span class='ocrx_word' id='word_1_536' title='bbox 815 3630 1045 3712; x_wconf 86' lang='lat' dir='ltr'><strong>audire,</strong></span> <span class='ocrx_word' id='word_1_537' title='bbox 1082 3648 1280 3712; x_wconf 88' lang='lat' dir='ltr'><strong>neque</strong></span> <span class='ocrx_word' id='word_1_538' title='bbox 1298 3630 1606 3710; x_wconf 80' lang='lat' dir='ltr'><strong>juvenem,</strong></span> <span class='ocrx_word' id='word_1_539' title='bbox 1640 3647 1836 3709; x_wconf 90' lang='lat' dir='ltr'><strong>neque</strong></span> <span class='ocrx_word' id='word_1_540' title='bbox 1867 3647 2099 3695; x_wconf 75' lang='lat' dir='ltr'><strong>senem.</strong></span> 
     </span>
    </p>
   </div>
   <div class='ocr_carea' id='block_1_70' title="bbox 449 3717 2103 3799">
    <p class='ocr_par' dir='ltr' id='par_1_70' title="bbox 449 3717 2103 3799">
     <span class='ocr_line' id='line_1_72' title="bbox 449 3717 2103 3799; baseline -0.001 -17"><span class='ocrx_word' id='word_1_541' title='bbox 449 3718 756 3783; x_wconf 86' lang='lat' dir='ltr'><strong>Nefarium</strong></span> <span class='ocrx_word' id='word_1_542' title='bbox 780 3720 939 3782; x_wconf 91' lang='lat' dir='ltr'><strong>enim</strong></span> <span class='ocrx_word' id='word_1_543' title='bbox 972 3719 1283 3795; x_wconf 89' lang='lat' dir='ltr'><strong>est,Deum</strong></span> <span class='ocrx_word' id='word_1_544' title='bbox 1320 3719 1504 3781; x_wconf 85' lang='lat' dir='ltr'><strong>fuisse</strong></span> <span class='ocrx_word' id='word_1_545' title='bbox 1536 3717 1923 3799; x_wconf 88' lang='lat' dir='ltr'><strong>parricidam,</strong></span> <span class='ocrx_word' id='word_1_546' title='bbox 1949 3718 2103 3781; x_wconf 90' lang='lat' dir='ltr'><strong>sicut</strong></span> 
     </span>
    </p>
   </div>
   <div class='ocr_carea' id='block_1_71' title="bbox 450 3806 2099 3891">
    <p class='ocr_par' dir='ltr' id='par_1_71' title="bbox 450 3806 2099 3891">
     <span class='ocr_line' id='line_1_73' title="bbox 450 3806 2099 3891; baseline -0.001 -19"><span class='ocrx_word' id='word_1_547' title='bbox 450 3810 554 3872; x_wconf 90' lang='lat' dir='ltr'><strong>hic</strong></span> <span class='ocrx_word' id='word_1_548' title='bbox 582 3808 839 3890; x_wconf 85' lang='lat' dir='ltr'><strong>Jupiter,</strong></span> <span class='ocrx_word' id='word_1_549' title='bbox 875 3811 974 3891; x_wconf 89' lang='lat' dir='ltr'><strong>qui</strong></span> <span class='ocrx_word' id='word_1_550' title='bbox 1006 3828 1168 3873; x_wconf 91' lang='lat' dir='ltr'><strong>nunc</strong></span> <span class='ocrx_word' id='word_1_551' title='bbox 1225 3808 1446 3871; x_wconf 88' lang='lat' dir='ltr'><strong>colitur</strong></span> <span class='ocrx_word' id='word_1_552' title='bbox 1492 3826 1527 3869; x_wconf 92' lang='lat' dir='ltr'><strong>a</strong></span> <span class='ocrx_word' id='word_1_553' title='bbox 1554 3806 1743 3882; x_wconf 91' lang='lat' dir='ltr'><strong>vobis,</strong></span> <span class='ocrx_word' id='word_1_554' title='bbox 1778 3807 1940 3886; x_wconf 83' lang='lat' dir='ltr'><strong>fecit,</strong></span> <span class='ocrx_word' id='word_1_555' title='bbox 1998 3810 2099 3890; x_wconf 91' lang='lat' dir='ltr'><strong>qui</strong></span> 
     </span>
    </p>
   </div>
   <div class='ocr_carea' id='block_1_72' title="bbox 445 3896 2096 3980">
    <p class='ocr_par' dir='ltr' id='par_1_72' title="bbox 445 3896 2096 3980">
     <span class='ocr_line' id='line_1_74' title="bbox 445 3896 2096 3980; baseline 0.001 -19"><span class='ocrx_word' id='word_1_556' title='bbox 445 3917 620 3962; x_wconf 87' lang='lat' dir='ltr'><strong>suum</strong></span> <span class='ocrx_word' id='word_1_557' title='bbox 649 3906 877 3980; x_wconf 88' lang='lat' dir='ltr'><strong>patrem</strong></span> <span class='ocrx_word' id='word_1_558' title='bbox 906 3900 1229 3961; x_wconf 86' lang='lat' dir='ltr'><strong>Saturnum</strong></span> <span class='ocrx_word' id='word_1_559' title='bbox 1262 3896 1485 3976; x_wconf 87' lang='lat' dir='ltr'><strong>dejecit</strong></span> <span class='ocrx_word' id='word_1_560' title='bbox 1526 3899 1600 3960; x_wconf 90' lang='lat' dir='ltr'><strong>de</strong></span> <span class='ocrx_word' id='word_1_561' title='bbox 1632 3896 1821 3975; x_wconf 66' lang='lat' dir='ltr'><strong>caelis,</strong></span> <span class='ocrx_word' id='word_1_562' title='bbox 1857 3907 1916 3960; x_wconf 93' lang='lat' dir='ltr'><strong>et</strong></span> <span class='ocrx_word' id='word_1_563' title='bbox 1959 3918 2096 3962; x_wconf 91' lang='lat' dir='ltr'><strong>eum</strong></span> 
     </span>
    </p>
   </div>
   <div class='ocr_carea' id='block_1_73' title="bbox 446 3989 2095 4069">
    <p class='ocr_par' dir='ltr' id='par_1_73' title="bbox 446 3989 2095 4069">
     <span class='ocr_line' id='line_1_75' title="bbox 446 3989 2095 4069; baseline 0 -17"><span class='ocrx_word' id='word_1_564' title='bbox 446 3989 726 4052; x_wconf 88' lang='lat' dir='ltr'><strong>contrivit</strong></span> <span class='ocrx_word' id='word_1_565' title='bbox 762 4011 776 4053; x_wconf 87' lang='lat'>:</span> <span class='ocrx_word' id='word_1_566' title='bbox 809 3998 911 4050; x_wconf 90' lang='lat' dir='ltr'><strong>aut</strong></span> <span class='ocrx_word' id='word_1_567' title='bbox 939 3989 1161 4050; x_wconf 80' lang='lat' dir='ltr'><strong>factum</strong></span> <span class='ocrx_word' id='word_1_568' title='bbox 1216 4005 1343 4049; x_wconf 82' lang='lat' dir='ltr'><strong>esse</strong></span> <span class='ocrx_word' id='word_1_569' title='bbox 1373 4005 1649 4069; x_wconf 82' lang='lat' dir='ltr'><strong>cygnum,</strong></span> <span class='ocrx_word' id='word_1_570' title='bbox 1689 3995 1754 4049; x_wconf 92' lang='lat' dir='ltr'><strong>ut</strong></span> <span class='ocrx_word' id='word_1_571' title='bbox 1787 3989 2095 4052; x_wconf 89' lang='lat' dir='ltr'><strong>mortalem</strong></span> 
     </span>
    </p>
   </div>
   <div class='ocr_carea' id='block_1_74' title="bbox 447 4077 2098 4161">
    <p class='ocr_par' dir='ltr' id='par_1_74' title="bbox 447 4077 2098 4161">
     <span class='ocr_line' id='line_1_76' title="bbox 447 4077 2098 4161; baseline 0 -20"><span class='ocrx_word' id='word_1_572' title='bbox 447 4077 756 4161; x_wconf 90' lang='lat' dir='ltr'><strong>deciperet</strong></span> <span class='ocrx_word' id='word_1_573' title='bbox 785 4078 1127 4154; x_wconf 88' lang='lat' dir='ltr'><strong>mulierem,</strong></span> <span class='ocrx_word' id='word_1_574' title='bbox 1177 4085 1237 4138; x_wconf 90' lang='lat' dir='ltr'><strong>et</strong></span> <span class='ocrx_word' id='word_1_575' title='bbox 1296 4096 1428 4140; x_wconf 88' lang='lat' dir='ltr'><strong>eam</strong></span> <span class='ocrx_word' id='word_1_576' title='bbox 1493 4077 1743 4140; x_wconf 84' lang='lat' dir='ltr'><strong>vitiaret.</strong></span> <span class='ocrx_word' id='word_1_577' title='bbox 1804 4078 2098 4142; x_wconf 65' lang='lat' dir='ltr'><strong>Praeterea</strong></span> 
     </span>
    </p>
   </div>
   <div class='ocr_carea' id='block_1_75' title="bbox 443 4165 2093 4249">
    <p class='ocr_par' dir='ltr' id='par_1_75' title="bbox 443 4165 2093 4249">
     <span class='ocr_line' id='line_1_77' title="bbox 443 4165 2093 4249; baseline 0.002 -22"><span class='ocrx_word' id='word_1_578' title='bbox 443 4186 584 4231; x_wconf 89' lang='lat' dir='ltr'><strong>vero</strong></span> <span class='ocrx_word' id='word_1_579' title='bbox 609 4187 816 4231; x_wconf 88' lang='lat' dir='ltr'><strong>rursus</strong></span> <span class='ocrx_word' id='word_1_580' title='bbox 838 4186 993 4249; x_wconf 67' lang='lat' dir='ltr'><strong>aegre</strong></span> <span class='ocrx_word' id='word_1_581' title='bbox 1015 4168 1130 4229; x_wconf 78' lang='lat' dir='ltr'><strong>fert</strong></span> <span class='ocrx_word' id='word_1_582' title='bbox 1148 4165 1333 4245; x_wconf 89' lang='lat' dir='ltr'><strong>Plato,</strong></span> <span class='ocrx_word' id='word_1_583' title='bbox 1369 4167 1524 4249; x_wconf 92' lang='lat' dir='ltr'><strong>quod</strong></span> <span class='ocrx_word' id='word_1_584' title='bbox 1562 4169 1702 4230; x_wconf 88' lang='lat' dir='ltr'><strong>ﬂetu</strong></span> <span class='ocrx_word' id='word_1_585' title='bbox 1726 4176 1785 4229; x_wconf 92' lang='lat' dir='ltr'><strong>et</strong></span> <span class='ocrx_word' id='word_1_586' title='bbox 1817 4169 2093 4233; x_wconf 88' lang='lat' dir='ltr'><strong>muliebri</strong></span> 
     </span>
    </p>
   </div>
   <div class='ocr_carea' id='block_1_76' title="bbox 442 4256 2094 4339">
    <p class='ocr_par' dir='ltr' id='par_1_76' title="bbox 442 4256 2094 4339">
     <span class='ocr_line' id='line_1_78' title="bbox 442 4256 2094 4339; baseline 0.001 -19"><span class='ocrx_word' id='word_1_587' title='bbox 442 4256 679 4321; x_wconf 88' lang='lat' dir='ltr'><strong>insania</strong></span> <span class='ocrx_word' id='word_1_588' title='bbox 694 4268 1005 4339; x_wconf 86' lang='lat' dir='ltr'><strong>correptus</strong></span> <span class='ocrx_word' id='word_1_589' title='bbox 1028 4257 1179 4318; x_wconf 91' lang='lat' dir='ltr'><strong>deus</strong></span> <span class='ocrx_word' id='word_1_590' title='bbox 1197 4264 1398 4335; x_wconf 89' lang='lat' dir='ltr'><strong>tuus,o</strong></span> <span class='ocrx_word' id='word_1_591' title='bbox 1419 4257 1857 4338; x_wconf 87' lang='lat' dir='ltr'><strong>judex,deﬂeat</strong></span> <span class='ocrx_word' id='word_1_592' title='bbox 1877 4260 2094 4321; x_wconf 88' lang='lat' dir='ltr'><strong>incon-</strong></span> 
     </span>
    </p>
   </div>
   <div class='ocr_carea' id='block_1_77' title="bbox 2193 3360 3841 3442">
    <p class='ocr_par' dir='ltr' id='par_1_77' title="bbox 2193 3360 3841 3442">
     <span class='ocr_line' id='line_1_79' title="bbox 2193 3360 3841 3442; baseline -0.001 -24"><span class='ocrx_word' id='word_1_593' title='bbox 2193 3364 2349 3442; x_wconf 78' lang='grc' dir='ltr'>μεθὰ,</span> <span class='ocrx_word' id='word_1_594' title='bbox 2382 3361 2499 3420; x_wconf 67' lang='grc' dir='ltr'>οὐδὲ</span> <span class='ocrx_word' id='word_1_595' title='bbox 2548 3366 2679 3419; x_wconf 82' lang='grc' dir='ltr'>θεῶν</span> <span class='ocrx_word' id='word_1_596' title='bbox 2738 3361 2843 3437; x_wconf 81' lang='grc' dir='ltr'>ἔριν</span> <span class='ocrx_word' id='word_1_597' title='bbox 2898 3382 2955 3416; x_wconf 89' lang='grc' dir='ltr'>τε</span> <span class='ocrx_word' id='word_1_598' title='bbox 3022 3364 3121 3417; x_wconf 72' lang='grc' dir='ltr'>καῖ</span> <span class='ocrx_word' id='word_1_599' title='bbox 3167 3362 3370 3440; x_wconf 86' lang='grc' dir='ltr'>κρίσιν,</span> <span class='ocrx_word' id='word_1_600' title='bbox 3432 3360 3513 3440; x_wconf 75' lang='grc' dir='ltr'><strong>ἐφ’</strong></span> <span class='ocrx_word' id='word_1_601' title='bbox 3572 3360 3638 3428; x_wconf 69' lang='grc' dir='ltr'>ἢν</span> <span class='ocrx_word' id='word_1_602' title='bbox 3685 3362 3841 3427; x_wconf 75' lang='grc' dir='ltr'>αὐτὸς</span> 
     </span>
    </p>
   </div>
   <div class='ocr_carea' id='block_1_78' title="bbox 2191 3448 3839 3531">
    <p class='ocr_par' dir='ltr' id='par_1_78' title="bbox 2191 3448 3839 3531">
     <span class='ocr_line' id='line_1_80' title="bbox 2191 3448 3839 3531; baseline -0.002 -23"><span class='ocrx_word' id='word_1_603' title='bbox 2191 3452 2412 3509; x_wconf 74' lang='grc' dir='ltr'>πέποιθε</span> <span class='ocrx_word' id='word_1_604' title='bbox 2455 3450 2539 3509; x_wconf 81' lang='grc' dir='ltr'><strong>διὰ</strong></span> <span class='ocrx_word' id='word_1_605' title='bbox 2588 3448 2810 3525; x_wconf 82' lang='grc' dir='ltr'>Θέμιδός</span> <span class='ocrx_word' id='word_1_606' title='bbox 2865 3472 2923 3506; x_wconf 89' lang='grc' dir='ltr'><strong>τε</strong></span> <span class='ocrx_word' id='word_1_607' title='bbox 2985 3450 3077 3506; x_wconf 71' lang='grc' dir='ltr'>καὶ</span> <span class='ocrx_word' id='word_1_608' title='bbox 3144 3452 3293 3531; x_wconf 87' lang='grc' dir='ltr'>Διὸς,</span> <span class='ocrx_word' id='word_1_609' title='bbox 3356 3452 3445 3515; x_wconf 80' lang='grc' dir='ltr'>οὒς</span> <span class='ocrx_word' id='word_1_610' title='bbox 3490 3452 3551 3507; x_wconf 85' lang='grc' dir='ltr'>σὺ</span> <span class='ocrx_word' id='word_1_611' title='bbox 3609 3452 3839 3527; x_wconf 80' lang='grc' dir='ltr'>νομίζεις</span> 
     </span>
    </p>
   </div>
   <div class='ocr_carea' id='block_1_79' title="bbox 2188 3538 3840 3619">
    <p class='ocr_par' dir='ltr' id='par_1_79' title="bbox 2188 3538 3840 3619">
     <span class='ocr_line' id='line_1_81' title="bbox 2188 3538 3840 3619; baseline -0.001 -22"><span class='ocrx_word' id='word_1_612' title='bbox 2188 3541 2334 3606; x_wconf 90' lang='grc' dir='ltr'>θεούς</span> <span class='ocrx_word' id='word_1_613' title='bbox 2370 3559 2383 3573; x_wconf 83' lang='grc'><strong><em>⁸</em></strong></span> <span class='ocrx_word' id='word_1_614' title='bbox 2446 3538 2550 3600; x_wconf 66' lang='grc' dir='ltr'>οὐδ’</span> <span class='ocrx_word' id='word_1_615' title='bbox 2609 3539 2697 3597; x_wconf 79' lang='grc' dir='ltr'><strong>οὗν</strong></span> <span class='ocrx_word' id='word_1_616' title='bbox 2743 3541 2815 3605; x_wconf 77' lang='grc' dir='ltr'>ὼς</span> <span class='ocrx_word' id='word_1_617' title='bbox 2870 3539 3133 3619; x_wconf 82' lang='grc' dir='ltr'>Αἰσχύλος</span> <span class='ocrx_word' id='word_1_618' title='bbox 3179 3539 3349 3614; x_wconf 75' lang='grc' dir='ltr'>λέγει,</span> <span class='ocrx_word' id='word_1_619' title='bbox 3406 3539 3487 3596; x_wconf 83' lang='grc' dir='ltr'>ὅτι</span> <span class='ocrx_word' id='word_1_620' title='bbox 3546 3541 3677 3604; x_wconf 90' lang='grc' dir='ltr'>Θεὸς</span> <span class='ocrx_word' id='word_1_621' title='bbox 3738 3539 3840 3614; x_wconf 80' lang='grc' dir='ltr'>μὲν</span> 
     </span>
    </p>
   </div>
   <div class='ocr_carea' id='block_1_80' title="bbox 2187 3626 3840 3710">
    <p class='ocr_par' dir='ltr' id='par_1_80' title="bbox 2187 3626 3840 3710">
     <span class='ocr_line' id='line_1_82' title="bbox 2187 3626 3840 3710; baseline 0.001 -24"><span class='ocrx_word' id='word_1_622' title='bbox 2187 3631 2354 3686; x_wconf 79' lang='grc' dir='ltr'>αἰτίαν</span> <span class='ocrx_word' id='word_1_623' title='bbox 2408 3630 2523 3710; x_wconf 70' lang='grc' dir='ltr'>φύει</span> <span class='ocrx_word' id='word_1_624' title='bbox 2573 3631 2807 3709; x_wconf 87' lang='grc' dir='ltr'>βροτοῖς,</span> <span class='ocrx_word' id='word_1_625' title='bbox 2843 3628 2924 3686; x_wconf 79' lang='grc' dir='ltr'><strong>ὅτ’</strong></span> <span class='ocrx_word' id='word_1_626' title='bbox 2981 3627 3044 3685; x_wconf 78' lang='grc' dir='ltr'><strong>ἄν</strong></span> <span class='ocrx_word' id='word_1_627' title='bbox 3087 3633 3329 3687; x_wconf 83' lang='grc' dir='ltr'>κακῶσαι</span> <span class='ocrx_word' id='word_1_628' title='bbox 3389 3626 3542 3706; x_wconf 82' lang='grc' dir='ltr'>δῶμα</span> <span class='ocrx_word' id='word_1_629' title='bbox 3600 3631 3840 3706; x_wconf 79' lang='grc' dir='ltr'>παμπή-</span> 
     </span>
    </p>
   </div>
   <div class='ocr_carea' id='block_1_81' title="bbox 2185 3717 3840 3798">
    <p class='ocr_par' dir='ltr' id='par_1_81' title="bbox 2185 3717 3840 3798">
     <span class='ocr_line' id='line_1_83' title="bbox 2185 3717 3840 3798; baseline 0.001 -23"><span class='ocrx_word' id='word_1_630' title='bbox 2185 3719 2282 3787; x_wconf 85' lang='grc' dir='ltr'>δην</span> <span class='ocrx_word' id='word_1_631' title='bbox 2311 3719 2463 3798; x_wconf 75' lang='grc' dir='ltr'><strong>θέλῃ.</strong></span> <span class='ocrx_word' id='word_1_632' title='bbox 2500 3721 2598 3779; x_wconf 82' lang='grc' dir='ltr'>Καὶ</span> <span class='ocrx_word' id='word_1_633' title='bbox 2654 3717 2836 3777; x_wconf 66' lang='grc' dir='ltr'>οὗδέθα</span> <span class='ocrx_word' id='word_1_634' title='bbox 2893 3717 3033 3776; x_wconf 83' lang='grc' dir='ltr'>θελει</span> <span class='ocrx_word' id='word_1_635' title='bbox 3078 3717 3304 3776; x_wconf 85' lang='grc' dir='ltr'>Ηλάτων</span> <span class='ocrx_word' id='word_1_636' title='bbox 3355 3721 3495 3777; x_wconf 77' lang='grc' dir='ltr'>κατὰ</span> <span class='ocrx_word' id='word_1_637' title='bbox 3553 3720 3652 3788; x_wconf 79' lang='grc' dir='ltr'>τὴν</span> <span class='ocrx_word' id='word_1_638' title='bbox 3709 3721 3840 3777; x_wconf 86' lang='grc' dir='ltr'><strong>ἐαυ-</strong></span> 
     </span>
    </p>
   </div>
   <div class='ocr_carea' id='block_1_82' title="bbox 2182 3807 3838 3888">
    <p class='ocr_par' dir='ltr' id='par_1_82' title="bbox 2182 3807 3838 3888">
     <span class='ocr_line' id='line_1_84' title="bbox 2182 3807 3838 3888; baseline 0.001 -22"><span class='ocrx_word' id='word_1_639' title='bbox 2182 3819 2275 3869; x_wconf 84' lang='grc' dir='ltr'><strong>τοῦ</strong></span> <span class='ocrx_word' id='word_1_640' title='bbox 2330 3809 2487 3868; x_wconf 86' lang='grc' dir='ltr'>πόλιν</span> <span class='ocrx_word' id='word_1_641' title='bbox 2531 3807 2646 3867; x_wconf 74' lang='grc' dir='ltr'>οὕτε</span> <span class='ocrx_word' id='word_1_642' title='bbox 2693 3810 2947 3887; x_wconf 88' lang='grc' dir='ltr'>νεώτερον</span> <span class='ocrx_word' id='word_1_643' title='bbox 3005 3808 3122 3866; x_wconf 69' lang='grc' dir='ltr'>οὔτε</span> <span class='ocrx_word' id='word_1_644' title='bbox 3172 3808 3392 3888; x_wconf 82' lang='grc' dir='ltr'>γέροντα</span> <span class='ocrx_word' id='word_1_645' title='bbox 3439 3807 3617 3888; x_wconf 81' lang='grc' dir='ltr'>λέγειν</span> <span class='ocrx_word' id='word_1_646' title='bbox 3664 3829 3715 3866; x_wconf 90' lang='grc' dir='ltr'><strong>τι</strong></span> <span class='ocrx_word' id='word_1_647' title='bbox 3747 3810 3838 3868; x_wconf 83' lang='grc' dir='ltr'><strong>καὶ</strong></span> 
     </span>
    </p>
   </div>
   <div class='ocr_carea' id='block_1_83' title="bbox 2183 3897 3834 3979">
    <p class='ocr_par' dir='ltr' id='par_1_83' title="bbox 2183 3897 3834 3979">
     <span class='ocr_line' id='line_1_85' title="bbox 2183 3897 3834 3979; baseline 0.001 -26"><span class='ocrx_word' id='word_1_648' title='bbox 2183 3897 2391 3956; x_wconf 76' lang='grc' dir='ltr'>ἀκούειν</span> <span class='ocrx_word' id='word_1_649' title='bbox 2442 3899 2563 3979; x_wconf 84' lang='grc' dir='ltr'>περὶ</span> <span class='ocrx_word' id='word_1_650' title='bbox 2603 3897 2784 3957; x_wconf 73' lang='grc' dir='ltr'>αὐτοῦ.</span> <span class='ocrx_word' id='word_1_651' title='bbox 2831 3897 2962 3955; x_wconf 70' lang='grc' dir='ltr'>Ούτε</span> <span class='ocrx_word' id='word_1_652' title='bbox 3015 3898 3114 3974; x_wconf 81' lang='grc' dir='ltr'>γὰρ</span> <span class='ocrx_word' id='word_1_653' title='bbox 3156 3899 3373 3971; x_wconf 88' lang='grc' dir='ltr'>θεμιτὸν</span> <span class='ocrx_word' id='word_1_654' title='bbox 3432 3898 3562 3955; x_wconf 84' lang='grc' dir='ltr'>Θεὸν</span> <span class='ocrx_word' id='word_1_655' title='bbox 3620 3918 3834 3977; x_wconf 83' lang='grc' dir='ltr'>πατρα-</span> 
     </span>
    </p>
   </div>
   <div class='ocr_carea' id='block_1_84' title="bbox 2181 3986 3837 4068">
    <p class='ocr_par' dir='ltr' id='par_1_84' title="bbox 2181 3986 3837 4068">
     <span class='ocr_line' id='line_1_86' title="bbox 2181 3986 3837 4068; baseline -0.001 -22"><span class='ocrx_word' id='word_1_656' title='bbox 2181 3986 2330 4046; x_wconf 86' lang='grc' dir='ltr'>λοίαν</span> <span class='ocrx_word' id='word_1_657' title='bbox 2386 3991 2729 4068; x_wconf 75' lang='grc' dir='ltr'>γεγενῆσθαι,</span> <span class='ocrx_word' id='word_1_658' title='bbox 2796 3989 2869 4053; x_wconf 85' lang='grc' dir='ltr'>ὡς</span> <span class='ocrx_word' id='word_1_659' title='bbox 2933 3989 2961 4043; x_wconf 91' lang='lat'><strong>6</strong></span> <span class='ocrx_word' id='word_1_660' title='bbox 3023 3988 3146 4052; x_wconf 84' lang='grc' dir='ltr'>Ζεὺς</span> <span class='ocrx_word' id='word_1_661' title='bbox 3200 3989 3352 4049; x_wconf 75' lang='grc' dir='ltr'>οὗτος</span> <span class='ocrx_word' id='word_1_662' title='bbox 3412 3989 3440 4043; x_wconf 89' lang='grc' dir='ltr'>ὁ</span> <span class='ocrx_word' id='word_1_663' title='bbox 3498 3987 3622 4067; x_wconf 84' lang='grc' dir='ltr'>παρ’</span> <span class='ocrx_word' id='word_1_664' title='bbox 3681 3988 3837 4063; x_wconf 75' lang='grc' dir='ltr'>ὑμῶν</span> 
     </span>
    </p>
   </div>
   <div class='ocr_carea' id='block_1_85' title="bbox 2181 4074 3832 4155">
    <p class='ocr_par' dir='ltr' id='par_1_85' title="bbox 2181 4074 3832 4155">
     <span class='ocr_line' id='line_1_87' title="bbox 2181 4074 3832 4155; baseline -0.001 -20"><span class='ocrx_word' id='word_1_665' title='bbox 2181 4077 2468 4154; x_wconf 81' lang='grc' dir='ltr'>σεϐόμενος</span> <span class='ocrx_word' id='word_1_666' title='bbox 2524 4080 2618 4135; x_wconf 89' lang='grc' dir='ltr'><strong>τὸν</strong></span> <span class='ocrx_word' id='word_1_667' title='bbox 2675 4078 2860 4134; x_wconf 77' lang='grc' dir='ltr'>ἑαυτοῦ</span> <span class='ocrx_word' id='word_1_668' title='bbox 2916 4074 3120 4153; x_wconf 81' lang='grc' dir='ltr'>πατέρα</span> <span class='ocrx_word' id='word_1_669' title='bbox 3182 4074 3399 4142; x_wconf 74' lang='grc' dir='ltr'>ἐποίησε</span> <span class='ocrx_word' id='word_1_670' title='bbox 3451 4077 3542 4133; x_wconf 87' lang='grc' dir='ltr'><strong>τὸν</strong></span> <span class='ocrx_word' id='word_1_671' title='bbox 3608 4079 3832 4155; x_wconf 80' lang='grc' dir='ltr'>Κρόνον,</span> 
     </span>
    </p>
   </div>
   <div class='ocr_carea' id='block_1_86' title="bbox 2178 4166 3834 4247">
    <p class='ocr_par' dir='ltr' id='par_1_86' title="bbox 2178 4166 3834 4247">
     <span class='ocr_line' id='line_1_88' title="bbox 2178 4166 3834 4247; baseline 0 -22"><span class='ocrx_word' id='word_1_672' title='bbox 2178 4172 2241 4225; x_wconf 71' lang='lat' dir='ltr'><strong>’ex</strong></span> <span class='ocrx_word' id='word_1_673' title='bbox 2284 4176 2392 4225; x_wconf 80' lang='grc' dir='ltr'>τῶν</span> <span class='ocrx_word' id='word_1_674' title='bbox 2448 4167 2679 4247; x_wconf 74' lang='grc' dir='ltr'>οὐρανῶν</span> <span class='ocrx_word' id='word_1_675' title='bbox 2748 4166 2903 4243; x_wconf 78' lang='grc' dir='ltr'>ῥίψας</span> <span class='ocrx_word' id='word_1_676' title='bbox 2974 4166 3063 4222; x_wconf 85' lang='grc' dir='ltr'><strong>καὶ</strong></span> <span class='ocrx_word' id='word_1_677' title='bbox 3124 4166 3409 4242; x_wconf 69' lang='grc' dir='ltr'>συντρῖψας</span> <span class='ocrx_word' id='word_1_678' title='bbox 3468 4167 3648 4242; x_wconf 73' lang='grc' dir='ltr'>αὑτὸν,</span> <span class='ocrx_word' id='word_1_679' title='bbox 3710 4166 3834 4226; x_wconf 65' lang='grc' dir='ltr'>οὔτε</span> 
     </span>
    </p>
   </div>
   <div class='ocr_carea' id='block_1_87' title="bbox 2178 4252 3835 4335">
    <p class='ocr_par' dir='ltr' id='par_1_87' title="bbox 2178 4252 3835 4335">
     <span class='ocr_line' id='line_1_89' title="bbox 2178 4252 3835 4335; baseline 0.001 -20"><span class='ocrx_word' id='word_1_680' title='bbox 2178 4260 2365 4317; x_wconf 77' lang='grc' dir='ltr'>κύκνον</span> <span class='ocrx_word' id='word_1_681' title='bbox 2422 4257 2703 4335; x_wconf 75' lang='grc' dir='ltr'>γενέσθαι,</span> <span class='ocrx_word' id='word_1_682' title='bbox 2780 4252 2927 4320; x_wconf 81' lang='grc' dir='ltr'>ὅπως</span> <span class='ocrx_word' id='word_1_683' title='bbox 3001 4254 3285 4333; x_wconf 79' lang='grc' dir='ltr'>σοφίσηται</span> <span class='ocrx_word' id='word_1_684' title='bbox 3343 4254 3541 4323; x_wconf 74' lang='grc' dir='ltr'>θνητὴν</span> <span class='ocrx_word' id='word_1_685' title='bbox 3598 4268 3835 4333; x_wconf 67' lang='grc' dir='ltr'>γυναῖκα</span> 
     </span>
    </p>
   </div>
   <div class='ocr_carea' id='block_1_88' title="bbox 435 4342 2099 4428">
    <p class='ocr_par' dir='ltr' id='par_1_88' title="bbox 435 4346 2091 4428">
     <span class='ocr_line' id='line_1_90' title="bbox 435 4346 2091 4428; baseline 0 -17"><span class='ocrx_word' id='word_1_686' title='bbox 435 4348 778 4411; x_wconf 84' lang='lat' dir='ltr'><strong>solabiliter</strong></span> <span class='ocrx_word' id='word_1_687' title='bbox 803 4357 1052 4409; x_wconf 91' lang='lat' dir='ltr'><strong>mortem</strong></span> <span class='ocrx_word' id='word_1_688' title='bbox 1077 4346 1566 4428; x_wconf 85' lang='lat' dir='ltr'><strong>Sarpedonis.An</strong></span> <span class='ocrx_word' id='word_1_689' title='bbox 1592 4366 1712 4408; x_wconf 90' lang='lat' dir='ltr'><strong>non</strong></span> <span class='ocrx_word' id='word_1_690' title='bbox 1740 4348 1820 4409; x_wconf 89' lang='lat' dir='ltr'><strong>ita</strong></span> <span class='ocrx_word' id='word_1_691' title='bbox 1840 4347 1968 4409; x_wconf 86' lang='lat' dir='ltr'><strong>est?</strong></span> <span class='ocrx_word' id='word_1_692' title='bbox 1996 4350 2091 4411; x_wconf 84' lang='lat' dir='ltr'><strong>An</strong></span> 
     </span>
    </p>
   </div>
   <div class='ocr_carea' id='block_1_89' title="bbox 2184 4342 3835 4428">
    <p class='ocr_par' dir='ltr' id='par_1_89' title="bbox 2184 4342 3835 4425">
     <span class='ocr_line' id='line_1_91' title="bbox 2184 4342 3835 4425; baseline -0.001 -22"><span class='ocrx_word' id='word_1_693' title='bbox 2184 4349 2264 4403; x_wconf 83' lang='grc' dir='ltr'>καὶ</span> <span class='ocrx_word' id='word_1_694' title='bbox 2321 4347 2502 4425; x_wconf 78' lang='grc' dir='ltr'>φθεὶρῃ</span> <span class='ocrx_word' id='word_1_695' title='bbox 2550 4346 2733 4412; x_wconf 71' lang='grc' dir='ltr'>αὐτὴν.</span> <span class='ocrx_word' id='word_1_696' title='bbox 2792 4342 2961 4400; x_wconf 82' lang='grc' dir='ltr'>Ἀλλὰ</span> <span class='ocrx_word' id='word_1_697' title='bbox 3030 4345 3164 4423; x_wconf 88' lang='grc' dir='ltr'>πρὸς</span> <span class='ocrx_word' id='word_1_698' title='bbox 3222 4344 3426 4409; x_wconf 79' lang='grc' dir='ltr'>τούτοις</span> <span class='ocrx_word' id='word_1_699' title='bbox 3498 4345 3635 4401; x_wconf 68' lang='grc' dir='ltr'>πάνυ</span> <span class='ocrx_word' id='word_1_700' title='bbox 3686 4345 3835 4402; x_wconf 89' lang='grc' dir='ltr'>ἀπε-</span> 
     </span>
    </p>
   </div>
   <div class='ocr_carea' id='block_1_90' title="bbox 441 4430 2099 4518">
    <p class='ocr_par' dir='ltr' id='par_1_90' title="bbox 441 4435 2092 4518">
     <span class='ocr_line' id='line_1_92' title="bbox 441 4435 2092 4518; baseline -0.001 -18"><span class='ocrx_word' id='word_1_701' title='bbox 441 4456 565 4500; x_wconf 91' lang='lat' dir='ltr'><strong>non</strong></span> <span class='ocrx_word' id='word_1_702' title='bbox 591 4444 733 4499; x_wconf 90' lang='lat' dir='ltr'><strong>sunt</strong></span> <span class='ocrx_word' id='word_1_703' title='bbox 761 4437 983 4518; x_wconf 86' lang='lat' dir='ltr'><strong>scripta</strong></span> <span class='ocrx_word' id='word_1_704' title='bbox 1011 4435 1073 4498; x_wconf 94' lang='lat' dir='ltr'><strong>in</strong></span> <span class='ocrx_word' id='word_1_705' title='bbox 1102 4436 1273 4498; x_wconf 88' lang='lat' dir='ltr'><strong>libris</strong></span> <span class='ocrx_word' id='word_1_706' title='bbox 1303 4438 1516 4498; x_wconf 89' lang='lat' dir='ltr'><strong>vestris</strong></span> <span class='ocrx_word' id='word_1_707' title='bbox 1549 4436 1748 4497; x_wconf 88' lang='lat' dir='ltr'><strong>omnia</strong></span> <span class='ocrx_word' id='word_1_708' title='bbox 1777 4436 2092 4499; x_wconf 86' lang='lat' dir='ltr'><strong>fabulosa?</strong></span> 
     </span>
    </p>
   </div>
   <div class='ocr_carea' id='block_1_91' title="bbox 2184 4430 3833 4518">
    <p class='ocr_par' dir='ltr' id='par_1_91' title="bbox 2184 4430 3833 4514">
     <span class='ocr_line' id='line_1_93' title="bbox 2184 4430 3833 4514; baseline 0.001 -24"><span class='ocrx_word' id='word_1_709' title='bbox 2184 4435 2428 4514; x_wconf 73' lang='grc' dir='ltr'>χθάνεται</span> <span class='ocrx_word' id='word_1_710' title='bbox 2459 4433 2684 4489; x_wconf 84' lang='grc' dir='ltr'>Πλάτων</span> <span class='ocrx_word' id='word_1_711' title='bbox 2747 4434 2827 4489; x_wconf 83' lang='grc' dir='ltr'><strong>Διὶ</strong></span> <span class='ocrx_word' id='word_1_712' title='bbox 2883 4438 2961 4506; x_wconf 82' lang='grc' dir='ltr'><strong>τῷ</strong></span> <span class='ocrx_word' id='word_1_713' title='bbox 3019 4439 3134 4506; x_wconf 85' lang='grc' dir='ltr'><strong>Θεῷ</strong></span> <span class='ocrx_word' id='word_1_714' title='bbox 3184 4454 3300 4507; x_wconf 88' lang='grc' dir='ltr'>σου,</span> <span class='ocrx_word' id='word_1_715' title='bbox 3344 4432 3424 4490; x_wconf 76' lang='grc' dir='ltr'>ὅτι</span> <span class='ocrx_word' id='word_1_716' title='bbox 3471 4430 3681 4512; x_wconf 79' lang='grc' dir='ltr'>ὀδυρμῷ</span> <span class='ocrx_word' id='word_1_717' title='bbox 3736 4439 3833 4495; x_wconf 74' lang='grc' dir='ltr'><strong>καὶ</strong></span> 
     </span>
    </p>
   </div>
   <div class='ocr_carea' id='block_1_92' title="bbox 440 4522 2099 4619">
    <p class='ocr_par' dir='ltr' id='par_1_92' title="bbox 440 4526 2087 4619">
     <span class='ocr_line' id='line_1_94' title="bbox 440 4526 2087 4619; baseline -0.001 -29"><span class='ocrx_word' id='word_1_718' title='bbox 440 4527 507 4590; x_wconf 93' lang='lat' dir='ltr'><strong>Si</strong></span> <span class='ocrx_word' id='word_1_719' title='bbox 536 4528 664 4609; x_wconf 87' lang='lat' dir='ltr'><strong>ipse</strong></span> <span class='ocrx_word' id='word_1_720' title='bbox 694 4534 892 4589; x_wconf 89' lang='lat' dir='ltr'><strong>autem</strong></span> <span class='ocrx_word' id='word_1_721' title='bbox 925 4527 1166 4607; x_wconf 85' lang='lat' dir='ltr'><strong>sapiens</strong></span> <span class='ocrx_word' id='word_1_722' title='bbox 1213 4526 1379 4588; x_wconf 85' lang='lat' dir='ltr'><strong>Plato</strong></span> <span class='ocrx_word' id='word_1_723' title='bbox 1408 4531 1608 4619; x_wconf 83' lang='lat' dir='ltr'><strong>vester</strong></span> <span class='ocrx_word' id='word_1_724' title='bbox 1641 4526 1917 4619; x_wconf 79' lang='lat' dir='ltr'><strong>scriptor,</strong></span> <span class='ocrx_word' id='word_1_725' title='bbox 1953 4545 2087 4588; x_wconf 86' lang='lat' dir='ltr'><strong>eum</strong></span> 
     </span>
    </p>
   </div>
   <div class='ocr_carea' id='block_1_93' title="bbox 2184 4522 3836 4619">
    <p class='ocr_par' dir='ltr' id='par_1_93' title="bbox 2184 4522 3836 4618">
     <span class='ocr_line' id='line_1_95' title="bbox 2184 4522 3836 4618; baseline -0.001 -36"><span class='ocrx_word' id='word_1_726' title='bbox 2184 4523 2483 4605; x_wconf 82' lang='grc' dir='ltr'>γυναικώδει</span> <span class='ocrx_word' id='word_1_727' title='bbox 2545 4524 2705 4598; x_wconf 73' lang='grc' dir='ltr'>μανία</span> <span class='ocrx_word' id='word_1_728' title='bbox 2763 4524 3038 4603; x_wconf 76' lang='grc' dir='ltr'>συσχεθεὶς</span> <span class='ocrx_word' id='word_1_729' title='bbox 3098 4525 3126 4579; x_wconf 85' lang='lat'><strong>6</strong></span> <span class='ocrx_word' id='word_1_730' title='bbox 3170 4524 3292 4587; x_wconf 85' lang='grc' dir='ltr'>Ζεὺς</span> <span class='ocrx_word' id='word_1_731' title='bbox 3346 4525 3374 4578; x_wconf 90' lang='lat'><strong>6</strong></span> <span class='ocrx_word' id='word_1_732' title='bbox 3431 4522 3548 4588; x_wconf 86' lang='grc' dir='ltr'>θεός</span> <span class='ocrx_word' id='word_1_733' title='bbox 3580 4546 3693 4599; x_wconf 86' lang='grc' dir='ltr'>σου,</span> <span class='ocrx_word' id='word_1_734' title='bbox 3741 4523 3836 4618; x_wconf 58' lang='grc' dir='ltr'>δι-</span> 
     </span>
    </p>
   </div>
   <div class='ocr_carea' id='block_1_94' title="bbox 351 4599 2099 4694">
    <p class='ocr_par' dir='ltr' id='par_1_94' title="bbox 351 4599 2083 4694">
     <span class='ocr_line' id='line_1_96' title="bbox 351 4599 2083 4694; baseline 0.002 -21"><span class='ocrx_word' id='word_1_735' title='bbox 351 4669 354 4673; x_wconf 88' lang='lat'><strong>.</strong></span> <span class='ocrx_word' id='word_1_736' title='bbox 436 4599 628 4680; x_wconf 71' lang='lat' dir='ltr'><strong>Deum</strong></span> <span class='ocrx_word' id='word_1_737' title='bbox 660 4633 794 4677; x_wconf 85' lang='lat' dir='ltr'><strong>esse</strong></span> <span class='ocrx_word' id='word_1_738' title='bbox 824 4599 1102 4693; x_wconf 61' lang='lat' dir='ltr'><strong>deueéat,</strong></span> <span class='ocrx_word' id='word_1_739' title='bbox 1133 4622 1194 4677; x_wconf 92' lang='lat' dir='ltr'><strong>et</strong></span> <span class='ocrx_word' id='word_1_740' title='bbox 1216 4616 1386 4694; x_wconf 87' lang='lat' dir='ltr'><strong>jubet</strong></span> <span class='ocrx_word' id='word_1_741' title='bbox 1416 4614 1719 4675; x_wconf 88' lang='lat' dir='ltr'><strong>neminem</strong></span> <span class='ocrx_word' id='word_1_742' title='bbox 1753 4599 2083 4691; x_wconf 82' lang='lat' dir='ltr'><strong>hominem,</strong></span> 
     </span>
    </p>
   </div>
   <div class='ocr_carea' id='block_1_95' title="bbox 2184 4599 3833 4694">
    <p class='ocr_par' dir='ltr' id='par_1_95' title="bbox 2184 4599 3833 4694">
     <span class='ocr_line' id='line_1_97' title="bbox 2189 4599 3775 4618; baseline 0 0"><span class='ocrx_word' id='word_1_743' title='bbox 2189 4599 2200 4605; x_wconf 87' lang='lat'><strong>-</strong></span> <span class='ocrx_word' id='word_1_744' title='bbox 2863 4599 2901 4603; x_wconf 63' lang='grc' dir='ltr'><strong>-ν</strong></span> <span class='ocrx_word' id='word_1_745' title='bbox 3753 4599 3775 4618; x_wconf 76' lang='grc' dir='ltr'>η</span> 
     </span>
     <span class='ocr_line' id='line_1_98' title="bbox 2184 4610 3833 4694; baseline 0.002 -23"><span class='ocrx_word' id='word_1_746' title='bbox 2184 4616 2364 4694; x_wconf 72' lang='grc' dir='ltr'>ιαστὰ,</span> <span class='ocrx_word' id='word_1_747' title='bbox 2429 4611 2665 4692; x_wconf 83' lang='grc' dir='ltr'>ὀδύρεται</span> <span class='ocrx_word' id='word_1_748' title='bbox 2748 4615 2838 4669; x_wconf 76' lang='grc' dir='ltr'><strong>τὸν</strong></span> <span class='ocrx_word' id='word_1_749' title='bbox 2896 4613 3118 4670; x_wconf 75' lang='grc' dir='ltr'>θάνατον</span> <span class='ocrx_word' id='word_1_750' title='bbox 3196 4619 3290 4669; x_wconf 83' lang='grc' dir='ltr'>τοῦ</span> <span class='ocrx_word' id='word_1_751' title='bbox 3343 4610 3708 4690; x_wconf 81' lang='grc' dir='ltr'>Σαρπηδόνος.</span> <span class='ocrx_word' id='word_1_752' title='bbox 3777 4623 3833 4675; x_wconf 81' lang='grc' dir='ltr'><strong>Η</strong></span> 
     </span>
    </p>
   </div>
   <div class='ocr_carea' id='block_1_96' title="bbox 437 4700 2099 4784">
    <p class='ocr_par' dir='ltr' id='par_1_96' title="bbox 437 4703 2086 4784">
     <span class='ocr_line' id='line_1_99' title="bbox 437 4703 2086 4784; baseline 0 -17"><span class='ocrx_word' id='word_1_753' title='bbox 437 4706 537 4767; x_wconf 92' lang='lat' dir='ltr'><strong>cui</strong></span> <span class='ocrx_word' id='word_1_754' title='bbox 565 4705 756 4766; x_wconf 90' lang='lat' dir='ltr'><strong>virtus</strong></span> <span class='ocrx_word' id='word_1_755' title='bbox 788 4712 877 4766; x_wconf 88' lang='lat' dir='ltr'><strong>est</strong></span> <span class='ocrx_word' id='word_1_756' title='bbox 907 4721 1087 4778; x_wconf 87' lang='lat' dir='ltr'><strong>curae,</strong></span> <span class='ocrx_word' id='word_1_757' title='bbox 1120 4703 1340 4766; x_wconf 90' lang='lat' dir='ltr'><strong>imitari</strong></span> <span class='ocrx_word' id='word_1_758' title='bbox 1370 4703 1519 4768; x_wconf 86' lang='lat' dir='ltr'><strong>tales</strong></span> <span class='ocrx_word' id='word_1_759' title='bbox 1548 4703 1733 4764; x_wconf 91' lang='lat' dir='ltr'><strong>animi</strong></span> <span class='ocrx_word' id='word_1_760' title='bbox 1766 4704 2086 4784; x_wconf 85' lang='lat' dir='ltr'><strong>perturba-</strong></span> 
     </span>
    </p>
   </div>
   <div class='ocr_carea' id='block_1_97' title="bbox 2184 4700 3831 4784">
    <p class='ocr_par' dir='ltr' id='par_1_97' title="bbox 2184 4700 3831 4782">
     <span class='ocr_line' id='line_1_100' title="bbox 2184 4700 3831 4782; baseline 0.001 -23"><span class='ocrx_word' id='word_1_761' title='bbox 2184 4704 2264 4761; x_wconf 61' lang='grc' dir='ltr'>ὡκ</span> <span class='ocrx_word' id='word_1_762' title='bbox 2308 4704 2449 4762; x_wconf 74' lang='grc' dir='ltr'>ἔστιν</span> <span class='ocrx_word' id='word_1_763' title='bbox 2492 4703 2681 4782; x_wconf 67' lang='grc' dir='ltr'>οὕτως,</span> <span class='ocrx_word' id='word_1_764' title='bbox 2744 4703 2780 4772; x_wconf 70' lang='grc' dir='ltr'><strong>ἢ</strong></span> <span class='ocrx_word' id='word_1_765' title='bbox 2844 4706 2904 4762; x_wconf 75' lang='grc' dir='ltr'>οὗ</span> <span class='ocrx_word' id='word_1_766' title='bbox 2970 4702 3266 4781; x_wconf 81' lang='grc' dir='ltr'>γέγραπται</span> <span class='ocrx_word' id='word_1_767' title='bbox 3322 4700 3377 4758; x_wconf 79' lang='grc' dir='ltr'>ἐν</span> <span class='ocrx_word' id='word_1_768' title='bbox 3432 4702 3554 4766; x_wconf 78' lang='grc' dir='ltr'>τοῖς</span> <span class='ocrx_word' id='word_1_769' title='bbox 3596 4701 3831 4780; x_wconf 86' lang='grc' dir='ltr'>βιϐλίοις</span> 
     </span>
    </p>
   </div>
   <div class='ocr_carea' id='block_1_98' title="bbox 435 4790 2099 4876">
    <p class='ocr_par' dir='ltr' id='par_1_98' title="bbox 435 4791 2087 4876">
     <span class='ocr_line' id='line_1_101' title="bbox 435 4791 2087 4876; baseline 0.001 -20"><span class='ocrx_word' id='word_1_770' title='bbox 435 4794 657 4873; x_wconf 88' lang='lat' dir='ltr'><strong>tiones,</strong></span> <span class='ocrx_word' id='word_1_771' title='bbox 693 4810 799 4856; x_wconf 92' lang='lat' dir='ltr'><strong>cur</strong></span> <span class='ocrx_word' id='word_1_772' title='bbox 828 4811 932 4855; x_wconf 90' lang='lat' dir='ltr'><strong>vos</strong></span> <span class='ocrx_word' id='word_1_773' title='bbox 955 4793 1119 4873; x_wconf 88' lang='lat' dir='ltr'><strong>ipsos</strong></span> <span class='ocrx_word' id='word_1_774' title='bbox 1147 4791 1779 4873; x_wconf 88' lang='lat' dir='ltr'><strong>submittitis,quarum</strong></span> <span class='ocrx_word' id='word_1_775' title='bbox 1804 4793 1919 4876; x_wconf 90' lang='lat' dir='ltr'><strong>ipsi</strong></span> <span class='ocrx_word' id='word_1_776' title='bbox 1948 4814 2087 4857; x_wconf 90' lang='lat' dir='ltr'><strong>con-</strong></span> 
     </span>
    </p>
   </div>
   <div class='ocr_carea' id='block_1_99' title="bbox 2184 4790 3825 4876">
    <p class='ocr_par' dir='ltr' id='par_1_99' title="bbox 2184 4790 3825 4871">
     <span class='ocr_line' id='line_1_102' title="bbox 2184 4790 3825 4871; baseline -0.001 -20"><span class='ocrx_word' id='word_1_777' title='bbox 2184 4802 2316 4871; x_wconf 61' lang='grc' dir='ltr'><strong>δμῶν</strong></span> <span class='ocrx_word' id='word_1_778' title='bbox 2358 4802 2524 4852; x_wconf 79' lang='grc' dir='ltr'>ταῦτα</span> <span class='ocrx_word' id='word_1_779' title='bbox 2552 4796 2617 4851; x_wconf 84' lang='grc' dir='ltr'>τὰ</span> <span class='ocrx_word' id='word_1_780' title='bbox 2660 4794 2897 4870; x_wconf 83' lang='grc' dir='ltr'>μυθικά;</span> <span class='ocrx_word' id='word_1_781' title='bbox 2963 4795 3018 4849; x_wconf 79' lang='grc' dir='ltr'><strong>Εἰ</strong></span> <span class='ocrx_word' id='word_1_782' title='bbox 3066 4792 3122 4848; x_wconf 76' lang='grc' dir='ltr'>δὲ</span> <span class='ocrx_word' id='word_1_783' title='bbox 3174 4793 3330 4856; x_wconf 66' lang='grc' dir='ltr'>αὐτὸς</span> <span class='ocrx_word' id='word_1_784' title='bbox 3390 4790 3614 4851; x_wconf 84' lang='grc' dir='ltr'>Πλάτων</span> <span class='ocrx_word' id='word_1_785' title='bbox 3644 4795 3671 4850; x_wconf 94' lang='lat'><strong>6</strong></span> <span class='ocrx_word' id='word_1_786' title='bbox 3715 4816 3825 4850; x_wconf 81' lang='grc' dir='ltr'>σο-</span> 
     </span>
    </p>
   </div>
   <div class='ocr_carea' id='block_1_100' title="bbox 425 4882 2099 4965">
    <p class='ocr_par' dir='ltr' id='par_1_100' title="bbox 425 4882 2083 4960">
     <span class='ocr_line' id='line_1_103' title="bbox 425 4882 2083 4960; baseline 0.002 -17"><span class='ocrx_word' id='word_1_787' title='bbox 425 4883 569 4946; x_wconf 86' lang='lat' dir='ltr'><strong>.victi</strong></span> <span class='ocrx_word' id='word_1_788' title='bbox 599 4882 1233 4960; x_wconf 84' lang='lat' dir='ltr'><strong>fuerunt,actionibus,</strong></span> <span class='ocrx_word' id='word_1_789' title='bbox 1265 4889 1325 4944; x_wconf 91' lang='lat' dir='ltr'><strong>et</strong></span> <span class='ocrx_word' id='word_1_790' title='bbox 1353 4900 1462 4944; x_wconf 89' lang='lat' dir='ltr'><strong>nos</strong></span> <span class='ocrx_word' id='word_1_791' title='bbox 1492 4900 1597 4944; x_wconf 89' lang='lat' dir='ltr'><strong>eos</strong></span> <span class='ocrx_word' id='word_1_792' title='bbox 1629 4883 1806 4946; x_wconf 87' lang='lat' dir='ltr'><strong>hodie</strong></span> <span class='ocrx_word' id='word_1_793' title='bbox 1834 4884 2083 4948; x_wconf 90' lang='lat' dir='ltr'><strong>adorare</strong></span> 
     </span>
    </p>
   </div>
   <div class='ocr_carea' id='block_1_101' title="bbox 2184 4882 3825 4965">
    <p class='ocr_par' dir='ltr' id='par_1_101' title="bbox 2184 4884 3825 4965">
     <span class='ocr_line' id='line_1_104' title="bbox 2184 4884 3825 4965; baseline -0.001 -24"><span class='ocrx_word' id='word_1_794' title='bbox 2184 4887 2262 4965; x_wconf 69' lang='grc' dir='ltr'><strong>ρὸς</strong></span> <span class='ocrx_word' id='word_1_795' title='bbox 2320 4886 2467 4961; x_wconf 81' lang='grc' dir='ltr'>ὑμῶν</span> <span class='ocrx_word' id='word_1_796' title='bbox 2516 4884 2843 4964; x_wconf 66' lang='grc' dir='ltr'>συγίραφεὺς</span> <span class='ocrx_word' id='word_1_797' title='bbox 2887 4884 3151 4940; x_wconf 79' lang='grc' dir='ltr'>ἀπείπατο</span> <span class='ocrx_word' id='word_1_798' title='bbox 3208 4888 3396 4939; x_wconf 86' lang='grc' dir='ltr'>τοῦτον</span> <span class='ocrx_word' id='word_1_799' title='bbox 3453 4886 3595 4940; x_wconf 82' lang='grc' dir='ltr'>εἶναι</span> <span class='ocrx_word' id='word_1_800' title='bbox 3657 4885 3825 4963; x_wconf 73' lang='grc' dir='ltr'>Θεὸν,</span> 
     </span>
    </p>
   </div>
   <div class='ocr_carea' id='block_1_102' title="bbox 430 4970 3833 5054">
    <p class='ocr_par' dir='ltr' id='par_1_102' title="bbox 430 4970 3833 5054">
     <span class='ocr_line' id='line_1_105' title="bbox 430 4970 3833 5054; baseline 0.015 -63"><span class='ocrx_word' id='word_1_801' title='bbox 430 4971 692 5053; x_wconf 55' lang='lat' dir='ltr'><strong>cogitis?</strong></span> <span class='ocrx_word' id='word_1_802' title='bbox 2165 4977 2252 5035; x_wconf 80' lang='grc' dir='ltr'>καὶ</span> <span class='ocrx_word' id='word_1_803' title='bbox 2304 4972 2728 5054; x_wconf 87' lang='grc' dir='ltr'>παρεκελεύσατο</span> <span class='ocrx_word' id='word_1_804' title='bbox 2784 4971 2987 5048; x_wconf 82' lang='grc' dir='ltr'>μηδένα</span> <span class='ocrx_word' id='word_1_805' title='bbox 3041 4970 3329 5050; x_wconf 80' lang='grc' dir='ltr'>ἀνθρώπων</span> <span class='ocrx_word' id='word_1_806' title='bbox 3403 4972 3597 5050; x_wconf 73' lang='grc' dir='ltr'>ἀρετῆς</span> <span class='ocrx_word' id='word_1_807' title='bbox 3651 4995 3833 5054; x_wconf 80' lang='grc' dir='ltr'>φρον-</span> 
     </span>
    </p>
   </div>
   <div class='ocr_carea' id='block_1_103' title="bbox 430 5061 3836 5143">
    <p class='ocr_par' dir='ltr' id='par_1_103' title="bbox 430 5061 3836 5143">
     <span class='ocr_line' id='line_1_106' title="bbox 430 5061 3836 5143; baseline 0.001 -24"><span class='ocrx_word' id='word_1_808' title='bbox 430 5063 640 5134; x_wconf 84' lang='grc' dir='ltr'>τίζοντα</span> <span class='ocrx_word' id='word_1_809' title='bbox 693 5067 977 5140; x_wconf 81' lang='grc' dir='ltr'>μιμεῖσθαι</span> <span class='ocrx_word' id='word_1_810' title='bbox 1054 5063 1121 5118; x_wconf 81' lang='grc' dir='ltr'><strong>τὰ</strong></span> <span class='ocrx_word' id='word_1_811' title='bbox 1172 5062 1391 5120; x_wconf 72' lang='grc' dir='ltr'>τοιαῦτα</span> <span class='ocrx_word' id='word_1_812' title='bbox 1473 5064 1641 5138; x_wconf 86' lang='grc' dir='ltr'>πάθη,</span> <span class='ocrx_word' id='word_1_813' title='bbox 1701 5063 1838 5123; x_wconf 81' lang='grc' dir='ltr'>διατί</span> <span class='ocrx_word' id='word_1_814' title='bbox 1909 5070 2039 5143; x_wconf 78' lang='grc' dir='ltr'>πρὸς</span> <span class='ocrx_word' id='word_1_815' title='bbox 2098 5071 2159 5135; x_wconf 85' lang='grc' dir='ltr'><strong>ἃς</strong></span> <span class='ocrx_word' id='word_1_816' title='bbox 2233 5067 2381 5125; x_wconf 75' lang='grc' dir='ltr'>αὐτοὶ</span> <span class='ocrx_word' id='word_1_817' title='bbox 2466 5063 2709 5122; x_wconf 67' lang='grc' dir='ltr'>ἑάλωσαν</span> <span class='ocrx_word' id='word_1_818' title='bbox 2769 5061 2979 5139; x_wconf 80' lang='grc' dir='ltr'>πράξεις</span> <span class='ocrx_word' id='word_1_819' title='bbox 3062 5063 3219 5138; x_wconf 83' lang='grc' dir='ltr'>ὑμεῖς</span> <span class='ocrx_word' id='word_1_820' title='bbox 3303 5062 3652 5139; x_wconf 82' lang='grc' dir='ltr'>ὑποκύπτετε,</span> <span class='ocrx_word' id='word_1_821' title='bbox 3728 5081 3836 5135; x_wconf 75' lang='grc' dir='ltr'><strong>καὶ</strong></span> 
     </span>
    </p>
   </div>
   <div class='ocr_carea' id='block_1_104' title="bbox 423 5152 1553 5233">
    <p class='ocr_par' dir='ltr' id='par_1_104' title="bbox 423 5152 1553 5233">
     <span class='ocr_line' id='line_1_107' title="bbox 423 5152 1553 5233; baseline -0.001 -24"><span class='ocrx_word' id='word_1_822' title='bbox 423 5155 575 5229; x_wconf 66' lang='grc' dir='ltr'>ἡμᾶς</span> <span class='ocrx_word' id='word_1_823' title='bbox 605 5152 930 5233; x_wconf 63' lang='grc' dir='ltr'>ἀναγκάζετε</span> <span class='ocrx_word' id='word_1_824' title='bbox 957 5153 1160 5218; x_wconf 85' lang='grc' dir='ltr'>τούτοις</span> <span class='ocrx_word' id='word_1_825' title='bbox 1193 5166 1507 5231; x_wconf 81' lang='grc' dir='ltr'>προσκυνεῖν</span> <span class='ocrx_word' id='word_1_826' title='bbox 1538 5174 1553 5233; x_wconf 65' lang='grc' dir='ltr'><strong><em>ς</em></strong></span> 
     </span>
    </p>
   </div>
   <div class='ocr_carea' id='block_1_105' title="bbox 510 5240 2099 5329">
    <p class='ocr_par' dir='ltr' id='par_1_105' title="bbox 510 5240 2075 5329">
     <span class='ocr_line' id='line_1_108' title="bbox 510 5240 2075 5329; baseline 0.005 -27"><span class='ocrx_word' id='word_1_827' title='bbox 510 5240 714 5303; x_wconf 84' lang='lat' dir='ltr'>XXIII.</span> <span class='ocrx_word' id='word_1_828' title='bbox 749 5241 912 5304; x_wconf 87' lang='lat' dir='ltr'><strong>Dixit</strong></span> <span class='ocrx_word' id='word_1_829' title='bbox 941 5258 1200 5322; x_wconf 78' lang='lat' dir='ltr'><strong>praeses:</strong></span> <span class='ocrx_word' id='word_1_830' title='bbox 1232 5241 1416 5304; x_wconf 90' lang='lat' dir='ltr'><strong>Tuam</strong></span> <span class='ocrx_word' id='word_1_831' title='bbox 1451 5240 1572 5304; x_wconf 84' lang='lat' dir='ltr'><strong>fero</strong></span> <span class='ocrx_word' id='word_1_832' title='bbox 1604 5243 1910 5307; x_wconf 87' lang='lat' dir='ltr'><strong>audaciam</strong></span> <span class='ocrx_word' id='word_1_833' title='bbox 1936 5267 2075 5329; x_wconf 90' lang='lat' dir='ltr'><strong>pro-</strong></span> 
     </span>
    </p>
   </div>
   <div class='ocr_carea' id='block_1_106' title="bbox 2184 5240 3833 5329">
    <p class='ocr_par' dir='ltr' id='par_1_106' title="bbox 2241 5240 3833 5324">
     <span class='ocr_line' id='line_1_109' title="bbox 2241 5240 3833 5324; baseline -0.008 -17"><span class='ocrx_word' id='word_1_834' title='bbox 2241 5245 2437 5307; x_wconf 84' lang='grc' dir='ltr'><strong>ΚΓ’.Ὀ</strong></span> <span class='ocrx_word' id='word_1_835' title='bbox 2467 5244 2650 5323; x_wconf 77' lang='grc' dir='ltr'>ἅρχων</span> <span class='ocrx_word' id='word_1_836' title='bbox 2679 5246 2851 5299; x_wconf 84' lang='grc' dir='ltr'>εἶπεν·</span> <span class='ocrx_word' id='word_1_837' title='bbox 2887 5240 3186 5321; x_wconf 66' lang='grc' dir='ltr'>Ἀνὲχομαί</span> <span class='ocrx_word' id='word_1_838' title='bbox 3214 5263 3311 5300; x_wconf 88' lang='grc' dir='ltr'><strong>σου</strong></span> <span class='ocrx_word' id='word_1_839' title='bbox 3333 5249 3428 5299; x_wconf 82' lang='grc' dir='ltr'>τοῦ</span> <span class='ocrx_word' id='word_1_840' title='bbox 3447 5242 3697 5324; x_wconf 77' lang='grc' dir='ltr'>θράσους,</span> <span class='ocrx_word' id='word_1_841' title='bbox 3718 5246 3796 5302; x_wconf 72' lang='grc' dir='ltr'><strong>Εὖ</strong></span> <span class='ocrx_word' id='word_1_842' title='bbox 3815 5283 3833 5295; x_wconf 93' lang='grc'><strong>.</strong></span> 
     </span>
    </p>
   </div>
   <div class='ocr_carea' id='block_1_107' title="bbox 422 5329 2099 5418">
    <p class='ocr_par' dir='ltr' id='par_1_107' title="bbox 422 5329 2071 5416">
     <span class='ocr_line' id='line_1_110' title="bbox 422 5329 2071 5416; baseline 0.005 -25"><span class='ocrx_word' id='word_1_843' title='bbox 422 5337 558 5416; x_wconf 89' lang='lat' dir='ltr'><strong>pter</strong></span> <span class='ocrx_word' id='word_1_844' title='bbox 582 5349 737 5406; x_wconf 88' lang='lat' dir='ltr'><strong>eam,</strong></span> <span class='ocrx_word' id='word_1_845' title='bbox 767 5347 901 5411; x_wconf 66' lang='lat' dir='ltr'><strong>qua:</strong></span> <span class='ocrx_word' id='word_1_846' title='bbox 933 5329 992 5391; x_wconf 91' lang='lat' dir='ltr'><strong>in</strong></span> <span class='ocrx_word' id='word_1_847' title='bbox 1028 5349 1123 5392; x_wconf 91' lang='lat' dir='ltr'><strong>me</strong></span> <span class='ocrx_word' id='word_1_848' title='bbox 1146 5330 1322 5405; x_wconf 91' lang='lat' dir='ltr'><strong>inest,</strong></span> <span class='ocrx_word' id='word_1_849' title='bbox 1357 5331 1793 5412; x_wconf 86' lang='lat' dir='ltr'><strong>philosophiam</strong></span> <span class='ocrx_word' id='word_1_850' title='bbox 1823 5355 1838 5412; x_wconf 89' lang='lat'><strong>;</strong></span> <span class='ocrx_word' id='word_1_851' title='bbox 1871 5337 1977 5398; x_wconf 91' lang='lat' dir='ltr'><strong>sed</strong></span> <span class='ocrx_word' id='word_1_852' title='bbox 2011 5346 2071 5399; x_wconf 90' lang='lat' dir='ltr'><strong>lu</strong></span> 
     </span>
    </p>
   </div>
   <div class='ocr_carea' id='block_1_108' title="bbox 2184 5329 3829 5418">
    <p class='ocr_par' dir='ltr' id='par_1_108' title="bbox 2184 5329 3829 5418">
     <span class='ocr_line' id='line_1_111' title="bbox 2184 5329 3829 5418; baseline -0.021 1"><span class='ocrx_word' id='word_1_853' title='bbox 2184 5339 2392 5418; x_wconf 67' lang='grc' dir='ltr'><strong>’τράτιευ</strong></span> <span class='ocrx_word' id='word_1_854' title='bbox 2423 5333 2519 5400; x_wconf 50' lang='lat' dir='ltr'><strong>ﬁt;</strong></span> <span class='ocrx_word' id='word_1_855' title='bbox 2565 5329 2867 5410; x_wconf 77' lang='grc' dir='ltr'>προσούσης</span> <span class='ocrx_word' id='word_1_856' title='bbox 2899 5354 2990 5407; x_wconf 80' lang='grc' dir='ltr'><strong>μοι</strong></span> <span class='ocrx_word' id='word_1_857' title='bbox 3031 5329 3209 5389; x_wconf 78' lang='grc' dir='ltr'>ἕνεκεν</span> <span class='ocrx_word' id='word_1_858' title='bbox 3253 5330 3666 5410; x_wconf 78' lang='grc' dir='ltr'>φιλανθρωπίας·</span> <span class='ocrx_word' id='word_1_859' title='bbox 3713 5331 3829 5391; x_wconf 82' lang='grc' dir='ltr'><strong>λέ-</strong></span> 
     </span>
    </p>
   </div>
   <div class='ocr_carea' id='block_1_109' title="bbox 422 5418 2099 5508">
    <p class='ocr_par' dir='ltr' id='par_1_109' title="bbox 422 5419 2072 5504">
     <span class='ocr_line' id='line_1_112' title="bbox 422 5419 2072 5504; baseline 0.005 -23"><span class='ocrx_word' id='word_1_860' title='bbox 422 5438 663 5501; x_wconf 88' lang='lat' dir='ltr'><strong>quoque</strong></span> <span class='ocrx_word' id='word_1_861' title='bbox 686 5419 783 5482; x_wconf 91' lang='lat' dir='ltr'><strong>dic</strong></span> <span class='ocrx_word' id='word_1_862' title='bbox 811 5419 982 5496; x_wconf 88' lang='lat' dir='ltr'><strong>mihi,</strong></span> <span class='ocrx_word' id='word_1_863' title='bbox 1021 5438 1197 5500; x_wconf 88' lang='lat' dir='ltr'><strong>quem</strong></span> <span class='ocrx_word' id='word_1_864' title='bbox 1236 5430 1294 5482; x_wconf 91' lang='lat' dir='ltr'><strong>tu</strong></span> <span class='ocrx_word' id='word_1_865' title='bbox 1346 5420 1493 5483; x_wconf 90' lang='lat' dir='ltr'><strong>colis</strong></span> <span class='ocrx_word' id='word_1_866' title='bbox 1524 5422 1735 5497; x_wconf 88' lang='lat' dir='ltr'><strong>Deum,</strong></span> <span class='ocrx_word' id='word_1_867' title='bbox 1771 5426 2072 5504; x_wconf 89' lang='lat' dir='ltr'><strong>quomodo</strong></span> 
     </span>
    </p>
   </div>
   <div class='ocr_carea' id='block_1_110' title="bbox 2184 5418 3834 5508">
    <p class='ocr_par' dir='ltr' id='par_1_110' title="bbox 2184 5418 3834 5502">
     <span class='ocr_line' id='line_1_113' title="bbox 2184 5418 3834 5502; baseline -0.001 -18"><span class='ocrx_word' id='word_1_868' title='bbox 2184 5452 2217 5485; x_wconf 76' lang='grc' dir='ltr'>νε</span> <span class='ocrx_word' id='word_1_869' title='bbox 2242 5427 2333 5484; x_wconf 79' lang='grc' dir='ltr'><strong>οὗν</strong></span> <span class='ocrx_word' id='word_1_870' title='bbox 2365 5427 2502 5499; x_wconf 75' lang='grc' dir='ltr'>ἡμῖν</span> <span class='ocrx_word' id='word_1_871' title='bbox 2533 5423 2621 5477; x_wconf 80' lang='grc' dir='ltr'>καὶ</span> <span class='ocrx_word' id='word_1_872' title='bbox 2654 5421 2742 5502; x_wconf 83' lang='grc' dir='ltr'>σὺ,</span> <span class='ocrx_word' id='word_1_873' title='bbox 2774 5421 2919 5485; x_wconf 83' lang='grc' dir='ltr'>ὅστις</span> <span class='ocrx_word' id='word_1_874' title='bbox 2956 5422 3188 5502; x_wconf 81' lang='grc' dir='ltr'>ὑπάρχει</span> <span class='ocrx_word' id='word_1_875' title='bbox 3220 5423 3279 5478; x_wconf 84' lang='grc' dir='ltr'>ὃν</span> <span class='ocrx_word' id='word_1_876' title='bbox 3308 5418 3448 5478; x_wconf 80' lang='grc' dir='ltr'>σέϐει</span> <span class='ocrx_word' id='word_1_877' title='bbox 3494 5425 3647 5499; x_wconf 88' lang='grc' dir='ltr'>Θεὸν,</span> <span class='ocrx_word' id='word_1_878' title='bbox 3696 5429 3834 5496; x_wconf 78' lang='grc' dir='ltr'>πῶς</span> 
     </span>
    </p>
   </div>
   <div class='ocr_carea' id='block_1_111' title="bbox 420 5508 2099 5597">
    <p class='ocr_par' dir='ltr' id='par_1_111' title="bbox 420 5508 2069 5592">
     <span class='ocr_line' id='line_1_114' title="bbox 420 5508 2069 5592; baseline 0.004 -21"><span class='ocrx_word' id='word_1_879' title='bbox 420 5527 560 5571; x_wconf 88' lang='lat' dir='ltr'><strong>enm</strong></span> <span class='ocrx_word' id='word_1_880' title='bbox 592 5516 751 5572; x_wconf 91' lang='lat' dir='ltr'><strong>esset</strong></span> <span class='ocrx_word' id='word_1_881' title='bbox 779 5509 979 5584; x_wconf 88' lang='lat' dir='ltr'><strong>homo,</strong></span> <span class='ocrx_word' id='word_1_882' title='bbox 1016 5508 1429 5591; x_wconf 85' lang='lat' dir='ltr'><strong>deductusque</strong></span> <span class='ocrx_word' id='word_1_883' title='bbox 1453 5509 1632 5572; x_wconf 75' lang='lat' dir='ltr'><strong>fuerit</strong></span> <span class='ocrx_word' id='word_1_884' title='bbox 1653 5511 1727 5573; x_wconf 90' lang='lat' dir='ltr'><strong>ad</strong></span> <span class='ocrx_word' id='word_1_885' title='bbox 1752 5514 2069 5592; x_wconf 80' lang='lat' dir='ltr'><strong>judicium,</strong></span> 
     </span>
    </p>
   </div>
   <div class='ocr_carea' id='block_1_112' title="bbox 2184 5508 3819 5597">
    <p class='ocr_par' dir='ltr' id='par_1_112' title="bbox 2184 5511 3819 5597">
     <span class='ocr_line' id='line_1_115' title="bbox 2184 5511 3819 5597; baseline -0.001 -23"><span class='ocrx_word' id='word_1_886' title='bbox 2184 5522 2429 5597; x_wconf 77' lang='grc' dir='ltr'>ινθρωπος</span> <span class='ocrx_word' id='word_1_887' title='bbox 2477 5512 2572 5588; x_wconf 79' lang='grc' dir='ltr'>ὢν,</span> <span class='ocrx_word' id='word_1_888' title='bbox 2622 5512 2708 5568; x_wconf 84' lang='grc' dir='ltr'>καὶ</span> <span class='ocrx_word' id='word_1_889' title='bbox 2749 5513 2851 5569; x_wconf 77' lang='grc' dir='ltr'><strong>ὑπὸ</strong></span> <span class='ocrx_word' id='word_1_890' title='bbox 2908 5511 3059 5580; x_wconf 86' lang='grc' dir='ltr'>δίκην</span> <span class='ocrx_word' id='word_1_891' title='bbox 3106 5513 3289 5593; x_wconf 74' lang='grc' dir='ltr'>ἀχθεὶς</span> <span class='ocrx_word' id='word_1_892' title='bbox 3337 5514 3421 5569; x_wconf 82' lang='grc' dir='ltr'><strong>καὶ</strong></span> <span class='ocrx_word' id='word_1_893' title='bbox 3464 5516 3819 5597; x_wconf 72' lang='grc' dir='ltr'>σταυρωθεὶς,</span> 
     </span>
    </p>
   </div>
   <div class='ocr_carea' id='block_1_113' title="bbox 417 5598 2099 5685">
    <p class='ocr_par' dir='ltr' id='par_1_113' title="bbox 417 5598 2069 5685">
     <span class='ocr_line' id='line_1_116' title="bbox 417 5598 2069 5685; baseline 0.003 -22"><span class='ocrx_word' id='word_1_894' title='bbox 417 5599 575 5663; x_wconf 89' lang='lat' dir='ltr'><strong>etin</strong></span> <span class='ocrx_word' id='word_1_895' title='bbox 602 5617 844 5666; x_wconf 89' lang='lat' dir='ltr'><strong>crucem</strong></span> <span class='ocrx_word' id='word_1_896' title='bbox 871 5607 1061 5677; x_wconf 83' lang='lat' dir='ltr'><strong>actus,</strong></span> <span class='ocrx_word' id='word_1_897' title='bbox 1092 5598 1256 5663; x_wconf 87' lang='lat' dir='ltr'><strong>Deus</strong></span> <span class='ocrx_word' id='word_1_898' title='bbox 1312 5617 1447 5662; x_wconf 87' lang='lat' dir='ltr'><strong>esse</strong></span> <span class='ocrx_word' id='word_1_899' title='bbox 1495 5608 1584 5662; x_wconf 92' lang='lat' dir='ltr'><strong>est</strong></span> <span class='ocrx_word' id='word_1_900' title='bbox 1614 5619 1650 5662; x_wconf 92' lang='lat' dir='ltr'><strong>a</strong></span> <span class='ocrx_word' id='word_1_901' title='bbox 1693 5602 1864 5665; x_wconf 89' lang='lat' dir='ltr'><strong>vobis</strong></span> <span class='ocrx_word' id='word_1_902' title='bbox 1894 5615 2069 5685; x_wconf 90' lang='lat' dir='ltr'><strong>puta-</strong></span> 
     </span>
    </p>
   </div>
   <div class='ocr_carea' id='block_1_114' title="bbox 2184 5598 3824 5685">
    <p class='ocr_par' dir='ltr' id='par_1_114' title="bbox 2184 5600 3824 5682">
     <span class='ocr_line' id='line_1_117' title="bbox 2184 5600 3824 5682; baseline -0.001 -21"><span class='ocrx_word' id='word_1_903' title='bbox 2184 5610 2284 5671; x_wconf 60' lang='grc' dir='ltr'>νεὸς</span> <span class='ocrx_word' id='word_1_904' title='bbox 2326 5608 2456 5679; x_wconf 78' lang='grc' dir='ltr'>ὑμῖν</span> <span class='ocrx_word' id='word_1_905' title='bbox 2487 5600 2817 5681; x_wconf 87' lang='grc' dir='ltr'>νενόμισται,</span> <span class='ocrx_word' id='word_1_906' title='bbox 2867 5602 2928 5661; x_wconf 83' lang='grc' dir='ltr'>Ὀ</span> <span class='ocrx_word' id='word_1_907' title='bbox 2989 5600 3141 5682; x_wconf 77' lang='grc' dir='ltr'>ἅγιος</span> <span class='ocrx_word' id='word_1_908' title='bbox 3177 5602 3494 5681; x_wconf 78' lang='grc' dir='ltr'>Εὑστράτιος</span> <span class='ocrx_word' id='word_1_909' title='bbox 3526 5605 3709 5661; x_wconf 81' lang='grc' dir='ltr'>εἶπεν·</span> <span class='ocrx_word' id='word_1_910' title='bbox 3748 5610 3824 5667; x_wconf 80' lang='grc' dir='ltr'><strong>Εἰ</strong></span> 
     </span>
    </p>
   </div>
   <div class='ocr_carea' id='block_1_115' title="bbox 410 5685 2099 5778">
    <p class='ocr_par' dir='ltr' id='par_1_115' title="bbox 410 5685 2072 5778">
     <span class='ocr_line' id='line_1_118' title="bbox 410 5685 2072 5778; baseline 0.005 -26"><span class='ocrx_word' id='word_1_911' title='bbox 410 5687 564 5778; x_wconf 56' lang='lat' dir='ltr'><strong>tua?</strong></span> <span class='ocrx_word' id='word_1_912' title='bbox 610 5691 861 5755; x_wconf 88' lang='lat' dir='ltr'><strong>Sanctus</strong></span> <span class='ocrx_word' id='word_1_913' title='bbox 909 5687 1056 5751; x_wconf 81' lang='lat' dir='ltr'><strong>dixit</strong></span> <span class='ocrx_word' id='word_1_914' title='bbox 1100 5685 1475 5754; x_wconf 88' lang='lat' dir='ltr'><strong>Eustratius:</strong></span> <span class='ocrx_word' id='word_1_915' title='bbox 1530 5688 1596 5752; x_wconf 91' lang='lat' dir='ltr'><strong>Si</strong></span> <span class='ocrx_word' id='word_1_916' title='bbox 1629 5709 1724 5753; x_wconf 92' lang='lat' dir='ltr'><strong>me</strong></span> <span class='ocrx_word' id='word_1_917' title='bbox 1774 5696 2072 5775; x_wconf 87' lang='lat' dir='ltr'><strong>patienter</strong></span> 
     </span>
    </p>
   </div>
   <div class='ocr_carea' id='block_1_116' title="bbox 2184 5685 3830 5778">
    <p class='ocr_par' dir='ltr' id='par_1_116' title="bbox 2184 5692 3830 5777">
     <span class='ocr_line' id='line_1_119' title="bbox 2184 5692 3830 5777; baseline -0.001 -22"><span class='ocrx_word' id='word_1_918' title='bbox 2184 5696 2498 5777; x_wconf 77' lang='grc' dir='ltr'>τροστάττεις</span> <span class='ocrx_word' id='word_1_919' title='bbox 2576 5692 2672 5749; x_wconf 78' lang='grc' dir='ltr'>καί</span> <span class='ocrx_word' id='word_1_920' title='bbox 2754 5692 3079 5761; x_wconf 77' lang='grc' dir='ltr'>ἀνεξικάκως</span> <span class='ocrx_word' id='word_1_921' title='bbox 3154 5692 3387 5771; x_wconf 83' lang='grc' dir='ltr'>ἀκούεις,</span> <span class='ocrx_word' id='word_1_922' title='bbox 3452 5693 3830 5775; x_wconf 76' lang='grc' dir='ltr'>ἒρωτήσωμεν</span> 
     </span>
    </p>
   </div>
  </div>
