2066 3223
233 201 292 235 495
886 201 1027 235 MENSIS
1049 201 1063 232 I

1107 201 1265 234 IEMBER.
1875 206 1932 239 496

233 273 364 315 ceptum,
384 273 413 302 et
437 269 584 302 dedecore
597 269 717 301 afﬁcere
740 269 1010 310 adversarium,qui
1035 271 1062 300 ei

1107 271 1202 298 στᾶτου
1224 272 1266 299 καὶ
1295 275 1412 311 πονηροῦ
1441 271 1576 312 δαίμονος,
1603 273 1648 301 καὶ
1677 273 1763 301 πάντα
1794 286 1930 314 μηγανω-

236 314 389 347 invidebat
413 319 535 356 propter
550 315 697 355 insignem
708 315 853 345 honorem
873 315 915 346 :si
930 315 996 352 hoc,
1015 314 1063 344 in-

1109 315 1189 352 μένου
1219 315 1278 343 κατ’
1307 318 1396 356 αὐτοῦ,
1430 315 1527 354 δυνηθῇ
1555 319 1568 345 6
1590 317 1693 356 πρῶτος
1722 314 1857 357 ἄνθρωπος
1887 320 1932 348 οὖ-

235 369 337 400 quam,
353 360 462 391 factum
489 364 577 397 esset,
595 360 683 390 homo
714 363 794 390 esset
807 358 994 395 immortalis,
1011 359 1067 390 de-

235 405 348 444 gensin
361 405 565 444 corruptione.
579 403 632 435 Sin
644 403 754 441 minus,
768 413 827 435 non
838 404 988 435 sineretur
1002 412 1048 434 am
1058 421 1068 426 -

235 449 312 489 plius
337 458 403 480 esse
433 449 464 480 in
494 449 643 489 paradiso,
671 449 723 479 sed
739 458 774 479 ex
790 458 826 479 eo
842 449 1067 485 exterminatus,

236 494 346 525 viveret
357 498 387 525 et
400 497 578 525 moreretur.
595 493 686 524 Malus
699 502 768 533 ergo
783 494 911 531 daemon,
923 493 975 533 qui
992 493 1022 523 in
1029 495 1069 523 vi-

234 538 284 569 dia
300 538 454 570 ferebatur
471 542 501 570 in
517 539 684 576 hominem,
701 540 731 569 in
748 548 816 570 eum
834 538 922 569 variis
938 548 1009 569 usus
1024 540 1069 569 est

235 583 407 624 praestigiis,
424 588 454 615 et
468 593 537 615 cum
563 593 621 624 ope
636 584 786 624 serpentis
810 583 979 624 decepisset
993 592 1070 614 uxo-

233 636 297 659 rem
315 628 404 669 primi
429 628 571 666 hominis,
592 637 645 669 per
660 637 725 659 eam
755 629 852 669 ipsum
877 637 996 669 quoque
1022 628 1072 658 in-

235 673 329 712 duxit,
344 677 375 704 ut
403 677 587 715 praeceptum
605 673 781 711 transiliret,
800 677 832 704 ut
847 673 911 714 ipse
927 673 994 704 ideo
1017 682 1070 704 ex-

235 718 339 759 pulsus
350 727 386 750 ex
399 719 535 760 paradiso
551 728 568 750 a
578 719 640 750 Deo
653 718 1071 759 omnipotente,deduCeretur

234 762 272 795 ad
288 762 406 795 labores
430 763 575 795 sudorum
594 768 624 795 et
637 763 805 795 interitum.
822 762 957 795 Obtinuit
971 766 1070 803 itaque

237 808 386 848 malignus
401 809 566 846 victoriam,
580 808 631 849 qui
646 808 838 848 gloriabatur,
857 808 935 848 quod
951 811 1072 848 propter

236 862 303 884 eam
340 854 519 885 sententiam
547 853 700 885 hominem
727 853 890 893 accepisset
916 853 1070 883 redactum

235 896 267 929 in
283 906 365 929 suam
378 901 554 938 potestatem
568 908 575 928 :
593 902 623 929 et
639 907 707 929 cum
718 897 756 928 de
771 902 881 928 caetero
895 897 1070 938 multiplica-

1109 370 1155 391 τος
1178 360 1216 397 μὴ
1239 360 1390 399 παραϐῆναι
1419 361 1468 395 τὴν
1495 361 1606 390 ἒντολίν
1639 363 1687 396 τὴν
1714 362 1836 391 δοθεῖσαν
1866 364 1935 401 αὒτῷ

1111 404 1182 443 παρὰ
1204 409 1250 434 τοῦ
1273 409 1347 440 Θεοῦ,
1381 406 1423 433 καὶ
1444 407 1612 446 καταισχύνῃ
1644 409 1689 434 τὸν
1718 407 1861 437 ἀντίπαλον
1892 410 1935 437 τὸν

1112 450 1281 488 φθονήσειν-τα
1318 450 1388 487 αὒτῷ
1423 449 1464 478 διὰ
1507 451 1556 484 τὴν
1593 451 1807 490 ὑπερϐάλλουσαν
1843 454 1933 494 τιμὴν,

1111 495 1147 525 ὡς
1178 494 1199 521 εἷ
1227 495 1320 523 τούτου
1349 495 1502 534 γενομένου,
1519 495 1648 525 ἀθάνατον
1672 497 1742 525 εἶναι
1768 498 1812 525 τὸν
1834 497 1934 538 ἔίνθρω-

1112 549 1173 576 τιον⁷
1205 537 1230 566 ἐν
1254 539 1382 578 ἀφθαρσίᾳ
1418 539 1602 577 διαιτώμενον·
1636 542 1657 569 εἷ
1693 540 1720 569 δὲ
1749 542 1786 578 μή
1819 553 1861 580 γε,
1891 545 1936 572 οὒκ

1113 583 1151 611 ἔτι
1174 583 1263 612 ἐᾶσθαι
1287 585 1364 613 αὐτὸν
1388 584 1414 612 ἐν
1436 586 1474 622 τῷ
1504 584 1665 625 παραδείσὼ,
1689 587 1760 614 εἶναι
1790 585 1849 614 ἀλλ’
1877 586 1936 620 ἑξο-

1115 628 1235 666 ρισθέντα
1259 629 1333 667 βιοῦν
1360 629 1403 657 καὶ
1432 629 1618 664 ἀποθνήσκειν.
1649 632 1679 659 '0
1709 631 1753 659 οὖν
1784 631 1934 669 ἀντικείμε-

1114 684 1157 705 νος
1183 672 1293 713 δαίμων,
1316 674 1402 713 φθὸνῳ
1431 674 1497 702 κατὰ
1529 676 1575 702 τοῦ
1607 675 1744 714 ἀνθρώπου
1780 676 1934 715 φερόμενος,

1113 718 1246 748 ποικίλαις
1276 719 1449 757 μαγγανείαις
1482 719 1542 747 κατ’
1577 721 1655 748 αὒτοῦ
1685 720 1799 760 ἐχρῆτο⁷
1822 721 1864 748 καὶ
1895 720 1936 749 διὰ

1113 763 1248 802 συνεργίας
1289 774 1334 791 του
1370 762 1455 802 ὄφεως
1492 763 1631 799 ἀπατήσας
1669 765 1717 798 τήν
1750 770 1864 804 γυναῖκα
1892 770 1937 794 τοῦ

1111 807 1335 847 πρωτοπλάστου,
1365 806 1399 835 δι’
1429 808 1511 841 uina:
1542 809 1682 848 παρήγαγε
1710 811 1753 837 καὶ
1783 809 1861 838 αὖτὸν
1884 822 1939 839 πα-

1112 851 1223 891 ραϐῆναι
1250 852 1298 886 τὴν
1326 851 1449 887 ἐντολήν·
1473 854 1510 885 ὡς
1543 852 1659 882 ἐντεῦθεν
1679 852 1810 893 ἐξόριστον
1831 855 1942 894 γενόμε-

1111 909 1154 926 νον
1185 901 1232 925 τοῦ
1261 896 1417 936 παραδείσου
1439 898 1488 925 ὑπὸ
1519 900 1564 925 τοῦ
1594 901 1808 938 Παντοκρατορος
1831 901 1868 932 εἰς
1889 901 1941 928 κό-

236 945 298 973 tum
315 947 395 974 esset
410 952 505 982 genus
533 942 702 980 hominum,
718 942 744 973 is
761 946 899 983 tanquam
927 946 1063 982 tyrannus

1112 953 1177 974 πους
1208 940 1325 980 ἱδρώτων
1346 942 1389 970 καὶ
1420 941 1516 981 φθορὰν
1546 942 1675 982 ἀχθῆναι,
1701 943 1802 983 Εἴχετο
1825 945 1868 973 οὖν
1890 946 1942 979 τῆς

235 996 355 1019 omnem
372 988 502 1018 animam
518 988 634 1027 redegit
649 988 680 1018 in
696 987 881 1019 servitutem.

1110 987 1184 1020 νίκης
1215 987 1228 1014 ὸ
1257 986 1374 1022 πονηρὸς
1410 987 1452 1014 καὶ
1489 986 1653 1026 ἐνεκαυχᾶτο
1688 987 1731 1015 ἐπὶ
1759 990 1793 1023 τῆ
1830 990 1939 1030 τοιαύτῃ

233 1031 393 1072 παραϐάσει,
410 1033 445 1066 ὡς
473 1032 625 1065 ὑπεξούσιον
640 1032 728 1061 λαϐὼν
751 1034 796 1061 τὸν
826 1032 975 1072 ἄνθρωπον·
1005 1034 1049 1061 καὶ
1071 1032 1166 1061 λοιπὸν
1196 1030 1374 1064 πλήθύνοντος
1397 1036 1443 1060 τοῦ
1472 1031 1561 1070 γένους
1592 1033 1644 1060 τῶν
1671 1033 1825 1072 ἀνθρώπων,
1844 1035 1937 1071 ὥσπερ

233 1077 358 1117 τύραννος
374 1081 462 1106 πᾶσαν
477 1076 694 1106 κατεδουλώσατο
710 1078 814 1117 ψυχὴν,
831 1078 875 1106 καὶ
895 1078 930 1110 είς
946 1077 1082 1106 ἀπώλειαν
1099 1077 1250 1117 διέφθειρεντ

275 1121 368 1154 XXV.
382 1122 456 1154 Cum
468 1121 569 1162 itaque
579 1121 601 1153 ii
613 1122 642 1153 in
661 1121 784 1153 multam
801 1121 874 1162 lapsi
887 1125 989 1153 essent
1004 1122 1063 1152 im-

235 1166 388 1207 pietatem,
417 1167 612 1198 innndatione
638 1166 718 1198 Deus
743 1166 887 1197 mundum
918 1166 1059 1206 perdidit.

234 1211 426 1243 Conservavit
451 1217 553 1243 autem
569 1210 632 1243 Noe
646 1210 804 1252 quemdam
824 1211 917 1242 virum
931 1212 1057 1251 justum,

235 1256 285 1297 qui
301 1256 443 1297 praeclare
464 1257 630 1288 decertavit
644 1256 786 1288 adversus
803 1255 962 1295 malignum
980 1256 1059 1287 hunc

234 1301 414 1340 daemonem,
432 1306 461 1334 et
484 1311 545 1333 non
562 1302 615 1333 fuit
628 1301 665 1333 ab
692 1311 727 1332 eo
742 1301 864 1332 omnino
888 1306 1056 1341 superatus,

234 1347 265 1377 in
287 1356 355 1378 arca
371 1346 468 1386 lignea
483 1356 551 1378 cum
581 1355 673 1378 uxore
689 1349 719 1378 et
733 1345 846 1377 liberis.
864 1346 937 1377 Cum
953 1355 1058 1376 rursus

1150 1113 1214 1160 lilii,
1246 1113 1335 1158 ποθεν,
1373 1123 1434 1159 περὶ
1468 1121 1570 1153 πολλὰς
1613 1121 1746 1153 ἀπωλείας
1783 1122 1937 1155 ἐξοχειλάν-

1105 1178 1156 1195 των
1201 1168 1297 1205 οιῦτῷν⁷
1333 1166 1512 1203 κατακλυσμῷ
1550 1166 1597 1199 τὴν
1642 1169 1693 1205 γῆν
1730 1167 1874 1196 ἑσκέπασεν
1916 1171 1931 1196 6

1104 1212 1181 1248 Θεὸς,
1209 1211 1340 1242 ἀπολέσας
1364 1214 1450 1239 πᾶσαν
1480 1211 1572 1250 ψυχὴν
1599 1214 1697 1246 ζῶσαν,
1729 1215 1785 1241 Νῶε
1817 1212 1843 1240 δέ
1871 1223 1931 1241 τινα

1102 1255 1192 1296 ἄνδρα,
1225 1256 1335 1294 δίκαιον⁷
1366 1255 1456 1287 καλῶς
1485 1255 1684 1294 ἀγωνισάμενον
1712 1257 1777 1284 κατὰ
1805 1257 1851 1285 τοῦ
1878 1269 1930 1286 πο-

1100 1306 1183 1339 νηροῦ
1211 1301 1302 1328 τού-[ου
1332 1298 1456 1337 δαίμονος
1486 1300 1527 1328 καί
1558 1300 1596 1337 μὴ
1621 1300 1778 1338 ἡττηθέντα,
1805 1300 1933 1341 διεφύλα-

1101 1344 1142 1377 ξεν
1170 1346 1183 1373 6
1222 1345 1285 1376 Θεὸς
1318 1344 1344 1372 ἐν
1367 1344 1477 1384 λάρνακι
1513 1343 1601 1382 ξυλίνῃ
1630 1346 1697 1382 μετὰ
1726 1347 1850 1385 γυναικὸς
1886 1348 1934 1375 καὶ

234 1400 302 1422 vero
319 1392 500 1423 restituisset
514 1401 634 1423 omnem
651 1395 761 1422 terram
778 1391 809 1421 in
825 1390 984 1431 pristinum
1001 1395 1057 1421 sla-

1107 1390 1212 1421 τέκνων,
1245 1389 1488 1423 Ἀποκαταστήσας
1524 1388 1551 1417 δὲ
1581 1389 1658 1417 πάλιν
1688 1393 1776 1419 πᾶσαν
1800 1391 1850 1424 τὴν
1880 1392 1934 1431 γῆν

233 1440 308 1474 tum,
326 1440 463 1477 tanquam
480 1437 572 1468 civem
596 1435 755 1477 quemdam
774 1435 914 1468 victorem
943 1444 1010 1466 eum
1027 1435 1056 1466 in

1107 1436 1136 1467 εἰς
1166 1436 1197 1463 ’τὸ
1221 1435 1337 1474 ἀρχαῖον
1362 1437 1470 1475 σχῆμα,
1501 1434 1573 1473 ὥπερ
1598 1435 1656 1462 τινὰ
1683 1435 1798 1469 πολίτην
1821 1437 1937 1470 νικητήν

235 1485 316 1512 terra
331 1481 443 1522 posuit.
468 1480 654 1513 Procedente
681 1484 781 1511 autem
811 1484 955 1520 tempore,
989 1489 1055 1510 cum

1107 1484 1194 1509 τοῦτον
1217 1480 1289 1511 αὖθις
1306 1479 1333 1507 ἐν
1358 1482 1392 1517 τῇ
1416 1482 1451 1519 γῇ
1473 1479 1557 1517 ἔθετο,
1578 1480 1626 1508 Καὶ
1656 1479 1688 1513 δὴ
1715 1481 1822 1520 χρόνοις
1849 1481 1935 1510 ὕστε-

233 1535 339 1557 rursus
354 1526 627 1567 multiplicarentur
651 1526 803 1566 homines,
821 1525 917 1556 omnis
934 1525 1059 1565 profecit

1107 1537 1146 1565 ρον
1188 1524 1375 1558 πληθυνόντων
1416 1527 1469 1552 τῶν
1512 1524 1667 1564 ἀνθρώπων,
1708 1528 1781 1553 πᾶσα
1823 1526 1935 1555 ἀσέϐεια

233 1570 382 1611 impietas,
400 1575 429 1602 et
456 1580 562 1602 omnes
590 1570 786 1602 vincebantur
815 1579 832 1600 a
857 1570 999 1610 peccatis,
1029 1574 1058 1600 et

1107 1570 1262 1608 προέκοτιτε,
1279 1570 1321 1597 καὶ
1347 1569 1442 1601 πάντες
1471 1569 1624 1608 ἒχειροῦντο
1649 1575 1708 1601 τοῖς
1738 1570 1928 1608 ἁμαρτήμασι,

234 1616 324 1646 morti
352 1615 601 1656 subjiciebantur,
617 1619 647 1646 et
679 1615 768 1646 vincti
785 1614 963 1646 tenebantur
978 1615 1056 1655 apud

1107 1615 1144 1642 ιαὶ
1171 1615 1305 1652 ὑπήγοντο
1321 1617 1358 1650 τῷ
1380 1613 1495 1649 θανάτῳ,
1519 1613 1561 1640 καὶ
1588 1614 1615 1639 ἒν
1630 1615 1668 1649 τῷ
1689 1612 1739 1650 ᾅδῃ
1770 1614 1933 1653 κατείχοντο

233 1660 357 1699 inferos,
374 1660 411 1691 ad
438 1660 590 1692 interitum
607 1660 765 1691 examinati
795 1669 812 1690 a
838 1660 967 1698 maligno
995 1659 1058 1689 dae-

1107 1658 1214 1696 ἳέσμιοι,
1239 1657 1393 1694 ἐταζόμενοι
1423 1658 1459 1688 εἰς
1486 1656 1621 1684 ἀπώλειαν
1651 1657 1702 1684 ὑπὸ
1737 1661 1783 1685 τοῦ
1812 1663 1932 1697 πονηροῦ

234 1714 337 1736 mone.
354 1705 489 1736 Misertus
503 1710 600 1736 autem
622 1704 713 1743 Deus,
731 1704 780 1745 qui
796 1714 849 1735 nos
864 1703 1011 1741 formavit,
1030 1707 1059 1734 et

1107 1703 1192 1732 τούτου
1211 1701 1344 1730 διαϐόλου.
1373 1700 1588 1740 Επλαγχνισθείς
1615 1702 1658 1729 οὖν
1684 1702 1697 1729 6
1723 1701 1827 1734 πλάσας
1855 1704 1930 1741 ἡμᾶς

234 1759 294 1780 non
319 1750 444 1790 amplius
459 1750 561 1781 volens
587 1750 662 1790 quod
679 1759 695 1781 a
711 1759 743 1781 se
766 1750 875 1780 factum
891 1753 954 1780 erat
983 1757 1058 1788 opus

1107 1748 1180 1787 θεὸς⁷
1195 1748 1238 1775 καὶ
1269 1745 1366 1784 μηκέτι
1382 1746 1423 1774 ἐπὶ
1446 1746 1512 1774 πολὺ
1528 1745 1649 1785 παριδεῖν
1672 1746 1767 1775 ἐθέλων
1781 1748 1811 1775 τὸ
1836 1748 1934 1777 ἑαυτοῦ

236 1794 406 1834 despicere,
420 1795 549 1835 primum
561 1794 680 1835 quidem
692 1794 802 1825 Graecis
817 1794 894 1825 hanc
909 1793 1059 1824 concessit

1107 1793 1216 1830 ποίημα,
1233 1795 1337 1831 πρῶτον
1367 1792 1511 1832 ἐχαρίσατο
1534 1793 1584 1826 τὴν
1613 1793 1715 1821 σύνεσιν
1740 1793 1838 1827 ταύτην
1867 1801 1930 1827 τοῖς

234 1839 424 1879 sapientiam,
440 1843 472 1869 ut
486 1839 618 1870 immotis
633 1840 741 1870 animm
756 1838 850 1870 oculis
864 1840 1059 1878 agnoscerent

1108 1837 1244 1878 Ἐλλησιν,
1260 1838 1286 1865 εἴ
1306 1849 1359 1869 πως
1382 1837 1488 1868 ἁκλινετ
1509 1840 1547 1874 τῷ
1562 1837 1610 1871 τῆς
1629 1839 1721 1877 ψυχῆς
1737 1838 1837 1876 ὄμματι
1863 1840 1928 1867 επι-

234 1883 328 1914 Deum
347 1884 628 1924 omnipotentem,et
641 1888 817 1924 superarent
828 1884 994 1913 daemonem
1008 1882 1059 1912 ad-

1107 1886 1183 1923 γνῶσι
1220 1884 1266 1912 τὸν
1293 1884 1375 1920 μόνον
1411 1883 1610 1923 παντοκράτορα
1633 1885 1711 1921 Θεὸν²
1741 1885 1782 1911 καὶ
1817 1884 1931 1924 περιγέ-

234 1928 408 1960 versarium.
428 1929 462 1960 Hi
478 1940 559 1969 ergo,
579 1935 607 1960 et
624 1930 648 1960 si
667 1930 720 1960 visi
738 1932 807 1959 sunt
819 1928 971 1968 paululum
988 1926 1059 1958 resi-

1107 1940 1198 1957 νωνται
1233 1932 1281 1957 τοῦ
1309 1928 1531 1967 ἀντιτεταγμένου
1562 1926 1696 1965 δαίμονος.
1728 1929 1806 1957 Οὗτοι
1835 1928 1874 1966 δὲ,
1905 1930 1932 1957 εἰ

234 1974 362 2014 piscere,
385 1978 414 2005 et
433 1980 548 2005 rectum
578 1976 633 2005 iter
660 1974 776 2014 pietatis
801 1972 966 2012 attendere,
990 1981 1057 2003 cum

1107 1974 1144 2002 ιαὶ
1173 1973 1263 2006 ἔδοξαν
1298 1973 1394 2013 μιγρὸν
1424 1984 1448 2001 τι
1490 1972 1616 2009 διανῆψαι
1646 1973 1690 2001 καὶ
1726 1973 1865 2007 ἐπιστῆναι
1892 1977 1932 2012 τῇ

235 2024 333 2049 tamen
349 2023 488 2059 tanquam
500 2020 529 2049 in
547 2020 652 2050 umbra
668 2019 765 2049 verbis
781 2018 875 2048 solum
892 2017 1057 2058 apprehen-

1107 2018 1222 2047 ἐοσεϐετ
1248 2018 1352 2058 πορείᾳ,
1380 2017 1439 2046 ἀλλ’
1465 2017 1538 2055 ὅμως
1563 2016 1653 2057 ὥσπερ
1670 2017 1697 2045 ἐν
1720 2019 1781 2053 σκιᾷ
1806 2018 1934 2058 λογισμῷ

235 2063 349 2095 dissent
373 2064 533 2102 visionem,
558 2074 661 2095 rursus
692 2062 836 2094 cadebant
865 2066 894 2092 in
925 2071 1055 2093 errorem

1107 2073 1174 2101 aovcp
1198 2063 1401 2103 φαντασθέντες,
1432 2061 1609 2095 ἀλληνάλλως
1639 2062 1814 2100 τοπάσσίντες,
1832 2064 1934 2096 πάντος

234 2108 394 2148 majorum,
410 2109 465 2149 ipsi
482 2119 601 2149 quoque
615 2108 744 2148 superati
756 2118 771 2138 a
784 2108 855 2137 falsa
865 2106 1059 2147 religione,et

1107 2110 1173 2140 ιῦθις
1216 2109 1249 2146 τῇ
1286 2111 1432 2147 προγονικῇ
1466 2107 1597 2136 ὑπέπεσον
1640 2107 1743 2144 πλάνῶ,
1773 2108 1936 2142 ἡττηθέντες

234 2153 266 2183 in
294 2153 473 2185 deteriorem
492 2155 622 2194 prolapsi
645 2153 840 2193 impietatem,
868 2156 897 2183 et
912 2153 957 2182 via
982 2152 1060 2182 invia

1107 2154 1145 2181 ui.
1180 2154 1252 2181 αὐτοὶ
1288 2154 1324 2184 είς
1359 2151 1564 2190 δεισιδαιμονίαν
1593 2152 1637 2181 καὶ
1673 2154 1709 2184 εἰς
1740 2153 1847 2192 χείρονα
1883 2153 1936 2181 ἐκν-

234 2197 418 2230 aberrantes.
436 2199 474 2230 Et
490 2209 545 2230 nec
565 2200 607 2229 sic
624 2199 744 2238 quidem
763 2206 847 2237 passa
876 2201 921 2227 est
933 2196 1060 2236 insignis

1107 2198 1227 2230 πεσόντες
1283 2196 1415 2235 ἇσεϐειαν,
1459 2198 1503 2226 καὶ
1544 2196 1698 2226 ἆόιέκϐατον
1751 2197 1936 2232 πλανηθέντες

235 2247 265 2274 et
284 2243 320 2274 ab
337 2243 476 2275 omnibus
492 2243 670 2274 celebranda
687 2242 739 2273 Dci
756 2246 884 2281 potestas
895 2251 949 2272 nos
958 2241 1061 2280 jacere

1107 2243 1174 2281 δδόν,
1207 2241 1282 2271 Ἀλλ’
1306 2241 1359 2271 οὐδ’
1382 2243 1466 2275 οὕτως
1489 2242 1620 2282 ἠνέσχετο
1641 2244 1658 2277 ἠ
1681 2242 1763 2275 ἵλεως
1785 2244 1828 2271 καὶ
1850 2243 1938 2271 πολυ-

234 2288 266 2318 in
288 2288 418 2329 delictis,
433 2288 512 2319 unde
527 2289 614 2319 etiam
637 2287 718 2317 dedit
734 2287 841 2326 legem,
859 2290 887 2316 et
900 2286 980 2317 misit
995 2295 1060 2327 pro-

1107 2289 1217 2326 ἱμνητος
1238 2291 1284 2316 τοῦ
1310 2292 1374 2317 Θεοῦ
1398 2288 1507 2325 δύναμις
1537 2290 1644 2316 κεῖσθαι
1672 2289 1742 2326 ἡμᾶς
1771 2288 1797 2316 ἒν
1811 2292 1849 2326 τῷ
1871 2300 1933 2317 πα-

235 2332 350 2372 phetas,
369 2338 397 2364 et
423 2333 611 2364 multifariam
642 2332 803 2372 multisque
830 2331 927 2362 modis
956 2332 1057 2370 generi

1107 2334 1269 2371 )απτώματι”
1301 2333 1358 2362 ὅθεν
1395 2334 1438 2361 καὶ
1467 2334 1547 2362 νότιον
1587 2332 1679 2373 ἔδωκε,
1709 2335 1753 2362 καὶ
1789 2334 1932 2374 προφῆτας

234 2377 429 2409 Hebraeorum
446 2378 520 2409 viam
536 2377 665 2408 ostendit
681 2377 853 2408 salutarem.
872 2376 985 2407 Omnes
1001 2385 1056 2407 au-

1107 2378 1278 2416 ;ξαπέστειλε,
1306 2378 1481 2417 πολυτρόπως
1510 2390 1538 2406 τε
1566 2377 1681 2411 ὑπέδειξε
1711 2382 1749 2416 τῷ
1778 2379 1844 2407 θείνει
1873 2382 1932 2407 τῶν

234 2427 292 2452 tem
307 2423 531 2455 retrocedentes.
547 2422 715 2451 recidebant
733 2422 762 2449 in
780 2420 921 2456 majorum
937 2428 1056 2450 suorum

1111 2423 1210 2464 Εϐρίων
1243 2424 1292 2457 τὴν
1326 2424 1458 2463 σωτήριον
1482 2423 1552 2454 ὁδόν,
1585 2424 1635 2452 Καὶ
1657 2423 1754 2455 πάντες
1783 2423 1930 2464 ἆναχαιτι-

233 2467 451 2507 inlirmitatem,
465 2471 494 2499 et
509 2467 597 2498 morti
617 2466 854 2506 subjiciebantur
867 2475 970 2497 omnes
992 2476 1057 2506 pro-

1107 2458 1216 2508 ίόμίενοι,
1254 2471 1287 2506 τῇ
1323 2458 1469 2508 προγονικῇ
1497 2467 1693 2507 περιεπείροντο
1723 2458 1853 2506 ἀσθενείᾷξ
1883 2468 1933 2497 καὶ

234 2515 301 2552 pter
312 2516 481 2554 peccatum.
498 2512 627 2552 [Equum
642 2513 739 2552 itaque
750 2511 868 2542 censuit
878 2511 991 2551 aequale
1007 2522 1058 2543 no-

1107 2515 1195 2546 τάντες
1232 2513 1370 2542 ὑπέκειντο
1406 2517 1444 2550 τῷ
1477 2513 1581 2550 θανάτῳ
1618 2512 1659 2541 διὰ
1694 2513 1743 2546 τὴν
1784 2514 1932 2551 ἁμαρτίαν.

234 2555 350 2589 hiscum
362 2560 516 2588 certamen
531 2557 683 2597 suscipere
694 2556 837 2587 Dominus
849 2560 959 2587 noster.
979 2558 1058 2588 Deus

235 2598 380 2638 Verbum,
398 2605 427 2632 et
447 2601 533 2632 nobis
560 2601 721 2634 ostendere
735 2601 887 2632 victoriam
916 2602 1058 2633 adversus

233 2645 447 2684 adversarium,
465 2656 518 2687 par
543 2646 627 2678 nobis
643 2646 673 2677 in
699 2645 817 2677 omibus
843 2645 936 2676 factus
951 2651 1059 2686 praeter

233 2694 389 2730 peccatum
405 2702 411 2720 :
427 2695 458 2723 et
472 2701 539 2723 cum
555 2692 687 2732 seipsum
703 2691 847 2722 humilem
864 2691 1055 2730 reddidisset,

234 2734 357 2766 etnobis
379 2736 472 2768 servis
496 2737 623 2768 formam
636 2736 764 2768 similem
775 2735 1057 2776 suscepisset,natus

234 2787 278 2811 est
305 2789 339 2811 ex
355 2780 489 2823 Virgine,
506 2791 567 2813 non
591 2785 718 2812 mutatus
734 2780 897 2818 divinitate,
912 2781 963 2811 sed
995 2786 1056 2814 ovis

233 2825 333 2856 ferens
358 2826 468 2867 pellem
485 2831 606 2867 propter
620 2826 681 2865 lupi
708 2833 910 2866 progressum.
927 2825 958 2857 Si
974 2827 1055 2858 enim

231 2879 287 2913 per
298 2880 458 2914 supernam
471 2871 600 2905 divinam
615 2879 700 2903 suam
713 2869 876 2911 potentiam
892 2873 1056 2912 percussis.

1099 2558 1269 2588 Ἐδικαίωσεν
1295 2558 1340 2585 οὖν
1361 2558 1392 2586 τὸ
1407 2557 1468 2585 ’ίσον
1495 2558 1564 2595 ἡμῖν
1588 2557 1728 2596 ἀγώνισμα
1744 2557 1807 2586 αὐτὸ
1830 2557 1933 2586 ἀναδέ-

1100 2605 1190 2637 Ξασθαι
1220 2604 1233 2631 6
1258 2602 1395 2636 Δεσπότης
1423 2603 1500 2639 ἡμῶν
1523 2602 1587 2634 Θεὸς
1610 2603 1708 2642 Λόγος,
1731 2603 1776 2631 καὶ
1797 2602 1933 2635 ὑποδεῖξει

1099 2650 1167 2686 ημῖν
1195 2648 1244 2682 τὴν
1269 2648 1337 2675 κὰτὰ
1366 2650 1412 2676 τοῦ
1443 2646 1589 2676 ἀντιπάλου
1614 2647 1701 2681 νίκην.
1740 2648 1813 2677 Κατὰ
1842 2648 1937 2677 πάντα

1100 2693 1160 2725 ἴσος
1182 2694 1250 2731 ἡμῖν
1277 2692 1418 2732 γενόμενος
1450 2693 1538 2732 χωρὶς
1568 2692 1766 2732 ἁμαρτίας,καὶ
1797 2692 1937 2721 ταπεινώ-

1100 2749 1148 2770 σας
1165 2738 1270 2774 ἑαυτὸν,
1288 2738 1331 2765 καὶ
1353 2738 1446 2775 ὁμοίαν
1462 2737 1539 2774 ἡμῶν
1565 2740 1618 2765 τῶν
1633 2736 1725 2766 δούλον
1755 2739 1834 2767 αὑτοῦ
1858 2749 1935 2777 μορ-

1098 2784 1148 2823 φὴν
1177 2781 1277 2820 λαϐὼν,
1294 2781 1392 2821 ἐτέχθη
1423 2782 1450 2809 ἐν
1467 2784 1516 2816 τῆς
1540 2783 1615 2821 ἁγίας
1645 2782 1776 2822 Παρθένου
1792 2783 1830 2821 μὴ
1860 2793 1934 2822 τρα-

1097 2828 1155 2860 arei;
1185 2830 1218 2865 τῇ
1241 2827 1359 2864 θεότητι,
1390 2826 1459 2855 ἀλλὰ
1487 2827 1600 2867 φορέσας
1635 2827 1685 2861 τὴν
1715 2831 1762 2856 τοῦ
1792 2826 1933 2866 προϐάτου

1097 2873 1173 2913 δορὰν
1195 2872 1236 2902 διὰ
1259 2873 1307 2907 τὴν
1332 2876 1378 2902 τοῦ
1400 2872 1478 2902 λύκου
1514 2872 1636 2912 πρόοδον.
1668 2873 1696 2902 Εἰ
1726 2873 1775 2912 γὰρ
1798 2872 1839 2902 διὰ
1874 2875 1931 2907 τῆς
