4132 6418
296 322 421 389 497

1190 321 1662 386 MARTYRIUM
1707 319 1766 386 S.
1813 320 2231 386 EUSTRATII
2277 319 2376 385 ET
2418 317 2824 385 SOCIORUM.

3572 322 3693 390 498

297 456 498 517 ἄνωθεν
548 456 694 522 θείας
757 459 917 516 αὑτοῦ
970 454 1237 530 δυνάμεως
1294 455 1520 523 ὶπάταξε
1578 457 1668 514 τὸν
1725 455 1958 514 ἀντικεί-

2040 463 2131 519 set
2158 456 2319 521 hunc
2348 454 2752 519 adversarium
2778 456 3037 537 (poterat
3067 454 3253 537 enim,
3277 462 3341 519 ut
3371 456 3475 538 qui
3498 466 3692 539 potest

297 570 462 623 μενον
504 554 697 604 τοῦτον
732 562 748 578 ⁸
785 544 1009 616 ἡδόνατο
1064 546 1163 625 γὰρ
1210 547 1283 610 ὡς
1329 546 1503 603 πάντα
1559 543 1870 625 δυνάμενος,
1924 546 1957 601 ἃ

297 639 421 710 ἐμοὶ
447 638 508 705 ἦν
538 635 773 694 ἀδύνατα
808 654 823 671 ·
857 635 976 694 ἀλλ’
1011 637 1104 693 οὒκ
1132 633 1325 692 ἔδωκεν
1385 636 1529 710 αὖτῷ
1574 636 1756 715 καιρὸν
1813 634 1954 692 ἆπο-

293 727 486 805 λογίας
519 726 701 804 λέγειν
736 742 753 759 ⁸
786 725 868 782 ὅτι
899 725 1221 804 ’Ἄνθρωπον
1250 725 1493 801 ἐνίκησα,
1543 726 1631 781 καὶ
1679 726 1782 781 ὑπὸ
1826 731 1956 782 Θεοῦ

291 818 580 887 ἐνικήθην.
644 817 747 875 Καὶ
798 815 1198 894 εὖαπολόγητος
1230 815 1293 871 ἂν
1346 817 1616 895 ὑπῆρχεν,
1675 815 1748 880 ὠς
1806 811 1953 879 εἰδὼς

289 907 372 964 δτι
435 913 561 980 Θεῷ
619 927 722 982 μεν
780 906 953 963 πάντα
983 904 1190 985 ἐφικτοὶ,
1223 906 1343 980 ἒμοὶ
1387 903 1440 961 δὲ
1469 906 1546 979 τῷ
1573 905 1634 960 τὸ
1681 910 1835 978 σῶμα
1867 925 1957 961 πε·

283 995 674 1076 ριϐεὸλημένῳ
742 996 900 1051 τοῦτο
976 993 1306 1073 κατορθῶσαι
1394 991 1674 1056 ἀδύνατον.
1732 995 1956 1051 Οἰκονο-

284 1090 417 1163 μίας
498 1088 594 1143 οὖν
650 1083 830 1141 ἕνεκεν
884 1084 982 1152 τὴν
1065 1084 1333 1162 ἡμετέραν
1390 1086 1418 1140 ὁ
1479 1082 1754 1151 Δεσπότης
1817 1089 1952 1160 Χρι-

284 1179 412 1242 στὸς
456 1171 695 1232 ἀνέλαϐε
766 1170 959 1252 σάρκα,
1017 1171 1106 1229 τίνα
1177 1173 1240 1229 τὸ
1292 1172 1423 1251 ὑπὲρ
1498 1173 1654 1248 ἡμῶν
1722 1170 1952 1250 ἀποτίσῃ

284 1266 474 1347 χρέος·

370 1356 530 1430 εἰς’,
582 1349 848 1425 Λάϐωμεν
906 1350 961 1409 δέ
1022 1352 1112 1409 καὶ
1173 1349 1374 1427 εἰκόνα,
1454 1349 1699 1431 δικασταὶ,
1768 1351 1956 1427 ὁμοίαν

288 1448 491 1514 ταύτης
552 1466 661 1520 μου
716 1448 820 1510 τῆς
878 1440 1203 1521 διηγήσεως.
1250 1440 1378 1498 Ἐὰν
1436 1441 1498 1497 σὺ
1530 1439 1687 1506 αὐτὸς
1719 1441 1747 1497 ὁ
1776 1440 1953 1519 κύριος

289 1535 450 1601 τῆσδε
483 1536 587 1603 τῇς
618 1531 859 1611 πόλεως,
890 1531 1083 1610 ἄρκτον
1113 1533 1148 1598 ἢ
1180 1528 1314 1589 ἄλλο
1344 1551 1395 1586 τι
1424 1536 1528 1588 τῶν
1559 1530 1756 1609 θηρίων
1785 1529 1951 1587 ἐπελ-

292 1628 380 1683 θὸν
408 1632 485 1701 τῇ
513 1623 675 1680 πόλει
705 1622 896 1696 θεάσῃ,
929 1621 1017 1677 καὶ
1039 1619 1181 1699 ἐρεῖς
1212 1621 1289 1694 τῷ
1322 1617 1492 1695 δούλῳ
1518 1641 1634 1694 σου,
1670 1619 1952 1698 Παρελθὼν

299 1717 549 1796 ᾠνίυἳον
579 1714 730 1784 ante,
778 1711 988 1775 ἐκεῖνος
1035 1707 1086 1765 δὲ
1143 1715 1218 1785 τῷ
1274 1712 1353 1784 σῴ
1396 1709 1768 1789 προστάγματι
1822 1706 1948 1766 δου-

2041 545 2266 629 omnia,
2298 565 2435 628 quae
2464 563 2499 609 a
2530 563 2625 607 me
2654 562 2777 607 non
2828 549 3078 625 possunt
3108 544 3260 621 fieri)
3291 594 3308 626 ,
3339 546 3606 611 dedisset
3635 549 3694 612 ei

2033 636 2255 715 justam
2286 635 2665 699 occasionem
2698 633 3095 716 defensionis,
3132 633 3390 698 dicendo
3426 657 3439 696 :
3474 633 3690 699 Homi-

2038 745 2176 789 nem
2232 726 2365 801 vici,
2390 734 2449 790 et
2475 745 2509 789 a
2538 724 2662 789 Deo
2695 742 2828 787 sum
2861 724 3072 788 victus.
3110 726 3189 789 Se
3215 725 3375 788 enim
3429 734 3570 790 tunc
3603 728 3693 791 sic

2040 817 2212 880 facile
2244 815 2532 899 potuisset
2553 813 2976 888 defendere,ut
3000 814 3101 896 qui
3125 815 3533 895 sciret,l)eum
3564 818 3695 898 qui-

2041 906 2177 969 dem
2211 924 2386 987 posse
2417 908 2619 968 omnia
2646 903 2889 968 efficere
2922 923 2937 965 :
2966 912 3025 967 et
3055 922 3187 977 nec,
3223 903 3273 967 si
3306 923 3525 985 corpus
3551 907 3691 989 qui-

2038 995 2175 1058 dem
2208 995 2525 1073 induisset,
2555 1013 2674 1059 non
2708 1012 2840 1058 esse
2871 992 3360 1076 ejusmodi,quod
3395 1013 3513 1057 non
3546 1013 3692 1077 pos-

2036 1093 2129 1148 set
2155 1085 2381 1148 facere.

2122 1350 2326 1418 XXVI.
2360 1351 2742 1434 Accipiamus
2771 1360 2994 1431 autem,
3030 1372 3065 1415 o
3090 1353 3565 1437 judex,aliquam
3599 1360 3689 1420 si-

2041 1441 2467 1523 militudinem,
2486 1460 2620 1524 quae
2646 1445 2959 1505 conveniat
2987 1443 3129 1508 huic
3159 1462 3308 1508 meae
3333 1447 3686 1512 narrationi.

2037 1531 2101 1597 Si
2150 1541 2211 1595 tu
2255 1532 2408 1614 ipse,
2442 1531 2542 1614 qui
2575 1550 2640 1594 es
2670 1530 2952 1594 dominus
3002 1533 3185 1614 hujus
3238 1535 3513 1614 civitatis,
3551 1556 3686 1600 cum

2035 1622 2286 1686 vidisses
2319 1621 2550 1702 lupum,
2601 1625 2702 1682 aut
2755 1638 2986 1698 ursum,
3044 1631 3146 1686 aut
3191 1623 3451 1706 aliquam
3511 1626 3685 1689 aliam

2036 1712 2289 1775 bestiam
2307 1710 2688 1773 invadentem
2715 1716 2875 1772 tuam
2907 1711 3230 1795 civitatem,
3264 1714 3488 1778 dixeris
3516 1735 3688 1780 servo

309 1805 525 1870 λευσας,
564 1804 648 1859 καὶ
701 1799 1011 1879 προσελθὼν
1055 1797 1299 1879 ἀτέχνως
1342 1796 1655 1875 καταϐληθῇ
1700 1800 1802 1855 ὑπὸ
1858 1805 1951 1856 τοῦ

2036 1810 2177 1865 tuo:
2218 1800 2441 1865 Occide
2481 1799 2684 1864 illam:
2722 1800 2825 1863 ille
2854 1810 3050 1863 autem
3085 1821 3303 1884 parens
3337 1812 3438 1867 tuo
3463 1806 3684 1887 jussui,

317 1894 505 1970 θηρίου
553 1894 636 1948 καὶ
678 1891 928 1966 ἀναλωθῇ
960 1904 974 1920 ⁸
1038 1887 1116 1964 μή
1176 1911 1226 1944 τι
1283 1887 1457 1969 ἀνέχῃ
1509 1888 1585 1945 ἔτι
1617 1889 1677 1945 ἐκ
1706 1886 1946 1964 δευτέρου

312 1982 467 2056 ἄλλῳ
516 1979 668 2053 δούλῳ
712 2002 809 2037 σου
863 1980 926 2036 τὸ
1000 1986 1210 2036 τοιοῦτο
1294 1977 1580 2056 προστάξαι
1634 1977 1943 2056 ἀγώνισμα,

300 2072 333 2139 ἣ
381 2069 713 2147 καταγνῶναι
776 2073 876 2135 τῆς
939 2065 1139 2123 ἐκείνου
1180 2064 1378 2143 ἥττης,
1440 2065 1647 2140 μᾶλλον
1690 2064 1745 2122 δὲ
1789 2067 1946 2124 ἆπω·

284 2160 479 2240 λεία;;
527 2161 617 2216 καὶ
647 2159 743 2215 οὒκ
777 2157 873 2215 ἵνα
920 2157 999 2232 μὴ
1058 2161 1231 2233 φανῆς
1282 2153 1513 2214 ἀδύνατα
1569 2157 1943 2235 προστάσσων,

284 2256 523 2327 παρορᾷς
566 2250 660 2305 καὶ
706 2249 829 2312 τοὺς
895 2246 1148 2308 συνόντας
1204 2267 1287 2302 σοι
1340 2246 1684 2326 συμμάχους,
1732 2246 1792 2304 οὗ
1849 2246 1945 2304 κέ-

286 2365 297 2373 .
558 2337 607 2369 κα
684 2337 709 2375 τί
830 2335 854 2355 ν
1060 2334 1085 2355 ν
1184 2352 1201 2369 .
1249 2333 1277 2392 ε
1323 2333 1354 2391 λ
1567 2334 1580 2372 θ
1683 2335 1724 2392 g.
1930 2338 1947 2394 ὶ

290 2362 487 2421 Ᾱρησαι
553 2358 612 2394 0:.
658 2359 774 2394 OJtE
836 2359 987 2410 ιππῳ
1030 2357 1147 2392 ουτε
1285 2359 1320 2392 π
1357 2357 1436 2398 οις
1468 2357 1634 2411 τισ.ν,
1713 2359 1827 2418 λων
1859 2359 1927 2394 κα

284 2429 574 2505 δυνάμενος
601 2428 803 2507 πάντα,
848 2424 986 2482 ἄλλᾶ
1032 2423 1115 2481 διὰ
1162 2425 1286 2488 τοὺς
1334 2423 1550 2489 λοιποὺς
1581 2447 1673 2482 σου
1703 2423 1940 2501 δούλους,

283 2522 584 2598 ἔμπροσθεν
646 2519 817 2574 αὐτῶν
874 2514 992 2577 ἴσος
1052 2520 1130 2589 τῷ
1159 2514 1464 2595 ἐπιταγέντι
1508 2514 1675 2573 πάίλαι
1706 2517 1793 2574 καὶ
1843 2518 1947 2586 ἡτ-

2033 1902 2092 1955 et
2119 1890 2250 1955 sine
2275 1896 2403 1953 arte
2430 1887 2749 1965 accedens,
2787 1888 2996 1952 fuisset
3050 1909 3083 1953 a
3133 1891 3262 1955 fera
3309 1893 3585 1974 dejectus
3629 1904 3688 1958 et

2031 1987 2442 2061 consumptus.
2475 1977 2888 2041 sustineresne
2917 1977 3136 2042 iterum
3169 1980 3344 2043 alteri
3372 2000 3543 2045 servo
3571 1985 3683 2047 tale

2031 2078 2333 2135 certamen
2366 2070 2685 2148 imperare,
2731 2075 2830 2130 aut
2860 2068 3025 2131 illum
3058 2070 3367 2145 damnare,
3403 2073 3565 2151 quod
3595 2079 3683 2134 vi-

2031 2169 2159 2224 ctus
2190 2156 2522 2240 periisset?
2578 2159 2992 2241 Nequaquam.
3044 2157 3163 2224 Sed
3197 2178 3276 2222 ne
3303 2159 3566 2224 videaris
3596 2162 3683 2225 eis

2029 2250 2382 2332 imperasse,
2416 2266 2549 2329 quae
2603 2248 2736 2310 fieri
2789 2267 2908 2310 non
2942 2254 3284 2331 potuerunt,
3317 2269 3422 2313 eos
3452 2250 3562 2332 qui
3590 2260 3682 2313 te-

2029 2358 2166 2404 cum
2199 2346 2356 2414 sunt,
2392 2356 2565 2418 opem
2598 2336 2705 2400 tibi
2763 2337 2962 2414 laturi,
2998 2338 3260 2421 despicis
3294 2361 3308 2400 :
3345 2360 3464 2405 nou
3497 2345 3684 2406 uteris

2030 2437 2230 2493 autem
2254 2446 2367 2491 nec
2398 2445 2576 2509 equo,
2605 2444 2716 2491 nec
2746 2426 3046 2510 aliquibus
3074 2435 3279 2509 armis,
3315 2448 3453 2493 cum
3482 2440 3541 2494 et
3568 2433 3682 2496 lia-

2030 2521 2174 2584 beas
2200 2528 2259 2581 et
2316 2521 2509 2599 possis
2567 2519 2793 2600 omnia,
2851 2517 2960 2605 sed
2994 2528 3240 2601 propter
3266 2528 3515 2584 caeteros
3548 2534 3684 2587 tuos

282 2609 496 2677 τηθέντι
541 2606 721 2680 δούλῳ
777 2605 1089 2685 γενόμενος,
1141 2605 1215 2669 ὡς
1274 2605 1479 2670 ἐκεῖνος
1538 2606 1737 2683 γυμνὸς
1791 2605 1944 2672 ἐκτὸς

281 2702 495 2759 οἱασοῦν
553 2698 833 2775 βοηθείας,
895 2695 1171 2775 προσέρχῃ
1234 2700 1312 2768 τῷ
1377 2698 1544 2774 θηρίῳ
1603 2697 1798 2771 τούτῳ,
1856 2698 1943 2755 καὶ

279 2788 524 2855 πατάξας
582 2788 741 2863 αὖτὸ,
791 2787 851 2843 τὸ
893 2795 1187 2852 τηνικαῦτα
1242 2785 1339 2854 τῆς
1388 2787 1485 2861 μέν
1527 2795 1619 2845 τοῦ
1648 2784 1944 2844 ἀναλωθέν-

2030 2790 2242 2865 fectus,
2274 2788 2349 2851 ad
2378 2788 2533 2850 hanc
2562 2787 2813 2850 bestiam
2857 2788 3097 2852 accedis
3133 2808 3146 2853 :
3184 2796 3245 2853 et
3275 2808 3343 2853 ea
3370 2810 3678 2872 percussa,

278 2902 363 2943 τος
416 2877 642 2935 οἰκέτου
718 2874 1079 2952 ταλαιπωρίας
1165 2874 1249 2932 ἐπὶ
1323 2874 1537 2932 πάντων
1595 2874 1937 2954 καταγνώσῃ,

2030 2886 2169 2940 tunc
2198 2877 2401 2939 famuli
2432 2875 2703 2955 quidem,
2730 2876 2831 2958 qui
2854 2876 2962 2939 fuit
2991 2887 3398 2961 consumptus,
3427 2879 3675 2943 damna-

276 2968 495 3036 διδάξεις
547 2965 607 3023 δὲ
675 2967 797 3029 τοὺς
855 2964 1072 3028 λοιποὺς
1105 2965 1274 3041 ὁμοίῳ
1305 2966 1576 3045 ὁρμήματι
1610 2966 1697 3023 καὶ
1740 2964 1939 3041 ἐμπει-

2030 2966 2119 3030 bis
2152 2965 2623 3029 imbecillitatem
2663 2984 2863 3029 coram
2896 2966 3177 3031 omnibus
3213 2989 3227 3028 :
3263 2968 3506 3032 docebis
3536 2988 3677 3034 vero

276 3062 352 3139 pf;
413 3058 753 3138 κεχρῆσθαι,
786 3055 970 3116 ὁσάκις
1025 3054 1114 3111 ἐὰν
1155 3055 1298 3134 τύχῃ
1347 3076 1425 3129 τῳ
1458 3054 1683 3129 τοιούτῳ
1712 3054 1935 3129 προσιέτ·

2030 3064 2296 3148 caeteros,
2328 3063 2394 3148 ut
2434 3053 2616 3148 simili
2648 3055 2852 3118 animo
2878 3056 3169 3148 accedant
3201 3066 3262 3120 et
3285 3059 3675 3148 experientia,

273 3172 350 3206 ναι
404 3145 814 3219 συναντήματι,
860 3144 947 3200 καὶ
997 3142 1307 3214 ἀπειλήσεις
1364 3144 1508 3215 τότε,
1553 3145 1598 3199 εἰ
1666 3144 1743 3219 μὴ
1799 3143 1931 3211 ἴσως
1948 3197 1967 3248 ‹

304 3245 326 3248 _
390 3241 405 3248 -
509 3234 533 3248 ι.
640 3237 662 3248 -
704 3235 716 3248 .
872 3235 886 3248 .
979 3245 987 3248 -
1124 3233 1167 3248 ..
1383 3234 1395 3248 .
1646 3231 1669 3248 ε.
1834 3234 1863 3245 ..

2030 3147 2260 3248 quoties
2292 3144 2578 3248 talequid
2611 3145 2944 3246 occurrerit
2979 3167 2992 3210 :
3027 3153 3089 3209 et
3146 3153 3286 3248 tunc
3321 3142 3672 3248 minaberis,

273 3245 333 3317 τῇ
385 3234 787 3314 ὑποδειχθείσῃ
832 3235 1017 3296 αὒτοϊς
1073 3233 1233 3310 νήψει
1286 3234 1583 3313 χρήσονται
1641 3231 1922 3314 διηνεκῶς,
1951 3231 1967 3248 “

2030 3237 2066 3300 ii
2123 3255 2244 3298 non
2291 3234 2568 3297 similiter
2623 3234 2710 3298 eis
2764 3246 3009 3300 ostensa
3056 3235 3298 3299 assidue
3328 3236 3419 3299 usi
3453 3238 3679 3301 fuerint

270 3331 351 3385 ui,
390 3324 729 3409 ῳυλάξουσιν
786 3324 1000 3388 ἑαυτοὺς
1053 3324 1142 3380 καὶ
1190 3323 1255 3379 τὰ
1288 3325 1509 3386 ἑαυτῶν,
1548 3325 1605 3381 Εἰ
1635 3320 1690 3379 δὲ
1720 3322 1932 3400 ἀμελή-

2030 3327 2285 3407 victoria,
2339 3335 2399 3387 et
2444 3342 2511 3387 se
2562 3331 2621 3386 et
2677 3342 2784 3387 sua
2841 3325 3255 3389 custodierint.
3291 3326 3398 3390 Sin
3450 3329 3676 3396 minus,

275 3440 439 3492 σειαν,
506 3413 831 3483 ἀπειλήσεις
912 3414 997 3470 καὶ
1079 3415 1206 3492 πρὸς
1292 3412 1675 3492 ἀναπολόγητα
1747 3414 1934 3478 αὐτοὺς

2030 3434 2121 3480 eos
2178 3414 2405 3478 futuros
2465 3414 2932 3497 inexcusabiles,
2966 3423 3023 3478 et
3079 3433 3215 3479 esse
3271 3416 3343 3479 ad
3397 3436 3675 3499 magnum

279 3507 509 3585 ἔσεσθαι,
587 3504 681 3561 καὶ
758 3502 862 3559 ὒπὸ
920 3501 1176 3578 τιμωρίαν
1249 3501 1491 3581 μεγάλην
1550 3501 1881 3583 ἄχθήσεσθαι
1916 3519 1931 3536 ·

2030 3505 2331 3568 ducendos
2362 3503 2723 3586 supplicium
2760 3528 2774 3565 :
2809 3524 2912 3568 eos
2966 3513 3192 3588 autem,
3223 3506 3324 3588 qui
3354 3525 3420 3569 se
3450 3508 3681 3571 fortiter

275 3598 391 3660 τοὺς
450 3594 510 3651 δὲ
552 3590 959 3672 ἁνδριζομένους
1003 3592 1090 3648 καὶ
1148 3592 1507 3669 μιμουμένους
1567 3592 1667 3659 τὴν
1697 3593 1798 3661 σὴν
1845 3599 1940 3650 τοῦ

2030 3595 2342 3675 gesserint,
2399 3607 2461 3657 et
2514 3593 2727 3657 imitati
2770 3594 2989 3659 fuerint
3047 3596 3326 3659 virtutem
3386 3603 3531 3660 eisa
3563 3598 3676 3662 do-

282 3685 538 3742 ἓεπότου
589 3680 1015 3761 ὑποδειχθεϊσαδ
1093 3680 1278 3746 αὐτοῖς
1362 3681 1560 3755 ἀρετὴν
1617 3682 1718 3738 ὑπὸ
1776 3683 1940 3758 τιμὴν

2030 3685 2186 3747 mino
2223 3692 2548 3765 ostensam,
2586 3694 2644 3747 et
2701 3685 2993 3748 honorem
3053 3693 3114 3751 et
3163 3685 3494 3750 libertatem
3544 3708 3680 3753 esse

296 3770 505 3837 πολλὴν
553 3774 642 3829 καὶ
704 3768 1017 3851 δορυφορίαν
1060 3768 1313 3850 ἔσεσθαι,
1359 3772 1431 3835 ὡς
1490 3768 1670 3828 καλῶν
1700 3771 1936 3851 φύλακας

2030 3783 2476 3853 consecuturos,
2511 3782 2575 3837 ut
2606 3773 2900 3838 bonorum
2933 3775 3238 3859 custodes,
3273 3785 3328 3839 et
3361 3779 3675 3858 praeclaros

300 3861 384 3918 καὶ
413 3861 666 3938 γενναίως
696 3859 1027 3938 στρατιώτας
1038 3905 1051 3918 .
1856 3891 1863 3899 ·

2030 3863 2265 3927 milites.
2416 3928 2417 3931 η

366 3948 489 4009 KZ'.
520 3950 703 4017 Οὕτως
734 3949 824 4006 οὖν
865 3947 960 4006 καί
1015 3951 1043 4006 ὁ
1092 3949 1369 4017 Δεσπότης
1410 3951 1568 4024 ἡμῶν
1614 3952 1860 4032 Χριστός,
1909 3954 1938 4008 ὁ

2102 3953 2337 4017 XXVII.
2375 3954 2471 4017 Sic
2495 3970 2635 4031 ergo
2666 3951 2956 4018 Dominus
2986 3973 3230 4037 quoque
3262 3964 3465 4020 noster
3488 3957 3670 4038 Deus,

278 4041 469 4119 Σωτήρ
509 4041 754 4112 πάντων,
814 4045 920 4095 τῶν
978 4038 1136 4096 αὒτοό
1193 4036 1391 4096 δούλων
1438 4038 1492 4095 ἐν
1534 4046 1603 4116 τῇ
1664 4042 1799 4098 κατὰ
1845 4049 1937 4101 τοῦ

2030 4042 2296 4106 Servator
2355 4042 2648 4117 omnium,
2683 4061 2817 4104 cum
2870 4043 2965 4105 sui
3020 4036 3178 4107 servi
3226 4042 3287 4106 in
3347 4036 3675 4113 certamine

273 4136 486 4187 Σατανᾶ
517 4129 715 4186 τούτου
738 4127 885 4206 πᾶλῃ
929 4134 1023 4185 τοῦ
1070 4128 1191 4206 παρ’
1248 4130 1398 4205 ὑμῶν
1448 4127 1737 4204 σεϐομένου
1765 4132 1934 4200 ἡττη-

2030 4140 2296 4213 suscepto
2321 4131 2606 4193 adversus
2658 4130 3018 4213 daemonem,
3072 4135 3173 4214 qui
3234 4151 3394 4197 nunc
3442 4155 3475 4198 a
3507 4138 3674 4202 vobis

268 4220 466 4278 θέντων
526 4221 622 4276 καὶ
678 4216 1057 4295 συντριϐέντων
1114 4215 1201 4275 ὑπ’
1264 4220 1443 4298 αὑτοῦ,
1503 4218 1659 4283 αὐτὸς
1721 4218 1934 4299 ἀρρήτῳ

2030 4222 2255 4297 colitur,
2290 4220 2363 4283 ab
2394 4221 2524 4303 ipso
2555 4220 2689 4282 victi
2719 4229 2918 4283 essent
2951 4230 3009 4284 et
3056 4225 3318 4298 contriti,
3351 4224 3480 4304 ipse
3512 4227 3667 4291 inef-

266 4312 363 4367 τινὶ
432 4311 528 4367 καὶ
588 4315 824 4385 μυστιγῇ
883 4310 1163 4383 οἰκονομίᾳ
1222 4307 1478 4365 ἐκένωσεν
1537 4309 1720 4366 ἑαυτὸν
1789 4332 1930 4389 μορ·-

2030 4311 2180 4374 fabili
2216 4310 2474 4392 quodam
2500 4309 2753 4372 consilio
2784 4310 3049 4392 seipsum
3070 4313 3673 4388 exinanivit,descen-

264 4402 371 4480 cpi,»
413 4399 615 4455 δούλου
670 4395 848 4454 λαϐὼν
906 4398 960 4454 ἐν
1005 4397 1253 4476 Παρθένῳ
1295 4398 1421 4475 ἁγίᾳ
1463 4400 1551 4455 καὶ
1598 4406 1796 4480 σεμνῇ,
1845 4401 1934 4457 καὶ

2030 4402 2169 4465 :lens
2198 4403 2271 4463 ad
2331 4409 2592 4464 sanctam
2656 4410 2716 4463 et
2772 4401 3169 4465 venerandam
3217 4403 3553 4483 Virginem,
3612 4415 3671 4469 et

260 4490 318 4546 ἐν
367 4496 539 4546 πᾶσιν
614 4488 945 4563 ὁμοιοπαθὴς
1003 4490 1140 4564 ἡμῖν
1194 4490 1478 4564 γενόμενος
1541 4491 1706 4568 χωρὶς
1753 4491 1967 4572 ἁμαρ-¹

2030 4493 2172 4555 servi
2204 4493 2456 4554 formam
2490 4490 2817 4572 accipiens,
2870 4499 2931 4554 et
2986 4492 3049 4554 in
3103 4491 3382 4556 omnibus
3415 4495 3669 4558 efl'ectus

260 4579 407 4654 τίας,
464 4580 560 4635 καὶ
619 4577 674 4632 ἐν
723 4582 797 4650 τῷ
852 4577 1054 4656 θεάτρῳ
1108 4580 1201 4633 τοῦ
1255 4577 1370 4654 βίου
1411 4578 1598 4635 τούτου
1658 4561 1967 4658 προελθὼν1

2030 4583 2257 4657 iisdem,
2293 4581 2509 4664 quibus
2540 4560 2649 4644 nos
2709 4560 2974 4657 obnoxii,
3007 4582 3419 4647 affectionibus
3452 4594 3671 4665 praeter

2028 2627 2258 2686 servos,
2292 2607 2541 2672 etiectus
2570 2608 2784 2671 similis
2820 2625 3020 2689 servo,
3054 2610 3151 2673 cui
3175 2611 3467 2694 jusseras,
3502 2620 3561 2674 et
3583 2612 3683 2695 qui

2029 2703 2217 2762 victus
2238 2698 2614 2771 fuerat,sicut
2642 2697 2769 2772 ille,
2804 2699 3001 2761 nudus
3027 2706 3087 2761 et
3116 2701 3279 2761 omni
3309 2700 3536 2764 auxilio
3568 2702 3680 2765 de-

261 4669 421 4726 έλαθε
451 4669 550 4724 τὸν
581 4667 830 4746 τύραννον
859 4669 915 4723 iv
964 4673 1032 4743 τῇ
1089 4668 1311 4740 ἑκουσίῳ
1361 4669 1517 4725 αὑτοῦ
1557 4669 1643 4725 καὶ
1678 4669 1932 4748 πανσόφῳ

260 4761 356 4817 καὶ
429 4756 691 4834 σωτηρίῳ
747 4754 883 4832 ἡμῖν
959 4756 1300 4838 ταπεινώσει,
1359 4759 1447 4813 καὶ
1503 4760 1597 4814 τὸν
1655 4758 1930 4838 ἀλιτήριον

256 4849 457 4906 τοῦτον
503 4843 732 4923 δαίμονα
787 4848 875 4902 τὸν
931 4845 1058 4926 παρ’
1118 4848 1285 4922 ὓμῶν,
1316 4849 1391 4912 ὡς
1448 4848 1779 4929 προείρηται,
1842 4855 1931 4907 νῦν

258 4935 568 5013 σεϐόμενον
633 4934 1039 5014 καταδραμόντα
1105 4938 1341 5009 συνήθως
1416 4937 1534 4994 κατ’
1624 4940 1780 4995 αὒτοῦ
1858 4941 1931 5002 ὡς

260 5029 409 5085 κατὰ
452 5023 736 5104 ἀνθρώπου
767 5024 948 5105 ψιλοῦ,
985 5026 1338 5106 ἐχειρώσατο,
1390 5029 1482 5085 καὶ
1531 5027 1700 5085 ὤλεσε
1759 5034 1933 5086 πᾶσαν

262 5120 435 5175 αἰντοῦ
489 5117 594 5183 τὴν
653 5112 870 5191 δύναμιν
900 5114 985 5174 διὰ
1037 5124 1130 5174 τοῦ
1178 5119 1355 5193 τιμίου
1404 5122 1564 5179 αὒτοῦ
1605 5121 1694 5175 καὶ
1745 5141 1932 5187 σωτη-

260 5211 383 5285 ρίου
441 5208 644 5270 πάθους
700 5213 795 5263 τοῦ
836 5206 891 5263 ἐν
932 5213 1010 5280 τῷ
1062 5213 1294 5288 σταυρῷ,
1328 5207 1613 5271 παιδεύσας
1643 5210 1731 5266 καὶ
1762 5210 1928 5289 ἡμᾶς,

258 5297 548 5377 θεωρητὰς
608 5295 928 5376 γενομένους
984 5302 1083 5365 τῆς
1140 5299 1291 5364 νίκης
1355 5302 1536 5373 αιῖιτοῦ,
1597 5299 1651 5354 ἐν
1696 5297 1801 5372 ἴσῳ
1856 5306 1933 5372 τῷ

261 5389 616 5465 ὑπογραμμῷ
700 5386 1093 5465 ἀντιμάχεσθαι
1120 5435 1136 5467 ,
1190 5390 1277 5444 καὶ
1330 5388 1431 5456 τὴν
1487 5386 1705 5466 δύναμιν
1775 5391 1933 5445 αὐτοῦ

263 5476 653 5540 καταϐάλλειν,
686 5477 863 5538 Αὐτὸς
895 5477 980 5532 οὖν
1023 5478 1089 5536 τὰ
1129 5477 1362 5556 ἡμέτερα
1419 5477 1703 5545 ἀναδέξαιτο
1761 5480 1930 5553 πάθη,

261 5569 361 5624 καὶ
415 5568 515 5636 τὴν
574 5568 762 5628 ἑαυτοῦ
817 5565 1081 5622 ἀπάθειαν
1139 5564 1445 5646 ἐδωρήσατο
1473 5570 1610 5645 ἡμῖν
1646 5584 1659 5599 ·
1698 5571 1929 5635 καὶτοῖς

263 5657 320 5716 ἐν
355 5664 420 5735 τῇ
560 5663 644 5718 καί
676 5670 801 5724 τοῖς
854 5653 912 5709 ἓν
943 5662 1016 5729 τῷ
1044 5655 1141 5735 ᾄδῃ
1204 5658 1302 5726 τὴν
1349 5658 1630 5716 ἀνάστασιν
1698 5661 1931 5740 χαρισά-

2021 4680 2331 4753 peccatum
2364 4692 2380 4734 :
2416 4680 2474 4734 et
2522 4689 2874 4753 progressus
2924 4672 2983 4734 in
3027 4672 3141 4736 hoc
3184 4672 3315 4736 vitae
3347 4675 3667 4753 theatrum,

2019 4761 2351 4824 voluntaria
2384 4781 2489 4825 sua
2521 4770 2578 4824 et
2610 4763 2783 4841 longe
2831 4764 3269 4842 sapientissima
3322 4774 3380 4827 et
3428 4765 3666 4833 salutari

2017 4851 2360 4915 humilitate
2421 4852 2589 4914 latuit
2645 4851 3002 4915 sceleratum
3052 4853 3244 4935 ipsum
3305 4854 3665 4934 daemonem,

2019 4942 2184 5025 quia
2215 4940 2404 5016 vobis,
2438 4950 2501 5003 ut
2559 4940 2785 5004 dictum
2844 4949 2956 5017 est,
3008 4943 3245 5020 colitur,
3303 4954 3360 5006 et
3410 4963 3571 5018 eum,
3607 4956 3668 5009 ut

2019 5040 2436 5107 consueverat,
2468 5038 2748 5111 tanquam
2782 5030 3005 5094 nudum
3037 5051 3106 5094 ac
3132 5033 3325 5096 solum
3361 5034 3666 5098 hominem

2017 5121 2423 5196 invadentem,
2451 5121 2608 5196 vicit,
2635 5129 2695 5182 et
2714 5120 2842 5201 ejus
2873 5129 3053 5184 totam
3091 5122 3422 5203 proﬂigavit
3452 5134 3668 5205 poten-

2020 5211 2158 5274 tiam
2195 5229 2303 5292 per
2330 5228 2497 5273 suam
2529 5209 2852 5292 pretiosam
2883 5218 2943 5273 et
2972 5210 3144 5274 nobis
3172 5212 3490 5276 salutarem
3523 5234 3666 5297 pas-

2016 5302 2273 5375 sionem,
2306 5319 2485 5378 quam
2540 5301 2599 5362 in
2639 5318 2818 5362 cruce
2861 5299 3066 5382 subiit,
3100 5301 3324 5365 docens
3377 5323 3509 5378 nos,
3567 5306 3670 5386 qui

2015 5391 2235 5455 fuimus
2261 5391 2391 5471 ejus
2421 5389 2681 5453 victoriae
2716 5396 3105 5472 spectatores,
3140 5395 3356 5456 eodem
3389 5396 3665 5476 exemplo

2015 5486 2223 5542 contra
2246 5498 2381 5542 eum
2408 5498 2693 5563 pugnare,
2725 5487 2784 5543 et
2806 5480 2937 5561 ejus
2962 5481 3284 5561 potentiam
3312 5481 3578 5562 dejicere
3599 5502 3667 5546 ac

2017 5576 2422 5651 prosternere.
2458 5572 2592 5653 lpse
2624 5589 2763 5652 ergo
2785 5577 3017 5633 nostras
3036 5572 3269 5652 accepit
3289 5571 3661 5652 affectiones,

2017 5667 2076 5723 et
2107 5677 2273 5724 suam
2325 5660 2499 5727 nobis
2528 5660 2695 5726 dedit
2722 5659 3249 5743 impatibilitatem,
3283 5678 3420 5723 cum
3467 5668 3663 5724 tamen
