4132 6416
502 344 623 414 499

1804 351 2086 418 MENSIS
2124 324 2558 419 DECEMBER.

3771 354 3887 422 500

501 484 578 547 iis
604 484 707 567 qui
739 498 925 567 prope
957 493 1149 560 erant,
1182 502 1359 567 quam
1391 485 1466 547 iis
1490 483 1593 565 qui
1617 492 1788 548 erant
1810 484 1967 567 apud
1999 484 2129 547 inte

2214 509 2421 564 μενος,
2466 490 2555 547 καὶ
2605 488 2810 557 διδάξας
2855 491 3021 565 ἡμᾶς,
3072 496 3173 558 τῆς
3216 490 3473 555 υἱοθεσίας
3528 488 3885 557 καταξιωθέν-

500 573 877 654 ros,largitus
900 583 1058 638 esset
1079 575 1611 656 resurrectionem,
1638 582 1697 637 et
1717 574 2018 637 docuisset
2049 593 2122 637 no

2237 599 2357 653 τας,
2394 578 2665 648 ἀήττητον
2706 579 2805 647 τὴν
2850 577 2968 636 κατ’
3025 580 3183 637 αὗτοῦ
3239 592 3405 659 χεῖρα
3469 580 3669 658 φέρειν,
3733 580 3886 659 εἴπερ

502 662 566 725 in
598 663 854 726 ﬁliorum
890 664 1275 745 adoptionem
1310 664 1551 740 ascitos,
1579 666 1639 726 in
1671 683 1743 726 eo
1770 683 2011 728 manum
2043 664 2129 727 ha-

2237 666 2630 749 ἆγωνισόμεθα,
2693 669 3111 749 στεφανούμεθα.
3176 677 3265 744 Τῷ
3321 669 3412 726 οὖν
3466 670 3674 744 σώματι
3704 670 3884 739 ἡττώ-

502 752 650 816 bere
680 753 955 816 invictam
989 801 1006 829 ,
1064 761 1123 814 et
1178 753 1481 830 coronari,
1539 753 1589 815 si
1622 753 2148 818 decertaverimus.

499 843 762 924 Corpore
782 862 922 923 ergo
944 842 1255 918 vincimur,
1291 852 1349 906 et
1381 843 1668 906 vincimus
1698 843 1934 924 spiritu.
1970 842 2149 907 Cadi-

502 951 635 995 mus
663 932 724 993 in
756 932 1084 1005 interitum,
1142 940 1199 993 et
1224 931 1275 992 is
1310 950 1506 1008 casus,
1559 951 1780 1014 nempe
1814 932 2040 1001 mortis.
2078 952 2150 996 eo

496 1021 670 1085 nobis
693 1020 1029 1097 deducitur,
1082 1029 1147 1082 ut
1196 1020 1525 1083 efﬁciamur
1577 1022 1932 1104 incorrupti,
1988 1031 2046 1085 et
2076 1021 2149 1085 ab

493 1110 740 1175 interitu
793 1109 1001 1172 alieni.
1062 1110 1428 1173 Aversamur
1478 1118 1730 1172 vestram
1764 1110 2146 1187 ebrietatem,

497 1200 598 1283 qui
619 1200 736 1263 ritu
761 1199 1071 1263 brutorum
1104 1199 1280 1262 vitam
1311 1201 1509 1281 agitis,
1546 1209 1604 1262 et
1627 1199 1958 1281 angelicam
1991 1221 2148 1283 quaa-

490 1289 681 1353 rimus
707 1290 1125 1353 aeternitatem.
1157 1291 1290 1353 Non
1326 1299 1543 1352 terram
1575 1290 1747 1370 proni
1779 1298 2144 1372 spectamus,

490 1382 645 1444 sicut
673 1396 911 1461 pecora,
945 1398 1058 1441 nec
1116 1397 1252 1440 cum
1317 1377 1507 1441 simus
1544 1378 1823 1442 belluinis
1854 1379 2144 1457 moribus,

493 1468 876 1533 nominamur
909 1467 1324 1545 homines,sed
1360 1467 1547 1531 erecti
1573 1467 1790 1530 caelum
1822 1468 2144 1545 intuemur,

493 1568 707 1623 etcum
729 1558 918 1621 simus
942 1558 1003 1619 in
1036 1575 1312 1638 corpore,
1346 1560 1549 1631 vitam,
1576 1575 1709 1639 quae
1737 1558 1859 1621 illic
1887 1567 1999 1633 est,
2027 1578 2139 1622 an-

488 1649 740 1731 gelicam
769 1646 1458 1729 amplectimur.Scimus
1489 1647 1675 1709 animi
1700 1648 1887 1710 nostri
1918 1656 1975 1711 et
1997 1667 2139 1711 cor-

488 1737 654 1822 poris
682 1756 815 1801 esse
845 1744 1200 1818 perpetuum
1230 1745 1289 1798 et
1344 1736 1723 1818 implacabile
1753 1736 2003 1811 bellum,
2037 1756 2138 1800 sa-

486 1827 796 1911 pientique
852 1837 912 1890 et
964 1825 1271 1933 moderata
1326 1834 1594 1933 utentes.
1640 1827 2199 1933 ιέιιίοιιὶιιειιὶοιιει,Β

484 1935 831 1982 aversamur
871 1915 1363 1996 conjunctionem
1409 1934 1545 1978 cum
1580 1917 1693 1978 hoc
1734 1916 1962 1978 mortali
1996 1935 2133 1979 cor-

483 2026 655 2092 pore,
685 2008 934 2089 ejusque
965 2004 1336 2067 titillationes
1370 2014 1427 2067 et
1455 2024 1669 2069 suaves
1700 2005 1970 2068 libidinis
2003 2026 2133 2069 mo-

482 2098 676 2162 tiones
705 2096 939 2161 fortiter
989 2112 1387 2159 recusamus:
1449 2095 1813 2176 cogitatione
1861 2096 1919 2158 in
1946 2096 2135 2159 altum

478 2188 750 2263 exsilire,
782 2194 843 2250 et
866 2192 1135 2249 membra
1168 2183 1553 2259 mortiticare,
1601 2203 1845 2265 semper
1886 2204 2135 2250 exerce-

479 2295 616 2340 mur
637 2295 743 2359 per
771 2275 1145 2338 tolerantiam
1178 2284 1238 2337 et
1266 2290 1298 2335 a
1330 2276 1516 2336 rebus
1550 2275 1805 2355 propriis
1830 2274 2136 2338 abstinen-

477 2366 644 2430 tiam.
692 2363 930 2429 Utimur
983 2380 1123 2425 vero
1182 2381 1330 2446 pura
1401 2371 1460 2425 et
1516 2364 1835 2446 perspicua
1893 2366 2133 2428 Domini

480 2455 669 2519 nostri
701 2453 1013 2534 memoria,
1046 2463 1103 2515 et
1154 2453 1403 2517 scaturit
1442 2452 1616 2515 nobis
1647 2471 1847 2515 sermo
1880 2453 2131 2518 minime

475 2540 953 2627 perturbatus.ln
972 2560 1081 2603 nos
1104 2539 1254 2603 citra
1277 2540 1465 2602 ullum
1492 2540 1991 2622 impedimentum
2025 2561 2125 2605 ra-

474 2631 729 2695 tionales
746 2639 1068 2712 operantur
1087 2630 1359 2693 virtutes.
1382 2628 1521 2693 Haec
1545 2644 1606 2692 et
1623 2630 1719 2692 bis
1751 2630 1923 2710 plura
1954 2630 2127 2694 nobis

470 2722 717 2803 largitus
767 2730 858 2784 est
888 2723 1073 2796 Deus,
1125 2738 1258 2782 cum
1293 2720 1600 2782 hominem
1653 2719 1969 2782 induisset.
2005 2719 2126 2785 Vos

470 2822 696 2891 autem,
730 2823 786 2874 ut
820 2818 909 2873 est
940 2809 1274 2891 probabile,
1328 2808 1567 2890 corpori
1621 2810 1766 2871 estis
1795 2809 2027 2873 dediti:
2064 2820 2123 2874 et

469 2921 604 2965 cum
636 2900 873 2983 corpori
909 2899 1101 2962 dediti
1132 2899 1284 2973 sitis,
1318 2917 1423 2960 eos
1472 2899 1618 2961 deos
1652 2898 1985 2981 appellatis,
2021 2899 2123 2981 qui

469 2993 741 3056 fecerunt
773 2989 1062 3072 probrosa
1080 3007 1276 3077 'opera
1307 2988 1748 3070 ignominiaa,et
1776 3007 1984 3051 eorum
2022 3008 2121 3071 po-

468 3081 581 3146 sita
607 3080 805 3145 colitis
832 3079 1178 3161 simulacra,
1214 3086 1272 3141 et
1324 3078 1567 3141 alienati
1600 3078 1744 3141 estis
1782 3096 1816 3140 a
1866 3079 2120 3159 conjun-

460 3177 657 3236 ctione
687 3169 969 3233 virtutum
1016 3168 1375 3243 caelestium,
1440 3176 1499 3229 et
1556 3168 1613 3229 in
1646 3166 1775 3230 dies
1805 3167 2118 3247 angimini,

2237 760 2395 838 μεθα,
2454 758 2550 815 καὶ
2611 760 2840 834 νικῶμεν
2882 760 2958 835 τῷ
3015 760 3273 835 πνεύματι
3310 775 3323 789 ·
3360 760 3622 835 πίπτομεν
3651 763 3725 825 εἱς
3755 765 3881 841 $00-

2234 847 2352 923 ρὰν,
2404 849 2491 904 καὶ
2538 850 2611 911 εἷς
2669 846 2960 928 ἀφθαρσίαν
3030 850 3337 923 μεθίσταται
3389 852 3525 925 ἡμῖν
3585 851 3619 917 ἡ
3666 853 3883 917 τοιαύτη

2232 939 2455 1011 πτῶσις,
2501 936 2645 1014 λέγω
2688 935 2752 1005 δὴ
2813 945 2904 994 τοῦ
2947 939 3193 1001 θανάτου,
3269 938 3737 1016 Ἀποστρεφόμεθα
3795 943 3884 996 οὖν

2229 1025 2328 1092 τὴν
2363 1024 2477 1101 μεθ’
2507 1028 2654 1103 ὑμῶν
2684 1028 2783 1094 τὴν
2813 1025 2964 1093 δίκην
2996 1026 3206 1105 ἀλόγων
3259 1028 3410 1099 ζώων
3471 1028 3681 1099 ζώντων
3740 1030 3883 1099 ζωὴν

2230 1115 2316 1170 καὶ
2369 1112 2594 1190 δίαιταν,
2658 1117 2745 1172 καὶ
2792 1116 2891 1183 τῆν
2936 1115 3230 1194 ἀγγελικὴν
3288 1121 3646 1192 ἒπιζητοῦμεν
3703 1117 3886 1174 ἆϊδιό-

2229 1224 2391 1270 τητα.
2453 1204 2525 1263 Οὔ
2578 1204 2848 1281 βλέπομεν
2892 1205 3039 1261 κάτω
3082 1207 3156 1270 εἰς
3205 1207 3304 1285 γῆν
3350 1208 3547 1283 ὁμοίως
3581 1220 3699 1271 τοῖς
3743 1209 3882 1278 κτή-

2231 1313 2395 1369 νεσιν,
2430 1293 2466 1361 ἢ
2496 1295 2585 1350 καὶ
2614 1296 2685 1360 ὡς
2716 1296 2761 1351 οἱ
2794 1292 3083 1361 κτηνώδεις
3116 1297 3501 1373 ὀνομαζόμενοι
3558 1296 3821 1373 ἄνθρωποι
3866 1316 3879 1328 '

2230 1380 2352 1438 ἀλλ’
2410 1382 2570 1462 ὄρθιοι
2616 1385 2687 1450 εἰς
2741 1384 2833 1440 τὸν
2878 1383 3096 1462 οὖρανὸν
3156 1387 3502 1463 ἀνανεύομεν,
3536 1384 3671 1443 ὅπου
3726 1388 3886 1460 ἡμῶν

2230 1471 2291 1526 τὸ
2350 1470 2641 1546 πολίτευμα
2695 1472 2977 1553 ὑπάρχει·
3037 1471 3311 1551 διαγωγὴν
3363 1475 3461 1542 τῆν
3518 1474 3636 1532 ἐκεῖ
3692 1477 3778 1531 καὶ
3824 1475 3887 1530 ἐν

2223 1560 2432 1636 σώμᾶτι
2495 1559 2641 1625 ὄντες
2694 1561 3036 1637 ἀσπαζόμεθα
3065 1611 3081 1642 ,
3136 1564 3232 1620 καί
3283 1564 3653 1638 πνευματικὴν
3713 1564 3882 1620 πολι-

2220 1650 2365 1707 τείαν
2410 1650 2811 1730 ἐπανῃρήμεθα,
2865 1651 3101 1727 Οἴδαμεν
3162 1654 3253 1709 τὸν
3315 1652 3718 1711 ἆκατέλλακτον
3776 1660 3884 1721 τῆς

2221 1742 2407 1820 ψυχῆς
2450 1740 2605 1816 ἡμῶν
2664 1743 2751 1799 καὶ
2812 1748 2904 1798 τοῦ
2947 1743 3199 1816 σώματος
3231 1741 3454 1810 διηνεκῆ
3490 1743 3752 1818 πολεμον,
3787 1750 3889 1804 καὶ

2220 1827 2465 1907 λογισμῷ
2496 1830 2725 1909 σώφρονι
2758 1831 3036 1911 χρώμενοι
3068 1832 3168 1898 τὴν
3216 1834 3347 1910 πρὸς
3401 1834 3463 1889 τὸ
3490 1833 3684 1899 θνητόν
3716 1834 3889 1890 τοῦτο

2220 1925 2377 1993 σῶμα
2434 1919 2876 2001 ἀποστρεφόμεθα
2958 1923 3246 1978 κοινωνίαν
3330 1928 3437 1979 τῶν
3520 1925 3724 1997 παθῶν,
3785 1930 3886 1980 καὶ

2218 2009 2341 2071 τοὺς
2385 2008 2788 2087 γαργαλισμοὺς
2863 2012 3025 2069 αὐτοῦ
3074 2013 3160 2067 καὶ
3222 2012 3314 2073 τὰς
3364 2010 3681 2080 ἡδυπαθείας
3741 2015 3891 2070 πάνυ

2220 2097 2467 2162 εὒείκτως
2524 2099 2963 2177 παραιτούμεθα,
3045 2101 3131 2156 καὶ
3200 2100 3508 2178 ὑπερπηδᾷν
3567 2105 3645 2175 τῷ
3714 2102 3887 2179 λογι-

2220 2191 2362 2264 σμῷ,
2397 2188 2484 2245 καὶ
2515 2191 2729 2267 νεκροῦν
2756 2190 2823 2245 τὰ
2880 2188 3022 2264 μέλη
3073 2187 3159 2247 διὰ
3197 2191 3471 2268 καρνερίας
3504 2192 3592 2247 καὶ
3652 2192 3885 2271 ὰποχῆς

2217 2278 2323 2334 τῶν
2352 2276 2522 2347 ἡδέων
2565 2278 2644 2335 ἀεὶ
2701 2278 3097 2355 γυμναζόμεθα.
3161 2283 3431 2356 Καθαραῖς
3480 2278 3655 2337 δὲκαὶ
3711 2280 3878 2337 διαυ-

2215 2366 2333 2445 γὲσι
2386 2369 2624 2442 μνήμαις
2690 2381 2816 2431 ταῖς
2868 2370 2999 2447 πρὸς
3057 2370 3150 2424 τὸν
3196 2370 3386 2446 Κύριον
3439 2372 3596 2444 ἡμῶν
3654 2373 3879 2450 κεχρῆ-

2214 2461 2370 2532 μεθα,
2418 2462 2503 2514 καί
2535 2456 2692 2535 λόγος
2736 2460 2877 2534 ἡμῖν
2921 2459 3152 2537 πηγαζει
3198 2458 3491 2531 ἀθόλωτος,
3553 2459 3764 2539 λογικαὲ
3812 2483 3880 2519 τε

2211 2545 2456 2616 δυνάμεις
2537 2547 3016 2626 ἆπαρεμποδίστως
3127 2548 3423 2627 ἐνεργοῦσιν
3528 2551 3602 2612 εἰς
3697 2553 3874 2624 ἡμᾶς,

2210 2642 2383 2695 Ταῦτα
2442 2639 2529 2696 καὶ
2585 2636 2807 2694 πλείονα
2864 2638 3063 2695 τούτων
3095 2639 3123 2694 ὁ
3167 2641 3393 2716 Χριστος
3450 2638 3867 2717 ἐνανθρωπήσας

2209 2724 2498 2806 ἐχαρίσατο
2560 2727 2719 2801 ἡμῖν.
2768 2725 2958 2802 ἰ’μεῖς
3012 2724 3067 2782 δὲ
3112 2726 3567 2808 φιλοσωματεῖτε,
3603 2730 3688 2785 καὶ
3717 2730 3869 2809 φιλο-

2208 2824 2581 2889 σωματοῦντες
2612 2863 2628 2892 ,
2688 2818 2909 2880 εἰκότως
2982 2817 3133 2881 θεοὺς
3195 2816 3538 2895 ἂναγορεύετε
3599 2820 3721 2883 τοὺς
3777 2817 3866 2875 δε-

2207 2902 2463 2984 δρακότας
2528 2906 2594 2964 τὰ
2648 2904 2812 2982 ἄτιμα
2870 2910 2970 2973 τῆς
3021 2907 3280 2987 αἰσχύνης
3325 2905 3479 2986 ἔργα,
3527 2909 3614 2964 καὶ
3665 2906 3868 2964 εἴδωλα

2207 2996 2379 3056 αὒτῶν
2439 2996 2734 3065 στήσαντες
2793 2994 3005 3053 σέϐεσθε
3040 3045 3055 3076 ,
3143 2996 3230 3052 γαῗ
3288 3001 3387 3063 τῆς
3447 3003 3553 3053 τῶν
3613 2998 3865 3075 οὖρανὲων

2206 3083 2404 3161 ἀρετῶν
2463 3085 2740 3164 συναφείας
2788 3084 3193 3165 ῆλλοτρίωσθε,
3254 3088 3342 3142 καὶ
3400 3083 3673 3142 ὀδυνᾶσθαι
3746 3087 3861 3142 κ;.θ’

2206 3172 2436 3240 ἑκάστην
2490 3173 2550 3229 οὒ
2608 3172 2773 3249 μόνον
2830 3172 2915 3229 ἒπὶ
2960 3189 3085 3237 ταῖς
3144 3174 3412 3250 ἀτυχίαις,
3469 3173 3605 3230 ἀλλὰ
3649 3175 3734 3228 καὶ
3766 3174 3862 3228 ἐπὶ

465 3281 585 3325 non
629 3260 824 3324 solum
860 3267 1105 3341 propter
1134 3275 1235 3320 res
1286 3256 1586 3338 adversas,
1632 3257 1737 3319 sed
1770 3257 1947 3319 etiam
1982 3276 2119 3338 pro-

2214 3274 2329 3325 ταῖς
2385 3263 2698 3341 ὑπερόγκοις
2759 3260 2854 3318 καΐ
2932 3260 3293 3339 ὀνειροπόλοξς
3352 3267 3442 3317 τοῦ
3495 3262 3610 3335 βίον
3670 3260 3862 3317 τούτου

466 3345 601 3432 pter
629 3349 983 3423 insolentes,
1020 3356 1079 3409 et
1110 3366 1238 3429 quae
1268 3347 1328 3408 in
1360 3347 1596 3409 somnis’
1633 3347 1955 3428 agitantur,
2000 3347 2117 3409 hu-

458 3440 561 3520 jus
591 3437 727 3502 vitaa
758 3437 1093 3500 felicitates.
1127 3437 1246 3497 Vos
1306 3454 1424 3498 non
1474 3437 1667 3499 solum
1699 3454 1973 3517 corpore,
2010 3437 2116 3499 sed

468 3528 645 3591 etiam
673 3526 872 3590 anima
902 3525 1203 3589 morimini
1233 3525 1305 3588 ad
1329 3545 1492 3602 eum,
1527 3526 1625 3607 qui
1669 3544 1969 3606 nunquam
2001 3526 2112 3588 de-

470 3619 632 3695 sinit,
664 3617 997 3681 interitum.
1030 3615 1150 3679 No:
1179 3627 1381 3679 autem
1412 3634 1446 3678 a
1477 3615 1733 3680 Domino
1753 3623 1955 3677 nostro
1970 3615 2114 3679 Jesu

465 3708 703 3773 Christo
764 3707 1124 3783 didicimus,
1187 3707 1478 3769 viventem
1561 3705 1835 3782 Spiritum
1898 3724 2115 3787 corpus

465 3816 725 3880 quoque,
750 3796 910 3876 quod
943 3795 1221 3859 omnibus
1245 3795 1549 3858 communi
1571 3794 1820 3857 solvitur
1842 3795 2111 3870 interitu,

464 3906 672 3952 rursus
695 3887 985 3954 animare.
1006 3893 1064 3948 et
1093 3886 1165 3947 ad
1185 3885 1690 3948 immortalitatem
1716 3883 1769 3947 ei
1790 3886 2112 3948 essentiam

465 3977 758 4061 praebere.
790 3975 927 4040 Haec
957 3994 1097 4056 ergo
1128 3975 1391 4039 brevitcr
1421 3994 1553 4036 sum
1589 3983 2038 4056 persecutus,ut
2058 3983 2118 4039 et

467 4077 569 4131 tuo
603 4066 834 4131 Platoni
867 4085 1103 4148 parens,
1136 4075 1192 4128 et
1221 4085 1255 4128 a
1299 4084 1393 4127 me
1446 4065 1686 4127 discens
1716 4084 1788 4128 ea
1818 4086 1952 4145 qua:
1981 4084 2119 4129 vera

466 4166 627 4234 sunt,
660 4158 971 4220 renuuties
1002 4155 1318 4238 parricidm
1339 4156 1414 4217 de
1437 4164 1539 4218 tuo
1557 4164 1615 4218 et
1636 4156 1878 4219 amabili
1908 4175 2118 4238 cygno,

467 4246 568 4330 qui
602 4247 853 4309 multum
886 4248 988 4310 ﬂet
1008 4253 1255 4327 prepter
1284 4253 1536 4307 mortem
1561 4264 1804 4308 suorum
1834 4246 2117 4311 ﬁliorum.

547 4335 975 4400 XXVIII.Dixit
1006 4354 1225 4418 praeses
1249 4334 1602 4414 Agricolaus
1632 4356 1645 4398 :
1669 4337 1802 4398 Non
1826 4336 2126 4415 potuimus

468 4445 579 4489 nos
606 4424 944 4489 divinorum
973 4436 1030 4487 et
1064 4441 1414 4503 magnorum
1449 4442 1658 4503 regum
1702 4424 1949 4484 virtutes
1997 4423 2124 4483 dis-

467 4533 744 4592 cernere,
776 4515 882 4577 sed
942 4513 1134 4576 solum
1194 4514 1268 4575 iis
1325 4512 1597 4586 credere,
1650 4529 1781 4593 quae
1817 4512 2129 4589 jusserunt

2204 3350 2501 3429 εὐτυχίαις.
2558 3349 2747 3423 ἰ’μεϊς
2781 3352 2841 3408 οὗ
2897 3350 3059 3425 μόνον
3118 3349 3350 3423 σώματι,
3399 3348 3537 3408 ἀλλὰ
3585 3352 3672 3407 καὶ
3703 3354 3861 3429 ψυχῇ

2200 3437 2785 3519 ἆποθνήσκετε,ὖιμεῖς
2846 3437 2899 3493 δὲ
2947 3438 3059 3513 ἅμα
3115 3444 3193 3512 τῷ
3246 3440 3404 3509 ζῶντι
3464 3441 3724 3514 πνεύματι
3781 3461 3852 3495 κα

2197 3529 2259 3583 τὸ
2302 3532 2480 3603 σῶμα,
2512 3530 2572 3584 τὸ
2620 3541 2732 3593 τοῖς
2767 3534 2896 3585 πᾶσι
2940 3534 3093 3604 κοινῇ
3151 3529 3409 3603 λυόμενον
3447 3532 3633 3608 φθορᾷ,
3670 3533 3856 3607 ψύχεα-

2198 3620 2489 3695 γωγεῖσθαι
2549 3618 2693 3680 αὖθις
2769 3619 2860 3689 καὶ
2937 3619 3009 3682 εἰς
3091 3617 3375 3673 ἀθανασίαν
3434 3617 3865 3675 οὔσιοποιεῖσθαι

2196 3707 2297 3763 ὑπὸ
2354 3713 2446 3763 τοῦ
2502 3709 2687 3786 Κυρίου
2745 3708 2901 3783 ἡμῶν
2956 3706 3136 3773 ἰησοῠ
3196 3713 3419 3785 Χριστοῦ
3474 3704 3863 3786 ἐδιδάχθημεν,

2199 3803 2371 3855 Ταῦτα
2403 3797 2573 3855 τοίνυν
2601 3801 2657 3854 ἓν
2701 3796 2943 3871 ἐπιτόμῳ
2971 3794 3258 3868 διεξῆλθον,
3304 3796 3397 3853 ἵνα
3458 3798 3545 3853 καὶ
3599 3798 3676 3870 τῷ
3704 3802 3861 3875 σοφῷ

2201 3908 2293 3943 σου
2352 3885 2597 3944 Πλάτωνι
2656 3885 2917 3960 πεισθεὶς,
2974 3887 3062 3942 καὶ
3114 3883 3238 3961 παρ’
3284 3886 3413 3958 ἐμοῦ
3442 3885 3650 3955 τάληθῆ
3709 3883 3863 3943 διδα-

2198 3976 2381 4057 χθεὶς,
2439 3975 2680 4052 ἆποτάξῖ,
2737 3978 2812 4048 τῷ
2842 3973 3131 4049 πατραλοῖα
3191 3976 3272 4029 Διὶ
3321 3977 3398 4048 τῷ
3449 3977 3551 4048 θεῷ
3604 3998 3721 4046 σου⁹

2200 4052 2531 4145 ἐπαφρόδίτῳ
2561 4066 2757 4138 κύκνῳ,
2782 4070 2868 4136 ,τῷ
2925 4060 3103 4118 πολλὰ
3148 4059 3377 4120 κλαίοντι
3428 4064 3519 4119 ἐπὶ
3578 4072 3655 4139 τῷ
3698 4052 3873 4123 Gavi;

2203 4179 2279 4231 τῳ
2306 4160 2414 4212 τῶν
2444 4154 2642 4210 τέκνων
2676 4153 2855 4213 αὖτοῦ.

2293 4329 2426 4391 ΚΗ⁹,
2491 4327 2839 4405 Ἀγρικόλαος
2885 4330 3058 4385 εἰπεῖν
3096 4345 3109 4359 ·
3146 4331 3252 4387 Οὔκ
3308 4333 3422 4388 οἷοί
3480 4356 3536 4390 τε
3590 4339 3871 4407 καθεστή-

2208 4440 2378 4492 καμεν
2412 4421 2571 4492 ἡμεῖς
2598 4418 2691 4481 τὰς
2745 4423 2851 4473 τῶν
2910 4417 3161 4497 μεγάλων
3220 4425 3313 4477 καλι
3358 4424 3645 4480 θειοτάτων
3702 4426 3867 4501 βασι-

2210 4507 2345 4564 λέων
2397 4507 2585 4585 ἀρετὰς
2640 4505 3010 4584 διαγινώσκειν
3044 4555 3059 4583 ,
3125 4508 3261 4566 ἀλλὰ
3313 4511 3474 4585 μόνον
3529 4513 3697 4569 εἴκειν
3740 4520 3873 4576 τοῖς

465 4605 882 4686 imperatores.
919 4602 1317 4676 Quamobrem
1353 4612 1629 4665 cessante
1659 4606 1821 4662 omni
1850 4618 2129 4681 superva-

2214 4596 2583 4674 προστάγμασι
2640 4602 2745 4652 τῶν
2804 4598 3159 4673 κρατούντων.
3222 4599 3381 4657 Ὅθεν
3443 4602 3617 4669 πάσης
3676 4625 3874 4674 περιτ-

470 4713 655 4757 cauea
684 4694 956 4757 oratione
988 4701 1048 4755 et
1078 4692 1558 4773 dilatione,veni,
1592 4702 1649 4752 et
1679 4690 1796 4751 diis
1829 4691 2121 4770 sacrifica,

468 4783 693 4866 alioqui
768 4782 1206 4865 periclitaberis
1301 4782 1487 4843 multa
1569 4779 1906 4860 supplicia,
1995 4797 2126 4861 quae

470 4892 773 4956 nunquam
824 4873 1123 4936 audivisti.
1187 4872 1443 4935 Sanctus
1503 4870 1654 4932 dixit
1713 4868 2044 4932 Eustratius
2106 4888 2120 4930 :

471 4963 588 5027 Cur
618 4982 727 5026 nos
775 4981 916 5042 ergo
976 4961 1169 5024 fecisti
1217 4967 1448 5024 tantum
1510 4959 1731 5021 laboris
1778 4977 2015 5040 capere,
2064 4967 2125 5021 et

470 5071 593 5116 non
625 5052 736 5114 hoc
795 5051 898 5114 diu
948 5060 1091 5114 ante
1121 5050 1409 5130 cmpisti?
1463 5047 1635 5111 Tunc
1676 5047 1852 5129 jubet
1899 5049 2120 5111 lectum

471 5141 671 5206 aﬂ‘erri
702 5141 988 5217 ferreum,
1025 5147 1084 5203 et
1127 5139 1379 5202 multum
1430 5140 1627 5218 ignem
1677 5137 2000 5211 substerni,
2061 5153 2125 5203 ut

468 5233 601 5312 ipse
622 5232 950 5305 arderet,et
982 5229 1249 5293 candens
1279 5229 1647 5301 evaderet,et
1674 5236 1941 5290 sanctum
1973 5226 2123 5290 Ore-

472 5329 623 5383 stem
684 5319 1053 5402 primum_ei
1093 5318 1269 5402 jubet
1314 5318 1563 5400 imponi,
1618 5327 1677 5381 et
1723 5317 1869 5381 dicit
1919 5326 2124 5380 sancto

473 5409 810 5473 Eustratio:
845 5400 1108 5490 [Equum
1149 5416 1261 5491 est,
1315 5418 1378 5471 ut
1410 5429 1568 5486 cum,
1606 5428 1737 5490 qum
1789 5417 1847 5469 te
1881 5416 2127 5470 manent

472 5497 789 5579 supplicia,
823 5497 987 5581 prius
1018 5500 1079 5561 in
1116 5498 1251 5561 aliis
1280 5500 1467 5562 fueris
1498 5498 1956 5580 contemplatus,
1986 5506 2126 5559 tunc

474 5587 691 5652 subeas
712 5597 1101 5668 tormentum,
1128 5598 1190 5651 ut
1212 5589 1675 5652 constantiorem
1699 5586 1977 5650 ostendas
1999 5586 2126 5647 for-

466 5677 796 5746 ‘itudinem.
823 5681 1085 5746 Sanctus
1135 5698 1275 5742 vero
1328 5681 1567 5744 Orestes
1601 5695 1740 5740 cum
1785 5674 1859 5738 ad
1902 5675 2125 5739 lectum

2210 4684 2452 4763 τριλογίας
2502 4685 2599 4742 καὶ
2656 4684 2925 4753 ἀναϐολῆς
2986 4687 3251 4765 ἀργούσῃ
3297 4689 3531 4756 ἀποστὰς
3573 4741 3588 4770 ,
3627 4694 3873 4771 προσελ-

2205 4778 2311 4833 θὼν
2351 4779 2504 4833 θῦσον
2548 4790 2664 4838 τοῖς
2720 4779 2863 4839 θεοῖς
2899 4792 2912 4806 ⁸
2977 4776 3092 4834 ἐπεὶ
3164 4780 3464 4857 πειραθᾶσῃ
3522 4782 3866 4857 βασανιστη-

2207 4868 2329 4944 ρίων
2386 4866 2669 4944 ὀργάνων,
2726 4867 2800 4922 ὦν
2859 4868 2919 4923 οὗ
2972 4867 3191 4924 πώποτε
3250 4867 3509 4935 ἤκουσας,
3579 4870 3640 4929 ’0
3704 4867 3869 4949 ἅγιος

2209 4956 2520 5034 Εὖστράτξος
2579 4956 2782 5012 εἶπεν·
2847 4956 2904 5013 Τί
2962 4957 3050 5013 οὖν
3107 4957 3305 5019 κόπους
3361 4960 3498 5032 ἡμῖν
3559 4960 3871 5044 παρέσχες,

2206 5048 2294 5103 καὶ
2355 5045 2432 5122 μῆ
2492 5047 2593 5122 πρὸ
2653 5043 2855 5102 πολλοῦ
2912 5052 3066 5102 τοῦτο
3125 5047 3409 5123 εἰργάσως
3462 5048 3592 5106 Τότε
3651 5043 3875 5109 κελεύει

2207 5135 2393 5205 κλίνην
2448 5135 2665 5213 σιδηρᾶν
2735 5135 3073 5214 ἐνεχθῆναι,
3134 5137 3221 5191 καὶ
3304 5137 3702 5214 ὑποστρωθῆναι
3759 5151 3879 5222 πῦρ

2207 5225 2341 5284 πολὺ
2375 5273 2390 5300 ,
2465 5225 2602 5282 ὥστε
2678 5224 2842 5291 αὐτὴν
2926 5227 3362 5302 πυρακτωθεϊσαν
3447 5230 3876 5304 σπινθηρακώδη

2207 5317 2446 5395 γενέσθαι
2485 5330 2497 5345 ·
2546 5315 2635 5369 καὶ
2677 5315 2769 5368 τὸν
2812 5313 2964 5391 ἅγιον
3014 5312 3273 5383 Ὀρέστην
3316 5322 3527 5392 πρῶτον
3584 5317 3672 5374 ἐπ’
3723 5322 3877 5399 αὗτῇ

2207 5404 2509 5470 ἐπιτεθῆναι
2555 5399 2832 5475 κελεύσας,
2892 5400 3035 5479 λέγει
3080 5404 3209 5479 πρὸς
3268 5405 3364 5459 τὸν
3407 5403 3560 5482 ἅγιον
3621 5408 3870 5486 Εὔστρνέ-

2205 5516 2317 5552 τιον
2352 5510 2365 5523 ’
2420 5490 2632 5548 Δι’καιόν
2673 5493 2788 5546 ἐστι
2838 5492 2926 5554 τὰς
2975 5494 3235 5568 μενούσας
3291 5516 3349 5549 σε
3393 5495 3652 5573 τιμωρίας
3717 5507 3880 5573 πρῶ-

2208 5606 2297 5640 τον
2328 5583 2382 5639 ἐν
2426 5580 2608 5643 ἄλλοις
2651 5583 2938 5660 θεωρῆσαι,
2988 5581 3079 5637 καί
3126 5586 3184 5639 τὸ
3229 5591 3519 5650 τηνικαῦτα
3568 5588 3875 5661 ὕπομεῖναι

2205 5674 2301 5742 τὴν
2355 5670 2607 5748 βάσανον,
2670 5669 2758 5727 ἵνα
2808 5671 3215 5752 εὖσταθεστὲραν
3258 5674 3357 5742 τῆν
3413 5675 3690 5757 καρτερίαν
3736 5676 3873 5734 ἄνευ
