4132 6404
255 360 372 428 501

1154 353 1628 418 MARTYRIUM
1671 352 1737 415 S.
1784 349 2201 416 EUSTRATII
2246 351 2343 414 ET
2386 350 2787 414 SOCIORUM.

3548 347 3671 416 502

260 493 513 573 πιδείξῃ.
565 486 627 554 Ὀ
671 492 728 551 δὲ
775 493 934 573 ἅγιος
987 482 1241 571 Ὀρέστης
1278 489 1638 568 ἆπυγόμενος,
1683 485 1967 544 ἑδειλίασει

2021 486 2442 563 adduceretur,
2477 487 2713 550 timuit:
2747 493 2808 548 et
2836 491 3109 549 sanctum
3139 486 3382 550 intuens
3410 488 3660 552 Eustra-

255 589 342 643 καὶ
403 583 828 664 προσεσχηκὼς
862 588 943 657 τῷ
983 582 1116 662 ἁγίῳ
1159 578 1459 654 Εὖστρατίῳ
1514 583 1668 664 εἶπεν
1702 596 1717 612 ⁸
1782 576 1934 641 Εὗξαι

253 676 385 751 ὑπὲρ
448 660 753 751 έμοῦ,ηὸτι
808 673 1002 748 κάμνει
1036 660 1163 747 *μου
1209 672 1237 726 6
1281 667 1561 747 λογισμός.
1600 660 1657 725 Ὀ
1703 665 1759 722 δὲ
1790 666 1933 722 ἀπο-

254 768 453 843 κριθεὶς
504 768 675 822 εἶπεν
707 764 853 836 αὒτῷ
884 778 900 794 ⁶
958 761 1046 827 Μὴ
1096 757 1370 837 ὀλιγώρει,
1417 755 1609 836 ἀδελφέ
1659 755 1880 833 Ὀρέστα
1918 771 1932 787 ⁸

252 857 286 924 ἡ
314 857 411 911 θέα
457 854 578 932 γὰρ
620 852 784 928 μόνον
828 850 949 931 ἔχει
978 852 1069 906 τὸν
1113 846 1277 928 φόϐον
1306 863 1320 879 ⁶
1373 846 1620 913 αἴσθησις
1664 844 1719 901 δὲ
1751 845 1811 903 οὒ
1855 845 1933 919 μὴ

255 966 336 1001 σοι
396 943 673 1022 γένηται,
742 940 834 996 ἐὰν
902 938 1102 1018 θαῤῥῶν
1198 935 1493 1016 προσέλθῃς
1523 951 1536 965 ⁸
1615 936 1931 1012 παρίσταται

255 1035 354 1111 γὰρ
404 1036 566 1107 ἡμῖν
624 1034 655 1088 6
721 1031 853 1093 Θεὸς
928 1030 1136 1106 βοηθῶν
1212 1028 1302 1083 καὶ
1383 1022 1927 1099 ἀντιλαμϐανόμενος.

258 1124 536 1197 Μέμνησο
595 1125 698 1189 τῆς
744 1119 1122 1199 γενναιότητος
1178 1117 1273 1173 τοῦ
1314 1116 1467 1194 ἁγίου
1523 1113 1794 1179 Αὗξεντίου
1844 1115 1933 1170 καὶ

261 1219 364 1268 τῶν
407 1212 635 1268 λοιπῶν
692 1210 881 1287 ἁγίων,
942 1208 1032 1264 καὶ
1088 1206 1165 1283 μὴ
1239 1205 1438 1284 χείρων
1495 1204 1639 1266 τινός
1708 1207 1879 1283 φανῇς
1916 1222 1930 1239 ’

266 1303 454 1380 μικρὸν
486 1301 627 1380 γὰρ,
661 1299 850 1377 μικρὸν
898 1297 1043 1353 ὅσον⁹
1074 1297 1163 1352 καὶ
1216 1292 1453 1369 ἐκλείψει
1511 1295 1676 1349 ταῦτα
1709 1311 1722 1325 ’
1785 1291 1932 1367 μένει

272 1390 322 1446 δὲ
383 1389 532 1465 ῆμϊν
591 1389 652 1445 ἐν
710 1387 957 1466 οὐρανοῖς
1013 1385 1274 1463 θησαυρὸς
1337 1382 1710 1449 ἀτελεύτητος.
1759 1388 1934 1439 Ταῦτα

277 1481 503 1544 ἀκούσας
563 1481 595 1535 6
659 1476 919 1552 Ὀρέστης
1008 1474 1264 1553 ἐθάρσησε
1302 1521 1318 1552 ,
1406 1473 1493 1529 καὶ
1570 1469 1790 1550 ἀνδρείῳ
1859 1477 1936 1543 τῷ

283 1571 575 1650 φρονήματι
635 1564 950 1645 προσελθὼν
1000 1563 1191 1639 ἥλατο,
1258 1566 1348 1619 καὶ
1423 1561 1552 1627 ἔστη
1609 1561 1790 1618 ὲποίνω
1846 1563 1953 1617 τοῦσ

292 1656 766 1735 πεπυρακτωμένου
873 1651 1166 1727 κραόϐἀτου
1267 1651 1468 1711 ἐκείνου
1491 1699 1506 1729 ,
1593 1652 1681 1707 καὶ
1762 1672 1937 1706 κατα-

304 1749 573 1826 cep-nisa;
636 1745 828 1802 ἑαυτὸν
851 1791 867 1816 ,
936 1741 1230 1821 παραυτίκα
1288 1739 1584 1803 ἀνακλιθεὶς
1620 1785 1636 1813 ,
1708 1738 1936 1807 ὴπλώθη

2018 577 2190 648 tium,
2214 577 2363 639 dixit
2400 579 2549 640 :Ora
2575 594 2680 655 pro
2705 593 2838 651 me;
2863 575 3090 638 laborat
3129 576 3293 638 enim
3321 577 3469 640 mihi
3492 580 3660 658 cogi-

2017 668 2180 729 tatio.
2209 665 2469 729 Sanctus
2523 675 2720 728 autem
2769 664 3085 745 respondit
3131 664 3500 730 Eustratius:
3535 666 3668 730 Noli

2017 755 2284 817 animum
2314 754 2715 835 despondere,
2768 755 2952 816 frater
2995 752 3229 817 Oresta.
3279 754 3457 818 Solus
3503 756 3667 819 enim

2016 852 2292 925 aspectus
2312 845 2481 907 affert
2505 844 2778 906 timorem
2802 850 2862 904 et
2898 845 3259 916 cruciatum;
3294 845 3492 906 nullus
3523 864 3667 910 vero

2017 934 2151 1013 ejus
2171 932 2280 994 tibi
2301 932 2493 994 aderit
2514 950 2749 1007 sensus,
2778 932 2826 993 si
2843 932 3125 995 audacter
3150 941 3209 995 et
3238 934 3442 995 ﬁdenti
3464 936 3666 998 animo

2017 1023 2366 1086 accesseris.
2400 1021 2535 1104 Ipse
2569 1027 2727 1084 enim
2759 1020 3049 1085 Dominus
3078 1021 3248 1085 adest
3287 1023 3460 1085 nobis
3487 1023 3671 1105 adju-

2021 1121 2133 1187 tor,
2165 1120 2223 1174 et
2247 1130 2354 1174 nos
2384 1112 2680 1175 defendit.
2704 1110 3002 1175 Memento
3027 1113 3446 1191 generositatis
3474 1117 3668 1178 sancti

2017 1201 2319 1276 Auxentii,
2353 1210 2414 1263 et
2462 1202 2834 1283 reliquorum
2894 1208 3281 1283 sanctorum;
3345 1220 3542 1284 neque
3592 1205 3669 1268 iis

2018 1293 2275 1356 videaris
2303 1291 2590 1366 deterior,
2625 1292 2753 1354 haec
2783 1290 2945 1354 enim
2999 1309 3139 1354 mox
3168 1292 3454 1356 deﬁciunt
3482 1311 3496 1357 :
3533 1301 3666 1358 ma-

2018 1390 2123 1445 net
2144 1390 2340 1444 autem
2373 1400 2483 1443 nos
2511 1383 2853 1456 thesaurus,
2889 1382 2997 1459 qui
3051 1398 3168 1443 non
3202 1388 3397 1462 potest
3419 1383 3665 1447 auferri.

2018 1471 2155 1536 llaec
2185 1489 2318 1533 cum
2353 1479 2593 1534 sanctus
2635 1469 2963 1533 audivisset
3000 1470 3270 1545 Orestes,
3316 1472 3557 1536 audenti
3606 1483 3672 1537 et

2019 1561 2156 1624 forti
2204 1562 2403 1623 animo
2434 1560 2689 1641 insiluit,
2732 1568 2794 1622 et
2841 1559 3007 1622 stetit
3034 1577 3217 1641 supra
3247 1560 3500 1640 ignitum
3532 1581 3670 1642 gra-

2022 1651 2245 1725 batum,
2281 1669 2417 1713 cum
2471 1668 2537 1712 se
2585 1655 2905 1729 signasset,
2957 1658 3016 1712 et
3046 1651 3243 1713 statim
3279 1652 3668 1728 accumbens,

2020 1747 2141 1802 toto
2174 1757 2428 1821 corpore
2459 1757 2525 1802 se
2557 1739 2841 1819 expandit
2890 1757 3072 1820 supra
3101 1741 3336 1821 ignem;
3370 1750 3431 1804 et
3461 1761 3674 1823 magna

316 1835 416 1907 ὅλῳ
458 1843 529 1908 τῷ
595 1834 808 1908 σώματι
868 1832 955 1888 ἐπὶ
1009 1840 1101 1890 τοῦ
1157 1833 1342 1909 πυρὸς,
1404 1832 1493 1886 καὶ
1549 1828 1686 1885 οὕτω
1741 1826 1967 1905 κράξαςι

2023 1847 2163 1892 voce
2214 1829 2504 1902 clamans,
2558 1828 2749 1890 dixit:
2813 1827 3067 1891 Domine
3110 1828 3258 1892 Jesu
3314 1830 3574 1907 Christe,
3605 1832 3670 1895 in

320 1931 459 2002 φωνῇ
513 1923 729 2000 μεγάλῃ,
797 1922 951 2000 Κύριε
977 1967 994 1995 ,
1056 1923 1130 1985 εἰς
1203 1933 1397 2000 χεῖρας
1455 1939 1548 1975 σου
1606 1920 1933 1997 παρατίθημι

2020 1936 2233 1979 manus
2307 1927 2435 1979 tuas
2497 1917 2856 1980 commendo
2915 1918 3195 1997 spiritum
3275 1938 3524 2001 meum,
3609 1930 3673 1984 et

314 2015 369 2069 τὸ
642 2034 769 2092 μου,
830 2009 1106 2089 παρέδωκε
1163 2011 1261 2077 τὴν
1312 2010 1523 2088 ψυχήν.
1583 2008 1934 2087 Ἐπεφώνησε

2019 2007 2273 2072 Domino
2324 2015 2588 2069 sanctam
2645 2024 2814 2069 suam
2861 2006 3108 2070 tradidit
3139 2007 3418 2071 animam.
3451 2011 3671 2073 Accla-

300 2100 350 2157 δὲ
388 2105 523 2176 αὖτῴ
583 2105 613 2158 6
663 2102 813 2180 ἅγιος
889 2100 1213 2179 Εὖστράτιος
1273 2101 1336 2156 τὸ
1389 2100 1586 2173 Ἀμήν.
1651 2100 1748 2155 Καὶ
1798 2098 1935 2172 μετᾶ

2020 2097 2197 2160 mavit
2245 2105 2441 2159 autem
2495 2104 2738 2159 sanctus
2778 2094 3116 2158 Eustratius
3148 2116 3164 2157 :
3199 2099 3419 2171 Amen,
3453 2107 3514 2161 et
3540 2109 3668 2163 sta-

288 2199 439 2249 ταῦτα
499 2191 822 2268 προσέταξεν
880 2193 908 2247 6
979 2192 1198 2267 ἡγεμὼν
1254 2190 1344 2246 τὸν
1405 2188 1561 2267 ἅγιον
1617 2186 1933 2265 Εὖστράτιον

2019 2188 2121 2248 tim
2148 2187 2331 2268 jussit
2374 2186 2723 2266 Agricolaus
2754 2196 3028 2247 sanctum
3060 2185 3419 2250 Eustratium
3450 2188 3666 2253 abduci

288 2282 352 2347 εἷς
405 2283 507 2348 τὴν
566 2281 800 2361 φρουρὰν
858 2281 1243 2359 εἰσενεχθῆναι.
1312 2277 1525 2356 Ἀχθεὶς
1588 2275 1643 2333 δὲ
1708 2278 1780 2339 είς
1832 2278 1932 2344 τὴν

2019 2278 2078 2338 in
2106 2274 2578 2348 custodiam.Qui
2613 2293 2750 2337 cum
2780 2283 3103 2339 consuetas
3137 2294 3348 2357 preces
3377 2276 3501 2341 Deo
3522 2279 3668 2341 emi-

288 2369 548 2450 φυλακην,
595 2368 692 2426 καί
746 2370 840 2426 τὰς
894 2369 1134 2434 συνήθεις
1190 2373 1268 2441 τῷ
1312 2374 1429 2441 Θεῷ
1470 2367 1790 2443 ἀναπέμψας
1839 2370 1932 2426 εὖ·

2019 2367 2212 2446 sisset,
2248 2373 2307 2426 et
2359 2364 2667 2443 famulum,
2703 2365 2807 2445 qui
2865 2372 2992 2428 erat
3022 2383 3158 2427 cum
3225 2384 3321 2445 eo,
3375 2377 3662 2446 vocasset,

281 2462 399 2540 χὰς,
448 2459 682 2517 ἐκάλεσε
734 2461 826 2514 τὸν
884 2459 1107 2515 σδνόντα
1163 2461 1308 2532 αὖτῷ
1364 2456 1602 2536 οίκέτην,
1657 2458 1745 2514 καὶ
1788 2454 1932 2532 λέγει

2019 2456 2168 2517 dicit
2195 2454 2298 2517 ei:
2352 2453 2499 2534 Age,
2549 2454 2658 2532 ﬁli,
2713 2453 2921 2516 faciam
2979 2461 3424 2518 testamentum.
3478 2459 3668 2539 Spero

280 2551 409 2623 αὒτῴ
449 2571 463 2582 ·
535 2549 700 2626 Φέρε,
759 2548 968 2621 τέκνον,
1024 2545 1283 2622 διάθωμαι
1321 2566 1334 2581 ’
1393 2545 1592 2618 ἓλπίζω
1648 2547 1748 2625 γὰρ
1781 2546 1933 2625 κάγὼ

2019 2546 2176 2607 enim
2200 2545 2350 2615 fore,
2383 2550 2448 2605 ut
2478 2562 2587 2622 ego
2619 2562 2856 2624 quoque
2886 2562 3021 2607 cras
3069 2544 3249 2608 sistar
3286 2554 3426 2610 ante
3453 2547 3667 2612 Domi-

273 2647 335 2713 τῇ
378 2639 570 2716 αὔριον
604 2644 944 2715 παραστῆναι
968 2642 1045 2710 τῷ
1080 2637 1325 2712 Δεσπότῃ
1356 2658 1456 2711 μου
1492 2643 1725 2715 Χριστῷ,

2020 2654 2159 2696 num
2193 2652 2389 2696 meum
2422 2634 2751 2698 Christum.
2877 2653 2880 2656 ’

350 2728 498 2788 ΚΘ’.
547 2726 897 2807 Ἐνεχθέντος
938 2724 995 2782 δὲ
1042 2726 1182 2799 αὒτῷ
1224 2727 1450 2805 χάρτου,
1498 2724 1695 2783 διέθετο
1746 2727 1931 2802 σημά-

2100 2722 2314 2788 ΧΧΙΧ.
2352 2722 2566 2786 Charta
2595 2731 2795 2785 autem
2826 2723 2884 2786 ei
2932 2723 3136 2801 allata,
3168 2725 3309 2789 fecit
3337 2734 3668 2791 testamen-

271 2842 357 2883 νας
414 2819 478 2876 ἐν
538 2820 709 2888 αὐτῷ,
771 2816 910 2874 ὥστε
995 2817 1055 2873 τὸ
1109 2816 1262 2894 ἅγιον
1318 2816 1477 2872 αὖτοῦ
1540 2813 1788 2890 λείψανον
1861 2818 1931 2879 είς

2021 2824 2168 2890 tum,
2202 2816 2261 2875 in
2294 2832 2364 2874 eo
2392 2812 2757 2892 signiﬁcans,
2792 2831 2859 2875 se
2904 2813 3073 2894 velle,
3087 2825 3323 2878 sanctas
3353 2836 3492 2880 suas
3519 2818 3669 2881 reli-

269 2912 362 2977 τῆν
453 2908 878 2984 Ἀραυρακηνῶν
979 2888 1406 2975 ἀποκοσμιθῆναι
1491 2888 1760 2983 πολίχνην
1848 2907 1936 2961 καὶ

2020 2888 2190 2983 quias
2214 2901 2418 2964 eﬂ'erri
2449 2888 2511 2961 in
2547 2900 2895 2980 oppidulum
2930 2888 3673 2981 A‘rabracinorummtillic

272 3002 641 3066 κατατεθῆναι
698 2996 837 3057 ἐκεῖ,
916 2993 1113 3063 Μηδενὶ
1202 2992 1257 3050 δὲ
1342 2992 1536 3059 ἐξεῖναι
1593 2994 1655 3049 τὸ
1717 2992 1934 3051 σύνολον

2021 2990 2239 3071 deponi
2270 3009 2286 3065 ;
2323 2988 2551 3051 nemini
2585 3008 2722 3065 vero
2762 2989 2949 3052 licere
2979 2992 3228 3054 omnino
3270 3011 3371 3055 eas
3400 3003 3664 3077 tangere,

269 3089 537 3145 ἅπτεσθαι
596 3088 810 3163 τούτου,
868 3083 1009 3141 ἀλλὰ
1059 3085 1200 3141 σῶον
1256 3084 1382 3142 αὐτὸ
1454 3085 1806 3148 κατατεθῆναι
1880 3080 1935 3137 ἐν

2020 3082 2124 3143 sed
2157 3080 2347 3141 salvas
2374 3098 2508 3149 esse
2538 3079 2928 3160 deponendas
2987 3081 3049 3142 in
3098 3082 3257 3161 loco,
3292 3084 3393 3164 qui
3422 3094 3667 3150 vocatur

272 3180 419 3252 τόπῳ
482 3178 596 3233 τινὶ
659 3173 974 3249 καλουμένῳ
1044 3170 1423 3246 Ἀναλιϐόζορα
1490 3170 1602 3243 ἅμα
1661 3184 1778 3261 τοῖς
1841 3192 1967 3259 ιτε-⁴

2020 3169 2661 3261 Αηεὶίοοαοηιηείῐηυί
2712 3188 2849 3232 cum
2904 3171 3200 3261 Auxentio
3255 3183 3316 3236 et
3371 3171 3583 3238 Oreste
3610 3185 3672 3239 et

274 3268 554 3324 λειωθετσι
620 3265 714 3320 σὺν
800 3264 945 3337 αὒτῴ
1011 3263 1177 3341 ἁγίοις
1268 3262 1536 3340 Εὒγενὶῳ,
1630 3259 1932 3339 Μαρδαρίῳ.

2022 3260 2313 3322 Mardario
2346 3266 2404 3321 et
2436 3259 2701 3337 Eugenio
2730 3260 3055 3340 ;quoniam
3095 3261 3154 3323 hi
3183 3263 3374 3326 sancti
3402 3273 3670 3329 sanctum

278 3356 509 3435 Ὀρέστῃ
538 3356 634 3411 καὶ
668 3351 945 3425 Αὖξεντίῳ.
982 3349 1202 3419 Ἐπειδὴ
1247 3353 1294 3409 οἱ
1339 3351 1482 3429 ἅγιοι
1526 3350 1665 3408 οὗτοι
1722 3350 1935 3429 καθώρ-

2021 3348 2388 3412 Eustratium
2422 3357 2800 3412 sacramento
2852 3349 3204 3430 adegerunt,
3264 3352 3554 3429 dicentes,
3586 3363 3672 3429 ut,

280 3470 453 3505 κωσαν
500 3448 597 3503 τὸν
672 3442 827 3521 ἅγιον
895 3441 1211 3519 Εὐστράτιον
1276 3440 1367 3498 ὅτε
1452 3440 1893 3521 κατεσχέσθησαν
1919 3487 1933 3513 ,

2022 3449 2335 3521 postquam
2383 3447 2541 3501 esset
2589 3447 3067 3514 consummatus,
3103 3459 3241 3503 cum
3298 3443 3524 3505 sanctis
3554 3444 3679 3507 suis

288 3537 409 3592 ὥστε
467 3536 614 3609 μετὰ
670 3535 734 3589 τὸ
789 3531 1139 3598 τελειωθῆναι
1196 3530 1384 3591 αὖτοὺς
1445 3530 1578 3608 πρὸς
1655 3536 1733 3602 τῷ
1802 3529 1939 3607 ἀγίῳ

2021 3528 2316 3609 reliquiis,
2352 3545 2556 3590 eorum
2604 3545 2847 3608 quoque
2907 3529 3355 3610 deponerentur
3407 3533 3679 3614 reliquiae

296 3626 437 3681 αἶιτοῦ
493 3623 741 3697 λειψάνῳ
782 3624 878 3678 καὶ
939 3621 1007 3676 τὰ
1062 3620 1260 3677 τούτων
1316 3622 1667 3685 κατατεθῆναι
1716 3618 1941 3693 λείψανα

2024 3618 2200 3680 salta:
2232 3626 2288 3679 et
2318 3617 2583 3696 integra).
2622 3615 2782 3690 Quas
2835 3627 3034 3680 autem
3065 3618 3386 3684 Arabracis
3414 3622 3679 3687 habebat

304 3716 410 3768 σει-ι
454 3716 536 3770 καὶ
588 3710 886 3786 ὁλόκληρα,
936 3708 1114 3766 καὶτὸ
1164 3709 1219 3764 ὲν
1264 3706 1606 3786 Ἀραυράκοις
1657 3706 1713 3762 δὲ.
1755 3712 1939 3781 κτῆμα

2023 3708 2354 3783 facultates,
2416 3707 2737 3786 assignavit
2792 3707 2866 3769 ad
2912 3727 3017 3771 eos
3070 3709 3344 3783 alendos,
3379 3711 3687 3793 quierant

318 3799 602 3876 προσέταξεν
664 3802 741 3864 είς
799 3800 1106 3878 ἀποτροφὴν
1164 3804 1270 3854 τῶν
1322 3796 1628 3871 μελλόντων
1685 3796 1937 3875 παραμέ-

2026 3796 2400 3877 permansuri
2429 3796 2490 3858 in
2534 3795 2868 3881 ministerio
2925 3797 3193 3878 martyrii
3244 3816 3495 3875 eorum;
3527 3801 3680 3862 reli-

317 3912 410 3945 νεεν
563 3890 829 3965 ὑπηρεσίᾳ
889 3895 982 3945 τοῦ
1036 3888 1323 3967 μαρτυρίου
1380 3889 1556 3947 αὖτῶν
1613 3908 1936 3965 προσκαρω-

2024 3904 2276 3967 quorum
2300 3904 2437 3947 vero
2456 3884 2728 3947 omnium
2753 3884 3410 3961 mobilium,dimidium
3430 3888 3674 3969 quidem

299 3984 435 4047 θῆναι
474 4001 487 4014 ’
546 3982 650 4047 τῆν
694 3979 749 4034 ἑὲ
813 3977 1004 4045 λοιπὴν
1066 3984 1241 4033 πᾶσαν
1290 3978 1517 4043 κινητὴν
1576 3978 1779 4049 οὐσίαν,
1841 3976 1941 4042 τὴν

2021 3976 2321 4037 distribuit
2351 3973 2921 4055 pauperibus,a|iam
2948 3984 3148 4039 autem
3175 3986 3398 4057 partem
3425 3980 3551 4041 suis
3569 3997 3675 4042 so-

286 4073 378 4147 μὲν
430 4071 689 4143 ἡμίσειαν
746 4068 941 4135 πένησι
997 4065 1382 4141 διανεμηθῆναι
1418 4115 1433 4145 ,
1498 4067 1596 4133 τὴν
1652 4064 1707 4121 δὲ
1768 4062 1940 4132 ἄλλην

2023 4067 2284 4139 roribus,
2319 4064 2573 4127 famulos
2612 4081 2754 4125 vero
2813 4083 2975 4140 suos,
3010 4066 3226 4129 donata
3260 4067 3349 4129 eis
3378 4067 3674 4147 libertate,

283 4178 396 4226 ταῖς
454 4159 722 4236 ἀδελφαῖς
782 4157 945 4215 αἰ)τοῦ
997 4159 1427 4235 παρασχεθῆναι,
1474 4157 1597 4219 τοὺς
1641 4153 1695 4211 δὲ
1734 4156 1940 4220 οἰκέτας

2019 4158 2196 4237 jussit
2225 4156 2500 4233 accipere
2528 4153 2744 4232 legata.
2780 4152 2919 4215 Hmc
2948 4172 3085 4217 cum
3139 4156 3527 4232 decrevisset,
3555 4167 3676 4221 toto

274 4250 577 4327 ξλευθερίας
636 4247 856 4327 τυχεῖν,
918 4243 1177 4309 λαϐόντας
1238 4248 1327 4303 καὶ
1380 4244 1601 4324 λεγᾶτα.
1661 4252 1826 4302 Τοῦτο
1882 4242 1936 4300 δὲ

2021 4246 2118 4307 die
2135 4245 2453 4325 jejunavit,
2489 4252 2610 4305 tota
2629 4251 2825 4306 autem
2858 4251 3034 4306 nocte
3057 4247 3452 4325 perseveravit
3482 4249 3676 4311 Deum

273 4339 624 4401 διατυπώσας
677 4338 989 4406 ἐνήστευσεν
1060 4335 1195 4402 ὅλην
1264 4339 1362 4403 τὴν
1439 4335 1644 4413 ἡμέραν
1702 4335 1934 4401 ἐκείνην.

2020 4354 2216 4406 orare,
2250 4342 2308 4395 et
2340 4334 2393 4395 ei
2422 4334 2702 4415 psallere.

350 4429 441 4486 A'.
483 4426 546 4485 Ὀ
592 4425 647 4483 δὲ
696 4426 982 4490 ἐπίσκοπος
1032 4430 1126 4493 τῆς
1177 4423 1541 4482 Σεϐαστεινῶν
1591 4426 1800 4488 πόλεως
1859 4432 1938 4498 τῷ

2100 4424 2283 4488 XXX.
2315 4423 2643 4505 Episcopus
2673 4430 2872 4485 autem
2905 4423 3158 4486 civitatis
3181 4422 3670 4504 Sebastenorum,

264 4521 397 4575 τότε
448 4517 642 4596 χρόνῳ
684 4512 1151 4594 ἀποκρυπτόμενος
1184 4516 1251 4583 ἦν
1280 4513 1365 4571 διὰ
1395 4520 1483 4572 τὸν
1515 4512 1772 4592 διωγμόν.
1805 4514 1935 4572 ⁸Ὀσ-
1959 4572 1967 4597 Ι

2022 4534 2095 4577 eo
2130 4524 2395 4594 tempore
2448 4513 2673 4577 latebat
2726 4521 2965 4593 propter
3024 4516 3676 4597 persecutionem;qui

257 4632 347 4670 τις
377 4608 551 4664 ἐλθὼν
582 4606 637 4660 ἐι
666 4606 735 4681 τῇ
762 4607 913 4661 νυκτί
963 4605 1140 4681 ὲκείνῃ
1192 4607 1323 4682 πρὸς
1368 4607 1545 4673 αὐτὸν,
1579 4606 1669 4661 καὶ
1701 4606 1928 4684 χρήμα-
1960 4603 1967 4623 ¹

2021 4612 2198 4667 noctu
2229 4605 2388 4666 venit
2417 4604 2489 4664 ad
2521 4611 2751 4677 eum,et
2779 4603 2933 4665 datis
2983 4603 3334 4665 custodibus
3379 4605 3672 4687 pecuniis,

257 4723 330 4755 τα
397 4698 495 4761 οὓς
553 4709 672 4759 τοῖς
723 4692 1096 4773 φυλάττουσιν,
1143 4694 1364 4763 ἠξίωσεν
1396 4695 1781 4771 ἐπισκέψασθαι
1839 4696 1930 4751 τὸν

2019 4696 2326 4771 iuguessus
2359 4693 2548 4755 estad
2589 4700 2857 4754 sanctum
2910 4691 3271 4756 Eustratium
3309 4712 3320 4752 :
3362 4694 3673 4759 audiverat

257 4790 430 4866 ἅγιον
498 4785 833 4864 Εὖστρέτιον,
868 4783 933 4852 ἦν
982 4786 1081 4864 γὰρ
1131 4785 1360 4846 ἀκούσας
1419 4786 1537 4862 περὶ
1591 4784 1686 4852 τῆς
1748 4785 1932 4863 σοφίας

256 4883 436 4936 αὺτοῦ
480 4878 571 4931 καὶ
626 4873 831 4941 πολλῆς
886 4872 1201 4953 παρρησίας,
1262 4875 1350 4931 καὶ
1423 4873 1568 4936 ὅπως
1626 4874 1934 4954 κατῇσχυνε

256 4970 367 5025 τὸν
412 4966 657 5044 ἄρχοντα
717 4964 851 5038 μετὰ
930 4970 1036 5020 τῶν
1095 4966 1228 5019 θεῶν
1300 4966 1481 5043 αὐτοῦ,
1543 4964 1633 5021 καὶ
1686 4963 1937 5021 εἰσελθὼν

258 5058 409 5130 ἔσω,
473 5055 564 5111 καὶ
621 5054 873 5129 ἑωρακὼς
926 5054 1107 5127 αοότὸν,
1153 5053 1340 5109 ἔπεσεν
1383 5053 1471 5109 ἐπὶ
1517 5055 1806 5131 πρόσωπον
1850 5054 1937 5111 ἐπὶ

257 5149 375 5213 τὴν
433 5149 543 5222 γῆν
606 5145 695 5199 καὶ
749 5139 943 5211 ὶδεήθη
989 5141 1147 5198 αὒτού
1206 5143 1432 5222 εἰρηκώς
1470 5159 1483 5173 ’
1534 5144 1803 5222 Μακάριος
1854 5149 1929 5217 εἰ,

264 5236 463 5293 τέκνον
517 5232 830 5310 Εὔστράτιε,
883 5230 962 5286 ὅτι
1020 5230 1187 5295 οὕτως
1237 5230 1634 5307 ἐνεδυναμώθης
1690 5234 1790 5289 δπὸ
1843 5241 1936 5292 τοῦ

261 5323 653 5406 ψλανθρώπου
714 5323 871 5382 Θεοῦ.
929 5320 1185 5395 Μέμνησο
1240 5319 1295 5377 δὲ
1372 5323 1460 5378 καὶ
1544 5320 1694 5397 ἐμοῦ,
1756 5322 1938 5398 δέομαί

434 5414 451 5439 ι
552 5410 599 5443 αλ
664 5411 687 5429 η
890 5408 925 5440 ηρ
1050 5411 1099 5442 ι-
1239 5412 1251 5429 ν
1711 5412 1723 5429 ι

258 5437 385 5472 σου,
458 5425 497 5472 ι)
544 5428 601 5467 Ο;
650 5430 809 5487 αγιος
870 5418 1185 5487 ιωστραιιος
1228 5413 1549 5489 απεκρίνατο
1587 5432 1600 5445 °
1652 5418 1738 5478 Μη
1798 5415 1937 5470 ποίει

263 5503 431 5562 οὕτω.
472 5504 647 5577 Πάτερ
692 5497 961 5571 πνεύματι
994 5499 1163 5579 κύριε,
1194 5497 1314 5556 ἀλλ’
1373 5502 1448 5563 εἰς
1505 5500 1602 5567 τὴν
1653 5501 1936 5576 ὲπικειμέ-

266 5616 368 5658 νην
423 5614 505 5648 σοι
567 5589 720 5657 ἀξίαν
798 5581 1120 5645 ἀποϐλέπων
1191 5589 1317 5667 παρ’
1385 5591 1541 5664 ἡμῶν
1612 5587 1835 5669 ἐκδέχου
1875 5591 1937 5647 τὸ

268 5690 503 5741 τοιοῦτον
573 5673 922 5757 πληροῦσθαί
975 5697 1055 5736 σοι
1144 5678 1329 5759 χρέος,
1412 5677 1775 5737 Καθεσθέντων
1848 5680 1935 5738 οὖν

2019 4784 2179 4847 enim
2212 4784 2288 4845 de
2321 4802 2532 4860 magna
2558 4782 2692 4861 ejus
2717 4784 3033 4857 sapientia,
3069 4790 3129 4845 et
3159 4783 3315 4863 quod
3354 4786 3672 4864 praisidem

2020 4889 2153 4933 cum
2189 4869 2302 4933 diis
2332 4871 2458 4932 suis
2488 4871 2713 4950 pudore
2744 4870 3051 4944 aﬁ‘ecerat,
3086 4879 3145 4933 et
3174 4890 3310 4933 cum
3342 4872 3553 4935 fuisset
3581 4874 3672 4936 in-

2023 4968 2109 5021 tra
2138 4959 2489 5033 custodiam,
2526 4977 2750 5038 pronus
2793 4957 3015 5021 cecidit
3059 4957 3121 5021 in
3173 4960 3410 5040 faciem,
3439 4971 3497 5024 et
3525 4981 3669 5026 san-

2020 5061 2177 5112 ctum
2207 5049 2494 5122 adoravit,
2558 5048 2813 5111 dicens:
2866 5049 3085 5110 Beatus
3143 5067 3232 5125 es,
3266 5050 3351 5111 ﬁli
3381 5049 3666 5127 Eustrati,

2019 5139 2176 5220 quod
2206 5138 2490 5199 Dominus
2523 5137 2683 5199 Deus
2717 5144 2937 5199 tantam
2971 5136 3078 5200 tibi
3108 5137 3343 5201 dederit
3363 5139 3664 5205 virtutem.

2017 5230 2316 5291 Memento
2347 5234 2544 5289 autem
2608 5226 2724 5288 mei
2755 5245 3020 5308 quoque,
3052 5235 3110 5290 te
3138 5245 3305 5307 rogo.
3336 5228 3670 5311 Respondit

2022 5336 2160 5379 vero
2192 5325 2430 5379 sanctus
2486 5316 2872 5378 Eustratius:
2934 5314 3022 5378 Ne
3083 5316 3170 5379 sic
3227 5315 3431 5392 iacias,
3496 5323 3667 5383 Pater

2021 5406 2369 5488 spiritualis,
2404 5406 2508 5467 sed
2541 5405 2613 5466 ad
2666 5424 2795 5468 eam
2845 5424 2978 5483 quae
3010 5414 3099 5469 est
3130 5404 3236 5469 tibi
3266 5408 3428 5487 data,
3456 5408 3663 5487 digni-

2023 5504 2199 5558 talem
2233 5494 2557 5577 aspiciens,
2591 5503 2870 5577 exspecta
2899 5496 3014 5559 hoc
3034 5515 3068 5558 a
3093 5495 3263 5558 nobis
3289 5496 3661 5577 implendum

2021 5585 2129 5647 tibi
2154 5585 2447 5650 debitum.
2481 5585 2625 5648 Cum
2659 5586 2701 5648 ii
2729 5603 2870 5665 ergo
2897 5586 3215 5658 sedissent,
3249 5585 3661 5648 dixitEustra-

2023 5676 2138 5739 tius
2169 5676 2450 5758 episcopo
2486 5697 2499 5741 :
2535 5675 2825 5750 Quoniam
2875 5674 2997 5739 Deo
3055 5674 3314 5755 volente,
3346 5692 3479 5738 cras
3527 5673 3656 5737 hor
3686 5738 3691 5743 _
