4132 6410
414 316 531 385 507

1717 322 1771 385 M
1781 321 1881 385 ΕΝ
1886 318 1999 384 SIS
2057 318 2488 385 DEGEMBER.

3675 333 3793 402 508

431 485 3782 515 ________________________________..__________________________

1095 625 1740 713 ΜΑΡΤΥΡΙΟΝ
1817 627 2043 711 ΤΩΝ
2112 627 2452 712 ΑΓΙΩΝ
2525 628 3130 717 ΜΑΡΤΤΡΩΝ

600 837 1336 993 ΘΥΡΣΟΥ,
1471 834 1571 963 Λ
1604 836 2025 966 ΟΥΚΙ
2049 836 2273 966 ΟΥ
2428 836 3611 1002 ΚΑΛΛΙΝΙΚΟΥ,

1202 1100 1867 1186 ΦΙΛΗΜΟΝΟΣ
1942 1100 2130 1184 ΚΑΙ
2202 1099 2988 1215 ΑΠΟΛΛΩΝΙΟΥ,

1039 1456 1710 1541 MARTYRIUM
1784 1453 2469 1540 SANCTORUM
2539 1456 3172 1543 MARTYRUM

704 1685 1232 1831 THYB
1252 1687 1415 1831 SI
1455 1809 1487 1862 ,

1687 1682 2265 1833 LUCII.

2462 1683 3425 1833 CALLINICI
3464 1769 3500 1825 9

1297 1934 1770 2010 PHILEMONIS,
1806 1932 2208 1999 APOLLONII
2241 1933 2336 1997 ET
2384 1932 2905 2008 RELIQUORUM.

983 2098 1180 2170 (Latine
1201 2097 1331 2170 apud
1355 2097 1560 2155 Surium
1582 2098 1645 2156 ad
1666 2096 1804 2153 diem
1832 2096 1898 2152 14
1925 2095 2250 2164 Decembris;
2279 2095 2469 2155 Graece
2498 2112 2562 2153 ex
2591 2096 2704 2153 cod.
2739 2111 2811 2152 ω.
2846 2095 3013 2156 Paris.
3046 2097 3233 2169 M96.)

492 2385 532 2448 Ι.
547 2384 692 2449 Cum
707 2384 986 2446 dominus
1000 2380 1386 2446 nosterlesus
1398 2380 1689 2461 Christus,
1711 2381 1909 2443 carnis
1926 2381 2069 2443 inita
2091 2425 2098 2445 ι

2236 2383 2319 2446 Λ’.
2381 2392 2483 2441 Τοῦ
2545 2386 2731 2460 Κυρίου
2782 2387 2937 2459 ἡμῶν
3005 2389 3186 2454 Ἰησοῦ
3258 2396 3484 2467 Χριστοῦ
3558 2390 3811 2464 κοινωνίη,

410 2476 716 2553 societate,
740 2474 1023 2551 benigne,
1052 2483 1113 2536 ut
1140 2472 1285 2535 dicit
1306 2471 1521 2533 Paulus
1550 2472 1597 2539 ί,
1632 2470 1695 2532 in
1728 2481 1886 2533 terra
1916 2479 2073 2533 esset

411 2573 680 2627 versatus
702 2563 887 2643 (misit
912 2562 1071 2624 enim
1097 2562 1313 2624 Filium
1347 2580 1545 2641 suum,
1577 2561 1792 2622 factum
1826 2579 1895 2621 ex
1931 2579 2069 2621 mu—

412 2654 584 2733 liere,
610 2654 828 2715 factum
850 2650 958 2713 sub
993 2652 1122 2731 lege
1146 2650 1222 2732 2),
1254 2663 1320 2712 ut
1352 2658 1405 2712 et
1427 2668 1534 2710 nos
1564 2650 1636 2711 ad
1671 2649 1932 2711 veritatis
1960 2649 2074 2711 ad-

414 2743 660 2804 duceret
714 2742 1084 2821 agnitionem
1121 2758 1227 2819 per
1257 2740 1545 2820 prodigia,
1581 2756 1693 2820 per
1739 2738 1932 2819 signa,
1971 2756 2076 2819 per

413 2830 802 2912 apostolicum
838 2848 1177 2891 sermonem
1212 2841 1273 2891 et
1303 2828 1659 2900 doctrinam,
1694 2845 1801 2907 per
1832 2828 2076 2907 praecla-

413 2938 513 2985 ros
561 2931 620 2983 et
648 2919 1033 2984 admirabiles
1091 2920 1270 2993 viros,
1305 2918 1406 3001 qui
1442 2927 1646 2999 postea
1679 2917 1966 2980 fuerunt:
2017 2927 2074 2979 et

414 3010 691 3072 omnibus
723 3010 920 3071 modis
955 3017 1324 3090 procuraret,
1360 3018 1422 3070 ut
1454 3025 1873 3069 revocaremur
1903 3025 1937 3068 a
1982 3008 2071 3066 vi-

412 3101 538 3161 tio:
600 3100 701 3176 qui
732 3098 929 3160 statim
994 3115 1067 3161 ao
1125 3099 1298 3160 initio
1360 3108 1561 3159 nostro
1615 3097 1820 3176 generi
1854 3096 2077 3158 exstitit

414 3189 716 3269 inimicus,
751 3190 873 3251 haec
909 3188 1141 3260 \idens,
1174 3197 1232 3249 et
1264 3197 1523 3248 nostram
1557 3205 1673 3247 non
1716 3186 1911 3247 ferens
1939 3203 2077 3247 cor-

413 3279 766 3345 rectionem.
793 3277 1272 3339 movitadversus
1304 3294 1413 3337 nos
1444 3294 1709 3349 omnem,
1741 3284 1804 3335 ut
1834 3275 2077 3355 dicitur,

415 3367 670 3447 lapidem
708 3385 724 3443 ;
779 3376 836 3427 et
866 3384 1003 3427 cum
1043 3383 1117 3427 ex
1148 3383 1213 3426 se
1247 3384 1354 3426 nos
1403 3383 1522 3425 non
1556 3373 1755 3442 posset
1810 3362 2075 3447 aggredi,

413 3455 714 3537 prioribus
743 3473 949 3515 rursus
999 3473 1140 3515 usus
1197 3463 1289 3516 est
1341 3452 1653 3533 machinis,
1686 3464 1746 3514 et
1797 3472 1904 3535 per
1932 3452 2079 3514 alios

414 3544 683 3608 excitavit
725 3544 1073 3618 seditiones,
1105 3553 1163 3605 et
1197 3542 1353 3605 bella
1384 3551 1722 3615 commovit,
1749 3552 1806 3605 et
1836 3543 2079 3605 molitus

416 3644 506 3696 est
529 3652 709 3696 omne
734 3652 892 3715 genu
918 3634 1186 3695 insidias.
1218 3634 1365 3695 Nam
1391 3651 1525 3694 cum
1558 3632 1884 3695 artiﬁcioso
1903 3632 2074 3695 subi-

414 3724 559 3785 isset
585 3724 856 3797 Decium,
881 3722 981 3803 qui
1010 3731 1150 3784 tunc
1181 3722 1464 3784 Romanis
1496 3720 1853 3802 imperabat,
1894 3724 2072 3784 vehe-
2099 3762 2131 3811 Β

415 3823 648 3875 menter
677 3811 1067 3876 conturbabat
1089 3812 1480 3885 Christianos,
1516 3812 1832 3882 lacerabat,
1865 3814 2067 3874 trahe-

412 3901 509 3964 bat
538 3903 609 3964 ad
636 3902 884 3983 judicia,
919 3920 1023 3963 eos
1048 3902 1319 3963 maximis
1347 3901 1614 3963 alliciens
1636 3901 1974 3983 suppliciis,
2009 3914 2072 3964 et

415 4001 716 4072 postremo
765 3992 890 4068 ipsa
924 4000 1135 4052 morte.
1195 3994 1386 4053 Causa
1444 4000 1666 4065 autem,
1701 3991 1858 4070 quod
1922 4010 2062 4060 non,

411 4082 622 4143 relicto
678 4100 815 4144 vero
846 4080 991 4161 Deo,
1026 4100 1204 4143 vanas
1234 4090 1293 4143 et
1322 4082 1534 4143 inanes
1563 4082 1815 4143 deorum
1848 4080 2073 4143 abomi-

411 4171 684 4234 nationes
738 4183 804 4235 ut
859 4171 1179 4235 adorarent
1226 4171 1569 4253 persuaderi
1608 4181 1899 4252 poterant.
1954 4170 2081 4242 Quo

412 4276 684 4337 tempore
734 4263 916 4324 fortes
951 4263 1188 4342 pietatis
1247 4261 1507 4335 athletae,
1538 4261 1774 4334 Luctus,
1812 4262 2076 4340 inquam,

413 4362 472 4415 et
527 4351 810 4434 Thyrsus,
875 4361 935 4413 et
989 4351 1310 4414 Callinicus
1384 4352 1474 4428 (re
1530 4368 1668 4409 vera
1728 4348 2076 4421 Callinicus,

410 4461 628 4522 nempe
652 4441 973 4522 praeclarus
985 4440 1221 4516 victor),
1244 4447 1493 4499 mortem
1520 4436 2077 4518 prapterChrtstum

410 4532 742 4610 elegerunt,
777 4530 945 4611 prius
1005 4527 1208 4588 multis
1249 4527 1494 4587 cruciati
1527 4526 1837 4604 suppliciis
1872 4545 1885 4587 :
1943 4541 2078 4600 quae

411 4621 611 4681 omnia
635 4624 994 4697 superarunt
1021 4614 1338 4677 tolerantia
1367 4636 1380 4677 :
1416 4624 1476 4676 et
1503 4614 1726 4675 deinde
1756 4612 1887 4693 ipsa
1913 4631 2073 4691 quo-

410 4727 527 4789 que
577 4725 848 4788 corpora,
885 4715 1163 4785 tanquam
1199 4712 1469 4769 sanctum.
1517 4703 1900 4777 sacrificium,
1936 4720 2076 4764 con-

410 4805 719 4858 secrarunt
744 4796 821 4872 ei,
850 4812 1027 4876 quem
1050 4791 1624 4856 desiderabant.Eos
1658 4792 1790 4854 tulit
1828 4792 2067 4873 quidem

412 4880 625 4969 inclyta
655 4886 819 4963 regio
847 4885 1254 4964 Bithynorum:
1292 4902 1425 4945 cum
1457 4893 1661 4946 essent
1686 4893 1884 4944 autem
1919 4882 2066 4943 clari

413 4985 474 5039 et
500 4995 721 5056 genere
753 4983 811 5037 et
857 4974 1067 5054 gloria,
1114 4972 1298 5035 multo
1340 4974 1527 5054 magis
1559 4972 1924 5035 studuerunt
1952 4971 2064 5034 sibi

416 5084 625 5147 parare
659 5064 1043 5146 splendorem
1076 5082 1145 5125 ex
1180 5061 1422 5143 pietate.

497 5244 567 5307 Il.
605 5245 748 5308 Cum
774 5248 939 5323 ergo‘,
962 5261 1093 5323 quae
1122 5244 1183 5303 in
1212 5242 1586 5306 Christianos
1617 5242 1816 5312 ﬁebat,
1858 5259 2067 5322 perse-

416 5334 574 5396 cutio
603 5334 797 5395 adhuc
834 5335 1103 5410 duraret,
1140 5340 1317 5411 atque
1346 5334 1496 5394 adeo
1529 5332 1713 5410 magis
1765 5331 2068 5411 magisque

417 5433 720 5487 cresceret
752 5442 765 5486 :
802 5432 859 5483 et
888 5440 993 5502 per
1023 5421 1367 5482 universum
1407 5422 1614 5484 orbem
1649 5433 1824 5483 terrm
1875 5421 2069 5481 mitte-

417 5524 627 5578 rentur
657 5515 894 5576 decreta
920 5511 1265 5593 impietatis,
1303 5520 1361 5573 et
1393 5512 1842 5593 permitteretur
1867 5510 2073 5572 omni-

501 5678 522 5721 ί
554 5673 670 5739 Tit.
705 5692 791 5754 ut,
824 5674 870 5739 Ι.
958 5674 991 5725 2
1017 5674 1210 5738 Galat.
1243 5689 1322 5750 ιν,
1354 5672 1418 5738 4.

2081 5115 2127 5171 G

2156 2476 2375 2552 σαρκὸς,
2435 2472 2463 2529 ὅ
2518 2496 2649 2554 φησι
2710 2474 2942 2554 Παῦλος,
2990 2476 3075 2533 ἐπὶ
3119 2482 3220 2555 γῆς
3266 2477 3649 2559 φιλανθρώπως
3681 2480 3808 2537 ἔπι-

2156 2560 2495 2636 δημῆσαντος
2553 2562 2925 2640 (ἐξαπέστειλε
2982 2566 3081 2642 γὰρ
3139 2569 3166 2623 ὁ
3212 2571 3341 2632 Θεὸς
3395 2569 3486 2625 τὸν
3545 2570 3662 2626 Υἳὸν
3706 2571 3809 2626 αὒ-

2154 2654 2249 2709 τοῦ
2305 2653 2592 2729 γενόμενον
2651 2653 2710 2709 ἑκ
2766 2655 3021 2733 γυναικὸς
3080 2658 3367 2734 γενόμενον
3433 2660 3535 2715 ὑπὸ
3591 2657 3807 2738 νόμον),

2158 2742 2232 2806 εἷς
2290 2740 2570 2819 ἰπίγνωσίν
2627 2764 2685 2799 τε
2741 2747 2838 2812 τῆς
2892 2743 3141 2811 ἀληθείας
3200 2749 3343 2821 ἡμᾶς
3397 2748 3678 2826 ἐνάγοντος
3727 2747 3816 2804 διὰ

2155 2831 2465 2905 τεραστίων,
2527 2829 2611 2887 διὰ
2669 2833 2928 2906 σημείων,
2991 2831 3061 2889 δι’
3113 2834 3473 2895 ἀποστολικοῦ
3530 2835 3815 2915 λόγουκαὶ

2156 2917 2514 2997 διδαγμάτων,
2551 2918 2634 2976 διὰ
2664 2927 2769 2977 τῶν
2828 2923 2963 2997 μετὰ
3012 2929 3178 2979 ταῦτα
3226 2925 3481 3001 γενναίων
3538 2926 3623 2981 καὶ
3681 2928 3814 2981 θαυ-

2158 3008 2366 3083 μασίων
2425 3008 2625 3088 ἀνδρῶν
2687 3012 2771 3066 καὶ
2827 3017 2956 3068 πᾶσι
3011 3013 3229 3090 τρόποις
3286 3015 3386 3082 τὴν
3444 3015 3549 3070 ἀπὸ
3616 3014 3804 3077 κακίας

2161 3095 2453 3163 ἀνάκλησιν
2520 3101 2677 3173 ἡμῶν
2748 3099 3278 3179 πραγματευομένου,
3357 3105 3384 3157 ὁ
3451 3100 3647 3158 ἄνωθεν
3733 3109 3812 3173 τῷ

2162 3185 2405 3262 ἡμετέρῳ
2463 3187 2601 3263 γένει
2666 3191 2958 3269 περιφανὶς
3030 3188 3290 3265 πολέμιος
3369 3187 3808 3265 ἀποδεδειγμένος

2159 3284 2326 3332 ταῦτα
2383 3276 2537 3353 ὁρῶν,
2594 3278 2689 3334 καῖ
2746 3279 2867 3346 τὴν*
2894 3280 3048 3354 ἡμῶν
3080 3277 3332 3351 οὒμενουν
3362 3279 3648 3354 ἀνόρθωσιν
3678 3277 3805 3332 ἆνε-

2162 3365 2423 3444 χόιιενος,
2469 3367 2639 3425 πάντα
2683 3366 2843 3446 λίθον,
2897 3370 2924 3424 ὃ
2967 3366 3204 3446 λέγεται,
3250 3365 3367 3424 καθ’
3408 3368 3563 3442 ἡμῶν
3617 3368 3807 3440 ἒῖείνει,

2163 3452 2250 3506 καὶ
2306 3451 2633 3530 προσϐαλεῖν
2691 3454 2901 3512 οἴκοθεν
2930 3456 3089 3517 αυτὸς
3147 3459 3242 3514 οὐκ
3275 3455 3419 3531 ἕγων
3475 3462 3543 3531 τῇ
3581 3454 3812 3530 προτέρᾳ

2162 3549 2391 3620 μηχανῇ
2446 3544 2542 3600 καΐ
2598 3548 2742 3609 αὖθις
2799 3544 3022 3626 ἐχρῖιτο,
3088 3547 3175 3602 καὶ
3231 3544 3299 3602 δι’
3344 3544 3538 3621 ἑτέρων
3595 3544 3809 3606 στάσεις

2160 3628 2363 3697 ἀνῆπτε
2416 3636 2501 3691 καὶ
2559 3634 2817 3710 πολέμοις
2867 3634 3070 3713 ἠρέθιζε
3119 3636 3207 3693 καὶ
3257 3641 3360 3692 πᾶν
3415 3632 3554 3699 εἶδος
3588 3630 3809 3690 ἐπιϐου-

2158 3717 2257 3785 λῆς
2312 3720 2667 3784 ἐπεδείκνυτο.
2730 3724 3001 3783 ἰ’πελθὼν
3053 3727 3153 3804 γὰρ
3198 3726 3468 3805 εὐτέχνως
3497 3726 3589 3780 τὸν
3621 3723 3808 3779 Δέκιον

2154 3808 2211 3870 ὃς
2271 3819 2562 3879 τηνικαῦτα
2622 3814 2900 3882 Ῥωμαίων
2958 3814 3191 3894 ἐκράτει,
3246 3813 3411 3875 πολὺς
3459 3814 3527 3881 ἦν
3587 3820 3809 3889 Χριστι-

2154 3900 2309 3965 ανοὺς
2360 3904 2657 3981 ταράττων,
2710 3905 3051 3982 σπαράττων,
3118 3906 3190 3964 εἷς
3247 3902 3560 3979 δικαστήρια
3605 3900 3803 3981 ἕλκων,

2155 3986 2400 4055 κολάσεις
2432 3993 2752 4059 ἀνηκέστους
2801 3994 2985 4054 αὐτοῖς
3037 3992 3304 4068 ἐπάγνων,
3353 3994 3445 4047 καί
3498 3989 3813 4047 τελευταῖον

2152 4080 2243 4133 τὸν
2300 4081 2544 4141 θάνατον,
2607 4081 2671 4139 Ἠ
2721 4079 2772 4136 δὲ
2830 4080 2991 4153 αἰτία,
3021 4078 3119 4152 ,ὅτι
3174 4083 3251 4147 μὴ
3283 4081 3414 4136 Θεὸν
3464 4078 3668 4156 ἀψευδῆ
3706 4080 3814 4155 μό-

2166 4189 2252 4222 νον
2311 4167 2682 4243 ἀπολιπόντες,
2736 4165 3059 4245 βδελύγμασι
3129 4182 3310 4234 κενοῖς
3394 4170 3483 4226 καὶ
3561 4170 3813 4243 ματαίοις

2162 4260 2293 4313 θεῶν
2355 4258 2575 4332 ὀνόματι
2636 4256 3083 4333 κατεψευσμένοις
3144 4261 3410 4315 πείθονται
3465 4272 3811 4336 προσκυνεῖν⁸

2163 4344 2249 4400 ὅτε
2307 4342 2372 4410 δὴ
2431 4349 2525 4403 καί
2583 4351 2629 4403 οἱ
2694 4344 2897 4425 στερῤοὶ
2967 4351 3068 4415 τῆς
3139 4344 3401 4413 εὐσεϐείας
3458 4347 3809 4424 ἆγνωνισταὶ,

2163 4435 2408 4508 Λεύκιος,
2466 4438 2629 4517 φημὶ,
2691 4439 2778 4493 καὶ
2835 4436 3034 4516 Θόρσος
3087 4438 3173 4494 καὶ
3233 4438 3264 4493 6'
3295 4435 3607 4501 Καλλίνικος
3641 4436 3811 4497 ὄντως

2157 4522 2481 4597 καλλίνικος,
2542 4528 2626 4583 διὰ
2683 4528 2907 4606 Χριστὸν
2966 4526 3177 4584 εἴλοντο
3235 4528 3515 4605 θνήσκειν,
3574 4524 3812 4588 πολλαῖς

2157 4610 2235 4668 ὅτι
2296 4618 2547 4694 πρότερον
2601 4628 2725 4679 ταῖς
2782 4617 3058 4693 τιμωρίαις
3118 4612 3510 4680 ὒποϐληθέντες
3571 4616 3657 4669 καὶ
3709 4614 3812 4669 πά·

2156 4724 2251 4764 σας
2309 4704 2465 4772 aia-cci;
2520 4708 2764 4782 ὑπομονῇ
2822 4704 3201 4784 διελέγξαντες,
3257 4704 3381 4759 εἶτα
3434 4704 3522 4758 καὶ
3583 4702 3713 4757 αὒτὰ
3742 4703 3811 4756 τὰ

2152 4793 2376 4867 σώματα
2433 4798 2508 4861 ὡς
2563 4799 2740 4852 θόσίαν
2796 4795 2950 4873 ἁγίαν
3005 4802 3084 4869 τῷ
3154 4791 3468 4866 ποθουμένω
3543 4788 3806 4865 καθαγιά-

2153 4904 2361 4949 σαντες.
2396 4886 2619 4947 Τούτους
2651 4885 2832 4962 ἔνεγκε
2863 4886 2963 4959 μὲν
2992 4885 3027 4946 ἦ
3087 4881 3427 4959 περιώνυμος
3488 4878 3647 4958 χώρα
3704 4881 3811 4933 τῶν

2153 4975 2399 5030 Βιθυνῶν’
2460 4976 2599 5052 γένει
2654 4972 2709 5029 δὲ
2767 4974 2914 5034 ὄντες
2972 4973 3056 5027 καὶ
3122 4968 3246 5045 δόξῃ
3318 4966 3555 5047 λαμπροὶ
3625 4963 3816 5040 πολλῷ

2151 5062 2356 5134 μᾶλλον
2413 5063 2670 5120 ἔσπευσαν
2726 5064 2824 5131 τὴ)
2880 5062 2987 5118 ἀπὸ
3029 5064 3129 5127 τῆς
3192 5054 3457 5121 εὗσεϐείας
3510 5057 3811 5126 κτήσασθαι

2151 5154 2517 5232 περιφάνειαν.

2232 5240 2314 5301 Β’.
2350 5242 2499 5300 Ἐπεὶ
2530 5242 2617 5299 οὖν
2648 5242 2675 5298 ὅ
2704 5241 2845 5297 κατὰ
2905 5241 3236 5318 Χριστιανῶν
3289 5235 3365 5293 ἔτι
3409 5234 3645 5314 διωγμὸς
3679 5235 3819 5292 ἐπε-

2150 5332 2361 5411 κρέτει,
2425 5331 2631 5401 μᾶλλον
2689 5330 2745 5387 δὲ
2801 5330 2890 5386 καὶ
2951 5329 3149 5401 μείζων
3201 5329 3262 5384 τὸ
3315 5324 3568 5394 τηνικάδε
3627 5324 3816 5404 ᾔρετο,

2152 5429 2432 5500 πανταχοῦ
2479 5444 2534 5477 τε
2591 5422 2655 5479 τὰ
2712 5421 2808 5488 τῆς
2840 5416 3085 5481 ἀσεϐείας
3135 5416 3515 5492 κατεπέμπετο
3568 5413 3817 5493 δόγματα

2153 5512 2241 5567 καὶ
2301 5518 2459 5567 πᾶσιν
2536 5511 2719 5591 ἐφεῖτο
2803 5508 3048 5581 κολάζειν
3127 5508 3493 5587 Χριστιανοὺς,
3568 5503 3813 5581 μάλιστα
