4132 6422
308 364 448 432 509

1280 358 1752 424 MARTYRIUM
1799 358 1860 420 S.
1910 354 2199 419 THYRSI
2243 357 2340 419 ET
2387 356 2769 420 SOCIORUM

3600 358 3718 427 510

310 504 429 571 τὴν
494 499 820 581 προστασίαν
890 501 996 557 τῶν
1050 494 1319 574 δημοσίων
1367 496 1508 561 τινὸς
1582 494 1981 577 ἐωιτετραμμέ.

2081 493 2180 555 bus
2211 492 2427 576 punire
2456 493 2855 567 Christianos,
2882 493 3138 557 maxime
3159 492 3380 577 quibus
3403 505 3530 559 erat
3556 517 3719 562 com-

314 614 471 668 νους,
546 591 889 662 παρέστησαν
968 590 1109 646 οὗτοι
1181 585 1617 662 τυραννουμένοις
1702 600 1821 652 τοῖς
1894 593 1987 669 τοῦ

315 682 466 741 Θεοῦ
524 681 735 757 νόμόις,
783 680 874 737 καὶ
942 690 1062 740 τοῖς
1117 681 1217 744 τῆς
1276 673 1537 742 εὐσεϐείας
1620 674 1985 752 ἀδικουμένοις

309 777 548 849 θεσμοῖς
606 771 990 849 βοηθήσοντες,
1047 766 1143 824 καὶ
1201 764 1410 833 πολλὴν
1467 766 1569 834 ὅση
1640 767 1726 823 καὶ
1788 765 1854 823 δι’
1911 768 1988 821 ῶν

310 866 509 937 εἷπον,
572 864 669 919 καὶ
736 858 805 917 δι’
861 862 936 916 ῶν
1004 856 1218 928 ἔπαθον,
1271 857 1370 924 τὴν
1429 857 1600 925 ῥοπὴν
1632 854 1981 922 ἐπεδείξαντο.

343 958 591 1030 Ερχεται
654 949 756 1028 γάρ
812 970 894 1012 τις
941 946 1048 1004 ἀπὸ
1093 945 1189 1013 τῆς
1247 943 1579 1021 Νικομήδους
1632 944 1718 1002 διὰ
1765 947 1984 1007 Νικαίας

311 1040 412 1097 ἰπὶ
475 1039 579 1106 τὴν
638 1037 979 1114 θρεψαμένην
1035 1034 1224 1098 αὐτοὺς
1279 1033 1459 1111 πόλιν,
1518 1033 1636 1104 ἥτις
1698 1036 1988 1112 Καισάρεια

314 1128 385 1186 ’ἐκ
446 1151 594 1195 τινος
626 1133 731 1186 τῶν
780 1125 1024 1184 παλαιῶν
1080 1123 1329 1181 ἐκαλεῖτο
1384 1128 1684 1205 Καισάρων,
1722 1121 1986 1200 Κουμϐρίο

315 1241 446 1284 κιος
526 1219 716 1295 ὄνομα,
757 1216 915 1279 ναοῖις
973 1212 1208 1272 εἰδώλων
1250 1216 1337 1271 καὶ
1394 1215 1608 1291 βωμοὺς
1653 1214 1741 1270 καὶ
1781 1214 1988 1292 θδσίας,

316 1309 426 1367 καί
491 1309 550 1365 εἴ
588 1331 639 1364 τι
683 1304 818 1364 ἄλλο
877 1304 1088 1381 δαίμοσι
1132 1305 1489 1384 χαριζόμενον
1544 1303 1633 1380 ἧν,
1682 1302 1773 1360 διὰ
1813 1302 1989 1370 πάσης

317 1396 641 1475 ἐπιμελείας
705 1396 998 1473 τιθέμενος·
1058 1396 1151 1452 οὒκ
1208 1394 1416 1459 ἐκεῖνος
1486 1392 1541 1450 δὲ
1596 1396 1761 1451 ταῦτα
1831 1394 1991 1469 μόνον

319 1487 473 1545 ἀλλὰ
529 1489 619 1545 καὶ
678 1488 777 1556 τὴν
830 1492 1004 1543 πᾶσαν
1074 1497 1353 1542 κοινωνεῖν
1409 1483 1551 1559 αὐτῷ
1617 1489 1718 1551 τῆς
1771 1483 1990 1563 ἀσιουρ-

318 1579 452 1657 γίας
512 1575 980 1657 φιλοτιμούμενος,
1039 1575 1127 1631 καὶ
1180 1575 1303 1639 τοὺς
1372 1574 1474 1650 μὲν
1535 1572 1788 1639 ἀπειλαῖς
1829 1594 1993 1630 κατα-

2070 584 2253 645 missa
2281 583 2483 660 aliqua
2509 582 2865 665 praefectura
2892 582 3264 665 reipublicze,
3284 585 3604 649 astiterunt
3631 588 3718 664 hi,

2069 690 2246 753 opem
2280 671 2458 735 laturi
2505 674 2614 736 Dei
2645 672 2900 755 legibus,
2932 674 2995 736 in
3028 691 3175 755 quas
3201 674 3593 739 exercebatur
3617 686 3721 757 ty—

2068 762 2300 839 rannis,
2364 772 2423 825 et
2480 761 2717 844 pietatis
2777 781 3050 845 veraeque
3109 763 3417 844 religionis
3484 766 3721 846 ritibus,

2069 850 2288 932 quibus
2319 851 2501 916 (iebat
2532 852 2779 935 injuria,
2811 861 2869 916 et
2900 871 3008 935 per
3040 872 3131 928 ea,
3167 872 3301 937 quae
3329 855 3631 932 dixerunt,
3664 864 3726 920 et

2069 958 2202 1022 qua:
2234 941 2388 1021 passi
2440 951 2599 1015 sunt,
2634 942 2954 1023 plurimum
2988 942 3321 1020 adjumenti
3370 945 3720 1012 attulerunt.

2072 1028 2249 1093 Venit
2284 1030 2443 1093 enim
2476 1030 2718 1113 quidam
2752 1051 2822 1094 ex
2853 1031 3200 1095 Nicomedia
3221 1050 3329 1114 per
3358 1033 3617 1097 Nicaeam
3650 1036 3725 1099 Ad

2073 1138 2226 1194 eam,
2264 1138 2396 1201 quae
2447 1121 2611 1202 ipsos
2660 1121 2829 1202 aluit,
2883 1122 3210 1204 civitatem,
3243 1141 3375 1205 quae
3427 1122 3586 1188 dicta
3632 1133 3725 1189 est

2073 1209 2344 1272 Caesarea
2365 1228 2399 1273 a
2423 1211 2681 1291 quodam
2705 1230 2774 1274 ex
2797 1211 3100 1274 veteribus
3121 1211 3454 1276 Caesaribus
3478 1213 3725 1278 nomine

2075 1298 2476 1376 Cumbricius,
2507 1301 2606 1363 cui
2637 1319 2863 1381 magnae
2891 1318 3049 1365 curm
3079 1311 3254 1363 erant
3282 1302 3502 1384 templa
3529 1302 3724 1367 simu-

2074 1388 2399 1465 lacrorum,
2434 1409 2674 1472 araeque
2726 1397 2786 1454 et
2829 1390 3144 1465 sacriﬁcia,
3176 1401 3239 1455 et
3291 1392 3343 1453 si
3374 1392 3515 1474 quid
3562 1393 3724 1457 aliud

2075 1488 2201 1541 erat
2219 1487 2448 1559 gratum
2472 1479 2867 1543 daemonibus.
2884 1481 3014 1544 Non
3038 1479 3142 1543 ille
3161 1488 3359 1544 autem
3391 1482 3519 1545 haec
3534 1482 3723 1556 solus,

2075 1567 2180 1630 sed
2241 1569 2419 1631 etiam
2465 1569 2889 1651 contendebat,
2927 1578 2991 1633 ut
3048 1571 3371 1634 universus
3429 1571 3730 1637 exercitus

319 1656 615 1741 πλήττων,
686 1666 806 1727 τοὺς
878 1661 933 1720 δὲ
998 1663 1086 1720 καὶ
1142 1662 1352 1740 ἀγαθῶν
1423 1665 1474 1720 ξ)
1488 1664 1599 1719 πίσι
1665 1661 1992 1739 παρακρουό-

2081 1656 2214 1721 facti
2270 1658 2450 1739 hujus
2502 1658 2713 1722 nefarii
2760 1668 2919 1722 esset
2964 1679 3097 1724 cum
3132 1679 3203 1724 eo
3261 1661 3609 1744 particeps:
3670 1671 3730 1727 et

319 1779 520 1834 μενος.
581 1756 801 1819 Λεύκιος
828 1753 883 1810 δὲ
939 1759 1045 1811 τῶν
1088 1753 1224 1810 κατὰ
1266 1752 1363 1820 τὴν
1415 1751 1576 1810 πόλιν
1631 1751 1716 1810 διὰ
1762 1774 1819 1809 τε
1849 1752 1995 1809 σύνε-

2081 1746 2226 1809 alios
2253 1747 2500 1825 quidem
2536 1748 2805 1812 terrebat
2829 1749 3032 1829 minis,
3065 1750 3216 1813 alios
3242 1768 3388 1814 vero
3418 1752 3729 1833 promissis

315 1825 412 1905 σιν
471 1847 563 1903 καὶ
620 1843 860 1902 παιδείαν
888 1844 1153 1920 ἐπίσημος
1210 1841 1309 1921 ὠν,
1341 1841 1479 1899 ἀλλὰ
1535 1844 1623 1899 καὶ
1654 1841 1835 1921 γένους
1879 1842 1992 1898 ἔπι-

2081 1845 2134 1898 et
2155 1854 2263 1917 spe
2292 1835 2593 1899 bonorum
2618 1836 2968 1902 inducebat.
3004 1825 3221 1901 Lucius
3253 1825 3541 1922 verm-qui
3573 1841 3731 1906 inter

311 1943 548 2019 φανοῦς,
627 1935 806 2012 ὥσπερ
878 1933 1107 2012 ἔφημεν,
1173 1934 1258 1990 καὶ
1331 1934 1498 1997 οἰκίας
1554 1932 1659 1990 τῶν
1737 1928 1992 2011 περιϐλέ-

2081 1931 2232 2019 cives
2261 1933 2390 1988 erat
2413 1934 2472 1988 et
2500 1926 2908 2019 prudentiaet
2935 1928 3200 2019 doctrina
3226 1928 3503 2008 insignis,
3525 1940 3584 1993 et
3599 1940 3729 1995 erat

310 2014 501 2099 πτων,
535 2026 727 2094 ἠνιᾶτο
782 2021 967 2086 δεινῶς
1023 2022 1109 2079 ἐπὶ
1138 2022 1343 2085 τούτοις
1388 2022 1477 2079 καὶ
1524 2021 1673 2095 ζήλῳ
1723 2022 1846 2094 θείῳ
1890 2020 1992 2089 τὴν

2081 2014 2251 2077 etiam
2286 2033 2509 2096 genere
2542 2014 2760 2092 clarus,
2796 2016 2950 2080 sicut
2996 2018 3280 2092 diximus,
3313 2026 3373 2080 et
3402 2036 3473 2082 ex
3504 2020 3726 2083 illustri

311 2117 514 2195 ψυχὴν
581 2111 1024 2191 κατεπίμπρατο.
1113 2110 1385 2170 Ἐντεῦθεν
1457 2110 1574 2171 οὖδέ
1639 2110 1833 2189 ἤνεγκε
1902 2118 1991 2168 τοῦ

316 2206 525 2264 λοιποῦ
579 2204 680 2270 τὴν
739 2199 1009 2262 εὐσέϐειαν
1065 2200 1421 2263 λανθάνουσαν
1447 2200 1621 2283 ἔχειν,
1655 2198 1770 2260 οὐδὲ
1825 2199 1989 2257 κατέ-

315 2317 453 2377 χειν
506 2296 595 2351 ὲπὶ
624 2293 789 2351 πλέον
841 2295 942 2358 τὴν
971 2290 1286 2371 παρῤησίαν,
1341 2290 1478 2351 ἀλλὰ
1534 2293 1627 2348 τὸν
1659 2295 1780 2348 τότε
1813 2292 1993 2368 καιρὸν

316 2383 763 2453 ἐπιτηδειότατον
829 2383 974 2440 εἶναι
1040 2381 1178 2439 ὥστε
1255 2381 1455 2448 ταύτην
1508 2379 1680 2452 δήλην
1750 2382 1991 2450 ποιήσα-

319 2480 442 2534 σθαι
501 2474 700 2541 οἰηθεὶς
758 2474 848 2530 καὶ
894 2473 953 2529 ὃν
1010 2471 1071 2529 ἐκ
1121 2469 1324 2529 πολλοῦ
1379 2468 1533 2527 ὤδινε
1564 2470 1728 2542 ζῆλον
1781 2470 1993 2548 ἐμφανῆ

319 2568 664 2631 καταστῆσαι
724 2564 797 2628 ὡς
851 2562 1010 2642 εἶχεν
1068 2562 1211 2626 εὐθὺς
1258 2561 1337 2635 τῷ
1392 2562 1492 2627 τῆς
1549 2558 1790 2625 ἀσεϐείας
1850 2562 1993 2616 ὑπα-

323 2661 533 2731 σπιστῇ
619 2653 918 2730 παραστάς·
1004 2653 1185 2730 ιινατί,
1262 2651 1442 2729 φησὶν,
1522 2648 1568 2705 ῶ
1654 2647 1992 2729 Κουμϐρίκιε,

322 2745 609 2824 δυστυχῶς
681 2740 821 2799 οὕτω
849 2744 936 2799 καὶ
996 2739 1187 2803 ἀθλίως
1231 2741 1369 2797 κατὰ
1425 2740 1520 2807 τῆς
1549 2740 1745 2805 οἰκείας
1804 2738 1994 2816 ὁπλίζῃ

328 2839 550 2914 ψυχῆς,
586 2832 878 2898 ἀναίσθητα
933 2829 1200 2905 δαιμόνων
1243 2830 1330 2886 καὶ
1358 2829 1514 2909 κωφὰ
1541 2834 1712 2904 τιμῶν
1769 2826 1992 2903 εἴδωλα,

331 2926 433 2982 καὶ
507 2924 582 2984 εἷς
648 2920 927 2978 κοινωνίαν
1004 2916 1232 2981 πολλοὺς
1290 2919 1486 2985 ταύτης
1563 2914 1990 2997 παραλαμϐάνων

339 3019 449 3082 τῆς
502 3008 914 3086 κακοδαιμονίας,
976 3008 1068 3065 ’ίνα
1120 3008 1209 3064 καὶ
1254 3007 1423 3064 αὐτῶν
1482 3004 1638 3062 λίθων
1685 3008 1772 3063 καὶ
1830 3003 1994 3071 ξύλων

347 3100 606 3177 ἄνθρωποι
670 3100 919 3179 φανῶμεν
989 3097 1442 3175 ἀναισθητότεροι,
1517 3093 1633 3153 δέον
1707 3093 1994 3173 ἐπιγνῶναι

2074 2103 2293 2167 familia
2331 2113 2572 2186 prapter
2603 2105 2729 2170 hac
2757 2106 2933 2170 valde
2962 2106 3290 2187 angebatur
3316 2109 3538 2187 animo,
3570 2110 3728 2172 divi-

2078 2211 2274 2274 noque
2304 2195 2433 2257 zelo
2478 2196 2610 2275 ejus
2638 2196 3117 2259 inﬂammabatur
3161 2202 3416 2260 animus.
3449 2198 3602 2262 Hinc
3634 2201 3726 2263 fa-

2077 2292 2240 2347 ctum
2266 2292 2450 2360 est,ut
2472 2285 2548 2348 de
2569 2293 2786 2349 caetero
2800 2305 2922 2348 non
2941 2287 3197 2368 amplius
3219 2287 3512 2351 occultam
3536 2288 3728 2353 babe-

2076 2380 2168 2435 ret
2219 2374 2525 2454 pietatem,
2563 2393 2757 2457 neque
2806 2375 3064 2456 amplius
3105 2376 3441 2440 contineret
3489 2377 3731 2442 dicendi

2077 2461 2439 2526 libertatem:
2465 2464 2572 2526 sed
2595 2464 2758 2527 illam
2782 2464 3139 2528 ostendendi
3159 2466 3728 2547 opportunissimum

2079 2553 2191 2614 hoc
2210 2561 2445 2635 tempus
2471 2571 2604 2616 esse
2618 2563 2869 2629 ratus,et
2890 2556 2948 2616 in
2962 2554 3156 2618 lucem
3176 2555 3517 2637 proferendi
3532 2558 3724 2620 zelum

2078 2660 2255 2724 quem
2273 2643 2504 2723 jamdiu
2534 2644 2888 2724 paturiebat,
2910 2645 2984 2708 ad
3006 2644 3330 2723 impietatis
3345 2645 3723 2711 defensorem

2079 2733 2359 2795 continuo
2387 2734 2720 2797 accedens:
2754 2734 2899 2814 Cur,
2934 2734 3147 2816 inquit,
3179 2755 3213 2797 o
3244 2735 3575 2819 Cumbrici,
3608 2746 3726 2801 tam

2079 2822 2300 2883 misere
2324 2832 2382 2883 et
2413 2822 2731 2885 infeliciter
2751 2824 2812 2885 in
2836 2831 2995 2885 tuam
3025 2825 3280 2887 armaris
3307 2827 3726 2903 animam,dae-

2080 2929 2321 2973 monum
2372 2912 2683 2974 insensilia
2717 2922 2775 2974 et
2807 2914 2988 2974 surda
3030 2912 3286 2977 adorans
3316 2916 3638 2978 simulacra
3667 2925 3729 2981 et

2079 3000 2299 3061 multos
2347 3019 2661 3063 assumens
2690 3002 2763 3063 ad
2820 3002 3167 3064 societatem
3223 3002 3498 3067 infausue
3551 3006 3729 3086 hujus

2077 3090 2540 3171 superstitionis,
2593 3105 2658 3154 ut
2687 3091 2778 3153 vel
2809 3091 2955 3171 ipsis
2997 3090 3298 3172 lapidibus
3327 3101 3385 3154 et
3415 3093 3592 3173 lignis
3634 3100 3728 3156 vl-

334 3187 544 3267 μᾶλλον
603 3188 772 3257 ἀληθῆ
806 3191 937 3246 Θεὸν
996 3189 1079 3245 καὶ
1112 3192 1339 3265 Σωτῆρα
1388 3187 1475 3244 καὶ
1521 3192 1598 3259 τῷ
1642 3187 1774 3266 φωτὶ
1803 3189 1995 3263 πορευ-

2084 3180 2336 3242 ιίοειηιυτ
2358 3179 2631 3242 homines
2656 3181 2854 3243 minus
2882 3180 3107 3243 habere
3134 3199 3366 3255 sensus,
3392 3200 3526 3244 cum
3555 3202 3731 3263 opor-

323 3284 485 3350 θῆναι
545 3284 644 3347 τῆς
677 3279 949 3354 ἀληθείας,
983 3280 1044 3335 τὸ
1074 3283 1172 3346 τῆς
1219 3275 1426 3344 πλάνης
1456 3278 1644 3340 σκότος
1676 3279 1763 3334 καὶ
1821 3281 1997 3333 πᾶσαν

319 3373 531 3438 ταύτην
563 3368 927 3433 ἀπολιπόντας
955 3369 1055 3436 τὴν
1098 3367 1462 3444 ματαιότητας
1495 3383 1511 3440 ;

404 3549 471 3608 1"
476 3597 492 3613 .
557 3556 735 3608 Ταῦτα
767 3550 895 3627 πρὸς
955 3550 1047 3605 τὸν
1100 3545 1342 3626 ἡγεμόνα
1397 3553 1489 3603 τοῦ
1538 3546 1754 3602 Λευκίου
1783 3545 1838 3602 ἑν
1894 3545 1993 3622 ἀρ·

322 3655 467 3723 χαῖς
523 3639 606 3696 ἔτι
667 3641 755 3697 καὶ
808 3639 1113 3718 προοιμίοις
1170 3638 1437 3717 εἰπόντος,
1467 3637 1496 3693 ὃ
1552 3635 1730 3715 ἄφρων
1783 3635 1990 3701 ἐκεῖνος

326 3734 416 3789 καὶ
457 3733 700 3810 ἰσχυρῶς
758 3729 1008 3802 ἀνόητος,
1070 3727 1288 3808 δηχθεὶς
1348 3728 1444 3795 τὴν
1508 3726 1720 3806 ψυχὴν,
1772 3726 1859 3782 καὶ
1917 3727 1989 3788 ὡς

340 3821 545 3878 ἀνόσιόν
619 3841 670 3876 τι
738 3823 824 3877 καὶ
888 3820 1072 3876 σκαιὸν
1130 3818 1364 3893 μισήσας
1429 3818 1525 3883 τὴν
1584 3814 1991 3894 πεπαρῤησιασ-

339 3911 501 3985 μένην
590 3909 868 3989 ἀλήθειαν,
954 3907 1174 3985 πληγῆς
1261 3906 1506 3964 ἐντείνειν
1589 3905 1781 3969 εὒθὲως
1859 3906 2002 3978 αὖτῷ

332 4001 470 4057 κατᾶ
510 3998 700 4056 νώτων
757 3997 1021 4071 ἐκέλευεν,
1068 3998 1128 4054 οὗ
1187 3997 1348 4075 λόγου
1406 3998 1661 4074 πρότερον
1719 3992 1997 4075 μεταδοὺς,

328 4094 390 4150 οὐ
452 4101 652 4165 πεῖραν
726 4088 1047 4165 μεταγαγὼν
1130 4087 1200 4152 εἰς
1272 4086 1575 4163 μετάθεσιν,
1647 4081 1767 4140 ἀλλ’
1835 4082 2000 4143 οὕτως

329 4178 552 4257 ἄκριτόν
612 4199 670 4233 τε
699 4177 794 4235 καῖ
851 4174 1203 4234 ἀϐασάνιστον
1262 4176 1440 4254 ὥσπερ
1473 4174 1534 4230 ἐιι
1591 4174 1808 4253 πρώτης
1840 4171 2002 4229 ἀνέλ-

329 4289 525 4325 πιστον
600 4267 743 4324 εἶναι
815 4269 917 4334 τὴν
990 4264 1294 4341 μεταϐολὴν
1353 4263 1663 4344 πιστεύσας,
1726 4262 2002 4341 τιμωρίαις

329 4356 612 4424 ἐξέδωκεν.
695 4346 752 4415 Ὀ
838 4357 1036 4435 μάρτυς
1120 4356 1292 4413 τοίνυν
1362 4353 1531 4422 ἡδέως
1608 4353 1702 4416 τὰς
1786 4352 2002 4428 πληγὰς

330 4447 539 4508 ἐκείνας
602 4444 918 4526 δεχόμενος,
952 4447 1041 4503 καὶ
1095 4447 1185 4503 τὸν
1233 4445 1421 4523 Κύριον
1479 4441 1562 4498 ἐπ’
1598 4444 1784 4508 αὖταϊς
1841 4440 2001 4500 εὔλο-

2079 3278 2200 3331 teat
2222 3268 2417 3351 potius
2439 3288 2773 3349 agnoscere
2791 3269 2977 3332 Deum
3001 3288 3204 3333 verum
3232 3279 3291 3332 et
3319 3269 3727 3353 Servalorem,

2079 3369 2140 3423 et
2168 3359 2476 3423 ambulare
2507 3360 2568 3422 iu
2599 3359 2735 3423 luce
2770 3360 3052 3443 veritatis,
3085 3360 3292 3422 relicto
3322 3379 3530 3425 errore
3557 3371 3729 3425 tene-

2079 3448 2320 3511 brarum
2350 3459 2407 3511 et
2435 3448 2600 3512 omni
2628 3451 2884 3513 vanitate
2912 3450 2944 3512 ‘l

2158 3536 2259 3602 Ill.
2296 3537 2433 3602 Hinc
2454 3557 2589 3599 cum
2624 3539 2682 3601 in
2707 3539 2997 3622 principio
3016 3539 3262 3601 dixisset
3284 3540 3500 3605 Lucius
3523 3541 3730 3623 praesi-

2075 3627 2161 3702 di,
2195 3628 2490 3711 insipiens
2518 3628 2647 3705 ille,
2678 3638 2736 3692 et
2766 3631 2945 3712 plane
2976 3648 3205 3705 amens,
3240 3630 3440 3693 animo
3469 3649 3727 3707 morsus,

2075 3727 2137 3780 et
2167 3727 2220 3779 ta
2235 3737 2454 3799 nquam
2490 3721 2739 3799 impium
2772 3720 2917 3801 quid
2942 3728 3001 3782 et
3022 3719 3358 3794 sinistrum,
3379 3720 3565 3783 libere
3586 3739 3730 3803 pro-

2078 3809 2252 3871 latam
2314 3809 2453 3871 odio
2484 3810 2715 3873 habens
2770 3811 3103 3885 veritatem,
3139 3811 3269 3891 ejus
3318 3820 3483 3891 tergo
3533 3812 3731 3875 statim

2077 3900 2231 3980 jussi
2262 3899 2450 3978 infligi
2484 3899 2704 3981 plagas,
2738 3910 2796 3962 et
2824 3921 2936 3965 nec
2967 3920 3102 3963 eum
3151 3899 3316 3981 prius
3344 3902 3729 3983 conveniens,

2087 4007 2199 4051 nec
2230 3997 2484 4067 tantans,
2518 4008 2591 4052 an
2621 4010 2759 4053 eum
2792 4000 2994 4072 posset
3047 4010 3081 4052 a
3108 4010 3215 4053 sua
3243 3991 3561 4055 traducere
3587 4011 3732 4055 sen-

2087 4086 2269 4140 tentia
2303 4099 2320 4153 ;
2350 4080 2454 4141 sed
2486 4079 2711 4142 indicta
2732 4099 2909 4143 causa
2943 4086 3001 4142 et
3028 4081 3181 4143 citra
3207 4081 3385 4144 ullam
3418 4083 3731 4145 examina-

2085 4169 2334 4249 tionem,
2373 4182 2435 4230 ut
2469 4168 2564 4230 cui
2595 4170 2870 4232 crederet
2899 4170 3119 4231 nullam
3173 4189 3306 4232 esse
3336 4190 3503 4251 spem
3537 4182 3732 4234 muta-

2086 4259 2287 4339 tionis,
2318 4259 2561 4321 tradidit
2592 4260 3004 4322 cruciandum.
3038 4259 3251 4341 Martyr
3299 4260 3500 4339 itaque
3533 4262 3731 4339 plagas

2086 4349 2219 4410 illas
2250 4348 2506 4411 libenter
2535 4349 2863 4431 accipiens,
2898 4358 2957 4411 et
2989 4358 3232 4430 propter
3261 4368 3363 4411 eas
3416 4349 3730 4411 Dominum

2086 4438 2355 4511 laudans,
2389 4438 2657 4501 incitavit
2690 4438 3003 4519 praesidem
3037 4439 3109 4501 ad
3143 4438 3315 4518 longe
3357 4439 3644 4519 majorem
3678 4450 3736 4502 et

329 4545 472 4616 γῶν,
538 4537 612 4599 εἰς
673 4536 885 4611 μείζονα
936 4535 1152 4593 πολλῶν
1211 4537 1298 4592 καὶ
1361 4531 1749 4614 χαλεπωτέραν
1808 4533 1995 4607 μανίαν

2082 4528 2416 4607 graviorem
2436 4528 2725 4591 furorem.
2758 4531 2892 4609 ipse
2926 4536 3087 4590 certe
3118 4528 3226 4590 fuit
3253 4528 3367 4590 sibi
3397 4546 3572 4589 causa
3603 4548 3731 4591 ma-

333 4630 430 4685 τὸν
514 4626 755 4705 ἡγεμόνα
851 4625 1110 4705 ἠρέθιζενο
1197 4623 1384 4701 ἀμέλει
1468 4624 1555 4678 καὶ
1643 4619 2004 4703 σφοδροτέρων

334 4717 512 4787 ἑαυτῷ
597 4716 879 4773 καθίστατο
962 4715 1190 4794 πληγῶν
1261 4714 1460 4779 αἴτιος’
1521 4723 1677 4773 τοῦτο
1748 4714 1847 4791 γὰρ
1916 4712 2005 4768 καὶ

334 4803 599 4874 ἠϐούλετο
671 4802 741 4862 δι’
797 4803 1035 4881 ἀμοιϐῶν
1094 4805 1308 4869 πάντως
1375 4803 1633 4879 μειζόνων
1703 4802 2001 4877 ἐπιθυμίαν·

334 4894 443 4958 ἓως
507 4892 563 4950 οἳ
592 4914 649 4949 τε
680 4891 863 4968 δήμιοι
899 4895 1140 4959 παίοντες
1200 4893 1420 4969 ἔκαμον,
1452 4893 1541 4949 καὶ
1569 4892 1630 4948 τὸ
1660 4893 1818 4948 αὖτοῦ
1847 4889 2003 4946 ἀπεί-

335 5005 475 5061 ρηκε
536 4989 718 5063 σῶμα,
750 4983 1062 5061 κατατριϐὲς
1092 4982 1195 5053 ἤδη
1249 4982 1535 5062 γενόμενον
1584 4993 1706 5044 ταῖς
1737 4978 2003 5058 πληγαῖς,

336 5074 509 5139 Αὖτὸς
565 5071 618 5129 δὲ
662 5075 760 5141 τὴν
816 5075 949 5150 πρὸς
1002 5073 1132 5130 Θεὸν
1188 5071 1439 5128 ἀνάλτσιν
1493 5069 1713 5150 ηὔχετο,
1758 5068 2006 5149 ἐντυχεῖν

334 5164 527 5235 ἐκείνῳ
572 5164 771 5242 ποθῶν,
852 5162 936 5242 ἐφ’
994 5164 1039 5237 ᾧ
1098 5161 1448 5219 κατανεύοντα
1505 5158 1710 5236 μαλλον
1766 5158 1860 5215 καῖ
1916 5160 2007 5214 τὸν

331 5251 580 5332 ἡγεμόνα
609 5252 789 5332 εἶχεν,
825 5255 916 5309 οἶα
962 5250 1016 5308 δὲ
1058 5252 1156 5321 τὴν
1214 5253 1346 5331 πρὸς
1393 5258 1631 5307 τοιοότον
1691 5248 1997 5326 ἀπαγορεύ-

336 5364 468 5401 οντα
528 5340 731 5417 πάλτ,ν,
782 5343 869 5398 καὶ
928 5343 1026 5410 τῆς
1083 5342 1281 5398 ἐκείνου
1334 5339 1581 5419 γλώττης
1637 5340 1737 5407 τὴν
1793 5336 2003 5416 παῤῥη-

333 5434 456 5489 σίαν
515 5436 576 5491 οὐ
633 5432 884 5513 φέροντα.
966 5441 1277 5511 Τοιγαρουν,
1338 5431 1467 5488 Επεί
1538 5451 1645 5503 σοι,
1706 5428 1890 5508 φησὶν,
1962 5427 2007 5483 ὦ

2080 4617 2280 4698 jorum
2316 4617 2622 4698 plagarum
2653 4635 2665 4680 :
2706 4637 2840 4679 nam
2872 4619 2986 4680 hoc
3019 4618 3197 4680 etiam
3231 4617 3477 4680 omnino
3510 4617 3744 4681 volebat

2093 4714 2333 4787 propter
2376 4706 2765 4787 cupiditatem
2820 4708 3110 4787 majorum
3161 4708 3737 4789 remunerationum,

2089 4796 2281 4857 donec
2314 4806 2373 4856 ct
2426 4797 2827 4877 percutientes
2880 4798 3121 4859 lictores
3174 4796 3397 4859 defessi
3426 4805 3647 4872 essent,
3684 4805 3745 4860 et

2090 4885 2464 4964 defatigatum
2520 4895 2681 4949 esset
2735 4887 2863 4966 ejus
2892 4904 3133 4967 corpus,
3168 4887 3328 4966 quod
3388 4886 3574 4965 plagis
3614 4887 3740 4967 jam

2091 4973 2284 5037 fuerat
2338 4976 2683 5039 contritum.
2735 4976 2868 5056 lpse
2924 4993 3063 5037 vero
3123 4975 3500 5055 precabatur,
3552 4984 3615 5038 ut
3667 4975 3743 5039 ad

2092 5065 2276 5127 Deum
2327 5064 2751 5140 resolveretur,
2786 5064 2952 5126 illum
3014 5065 3335 5127 convenire
3364 5064 3739 5131 desiderans.

2091 5152 2493 5227 Quamobrem
2522 5163 2885 5217 annuentem
2913 5171 3151 5235 quoque
3172 5153 3381 5216 habuit
3401 5153 3740 5237 praesidem,

2091 5252 2153 5304 ut
2183 5243 2283 5325 qui
2327 5243 2673 5324 desperaret
2702 5263 2766 5307 se
2796 5262 2932 5307 eum
2969 5262 3146 5324 posse
3177 5242 3420 5306 vincere
3448 5245 3510 5307 in
3543 5252 3741 5306 certa-

2090 5333 2273 5407 mine,
2307 5342 2365 5395 et
2397 5333 2557 5397 illius
2579 5334 2795 5413 linguae
2825 5352 2944 5396 non
2970 5333 3155 5396 ferret
3181 5332 3541 5413 libertatem.
3576 5334 3742 5405 Quo-

2091 5429 2248 5485 niam
2285 5440 2449 5503 ergo,
2477 5423 2696 5504 inquit,
2721 5443 2757 5484 ο
2790 5422 2959 5498 Luci,
2990 5442 3149 5485 tnors
3175 5432 3267 5486 est
3287 5422 3391 5485 tibi
3424 5431 3611 5502 grata,
3636 5441 3745 5502 age

340 5523 556 5597 Λεύκιε,
586 5512 739 5603 φίλον
799 5524 828 5579 ὁ
878 5521 1121 5594 θάνατος,
1168 5519 1292 5600 φέρε
1350 5524 1563 5612 σου
1622 5517 1866 5612 ἐπιθυμίᾳ
1923 5539 1989 5612 κα

2095 5529 2205 5574 nos
2233 5532 2478 5590 quoque
2533 5513 2640 5575 tibi
2672 5512 3012 5612 largiamur,
3044 5513 3204 5594 quod
3234 5513 3746 5612 desideras,.qu.o-

340 5617 509 5688 ἡμεῖς
556 5602 939 5693 χαρισώμεδα,
971 5610 1205 5687 καθάπερ
1258 5611 1348 5667 καὶ
1395 5605 1625 5672 πολλοῖς
1657 5606 1817 5682 ἴσμεν
1876 5604 1995 5663 πολ-

2100 5602 2274 5664 modo
2307 5620 2416 5663 nos
2444 5603 2667 5664 scimus
2699 5621 2832 5665 esse
2861 5602 3103 5681 largitos
3133 5603 3337 5666 multis
3365 5602 3739 5693 Christianis,

342 5703 498 5768 λάκις
557 5709 664 5760 τῶν
723 5702 929 5777 ὁμοίως
989 5697 1350 5775 πλανωμένων
1407 5697 1733 5779 Χριστιανῶν
1791 5695 2017 5777 χαρισά-

2102 5692 2204 5773 qui
2226 5690 2582 5756 fallebantur
2594 5692 2900 5758 similiter:
2918 5699 2976 5756 et
2996 5697 3192 5756 statim
3220 5691 3396 5774 jubet
3425 5696 3628 5753 sancto
3659 5689 3742 5750 ci-
