4132 6404
437 316 548 381 511
1781 319 2065 383 MENSIS

2177 318 2535 384 ECEMBER.
3730 321 3852 389 512

436 449 615 515 vitate
661 449 910 531 expulso
939 459 1117 533 caput
1160 451 1482 533 amputari.
1514 449 1859 517 Ducebatur
1894 450 2088 534 itaque

2179 474 2351 528 μενοι.
2418 455 2517 514 Καὶ
2578 454 2766 512 αὐτίκα
2837 453 3041 514 κελεύει
3098 461 3200 525 τῆς
3255 455 3466 521 πόλεως
3524 455 3855 526 ἒκϐληθέντα

433 548 654 621 martyr
680 559 714 602 a
742 540 1076 618 lictoribus,
1106 560 1228 604 non
1254 550 1527 617 moestus,
1563 560 1673 604 nec
1701 540 1944 616 timens,
1977 560 2088 604 ne—

2177 544 2265 600 τὸν
2297 543 2450 623 ἅγιον
2482 543 2861 620 ἀποτμηθῆναι
2904 546 3003 614 τὴν
3031 544 3298 627 κεφαλήν.
3357 546 3581 627 ’¹Ηγετο
3615 548 3705 606 οὖν
3750 550 3853 608 ὑπὸ

432 646 549 719 que
582 628 765 692 ullum
798 629 1024 693 doloris
1060 631 1369 708 vestigium
1402 631 1566 694 vultu
1599 649 1725 711 prae
1774 648 1839 691 se
1870 630 2088 707 ferens,

2177 634 2281 691 τῶν
2348 632 2556 709 δημίων
2614 636 2642 690 ὁ
2713 636 2936 713 μάρτυς,
2998 637 3058 693 οὗ
3133 637 3548 719 σκυθρωπάζων,
3609 637 3669 696 οὗ
3734 637 3849 696 δει-

432 718 538 780 sed
584 726 741 781 totus
774 721 940 782 laetus
988 728 1046 782 et
1076 719 1315 796 alacris,
1349 721 1600 800 perinde
1643 739 1711 782 ac
1741 719 1794 783 si
1825 719 2093 784 abduce-

432 817 626 890 retur,
659 827 778 870 uon
808 818 874 871 ut
902 818 1079 891 caput
1109 811 1164 871 ei
1205 818 1635 890 amputaretur,
1669 809 1772 872 sed
1810 810 2006 891 potius
2037 818 2098 872 ut

433 906 822 959 coronaretur
854 917 867 961 :
918 898 1077 979 quod
1113 898 1355 980 quidem
1389 909 1516 963 erat
1564 900 1625 961 in
1658 899 1824 962 caelis
1875 918 2095 962 conse-

434 995 696 1049 cuturus.
732 986 945 1050 Procul
1007 1006 1147 1066 ergo
1179 988 1472 1052 abductus
1504 1007 1539 1052 a
1580 989 1849 1070 civitate,
1882 990 1967 1051 sic
2001 991 2095 1070 pie

433 1085 902 1154 consummatur,
940 1087 999 1141 et
1049 1097 1185 1142 vere
1241 1078 1479 1142 beatum
1536 1080 1595 1142 ei
1642 1086 1818 1158 caput
1872 1097 2090 1160 ampu-

432 1165 732 1230 tatur.Sed
764 1186 905 1231 eum
927 1169 1303 1251 quidemjam
1329 1170 1616 1251 deinceps
1634 1167 1816 1231 habet
1844 1169 2080 1244 caelum,

428 1272 560 1334 quae
589 1274 709 1319 non
739 1260 1168 1341 corrumpitur,
1192 1277 1415 1323 corona
1443 1265 1820 1339 coronatum.

512 1526 613 1587 IV.
652 1524 799 1589 Cum
848 1533 1046 1589 autem
1081 1527 1407 1592 Cumbricii
1458 1529 1612 1591 fama
1647 1527 2000 1609 pervasisset
2029 1527 2087 1587 iu

2179 721 2333 795 λιῶν,
2366 722 2513 782 οὐδὲν
2573 727 2866 801 κατηφείας
2923 725 3083 806 ἴχνος
3128 725 3214 784 ἐπὶ
3266 732 3365 795 τῆς
3411 726 3584 804 ὄψεως
3627 728 3851 809 ὑποφαί-

2183 834 2311 886 νων,
2343 811 2481 869 ἀλλὰ
2538 811 2753 893 φαιδρὸς
2782 814 2905 880 ὅλος
2968 818 3057 873 καὶ
3086 816 3334 897 εὔθυμος,
3365 816 3546 895 ὥσπερ
3580 818 3678 876 οὐκ
3704 818 3850 875 ἀπο-

2179 905 2447 978 τμηθῆναι
2503 901 2733 977 μᾶλλον,
2765 903 2903 962 ἀλλά
2930 906 3216 985 στεφθῆναι
3259 906 3360 975 τὴν
3409 905 3649 987 κεφαλὴν
3710 907 3850 964 ἀπα-

2178 995 2429 1072 γόμενος³
2461 993 2622 1072 οὗπερ
2679 991 2778 1072 ἄρα
2837 996 2926 1051 καὶ
2982 999 3175 1076 τυχεῖν
3233 995 3289 1051 ἐν
3322 999 3570 1075 οὐρανοῖς
3630 994 3847 1072 ἔμελλε,

2178 1079 2363 1161 Πόρρω
2418 1082 2590 1140 τοίνυν
2663 1088 2763 1151 τῆς
2823 1083 3034 1150 πόλεως
3062 1087 3350 1167 ἀπαχθεὶς,
3386 1086 3553 1149 οὕτως
3604 1083 3847 1143 τελειου-

2170 1194 2280 1245 ται,
2338 1174 2425 1228 καὶ
2511 1174 2610 1240 τὴν
2689 1174 2954 1253 μακαρίαν
3031 1174 3198 1243 ὅντως
3257 1176 3614 1252 ἀποτέμνεται
3685 1197 3850 1253 κεφα-

2169 1262 2291 1330 λὴν.
2346 1260 2492 1319 Αλλὰ
2544 1271 2728 1321 τοῦτον
2778 1264 2878 1340 μὲν
2920 1262 3023 1332 ἤδη
3069 1263 3259 1323 λοιπὸν
3305 1266 3467 1346 εἶχεν
3519 1265 3548 1323 ὃ
3594 1268 3842 1345 οὐρανὸς,

2168 1353 2413 1434 στεφάνῳ
2469 1375 2527 1411 τε
2606 1353 2854 1432 ἀφθάρτῳ
2934 1356 3391 1433 κατεστεμμένον,
3446 1357 3531 1413 κοὶ
3591 1354 3844 1435 ἀγγέλοις

2172 1445 2696 1523 συνευφραινόμενον,

2255 1533 2337 1595 Δ’,
2402 1539 2689 1613 [Ιανκαχοῦ
2742 1533 2796 1589 δὲ
2829 1537 2926 1599 τῆς
2959 1534 3096 1590 κατὰ
3153 1534 3243 1591 τὸν
3286 1531 3596 1615 Κουϐρίκιον
3651 1534 3843 1613 φήμης

432 1635 644 1680 omnes
661 1628 878 1698 partes,
904 1628 963 1681 et
992 1620 1244 1683 laterent
1266 1639 1476 1683 omnes
1502 1620 1821 1684 Christiani
1851 1626 2088 1701 propter

2177 1621 2581 1700 διαδραμούσης,
2655 1625 2743 1680 καὶ
2827 1628 3153 1702 Χριστιανῶν
3240 1624 3488 1681 ἁπάντων
3574 1622 3659 1680 διὰ
3741 1624 3841 1701 τὴν

433 1704 598 1769 illius
647 1708 1085 1786 crudelitatem,
1119 1710 1317 1772 divino
1347 1712 1473 1773 sele
1506 1710 1769 1791 undique
1825 1720 2088 1771 armatus

2177 1713 2370 1771 ἐκείνου
2446 1711 2822 1790 κρυπτομένων
2899 1711 3181 1788 ὠμότητα,
3240 1712 3388 1788 ζήλῳ
3465 1714 3719 1771 πάντοθεν
3811 1706 3845 1763 ὅ

434 1794 699 1877 Thyrsus
777 1807 928 1874 (erat
983 1807 1179 1862 autem
1236 1799 1287 1861 is
1355 1818 1596 1881 quoque
1648 1800 1899 1862 honesto
1957 1799 2088 1861 loco

2177 1805 2370 1882 Θόρσος
2430 1803 2551 1876 θείῳ
2579 1800 2949 1868 καθοπλιοθεῖς
3010 1801 3137 1882 (τῶν
3169 1805 3394 1881 εὖγενῶν
3454 1801 3629 1860 δὲκαὶ
3683 1804 3837 1866 οὗτος

434 1889 655 1970 natus),
710 1897 767 1951 et
824 1891 1211 1971 proﬁciscens
1258 1909 1330 1954 ex
1376 1892 1621 1970 regione
1672 1890 2086 1972 Bithynorum,

434 1978 593 2041 venit
614 1979 665 2040 ei
691 1979 750 2041 in
772 1987 1187 2061 conspectum,
1230 1991 1310 2060 et,
1336 1981 1527 2055 Salve,
1562 1981 1835 2061 inquil,o
1867 1982 2094 2061 optime

433 2086 677 2146 praeses.
707 2070 853 2133 Cum
889 2074 941 2132 is
971 2088 1112 2132 vero
1146 2072 1258 2152 ipsi
1289 2089 1531 2152 quoque
1562 2088 1763 2151 parem
1799 2069 2098 2131 reddidis-

431 2166 524 2220 set
550 2158 968 2222 salutationem
1007 2179 1020 2223 :
1087 2160 1356 2233 Licetne,
1391 2160 1541 2223 dixit
1569 2160 1860 2239 Thyrsus,
1895 2160 2097 2221 dicere

432 2248 622 2330 vobis,
653 2249 755 2330 qui
808 2249 1016 2328 geritis
1048 2250 1449 2331 magistratus,
1482 2268 1552 2312 ea
1602 2264 1731 2331 quae
1761 2249 1899 2332 quis
1931 2249 2094 2323 velit,

432 2356 506 2399 an
549 2338 743 2400 solum
777 2347 1013 2421 oportet
1070 2340 1282 2402 vestris
1310 2358 1377 2403 se
1399 2340 1586 2420 jussis
1627 2338 2007 2415 submittere,
2041 2346 2102 2401 et

436 2445 549 2489 nec
577 2446 783 2490 vocem
816 2429 1057 2509 quidem
1093 2430 1344 2493 omnino
1370 2430 1647 2492 emittere
1670 2435 1698 2493 ?
1728 2432 1954 2492 Praeses
1982 2447 2094 2490 au-

437 2525 583 2593 tem,
618 2527 683 2579 ut
711 2517 963 2588 videtur.
995 2519 1218 2581 oblitus
1249 2518 1750 2599 quemadmodum
1796 2526 1934 2580 ante
1962 2536 2095 2579 cum

435 2626 568 2669 cum
623 2606 804 2669 Lucio
838 2609 1030 2685 egerit
1064 2630 1077 2670 :
1136 2609 1320 2681 Licet,
1355 2608 1547 2687 inquit
1582 2631 1597 2680 ;
1659 2626 1856 2689 neque
1902 2606 2009 2669 ulli
2039 2608 2099 2669 in

435 2696 598 2759 hunc
629 2697 788 2760 diem
820 2696 1094 2779 adempta
1124 2698 1233 2760 fuit
1265 2699 1391 2761 haec
1421 2698 1664 2760 libertas
1695 2721 1707 2758 :
1757 2704 1816 2759 et
1845 2700 2100 2759 maxime

435 2786 485 2847 si
541 2806 607 2849 ea
644 2786 833 2866 possit
868 2786 1095 2866 dicere,
1131 2806 1260 2868 quae
1319 2790 1379 2849 in
1413 2806 1731 2849 commune
1763 2786 2094 2848 conferant.

434 2874 653 2956 Tyrsus
711 2884 951 2939 autem:
1030 2876 1340 2952 Quaenam,
1396 2878 1613 2957 inquit,
1673 2877 1795 2938 dici
1852 2884 2099 2956 possunt

433 2965 669 3027 utiliora
714 2965 785 3027 iis
816 2984 952 3042 qua;
983 2975 1230 3046 prosunt
1250 2965 1512 3030 animae?
1550 2965 1669 3046 Ego
1697 2983 1856 3027 enim
1883 2963 2096 3026 videns

431 3063 489 3116 te
519 3056 716 3117 multis
746 3058 1030 3118 damnum
1064 3057 1411 3118 all'erentem
1459 3058 1517 3118 in
1549 3076 1646 3131 eo,
1686 3055 1843 3135 quod
1876 3062 1965 3116 est
1994 3073 2096 3116 sa-

433 3144 571 3206 lutis
621 3145 1013 3226 prascipuum,
1049 3154 1107 3206 et
1136 3164 1171 3206 a
1221 3156 1383 3207 recla
1415 3145 1654 3227 quidem
1700 3143 2094 3206 abducentem

435 3236 754 3303 sententia.
819 3233 1238 3298 miserabiliter
1296 3245 1495 3297 autem
1556 3234 1958 3297 abducentem
2018 3233 2091 3295 ad

432 3341 698 3386 errorem
730 3324 1184 3386 simulacrorum
1216 3343 1229 3387 :
1284 3335 1343 3386 et
1374 3324 1549 3404 plane
1579 3322 1778 3385 sciens
1808 3331 1867 3386 te
1913 3330 2092 3383 totam

432 3412 589 3489 ignis
609 3414 945 3491 gehennam
980 3412 1040 3473 in
1070 3421 1231 3474 tuum
1262 3421 1459 3494 caput,
1489 3413 1666 3475 autin
1697 3412 1955 3475 animam
1983 3430 2094 3493 po-

434 3501 556 3564 tius
578 3502 935 3573 accendere,
958 3501 1094 3563 duxi
1123 3502 1405 3582 expedire
1437 3522 1571 3565 cum
1591 3521 1681 3579 ea,
1708 3521 1826 3580 qua
1846 3521 1950 3583 par
1980 3510 2092 3581 est,

436 3590 653 3652 ﬁducia
675 3610 743 3653 ac
762 3589 1036 3653 libertate
1086 3590 1274 3653 libere
1304 3601 1496 3654 tecum
1539 3611 1738 3671 agere,
1775 3603 2094 3673 tecumque

431 3680 754 3761 disserere,
789 3690 848 3743 et
877 3699 947 3743 ex
981 3693 1039 3742 te
1068 3680 1252 3756 scire,
1286 3700 1544 3759 quanam
1572 3684 1652 3745 de
1679 3700 1855 3744 causa
1883 3681 2091 3743 relicto

429 3772 563 3832 cmli
596 3779 654 3832 et
683 3780 856 3834 terra;
884 3779 943 3833 et
964 3771 1275 3833 hominum
1300 3771 1551 3851 Opiﬁce,
1590 3790 1774 3853 opera
1810 3789 2091 3833 manuum

432 3879 564 3941 quae
587 3861 739 3923 facta
768 3870 904 3923 sunt
926 3860 998 3922 ab
1031 3860 1398 3938 hominibus,
1426 3862 1680 3925 statuisti
1715 3863 1914 3943 potius
1939 3861 2090 3923 ado-

429 3968 590 4026 rare,
612 3950 773 4030 ligno
796 3950 1037 4015 dicens:
1068 3949 1241 4013 Pater
1262 3970 1429 4013 meus
1454 3971 1518 4013 es
1545 3961 1628 4031 tu,
1657 3963 1719 4015 ut
1737 3952 1934 4015 dicam
1951 3971 2089 4013 cum

434 4039 632 4102 divino
650 4040 912 4104 Jeremia
938 4044 969 4090 ὅ
994 4061 1011 4119 ;
1038 4049 1097 4102 et
1125 4041 1329 4121 lapidi:
1359 4040 1448 4103 Tu
1481 4060 1575 4103 me
1598 4043 1854 4121 genuisti
1882 4064 1893 4101 :
1928 4049 1988 4102 et
2016 4040 2091 4102 ad

426 4128 640 4210 Deum,
674 4130 775 4211 qui
826 4142 884 4192 te
914 4132 1139 4210 genuit,
1174 4142 1405 4211 tergum
1453 4140 1709 4205 vertens,
1747 4140 1804 4193 et
1849 4150 1967 4192 non
1997 4130 2091 4191 fa-

424 4220 577 4282 ciem
614 4230 772 4283 tuam
812 4241 825 4284 :
861 4228 921 4281 et
947 4238 1126 4282 omne
1156 4220 1419 4283 studium
1462 4221 1809 4298 conferens,
1842 4220 2091 4282 nullaru-

425 4330 542 4391 que
566 4316 681 4372 vim
718 4319 821 4373 aut
853 4311 1269 4374 necessitatem
1295 4314 1774 4392 praetermittens,
1798 4322 1866 4373 ut
1896 4310 2089 4372 omni-

425 4398 538 4462 bus
569 4399 925 4463 hominibus
951 4402 1000 4461 si
1033 4400 1163 4462 ﬁeri
1191 4401 1396 4481 possit,
1420 4402 1806 4482 persuadens,
1835 4409 1899 4461 ut
1923 4401 2090 4461 malae

425 4489 725 4570 opinionis
757 4491 876 4551 sint
908 4499 1102 4551 tecum
1138 4491 1475 4573 participes.

504 4580 578 4642 V.
613 4580 707 4642 Ad
733 4579 858 4640 haec
893 4597 1146 4659 praeses:
1184 4579 1529 4661 Importuna
1554 4582 1681 4643 haec
1706 4587 1766 4641 et
1786 4577 1973 4640 nimia
1997 4578 2086 4640 di-

424 4669 600 4732 cendi
628 4667 896 4746 libertas,
922 4669 1184 4731 ostendit
1219 4679 1273 4732 te
1299 4670 1569 4733 laborare
1595 4667 1802 4731 morbo
1841 4685 2077 4745 eorum,

425 4759 532 4837 qui
562 4758 844 4821 dicuntur
875 4758 1215 4821 Christiani.
1252 4752 1789 4823 Verumenimvero
1813 4756 2075 4819 inanium

424 4850 640 4912 harum
691 4848 1226 4927 interrogationum
1282 4858 1340 4913 et
1399 4867 1686 4929 nugarum
1746 4846 2077 4908 solutiones

427 4939 601 5001 mitte
632 4938 729 5019 iis,
760 4939 860 5020 qui
894 4939 1107 5002 sedent
1138 4940 1198 5003 in
1245 4940 1487 5010 scholis,
1520 4938 1622 5016 qui
1654 4934 1905 5018 publicis
1952 4936 2077 4997 sci-

425 5029 566 5090 licet
597 5038 738 5090 sunt
793 5029 951 5091 curis
982 5029 1173 5093 vacui.
1230 5029 1323 5093 Illi
1355 5029 1513 5090 enim
1571 5025 1801 5104 singula
1857 5025 2072 5087 horum

426 5126 633 5199 aperte
666 5117 771 5179 tibi
802 5118 1053 5181 solvent.
1086 5120 1151 5182 In
1179 5118 1492 5201 praesentia
1510 5125 1706 5178 autem
1730 5114 1877 5177 cede
1889 5114 2076 5195 jussis

424 5208 827 5287 imperatoris,
855 5216 912 5271 et
946 5208 1243 5270 accedens
1274 5207 1389 5270 diis
1412 5204 1817 5268 sacriﬁca.Sin
1850 5205 2067 5277 minus,

425 5298 906 5372 importunorum
966 5296 1285 5359 verborum
1342 5304 1734 5378 opportunam
1796 5295 2071 5358 invenies

427 5397 858 5450 tormentorum
908 5385 1483 5449 remunerationem.
1538 5385 1646 5449 Ille
1682 5404 1868 5449 vero:
1925 5387 2073 5447 Cum

425 5476 580 5553 sitis,
614 5478 829 5557 inquit,
884 5478 987 5539 Dei
1041 5476 1322 5552 ﬁgmenta
1373 5476 1605 5539 ratione
1657 5475 1927 5556 praedita,
1962 5495 2078 5557 qua

501 5667 534 5725 ὅ
558 5667 785 5735 Jerem.
815 5683 878 5740 ιι,
917 5666 1017 5729 27.

2176 1891 2293 1972 ἦν),
2357 1894 2443 1949 καὶ
2503 1897 2599 1958 τῆς
2635 1896 2801 1959 αὐτῆς
2860 1894 2967 1948 τῶν
3019 1894 3217 1948 Βιθυίῦν
3272 1892 3457 1972 χώρας
3500 1892 3834 1970 ὁρμώμενος,

2177 1984 2446 2061 πρόσεισιν
2506 1980 2593 2037 ἐπ’
2651 1981 2773 2057 ὄψιν
2848 1982 3013 2056 αὗτῷ,
3076 1983 3167 2038 καὶ
3235 1983 3473 2062 Χαίροις,
3535 1983 3718 2062 φησὶν,
3791 1980 3839 2038 ὦ

2178 2073 2426 2152 xpd'ctats
2483 2072 2723 2150 ἡγεμών.
2790 2068 2975 2129 Τοῦδέ
3020 2071 3116 2139 τὴν
3150 2070 3280 2138 ἴσην
3339 2072 3427 2128 καὶ
3470 2073 3629 2129 αὐτοῦ
3668 2075 3836 2151 πρόσ-

2179 2186 2333 2241 ρησιν
2390 2160 2894 2239 ἀνθυπενεγκόντος,
2955 2159 3235 2235 "Egeo-civ,
3284 2161 3442 2218 εἶπεν
3508 2163 3536 2218 ὁ
3602 2160 3824 2240 Θόρσος,

2182 2252 2353 2330 λέγειν
2410 2253 2540 2326 πρὸς
2591 2252 2727 2326 ὑμᾶς
2783 2251 2905 2314 τοὺς
2963 2251 3048 2306 ὲπὶ
3080 2250 3186 2307 τῶν
3229 2251 3415 2329 ἅρχων
3445 2249 3580 2329 ἇίπερ
3632 2249 3697 2306 ἄν
3755 2274 3835 2316 τις

2179 2342 2267 2398 καὶ
2296 2338 2567 2417 βουλοιτο,
2600 2339 2636 2409 ἢ
2692 2340 2857 2414 μόνον
2904 2339 3222 2396 δποκόπτειν
3278 2336 3363 2396 δεῖ
3390 2351 3510 2405 τοῖς
3566 2339 3837 2417 ὑμετέροις

2181 2430 2553 2507 προστάγμασι
2612 2426 2749 2504 μηδέ
2792 2428 3025 2507 φθογγὴν
3085 2427 3223 2493 ὅλως
3271 2427 3670 2509 προϊεμένευς;
3736 2428 3837 2487 Καὶ

2182 2525 2209 2578 ὁ
2244 2523 2486 2601 ἡγεμὼν,
2522 2522 2595 2587 ὡς
2648 2520 2842 2592 ἔοικε),
2876 2519 3327 2597 ἐπιλελησμένος,
3362 2519 3506 2587 ὅπως
3560 2522 3837 2601 εχρήσατο

2183 2612 2283 2689 πρὸ
2340 2611 2529 2668 τούτου
2562 2612 2784 2683 Λευκίῳ.
2847 2609 3101 2686 ’¹Εξεστι,
3135 2611 3287 2690 φησὶ,
3320 2613 3409 2667 καὶ
3458 2609 3622 2674 οόδεὶς
3667 2609 3833 2690 μέχρι

2182 2701 2269 2757 καὶ
2327 2701 2560 2778 τήμερον
2612 2700 2712 2768 την
2771 2699 3065 2779 ἐλευθερίαν
3126 2699 3397 2779 ἀφῄρηται
3475 2700 3697 2776 ταύτην,
3745 2700 3833 2756 καὶ

2184 2788 2419 2866 μάλιστα
2479 2793 2523 2847 εἰ
2583 2792 2666 2847 καὶ
2721 2788 2912 2867 λόγους
2970 2788 3088 2869 ἔχει
3131 2787 3537 2852 λυσιτελοῦντας
3563 2795 3639 2861 τῷ
3671 2795 3832 2862 κοινῷ

2180 2878 2514 2957 φθέγγεσθαι.
2582 2880 2735 2937 Καὶὸ
2801 2880 3024 2955 Θόρσος,
3062 2879 3161 2936 Καὶ
3218 2879 3295 2942 τίς
3357 2876 3419 2933 ἂν
3468 2876 3669 2958 ἕτερος,
3702 2876 3830 2959 ἔφη,

2179 2966 2339 3047 λόγος
2403 2977 2496 3026 τοῦ
2548 2970 2648 3036 τὴν
2716 2969 2903 3048 ψυχὴν
2960 2965 3292 3029 ὠφελοῦντος
3347 2965 3830 3045 λνισιτελέστερος;

2181 3058 2324 3137 Ἐγὼ
2380 3059 2479 3137 γὰρ
2524 3060 2660 3136 ὁρῶν
2709 3056 2943 3121 πολλοὺς
2989 3060 3067 3131 τῴ
3124 3054 3396 3136 κεφαλαίῳ
3424 3054 3715 3131 ζημιοῦντά
3771 3077 3829 3112 σε

2179 3154 2276 3216 τῆς
2323 3149 2587 3225 σωτηρίας
2656 3147 2749 3204 καί
2807 3148 2900 3216 τῆς
2933 3148 3032 3222 μὲν
3085 3146 3241 3223 ὀρθῆς
3286 3145 3588 3223 ἀφιστῶνται
3645 3141 3824 3218 δόξης,

2181 3240 2309 3318 πρὸς
2369 3237 2554 3305 δὲτὴν
2611 3245 2719 3294 τῶν
2750 3235 2982 3294 εἰδώλων
3028 3235 3239 3302 ἀπάνην
3268 3233 3508 3294 ἐλεεινῶς
3553 3233 3828 3310 ἀπαγόμε-

2177 3351 2288 3403 νον,
2351 3329 2438 3385 καὶ
2469 3325 2698 3405 ἀκριϐῶς
2762 3326 2911 3390 εἰδὼς
2944 3325 3025 3382 ὅτι
3070 3325 3231 3402 πυρὸς
3265 3321 3396 3389 ὅλην
3429 3320 3642 3400 γέενναν
3692 3321 3829 3379 κατὰ

2177 3424 2273 3485 τῆς
2347 3419 2539 3483 οἰκείας
2602 3416 2841 3496 κεφαλῆς
2918 3414 3170 3478 ἀνάπτεις
3230 3414 3266 3481 ἢ
3339 3410 3543 3487 μᾶλλον
3614 3414 3826 3490 ψυχῆς,

2181 3506 2443 3585 συμφέρον
2518 3505 2695 3585 ἔκρινα
2757 3504 2892 3579 μετά
2961 3502 3057 3572 τῆς
3126 3503 3504 3581 προσηκούσης
3575 3496 3832 3575 ἐλευθέρῳ

2175 3598 2475 3677 παρρησίας
2535 3598 2960 3675 προσενεχθῆναι
3018 3615 3127 3668 σοι,
3185 3591 3278 3649 καί
3339 3588 3663 3677 φιλαληθῶς,
3706 3585 3830 3645 δια-

2175 3676 2456 3767 λεχθῆναι,
2518 3688 2604 3743 καὶ
2673 3688 2863 3760 μαθεῖν
2926 3683 3048 3741 ὅτου
3105 3681 3266 3763 χάριν
3347 3680 3478 3736 Θεὸν
3548 3676 3830 3736 ἀπολιπὼν

2176 3756 2395 3855 οὖρανοῦ
2440 3756 2539 3832 ⁷καὶ
2598 3756 2702 3853 γῆς
2775 3776 2862 3833 καὶ
2941 3756 3232 3853 ἀνθρώπων
3295 3768 3641 3847 δημιουργὸν,
3701 3765 3831 3846 ἔργα

2176 3867 2377 3947 χειρῶν
2452 3862 2539 3921 ὑπ’
2599 3864 2889 3943 ἀνθρώπων
2964 3860 3303 3937 πεποιημένα
3373 3858 3600 3936 ᾐρετίσω
3668 3878 3834 3937 προσ-

2175 3946 2354 4013 κυνεῖν
2415 3954 2643 4034 μᾶλλον,
2703 3960 2778 4026 τῷ
2837 3951 2971 4027 ξύλῳ
3041 3952 3227 4034 εἰπὼν,
3287 3946 3368 4003 ὅτι
3427 3966 3456 4006 v
3488 3946 3669 4024 Πατήρ
3723 3968 3828 4022 μου

2175 4059 2228 4104 εἴ
2261 4047 2345 4120 σὺ,
2383 4068 2408 4105 ι
2474 4046 2533 4101 τὸ
2561 4029 2653 4101 τοῦ
2707 4043 2846 4100 θείου
2888 4041 3044 4119 φάναι
3107 4029 3380 4114 Ἰερεμίου,
3416 4038 3503 4093 καὶ
3549 4039 3626 4110 τῷ
3671 4035 3823 4115 λίθῳ,

2181 4154 2211 4195 ε
2244 4136 2317 4191 Σὺ
2373 4132 2666 4213 ἐγέννησάς
2716 4151 2807 4205 με⁷
2843 4152 2872 4184 ι
2936 4129 3024 4184 καὶ
3082 4125 3320 4206 στρέφων
3394 4125 3480 4182 ἐπὶ
3551 4126 3681 4182 Θεὸν
3731 4125 3827 4182 τὸν

2174 4225 2504 4304 γεννήσαντα
2564 4242 2621 4277 σε
2681 4221 2820 4275 νῶτα
2887 4219 2977 4274 καὶ
3034 4220 3093 4276 οὗ
3149 4216 3436 4294 πρόσωπόν
3479 4222 3598 4290 σοῦ,
3650 4215 3827 4273 πᾶσάν

2172 4303 2229 4370 τε
2260 4312 2513 4391 εἰσφέρων
2558 4306 2811 4384 σπουδὴν,
2846 4308 2934 4364 καὶ
2993 4305 3139 4365 οῦδὲν
3171 4307 3290 4384 βίας
3344 4305 3379 4374 ἢ
3440 4305 3678 4384 ἀνάγκης
3737 4303 3823 4361 ἐλ-

2171 4402 2392 4476 λείπων,
2464 4409 2557 4459 τοῦ
2627 4399 2717 4456 καὶ
2793 4404 2993 4463 πάντας
3075 4397 3401 4475 ἀνθρώπους,
3464 4397 3509 4453 εί
3575 4392 3820 4477 δυνατὸν,

2104 4492 2384 4575 nrtsic-att,
2415 4495 2513 4558 τῆς
2544 4489 2671 4557 ἴσης
2702 4494 3025 4556 κοινωνῆσαι
3057 4510 3139 4545 σοι
3163 4484 3493 4552 κακοδοξίας,

2254 4579 2342 4642 Ε’.
2416 4580 2551 4657 Πρὸς
2609 4585 2772 4636 ταῦτα
2841 4581 2867 4635 οἱ
2927 4578 3165 4658 ἡγεμών
3243 4579 3314 4635 Τὸ
3382 4574 3601 4652 ἄκαιρον
3664 4581 3821 4632 τοῦτο

2169 4674 2264 4737 τῆς
2324 4668 2617 4748 παῤῥησίας
2704 4670 2792 4726 καὶ
2875 4668 3119 4745 περιττὸν
3204 4666 3270 4721 τὰ
3324 4670 3427 4720 τῶν
3515 4662 3820 4740 λεγομένων

2165 4765 2497 4832 Χριστιαδῶν
2585 4761 2839 4819 νοσοῦντα
2927 4759 3014 4815 καὶ
3070 4756 3129 4813 σὲ
3198 4751 3591 4833 παραδείκνυσι,
3670 4749 3817 4817 Πλὴν

2160 4849 2298 4908 ἆ).λά
2350 4850 2443 4915 τὰς
2517 4850 2612 4926 μὲν
2683 4856 2787 4907 τῶν
2849 4848 3092 4925 ματαίων
3172 4844 3371 4902 τούτων
3439 4841 3673 4898 πεόσεων
3729 4843 3820 4896 καὶ

2160 4938 2432 5020 φλυαριῶν
2476 4938 2743 5005 ἐπιλόσεις
2795 4938 2855 4995 ἔα
2911 4950 3028 5000 τοῖς
3086 4935 3169 4990 ἐπὶ
3198 4931 3409 5012 σχολῆς
3467 4928 3812 5020 καθημένοις,

2159 5018 2272 5087 ὅσοι
2332 5027 2685 5105 δηλονότιμὴ
2728 5041 2853 5093 ταῖς
2908 5031 3014 5085 τῶν
3048 5022 3321 5097 δημοσίων
3378 5018 3816 5101 ἀπασχολοῦνται

2157 5120 2445 5199 φροντίσιν·
2519 5120 2716 5177 ἐκεῖνοι
2774 5118 2874 5197 γὰρ
2943 5113 3141 5172 ἕκαστά
3202 5133 3285 5168 σοι
3362 5111 3561 5167 τούτων
3630 5115 3814 5190 σαφῶς

2157 5208 2480 5268 ἒπιλόσουσι·
2542 5211 2604 5267 τὸ
2660 5206 2714 5264 δὲ
2768 5217 2856 5265 νῦν
2913 5204 3057 5282 ἔχως
3112 5214 3230 5266 τοῖς
3274 5199 3579 5278 βασιλικοῖς
3651 5219 3819 5277 προσ.

2156 5302 2424 5377 τάγμασιν
2494 5297 2665 5373 εἶξον,
2723 5296 2812 5353 καὶ
2867 5298 3022 5351 θῦσον
3088 5289 3394 5371 προσελθὼν
3450 5303 3569 5352 τοῖς
3636 5291 3808 5350 θεοῖς·

2158 5390 2202 5444 εἰ
2259 5386 2313 5443 δὲ
2374 5388 2477 5467 μὴ,
2530 5385 2704 5464 λόγων
2761 5383 2996 5463 ἀκαίρων
3053 5382 3310 5460 τιμωρίας
3369 5380 3611 5458 εὑρήσεις
3671 5377 3817 5433 ἀντί-

2158 5477 2302 5534 δοσιν
2351 5465 2788 5556 ὲπικαιροτάτην,
2826 5465 2883 5532 Ὀ
2916 5472 2994 5549 δὲ,
3060 5477 3283 5550 Λογικὰ,
3318 5470 3471 5550 φησὶ,
3507 5474 3638 5525 Θεοῦ
3676 5465 3814 5523 πλείη
