4132 6428
295 383 442 450 513

1247 381 1721 448 MARTYRIUM
1767 377 1827 444 S.
1877 379 2167 444 THYRSI
2219 379 2318 445 ET
2362 379 2774 448 SOCIORUM.

3591 384 3709 449 514

295 543 496 597 σματα
538 519 719 597 ὄντας,
771 519 871 578 καὶ
930 519 1080 598 λόγῳ
1136 519 1260 597 παρ’
1317 519 1517 578 ἐκείνου
1561 514 1974 593 τετιμημένους,

2070 535 2163 579 vos
2193 518 2297 582 ille
2327 519 2662 596 honoravit,
2698 518 2846 581 nihil
2899 534 3000 579 vos
3031 516 3213 579 stulte
3245 517 3443 580 facere
3475 525 3713 598 oportet

298 612 432 670 οὔδ’
473 614 649 669 ὁτιοῦν
702 610 958 687 πράττειν
1018 611 1163 685 ἡμᾶς
1213 609 1424 687 ἀλόγως
1471 608 1607 666 οὕτω
1668 608 1757 664 καὶ
1809 605 1972 661 ἀσυν-

295 724 455 766 ετως
497 702 635 782 χρὴ,
685 699 825 756 ἀλλὰ
854 699 1026 778 κρίφει
1071 699 1244 756 πάντα
1306 696 1502 754 διδόναι
1568 698 1654 754 καὶ
1698 694 1974 771 διασκέψει

293 790 706 870 λελογισμένῃ.
755 791 814 847 Εἰ
849 788 905 845 δὲ
950 790 1108 853 αὐτὸς
1140 791 1258 856 είκῆ
1285 786 1461 864 βούλει
1506 787 1627 850 τοῖς
1659 785 1868 863 ἀλόγως
1899 791 1976 859 τῷ

290 879 535 958 βασιλεῖ
578 878 790 946 δόξασιν
834 878 1076 950 ἕπεσθαι,
1123 881 1256 954 ἐμοῦ
1299 880 1386 935 νῦν
1417 882 1477 936 οὐ
1531 875 1846 951 πειθομένου
1883 876 1974 931 τὸν

290 971 738 1049 Χριστιανισμὸν
796 968 1145 1043 ἐξομόσασθαι
1182 1017 1198 1048 ,
1281 969 1342 1025 τὸ
1401 966 1814 1046 διατεταγμένον
1874 970 1973 1024 αὒ-

286 1062 395 1125 τὸς
453 1061 617 1134 ποίει,
664 1059 894 1138 κρίσεως
953 1059 1042 1115 καὶ
1111 1057 1274 1137 λόγου
1317 1058 1604 1138 φροντίζων
1651 1055 1820 1119 οὐδέν,
1871 1057 1974 1114 Καί

291 1153 321 1208 δ
385 1147 780 1229 Κουμϐρίκιος,
841 1148 928 1223 Τῷ
987 1154 1268 1227 προσηνῶς
1327 1170 1411 1206 σοι
1468 1149 1614 1228 τάχα
1679 1147 1975 1228 προσφέρε-

289 1244 463 1319 σθαι,
537 1238 665 1320 ἔφη,
724 1237 1099 1316 αὐθαδέστερον
1156 1241 1296 1295 εἷναί
1360 1260 1419 1295 σε
1479 1237 1972 1316 παρεσκευάσαμεν.

287 1329 470 1397 Πλὴν
529 1328 667 1386 ἆλλᾶ
720 1331 935 1386 συνετὸν
994 1330 1128 1407 ὁρῶν
1189 1328 1355 1389 οὕτως
1417 1349 1474 1383 σε
1542 1329 1630 1384 καὶ
1696 1327 1972 1406 ἀγχίνουν,

287 1424 564 1500 παραινῶ
605 1422 885 1487 πεισθῆναι
929 1419 1033 1498 πρὸ
1095 1423 1202 1474 τῶν
1261 1416 1556 1476 κολάσεων.
1636 1417 1810 1476 Καλὸν
1881 1416 1977 1492 μὲν

290 1511 412 1589 γὰρ
476 1511 512 1576 ἡ
577 1511 706 1588 πρὸς
763 1509 824 1564 τὸ
885 1506 1096 1584 βέλτιον
1152 1505 1450 1583 μεταϐολὴ,
1514 1507 1600 1564 καὶ
1659 1506 1748 1563 ὅτε
1778 1505 1976 1578 δήποτε

293 1598 607 1677 γινομένη,
655 1596 794 1655 ἀλλὰ
821 1599 884 1654 τὸ
915 1599 1052 1672 μήτε
1096 1599 1253 1654 αὒτὸν
1303 1601 1494 1664 νοῆσαι
1538 1597 1599 1653 τὸ
1645 1594 1784 1670 δέον,
1849 1593 1976 1672 μήθ’

297 1690 491 1768 ἑτέρῳ
544 1687 755 1766 λέγοντι
812 1687 1117 1761 πεισθῆναι,
1164 1684 1368 1750 πολλὰς
1427 1685 1482 1742 δὲ
1533 1687 1788 1763 πρότερον
1838 1688 1977 1743 ὑπο-

297 1780 580 1854 μείναντα
635 1777 914 1856 τιμωρίας,
971 1776 1156 1834 ἔπειτα
1204 1778 1263 1832 τὸ
1308 1775 1571 1854 συμφέρον
1621 1780 1974 1852 μεταμαθεῖν,

2058 614 2119 668 et
2147 616 2356 669 contra
2376 609 2812 684 rationem,sed
2840 606 3074 687 judicio
3099 615 3157 668 et
3191 606 3462 686 diligenti
3496 607 3715 668 exami-

2059 698 2288 758 nationi
2334 703 2535 760 omnia
2568 699 2940 779 permittere.
2977 696 3041 761 Si
3087 703 3285 758 autem
3319 695 3406 758 vis
3453 695 3584 778 ipse
3646 715 3716 759 ea

2060 788 2251 864 sequi,
2279 805 2412 867 quae
2435 789 2588 851 citra
2619 789 2801 850 ullam
2835 788 3126 848 rationem
3161 787 3426 848 decreta.
3461 793 3600 848 sunt
3639 786 3712 848 ab

2058 876 2544 957 imperatoribus,
2579 897 2715 942 cum
2743 878 2888 940 mihi
2917 895 3076 939 nunc
3100 895 3220 938 non
3238 876 3315 938 sit
3335 893 3712 957 persuasum,

2059 974 2122 1027 ut
2149 966 2420 1046 abjurem
2455 967 2998 1042 Christianismum,
3035 967 3125 1029 fac
3151 967 3283 1048 ipse
3307 966 3462 1047 quod
3494 977 3585 1029 est
3609 961 3716 1028 tibi

2059 1057 2863 1121 constitutum.Cumhricius
2885 1077 3023 1121 vero
3053 1079 3066 1116 :
3091 1059 3295 1131 Forte,
3330 1056 3714 1138 inquit,quod

2059 1152 2258 1208 tecum
2288 1145 2546 1228 benigne
2577 1157 2637 1210 et
2668 1149 2887 1210 leniter
2913 1147 3326 1229 agamus,ideo
3359 1154 3414 1208 te
3436 1165 3716 1226 arrogan-

2061 1239 2273 1298 tiorem
2326 1237 2618 1300 efﬁcimus
2676 1247 2734 1300 et
2776 1238 3256 1300 insolentiorem.
3289 1236 3409 1299 Sed
3463 1255 3597 1298 cum
3658 1244 3715 1297 te

2060 1325 2288 1387 videam
2321 1328 2472 1389 adeo
2501 1327 3163 1408 intelligentem,ettam
3194 1328 3353 1388 acuti
3383 1335 3442 1388 et
3472 1326 3716 1388 solertis

2061 1414 2312 1494 ingenii,
2353 1418 2577 1480 suadeo
2637 1429 2705 1479 ut.
2765 1436 2974 1500 pareas
3031 1425 3346 1498 antequam
3400 1415 3711 1478 crucieris.

2061 1506 2209 1569 Nam
2243 1506 2486 1586 pulchra
2516 1508 2760 1589 quidem
2808 1527 2906 1570 res
2938 1517 3028 1569 est
3082 1506 3325 1568 mutatio
3377 1507 3436 1566 in
3474 1505 3712 1586 melius,

2062 1595 2546 1679 quandocunque
2579 1616 2649 1661 ea
2699 1597 2852 1660 facta
2908 1599 3102 1661 fuerit.
3146 1597 3262 1659 Sed
3297 1613 3492 1677 neque
3521 1595 3714 1676 ipsum

2061 1684 2146 1761 id,
2181 1687 2337 1766 quod
2366 1696 2628 1768 Oportet,
2657 1688 3020 1767 intelligere,
3066 1704 3263 1768 neque
3294 1686 3468 1747 alteri
3494 1685 3719 1748 dicenti

2063 1794 2273 1856 parere
2309 1793 2322 1838 :
2357 1795 2492 1838 cum
2520 1779 2705 1840 multa
2734 1787 2929 1839 autem
2965 1779 3133 1859 prius
3195 1793 3407 1857 passus
3460 1775 3542 1836 sis
3593 1784 3720 1838 tor-

299 1869 417 1925 οὖκ
480 1867 646 1942 οἶμαι
718 1868 1010 1946 παρανοίας
1083 1865 1332 1923 ὑπόνοιαν
1415 1863 1743 1945 διαφυγεῖν..
1806 1865 1978 1931 Χώρει

2070 1875 2284 1941 menta,
2321 1865 2540 1928 deinde
2589 1867 2852 1947 abjicere
2910 1867 2994 1937 id,
3051 1867 3208 1947 quod
3245 1873 3334 1926 est
3367 1865 3536 1941 utile,
3598 1885 3718 1928 non

298 1955 606 2037 τοιγαροῦν
658 1954 761 2024 ἥδη
811 1957 940 2034 πρὸς
999 1957 1091 2013 τὸν
1149 1957 1274 2012 ναὸν
1336 1957 1422 2011 καὶ
1452 1953 1696 2012 ἀποδίδου
1738 1959 1884 2020 θεοῖς
1914 1956 1980 2012 τὰ

305 2045 688 2122 νενομισμένα
717 2060 732 2075 ⁵
798 2045 936 2101 οὕτω
979 2046 1079 2123 γὰρ
1127 2043 1223 2101 καί
1273 2044 1378 2101 τῶν
1432 2042 1805 2122 προλαϐόντων
1849 2067 1982 2123 συγ-

310 2135 560 2215 γνώμην
605 2126 781 2210 λῆψῃ,
829 2135 917 2190 καὶ
958 2135 1174 2210 βασιλεῖ
1216 2140 1292 2208 τῷ
1345 2133 1565 2212 μεγάλῳ
1636 2137 1979 2215 οἰκειωθήσῃ,

305 2227 412 2282 καὶ
441 2224 566 2296 μεθ’
597 2225 754 2300 ἡμῶν
803 2223 902 2300 ἔσῃ
961 2222 1045 2280 διὰ
1101 2224 1214 2300 βίου
1257 2225 1586 2301 τιμώμενος.
1629 2225 1733 2285 Καί
1784 2229 1810 2281 ὁ
1842 2226 1984 2305 μάρ-

306 2338 411 2380 τυς
447 2333 466 2349 ·
531 2313 676 2392 Ἐγὼ
731 2313 897 2374 πάλαι
967 2312 1284 2390 διέσκεμμαι
1343 2317 1460 2394 περὶ
1515 2321 1622 2372 τῶν
1684 2315 1982 2395 παρόντων,

389 2406 408 2461 ὶ
489 2404 510 2442 ³
597 2404 611 2424 ’
698 2401 729 2457 λ
1114 2403 1124 2423 ’
1442 2402 1490 2428 ’ρ
1595 2430 1615 2444 ρ
1705 2412 1730 2422 ’⁸
1794 2423 1809 2440 ο
1970 2405 1984 2426 ‘

309 2427 386 2461 κα
457 2425 558 2460 ουκ
588 2424 694 2480 αμε
737 2405 910 2478 ετήτῳ
962 2425 1053 2478 μοι
1099 2402 1237 2466 ὅλως
1291 2404 1614 2484 προσεοαλε..
1675 2429 1762 2462 νυν
1872 2405 1986 2462 ἐπει

315 2491 567 2555 πολλοϊς
629 2493 884 2571 πρότερον
941 2494 1001 2548 τὸ
1060 2500 1283 2573 πρᾶγμα
1329 2493 1616 2572 λογισμοῖς
1670 2495 1981 2574 βασανίσας,

316 2585 412 2640 καὶ
474 2589 585 2639 τῶν
630 2581 907 2661 ἡμετέρων
951 2581 1206 2657 εἰδώλων,
1280 2581 1356 2640 ἔτι
1415 2582 1467 2639 δὲ
1528 2591 1634 2641 τῶν
1678 2585 1986 2658 ἀκαθάρτων

319 2675 531 2750 βωμῶν
573 2693 633 2729 τε
693 2674 782 2728 κᾶὶ
834 2675 1024 2731 θυσιῶν
1076 2673 1322 2752 ἐσχάτως
1381 2674 1776 2752 καταγελάσας,
1850 2673 1986 2732 οὕτω

322 2765 420 2832 τὴν
482 2761 657 2830 ἆληθῆ
717 2763 803 2818 καὶ
861 2764 1244 2842 καθαρωτάτην
1313 2770 1418 2822 τῶν
1496 2769 1825 2844 Χριστιανῶν
1888 2767 1982 2821 πί-

328 2875 445 2910 στιν
481 2854 722 2927 εἷλόμην,
771 2851 938 2910 ’Ὥστε
984 2852 1038 2909 εἴ
1092 2854 1142 2910 τί
1185 2875 1268 2912 σοι
1327 2855 1470 2932 παρὰ
1518 2862 1609 2912 τοῦ
1665 2856 1981 2933 κρατοῦντος

338 2940 455 2998 καθ’
503 2942 647 3016 ἡμῶν
679 2941 1081 3024 ἐπιτέτραπται,
1109 2943 1186 3020 μὴ
1218 2933 1429 3019 ἀμέλει,

421 3207 519 3283 ς·’.
558 3209 714 3275 Εὐθὺς
775 3213 864 3268 οὗν
924 3210 1157 3293 ἐκεῖνος,
1190 3214 1276 3269 καὶ
1309 3211 1474 3270 πάλαι
1517 3209 1840 3278 διοιδοῦντος
1884 3214 1976 3270 αὖ.

329 3305 409 3373 τῷ
453 3301 546 3356 τοῦ
599 3304 798 3378 θυμοῦ,
859 3302 1161 3366 νεανίσκους
1218 3303 1365 3365 τινὰς
1423 3303 1560 3360 κατὰ
1629 3307 1800 3383 χεῖρα
1855 3326 1982 3383 γεν-

324 3391 534 3465 ναίους,
624 3390 862 3472 σφοδρῶς
924 3389 1332 3472 ἐναλλομένους,
1408 3392 1506 3457 πὺξ
1575 3394 1668 3449 τὸν
1748 3394 1983 3474 μάρτυρα

324 3478 545 3536 ἐκέλευε
608 3482 806 3561 παίειν,
865 3479 1050 3539 ἔπειτα
1107 3483 1290 3559 ίμᾶσιν
1360 3483 1518 3540 αὐτὸν
1585 3483 1821 3564 ίσχυρῶς
1890 3485 1984 3541 ἀπ’

325 3569 513 3648 ἄκρων
545 3571 745 3650 χειρῶν
794 3574 927 3648 ὃμοῦ
985 3572 1070 3628 διαὶ
1128 3571 1300 3630 ποδῶν
1333 3570 1610 3646 διαδήσας,
1657 3574 1843 3650 βιαίως
1901 3574 1986 3654 ἐφ’

324 3661 557 3739 ἑκάτερα
630 3659 808 3717 εἶλιιεν
843 3710 858 3736 ,
913 3661 1052 3719 ὥστε
1123 3666 1344 3730 λυθῆναι
1415 3667 1557 3734 αὒτῷ
1616 3669 1724 3721 τῶν
1782 3662 1982 3743 ἄρθρων

320 3750 422 3813 τὰς
471 3749 751 3830 ἁρμονίας,
781 3755 870 3809 καὶ
899 3753 972 3816 εἷς
1005 3752 1143 3832 μέρη
1193 3754 1286 3808 καί
1339 3752 1478 3829 μέλη
1509 3755 1602 3809 τὸν
1646 3751 1804 3827 ἄνδρα
1863 3752 1986 3809 δια-

324 3842 660 3906 σπασθῆναι.
725 3839 786 3899 Ὀ
831 3839 906 3917 δὲ,
974 3843 1060 3898 καὶ
1129 3849 1348 3902 τοιαῦτα
1388 3843 1644 3923 πάσχων,
1707 3845 1768 3898 οὒ
1825 3843 1987 3919 μόνον

323 3927 525 3996 ὀδύνης
600 3928 747 3987 οὖδὲν
817 3931 904 3988 ἐπὶ
961 3939 1054 3990 τοῦ
1109 3933 1400 4010 προσώπου
1455 3930 1724 4008 σύμϐολον
1780 3931 1986 4000 ἐπεσή-

323 4041 545 4097 μαινεν,
610 4019 746 4076 ἀλλὰ
800 4023 890 4078 καὶ
949 4018 1289 4102 φαιδρότερος
1366 4021 1573 4100 μᾶλλον
1639 4023 1841 4099 ἐωρατο
1901 4024 1988 4078 καὶ

322 4109 547 4166 θάλλων
588 4123 711 4174 ταῖς
745 4125 999 4190 παρειαῖς
1039 4128 1052 4143 '
1103 4113 1162 4170 οὗ
1204 4111 1269 4181 δὴ
1332 4113 1492 4192 χάριν
1545 4113 1648 4192 οὐχ
1689 4113 1871 4170 ἱκανὸν
1913 4114 1987 4176 εἰς

324 4203 597 4279 τιμωρίαν
639 4203 666 4258 ὁ
711 4202 925 4270 ἀπηνὴς
978 4204 1041 4259 τὸ
1084 4209 1307 4282 πρᾶγμα
1358 4203 1602 4278 νομίσας,
1636 4202 1814 4267 ἄλλως
1844 4224 1902 4259 τε
1932 4200 1987 4258 δὲ

324 4291 419 4346 καὶ
483 4294 553 4367 τῇ
601 4289 911 4370 φαιδρότητι
970 4293 1058 4350 καὶ
1106 4299 1184 4366 τῷ
1228 4292 1369 4350 ἄνθει
1413 4300 1506 4350 τοῦ
1564 4293 1849 4372 προσώπου
1891 4294 1986 4369 βα-

329 4381 566 4460 σκήνας,
613 4379 722 4437 λύει
765 4381 863 4458 μὲν
927 4383 1019 4439 τὸν
1069 4383 1307 4462 μάρτυρα
1355 4387 1461 4440 τῶν
1507 4380 1739 4458 δεσμῶν,
1788 4381 1988 4463 σιδήρῳ

326 4467 387 4524 δὲ
441 4470 513 4525 τὰ
569 4468 806 4551 βλέφαρα
865 4472 962 4530 καί
1015 4474 1116 4540 τὴν
1189 4472 1312 4550 ὄψιν
1370 4473 1815 4531 κατακεντεῖσθαι
1889 4496 1984 4530 ειε-

325 4558 503 4618 λεύει.
571 4559 769 4618 Τούτου
827 4559 880 4617 δὲ
938 4562 1246 4640 γενομένου,
1309 4562 1447 4620 θείου
1508 4564 1688 4638 τινὸς,
1747 4565 1984 4642 καθάπερ

2066 1956 2340 2020 existimo
2371 1955 2432 2017 id
2486 1957 2749 2036 eﬂ'ugere
2778 1955 3184 2038 suspicionem
3216 1955 3516 2018 amentiae.
3552 1953 3720 2017 Vade

2067 2064 2207 2125 ergo
2231 2047 2356 2126 jam
2409 2045 2480 2107 ad
2537 2047 2849 2127 templum,
2909 2054 2969 2108 et
3010 2045 3126 2107 diis
3182 2043 3369 2105 redde
3400 2064 3535 2124 quae
3558 2045 3721 2124 justa

2067 2146 2226 2199 sunt.
2260 2135 2361 2198 Sic
2391 2137 2554 2196 enim
2587 2144 2647 2198 et
2675 2155 2911 2213 eorum,
2956 2153 3088 2217 quae
3117 2143 3575 2216 przecesserunt,
3609 2153 3717 2196 ve—

2069 2225 2228 2286 niam
2265 2225 2673 2308 consequeris,
2710 2235 2768 2287 et
2825 2245 3039 2304 magno
3094 2223 3442 2304 imperatori
3503 2225 3718 2286 evades

2072 2315 2402 2388 familiaris,
2431 2324 2489 2376 et
2519 2322 2642 2377 toto
2674 2316 2808 2377 vitae
2837 2326 3106 2397 tempore
3130 2333 3162 2374 a
3194 2313 3364 2374 nobis
3400 2315 3454 2373 in
3490 2315 3720 2377 honore

2071 2405 2414 2468 habeberis.
2450 2403 2666 2486 Martyr
2695 2415 2892 2467 autem
2932 2424 2945 2468 :
2981 2406 3128 2485 Ego,
3167 2404 3382 2484 inquit,
3415 2403 3492 2466 de
3538 2403 3720 2465 rebus

2074 2495 2469 2574 praesentibus
2527 2494 2630 2556 diu
2680 2495 3031 2576 deliberavi,
3067 2513 3264 2574 neque
3323 2513 3419 2554 me
3474 2495 3717 2555 omnino

2070 2603 2382 2665 aggressus
2400 2604 2555 2648 nunc
2570 2603 2632 2647 es
2648 2585 2894 2648 minime
2910 2584 3565 2668 prmmcditatum.Nam
3582 2603 3716 2646 cum

2067 2693 2194 2738 rem
2235 2676 2402 2757 prius
2427 2675 2633 2738 multis
2665 2676 3102 2738 examinassem
3135 2673 3713 2751 ratiocinationibus,

2069 2774 2125 2826 et
2157 2773 2350 2826 vestra
2377 2765 2719 2842 simulacra,
2751 2765 3180 2846 immundaque
3210 2764 3418 2826 altaria
3445 2774 3509 2825 et
3537 2764 3721 2826 sacri-

2067 2853 2200 2916 ﬁcia
2225 2873 2459 2916 summe
2481 2854 2827 2929 irrisissem,
2858 2873 3064 2936 puram
3092 2862 3148 2915 et
3168 2870 3370 2917 veram
3397 2853 3575 2916 ﬁdem
3601 2855 3719 2916 ele-

2066 2942 2124 3020 gi
2152 2943 2647 3007 Christianorum.
2685 2942 3090 3018 Quamobrem
3116 2943 3166 3004 si
3189 2943 3333 3023 quid
3367 2942 3477 3005 tibi
3508 2952 3714 3006 contra

2067 3052 2176 3094 nos
2212 3038 2568 3112 permissum
2601 3041 2690 3095 est
2745 3034 2818 3095 ab
2877 3033 3263 3114 imperatore,
3299 3051 3375 3094 ne
3405 3033 3490 3095 sis
3517 3033 3717 3113 negli-

2066 3141 2235 3202 gens.

2147 3211 2246 3276 VI.
2283 3215 2494 3276 Statim
2530 3231 2668 3292 ergo
2702 3231 2836 3275 cum
2869 3213 2956 3274 illi
3001 3211 3236 3292 jamdiu
3285 3216 3726 3274 intumesceret

2069 3303 2748 3380 animus,adolescentes
2767 3303 2994 3384 aliquot
3018 3321 3194 3364 manu
3214 3301 3504 3384 valentes,
3535 3303 3721 3364 vehe-

2069 3401 2305 3457 menter
2333 3394 2712 3470 insultantes,
2740 3395 2921 3474 jussit
2951 3395 3165 3475 pugnis
3215 3393 3447 3456 caedere
3500 3403 3722 3475 marty-

2067 3501 2220 3546 rem.
2255 3484 2486 3547 Deinde
2513 3502 2645 3546 cum
2688 3503 2825 3547 eum
2847 3484 2993 3546 loris
3017 3503 3049 3546 e
3072 3486 3324 3546 summis
3354 3483 3632 3548 manibus
3660 3493 3724 3547 et

2071 3574 2325 3655 pedibus
2381 3575 2614 3637 fortiter
2669 3575 3034 3655 alligassem,
3095 3574 3381 3653 utrinque
3430 3575 3724 3638 violenter

2069 3665 2407 3746 trahebant,
2440 3665 2590 3727 adeo
2622 3673 2685 3726 ut
2712 3666 2767 3727 ei
2797 3665 3170 3727 solverentur
3224 3682 3542 3746 compages
3567 3667 3723 3729 arti-

2071 3754 2875 3836 culorum,membratimque
2906 3764 2964 3817 et
2986 3753 3384 3834 particulatim
3416 3755 3465 3815 is
3491 3756 3726 3818 discer-

2072 3850 2336 3922 peretur.
2371 3841 2479 3904 Ille
2535 3851 2734 3905 autem
2796 3844 3033 3906 etiamsi
3081 3845 3211 3906 hac
3245 3851 3567 3924 pateretur,
3602 3864 3722 3908 non

2073 3931 2251 3993 modo
2284 3932 2444 3994 vultu
2472 3933 2702 3996 nullum
2756 3934 2993 4013 signum
3044 3934 3269 3996 doloris
3317 3951 3436 4014 prae
3468 3953 3534 3997 se
3566 3935 3720 4010 tulit,

2072 4022 2178 4083 sed
2195 4022 2473 4084 visus‘est
2495 4024 2694 4104 potius
2718 4023 2935 4104 laetior,
2960 4023 3438 4104 ﬂorentibusque
3461 4024 3630 4104 genis
3659 4044 3728 4087 ac

2073 4113 2412 4193 purpureis.
2447 4112 2574 4185 Qua
2635 4113 2710 4176 de
2758 4132 2938 4176 causa
2990 4115 3104 4176 hoc
3157 4133 3277 4176 non
3329 4114 3606 4178 sufficere
3655 4115 3730 4177 ad

2069 4202 2524 4266 cruciatumille
2561 4201 2812 4266 immitis
2843 4203 3188 4279 arbitratus,
3225 4213 3286 4266 et
3315 4204 3537 4285 alioqui
3565 4205 3720 4267 invi-

2071 4293 2224 4354 dens
2249 4292 2541 4356 alacritati
2593 4301 2652 4354 et
2703 4293 2839 4356 ﬂori
2868 4293 3089 4369 vultus,
3122 4302 3440 4374 martyrem
3474 4294 3715 4374 quidem

2071 4383 2304 4445 solvite
2345 4385 2639 4461 vinculis;
2674 4386 2813 4447 cilia
2869 4401 3010 4448 vero
3038 4391 3095 4446 et
3128 4383 3333 4446 oculos
3357 4383 3530 4463 jubet
3559 4384 3717 4446 ferro

2073 4473 2333 4536 confodi.
2367 4473 2494 4536 Hoc
2543 4483 2740 4537 autem
2802 4475 2952 4538 facto
3009 4474 3193 4536 veluti
3236 4473 3432 4535 divina
3461 4475 3717 4556 quadam

2072 4564 2322 4626 audacia
2357 4565 2619 4645 repletus
2639 4564 3250 4647 Thyrsus,praesidem
3278 4563 3489 4644 majori
3513 4583 3722 4644 argue-

330 4651 381 4738 ὁ,
447 4649 693 4738 Θόρσος,
746 4651 968 4731 θάρσους
1059 4651 1445 4734 ὑποπλησθεὶς,
1525 4654 1661 4729 μετὰ
1742 4640 1982 4717 πλείονος

2072 4649 2176 4716 bat
2207 4640 2509 4730 libertate,
2545 4663 2604 4717 et
2633 4656 2706 4717 iis
2734 4640 2866 4738 quae
2896 4640 3093 4718 abillo
3119 4640 3472 4736 patiebatur,
3505 4640 3723 4717 uteba-

328 4737 548 4818 ἤλεγχε
606 4737 807 4814 μᾶλλον
865 4741 958 4797 τὸν
1017 4742 1262 4822 ἡγεμόνα
1331 4747 1428 4810 τῆς
1514 4742 1827 4822 παῤῥησίας,
1901 4743 1991 4801 καὶ

330 4829 423 4895 οἷς
486 4829 694 4911 ἔπασχε
725 4829 854 4911 παρ’
896 4831 1118 4912 ἐκείνου,
1166 4835 1297 4912 πρὸς
1338 4831 1604 4899 ἀπόδειξιν
1647 4836 1855 4914 εχρῆτο
1882 4841 1990 4890 τῶν

331 4917 668 5000 λεγομένων,
735 4922 1012 5003 Πρόσσχες
1073 4922 1162 4979 ἔπ’
1216 4924 1340 5001 ἐμὲ,
1395 4923 1594 5006 λέγων,
1627 4922 1805 4981 ὅντινα
1839 4924 1899 4981 τό
1929 4947 1988 5002 γε

331 5012 411 5074 εἱς
467 5010 527 5066 σὲ
579 5010 708 5078 ἧκον
765 5013 970 5092 μυρίοις
1025 5012 1323 5094 παραδίδως
1390 5015 1659 5089 θανάτοις,
1735 5015 1827 5070 καί
1888 5016 1989 5083 τὴν

333 5100 544 5182 ἄφατον
581 5100 672 5158 τοῦ
715 5101 846 5179 ἓμοῦ
898 5111 1128 5183 Χριστοῦ
1183 5102 1406 5182 δύναμιν
1475 5104 1776 5178 κατανόει,
1843 5103 1989 5168 ὅπως

329 5192 482 5267 ἡμᾶς
524 5189 745 5270 θάρσους
803 5191 1131 5270 ἐμπίπλησι,
1165 5192 1385 5271 δύναμίν
1438 5215 1495 5251 τε
1549 5195 1826 5271 οὐρανόθεν
1885 5216 1991 5251 πε·-

334 5287 628 5362 ριζωννύει,
683 5283 774 5340 καὶ
830 5287 930 5351 τῆς
1013 5283 1260 5363 γλυκείας
1319 5284 1480 5341 αὐτοῦ
1539 5295 1822 5340 κοινωνεῖν
1890 5284 1990 5364 ἐφ-

337 5373 480 5440 ίησιν
535 5371 866 5453 ὡραιότητος
903 5390 918 5406 ⁸
966 5372 1074 5449 ὅσῳ
1137 5375 1238 5454 γὰρ
1279 5373 1540 5438 πλειόνως
1595 5396 1688 5450 μοι
1731 5374 1792 5429 τὸ
1833 5381 1994 5451 σῶμα

335 5460 590 5544 λυμαίνῃ,
650 5463 891 5540 τοσούτῳ
929 5466 1024 5521 καί
1072 5463 1292 5521 πλείονά
1349 5487 1442 5541 μοι
1499 5461 1837 5545 περιϐάλλεις
1892 5464 1993 5533 τὴν

337 5555 644 5634 εὐμορφίαν.
708 5554 786 5612 Τὰ
865 5553 964 5632 γὰρ
1037 5553 1168 5632 ὑπὲρ
1224 5561 1318 5611 τοῦ
1395 5556 1665 5612 Δεσπότου
1732 5554 1996 5634 στίγματα

2078 4752 2176 4807 tur
2203 4744 2276 4806 ad
2300 4762 2370 4806 ea
2399 4745 2731 4826 probanda,
2767 4764 2901 4825 quae
2937 4745 3010 4807 ab
3043 4763 3113 4808 eo
3144 4743 3500 4807 dicebantur
3532 4745 3722 4809 :Ani-

2076 4853 2238 4897 mum
2288 4834 2362 4896 ad
2421 4853 2517 4896 me
2567 4836 2830 4912 attende,
2866 4835 3096 4912 dicens,
3131 4853 3333 4916 quem,
3371 4835 3528 4917 quod
3558 4837 3631 4898 ad
3667 4843 3724 4898 te

2074 4924 2316 5006 quidem
2347 4927 2578 5000 attinet,
2611 4924 3160 4988 innumerabilibus
3182 4925 3480 4988 tradidisti
3511 4925 3725 4987 morti-

2076 5013 2226 5092 bus;
2259 5021 2319 5076 et
2348 5015 2483 5076 vide
2540 5013 2902 5078 ineffabilem
2957 5015 3178 5078 Christi
3211 5016 3324 5078 mei
3377 5017 3724 5098 potentiam,

2078 5102 2581 5186 quemadmodum
2635 5123 2742 5167 nos
2801 5105 3047 5186 impleat
3108 5104 3355 5167 audacia
3409 5113 3470 5169 et
3514 5106 3732 5169 virtute

2078 5213 2189 5257 nos
2217 5193 2489 5274 accingat
2513 5195 2793 5273 caalitus;
2827 5203 2885 5257 et
2917 5194 3242 5276 permittat,
3274 5203 3342 5259 ut
3393 5195 3504 5257 sim
3540 5199 3729 5278 parti-

2077 5303 2222 5366 ceps
2275 5285 2534 5366 propriae
2589 5287 2720 5366 ejus
2778 5285 3187 5350 formositatis.
3250 5287 3396 5348 Nam
3430 5305 3550 5367 quo
3582 5287 3735 5348 mihi

2078 5392 2299 5456 corpus
2330 5375 2520 5455 magis
2541 5375 2844 5457 perdis,eo
2869 5375 3161 5457 majorem
3195 5376 3339 5438 mihi
3359 5375 3572 5456 adjicis
3594 5377 3733 5458 pul-

2079 5465 2507 5530 chritudinem.
2532 5465 2676 5539 Quae
2708 5466 2871 5528 enim
2900 5485 3006 5548 pro
3037 5466 3292 5530 Domino
3324 5467 3736 5549 suscipiuntur

2082 5555 2379 5634 stigmata,
2413 5558 2621 5637 quovis
2645 5563 2999 5622 ornamento
3021 5556 3331 5639 pulchrius
3354 5557 3645 5619 adornant
3677 5564 3736 5618 ct

337 5646 533 5711 παντὸς
603 5643 930 5724 ὡραιότερον
975 5643 1178 5720 κόσμου
1251 5645 1340 5702 καὶ
1401 5645 1580 5725 ψυχὰς
1639 5645 1727 5704 καὶ
1772 5643 1982 5722 σώματα

2085 5646 2320 5709 animos
2350 5653 2410 5707 et
2443 5664 2694 5729 corpora
2731 5669 2744 5707 :
2780 5656 2834 5710 et
2866 5647 3130 5726 sanguis,
3161 5649 3259 5728 qui
3292 5663 3399 5727 pro
3429 5647 3559 5727 ipso
3589 5645 3729 5708 fun-
