4132 6418
377 343 493 406 515

1683 336 1971 400 MENSIS
2009 333 2441 401 DECEMBER.

3638 333 3761 398 516

378 474 562 554 ditur,
597 472 776 534 veluti
810 490 918 534 nos
940 471 1193 553 irrigans
1223 470 1403 535 efﬁcit
1460 480 1525 536 ut
1555 474 1744 534 simus
1771 471 1932 535 vultu
1965 476 2018 532 et

2107 471 2520 544 καλλωπίζουσι,
2580 471 2666 526 καὶ
2735 470 2798 526 τὸ
2857 468 2987 546 ὑπὲρ
3048 468 3203 524 αὐτοῦ
3256 469 3522 548 χεόμενον
3585 469 3750 542 αἷμα,

378 565 514 628 laeto
547 571 604 625 et
633 561 836 625 alacri.

448 744 561 802 νη.
589 744 674 802 Ad
698 745 816 801 hac
837 753 1024 802 autem
1053 743 1240 800 virille
1258 745 1486 814 pestifer
1502 753 1554 800 et
1577 746 2016 805 exitiosus.cum

377 855 497 898 non
531 834 774 898 haberet
805 835 943 914 quid
977 843 1200 913 ageret,
1229 843 1329 896 aut
1374 835 1672 916 quomodo
1703 836 1816 899 viri
1859 835 2020 898 illius

377 925 648 1006 generosi
679 925 1034 1004 reprimeret
1059 924 1339 1004 loquendi
1373 925 1732 1002 libertatem,
1771 935 1827 988 et
1859 925 2018 987 illius

376 1017 588 1094 linguai
621 1013 828 1074 vitaret
854 1013 1051 1093 plagas
1079 1035 1091 1072 :
1125 1013 1338 1076 eivero
1362 1016 1734 1077 cruciaretur
1757 1015 2012 1089 animus,

377 1113 436 1166 et
463 1105 551 1165 ira
580 1102 859 1179 ferveret,
885 1103 1394 1183 jubetglandibus
1422 1105 1604 1166 aeneis
1638 1106 1765 1185 ejus
1797 1105 2011 1166 verbe-

373 1204 530 1255 ratas
565 1190 831 1253 maxillas
862 1210 980 1253 una
1004 1211 1139 1253 cum
1174 1191 1456 1254 dentibus
1515 1195 1714 1254 excuti
1745 1192 2009 1272 martyri.

375 1281 493 1346 Sed
529 1301 662 1344 cum
687 1282 846 1343 hunc
868 1301 1104 1362 quoque
1127 1283 1448 1345 sustineret
1469 1283 1793 1345 cruciatum
1820 1283 2015 1345 athle-

379 1382 454 1447 ta,
492 1371 701 1432 eadem
722 1388 857 1446 quae
878 1370 1043 1451 prius
1066 1380 1194 1432 erat
1219 1371 1273 1432 ei
1300 1372 1500 1432 laetitia
1523 1381 1580 1433 et
1603 1373 1929 1451 alacritate,
1963 1380 2020 1434 et

375 1461 437 1522 in
459 1459 622 1522 omni
648 1467 918 1539 tempore
942 1459 1335 1522 benedicebat
1359 1459 1702 1536 Domino,et
1735 1470 2018 1541 perpetuo

376 1551 439 1611 in
470 1568 571 1610 ore
595 1550 724 1629 ejus
755 1547 1078 1610 cauebatur
1110 1551 1239 1628 ejus
1272 1551 1527 1611 laudatio
1563 1572 1574 1612 :
1615 1569 1746 1630 qua:
1775 1551 2015 1630 quidem

376 1641 482 1702 irae
504 1639 806 1701 fornacem
838 1638 1265 1713 accendebant,
1295 1649 1351 1700 et
1381 1641 1676 1701 ﬂammam
1705 1641 1888 1720 magis
1912 1659 2019 1701 ex-

375 1729 638 1792 citabant
669 1728 928 1809 praesidi.
965 1728 1114 1799 Quid
1141 1747 1280 1808 ergo
1303 1729 1333 1788 ‘I
1372 1731 1462 1791 Ne
1494 1739 1684 1810 putes,
1737 1730 1952 1810 inquit,
1986 1749 2020 1792 ο

2103 561 2337 631 καθάπερ
2416 559 2630 639 ἀρδεῦοι
2698 559 2845 635 ἡμᾶς
2879 607 2895 630 ,
2985 559 3240 635 ἀνθηροὺς
3325 559 3425 625 τὴν
3483 559 3605 632 ὄψιν
3664 560 3753 615 καὶ

2103 648 2349 728 φαιδροὺς
2375 652 2516 706 εἶναι
2549 649 2958 728 παρασκευάζει.

2183 739 2268 802 Ζ¹.
2302 742 2437 817 Πρὸς
2481 749 2643 797 ταῦτα
2688 743 2714 795 ὁ
2773 738 2982 813 λυμεὼν
3044 737 3276 817 ἐκεῖνος,
3312 740 3405 796 οὒκ
3457 737 3657 819 ἔχωνὸ
3702 761 3753 793 τι

2103 831 2196 886 καί
2259 829 2516 909 δράσειεν,
2563 830 2598 897 ἢ
2642 832 2754 890 πῶς
2816 828 3018 906 ἐπίσχῃ
3063 835 3140 901 τῷ
3198 828 3421 905 γενναίῳ
3464 829 3561 894 τὴν
3606 827 3749 906 παῤ-

2101 920 2310 999 ῥησίαν,
2367 921 2460 975 καί
2505 919 2597 980 τάς
2646 918 2748 974 ἀπὸ
2808 922 2903 984 τῆς
2959 916 3206 994 γλώττης
3275 921 3431 974 cit-31013
3486 918 3754 994 μάστιγας

2102 1007 2369 1087 διαφύγοι,
2429 1007 2683 1087 ἐσφάδαζε
2733 1005 2787 1062 δὲ
2835 1009 2860 1062 ὃ
2922 1009 3108 1078 θυμὸς,
3157 1009 3244 1062 καὶ
3305 1008 3369 1061 τὰ
3429 1007 3522 1073 τῆς
3586 1009 3749 1084 ὀργῆς

2103 1101 2243 1173 αὖτῷ
2287 1098 2515 1178 ἤκμαζε,
2575 1097 2776 1154 κελεύει
2840 1095 3129 1172 στροϐίλοις
3191 1095 3426 1175 χαλκοῖς
3483 1099 3575 1162 τὰς
3627 1119 3751 1151 σια-

2099 1188 2256 1266 γόνας
2319 1191 2474 1245 αὐτοῦ
2536 1178 2829 1261 παιομῖένας
2881 1185 3065 1248 αὗτοϊς
3124 1184 3328 1241 ὀδοῦσιν
3373 1186 3754 1261 ἐκκρουσθῆναι

2101 1285 2192 1334 τοῦ
2250 1279 2532 1355 μάρτυρος,
2591 1275 2758 1332 Ἀλλά
2827 1277 2914 1332 καὶ
2993 1276 3192 1340 ταύτην
3250 1276 3584 1349 ὑπομένοντα
3653 1277 3752 1344 την

2101 1369 2358 1444 τιμωρίαν
2410 1370 2500 1423 τὸν
2545 1366 2805 1440 ἀθλητὴν,
2859 1368 2887 1432 ἡ
2943 1366 3075 1432 αὕτη
3137 1362 3419 1443 φαιδρότης
3480 1366 3607 1444 εἶχε
3665 1368 3757 1422 καὶ

2104 1457 2438 1536 γενναιότης,
2500 1457 2702 1533 εὖῖόγει
2750 1477 2804 1509 τε
2862 1457 2952 1510 τον
3002 1455 3187 1531 Κύριον
3243 1457 3296 1509 ἐν
3358 1456 3511 1510 παντὶ
3557 1462 3750 1530 καιρῷ,

2101 1547 2196 1603 καί
2229 1545 2311 1602 διὰ
2344 1549 2540 1609 παντὸς
2600 1549 2634 1613 ἡ
2694 1544 2897 1606 αἶ’νεσις
2954 1546 3111 1599 αὕτοῦ
3165 1543 3216 1597 ἐν
3267 1550 3340 1616 τῷ
3372 1547 3598 1618 στόματι
3647 1548 3748 1602 αὖ·

2103 1644 2194 1692 τοῦ
2236 1635 2393 1712 ᾔδετο
2428 1653 2441 1666 '
2505 1637 2637 1713 άπερ
2693 1637 2786 1691 τοῦ
2843 1637 3006 1706 θυμοῦ
3036 1633 3110 1688 ἔτι
3143 1633 3239 1698 τὴν
3271 1633 3494 1707 κάμινον
3544 1633 3753 1700 ἀνῆπτε

2101 1727 2178 1799 τῷ
2214 1725 2464 1803 ἡγεμόνι,
2498 1730 2583 1782 καὶ
2613 1732 2712 1792 τὴν
2763 1724 2936 1804 φλόγα
2969 1721 3170 1797 μαλλον
3210 1722 3458 1799 διήγεηοε.
3498 1725 3554 1780 Τί
3611 1726 3699 1779 οὖν
3736 1745 3754 1796 ς

373 1819 618 1899 Thyrse,
654 1819 780 1878 fore
811 1827 872 1878 ut
899 1818 1210 1898 hucusque
1243 1817 1346 1879 tibi
1381 1820 1688 1900 sistantur,
1723 1838 1853 1899 quas
1883 1829 2018 1880 sunt

2107 1813 2400 1890 Μηδαμῶς,
2435 1815 2559 1893 ἔφη,
2593 1815 2800 1890 νόμιζε,
2855 1815 3042 1891 Θύρσε,
3107 1811 3183 1867 ὅτι
3232 1812 3396 1890 μέχρι
3443 1813 3624 1869 τούτου
3667 1835 3754 1870 σοι

373 1909 575 1988 gravia
605 1916 664 1969 et
687 1925 921 1988 aspera.
950 1909 1099 1970 Nam
1131 1927 1261 1987 quae
1284 1918 1718 1988 praecesserunt
1751 1909 2014 1989 quidem,

371 2006 539 2060 erant
569 2015 744 2078 parva
774 1997 1142 2073 quaadam,et
1170 2017 1301 2077 quae
1325 2007 1551 2061 temere
1586 2008 1818 2078 tempus
1849 1998 2020 2059 nobis

374 2089 702 2167 suggessit:
734 2105 864 2166 quae
897 2095 1090 2148 autem
1123 2088 1435 2168 deinceps,
1471 2088 1746 2149 ostendet
1775 2086 1885 2148 tibi
1910 2105 2016 2148 ex-

376 2177 692 2257 perientia,
729 2185 787 2238 et
816 2177 969 2238 scies
1004 2176 1078 2238 de
1106 2185 1345 2249 caetero,
1378 2177 1577 2257 qualia
1607 2187 1742 2239 sunt
1776 2178 2019 2257 praemia

375 2284 606 2348 eorum,
637 2266 739 2346 qui
769 2285 886 2326 non
929 2265 1239 2329 obediunt.
1289 2268 1508 2348 Martyr
1535 2275 1731 2328 autem
1766 2287 1778 2326 :
1831 2266 2014 2345 Euge,

371 2356 589 2437 inquit,
623 2373 698 2417 ne
724 2356 847 2416 haec
881 2355 1136 2417 maxima
1158 2355 1332 2418 nobis
1359 2356 1514 2418 bona
1536 2355 1849 2418 invideris.
1886 2358 2018 2418 Non

369 2444 674 2520 invidebo,
701 2444 1028 2524 inquit,se(l
1065 2444 1165 2506 illa
1197 2445 1301 2507 tibi
1338 2464 1442 2526 pro
1477 2446 1706 2507 viribus
1728 2446 2016 2527 suppedi-

374 2535 511 2597 tabo
533 2535 750 2596 affatim
775 2543 831 2594 et
854 2533 1375 2597 munifice.Statim
1395 2543 1592 2597 autem
1617 2553 1800 2615 supra
1821 2538 2014 2615 ignem

377 2624 760 2706 liquefactum
795 2633 883 2685 est
914 2623 1246 2704 plumbum,
1282 2631 1342 2686 et
1373 2624 1561 2686 lectus
1602 2625 1709 2686 fuit
1743 2625 2018 2706 proposi-

377 2725 497 2792 tus,
530 2722 588 2776 et
616 2731 801 2794 super
855 2731 990 2774 eum
1042 2733 1263 2794 pronus
1320 2723 1602 2776 extensus
1662 2714 2016 2795 fuitjustus.

371 2804 480 2866 Hic
509 2822 648 2866 vero
682 2802 828 2864 mihi
861 2803 1196 2878 considera,
1232 2823 1410 2882 quam
1446 2814 1603 2866 esset
1635 2823 1853 2886 praeses
1904 2805 2019 2865 im-

372 2893 592 2976 probus
641 2903 700 2956 et
759 2911 1098 2974 perversus.
1153 2893 1394 2956 Interim
1454 2895 1525 2957 ad
1587 2914 1723 2957 eum
1779 2895 2022 2956 adducit

371 2984 656 3065 quosdam
694 2983 1175 3064 prmstigiatores,
1203 2993 1261 3046 et
1292 2985 1394 3062 qui
1430 2986 1737 3065 erantapti
1770 2985 1842 3046 ad
1875 3002 2018 3066 per-

372 3073 765 3154 suadendum,
803 3083 1035 3136 tentans
1069 3081 1342 3156 martyris
1380 3075 1716 3137 dissolvere
1747 3082 1804 3136 et
1835 3093 2019 3138 ener-

2104 1905 2168 1959 τά
2225 1902 2366 1959 δεινᾶ
2411 1906 2684 1973 στήσεται.
2736 1905 2809 1960 Τὰ
2868 1903 2964 1976 μὲν
3034 1903 3132 1978 γαρ
3190 1898 3523 1978 προλαϐόντα
3587 1903 3756 1978 μικρά

2104 2016 2218 2049 τινα
2275 1994 2363 2072 ἧν,
2401 1995 2487 2048 καὶ
2517 1993 2612 2048 οἶα
2645 1994 2780 2066 ἡμῖν
2813 1995 2840 2047 ὁ
2870 1993 3051 2069 καιρὸς
3100 1989 3402 2070 ἐσχεδίασε,
3436 1992 3499 2046 τὰ
3556 1989 3599 2046 δ¹
3657 1991 3752 2047 ἐν-

2104 2086 2278 2142 τεῡθεν
2325 2085 2359 2149 ἡ
2416 2083 2572 2160 πεϊρά
2632 2104 2712 2136 σοι
2775 2079 2944 2154 δείξει,
3003 2081 3088 2136 καὶ
3148 2079 3271 2156 εἴσῃ
3336 2079 3529 2136 λοιπὸν
3587 2084 3756 2138 ὁποῖα

2103 2173 2238 2229 κατά
2297 2179 2400 2228 τῶν
2474 2173 2704 2227 ἀπειθῶν
2760 2172 2827 2226 τα
2903 2170 3177 2248 ἐπίχειρα.
3267 2171 3362 2227 Καὶ
3419 2172 3445 2226 ὁ
3505 2171 3754 2250 μάρτυς,

2110 2263 2261 2341 Εὖγε,
2299 2262 2453 2319 εἶπεν
2489 2279 2501 2292 ·
2554 2260 2690 2318 ἀλλά
2722 2260 2797 2332 μῆ
2829 2262 3098 2339 φθονήσῃς
3144 2263 3280 2334 ἡμῖν
3338 2264 3444 2315 τῶν
3489 2263 3757 2338 μεγίστων

2103 2353 2303 2408 τούτων
2348 2351 2548 2412 καλῶν,
2603 2354 2675 2408 Οὔ
2742 2350 3015 2428 φθονήσω,
3061 2348 3186 2428 ἔφη,
3235 2347 3368 2404 ἀλλὰ
3414 2349 3618 2420 μᾶλλόν
3670 2373 3758 2408 σοι

2104 2442 2199 2498 καί
2241 2443 2306 2498 τα
2364 2441 2553 2498 δυνατὰ
2613 2438 3090 2514 ἐπιδαψιλεόσομαι
3129 2458 3141 2471 ·
3209 2439 3295 2493 καὶ
3359 2439 3543 2498 αὐτίκα
3589 2441 3757 2513 μόλι..

2103 2528 2220 2597 ϐδος
2303 2532 2546 2608 ὑπεράνω
2662 2533 2820 2607 πυρὸς
2925 2529 3192 2601 ἐτήκετο,
3283 2531 3368 2584 καὶ

2102 2621 2281 2694 κλίνη,
2329 2623 2416 2676 καὶ
2475 2621 2684 2697 πρηνὴς
2730 2617 2814 2674 ἐπ’
2873 2623 3035 2686 αὐτῆς
3080 2622 3106 2674 ὁ
3152 2617 3352 2682 δίκαιος
3397 2621 3755 2684 κατετείνετο,

2107 2712 2205 2768 Καὶ
2263 2709 2450 2766 σκόπει
2497 2733 2587 2781 μοι
2632 2715 2723 2766 τοῦ
2782 2709 3049 2786 ἡγεμόνος
3121 2711 3343 2765 ἐνταῦθα
3403 2710 3465 2765 τὸ
3521 2716 3758 2786 κακοῦρ-

2104 2822 2200 2878 γον
2250 2799 2343 2856 καί
2405 2799 2648 2862 σκολιόν,
2685 2798 2893 2865 Γόητας
2953 2801 3097 2872 αὒτῷ
3155 2821 3305 2862 τινας
3351 2797 3546 2873 μεταξὺ
3607 2821 3754 2877 παρ-

2104 2890 2219 2967 άγει
2275 2891 2363 2946 καὶ
2418 2890 2665 2952 πιθανοὺς
2697 2937 2712 2968 ,
2776 2890 3105 2966 πειρώμενος
3192 2888 3396 2946 ἐκλύειν
3455 2891 3547 2945 τὸν
3601 2889 3758 2946 τόνον

3453 2531 3759 2608 προετίθετο

2103 2981 2180 3054 τῷ
2223 2980 2466 3058 μάρτυρι.
2521 2978 2591 3037 Οἵ
2639 2999 2700 3057 γε
2759 2976 2823 3037 δὴ
2887 2981 2974 3034 καὶ
3019 2976 3188 3046 ἡδέως
3223 2982 3480 3054 ὡμίλουν,
3512 2980 3598 3035 καὶ
3627 3001 3756 3035 συν-

2105 3070 2380 3127 εϐούλεδον
2444 3068 2676 3126 ἐνδοῦναι
2739 3073 2836 3138 τῆς
2909 3067 3117 3136 πολλῆς
3170 3071 3366 3135 ταύτης
3431 3069 3752 3145 ἐνστάσεως,

370 3184 506 3228 vare
535 3166 979 3228 constantiam:
1018 3165 1120 3247 qui
1173 3165 1416 3248 quidem
1474 3185 1606 3227 cum
1656 3186 1728 3228 eo
1753 3166 2018 3246 jucunde

2107 3163 2202 3217 καὶ
2237 3160 2335 3236 ὀψέ
2370 3181 2499 3216 ποτε
2551 3162 2832 3226 πεισθῆναι
2890 3166 2966 3232 τῷ
3020 3159 3270 3236 ἡγεμόνι.
3333 3157 3481 3215 Οὕτω
3529 3157 3630 3233 γάρ
3658 3157 3755 3211 καὶ

371 3253 885 3336 colloquebantur,
923 3263 983 3317 et
1011 3253 1428 3327 consulebant,
1457 3265 1521 3318 ut
1561 3254 1782 3335 aliquid
1812 3256 2022 3316 remit-

372 3355 527 3409 teret
555 3345 630 3406 de
672 3346 784 3406 hac
815 3344 999 3405 nimia
1033 3344 1386 3424 pertinacia,
1422 3352 1478 3405 et
1510 3344 1750 3408 tandem
1785 3352 2025 3423 pareret

373 3434 615 3516 praesidi
647 3452 660 3497 :
689 3433 786 3496 Sic
808 3440 994 3508 enim,
1027 3435 1391 3514 inquiunt,et
1414 3433 1740 3497 imminens
1771 3433 2024 3514 effugies

374 3525 733 3604 periculum,
768 3531 828 3586 et
850 3541 1196 3601 magnorum
1224 3523 1342 3585 eris
1364 3523 1659 3586 bonorum
1687 3524 2017 3604 particeps:

373 3614 643 3693 ignoscet
671 3624 872 3675 autem
926 3617 1168 3674 omnino
1219 3612 1377 3675 Deus
1436 3621 1570 3675 tuus
1632 3613 2022 3676 imbecillitati

2106 3252 2196 3307 τὸν
2240 3250 2574 3325 ἐπικείμενόν
2629 3271 2712 3306 σοι
2774 3245 3108 3324 διαδράσεις,
3169 3247 3316 3326 φασὶ,
3377 3243 3609 3302 κίνδυνον
3664 3244 3753 3298 καὶ

2109 3340 2319 3418 ἀγαθῶν
2392 3340 2642 3417 μεγάλων
2699 3337 2932 3414 μεθέξεις
2970 3353 2984 3368 ⁶
3043 3336 3402 3413 συγγνώσεται
3461 3332 3516 3390 δὲ
3573 3335 3661 3390 καὶ
3723 3335 3753 3388 ὁ

2109 3431 2238 3494 Θεός
2298 3452 2392 3487 σου
2452 3430 2660 3494 πάντως
2702 3429 2770 3496 τῆ
2817 3426 3056 3498 ἀσθενείᾳ
3085 3430 3181 3492 τῆς
3235 3427 3464 3505 φύσεως,
3527 3425 3613 3481 καὶ
3657 3423 3754 3480 οὺ-

2107 3518 2193 3576 δὲν
2247 3523 2336 3577 ἐπὶ
2387 3520 2540 3576 τοῦτο
2597 3517 2927 3599 χαλεπανεῖ,
2961 3516 3327 3596 φιλάνθρωπος
3368 3516 3441 3579 ὢν
3484 3516 3550 3570 τὰ
3586 3512 3758 3570 πολλὰ

2109 3617 2196 3671 καὶ
2226 3610 2487 3693 χρηστὸς,
2521 3612 2593 3673 ὡς
2625 3607 2909 3684 ἀκούομεν,

373 3691 604 3766 naturae
663 3702 860 3765 ethoc
918 3703 1161 3766 omnino
1192 3722 1308 3764 non
1359 3721 1500 3784 agre
1557 3704 1731 3780 feret,
1766 3722 1901 3765 cum
1952 3706 2029 3768 sit
2090 3691 2304 3784 magna
2357 3717 2428 3762 ex
2484 3705 2649 3779 parte
2696 3696 2995 3777 benignus
3045 3703 3104 3758 et
3152 3695 3439 3773 clemens,
3472 3700 3538 3756 ut
3585 3691 3759 3755 audi-

375 3811 587 3857 νηηιιε.

456 3890 608 3952 Vill.
642 3889 862 3970 Martyr
889 3907 1028 3952 vero
1064 3911 1077 3953 :
1117 3891 1367 3972 Propter
1401 3890 1514 3953 hoc
1544 3891 1762 3971 ipsum,
1799 3891 2014 3973 inquit,

374 3978 544 4041 stabo
569 3977 826 4060 fortiter,
861 3988 920 4042 et
952 3998 1058 4061 pro
1085 3980 1212 4062 ipso
1263 3988 1562 4043 tormenta
1589 3981 1922 4043 sustinebo.
1956 3980 2015 4043 Si

373 4067 534 4132 enim
567 4085 693 4149 vos,
725 4087 859 4131 cum
888 4070 1106 4132 auditis
1138 4089 1442 4152 nunquam
1478 4069 2017 4151 terminanda,quaa

370 4175 475 4220 vos
507 4168 770 4239 manent,
807 4159 1122 4241 supplicia,
1161 4178 1536 4242 nequaquam
1573 4159 2013 4236 convertimini,

2395 3892 2406 3906 ι
2446 3889 2458 3906 ο
2587 3885 2598 3905 Ι
2853 3882 2868 3903 9
2944 3886 2954 3906 ν
3001 3885 3012 3898 δ
3129 3884 3144 3902 \
3260 3881 3286 3902 ν
3428 3888 3450 3899 υ
3712 3882 3724 3897 \

2181 3892 2276 3954 B',
2315 3900 2411 3948 Και
2441 3907 2468 3944 o
2528 3905 2748 3965 μάρτυς,
2787 3897 2848 3940 Δι
2902 3905 3026 3940 αντο
3083 3905 3180 3955 μεν
3228 3903 3317 3938 ουν
3361 3901 3544 3954 τουτο,
3600 3904 3757 3960 φησι,

2100 3982 2352 4062 γενναίως
2385 3978 2653 4052 στήσομαι
2701 3972 2929 4050 μᾶλλον,
2994 3972 3083 4028 καί
3141 3993 3236 4034 τας
3281 3971 3408 4049 ὑπὲρ
3452 3971 3610 4030 αὐτοῦ
3651 3973 3760 4047 βα-

2099 4058 2288 4135 σάνους
2340 4070 2609 4142 ὑπομενῶ.
2679 4064 2735 4121 El
2794 4063 2894 4140 γὰρ
2955 4063 3099 4117 αὓτοί
3165 4059 3411 4123 κολάσεις
3467 4058 3766 4131 ἀτελευτή-

2097 4182 2216 4224 τους
2270 4158 2551 4218 ἀκούοντες
2604 4151 2986 4231 περιμενούσας
3037 4153 3194 4226 ὑμᾶς,
3253 4149 3474 4226 οὕμενον
3505 4148 3747 4226 οὓδαμῶς

371 4265 568 4329 neque
597 4238 909 4311 declinatis
925 4238 1204 4330 apertum
1241 4238 1455 4311 animae
1495 4249 1823 4330 periculum
1863 4269 1875 4309 :
1910 4269 2018 4312 cur

2107 4248 2492 4328 ἐπιστρέφεσθε,
2541 4240 2657 4300 οὔδε
2728 4243 2819 4298 τὸν
2885 4246 3128 4320 προφανῆ
3186 4238 3419 4300 κίνδυνον
3479 4239 3747 4296 ἐκκλίνετε

371 4356 491 4400 non
524 4357 632 4418 ego
665 4338 794 4415 hos,
820 4338 922 4420 qui
952 4348 1088 4401 sunt
1109 4340 1180 4401 ad
1214 4347 1474 4420 tempus,
1499 4358 1709 4419 magno
1741 4348 1797 4401 et
1828 4358 2014 4420 gene-

2107 4344 2200 4406 τῆς
2264 4342 2472 4416 ψυχῆς,
2507 4334 2555 4389 τί
2593 4334 2775 4388 παθὼν
2818 4331 2926 4410 ἐγὼ
2970 4332 3048 4407 μὴ
3095 4331 3348 4409 γενναίως
3378 4332 3472 4394 τὰς
3504 4332 3757 4410 προσκαί.

370 4446 510 4490 roso
533 4427 730 4490 animo
753 4429 1138 4491 sustinuerim
1161 4429 1588 4510 cruciatus,qui
1618 4448 1868 4510 regnum
1891 4448 2016 4490 (ιω-

371 4517 564 4580 lorum
618 4517 844 4580 habent
897 4519 1470 4595 remunerationem,
1535 4528 1594 4580 et
1648 4519 1825 4594 bona,
1887 4538 2023 4596 qua;

372 4615 511 4668 sunt
535 4614 666 4687 post
697 4607 876 4668 finem
901 4626 1011 4669 nos
1033 4613 1445 4689 exceptura,et
1467 4617 1754 4689 perpetuo
1775 4606 2020 4671 futura?

373 4694 491 4756 Sed
523 4695 811 4775 quamdiu
845 4713 950 4757 vos
982 4696 1238 4777 maligne
1269 4706 1462 4758 vestra
1481 4707 1698 4779 Sponte
1719 4716 1820 4759 vos
1850 4715 2023 4776 gere-

371 4784 687 4864 tis,contra
702 4792 816 4845 tam
838 4786 1217 4848 manifestam
1238 4787 1669 4850 contendentes
1687 4786 2024 4850 veritatem?

371 4873 520 4937 adeo
551 4882 616 4936 ut
648 4875 739 4936 vel
800 4877 913 4938 hoc
971 4877 1283 4960 plumbum
1337 4888 1553 4942 vestra:
1607 4879 1846 4941 malitiae
1875 4879 2026 4941 ferat

370 4964 804 5041 testimonium,
839 4974 897 5028 et
949 4967 1165 5029 multos
1220 4967 1416 5031 tradat
1449 4969 1596 5048 igni,
1632 4970 1728 5050 qui
1760 4988 1878 5031 non
1911 4989 2022 5050 po-

373 5062 490 5117 test
520 5055 837 5135 exstingui,
873 5065 934 5119 ut
964 5057 1338 5138 impietatem
1371 5067 1628 5121 vestram
1669 5059 2022 5121 immedica-

373 5143 556 5207 bilem
589 5146 796 5228 puniat
824 5147 884 5208 in
906 5155 1195 5211 aeternum
1222 5147 1253 5207 ‘?
1273 5151 1470 5230 Atque
1494 5149 1592 5211 ille
1623 5149 1866 5230 quidem
1901 5149 2027 5211 haec

379 5235 637 5311 dicebat,
699 5237 896 5300 divina
953 5239 1082 5318 ejus
1138 5257 1246 5300 cor
1311 5237 1602 5318 implente
1655 5239 1866 5318 gratia.
1929 5237 2021 5301 Illi

373 5338 570 5388 autem
606 5327 762 5407 (vilia
793 5329 953 5390 enim
984 5336 1144 5399 sunt,
1179 5328 1260 5389 ait
1280 5327 1515 5390 divinus
1539 5331 1651 5392 Job
1683 5333 1735 5410 4,
1767 5329 1892 5391 veri
1915 5328 2024 5390 viri

369 5415 572 5491 verba)
602 5435 736 5480 eum
762 5417 971 5499 nugari
1006 5427 1280 5499 putantes
1314 5429 1373 5480 et
1402 5417 1566 5500 loqui
1598 5427 1853 5500 temere,
1894 5419 2021 5482 fer-

372 5524 518 5568 vens
546 5507 742 5570 adhuc
782 5505 1095 5590 plumbum
1120 5514 1179 5570 et
1205 5508 1371 5570 valde
1401 5508 1668 5572 candens
1699 5510 1761 5570 in
1794 5511 2022 5573 nudum

453 5697 485 5749 4
513 5697 645 5760 Job.
681 5716 800 5775 αις,
832 5696 932 5759 24.

2103 4451 2223 4507 ρους
2283 4429 2466 4488 ταύτας
2520 4423 2865 4498 ὑπομείναιμι
2919 4422 3201 4498 τιμωρίας,
3261 4419 3531 4498 βασιλείαν
3593 4423 3754 4496 οὐρα-

2103 4520 2206 4574 νῶν
2263 4516 2494 4596 ἐχούσας
2553 4514 2909 4589 ἀντιμισθίαν,
2961 4515 3049 4569 καὶ
3097 4511 3266 4591 ἀγαθὰ
3316 4512 3380 4567 τά
3439 4513 3573 4587 μετὰ
3603 4510 3756 4575 τέλος

2103 4612 2246 4685 ἡμᾶς
2309 4603 2623 4682 ἐκδεξόμενα
2682 4605 2773 4660 καὶ
2830 4601 2914 4660 διὰ
2967 4604 3165 4666 παντὸς
3201 4601 3523 4676 θάλψοντας
3592 4600 3761 4657 Ἀλλὰ

2106 4700 2270 4779 μέχρι
2313 4698 2452 4762 τίνος
2514 4694 2912 4763 ἐθελονακεῒτε,
2959 4693 3090 4771 πρὸς
3145 4689 3305 4779 οὕτω,
3339 4691 3566 4769 φανεράν
3597 4688 3760 4768 φιλο-

2107 4777 2404 4850 νει-κοῦντες
2461 4785 2751 4864 ἀλήθειαν,
2807 4783 2900 4840 ἵνα
2977 4783 3066 4838 καὶ
3125 4777 3375 4858 μόλιϐδος
3452 4779 3602 4840 οὗτος
3660 4779 3759 4844 τῆς

2105 4879 2252 4954 ὑμῶν
2295 4878 2482 4940 κακίας
2520 4873 2802 4954 μαρτύριον
2855 4879 2912 4949 ᾖ,
2976 4871 3066 4927 καὶ
3109 4869 3338 4932 πολλοὺς
3390 4875 3467 4944 τῷ
3524 4866 3766 4940 ἀσϐέστῳ

2107 4965 2326 5047 παραδῶ
2380 4968 2548 5047 πυρὶ,
2613 4965 2827 5019 ἀνίατον
2869 4958 3116 5018 ἀσέϐειαν
3173 4957 3452 5030 κολάζοντι
3513 4958 3762 5031 αἱωνίως,

2112 5049 2168 5115 Ὀ
2225 5058 2322 5132 μὲν
2379 5058 2466 5112 οὖν
2509 5061 2726 5110 τοιαότα
2784 5051 2960 5128 ἔλεγε,
3024 5049 3164 5110 θείας
3197 5048 3420 5128 χάριτος
3450 5047 3765 5128 πληρούσης

2109 5150 2266 5204 αὒτοῦ
2296 5151 2394 5215 τὴν
2423 5144 2660 5223 καρδίαν.
2697 5147 2756 5200 Οἱ
2786 5141 2864 5221 δὲ,
2905 5165 2930 5196 u
2961 5139 3146 5196 Φαὺλα
3175 5140 3337 5219 γάρ,)
3373 5142 3533 5221 φησὶν
3566 5143 3592 5196 ὁ
3622 5143 3766 5203 θεῖος

2107 5237 2251 5317 Ἰὼϐ,
2293 5258 2316 5294 tt
2354 5235 2538 5316 ἀνδρὸς
2597 5233 2851 5300 ἀληθινοῦ
2898 5232 3135 5309 ῥήματα,
3177 5254 3200 5289 υ
3238 5243 3428 5310 Ληρεϊν
3457 5232 3618 5288 αὐτὸν
3652 5231 3768 5296 οἰη-

2103 5328 2277 5392 θέντες
2337 5325 2433 5383 καῖ
2495 5326 2611 5390 εἰκῆ
2657 5323 2999 5403 φθέγγεσθαι,
3047 5320 3236 5392 ζέοντα
3283 5331 3374 5378 τὸν
3407 5319 3657 5398 μόλιϐδον
3691 5319 3766 5376 ἔτι

2105 5420 2194 5477 καὶ
2225 5417 2474 5496 διάπυρον
2502 5417 2738 5494 ἰσχυρῶς
2801 5412 2886 5469 ἐπὶ
2945 5419 3160 5492 γυμνῶν
3213 5415 3318 5470 τῶν
3364 5414 3546 5470 νώτων
3605 5413 3769 5468 αὑτοῦ

2107 5506 2463 5588 καταχέουσι.
2525 5507 2622 5562 Καὶ
2675 5507 2702 5560 ὃ
2757 5501 3009 5580 μόλιϐδος
3069 5502 3398 5568 ἐπιπολαίως
3450 5502 3582 5560 αὔτα
3613 5499 3768 5562 δίεισι
