4132 6402
275 360 400 428 517

1216 359 1690 424 MARTYRIUM
1737 351 1800 420 S.
1849 354 2138 420 THYRSI
2193 353 2290 420 ET
2334 352 2739 421 SOCIORUM.

3553 357 3668 424 518

279 498 373 553 καὶ
434 496 642 575 κούφως
703 495 766 550 τὸ
798 494 1046 573 παράπαν
1080 490 1227 550 οὐδὲν
1255 492 1652 570 λυμηνάμενος,
1699 491 1940 549 Ἐκεῖθεν

2030 491 2162 571 ejus
2197 499 2424 572 tergum
2456 492 2790 555 ell‘unrlunt.
2828 489 3144 554 Plumbum
3171 507 3308 552 vero
3339 490 3400 552 in
3423 494 3671 573 superfi-

278 586 337 642 δὲ
370 585 566 663 ἆθρόυν
620 585 860 656 καθάπερ
914 606 966 640 τι
1019 584 1183 660 ρευμα
1235 584 1576 664 μετενεχθεὶς
1622 583 1798 663 (ἔργον
1841 589 1940 650 τῆς

279 681 384 743 σῆς
441 681 620 747 τοῦτο,
656 673 874 752 Χριστέ,
908 672 1227 752 δυνάμεως),
1291 671 1521 737 πολλοὺς
1581 673 1792 752 ἀναιρεῖ
1833 679 1940 729 τῶν

271 766 545 825 ἀπίστων,
620 755 680 820 ’0
737 763 836 838 μὲν
896 763 985 820 οὖν
1029 763 1232 838 μάρτυς
1289 760 1530 830 ἀϐλαϐὴς
1595 762 1690 830 τῆς
1749 763 1937 832 κλίνης

270 855 564 912 ἐνίσταται
600 868 615 882 ⁸
676 854 738 908 τὸ
795 855 970 924 θαῦμα
1018 851 1072 908 δὲ
1132 850 1397 931 περιδεεῖς
1441 850 1637 932 σφόδρα
1683 854 1804 918 τοὺς
1838 875 1935 910 πα-

265 945 467 1023 ρόντας
500 941 804 1022 ἐργάζεται,
840 943 974 998 πάνυ
1031 940 1085 998 δὲ
1151 945 1238 999 καὶ
1293 943 1448 999 αὐτὸν
1498 940 1785 1008 ἐκπλῆττει
1845 944 1937 1000 τὸν

267 1034 521 1112 ἡγεμόνα
535 1081 547 1092 .

353 1299 455 1362 Θ¹.
503 1299 655 1367 Πλὴν
683 1297 822 1356 ἆλλὰ
851 1297 966 1355 δέον
997 1311 1255 1379 συνεῖναι,
1291 1301 1378 1355 γαὶ
1408 1300 1486 1362 τίς
1521 1300 1548 1355 ὃ
1593 1306 1808 1355 τοιαῦτα
1841 1297 1934 1354 δυ-

2025 581 2116 642 cie
2153 589 2381 642 tantum
2414 589 2470 642 et
2502 581 2704 643 leviter
2748 581 2808 642 id
2861 579 3208 660 attingebat,
3242 580 3394 643 nihil
3424 582 3667 643 omnino

2023 688 2157 732 eum
2220 671 2553 733 offendens.
2620 670 2790 733 Illinc
2840 681 3038 732 autem
3086 681 3336 750 repente
3391 677 3670 750 tanquam

2023 761 2304 822 ﬂuentem
2353 761 2588 842 aliquod
2684 763 2986 842 proﬂuens
3053 769 3223 841 (Opus
3308 767 3397 822 est
3445 761 3581 841 hoc,
3635 780 3668 821 ο

2021 850 2277 925 Christe,
2307 857 2420 912 tuze
2452 849 2698 925 virtutis)
2746 849 3039 912 interimit
3089 849 3307 911 multos
3364 865 3439 912 ex
3472 850 3672 911 incre-

2020 938 2400 1020 dulis.Atque
2434 947 2653 1020 martyr
2684 940 2926 1021 quidem
2954 959 2986 1001 e
3018 939 3170 1001 lecto
3196 938 3388 1020 surgit
3409 939 3665 1001 illaesus:

2019 1029 2370 1090 miraculum
2405 1048 2546 1092 vero
2580 1031 2808 1109 ingenti
2836 1030 3052 1093 timore
3077 1029 3258 1091 afﬁcit
3282 1046 3388 1090 eos
3411 1029 3514 1106 qui
3535 1030 3672 1092 ade-

2015 1126 2188 1191 rant;
2221 1119 2366 1200 quin
2395 1119 2571 1180 etiam
2607 1119 2802 1201 ipsum
2840 1118 3152 1199 praesidem
3183 1117 3352 1180 valde
3380 1118 3669 1200 obstupe-

2019 1207 2189 1269 facit.

2101 1296 2197 1362 lX.
2235 1296 2521 1361 Caeterum
2559 1317 2692 1360 cum
2718 1305 3021 1380 oporteret
3045 1297 3384 1377 intelligere
3407 1307 3463 1361 et
3485 1317 3666 1378 agno-

270 1392 439 1452 νατὸς
471 1403 652 1446 ποιεῖν
694 1388 1007 1469 ἐπιγνῶναι,
1067 1390 1094 1444 ὁ
1151 1387 1206 1443 δὲ
1255 1391 1449 1468 τυφλὸς
1507 1389 1573 1456 ἦν
1616 1389 1935 1468 αὐτόχρημα

2030 1404 2189 1450 scere
2222 1388 2498 1470 quisnam
2532 1397 2716 1462 esset,
2752 1389 2850 1470 qui
2884 1395 3085 1469 posset
3139 1388 3266 1449 haec
3295 1389 3511 1465 facere,
3546 1397 3673 1452 erat

269 1479 578 1541 ἐθελούσιος
613 1496 632 1516 ο
675 1501 697 1534 ι
737 1477 923 1535 Εῗδετε
953 1478 1054 1557 γὰρ
1105 1475 1415 1551 πλεονάκις,
1455 1501 1482 1533 ι)
1518 1475 1750 1542 Ἠσαίας
1782 1479 1932 1558 φησὶ,

2030 1476 2126 1538 ille
2153 1496 2259 1540 sua
2309 1488 2519 1559 sponte
2554 1496 2690 1540 vere
2721 1497 2913 1541 caacus
2951 1495 2963 1539 :
3004 1476 3246 1539 Vidistis
3278 1478 3436 1539 enim
3490 1498 3668 1560 saepe,

274 1590 308 1628 ι
343 1570 440 1625 καὶ
497 1569 594 1624 οὐκ
652 1565 994 1648 ἐφυλάξασθε.
1028 1565 1370 1645 Ἀνεῳγμένα
1414 1567 1479 1622 τὰ
1508 1569 1620 1622 ὦτα
1651 1568 1820 1643 ὐμῶν,
1855 1567 1940 1624 καὶ

2030 1568 2218 1648 inquit
2249 1569 2452 1644 Isaias,
2489 1577 2547 1630 et
2602 1587 2722 1629 non
2773 1567 3184 1640 custodiistis;
3234 1573 3455 1648 apertae
3501 1587 3675 1630 aures

278 1661 377 1715 οὐκ
441 1657 789 1724 εἷσηκούσατε
816 1674 833 1692 ·
884 1678 908 1713 ιι
957 1658 1051 1712 καί
1086 1657 1335 1735 ὠργίζετο
1364 1657 1500 1714 κατὰ
1543 1663 1636 1713 τοῦ
1679 1679 1940 1734 μαρτυρος

2030 1666 2252 1734 vestrae,
2313 1667 2371 1719 et
2403 1677 2519 1719 non
2552 1657 2866 1721 audivistis
2891 1659 2943 1717 5.
2994 1654 3066 1718 Et
3111 1657 3303 1735 magis
3355 1657 3540 1720 iratus
3568 1658 3677 1720 fuit

279 1747 522 1820 μᾶλλον,
587 1747 675 1803 καὶ
719 1746 916 1824 γόητα,
963 1746 1052 1802 καὶ
1109 1747 1410 1824 φαρμακὸν,
1465 1747 1552 1801 καὶ
1603 1745 1668 1801 τά
1722 1753 1939 1802 τοιαῦτα

2030 1748 2286 1828 martyri,
2321 1755 2380 1808 et
2409 1765 2543 1808 eum
2577 1747 2804 1808 vocavit
2839 1745 3327 1827 praestigiatorem
3358 1755 3415 1808 et
3444 1750 3675 1810 veneﬁ-

281 1837 495 1899 ἑκάλει.
563 1834 792 1893 ’Ἐπειτα
856 1835 1036 1910 μέντοι
1092 1837 1180 1890 καὶ
1234 1834 1568 1914 πικροτέραις
1601 1837 1756 1892 αὐτὸν
1806 1835 1936 1892 ὐπὲο

2030 1855 2180 1916 cum,
2216 1844 2276 1898 et
2307 1855 2438 1916 quae
2465 1846 2602 1898 sunt
2639 1835 2976 1916 hujusmodi
3008 1854 3023 1911 ;
3078 1834 3299 1897 deinde
3328 1835 3505 1898 etiam
3539 1856 3675 1900 eum

278 1925 453 1983 ϐαλλε
506 1927 809 2004 τιμωρίαις,
877 1923 1030 1981 Ἀλλ’
1074 1924 1281 1988 ἐκεῖνος
1337 1922 1572 1999 διέμενε)
1607 1924 1682 1981 ἔτι
1720 1926 1816 1993 τὴν
1850 1927 1936 1982 αὐ-

2030 1926 2433 1988 acerbioribus
2463 1925 2662 1986 affecit
2696 1924 3032 2005 suppliciis.
3076 1925 3188 1987 Sed
3223 1924 3320 1985 ille
3344 1928 3676 2004 permansit

277 2018 384 2084 τὴν
447 2013 657 2093 ἂνδρίαν
718 2013 1169 2094 ἐ-πιδεικνυμένος,
1224 2016 1311 2071 καὶ
1373 2014 1525 2094 φωνή
1576 2037 1658 2078 τις
1715 2015 1940 2084 ἠκούετο

2030 2033 2384 2077 conservans
2407 2015 2601 2077 adhuc
2627 2014 2902 2076 eamdem
2925 2014 3108 2074 animi
3142 2014 3576 2092 fortitudinem,
3614 2029 3674 2078 et

278 2105 488 2162 ἄνωθεν
550 2103 958 2182 ἐπιθαῤῥύνουσα
1015 2103 1178 2160 πλέον
1232 2106 1323 2160 τὸν
1372 2103 1651 2184 ἀθλητὴν,
1699 2106 1795 2162 καί
1847 2105 1940 2166 τὰς

278 2197 381 2272 μὲν
442 2195 554 2252 τῶν
613 2192 817 2250 ἀσεϐῶν
868 2194 1046 2273 ψυχὰς
1103 2192 1416 2274 θορυϐοῠσα,
1453 2195 1542 2250 καὶ
1602 2196 1674 2256 εἷς
1720 2194 1940 2274 ἀμηχα-

278 2289 395 2342 νίαν
451 2281 820 2364 ἐμιξάλλουσα,
881 2284 1002 2347 τοὺς
1056 2281 1291 2348 εὐσεϐεῖς
1350 2281 1404 2338 δὲ
1449 2288 1516 2360 τῇ
1556 2288 1657 2351 τῆς
1718 2287 1940 2348 πίστεως

275 2375 450 2453 πέτρᾳ
503 2373 954 2452 ἐπιστηρίζουσα,
1015 2377 1112 2428 καὶ
1173 2371 1394 2430 πλείννα
1469 2374 1566 2440 τὴν
1653 2377 1942 2452 προθυμίαν

276 2466 472 2528 αὐτοῖς
533 2462 759 2524 ἐνιεῖσα.
809 2463 881 2519 Οὐ
923 2461 1092 2540 φέρων
1137 2472 1418 2539 τοιγαροῦν
1448 2464 1544 2528 τὴν
1602 2464 1862 2543 αἰσχύνην
1915 2467 1942 2520 ὁ

275 2555 534 2633 ἡγεμὼν,
595 2553 687 2608 τὸν
743 2552 896 2630 ἅγιον
954 2553 1144 2608 αὐτίκα
1189 2557 1257 2627 τῇ
1299 2551 1509 2632 φυλακῂ
1568 2553 1938 2632 παραπέμπει,

277 2641 456 2718 δεσμὰ
499 2641 755 2720 περιθεὶς,
821 2640 1005 2720 χρείαν
1036 2644 1178 2695 εἶναι
1229 2639 1474 2702 πλείονος
1519 2641 1683 2697 εἰπὼν
1715 2637 1941 2699 διασκέ-

280 2739 436 2809 ψεως
488 2731 576 2787 καὶ
619 2730 942 2806 καινοτέρων
991 2735 1270 2807 τιμωριῶν
1302 2731 1438 2786 κατὰ
1481 2740 1574 2789 τοῦ
1600 2738 1943 2808 τερατοποιοῦ

280 2819 444 2879 τοῦδε
475 2821 560 2876 καὶ
590 2818 759 2878 δεινου
804 2820 900 2886 τὴν
930 2818 1209 2877 ἀπόνοιαν.
1250 2810 1308 2876 Ὀ
1339 2817 1394 2875 δὲ
1453 2820 1766 2898 θερμότερον
1823 2822 1944 2876 τότε

289 2909 628 2988 προσέπιπτε
655 2914 732 2982 τῷ
788 2911 1057 2988 Δεσπότῃ,
1089 2909 1176 2965 καὶ
1231 2908 1445 2984 μείζονα
1505 2912 1603 2975 την
1658 2910 1789 2988 πρὸς
1847 2910 1946 2964 αὐο

294 3000 403 3055 τὶιν
459 2998 699 3053 οὶκείωσιν
754 2997 1052 3071 ἐπεζήτει,
1107 2998 1474 3066 υῐοθετηθῆναί
1533 3019 1588 3054 τε
1660 2999 1804 3071 αὐτῷ
1860 2996 1946 3054 διὰ

307 3093 410 3143 τοῦ
464 3086 810 3162 βαπτίσματος
859 3085 1089 3168 ηὔχετο.
1151 3085 1274 3144 "Bri
1317 3088 1416 3167 γὰρ
1461 3088 1701 3163 ἀμύητος
1733 3087 1821 3159 ἦν,
1855 3089 1944 3144 καὶ

2023 2122 2130 2165 vox
2162 2105 2431 2185 quadam
2467 2123 2535 2166 ex
2560 2103 2680 2166 alto
2703 2103 3187 2185 estaudita,qu:e
3217 2104 3454 2165 athletas
3487 2107 3672 2184 magis

2024 2192 2280 2256 addebat
2297 2195 2583 2256 animum:
2616 2193 3006 2273 etimpiorum
3027 2192 3271 2269 quidem
3297 2193 3676 2272 perturbabat

2024 2282 2280 2359 animos,
2329 2284 2668 2360 dubiosque
2711 2283 3005 2345 reddebat
3035 2290 3094 2343 et
3136 2283 3447 2362 perplexas
3483 2305 3495 2347 :
3543 2285 3677 2364 pios

2025 2381 2221 2434 autem
2255 2373 2394 2436 ﬁdei
2429 2381 2593 2454 petra
2623 2371 2989 2447 stabiliebat,
3014 2373 3328 2453 majusque
3353 2374 3678 2435 etalacrius

2027 2462 2209 2523 animi
2233 2463 2498 2524 studium
2523 2463 2975 2526 aﬂ‘erebat.Non
3002 2461 3203 2523 ferens
3235 2463 3434 2543 itaque
3463 2481 3684 2543 praeses

2026 2551 2314 2628 dedecus,
2349 2560 2616 2614 sanctum
2650 2560 2847 2615 statim
2879 2553 3142 2614 vinctum
3173 2552 3349 2612 mittit
3380 2552 3440 2614 in
3472 2562 3674 2614 custo-

2027 2641 2428 2718 diam,dicens
2451 2661 2607 2723 opus
2631 2661 2765 2704 esse
2789 2642 2995 2722 majori
3019 2641 3546 2715 deliberatione,et
3563 2662 3675 2705 no-

2025 2732 2111 2793 vis
2145 2733 2455 2794 tormentis
2494 2732 2778 2794 adversus
2809 2733 2967 2793 hunc
3001 2740 3402 2794 monstrorum
3434 2733 3676 2794 effecto-

2027 2839 2180 2902 rem,
2215 2821 2392 2899 bujus
2422 2829 2511 2882 est
2544 2821 2798 2900 insignis
2820 2821 3086 2896 amentia
3115 2830 3174 2882 et
3199 2820 3540 2884 insolentia.
3568 2823 3676 2885 Ille

2031 2927 2170 2971 vero
2197 2917 2336 2970 tunc
2359 2909 2612 2972 Domino
2643 2908 3020 2990 supplicabat
3039 2909 3547 2984 vehementius,et
3571 2929 3676 2972 ro-

2029 2997 2202 3076 gabat
2223 3004 2284 3059 ut
2309 2999 2364 3058 ei
2397 2998 2571 3060 ﬁeret
2611 2998 3030 3076 conjunctior:
3093 2997 3576 3080 precabaturque
3611 3011 3676 3060 ut

2029 3106 2136 3168 per
2149 3087 2507 3168 baptismum
2523 3087 2908 3168 adoptaretur
2927 3091 2983 3149 in
3000 3087 3498 3151 ﬁlium.Nondum
3514 3090 3674 3151 enim

297 3178 367 3234 τὰ
423 3181 742 3250 Χριστιανῶν
805 3176 952 3233 οὔπω
1005 3175 1382 3252 τετελεσμένος
1409 3225 1426 3252 ,
1477 3177 1729 3241 κακεῖνος
1800 3179 1940 3250 αὐτῷ

2030 3186 2152 3238 erat
2188 3177 2484 3258 mysteriis
2510 3177 2805 3248 initiatus.
2842 3185 2899 3240 et
2955 3178 3220 3240 nondum
3252 3176 3581 3256 absolutus,
3613 3179 3676 3242 in

276 3266 598 3339 παρίσταται
657 3269 776 3344 περὶ
835 3265 1002 3342 μέσας
1062 3266 1278 3342 νύκτας,
1312 3269 1402 3324 καὶ
1429 3265 1591 3343 διπλῇ
1622 3269 1683 3324 τὸ
1739 3268 1940 3344 βάπτιιι

2030 3267 2206 3328 rebus
2236 3267 2733 3330 Christianorum.
2764 3269 2870 3329 llle
2917 3286 3055 3330 vero
3087 3266 3247 3331 circa
3280 3267 3537 3331 mediam
3563 3288 3676 3331 no-

273 3377 395 3422 σμα
454 3353 658 3434 δίδωσι,
717 3363 806 3412 νῦν
863 3355 963 3432 μὲν
1019 3353 1088 3411 δι’
1136 3354 1346 3433 ὕδατος,
1395 3355 1511 3432 μετ’
1557 3355 1736 3434 ὀλίγον
1768 3356 1822 3413 δὲ
1855 3359 1940 3414 καὶ

2030 3365 2182 3420 ctem
2209 3356 2280 3418 ad
2306 3375 2442 3420 eum
2466 3356 2720 3432 accedit,
2745 3366 2803 3418 et
2823 3357 3184 3439 baptismum
3207 3357 3307 3420 dat
3331 3358 3386 3419 ei
3419 3359 3675 3440 duplici-

273 3445 365 3502 διὰ
413 3445 727 3524 μαρτυρίου,
760 3443 893 3525 ὅπερ
922 3445 986 3513 δὴ
1019 3447 1111 3503 καί
1144 3447 1302 3509 αὐτὸς
1331 3445 1675 3509 ἐϐαπτίσατο.

2030 3456 2140 3521 ter,
2175 3465 2336 3508 nunc
2367 3446 2611 3527 quidem
2646 3465 2754 3527 per
2790 3466 3030 3528 aquam,
3086 3447 3265 3528 paulo
3293 3455 3424 3529 post
3473 3457 3675 3513 autem

2025 3536 2202 3597 etiam
2257 3555 2364 3618 per
2392 3537 2759 3618 martyrium,
2808 3557 2927 3618 quo
2981 3537 3225 3620 quidem
3277 3538 3404 3620 ipse
3436 3556 3677 3623 quoque

2023 3623 2136 3687 fuit
2169 3625 2517 3706 baptizatus.

2105 3716 2183 3777 X.
2220 3716 2432 3778 Statim
2465 3735 2604 3796 ergo
2623 3720 2821 3798 januae
2858 3717 3119 3780 carceris
3149 3735 3258 3780 sua
3279 3725 3494 3798 sponte
3537 3728 3677 3781 sunt

2025 3812 2336 3882 apertae,et
2365 3805 2593 3868 solutus
2617 3808 2728 3870 fuit
2751 3815 2974 3888 martyr
3003 3826 3036 3869 a
3060 3807 3312 3869 vinculis
3341 3828 3359 3884 ;
3383 3814 3441 3869 et
3471 3825 3677 3886 egres-

2026 3910 2130 3956 sus
2156 3910 2189 3954 e
2219 3912 2464 3957 carcere
2495 3897 2658 3957 venit
2685 3897 2758 3959 ad
2807 3897 3126 3978 quemdam
3161 3897 3432 3960 Phileam
3475 3898 3675 3960 Caesa-

2026 3984 2328 4045 reensium
2346 3984 2632 4047 Ecclesia:
2649 3987 2998 4068 episcopum
3009 3987 3137 4064 ,qui
3162 3994 3405 4068 propter
3416 3995 3677 4050 terrores

361 3724 432 3778 ιι,
487 3716 650 3780 Εὐθὺς
709 3716 797 3773 οὖν
837 3715 896 3772 α⁹ί
926 3737 984 3772 τε
1012 3716 1159 3794 θύραι
1203 3725 1299 3788 τῆς
1359 3714 1598 3796 φυλακῆς
1652 3716 1939 3792 αὐτόματοι

271 3804 644 3884 ὂιηνοίγοντο,
697 3807 786 3862 καὶ
828 3807 936 3862 τῶν
994 3802 1206 3879 δεσμῶν
1261 3808 1289 3861 ὁ
1351 3807 1548 3883 μάρτυς
1593 3805 1797 3886 ἐλύετο,
1853 3806 1943 3862 καὶ

273 3897 383 3965 τῆς
441 3900 690 3975 φυλακῆς
750 3893 996 3976 ἐξελθὼν,
1045 3897 1177 3974 πρός
1225 3917 1342 3952 τινα
1391 3894 1589 3952 Φιλέαν
1639 3892 1798 3973 ἄνδρα
1842 3897 1940 3962 τῆς

278 3984 599 4065 Καισαρέων
672 3984 960 4053 ἐκκλησίας
1040 3984 1328 4042 ἐπίσκοπον
1403 3985 1756 4064 ἀφικνεῖται,
1827 3985 1886 4047 ὃς
1922 4031 1940 4062 ,

275 4074 366 4133 διὰ
424 4078 551 4140 τοὺς
594 4076 656 4133 ὲκ
708 4083 815 4133 τῶν
871 4075 1076 4134 ἀσεϐῶν
1135 4074 1353 4158 φόϐους,
1416 4079 1506 4134 τόν
1558 4099 1614 4134 τε
1643 4080 1826 4153 θρόνον
1855 4080 1940 4135 καὶ

2030 4072 2376 4154 impiorum,
2411 4083 2470 4137 et
2499 4075 2706 4138 sedem
2745 4084 2804 4137 et
2832 4084 3018 4138 coetus
3044 4075 3375 4153 declinans,
3408 4079 3677 4158 seipsum

274 4169 374 4231 τὰς
438 4165 682 4232 συνάξεις
756 4167 1145 4246 ἐκτρεπόμενος
1173 4216 1188 4247 ,
1272 4168 1536 4246 ἀφανίζων
1618 4167 1685 4235 ἦν
1757 4169 1940 4224 ἑαυτὸν

2030 4162 2260 4226 celabat
2289 4173 2348 4227 et
2371 4165 2848 4230 occultabat.Hic
2880 4183 3020 4242 ergo
3053 4165 3501 4248 episcOpus,qui
3531 4167 3674 4229 olim

273 4258 365 4314 καὶ
425 4257 816 4333 κρυπτόμενος.
889 4247 948 4315 Ὀ
1031 4259 1200 4314 τοίνυν
1289 4257 1581 4320 ἐπίσκοπος
1639 4257 1790 4322 οὗτος
1854 4259 1940 4315 καὶ

2030 4253 2100 4315 de
2131 4253 2389 4335 Thyrso,
2423 4263 2484 4317 et
2531 4255 2607 4318 de
2651 4257 2782 4336 ejus
2811 4255 3083 4316 libertate
3128 4261 3186 4316 et
3214 4253 3400 4315 animi
3423 4247 3674 4334 magni-

277 4346 448 4403 πάλαι
509 4347 630 4425 περὶ
686 4349 777 4404 τοῦ
807 4350 1004 4426 Θύρσου
1034 4348 1124 4404 καὶ
1179 4353 1279 4416 τῆς
1339 4347 1632 4426 παρρησίας
1686 4350 1751 4425 ᾗς
1806 4349 1937 4405 ἐπε-

2030 4343 2228 4406 tudine
2257 4344 2587 4422 audiverat,
2625 4363 2886 4423 eumque
2909 4342 3338 4424 admirabatur,
3374 4354 3437 4406 et
3464 4346 3526 4407 in
3558 4345 3675 4408 ho-

273 4433 488 4501 δείξατο
541 4437 627 4492 καὶ
709 4433 919 4516 ἀνδρίας
1000 4436 1230 4510 ἀκούων,
1322 4437 1409 4494 καὶ
1488 4435 1572 4493 διὰ
1673 4438 1936 4513 θαύματος

2030 4453 2170 4496 nore
2205 4433 2487 4510 habebat,
2521 4452 2656 4500 cum
2718 4453 2853 4496 eum
2914 4442 3056 4496 tunc
3097 4433 3241 4495 vidit
3269 4433 3344 4495 ad
3374 4452 3440 4497 se
3496 4453 3675 4497 acce-

273 4527 442 4582 αὐτὸν
504 4527 592 4582 καὶ
620 4530 786 4602 τιμῆς
831 4524 1000 4606 ἄγων,
1057 4525 1243 4594 ἐπειδὴ
1298 4525 1653 4604 προσελθόντα
1685 4530 1733 4585 οἱ
1784 4550 1937 4596 τηνι-

2030 4523 2190 4600 dere,
2231 4526 2503 4605 protinus
2535 4525 2788 4606 procidit
2816 4523 2888 4587 ad
2923 4524 3057 4604 ejus
3089 4523 3409 4604 pedelele
3437 4542 3676 4607 quoque

267 4622 446 4672 καῦτα
508 4613 676 4691 εἶδεν,
711 4614 898 4673 ἔπεσεν
956 4618 1031 4680 ὡς
1087 4616 1247 4696 εἶχεν
1278 4617 1424 4680 εὐθὺς
1457 4619 1587 4696 πρὸς
1617 4617 1740 4681 τοὺς
1771 4616 1938 4681 πόδας

2030 4632 2157 4676 cum
2189 4614 2464 4676 similiter
2497 4615 2858 4696 procidisset
2896 4615 2969 4676 ad
3003 4614 3189 4695 pedes
3219 4614 3503 4696 episcopi,
3537 4633 3675 4676 eum

271 4707 441 4762 αὐτοῦ
473 4720 490 4736 ⁹
551 4705 801 4770 κάκεῖνος
863 4706 1181 4785 προσπεσὼν
1239 4707 1436 4780 ὁμοίως
1501 4713 1579 4780 τῷ
1634 4705 1934 4782 ἐπισκόπῳ,

2030 4704 2303 4785 erigit,et:
2330 4703 2756 4788 Noli,inquit,o
2778 4705 3124 4769 venerande
3146 4703 3678 4786 Pater,praeripere

271 4796 528 4862 ἀνίστῆσί
571 4816 626 4850 τε
669 4795 850 4868 αὐτὸν,
905 4775 1036 4876 ¹καὶ,
1103 4797 1192 4863 Μὴ
1255 4775 1476 4874 ὂίρπαζε,
1537 4775 1678 4869 τίμιε
1740 4775 1934 4876 Πάτερ,

2030 4775 2304 4871 ἱᾱξῳὶοιί
2334 4811 2368 4855 a
2399 4775 2714 4856 nobis-tibi
2764 4793 3060 4871 debetur;
3094 4775 3459 4857 accessimus
3486 4775 3674 4869 enim,

274 4883 463 4963 ἔλεγε,
510 4885 572 4940 τὸ
602 4885 727 4964 παρ’
755 4885 917 4962 ἡμῶν
968 4883 1344 4966 ὀφειλόμενον.
1385 4885 1753 4964 Εὐλογηθῆναι
1810 4886 1932 4967 γάρ,

2030 4889 2090 4945 ut
2118 4881 2599 4946 benedictionem
2617 4902 3102 4965 assequeremur,
3122 4903 3239 4946 non
3259 4893 3322 4946 ut
3352 4883 3675 4948 benedice-

274 4978 382 5033 οὐκ
447 4972 762 5052 εὐλογῆσαι,
827 4973 1325 5054 προσεληλύθαμεν.
1386 4981 1490 5033 Τοῦ
1550 4975 1842 5034 ἐπισκόπου
1884 4975 1939 5033 δὲ

2030 4990 2251 5036 remus.
2286 4974 2432 5035 Cum
2466 4973 2715 5037 dixisset
2773 4982 2974 5036 autem
3030 4974 3368 5055 episcopus,
3403 4983 3679 5056 oportere

274 5062 487 5143 χρῆναι
544 5061 748 5138 μᾶλλον
779 5063 938 5120 αὐτὸν
989 5064 1230 5142 εὐλογεῖν
1276 5063 1542 5144 εἰπόντος,
1577 5064 1673 5121 οἷα
1701 5062 1939 5141 δοκίμιον

2030 5079 2163 5124 eum
2196 5061 2581 5144 benedicere,
2613 5071 2676 5126 ut
2697 5063 2800 5145 qui
2848 5064 3202 5144 praebuisset
3229 5064 3372 5126 satis
3403 5083 3674 5144 magnam

273 5155 482 5232 ἀρετῆς
537 5153 718 5209 ἱκανὸν
767 5154 1224 5233 παρασχόμενον,
1271 5155 1359 5210 καὶ
1416 5153 1788 5234 λαμπροτέραν
1838 5156 1938 5218 τὴν

2030 5152 2256 5214 virtutis
2287 5151 2724 5234 probationem,
2762 5161 2821 5215 et
2879 5152 3352 5235 splendidiorem
3383 5155 3682 5218 etlecisset

270 5241 481 5311 στολὴν
509 5249 602 5300 τοῦ
636 5243 942 5319 Πνεύματος
972 5241 1058 5299 διὰ
1102 5243 1201 5312 τῆς
1251 5247 1358 5300 τῶν
1420 5243 1680 5324 χαλεπῶν
1722 5245 1934 5321 ὐπομο-

2030 5250 2246 5305 vestem
2272 5243 2513 5324 spiritus
2539 5263 2645 5324 per
2661 5261 3007 5325 asperarum
3035 5254 3097 5305 et.
3118 5243 3450 5308 difﬁcilium
3474 5263 3680 5308 rerum

269 5339 372 5400 νῆς
429 5333 816 5412 ἐργασάμενον,
881 5334 907 5389 ὁ
962 5333 1187 5410 μάρτυς,
1238 5330 1319 5389 Δι’
1377 5334 1503 5390 αὐτὸ
1533 5335 1630 5409 μὲν
1662 5333 1751 5390 οὖν
1780 5340 1936 5392 τοῦτο

2030 5329 2427 5409 tolerantiam,
2463 5342 2725 5415 martyr:
2767 5336 3022 5414 Propter
3052 5334 3165 5396 hoc
3195 5335 3417 5416 ipsum,
3455 5336 3675 5414 inquit,

269 5423 363 5479 καὶ
410 5421 774 5502 παραγέγονα,
832 5420 958 5501 ἔφη,
1020 5422 1161 5480 ὥστε
1237 5423 1325 5479 καὶ
1378 5422 1588 5500 ἱμάτιον
1646 5423 1934 5504 ἀφθαρσίας

2030 5422 2136 5483 huc
2165 5423 2417 5504 accessi,
2469 5430 2533 5486 ut
2563 5424 2849 5488 induerer
2881 5431 3042 5486 veste
3093 5425 3586 5507 incorruptionis,
3619 5435 3681 5488 et

268 5511 609 5595 ἐνδύσασθαι,
667 5514 758 5570 καὶ
839 5508 908 5567 δι’
986 5510 1176 5578 ὕδατος
1253 5513 1404 5591 ἁγίου
1476 5514 1563 5571 καὶ
1622 5514 1932 5590 Πνεύματος

2030 5530 2126 5592 per
2148 5529 2360 5593 aquam
2387 5521 2444 5576 et
2469 5511 2758 5595 Spiritum
2783 5521 3053 5578 sanctum
3073 5515 3676 5595 regenerarer.Non-

355 5716 530 5784 515a.
564 5734 766 5798 XLVIII,
802 5721 867 5783 8.
