4132 6406
477 331 596 402 519

479 565 570 627 Ne
589 561 890 625 cuncteris
911 561 1185 640 ergo,sed
1219 561 1405 624 facias
1435 580 1567 643 quae
1597 562 1962 637 desidero,et
1992 582 2127 645 quae

480 651 682 732 pietati
731 651 1118 714 conveniunt.
1173 649 1316 712 Cum
1375 651 1646 729 protinus
1693 670 1836 731 ergo
1891 662 2128 732 peracta

477 750 701 818 essent,
737 759 870 821 qua),
898 740 960 802 in
993 760 1062 801 eo
1098 741 1546 819 liuut,Thyrsus
1575 751 1844 804 sanctum
1879 743 2128 822 suscipit

476 830 878 912 baptismum;
919 838 977 891 et
1009 830 1227 891 deinde
1275 830 1616 910 adjiciens:
1677 831 1933 894 Domine
1988 834 2126 896 Jesu

481 922 742 1000 Christe,
774 922 936 983 Deus
968 917 1332 993 meus,dicit,
1368 919 1470 996 qui
1503 938 1596 980 me
1629 919 1907 999 dignatus
1937 939 2000 982 es
2023 939 2131 1001 per

478 1027 692 1090 aquam
724 1009 1126 1071 consummari
1183 1016 1241 1070 et
1291 1008 1608 1089 Spiritum,
1643 1009 1888 1088 dignare
1919 1029 2036 1086 me,
2065 1018 2129 1072 ut

477 1120 585 1180 ego
610 1099 845 1175 eodem,
875 1118 996 1179 quo
1030 1106 1116 1172 tu,
1151 1098 1420 1178 baptizer
1471 1097 1788 1178 baptismo,
1825 1109 1882 1162 et
1927 1100 2124 1162 bibam

478 1201 641 1253 tuum
674 1189 944 1262 calicem,
983 1195 1041 1249 et
1092 1195 1206 1249 tuae
1265 1188 1442 1250 morti
1493 1188 1861 1251 conformer.
1897 1189 2128 1254 Deinde

476 1282 656 1343 etiam
690 1298 826 1342 cum
859 1297 1047 1359 pauca
1079 1284 1237 1339 esset
1267 1279 1501 1340 locutus
1532 1297 1669 1339 cum
1707 1278 2016 1359 episcopo,
2070 1289 2128 1341 et

475 1389 541 1434 se
564 1369 820 1433 invicem
842 1367 1105 1448 imperiti
1129 1375 1330 1429 essent
1354 1367 2129 1450 benedictionibus,martyr

472 1461 793 1524 revertitur
815 1458 875 1520 in
908 1475 1237 1533 carcerem,
1269 1465 1668 1538 praetereunte
1715 1457 1771 1519 ei
1800 1458 2000 1520 divino
2034 1460 2126 1521 lu-

477 1552 638 1614 mine
669 1559 730 1612 et
760 1548 1158 1626 sequentibus
1188 1547 1563 1626 angelis,utii
1593 1555 1797 1630 aperte
1823 1548 2120 1626 videbant,

475 1643 577 1719 qui
604 1638 771 1719 digni
803 1647 971 1699 erant
998 1636 1227 1699 videre.
1261 1636 1390 1708 Quo
1441 1637 1498 1696 in
1550 1637 1682 1702 loco
1729 1655 1941 1699 rursus
1973 1657 2119 1699 con-

475 1731 659 1792 suetis
687 1728 1031 1806 invigilabat
1060 1727 1426 1808 precibus,et
1456 1743 1588 1788 cum
1614 1729 1737 1790 Deo
1769 1727 2125 1807 loquebatur

475 1839 584 1901 per
613 1821 820 1881 otium.

555 1911 656 1974 XI.
689 1907 827 1972 Alio
857 1915 1052 1969 autem
1082 1906 1264 1968 alium
1296 1905 1574 1968 studente
1596 1907 1835 1968 vincere
1866 1906 1925 1967 in
1958 1906 2118 1980 vitio,

471 2006 530 2059 et
558 1995 909 2077 imperatori
941 1994 1001 2055 in
1037 1993 1247 2072 primis
1277 1995 1462 2076 impio
1515 1995 1755 2056 volente
1799 1993 2124 2074 gratiﬁcari

474 2087 701 2166 majore
751 2083 1158 2165 improbitate,
1221 2083 1495 2147 Silvanus
1553 2103 1791 2165 quoque
1851 2085 2116 2165 quidam,

463 2194 683 2256 genere
736 2173 977 2256 quidem
1006 2173 1210 2254 Persa,
1238 2172 1523 2253 dignitate
1551 2182 1750 2236 autem
1795 2192 2021 2250 comes,
2057 2176 2118 2235 in

469 2266 776 2348 suppliciis
799 2280 942 2327 vero
965 2264 1039 2325 de
1065 2263 1178 2344 piis
1195 2263 1505 2326 sumendis
1535 2263 1796 2325 crudelis
1829 2276 1889 2325 et
1919 2263 2122 2326 inexo-

471 2357 705 2432 rabilis,
741 2355 911 2436 petiit
947 2353 1021 2416 ab
1053 2353 1435 2432 imperatore,
1472 2361 1536 2414 ut
1565 2361 1726 2415 esset
1757 2354 2124 2416 examinator

473 2464 684 2510 eorum
716 2443 934 2522 quibus
967 2444 1322 2525 permissum
1358 2452 1446 2505 est
1478 2443 1692 2523 punire
1725 2444 2114 2505 Christianos.

477 2539 624 2601 Cum
657 2553 798 2615 ergo
822 2534 1097 2608 liberam,
1130 2543 1189 2595 et
1238 2532 1565 2595 reddendae
1609 2533 1825 2595 rationi
1858 2552 1976 2594 non
2010 2533 2122 2594 ob-

477 2627 716 2689 noxiam
731 2626 792 2686 in
807 2642 911 2686 eos
933 2624 1266 2704 accepisset
1289 2621 2124 2702 potestatem,venitNiczeam,

476 2715 761 2780 libamina
793 2721 850 2776 et
870 2713 1160 2775 sacriﬁcia
1191 2729 1481 2792 peragens
1511 2711 1906 2784 daemonibus,
1952 2721 2010 2774 et
2039 2712 2127 2775 eis

474 2805 738 2871 convivia
760 2802 1075 2866 celebrans
1097 2803 1386 2881 sanguine
1412 2801 2028 2864 Christianorum.Hic
2052 2801 2127 2864 de

475 2915 688 2976 magno
719 2893 945 2975 Thyrso
977 2893 1036 2954 ei
1069 2893 1460 2970 signiﬁcatur,
1497 2891 1654 2972 quod
1687 2901 1744 2953 et
1773 2891 1953 2954 nullis
1972 2892 2126 2954 vinci

477 2993 680 3068 posset
697 2982 1466 3064 tormentis,miraculisque
1480 2993 1539 3043 et
1555 2981 1840 3062 prodigiis
1852 2982 2129 3044 homines

472 3075 974 3157 obstupefaceret.
1009 3073 1220 3136 Statim
1273 3081 1470 3134 autem
1505 3070 1686 3134 mittit
1717 3072 2003 3152 quosdam
2059 3090 2128 3133 ex

1778 332 2060 403 MENSIS
2105 337 2535 404 DECEMBER.

477 471 619 535 dum
652 471 813 532 enim
845 489 976 534 sum
1011 471 1274 533 divinum
1325 470 1687 552 baptismum
1738 482 2120 548 consecutus,

2212 476 2627 554 ὰναγεννηθῆναι
2663 497 2677 512 ⁶

3742 345 3858 411 520

2751 478 2898 535 οὔπω
2961 479 3061 556 γὰρ
3129 479 3224 535 «co-3
3295 481 3433 536 θείου
3491 482 3857 557 βαπτίσματος

2207 566 2562 642 κατηξίωμαι.
2613 569 2700 636 Μὴ
2741 567 2903 643 μέλλε
2963 569 3136 625 τοίνυν
3162 615 3179 636 ,
3253 567 3390 628 ἀλλὰ
3432 571 3571 627 ποίει
3616 572 3683 627 τὰ
3725 574 3863 628 κατὰ

2209 656 2431 731 γνώμην
2473 657 2592 732 ἐμοὶ
2638 659 2724 714 καὶ
2789 663 2855 734 τῇ
2923 656 3192 730 θεοσεϐείᾳ
3263 659 3628 737 προσήκοντα.
3690 661 3860 719 Τελε-

2211 744 2434 800 σθέντων
2479 749 2566 802 οὖν
2645 747 2789 809 εὐθὺς
2854 753 2960 803 τῶν
3025 748 3078 802 ἐν
3123 748 3292 822 τούτῳ
3350 751 3770 825 νενομισμένων,
3834 753 3862 805 6

2214 834 2408 912 Θύρσος
2454 837 2516 890 τὸ
2584 835 2736 912 ὁίίιον
2803 835 3079 912 βάπτισμα
3149 835 3391 917 δέχεται,
3452 840 3541 894 καὶ
3595 841 3864 915 προσθεὶς,

2215 923 2368 998 Κύριε
2401 921 2579 990 Ἰησοῦ
2611 925 2833 1003 Χριστὲ,
2876 927 2902 980 6
2937 926 3064 991 Θεός
3095 949 3222 1005 μου,
3259 926 3439 1005 λέγει,
3473 931 3500 983 6
3533 928 3867 993 καταξιώσας

2211 1035 2277 1087 με
2322 1011 2390 1069 δι’
2449 1013 2636 1076 ὕδατος
2695 1014 3034 1082 τελειωθῆναι
3102 1018 3187 1071 καὶ
3258 1018 3589 1092 Πνεύματος,
3658 1022 3747 1074 καὶ
3804 1020 3869 1074 τὸ

2209 1104 2485 1178 βάπτισμα
2517 1105 2544 1160 ὃ
2589 1105 2742 1168 αὒτὸς
2801 1101 3070 1162 ἐϐαπτίσω
3119 1107 3476 1181 βαπτίσασθαι
3509 1155 3523 1180 ,
3580 1109 3735 1173 αὑτός
3795 1112 3867 1183 με

2211 1193 2297 1247 καὶ
2357 1195 2416 1248 τὸ
2478 1193 2730 1270 ποτήριόν
2787 1216 2880 1250 σου
2929 1207 3099 1267 πιεῖν,
3157 1197 3242 1250 καὶ
3303 1201 3758 1277 συμμορφωθῆναι
3787 1204 3869 1272 τῷ

2209 1281 2418 1356 θανάτῳ
2478 1304 2565 1345 ςου
2644 1282 2994 1348 καταξίωσον.
3073 1285 3211 1341 Εἶτα
3289 1287 3377 1342 καὶ
3439 1294 3516 1360 τῷ
3586 1287 3870 1359 ἐπισκόπῳ

2212 1373 2372 1448 μικρὰ
2432 1371 2796 1446 συλλαλήσας,
2869 1377 2957 1429 καὶ
3043 1373 3334 1437 ἃντιδόιτες
3426 1375 3686 1446 ἀλλήλοις
3767 1379 3870 1441 τὰς

2211 1460 2470 1539 εὐλογίας,
2534 1464 2561 1517 6
2605 1464 2803 1540 pigro:
2860 1465 2992 1540 πρὸς
3054 1465 3114 1518 τὸ
3191 1462 3557 1543 δεσμωτήριον
3617 1465 3868 1546 ὲπανῂει,

2210 1553 2386 1628 φωτὸς
2434 1553 2576 1625 αὐτῷ
2641 1554 2776 1608 θείου
2834 1553 3244 1630 προηγουμένου
3304 1557 3388 1610 καὶ
3449 1554 3694 1632 ἀγγέλων
3753 1579 3873 1612 πα·-

2210 1640 2540 1716 ρεπομενων,
2603 1643 2677 1704 ὡς
2763 1640 2992 1719 ἀκριϐῶς
3054 1640 3196 1698 εἶδον
3237 1691 3252 1715 ,
3330 1666 3418 1705 ους
3478 1643 3610 1701 ἰδεῖν
3670 1644 3816 1710 ἄξιον
3859 1667 3871 1679 ·

2210 1727 2329 1785 ἔνθα
2372 1731 2455 1785 καὶ
2492 1729 2650 1786 πάλιν
2685 1743 2806 1796 ταῖς
2840 1733 3084 1799 συνήθεσι
3137 1747 3468 1812 προσευχαῖς
3510 1733 3871 1816 ἐπηγρύπνει,

2151 1851 2184 1899 Β
2210 1827 2295 1874 καὶ
2326 1825 2403 1891 τῷ
2435 1827 2549 1892 Θεῴ
2582 1820 2716 1876 κατὰ
2747 1820 2957 1899 σχολὴν
2990 1819 3278 1898 διελέγετο,

2292 1899 2400 1964 Μ’.
2439 1907 2584 1965 Ἀλλ’
2620 1907 2736 1965 οὐδὲ
2791 1909 2970 1964 ἄλλων
3012 1911 3066 1965 ἐν
3114 1911 3272 1982 κακίᾳ
3330 1918 3479 1982 νικᾷν
3536 1912 3872 1986 σπουδάζον-

2207 2020 2322 2072 τος,
2357 2003 2444 2056 καὶ
2475 2008 2550 2074 τῷ
2608 1999 3010 2076 δυσσεϐεστάτῳ
3067 2010 3143 2076 τῷ
3201 2001 3402 2059 πλείονι
3451 2010 3548 2071 τῆς
3603 2007 3870 2084 πονηρίας

2204 2090 2512 2166 χαρίζεσθαι
2594 2090 2922 2166 βουλαμένου
2993 2093 3080 2148 καὶ
3166 2091 3422 2158 Σιλϐανός
3500 2116 3606 2172 τις,
3681 2094 3872 2171 κόμης

2205 2180 2303 2254 μὲν
2357 2181 2416 2234 τὸ
2474 2178 2700 2255 ἀξίωμα,
2762 2179 2966 2256 Πέρσης
3010 2179 3062 2236 δὲ
3126 2183 3180 2238 τὸ
3231 2183 3404 2259 γένος,
3466 2185 3560 2249 τὰς
3611 2183 3664 2240 δὲ
3721 2188 3870 2242 κατὰ

2204 2274 2309 2323 τῶν
2365 2266 2592 2327 εὐσεϐῶν
2656 2272 2912 2346 τιμωρίαις
2970 2271 3116 2346 ὠμός
3193 2293 3249 2328 τε
3322 2275 3408 2329 καὶ
3466 2272 3864 2352 ἀπαραίτητος,

2204 2359 2364 2436 χάριν
2433 2361 2602 2437 ᾔτησε
2688 2363 2776 2415 τὸν
2843 2359 3092 2436 βασιλέα,
3205 2362 3340 2418 ὥστε
3425 2364 3666 2440 γενέσθαι
3748 2367 3867 2420 τῶν

2209 2449 2547 2525 Χριστιανοὺς
2646 2450 2890 2520 κολάζειν
2976 2450 3441 2530 ἐπιτετραμμένων
3544 2452 3864 2522 ἐξεταστής.

2210 2536 2512 2596 Ἀνεύθονον
2593 2537 2680 2594 οὖν
2761 2538 2847 2594 ἐπ’
2934 2541 3115 2604 αὐτοῖς
3187 2542 3284 2607 τὴν
3351 2540 3582 2607 ἐξουσίαν
3654 2541 3864 2625 λαϐὼν,

2209 2625 2466 2700 ἐπιδημεῖ
2496 2632 2562 2702 τῇ
2593 2629 2806 2698 Νικαίᾳ,
2840 2627 3067 2693 σπονδὰς
3125 2643 3242 2695 τοῖς
3301 2628 3509 2705 δαίμοσι
3553 2634 3639 2688 καὶ
3682 2634 3868 2698 θυσίας

2209 2716 2490 2795 ἐπιτελῶν,
2544 2718 2632 2773 καὶ
2688 2723 3013 2795 Χριστιανῶν
3069 2719 3252 2783 αὖτοὺς
3304 2719 3553 2777 ἐνεστιῶν
3610 2720 3866 2797 α’ίμασιν,

2209 2805 2466 2863 Ἐνταῦθα
2513 2805 2769 2880 μηνύεται
2825 2807 2889 2864 τὰ
2932 2807 3069 2863 κατὰ
3125 2809 3217 2864 τὸν
3275 2809 3446 2887 μέγαν
3505 2811 3702 2889 Θύρσον
3759 2811 3863 2866 αὒ-

2209 2902 2308 2970 τῷ,
2382 2897 2454 2959 ὡς
2517 2894 2608 2962 εἴη
2691 2896 2942 2970 βασάνοις
3000 2919 3056 2953 τε
3136 2897 3334 2961 πάσαις
3406 2897 3702 2981 ἀνάλωτος,
3775 2903 3866 2959 καὶ

2209 2988 2436 3061 θαύμασι
2508 2988 2599 3042 καὶ
2695 2987 2988 3064 τεραστίοις
3087 2987 3391 3066 ἀνθρώπους
3488 2989 3805 3060 ἐκπλήττων
3837 3038 3854 3067 ,

2208 3077 2298 3132 καὶ
2354 3077 2539 3131 αὐτίκα
2595 3073 2797 3151 πέμπει
2877 3077 3022 3142 τινας
3079 3082 3184 3133 τῶν
3266 3080 3381 3156 περὶ
3456 3078 3613 3135 αὗτὸν
3649 3125 3665 3154 ,
3723 3081 3860 3136 ὥστε

471 3167 620 3248 suis,
652 3174 714 3228 ut
743 3164 921 3227 simul
955 3163 1198 3244 quidem
1259 3171 1318 3224 ct
1348 3161 1540 3222 virum
1575 3170 1884 3223 servarent
1921 3166 2124 3237 tutius,

2212 3168 2342 3241 ὁμοῦ
2398 3166 2495 3240 μὲν
2567 3164 2960 3246 ἀσφαλέστερον
3034 3168 3127 3223 τὸν
3203 3165 3360 3244 ἄνδρα
3433 3180 3660 3245 τηρεῖν,
3722 3171 3855 3242 ὁμοῦ

473 3266 535 3320 et
563 3255 758 3318 verbis
788 3271 1028 3336 quoque
1057 3253 1174 3333 ipsi
1196 3270 1331 3314 eum
1351 3250 1823 3331 adorirentur,et
1851 3250 2122 3331 compel-

2212 3253 2263 3311 δὲ
2315 3253 2402 3311 καί
2457 3253 2646 3334 λόγους
2703 3256 2996 3334 προτείνειν
3048 3252 3170 3328 παρ’
3249 3255 3448 3311 ἑαυτῶν
3482 3302 3498 3330 ,
3565 3255 3658 3312 καΐ
3726 3278 3854 3312 σον-

471 3350 669 3411 lerent
692 3345 766 3408 ad
796 3343 1129 3421 negandam
1155 3341 1609 3420 religionem,et
1641 3349 1872 3403 terrore
1894 3341 2124 3403 comitis

2212 3347 2372 3401 ωθεϊν
2415 3345 2487 3407 εἰς
2546 3343 2766 3422 ἄρνησιν
2813 3344 2904 3402 τοῦ
2959 3341 3310 3418 σεϐάσματος,
3359 3343 3452 3400 καΐ
3498 3349 3568 3421 τῇ
3614 3351 3707 3403 τοῦ
3752 3348 3854 3403 κό-

471 3436 739 3498 animum
765 3433 898 3512 ejus
917 3432 1079 3512 prius
1103 3430 1795 3494 labefactarent.Deinde
1826 3431 1953 3510 ipse
1975 3450 2124 3511 quo-

2212 3456 2383 3510 μητος
2414 3436 2568 3514 φήμῃ
2600 3435 2696 3502 τὴν
2743 3434 2942 3491 ἐκείνου
3001 3434 3408 3512 προκατασείειν
3459 3435 3669 3514 ψυχήν.
3719 3437 3857 3493 Εἶτα

473 3543 593 3606 que
623 3523 858 3586 accedit
893 3544 906 3586 :
935 3531 994 3584 et
1024 3523 1282 3601 primum
1311 3519 1558 3601 quidem
1591 3521 1908 3597 magniﬁce
1938 3523 2124 3606 sacri:

2212 3523 2298 3580 λαὶ
2355 3526 2509 3588 αὐτὸς
2569 3527 2914 3604 παραγίνεται
2947 3524 3032 3579 καὶ
3076 3529 3260 3602 πρῶτα
3306 3523 3402 3597 μὲν
3459 3523 3565 3580 θύει
3623 3523 3862 3603 μεγαλο-

475 3605 916 3688 ﬁcatMaximo,
951 3617 1054 3693 qui
1111 3620 1202 3673 est
1256 3610 1412 3692 apud
1474 3629 1599 3693 eos,
1653 3611 1805 3674 Jovi.
1844 3605 2124 3693 Sequenti

2212 3619 2427 3692 πρεπῶς
2460 3621 2536 3689 τῷ
2565 3613 2688 3693 παρ’
2735 3615 2917 3678 αὺτοῖς
2948 3614 3184 3692 μεγίστῳ
3239 3614 3319 3668 Διί
3352 3629 3365 3642 ⁶
3416 3614 3484 3690 τῇ
3515 3611 3568 3668 δὲ
3601 3613 3724 3682 ἑξῆς
3760 3615 3856 3671 ἐπὶ

471 3714 670 3768 autem
701 3703 798 3765 die
830 3721 964 3764 cum
999 3701 1176 3763 simul
1212 3720 1347 3763 cum
1373 3699 1717 3764 Cumbrieio
1743 3701 1994 3764 sedisset
2022 3720 2124 3783 pro

2212 3707 2453 3780 βήματος
2498 3704 2609 3780 ἅμα
2670 3701 3000 3780 Κουμϐρικίῳ
3068 3703 3308 3777 καθίσας,
3365 3705 3453 3759 καὶ
3507 3705 3597 3760 τὸν
3659 3704 3860 3776 Θύρσον

476 3793 780 3870 tribunali,
815 3801 874 3855 et
903 3792 1194 3872 Thyrsum
1226 3791 1356 3855 sisti
1386 3800 1678 3874 curasset,
1713 3792 1993 3854 omnibus
2020 3811 2124 3855 au-

2212 3794 2691 3874 παραστησάμενος
2748 3794 2819 3858 εἷς
2877 3792 3108 3862 ἐπήκοον
3168 3793 3384 3849 πάντων
3455 3793 3862 3872 ἀναγνωσθῆναι

476 3885 780 3949 dientibus
798 3901 865 3946 ea
886 3881 1063 3962 jubet
1094 3881 1233 3961 legi,
1267 3901 1398 3962 quae
1429 3881 1670 3944 fuerant
1699 3883 1865 3963 prius
1897 3883 2124 3945 exami-

2212 3885 2278 3940 τὰ
2334 3881 2771 3962 προεξητασμένα
2802 3898 2820 3918 ⁸
2873 3882 2933 3937 οὗ
2981 3881 3292 3961 γενομένου,
3323 3883 3412 3950 Μὴ
3445 3883 3650 3958 νόμιζε.
3685 3887 3868 3959 εἶπεν,

474 3983 632 4038 nata.
666 3973 834 4046 Quod
864 3991 999 4034 eum
1033 3972 1252 4034 factum
1287 3979 1445 4034 esset
1478 3991 1491 4031 :
1527 3970 1614 4034 Ne
1663 3972 1995 4046 existimes,
2031 3974 2124 4034 in-

2212 3976 2257 4030 ὦ
2301 3974 2490 4052 Θύρσε,
2520 3971 2871 4050 παραπλήσιά
2900 3993 2983 4027 σοι
3014 3972 3078 4027 τὰ
3109 3973 3347 4048 παρόντα
3391 3984 3510 4035 τοῖς
3563 3972 3868 4051 προλαϐοῦ-

476 4067 624 4146 quit,
659 4082 692 4125 ο
726 4062 972 4143 Thyrse,
1031 4079 1099 4123 ea
1130 4079 1263 4142 quae
1294 4061 1518 4123 instant
1547 4060 1674 4124 fore
1703 4061 1925 4125 similia
1976 4081 2124 4143 prae-

2213 4086 2294 4121 σιν
2339 4062 2579 4136 ἔσεσθαι,
2612 4059 2732 4118 ἀλλ’
2764 4059 2874 4133 ὅσῳ
2915 4061 3121 4135 μείζους
3169 4063 3219 4116 αἱ
3263 4060 3389 4139 παρ’
3417 4063 3576 4138 ἡμῶν
3607 4085 3691 4121 σοι
3733 4065 3872 4143 πρὸς

473 4152 849 4228 cedentibus,
887 4151 993 4214 sed
1028 4152 1186 4233 quod
1239 4151 1589 4233 imperatori
1619 4152 1851 4214 futurus
1881 4171 1945 4214 es
1977 4172 2124 4215 con-

2212 4155 2305 4210 τὸν
2364 4153 2724 4231 αὐτοκράτορα
2781 4149 3076 4213 οἰκειώσεις
3155 4151 3242 4207 καὶ
3311 4153 3462 4226 τιμαὶ
3518 4155 3872 4231 γενήσονται,

465 4244 757 4326 junctior,
791 4255 850 4306 et
883 4262 1000 4324 quo
1026 4241 1132 4304 tibi
1159 4243 1415 4322 majores
1439 4241 1825 4304 habebuntur
1843 4244 2124 4318 honores,

2212 4241 2364 4322 εἴπερ
2421 4242 2520 4319 ἄρα
2564 4242 2661 4298 καὶ
2703 4253 2819 4304 τοῖς
2851 4240 3051 4296 ἐκείνου
3093 4244 3314 4317 πεισθῇς
3369 4240 3717 4321 διατάγμασι,
3764 4265 3872 4300 το-

474 4340 522 4399 si
549 4336 710 4398 illius
760 4334 1024 4397 decretis
1080 4333 1404 4412 parueris:
1459 4350 1530 4394 eo
1579 4351 1788 4395 rursus
1818 4333 2124 4396 acerbiora

2212 4334 2382 4407 σούτῳ
2441 4331 2602 4389 πάλιν
2665 4334 2753 4390 καὶ
2811 4331 3130 4411 πικροτέρων
3181 4333 3408 4410 αἰσθήσῃ
3465 4332 3863 4413 κολαστηρίων,

472 4427 698 4489 senties
726 4422 1106 4505 supplicia,si
1130 4439 1340 4502 pergas
1363 4423 1519 4484 hanc
1547 4422 1885 4503 improbam
1921 4431 2124 4485 tenere

2212 4424 2256 4479 εἰ
2297 4421 2396 4490 τήν
2455 4422 2622 4489 αὐτὴν
2682 4422 2959 4498 ἐπιμείνῃς
3012 4419 3313 4501 πρεσϐεύων
3376 4422 3708 4490 κακοδοξίαν.
3764 4426 3866 4483 Καὶ

473 4502 1093 4596 ορὶιιὶοιιοιῐίξΜειθιγτ
1111 4529 1251 4573 vero
1281 4528 1293 4573 :
1321 4511 1433 4583 Qui
1463 4531 1558 4573 me
1588 4502 1692 4592 tui,
1729 4512 1948 4592 inquit,
1982 4531 2124 4574 con-

2212 4514 2239 4568 6
2284 4513 2508 4592 μάρτυς,
2571 4502 2628 4569 ²Ο
2681 4512 2770 4569 καὶ
2805 4509 3058 4591 πρότερόν
3103 4532 3194 4592 με,
3242 4514 3396 4592 φησὶ,
3445 4514 3716 4592 κρείττονα
3749 4513 3864 4569 δεί-

470 4605 715 4667 fessoris
737 4601 1047 4683 suppliciis
1068 4599 1208 4663 fecit
1225 4601 2124 4682 potentiorem,Dominusmeus

2212 4600 2300 4666 ξας
2356 4609 2447 4658 τοῦ
2501 4600 2866 4682 συμπαρείδρου
2923 4608 3014 4658 τοῦ
3087 4608 3177 4658 σοῦ
3240 4600 3608 4679 κολαστηρίων
3670 4603 3865 4681 Κύριός

472 4694 644 4756 Jesus
671 4691 966 4766 Christus,
1003 4691 1126 4772 ipse
1159 4691 1305 4753 mihi
1340 4711 1576 4773 quoque
1605 4710 1764 4754 nunc
1795 4691 2123 4769 assistet,et

2212 4715 2308 4770 μου
2363 4689 2568 4758 ἰησοῦς
2629 4693 2878 4773 Χριστὸς,
2941 4693 3095 4758 αὐτὸς
3161 4691 3564 4770 παραστήσεταί
3615 4713 3706 4766 μοι
3772 4695 3866 4748 καὶ

472 4802 508 4846 a
535 4781 746 4845 vestris
777 4782 1052 4843 manibus
1084 4781 1322 4864 eripiet,
1355 4784 1455 4863 qui
1497 4781 1616 4864 ipsi
1648 4781 1758 4844 soli
1797 4782 2015 4857 servio,
2065 4789 2122 4844 et

2212 4790 2315 4862 νῦν,
2377 4783 2463 4838 καὶ
2503 4787 2610 4838 τῶν
2652 4782 2921 4862 ὑμετέρων
2981 4781 3239 4848 ἐξελεϊται
3301 4784 3524 4860 χειρῶν,
3578 4781 3669 4835 τὸν
3713 4781 3862 4853 αὐτῷ

472 4890 612 4935 eum
642 4871 835 4934 solum
859 4871 993 4932 novi
1015 4869 1203 4932 Deum
1243 4888 1256 4930 :
1291 4871 1615 4934 simulacra
1663 4879 1859 4934 autem
1885 4878 1944 4933 et
1979 4872 2124 4934 deos

2212 4873 2357 4948 μόνῳ
2386 4871 2728 4950 λατρεύοντα,
2782 4874 2869 4930 καὶ
2912 4872 3075 4948 μόνον
3118 4871 3276 4927 αὺτὸν
3326 4867 3497 4925 εἰδότα
3555 4869 3708 4944 Θεὸν,
3769 4866 3864 4924 εἴ-

473 4962 742 5040 gentium
776 4968 1045 5038 apertum
1073 4960 1393 5024 ludibrium
1428 4980 1570 5024 voco
1590 4969 1649 5024 et
1672 4961 2122 5042 deceptionem.

2212 4961 2352 5019 δωλα
2408 4961 2463 5018 δὲ
2521 4965 2609 5020 καὶ
2664 4964 2785 5027 τοὺς
2853 4961 3128 5042 Ἐῇλλήνων
3175 4959 3323 5021 θεοὺς
3354 4956 3565 5036 γέλωτα
3598 4961 3742 5032 σαφῆ
3770 4961 3865 5016 καὶ

476 5035 595 5117 Sed
625 5051 674 5113 si
708 5035 948 5113 mittens
977 5051 1095 5112 vim
1127 5049 1363 5131 afferre,
1413 5051 1594 5112 mavis
1624 5035 2034 5131 persuasione,
2069 5058 2124 5112 et

2212 5052 2423 5121 ἀπάτην
2467 5051 2860 5112 ἀποκαλοῦντα.
2903 5035 3110 5126 αΟμως,
3143 5051 3187 5105 εἰ
3247 5050 3308 5104 τὸ
3367 5035 3635 5124 βιάζεσθαι
3692 5048 3866 5108 λυπὸν

473 5142 608 5223 ejus
629 5140 787 5223 quod
810 5148 1041 5203 rectum
1065 5150 1176 5216 est,
1182 5140 1414 5221 judicio
1439 5141 1829 5215 contendere,
1852 5139 1949 5202 dic
1979 5139 2124 5201 mihi

2212 5146 2387 5200 πειθοῖ
2444 5141 2652 5219 μᾶλλον
2708 5140 2885 5217 βούλει
2933 5140 3020 5196 καὶ
3073 5139 3238 5217 κρίσει
3268 5144 3360 5195 τοῦ
3418 5140 3578 5218 ὑγιῶς
3638 5139 3868 5220 ἔχοντος

466 5232 860 5312 jam,cuinam
885 5237 945 5293 et
967 5229 1472 5312 quemadmodum
1497 5248 1594 5292 me
1624 5229 1713 5291 vis
1737 5229 2078 5292 sacriﬁcare
2101 5236 2124 5292 ‘?

2212 5230 2458 5309 δικάζειν,
2521 5231 2644 5308 λέγε
2689 5231 2778 5305 μοὶ
2821 5227 2925 5296 ἤδη
2981 5228 3082 5284 τίνι
3127 5229 3216 5284 καὶ
3259 5227 3409 5292 ὅπως
3457 5251 3524 5304 με
3579 5229 3722 5286 θύειν
3765 5250 3869 5286 κε-

473 5321 594 5401 Ego
623 5328 822 5385 autem
854 5322 901 5383 si
932 5320 1082 5383 nihil
1141 5327 1347 5401 potero
1399 5319 1834 5397 contradicere,
1903 5318 2124 5401 parebo

2212 5321 2380 5388 λεύεις
2415 5343 2431 5403 ;
2492 5321 2636 5398 Ἐγὼ
2685 5317 2742 5375 δὲ
2779 5338 2794 5395 ;
2829 5320 2872 5375 εἰ
2904 5318 2981 5395 μή
3028 5340 3080 5375 τι
3126 5320 3212 5376 καὶ
3255 5320 3411 5383 αὐτὸς
3441 5317 3736 5398 ἀντιλέγειν
3768 5317 3870 5375 δυ-

474 5411 744 5487 omnino,
775 5421 837 5474 et
866 5430 986 5475 non
1019 5411 1311 5476 adversus
1339 5429 1438 5474 res
1466 5410 1690 5474 validas
1721 5410 1985 5474 inaniter
2012 5410 2122 5473 de-

2212 5414 2464 5490 νήσομαι,
2523 5411 2881 5485 πεισθήσομαι
2946 5408 3183 5484 πάντως,
3246 5410 3335 5466 καὶ
3366 5410 3425 5466 ού
3483 5410 3717 5487 ματαίαν
3771 5407 3869 5464 ἔν-

474 5501 740 5564 certabo.

2212 5524 2392 5560 στασιν
2423 5499 2698 5578 πράγμασι
2728 5499 2978 5579 ἰσχυροῖς
3013 5497 3302 5570 ἀντιθήσω.

553 5591 685 5655 ΧΠ.
721 5591 1037 5672 Excipiens
1068 5592 1268 5672 itaque
1299 5591 1499 5652 statim
1531 5589 1803 5654 Silvanus
1830 5611 1843 5656 :
1879 5591 2118 5668 Eamus,

2288 5590 2401 5651 lB'.
2451 5581 2763 5646 ἰ’πολαϐὼν
2807 5590 2974 5648 τοίνυν
3022 5589 3210 5655 εὐθέως
3240 5592 3267 5645 6
3321 5586 3606 5662 Σιλϐανός,
3655 5587 3864 5644 Ἀπίω-

470 5681 686 5765 inquit,
718 5683 778 5744 in
809 5681 1123 5763 templum,
1159 5690 1218 5745 et
1247 5687 1387 5744 tunc
1415 5678 1519 5744 tibi
1555 5681 1669 5744 erit
1701 5683 2118 5762 manifestum,

2212 5701 2328 5760 μεν,
2375 5678 2502 5760 ἔφη,
2550 5678 2682 5759 πρὸς
2725 5680 2818 5736 τὸν
2877 5679 3025 5760 ναὸν,
3080 5680 3172 5736 καί
3237 5686 3529 5748 τηνικαῦτα
3559 5679 3603 5753 ᾧ
3647 5675 3866 5756 μέλλεις
