4132 6424
233 325 347 392 521
1186 331 1656 401 MARTYRIUM
1701 337 1762 400 S.
1818 331 2106 402 THYRSI
2159 341 2257 404 ET
2301 335 2708 404 SOCIORUM.
3527 337 3646 408 522

231 466 412 546 Bt'osw,
469 465 693 547 φανερός
765 491 848 526 σοι
926 471 1225 546 γενήσεται.
1303 471 1668 551 Ἀφικομένων
1732 475 1904 532 τοίνυν

2002 475 2082 536 :ui
2131 474 2214 536 sis
2263 475 2732 540 sacriﬁcaturus.
2791 475 2940 537 Cum
2997 475 3060 537 in
3124 476 3458 556 proximum
3504 497 3646 558 ergo

237 561 420 614 αὖτῶν
474 559 548 622 εἷς
591 560 682 614 τὸν
725 558 954 626 πλησίον
1008 563 1156 636 ναὸν,
1187 562 1245 624 ὃς
1294 561 1464 632 δήπου
1491 565 1578 619 καὶ
1622 563 1912 621 ’Λπόλλω-

2002 565 2282 644 templum
2317 565 2581 641 ivissent,
2619 566 2776 646 quod
2804 574 2932 628 erat
2957 566 3278 646 Apollinis,
3313 566 3409 631 hic
3441 586 3644 630 comes

237 669 330 709 νος
378 646 474 726 ἧν,
529 650 555 702 ὁ
598 657 800 723 κόμης,
836 649 1020 723 Οὗτος,
1057 650 1156 730 ἔφη
1189 649 1354 716 δείξας
1388 653 1448 709 τὸ
1489 650 1728 730 ἄγαλμα,
1763 654 1911 716 οὗτος

2002 653 2161 734 dixit,
2195 655 2524 717 ostendens
2555 655 2874 734 imaginem
2915 674 2928 718 :
2965 659 3079 719 Hie
3134 667 3228 718 est
3256 656 3429 734 deus,
3467 675 3646 738 quem

239 739 301 791 ὃν
366 741 620 811 τιμῶμεν
681 739 835 799 Θεός·
891 741 1072 796 τοῦτον
1125 741 1508 820 ἱλεωσάμενος,
1575 745 1765 824 Ούρσε,
1825 745 1913 800 καὶ

2002 743 2248 804 colimus
2275 761 2288 806 :
2319 763 2454 805 cum
2488 763 2618 806 eum
2654 745 3004 825 placaveris,
3031 766 3064 807 ο
3093 747 3340 828 Thyrse,
3375 758 3436 810 et
3466 748 3648 808 obtu-

236 826 428 881 θυσίαν
488 829 887 904 προσενεγκὼν,
943 831 1161 907 φρουρά)
1222 851 1279 886 τε
1341 830 1552 912 ἀσφαλῆ
1612 831 1763 906 ἕξεις,
1823 835 1910 890 καὶ

2002 833 2138 893 leris
2167 834 2816 908 sacriﬁcium,validum
2843 834 3092 898 habebis
3113 826 3423 899 custodem
3459 847 3521 899 et
3542 836 3651 899 ali-

234 917 335 982 τὴν
416 921 528 970 τῶν
592 915 768 972 ἄλλων
826 920 956 974 θεῶν
1008 917 1280 996 κερδήσεις
1341 921 1637 995 ετὲμένειαν.
1715 923 1809 980 Καὶ
1883 924 1910 978 6

2002 939 2162 982 orum
2195 923 2442 984 deorum
2496 924 2730 1002 parabis
2780 924 2886 986 tibi
2918 925 3422 988 benevolentiam.
3478 927 3649 990 Mar-

237 1006 472 1084 Piptgﬁ
542 997 717 1084 ηομ,
781 1011 951 1086 φησι,
1000 1008 1116 1064 τίνα
1171 1030 1229 1065 τε
1285 1009 1532 1089 πρυσάξω
1574 1012 1776 1086 θυ³ί²νι
1823 1011 1914 1068 καὶ

2002 1019 2080 1091 tyr
2106 1020 2302 1073 autem
2344 1034 2357 1076 :
2390 997 2561 1087 Vide,
2598 1014 2817 1094 inquit,
2851 1015 3152 1096 quodnam
3184 1015 3430 1078 offeram
3461 1016 3650 1078 sacri—

234 1095 395 1157 ὅπως
454 1094 615 1150 αὐτὸν
646 1093 958 1169 ἰλεώσομαι.
1028 1099 1126 1154 Καὶ
1179 1096 1528 1177 προσχόντων
1572 1101 1714 1173 αὐτῷ
1767 1101 1908 1157 πάν-

2002 1101 2286 1172 iicium,et
2313 1093 2818 1184 quemadmodum
2851 1093 2987 1166 eum
3022 1104 3298 1186 placabo.
3333 1106 3480 1169 Cum
3507 1123 3644 1168 om-

233 1209 368 1259 των,
411 1186 487 1248 εἰς
554 1187 770 1260 οὐρανὸν
827 1185 1034 1249 ἐκεῖνος
1078 1201 1275 1266 χεῖρας
1326 1188 1436 1263 ἅμα
1481 1190 1566 1245 καὶ
1606 1187 1908 1269 ὀφθαλμοὺς

2002 1207 2102 1252 nes
2132 1209 2268 1252 vero
2299 1193 2360 1254 in
2394 1211 2527 1254 eum
2553 1193 2820 1255 animum
2855 1185 3275 1276 attendissent,
3299 1195 3402 1257 ille
3432 1212 3648 1258 manus

236 1276 534 1353 ἀνασχὼν,
570 1275 668 1340 τὴν
727 1273 928 1353 ἄφατον
971 1282 1064 1333 τοῦ
1110 1283 1242 1332 Θεοῦ
1299 1275 1515 1352 δύναμιν
1574 1277 1906 1342 ἐκκαλεῖται.

2002 1280 2172 1342 simul
2202 1289 2260 1342 et
2289 1282 2492 1344 oculos
2518 1283 2577 1343 in
2609 1282 2826 1344 cmlum
2862 1283 3082 1347 tollens
3106 1285 3214 1347 Dei
3235 1273 3512 1347 virtutem
3545 1285 3647 1347 in-

244 1367 341 1422 Καὶ
404 1365 640 1441 βροντῆς
672 1364 858 1442 ἀθρόον
923 1363 1366 1447 καταρραγείσης,
1401 1369 1428 1423 6
1479 1367 1568 1425 τοῦ
1621 1366 1908 1425 Ἀπόλλω-

2002 1381 2156 1432 roeat
2181 1371 2542 1434 ineffabilem
2569 1391 2582 1432 :
2623 1381 2682 1434 et
2717 1365 2852 1435 cum
2880 1374 3102 1436 tonitru
3124 1381 3376 1455 repente
3405 1375 3645 1456 erupis-

244 1478 328 1517 νος
363 1453 588 1531 ἀνδριας
621 1455 692 1520 εἰς
735 1460 837 1530 γῆν
890 1477 946 1511 τε
978 1455 1223 1513 πέπτωκε
1281 1458 1364 1513 καῖ
1409 1457 1482 1522 εἷς
1513 1458 1658 1514 κόνιν
1703 1457 1906 1522 ἐλύετο.

2002 1469 2108 1539 set,
2143 1460 2204 1520 in
2234 1469 2454 1522 terram
2485 1462 2704 1524 cecidit
2728 1471 2922 1525 statua
2946 1453 3265 1544 Apollinis,
3298 1471 3357 1526 et
3385 1453 3652 1528 resoluta

245 1545 633 1621 Ἐπιστραφεὶς
684 1545 856 1601 τοίνυν
915 1546 1046 1623 πρὸς
1104 1547 1226 1610 τοὺς
1280 1551 1637 1624 περιεστῶτας
1685 1550 1711 1604 6
1767 1549 1908 1626 μάρ-

2002 1549 2098 1610 luit
2129 1551 2190 1611 in
2225 1551 2512 1612 cinerem.
2575 1551 2913 1614 Conversus
2973 1571 3114 1631 ergo
3167 1562 3388 1634 martyr
3418 1553 3494 1616 ad
3545 1572 3649 1617 eos

243 1658 357 1708 τυς,
417 1624 633 1712 Ὀρᾶτε,
701 1635 882 1708 εἶπεν,
944 1634 1023 1691 ὅτι
1080 1634 1370 1710 πλάσματα
1435 1638 1596 1711 μόνον
1667 1639 1713 1694 οἱ
1784 1637 1911 1716 παρ’

2002 1639 2096 1719 qui
2119 1640 2644 1703 circumsistebant
2669 1662 2682 1701 :
2718 1624 3350 1725 Videte,inquit,quod
3381 1642 3483 1724 qui
3506 1651 3650 1706 sunt

241 1727 376 1796 ὑμῖν
434 1723 577 1797 θεοὶ,
625 1723 762 1800 μηδὲ
822 1723 987 1798 ψιλήν
1014 1746 1134 1782 τινα
1184 1733 1276 1783 τοῦ
1305 1724 1553 1792 ἀληθινοῦ
1597 1730 1729 1784 Θεοῦ
1770 1729 1908 1785 ὑπο-

2002 1729 2147 1807 apud
2177 1747 2280 1791 vos
2335 1730 2440 1801 dii,
2489 1739 2627 1792 sunt
2683 1732 2874 1792 solum
2907 1723 3222 1813 figmenta,
3251 1733 3352 1814 qui
3381 1723 3492 1796 nec
3524 1734 3650 1796 veri

241 1828 438 1886 μεῖναι
484 1811 676 1880 κλῆσιν
739 1812 1068 1889 δυνάμενοις
1119 1815 1252 1891 Πρὸς
1311 1822 1474 1872 ταῦτα
1522 1820 1685 1890 θυμου
1747 1818 1908 1874 πνεύ-

2002 1817 2097 1880 Dei
2134 1827 2380 1898 possunt
2406 1820 2496 1880 vel
2528 1823 2714 1882 solam
2750 1821 3058 1883 sustinere
3089 1811 3652 1887 invocationem.Ad

244 1927 342 1965 σας
411 1905 438 1958 6
471 1900 757 1981 Σιλϐανὸς,
795 1899 937 1980 Ἐγώ
987 1925 1080 1958 σου
1111 1906 1204 1968 τὰς
1249 1906 1520 1982 γοητείας,
1569 1905 1696 1984 ἔφη,
1728 1906 1908 1963 τέλεον

2002 1907 2118 1968 haec
2149 1907 2236 1968 ira
2267 1908 2667 1970 inﬂammatus
2695 1909 2985 1990 Sylvanus
3012 1929 3028 1971 :
3062 1909 3180 1990 Ego
3224 1919 3374 1986 tuas,
3426 1911 3647 1992 inquit,

240 1994 506 2072 ἐκτρίψας
570 1993 780 2071 ἀφανιῶ
840 1995 928 2050 οιαὶ
998 1992 1166 2068 δείξω,
1215 1997 1264 2052 τί
1322 2018 1405 2052 σοι
1463 1998 1522 2051 τὸ
1568 1996 1662 2054 ἀπ’
1737 2001 1908 2055 αὐτῶν

2002 1997 2321 2077 praestigias
2353 1998 2598 2059 omnino
2631 2007 2937 2061 conteram
2973 2006 3032 2061 et
3061 1998 3299 2074 delebo,
3335 2009 3398 2062 et
3428 2009 3637 2062 osten-

240 2084 465 2163 ὄφελος.
533 2084 630 2141 Καὶ
701 2082 887 2139 αὐτίκα
954 2083 1037 2141 εἴς
1103 2106 1152 2140 τι
1225 2086 1535 2164 μηχάνημα
1593 2084 1836 2153 σιδηροῦν
1881 2086 1908 2142 ὃ

2002 2087 2124 2148 dam
2159 2105 2432 2166 quaenam
2485 2088 2852 2168 percipiatur
2909 2105 2978 2149 ex
3032 2087 3120 2150 ei‘s
3147 2089 3394 2150 utilitas.
3429 2090 3644 2152 Conti-

243 2176 450 2252 ειέρτυς
497 2170 755 2239 ἐϐέϐλητο
804 2175 892 2230 καὶ
955 2172 1174 2253 σιδηροῖ
1232 2175 1415 2232 τοῦτον
1477 2174 1738 2241 διέξαινον
1782 2174 1908 2235 ὄνυ-

2002 2195 2110 2238 nuo
2142 2186 2340 2238 autem
2371 2176 2630 2256 injectus
2663 2185 2752 2240 est
2783 2184 3003 2259 martyr
3030 2177 3090 2239 in
3135 2177 3391 2240 ferream
3423 2198 3643 2260 quam-

241 2286 368 2343 χες,
406 2261 506 2320 καί
541 2263 654 2326 ἶνες
701 2263 800 2337 μὲν
861 2270 950 2321 τοῦ
1006 2268 1252 2339 σώματος
1296 2265 1638 2346 ἀπεσπῶντο,
1672 2268 1724 2323 αἱ
1775 2266 1910 2344 σαίρ-

2002 2265 2130 2328 dam
2167 2267 2528 2341 machinam,
2563 2276 2624 2328 et
2675 2286 2814 2330 eum
2863 2267 3007 2329 ferri
3054 2267 3476 2349 discerpebant
3505 2287 3650 2350 pec-

242 2377 330 2418 κες
393 2351 449 2408 δὲ
481 2354 560 2417 εἷς
621 2358 724 2430 γῆν
782 2367 1034 2431 συνεχεῖς
1077 2353 1376 2432 κατέρρεον·
1439 2361 1529 2410 τοῦ
1562 2352 1615 2411 δὲ
1666 2357 1723 2411 τὸ
1772 2355 1908 2434 πρό-

2002 2356 2175 2431 tines,
2239 2364 2296 2418 et
2347 2355 2759 2418 avellebantur
2816 2356 3061 2437 quidem
3126 2357 3294 2419 ﬁbrae
3343 2357 3644 2438 corporis,

241 2449 408 2520 θῦμον
454 2443 553 2499 οῦκ
607 2442 834 2520 ἐξέλυον,
871 2441 1008 2498 ἀλλὰ
1067 2444 1155 2500 καὶ
1200 2442 1361 2501 πλέον
1420 2443 1578 2501 αὐτοῦ
1607 2446 1696 2502 τὸν
1750 2445 1912 2515 ζῆλον

243 2536 337 2590 καί
370 2535 432 2589 τὸ
461 2534 657 2610 θερμὸν
690 2531 1015 2611 ἀνηρέθιζον.

329 2801 446 2865 ll".
513 2800 660 2858 Ἐπεὶ
720 2797 774 2855 δὲ
833 2799 1019 2858 λοιπὸν
1085 2800 1345 2859 ἐκλείπειν
1402 2802 1580 2877 ἐῴκει,
1643 2805 1732 2860 καὶ
1790 2800 1906 2860 οὐδὲ

247 2895 448 2969 μικρὸν
523 2889 899 2971 ῦπολελεϊφθαι
968 2893 1109 2964 αὒτῷ
1193 2895 1292 2960 τῆς
1379 2898 1521 2963 ζωῆς
1609 2893 1902 2970 ἐνομίζετο,

248 2983 472 3037 ἀνίεται
530 2979 618 3050 μὲν
669 2987 771 3035 τῶν
817 2981 1088 3060 βασάνων,
1151 2981 1633 3058 παραστησάμενος
1692 2981 1747 3035 δὲ
1805 2985 1907 3038 αὖ·

261 3073 368 3124 τὸν
427 3069 454 3122 6
498 3068 675 3141 κόμης.
713 3068 924 3148 Βούλει,
957 3072 1107 3148 φησὶ,
1144 3072 1229 3126 οιαὶ
1274 3073 1415 3135 αὖθις
1449 3083 1568 3132 ναῖς
1628 3070 1908 3148 προτέραις

267 3154 511 3230 ἐπῳδαῖς
573 3181 660 3216 σου
719 3162 805 3215 οιαὶ
885 3161 1156 3236 γοητείαις
1226 3162 1534 3239 χρήσασθαι
1605 3161 1742 3216 κατὰ
1806 3162 1911 3214 τῶν

248 3251 410 3327 θεῶν,
448 3247 536 3302 ἵνα
586 3271 667 3305 σοι
700 3251 786 3304 καὶ
844 3247 1110 3328 δευτέραις
1157 3250 1319 3306 πάλιν
1365 3252 1528 3326 ἡμεῖς
1563 3263 1686 3315 ταῖς
1745 3249 1910 3306 ἀποι-

239 3339 371 3398 ϐαῖς
423 3338 946 3416 ἀντιχαρισώμεθα;
1010 3338 1193 3396 Καίτοι
1236 3341 1295 3394 τὸ
1354 3345 1510 3414 σῶμα
1565 3337 1688 3394 ὅλον
1719 3340 1780 3395 τὸ
1821 3340 1913 3394 σὸν

236 3428 523 3484 ἀνάλωται
583 3443 706 3493 ταῖς
765 3429 1037 3504 βασάνοιςο
1087 3435 1276 3508 μικροῦ
1335 3427 1390 3484 δέ
1435 3451 1493 3486 σε
1550 3431 1638 3486 καὶ
1680 3431 1714 3496 ἡ
1757 3429 1912 3508 ψυχὴ

234 3517 581 3576 καταλείπω
647 3519 802 3584 αὐτὸς
856 3516 935 3598 δὲ,
967 3519 1026 3574 ὃν
1077 3517 1206 3589 σέϐή
1251 3521 1336 3576 καὶ
1386 3521 1578 3596 βοηθὸν
1623 3521 1762 3576 εἶναι
1818 3542 1911 3577 σου

238 3608 454 3688 λέγεις,
492 3609 628 3672 Θεὸς
689 3618 793 3667 ποῦ
829 3625 845 3683 ;
893 3608 1060 3667 Ἀλλὰ
1103 3609 1266 3689 μέχρι
1323 3609 1464 3673 τίνος
1495 3608 1758 3686 ἐπιμένων
1813 3609 1910 3686 ἔσῃ

237 3715 364 3762 τοῖς
428 3700 720 3768 ἆνσινήτοις
765 3701 852 3755 καὶ
913 3701 969 3755 τὸ
1027 3701 1292 3779 συμφέρον
1334 3701 1436 3778 πρὸ
1466 3699 1572 3755 τῶν
1629 3697 1912 3778 ὀφθαλμῶν

237 3811 322 3846 σοι
392 3790 641 3864 κείμενον
683 3790 744 3845 οὗ
803 3788 1011 3865 (ierim;
1065 3789 1162 3846 Καὶ
1221 3791 1248 3844 ὁ
1311 3789 1531 3867 μάρτυς,
1566 3788 1625 3846 Τί
1683 3786 1784 3862 δαὶ,
1820 3790 1914 3845 οὒκ

239 3881 497 3956 αἰσθάνῃ,
551 3879 700 3958 φησὶ,
735 3883 834 3946 τῆς
897 3880 952 3933 ἐν
1009 3877 1126 3952 ἐμοὶ
1181 3878 1273 3934 τοῦ
1328 3885 1552 3957 Χριστοῦ
1613 3876 1908 3954 δυνάμεως,

237 3967 619 4036 ἐπιδηλότατά
669 3988 760 4043 μοι
827 3968 1224 4046 παρισταμένης
1285 3969 1369 4024 καὶ
1427 3970 1556 4046 πρὸς
1629 3967 1913 4047 ἐπαγωγὰς

240 4060 508 4121 ταιαύτας
589 4058 980 4137 ἐνισχυούσης;
1043 4060 1160 4123 Πῶς
1228 4059 1326 4135 γὰρ
1383 4057 1445 4112 ἂν
1515 4056 1708 4137 γεῶδες
1779 4056 1916 4114 οὕτω

239 4156 411 4225 σῶμα
456 4149 554 4205 καί
603 4148 814 4214 ἀσθενὲς
844 4149 1024 4204 ἱκανὸν
1081 4152 1147 4216 ῆν
1205 4144 1550 4215 τηλικαύταις
1611 4149 1914 4204 ἀντιπεσεϊν

241 4236 628 4320 χαλεπότησι,
664 4238 737 4313 μὴ
801 4243 898 4305 τῆς
943 4234 1139 4295 ἄνωθεν
1198 4241 1339 4311 αὒτῷ
1381 4238 1549 4314 ῥοπῆς
1599 4235 1916 4303 ἐπιϐοηθού-

245 4352 346 4397 tm:
391 4349 409 4403 ;
470 4320 568 4392 Ὠς
615 4328 702 4385 οὖν
745 4325 975 4408 ἀκριϐῶς
1029 4326 1178 4393 εἰδὼς
1238 4327 1318 4384 ὅτι
1377 4351 1467 4404 μοι
1511 4329 1835 4404 ἀμετάθετος
1879 4329 1912 4396 ἡ

243 4419 542 4498 ὁμολογία,
575 4420 670 4475 καὶ
720 4419 787 4474 τὰ
832 4420 933 4485 τῆς
978 4422 1198 4495 γνώμης
1245 4422 1339 4477 οὐκ
1366 4418 1451 4494 ἂν,
1499 4418 1553 4475 εἴ
1596 4440 1646 4474 τι
1691 4418 1784 4474 καί
1815 4418 1912 4495 γέ-

238 4533 422 4585 νοιτο,
459 4506 788 4588 μεταϐάλοι,
836 4511 898 4564 το
958 4509 1096 4566 κατὰ
1159 4515 1278 4564 νοῦν
1333 4508 1496 4584 ποίει,
1537 4511 1624 4566 καὶ
1683 4506 1910 4584 μηδενὸς

1996 2464 2206 2507 carnes
2264 2464 2402 2508 vero
2453 2447 2751 2508 continuae
2806 2446 3157 2508 deﬂuebant
3211 2448 3271 2508 in
3346 2454 3566 2510 terram
3631 2469 3649 2510 :

1997 2543 2336 2616 promptum
2387 2544 2584 2596 autem
2631 2543 2690 2597 et
2748 2535 2946 2607 alacre
2977 2536 3109 2615 ejus
3157 2535 3341 2598 animi
3387 2536 3652 2599 studium

1989 2644 2110 2686 non
2141 2625 2564 2703 dissolvebant,
2602 2625 2709 2688 sed
2739 2625 2870 2705 ejus
2901 2625 3094 2688 zelum
3124 2633 3183 2688 et
3217 2625 3496 2690 ardorem
3519 2645 3644 2690 ma-

1989 2715 2080 2794 gis
2111 2715 2446 2777 irritabant.

2072 2803 2224 2866 XIII.
2261 2803 2553 2876 Quoniam
2593 2812 2790 2868 autem
2817 2804 2975 2867 visus
3007 2815 3136 2869 erat
3164 2805 3448 2886 deiicere,
3484 2815 3544 2869 et
3569 2825 3648 2869 ne

1995 2893 2306 2954 minimum
2325 2894 2570 2973 quidem
2585 2897 2785 2956 vitaeet
2803 2895 3156 2957 videbantur
3170 2912 3305 2956 esse
3323 2895 3646 2977 reliquum,

1992 2982 2292 3044 relaxatur
2319 2984 2558 3062 quidem
2616 3002 2648 3044 e
2684 2982 2994 3044 tormentis
3030 3005 3043 3048 :
3107 3003 3243 3046 cum
3278 3002 3414 3046 eum
3447 2993 3650 3046 autem

1993 3072 2322 3132 sistendum
2358 3081 2625 3135 curasset
2646 3090 2882 3134 comes:
2919 3072 3048 3149 Vis,
3082 3073 3299 3153 inquit,
3327 3091 3536 3135 rursus
3568 3074 3651 3135 uti

1997 3160 2296 3242 prioribus
2328 3162 2444 3223 tuis
2480 3161 2989 3225 incantationibus
3021 3169 3080 3224 et
3113 3161 3422 3228 maleﬁciis
3443 3170 3652 3225 contra

1997 3251 2162 3327 deos,
2199 3261 2261 3312 ut
2290 3251 2396 3313 tibi
2453 3271 2692 3332 quoque
2742 3270 2951 3314 rursus
3002 3251 3325 3331 largiamur
3353 3252 3651 3315 secundas

1997 3341 2560 3403 remunerationes?
2591 3342 2777 3422 Atqui
2827 3350 3020 3404 totum
3073 3348 3242 3402 tuum
3270 3359 3488 3421 corpus
3524 3349 3649 3404 tor-

1997 3432 2214 3493 mentis
2241 3438 2335 3494 est
2363 3442 2786 3511 consumptum
2826 3452 2839 3491 :
2894 3430 3335 3512 propemodum
3364 3449 3502 3493 vero
3541 3430 3651 3494 tibi

1995 3540 2234 3602 quoque
2261 3521 2464 3584 deﬁcit
2493 3521 2856 3602 animaJpse
2897 3529 3120 3596 autem,
3169 3539 3348 3603 quem
3379 3521 3554 3597 colis,
3590 3529 3653 3583 et

1995 3629 2170 3692 quem
2197 3619 2360 3672 tuum
2394 3611 2546 3673 dicis
2574 3611 2907 3690 adjutorem
2944 3629 3076 3672 esse
3110 3612 3323 3687 Deum,
3359 3610 3463 3672 ubi
3511 3609 3654 3671 est?

1995 3698 2112 3762 Sed
2141 3700 2402 3780 quandiu
2436 3699 2850 3781 perseverabis
2872 3698 2933 3760 in
2965 3700 3039 3761 iis
3061 3717 3194 3779 qua:
3225 3707 3364 3760 sunt
3394 3699 3651 3770 inutilia.

1997 3798 2204 3850 etnon
2234 3789 2464 3850 videbis
2522 3789 2686 3862 utile,
2722 3788 2880 3870 quod
2942 3795 3034 3850 est
3089 3788 3462 3868 propositum
3512 3797 3654 3850 ante

1997 3877 2253 3939 oculos?
2309 3880 2532 3955 Martyr
2584 3896 2772 3940 vero:
2827 3877 2975 3950 Quid
3037 3896 3156 3938 non
3186 3877 3397 3951 sentis,
3435 3877 3649 3958 inquit,

1996 3969 2242 4042 Christi,
2275 3985 2406 4048 qua:
2437 3975 2527 4028 est
2558 3968 2616 4027 in
2647 3986 2764 4047 me,
2799 3968 3098 4041 virtutem,
3134 3985 3267 4047 quae
3295 3966 3444 4029 mihi
3475 3969 3648 4029 adest

2001 4055 2516 4137 manifestissime,
2551 4065 2612 4118 et
2636 4075 2734 4116 me
2765 4056 3055 4117 adversus
3083 4056 3190 4116 hos
3212 4057 3472 4118 insultus
3502 4074 3654 4118 con-

1999 4147 2240 4209 ﬁrmat?
2267 4146 2576 4219 Quomodo
2609 4145 2771 4207 enim
2805 4162 3022 4224 corpus
3069 4153 3374 4205 terrenum
3409 4154 3466 4206 et
3498 4146 3654 4208 adeo

2001 4235 2396 4311 imbecillum,
2453 4245 2650 4315 posset
2707 4234 2917 4296 talibus
2970 4232 3250 4295 resistere
3310 4236 3650 4310 tormentis,

1999 4327 2048 4388 si
2111 4345 2230 4388 non
2285 4324 2340 4388 ei
2390 4342 2649 4404 superne
2708 4323 2976 4384 divinum
3027 4322 3272 4384 daretur
3319 4322 3656 4387 auxilium?

1997 4416 2068 4478 Ut
2098 4415 2200 4498 qui
2225 4433 2365 4494 ergo
2395 4423 2559 4476 certe
2617 4414 2772 4475 scias
2815 4431 2949 4475 esse
3010 4411 3450 4474 immutabilem
3505 4411 3658 4475 mihi

1998 4506 2461 4585 confessionem,
2494 4513 2551 4566 et
2586 4503 2746 4566 nulla
2777 4503 3009 4565 ratione
3059 4520 3256 4564 meum
3308 4519 3482 4582 posse
3522 4504 3658 4565 ani-

237 4600 507 4680 ἀπόσχου
564 4600 672 4656 τῶν
727 4597 1080 4677 δεδογμένων.
1135 4599 1264 4657 Τότε
1308 4595 1508 4665 λέϐητα
1567 4600 1776 4678 μεγέθει
1814 4597 1913 4674 μέ-

2002 4615 2163 4657 mum
2213 4592 2504 4674 converti,
2541 4594 2632 4655 fac
2665 4593 2824 4673 quod
2860 4590 2967 4653 tibi
3001 4591 3208 4680 visum,
3246 4590 3451 4665 fuerit,
3513 4600 3573 4652 et
3623 4609 3660 4654 a

236 4713 438 4768 γιστον
497 4687 903 4764 διακομισθῆναι
962 4686 1216 4752 κελεύσας
1246 4691 1272 4744 ὁ
1329 4686 1610 4768 Σιλϐανδς,
1646 4690 1734 4746 καὶ
1790 4695 1918 4744 τοῦ-

239 4803 338 4838 τον
419 4779 526 4855 μὲν
581 4777 770 4844 ὕδατος
854 4777 1146 4856 πληρώσας
1224 4778 1312 4834 καὶ
1394 4779 1628 4857 ἰσχυρῶς
1697 4778 1917 4852 καύσας,

237 4870 506 4950 σχοινίον
558 4865 614 4923 δὲ
657 4875 763 4924 τῶν
806 4875 899 4924 τοῦ
949 4867 1148 4946 Θύρσου
1197 4863 1375 4923 ποδῶν
1432 4865 1682 4942 ἐκδήσας,
1731 4867 1923 4934 καθίη-

235 4985 328 5018 σιι
401 4960 566 5017 αὐτὸν
619 4960 753 5016 κατὰ
806 4957 1067 5038 κεφαλήν.
1127 4950 1184 5015 Ὀ
1227 4955 1296 5032 δ’,
1329 4961 1382 5013 ἐν
1440 4959 1663 5032 τοιούτῳ
1708 4955 1924 5028 κινδύνῳ

235 5051 510 5131 ληφθεὶς,
547 5049 644 5106 οὒκ
685 5048 874 5127 ἠπόρει
931 5059 1024 5108 τοῦ
1085 5049 1468 5124 βοηθήσοντος.
1529 5046 1680 5104 Ἀλλ’
1741 5050 1769 5104 ὁ
1827 5046 1924 5122 μὲν

237 5141 443 5199 ἐκάλει
491 5141 740 5219 Χριστὸν,
773 5139 902 5215 ὑπέρ
962 5139 1022 5195 οὗ
1075 5145 1238 5196 ταῦτα
1293 5140 1382 5194 καὶ
1426 5142 1659 5217 πάσχειν
1719 5137 1924 5193 εἵλετο·

232 5235 264 5288 ὁ
339 5228 520 5298 λέϐης
578 5228 633 5284 δὲ
693 5231 876 5285 αὐτίκα
931 5225 1239 5306 ἐρρήγνυτο,
1272 5230 1361 5286 καὶ
1416 5229 1476 5284 τὸ
1526 5226 1660 5305 ὕδωρ
1712 5226 1923 5306 ἐχεῖτο,

231 5324 330 5378 καὶ
404 5316 648 5385 ἀϐλαϐὴς
722 5321 750 5373 6
801 5317 1000 5396 μάρτυς
1072 5317 1318 5388 ἐσώζετο,
1378 5319 1441 5374 Ὃ
1510 5315 1764 5383 δικαστὴς
1835 5316 1923 5372 οὖν

229 5411 396 5469 οὕτω
438 5414 684 5491 φανερῶς
717 5409 818 5464 ὑπὸ
867 5419 986 5471 τοῖς
1048 5406 1296 5464 ἁπάντων
1335 5406 1632 5487 ὀφθαλμοῖς
1691 5407 1919 5486 αἰσχυν-

227 5505 383 5580 θεὶς,
440 5496 834 5578 σοϐαρωτέροις
879 5495 1031 5574 δῂθεν
1073 5497 1172 5565 τὴν
1219 5499 1480 5578 αἰσχύνην
1535 5496 1920 5575 περιεκάλυπτε

226 5593 483 5671 ῥήμασι,
535 5589 684 5648 Κατὰ
725 5594 922 5645 σαυτοῦ
977 5586 1266 5668 κέχρησαι,
1323 5586 1517 5666 λέγων,
1555 5587 1745 5665 Θύρσε,
1793 5600 1918 5651 ταῖς

227 5683 554 5764 γοητείαις.
620 5676 770 5754 ”Οσῳ
823 5678 926 5758 γὰρ
990 5675 1051 5734 ἂν
1114 5675 1522 5759 ἂντιτεχνᾶσθαι
1587 5673 1911 5759 σπουδᾶζῃς,

527 5878 530 5881 .
591 5828 860 5895 Parnm“
906 5827 1022 5893 Gn.
1066 5829 1274 5895 CXVI.

2005 4686 2167 4748 nullo
2197 4683 2431 4746 abstine
2461 4702 2670 4746 eorum
2704 4701 2838 4764 qua:
2861 4679 3341 4744 statuerisTunc
3371 4699 3505 4742 cum
3524 4683 3658 4760 jus-

2006 4775 2184 4837 sisset
2214 4774 2500 4854 Sylvanus
2535 4775 2855 4835 maximum
2887 4771 3087 4834 afferri
3119 4771 3408 4845 lebetem,
3441 4777 3500 4832 et
3522 4789 3659 4834 eum

2009 4865 2252 4946 quidem
2284 4882 2438 4944 aqua
2468 4865 2862 4944 implevisset,
2899 4869 2958 4922 et
3005 4860 3395 4923 vehementer
3441 4859 3662 4923 bullire

2008 4955 2316 5034 fecisset,e
2346 4953 2558 5033 Thyrsi
2591 4961 2786 5015 autem
2817 4950 3072 5032 pedibus
3104 4951 3309 5012 funem
3332 4948 3659 5026 alligasset,

2010 5064 2143 5109 eum
2179 5043 2425 5106 demisit
2479 5042 2695 5122 capite.
2731 5042 2836 5104 llle
2873 5058 3012 5101 vere
3042 5058 3117 5101 ne
3149 5045 3208 5100 in
3265 5039 3368 5100 tali
3416 5040 3663 5119 quidem

2009 5135 2280 5218 periculo
2313 5131 2859 5212 constitutus,eguit
2884 5130 3225 5191 defensore.
3251 5127 3368 5190 Sed
3393 5128 3497 5191 ille
3525 5130 3662 5210 qui-

2012 5226 2151 5288 dem
2188 5223 2486 5288 Christum
2517 5222 2972 5302 invocahat,pro
3004 5239 3119 5301 quo
3157 5219 3284 5281 haec
3313 5226 3427 5299 pati
3460 5220 3664 5298 elege-

2005 5326 2098 5377 rat
2127 5332 2143 5390 ;
2199 5312 2366 5375 lebes
2395 5320 2588 5375 autem
2621 5311 2894 5392 protinus
2926 5316 3017 5371 est
3043 5308 3375 5388 disruptus,
3428 5315 3487 5370 et
3510 5325 3670 5386 aqua

2008 5414 2096 5467 est
2119 5403 2326 5478 effusa,
2358 5412 2416 5464 et
2441 5402 2663 5464 illatsus
2697 5406 3090 5462 conservatus
3109 5397 3224 5460 fuit
3255 5406 3494 5476 martyr.
3531 5401 3668 5459 Por-

2004 5513 2076 5556 ro
2107 5501 2310 5564 autem
2338 5491 2523 5572 judex
2562 5501 2678 5553 tam
2739 5497 2948 5571 aperte
3007 5487 3347 5551 videntibus
3395 5486 3672 5548 omnibus

2003 5583 2232 5666 pudore
2260 5582 2538 5658 allectus,
2569 5577 3098 5660 arrogantioribus
3127 5578 3331 5658 utique
3365 5585 3426 5639 et
3454 5592 3670 5666 super-

2001 5665 2272 5738 bioribus
2299 5672 2504 5737 verbis
2533 5671 2774 5751 tegebat
2804 5670 3073 5734 dedecus
3103 5690 3117 5733 :
3151 5667 3216 5730 In
3260 5668 3538 5747 teipsum,
3571 5665 3656 5727 di-

3207 5813 3278 5877 l7
