4132 6416
467 313 588 383 523

1789 317 2072 385 MENSIS
2113 310 2543 382 DECEMBEB.

3739 306 3855 374 524

467 470 638 529 cens,
670 472 706 515 ο
736 452 984 535 Thyrse,
1019 452 1212 518 uteris
1243 453 1566 537 praestigiis
1595 460 1654 518 et
1693 453 2113 517 incantationi-

2202 455 2329 532 ἐμοὶ
2404 454 2504 530 μὲν
2556 452 2774 510 πλείονα
2848 453 2938 508 τὸν
2985 450 3149 528 θυμὸν
3216 449 3492 525 ἀνάπτεις,
3555 452 3733 522 σαυτῷ
3801 445 3855 505 δὲ

470 542 605 607 bus.
642 540 792 606 Nam
822 562 940 625 quo
973 546 1159 624 magis
1189 551 1396 607 contra
1452 543 1676 625 aliquid
1729 543 2115 623 machinaris,

468 632 616 696 mihi
647 633 889 715 quidem
951 633 1101 697 iram
1156 639 1340 714 magis
1396 634 1677 696 accendis
1718 650 1731 693 :
1768 635 1827 695 in
1861 634 2116 714 teipsum

464 738 610 787 vero
641 723 955 787 acerbiora
984 741 1295 806 comparas
1324 723 1640 806 supplicia.

545 812 706 878 XIV.
739 814 859 879 Sed
895 823 1034 878 tunc
1063 813 1306 897 quidem
1363 833 1501 877 cum
1559 822 1718 877 esset
1774 815 1903 878 aliis
1955 813 2120 875 curis

467 910 812 986 occupatus,
851 911 1165 985 martyrem
1220 922 1430 967 rursus
1458 903 1637 966 tradit
1665 904 1727 965 in
1760 903 2116 967 custodiam.

463 995 680 1058 Postea
714 1003 911 1058 autem
943 1013 1076 1057 cum
1129 995 1454 1076 Apameam
1510 994 1872 1058 maritimam
1906 1013 2109 1076 quam.

470 1083 605 1147 dum
639 1084 937 1148 civitatem
971 1103 1107 1147 cum
1139 1084 1299 1147 illius
1346 1084 1464 1147 loci
1498 1083 1752 1166 praeside
1782 1092 1942 1147 esset
1974 1102 2116 1165 pro—

464 1173 757 1252 fecturus,
801 1174 1061 1237 vinculis
1091 1173 1318 1255 Thyrso
1348 1173 1607 1254 injectis,
1640 1172 1813 1253 jubet
1843 1192 1978 1235 eum
2013 1192 2122 1254 per

468 1281 594 1340 eos,
628 1265 729 1347 qui
756 1264 955 1347 ipsum
987 1264 1583 1347 sequebantur,pone
1611 1262 1943 1328 trahi.Cum
1980 1281 2119 1326 vero

467 1372 591 1417 non
618 1355 825 1436 procul
854 1362 1058 1418 essent
1102 1372 1138 1416 a
1169 1352 1430 1436 civitate,
1486 1352 1805 1415 arbitratus
1834 1352 2116 1434 Sylvanns

464 1444 728 1526 primum
756 1444 1001 1526 quidem
1030 1452 1207 1527 turpe
1248 1462 1380 1507 esse
1429 1461 1567 1507 eum
1623 1442 2113 1518 circumducere;

469 1534 690 1597 deinde
719 1535 903 1598 etiam
936 1542 994 1598 et
1023 1534 1396 1597 vinculorum
1431 1540 1492 1596 et
1521 1533 1711 1612 longa:
1742 1532 1850 1594 viae
1874 1549 2114 1612 perpes-

466 1624 724 1695 sionem,
760 1624 999 1707 pietatis
1046 1623 1440 1688 constantiam
1490 1622 1789 1686 relaxasse
1848 1620 2114 1702 martyri,

468 1713 648 1777 aliam
678 1732 891 1778 rursus
925 1714 980 1777 ei
1008 1713 1255 1778 adhibet
1307 1711 1805 1794 periclitationom
1841 1733 1855 1776 :
1888 1721 1948 1773 et
1979 1729 2114 1773 cum

2204 544 2519 626 πικροτέρας
2551 543 2960 614 κατασκευάζεις
3005 543 3099 606 τὰς
3130 540 3409 620 τιμωρίας,

2285 652 2403 714 ΙΔ¹,
2452 650 2599 707 Αλλὰ
2629 650 2750 707 τότε
2811 653 2908 725 μὲν
2953 648 3159 727 ἑτέραις
3191 649 3455 728 φροντίσιν
3513 643 3856 725 ἀσχοληθεὶς,

2202 740 2413 820 φυλακῇ
2499 742 2549 798 αὶ
2596 743 2739 803 αὗθις
2798 745 2890 796 τὸν
2948 740 3184 818 μάρτυρα
3242 735 3438 794 δίδωσι.
3504 736 3649 792 Μετὰ
3698 745 3863 793 ταῦτα

2196 824 2257 886 δὲ
2315 832 2451 907 πρὸς
2511 828 2808 904 Ἀπάμειαν
2878 827 3036 885 πόλιν
3080 828 3198 884 τινὰ
3258 824 3679 883 ἓπίθαλαττίδιον
3749 823 3864 899 ἆίμα

2201 921 2277 994 τῷ
2337 919 2420 977 ἐπὶ
2482 926 2574 976 τιιῦ
2626 920 2792 977 τόπιιυ
2835 916 3057 998 ἄρχοντι
3104 915 3315 994 μέλλων
3378 915 3641 994 ἀπαίρειν,
3694 911 3865 987 δεσμὰ

2200 1016 2277 1082 τῷ
2340 1008 2522 1087 Θύρσῳ
2581 1005 2907 1087 περιϐαλὼν,
2974 1006 3179 1063 κελεύει
3231 1003 3315 1061 διὰ
3358 1011 3463 1061 τῶν
3519 1002 3863 1084 ἐφεπομένων

2201 1098 2416 1155 ὄπισθεν
2474 1096 2741 1158 ἕλκεσθαι.
2803 1095 2954 1153 Ἐπεὶ
3013 1095 3067 1151 δὲ
3098 1095 3176 1170 μη
3222 1093 3401 1173 πόῤῥω
3451 1091 3555 1161 ἤδη
3598 1093 3697 1159 τῆς
3752 1091 3863 1148 πύ-

2202 1186 2340 1252 λεως
2384 1187 2551 1260 ὦσαν,
2586 1186 2807 1262 νομίσας
2865 1186 2894 1241 ὁ
2946 1182 3207 1248 Σιλϐανὸς
3239 1190 3421 1260 πρῶτα
3447 1182 3546 1259 μὲν
3591 1186 3688 1249 τὴν
3736 1181 3860 1237 ἅτι-

2202 1298 2303 1352 μον
2345 1277 2714 1355 περιαγωγὴν,
2762 1272 2945 1331 ἔπειτα
2990 1271 3045 1329 δὲ
3090 1275 3178 1331 καὶ
3219 1276 3319 1341 τὴν
3377 1272 3436 1328 ἐκ
3474 1271 3570 1340 τῆς
3622 1270 3744 1329 ὁδοῦ
3798 1292 3862 1327 τε

2200 1368 2288 1423 καὶ
2343 1373 2450 1423 τῶν
2503 1362 2713 1441 δεσμῶν
2770 1362 3127 1420 κακοπάθειαν
3187 1364 3466 1419 ὑπανεῖναι
3522 1362 3664 1418 αὖτῶ
3717 1361 3862 1439 πάρ-

2201 1452 2313 1534 τυρι
2356 1457 2448 1512 τὸν
2506 1455 2657 1513 τόνον
2714 1459 2812 1521 τῆς
2857 1449 3148 1527 εὐσεϐείας,
3181 1465 3371 1532 πεῖραν
3429 1453 3572 1526 αὖτῷ
3616 1452 3701 1508 καὶ
3748 1452 3864 1511 πά-

2199 1544 2283 1601 λιν
2340 1544 2523 1623 ἑτέραν
2580 1545 2861 1622 προσάγει,
2913 1544 2997 1599 καὶ
3053 1542 3152 1611 τὴν
3207 1542 3421 1620 πορείαν
3495 1542 3682 1617 μικρὸν
3733 1541 3867 1597 ἔπι-

2201 1636 2352 1716 σχὼν
2409 1635 2731 1714 παρίστησιν
2788 1630 2879 1690 ὑπ’
2954 1631 3077 1707 ὄψιν
3134 1636 3276 1705 αύτῷ
3346 1632 3437 1688 τὸν
3507 1631 3726 1711 Θύρσον,
3774 1631 3870 1687 καὶ

2203 1722 2288 1781 ’Ἦ
2340 1725 2540 1802 θύσειν,
2574 1721 2774 1801 ἔλεγεν,
2811 1723 2950 1802 εἰπὲ,
2984 1725 3019 1790 ἢ
3084 1729 3177 1778 τοῦ
3232 1727 3326 1798 ζῇν
3363 1720 3555 1785 ἀθλίως
3613 1718 3869 1777 ἀπαλλα-

470 1802 797 1893 ingressum
818 1803 1119 1877 paululum
1143 1801 1796 1893 sustinu_isset_,perducit
1826 1803 2113 1893 Thyrsum

2202 1815 2373 1893 γήσῃ.
2431 1813 2535 1871 Τοῦ
2592 1811 2647 1869 δὲ
2693 1810 2789 1870 καί
2833 1801 3031 1878 ταύτην
3088 1809 3371 1868 ἀκόλουθον
3426 1832 3524 1877 την
3583 1808 3871 1888 ἂιποκρισιν

466 1885 531 1948 in
559 1904 731 1949 suum
757 1894 1237 1968 conspectum,et
1258 1886 1443 1949 dixit:
1471 1885 1583 1981 νει
1612 1884 1710 1981 di_c
1733 1892 1788 1946 te
1810 1883 2113 1981 sacriﬁca-

2203 1883 2334 1968 ταῖς
2382 1900 2772 1981 προλαϐούσαις
2845 1899 3232 1977 ποιησαμένου,
3295 1898 3610 1961 ἕπειπόντος
3671 1883 3736 1955 δὲ-
3768 1901 3867 1956 καὶ

475 1986 695 2057 turum,
730 1981 821 2044 vel
855 2000 889 2044 a
917 1982 1031 2045 vita
1062 1982 1283 2045 misere
1341 1978 1619 2042 excedas.
1657 1977 1801 2041 Cum
1832 1977 1884 2039 is
1914 1986 2113 2040 autem

2204 1992 2280 2050 ἔτι
2314 1977 2527 2049 Μᾶλλον
2585 1992 2746 2067 ὑμεῖς
2792 1991 2915 2046 ὅσον
2947 1998 3096 2048 οὔπω
3154 1991 3248 2053 τας
3280 1991 3461 2068 ψυχὰς
3506 1988 3861 2067 ἀποῤῥήξετε,

465 2068 770 2150 prioribus
796 2089 1175 2153 consequens
1206 2068 1474 2133 dedisset
1493 2086 1876 2151 responsum,
1899 2070 2113 2149 quine-

2200 2083 2270 2147 εἷς
2343 2083 2555 2157 μείζονα
2616 2081 2707 2136 τὸν
2749 2082 2913 2154 θυμὸν
2971 2081 3116 2136 αὐτοὶ
3174 2077 3526 2157 διηγείροντο,
3586 2080 3674 2135 καὶ
3736 2100 3865 2134 συν-

462 2157 606 2221 tiam
659 2160 1066 2243 subjunxisset
1098 2179 1114 2221 :
1163 2162 1288 2223 lmo
1318 2177 1459 2222 vero
1490 2166 1703 2249 vestrae
1736 2174 1884 2249 mox_
1904 2176 2108 2249 erum-

2200 2173 2410 2229 ἐπεσθαι
2456 2172 2591 2246 μετὰ
2643 2170 2869 2248 πλῆγῶν
2921 2171 3061 2234 αὖθις
3125 2168 3283 2249 ἄχρις
3345 2170 3637 2245 Ἀπαμείας
3696 2168 3866 2224 αὖτὸν

463 2256 611 2339 pent
636 2251 956 2328 animm,ad
977 2251 1265 2332 majorem
1298 2254 1447 2312 iram
1468 2248 1581 2330 ipsi
1606 2256 1742 2310 sunt
1770 2246 2018 2328 incitati,
2052 2256 2110 2311 et

2200 2261 2515 2318 κελεύουσιν
2578 2246 2791 2318 Ἐκεϊσε
2846 2259 2900 2316 δὲ
2955 2246 3451 2336 αὐταϊςήγοητείαις
3523 2257 3853 2339 ἀπεῤῥίφθω,

458 2337 676 2432 jubent
703 2360 839 2403 eum
899 2359 1033 2405 cum
1093 2340 1280 2432 plagis
1338 2338 1857 2432 trahi-Apameam
1889 2356 2106 2432 usque.

2200 2352 2341 2432 ιρησί,
2390 2351 2525 2408 κατὰ
2579 2355 2678 2418 τῆς
2757 2348 3047 2429 θαλάττης,
3082 2350 3134 2405 ἐν
3191 2350 3227 2425 ᾗ
3297 2356 3474 2413 κακῶς
3533 2337 3854 2423 ἀπολεῖται,

459 2426 592 2491 Illic
611 2448 750 2493 vero
781 2449 915 2494 cum
946 2430 1286 2513 suis,aiunt,
1318 2428 1634 2520 praestigiis
1658 2428 1719 2490 in
1744 2446 1907 2490 mare
1925 2428 2111 2520 jacia-

2200 2426 2331 2516 undi
2391 2445 2563 2520 ταφῆς
2624 2446 2748 2518 γοῦν
2820 2462 2961 2506 τινος
3026 2426 3162 2515 μετὰ
3215 2440 3439 2496 θάνατον
3510 2437 3853 2513 ἀξιούμενος,

461 2525 564 2581 tur
595 2541 609 2578 :
643 2522 707 2582 in
736 2541 854 2604 quo
885 2522 1076 2585 malus
1108 2522 1261 2584 male
1293 2518 1531 2603 peribit,
1567 2526 1626 2581 et
1672 2537 1783 2580 nec
1832 2518 2101 2609 sepultu-

2200 2529 2352 2589 Οὔπω
2420 2518 2551 2609 πρὸς
2604 2530 2703 2597 τὴν
2753 2527 2909 2587 πόλιν
2970 2530 3128 2605 ἦσαν,
3190 2529 3277 2585 καὶ
3356 2531 3390 2597 ἡ
3446 2537 3538 2588 τοῦ
3586 2526 3856 2605 μάρτυρος

462 2626 590 2670 ram
620 2611 861 2691 quidem
893 2620 1298 2693 consequetur
1330 2618 1462 2693 post
1519 2616 1797 2672 mortem.
1831 2606 2106 2699 Nondum

2200 2618 2423 2685 ἑξέϐαινε
2464 2606 2808 2699 ’πρόῤῥησιᾳ
2906 2617 3163 2685 Σιλϐανὸς
3251 2618 3347 2694 μὲν
3422 2619 3522 2697 γὰρ
3608 2619 3857 2696 παρεθεὶς

466 2712 864 2789 pervenerant
893 2701 954 2763 in
985 2703 1302 2783 civitatem,
1336 2709 1394 2763 et
1422 2699 1695 2780 martyris
1740 2697 1939 2789 evenit
1963 2717 2113 2778 prae-

2200 2710 2382 2789 ἆθρόον
2441 2697 2547 2766 τάν
2592 2707 2756 2788 μέλη,
2836 2707 3187 2788 Κουμϐρίκιος
3263 2706 3314 2763 δὲ
3395 2709 3603 2787 πυρετῷ
3675 2705 3860 2786 λάϐρῳ

465 2786 671 2878 dictio.
703 2792 853 2854 Nam
903 2792 1185 2872 Sylvanus
1212 2790 1453 2872 quidem
1485 2795 1735 2868 repente
1774 2787 1884 2850 fuit
1917 2807 2110 2850 mem-

2200 2786 2437 2878 ληιρθεὶς,
2501 2786 2751 2860 ἐλεεινῶς.
2805 2798 2967 2877 ἄμφω
3016 2786 3107 2854 τὸν
3156 2798 3267 2875 βίον
3325 2786 3630 2875 τεταρταῖοι
3690 2818 3859 2853 κατε-

466 2875 592 2940 bris
615 2879 888 2959 solutus;
920 2880 1295 2945 Cumbricius
1350 2887 1546 2942 autem
1578 2878 1916 2941 vehementi
1946 2878 2113 2940 febre

2200 2875 2381 2948 λυσαν.
2445 2888 2521 2945 Τὰ
2552 2887 2776 2963 σώματα
2828 2875 3085 2943 δὲ-αὒτῶν
3144 2890 3302 2966 λόγος
3353 2886 3470 2967 ἔχει
3500 2888 3598 2954 τὴν
3642 2892 3744 2965 γῆν
3773 2887 3857 2963 μὴ

466 2979 807 3058 correptus,
839 2970 1014 3033 ambo
1066 2970 1488 3033 miserabiliter
1534 2968 1714 3058 vitam
1749 2976 1956 3049 quarto
2016 2970 2113 3033 die

2200 2978 2525 3058 προσίεσθαι,
2587 2976 2713 3052 ἕως,
2778 2976 3201 3053 προσευξάμενος
3271 2981 3299 3034 6
3343 2986 3566 3056 μάρτυς,
3627 2976 3856 3053 ἐπράϋνέ

465 3056 701 3122 finiere.
733 3060 950 3123 Fertur
976 3080 1142 3139 vero,
1167 3068 1388 3123 terram
1417 3078 1538 3122 non
1560 3057 1874 3121 admisisse
1905 3076 2113 3120 eorum

2200 3056 2255 3125 τε
2327 3068 2488 3136 αὐτὴν
2550 3065 2917 3143 παλλομένην,
2979 3069 3067 3124 καὶ
3122 3080 3240 3131 τοῖς
3314 3066 3572 3131 ἐλεεινοῖς
3626 3066 3850 3132 ἐκείνοις

468 3148 942 3257 οοτροτε¹,ιὶοιιοο
967 3159 1188 3257 martyr
1217 3157 1533 3252 precatus,
1550 3166 1681 3247 eam
1704 3146 2112 3257 pr'osilientem
2130 3202 2176 3257 c
2200 3155 2522 3229 κατήλλαξε,

467 3243 528 3297 et
560 3253 625 3300 se
654 3238 985 3304 vibrantem
1020 3239 1298 3321 placavit,
1351 3246 1409 3299 et
1459 3236 1692 3299 miseris
1720 3235 1841 3300 illis
1893 3253 2113 3299 recon-

465 3325 716 3393 ciliavit.

545 3414 833 3481 XV.Cum
867 3417 968 3480 isti
998 3425 1117 3481 tam
1147 3416 1473 3479 infeliciter
1500 3434 1533 3479 e
1553 3414 1669 3478 vita
1694 3416 2108 3495 excessissent,

2276 3426 2360 3485 iE’
2373 3468 2390 3486 .
2451 3426 2659 3485 Τούτων
2690 3425 2744 3483 δὲ
2805 3426 2940 3485 οὕτω
2981 3424 3254 3503 δυστυχῶς
3284 3424 3375 3482 τὸν
3405 3424 3515 3501 βίον
3545 3441 3843 3500 καταστρεοα

468 3512 528 3565 et
548 3507 746 3572 suzein
771 3516 1086 3587 martyrem
1110 3506 1443 3597 insolentiae
1455 3507 1650 3597 justas
1675 3523 1880 3597 poenas
1903 3506 2111 3597 dedis-

2200 3517 2433 3597 ψάντων,
2484 3519 2574 3574 καὶ
2630 3516 2775 3583 ἀξίαν
2832 3518 2928 3586 τῆς
2999 3518 3072 3581 εἰς
3131 3516 3221 3571 τὸν
3278 3516 3515 3592 μάρτυρα
3571 3513 3847 3593 παροινίας

469 3602 624 3687 sent,
659 3597 720 3687 in
752 3597 1021 3687 custodia
1051 3605 1108 3659 et
1158 3596 1411 3658 vinculis
1453 3594 1717 3687 Thyrsus
1748 3596 1822 3687 ab
1850 3596 1983 3687 gillo
2013 3596 2112 3658 die

2200 3594 2499 3665 δεδωκότων
2555 3607 2653 3675 τήν
2709 3606 2881 3687 δίκην,
2941 3607 3043 3665 ὑπὸ
3107 3603 3319 3685 φυλακῃ
3386 3605 3476 3661 καὶ
3535 3601 3755 3678 δεσμοῖς
3813 3604 3845 3659 6

466 3683 675 3763 viginti
706 3693 828 3748 tres
854 3686 986 3749 dies
1007 3687 1204 3748 fuerat
1233 3694 1640 3748 conservatus.
1676 3684 1906 3748 Deinde
1953 3687 2115 3750 venit

467 3774 712 3851 quidam
744 3775 897 3838 alius
927 3794 1170 3857 praeses,
1198 3794 1317 3838 non
1340 3775 1528 3837 solius
1555 3775 1709 3855 ejus,
1745 3794 1918 3856 quam
1953 3776 2116 3857 prior

465 3862 745 3940 habebat,
783 3868 1115 3947 potestatis,
1152 3866 1256 3929 sed
1285 3883 1519 3927 morum
1554 3866 1730 3927 etiam
1756 3884 2109 3932 successor:

468 3955 575 4033 qui
605 3952 856 4018 barbara
884 3956 1085 4036 lingua
1128 3954 1546 4019 nominabatur
1597 3954 1858 4020 Bandus.
1894 3958 1948 4019 ls
1978 3976 2112 4021 cum

467 4043 733 4108 venisset
759 4047 1178 4125 Apameam,et
1208 4047 1269 4108 in
1294 4044 1495 4108 medio
1515 4045 2116 4129 concionis,quaeipsi

469 4141 604 4196 erat
632 4147 1005 4217 congregata,
1035 4136 1464 4211 constituisset,
1493 4145 1552 4197 et
1581 4153 1711 4217 quae
1743 4135 1818 4197 de
1848 4137 2113 4219 impera-

470 4231 598 4287 tore
627 4224 749 4289 dici
782 4229 997 4303 solent,
1033 4227 1303 4303 dixisset,
1368 4234 1640 4288 scrutans
1703 4224 1923 4288 deinde
1979 4247 2115 4309 quae

467 4312 629 4377 facta
647 4316 970 4380 fuerantab
993 4317 1069 4378 iis
1085 4317 1185 4398 qui
1207 4316 1402 4397 ipsum
1430 4325 1894 4397 praecesserunt,
1919 4326 1979 4379 et
2008 4337 2113 4380 ac-

470 4412 530 4465 ta
550 4404 788 4468 illorum
809 4407 1150 4488 perlegens,
1180 4405 1390 4467 incidit
1413 4409 1469 4467 in
1492 4424 1562 4466 ea
1593 4424 1723 4487 quae
1751 4406 1825 4467 de
1857 4417 2114 4488 martyre

466 4492 695 4576 Thyrso
715 4497 958 4560 decreta
976 4496 1233 4558 fuerant.
1258 4493 1329 4555 Et
1362 4513 1497 4556 cum
1525 4495 1738 4575 partim
1772 4495 2013 4577 quidem
2044 4516 2113 4559 ex

471 4587 639 4660 actis,
674 4585 886 4668 partim
919 4593 1114 4647 autem
1139 4603 1210 4646 ex
1239 4583 1764 4646 circumstantibus
1795 4585 1997 4647 omnia
2029 4586 2114 4647 di-

472 4672 1051 4755 tlicisset,publicum
1077 4674 1137 4735 in
1159 4674 1316 4736 diem
1348 4683 1694 4757 sequentem
1727 4675 1780 4736 ei
1814 4675 2111 4739 theatrum

476 4771 839 4843 congregat:
879 4773 937 4826 et
982 4783 1116 4827 cum
1149 4763 1615 4827 examinandum
1651 4762 1941 4845 Thyrsum
1977 4785 2116 4848 pro-

473 4852 742 4916 duxisset
768 4854 830 4916 in
862 4853 1126 4917 medium
1161 4875 1175 4912 :
1211 4853 1299 4915 Tu
1331 4871 1419 4929 es,
1446 4853 1660 4934 inquit,
1689 4854 1976 4936 Thyrsus,
2011 4858 2114 4939 qui

470 4942 899 5024 imperatorum
928 4945 1099 5025 jussa
1126 4942 1487 5006 contumelia
1535 4942 1744 5018 afﬁcis,
1778 4951 1838 5006 et
1866 4945 1926 5006 in
1958 4964 2029 5008 ea
2057 4955 2115 5010 te

468 5033 803 5098 insolenter
829 5034 1010 5115 geris,
1043 5042 1103 5098 et
1156 5038 1350 5113 magni
1380 5030 1479 5095 dei
1536 5034 1834 5114 Apollinis
1885 5036 2112 5097 contri-

471 5123 606 5185 visti
628 5132 880 5187 statuam
901 5132 929 5188 ?
959 5125 1068 5188 llle
1086 5141 1226 5187 vero
1255 5142 1270 5185 :
1297 5121 1417 5203 Ego
1450 5140 1605 5198 sum,
1640 5122 1962 5206 inquit,qui
1993 5144 2114 5189 non

472 5233 653 5296 pareo
676 5215 895 5297 iniquis
923 5215 1363 5296 edictis,neque
1380 5211 1660 5295 operibus
1685 5231 1967 5276 manuum
2002 5215 2112 5277 ho-

470 5305 697 5367 minum
732 5305 918 5367 offero
944 5304 1303 5368 sacriﬁcium
1337 5319 1351 5361 :
1387 5302 1492 5364 sed
1526 5302 1640 5363 soli
1666 5301 1899 5365 Christo
1931 5304 2113 5366 sacri-

470 5396 582 5458 fico
604 5396 963 5459 sacriﬁcium
984 5394 1265 5475 laudis,et
1293 5411 1427 5454 eum
1456 5410 1658 5454 verum
1691 5392 1878 5454 Deum
1912 5399 2109 5456 nomi-

471 5507 572 5553 no.
602 5485 711 5551 Ille
740 5495 936 5549 autem
964 5484 1241 5548 similiter
1268 5500 1517 5563 nugans,
1550 5490 1723 5564 atque
1747 5482 1984 5561 judices
2010 5487 2112 5565 qui

470 5585 925 5663 praecesserant,
936 5584 995 5638 et
1015 5581 1226 5657 putans
1239 5592 1303 5636 se
1326 5591 1497 5653 posse
1516 5572 1692 5636 minis
1706 5581 1935 5636 terrere
1946 5590 2105 5649 eum,

469 5673 573 5766 qui
604 5672 817 5739 terreri
852 5688 971 5733 non
1003 5675 1231 5751 poterat
1261 5686 1275 5733 :
1308 5665 1396 5729 Tu
1424 5665 1696 5744 fortasse,
1727 5664 1941 5747 inquit,
1973 5663 2110 5728 ideo

2198 3697 2394 3775 Θύρσος
2469 3699 2651 3777 τρίτην
2725 3697 2778 3763 ἐξ
2852 3698 3051 3755 ἑκείνου
3111 3695 3201 3752 καὶ
3253 3696 3498 3763 εἷκοστην
3581 3694 3851 3771 τετήρητο

2197 3788 2297 3854 τὴν
2373 3786 2599 3863 ἡμέραν,
2667 3787 2804 3843 Εἶτα
2862 3786 3135 3867 ἐφίσταταί
3217 3807 3298 3848 τις
3351 3784 3569 3861 ἡγεμὼν
3642 3781 3848 3860 ἕτερος,

2199 3877 2257 3933 οὓ
2312 3876 2409 3943 τῆς
2442 3875 2676 3942 ἐξουσίας
2730 3882 2821 3933 τοῦ
2872 3876 3127 3954 προτέρου
3186 3873 3380 3949 μόνης,
3433 3871 3569 3928 ἀλλά
3617 3873 3706 3929 καὶ
3760 3878 3865 3930 τοῦ

2199 3965 2394 4044 τρόπου
2452 3962 2723 4044 διάδοχος,
2757 3962 3003 4043 βαρϐάρῳ
3049 3962 3271 4041 γλώσσῃ
3331 3959 3526 4025 Βᾶνδος
3585 3962 3860 4038 ὀνομαζό-

2198 4076 2378 4130 μενος.
2440 4056 2627 4134 Οὗτος,
2704 4062 2800 4120 τήν
2857 4052 3148 4128 Ἀπαμέων
3217 4048 3557 4126 καταλαϐὼν,
3614 4051 3697 4108 ἐπὶ
3751 4056 3862 4121 τῆς

2197 4143 2561 4222 ἀθροισθείσης
2618 4163 2677 4198 τε
2744 4141 2863 4206 θέας
2923 4145 3064 4215 αὒτῷ
3135 4141 3223 4197 καὶ
3280 4142 3627 4220 πανηγύρεως
3679 4163 3861 4199 κατα-

2198 4234 2349 4309 στὰς,
2412 4233 2498 4289 καὶ
2552 4232 2619 4288 τὰ
2663 4232 2864 4301 συνήθη
2909 4232 3027 4310 περὶ
3072 4230 3163 4287 τοῦ
3234 4229 3498 4308 βασιλέως
3554 4229 3862 4314 διεξελθὼν,

2198 4325 2320 4378 εἶτα
2392 4321 2480 4377 καὶ
2552 4321 2647 4383 τὰς
2718 4326 2825 4377 τῶν
2884 4322 2984 4401 πρὸ
3041 4322 3198 4378 αὐτοῦ
3266 4320 3477 4400 πράξεις
3537 4320 3857 4403 ἀνερευνῶν,

2198 4410 2284 4466 καὶ
2341 4410 2407 4466 τὰ
2457 4409 2671 4467 εκείνων
2730 4409 2894 4467 ἐπιὼν
2950 4413 3334 4488 ὑπομνήματα,
3368 4411 3678 4492 ἐντυγχάνει
3728 4426 3855 4477 τοῖς

2137 4499 2316 4596 ι,περὶ
2343 4506 2463 4596 ,τοῦ
2520 4500 2781 4596 μάρτυρος
2833 4501 3032 4581 Θύρσου
3088 4500 3513 4596 ὶψηφισμ-ἑνοιςί
3555 4503 3854 4596 καὶ-τοῦτο

2200 4588 2298 4663 μὲν
2334 4587 2438 4644 ἀπὸ
2497 4595 2602 4646 τῶν
2650 4590 3078 4667 ὑπομνημάτων,
3112 4597 3264 4647 τοῦτο
3323 4587 3377 4645 δὲ
3433 4590 3520 4646 καὶ
3577 4588 3684 4645 ἀπὸ
3741 4596 3854 4647 τῶν

2197 4678 2565 4757 περιεστώτων
2637 4680 2809 4737 πάντα
2888 4681 3231 4759 καταμαθὼν,
3291 4677 3548 4753 δημόσιον
3605 4679 3677 4743 εἰς
3748 4680 3853 4746 τὴν

2198 4765 2320 4834 ἐξῆς
2376 4768 2519 4843 αὒτῷ
2567 4767 2783 4851 θέατρον
2826 4770 3170 4849 συναθροίζει,
3206 4770 3294 4825 καὶ
3349 4766 3514 4842 μέσον
3544 4770 3617 4829 εἱς
3673 4764 3858 4830 ἑξέταο

2195 4879 2277 4914 σιν
2312 4858 2401 4915 τὸν
2459 4860 2655 4938 Θύρσον
2711 4860 3060 4940 παραγαγὼν,
3106 4859 3179 4913 Σὺ
3222 4857 3276 4913 εἶ
3326 4856 3544 4934 Θύρσὸς,
3593 4855 3774 4931 εἶπεν,
3821 4858 3855 4913 ὁ

2196 4948 2269 5011 εἷς
2326 4948 2392 5004 τὰ
2448 4948 2554 5005 τῶν
2624 4949 3024 5028 αὐτοκρατόρων
3093 4946 3477 5024 προστάγματα
3549 4942 3853 5028 ἐξυϐρίζων,

2194 5038 2283 5094 καὶ
2339 5038 2401 5095 τὸ
2472 5041 2566 5096 τοῦ
2636 5037 2873 5116 μεγάλου
2942 5040 3061 5093 θεοῦ
3146 5033 3483 5101 ’Λπόλλωνος
3569 5036 3859 5114 συντρίψας

2195 5126 2466 5207 ἄγαλμα,
2527 5128 2656 5208 Καί,
2708 5130 2789 5193 ὃς.
2853 5125 2994 5203 Ἐγώ
3071 5126 3202 5202 εἰμι,
3252 5124 3378 5205 ἔφη,
3425 5128 3453 5182 6
3523 5126 3861 5204 παρανόμοις

2195 5215 2453 5295 δόγμασιν
2541 5215 2796 5295 ἀπειθῶν,
2860 5216 2947 5271 καὶ
3026 5210 3162 5289 μηδὲ
3247 5220 3446 5294 χειρῶν
3516 5214 3864 5295 ἀνθρωπίνῶν

2195 5305 2367 5385 ’ἐργοις
2442 5306 2623 5363 θυσίαν
2693 5304 3003 5383 προσάγων,
3053 5301 3191 5361 ἀλλὰ
3248 5304 3397 5376 μύθῳ
3452 5306 3585 5363 θύων
3644 5311 3867 5384 Χριστῷ

2194 5396 2373 5453 θυσίαν
2432 5394 2706 5473 αἰνέσεως,
2753 5395 2845 5451 καὶ
2884 5401 3072 5452 τοῦτον
3126 5392 3331 5471 ἀψευδῆ
3364 5397 3495 5454 Θεὸν
3555 5395 3862 5471 ὀνομάζων.

2197 5475 2256 5543 “Ο
2315 5484 2370 5539 δὲ
2428 5486 2514 5542 καὶ
2574 5484 2729 5549 αὐτὸς
2789 5483 2951 5560 ὅμοια
2994 5497 3112 5548 τοῖς
3170 5483 3492 5565 προλαϐοῦσι
3563 5484 3741 5565 ληρῶν
3784 5481 3866 5541 δι-

2197 5587 2445 5652 κασταῖς,
2496 5574 2584 5629 καὶ
2640 5571 2895 5641 ἀπειλαῖς
2954 5572 3188 5655 φοϐῆσαι
3247 5574 3417 5633 δοκῶν
3487 5577 3576 5632 τὸν
3638 5574 3859 5641 ἀπτόηε-

2192 5686 2313 5743 σον,
2389 5662 2793 5747 Παραπλησίου,
2848 5665 2977 5747 ἔφη,
3038 5663 3377 5747 δικαστηρίου
3441 5679 3564 5731 τοῖς
3642 5663 3857 5750 προλα-
