4132 6416
299 333 429 406 525
1239 335 1714 406 MARTYRIUM
1757 338 1819 402 S.
1879 336 2170 402 THYRSI
2212 337 2312 401 ET
2374 337 2778 403 SOCIORUM.
3580 340 3699 410 526

304 475 459 534 ϐοΰσι
503 475 596 532 καί
640 474 706 532 τὰ
749 481 841 532 νῦν
887 475 1120 551 οἱόμενος
1185 473 1568 554 ἔπιτεύξεσθαι,
1601 475 1689 531 καὶ
1737 473 1964 530 ἆνεκτῶν

2054 490 2264 534 secure
2316 474 2628 554 magnifice
2659 472 2948 555 lo'queris,
2983 473 3345 553 quod’putes
3407 483 3469 537 te
3504 479 3702 544 simile

307 564 450 622 οὕτω
525 571 843 646 τιμωριῶν,
904 562 1069 627 ἀδεῶς
1148 562 1642 643 μεγαλορῤι.μονεϊς
1712 564 1799 620 καὶ
1874 563 1964 619 ὑπὸ

2057 580 2214 624 nunc
2233 583 2468 644 quoque
2485 563 2829 627 habiturum
2855 562 3702 644 essejudicium,'etcruciatus

303 656 535 730 θράσους
614 654 680 710 τὰ
774 655 1113 733 παραστάντα
1184 653 1382 732 λέγεις.
1457 651 1606 710 Ἀλλ’
1678 653 1822 711 οὐδέν
1913 675 1964 709 σε

2057 653 2206 714 adeo
2241 653 2605 730 tolerabiles,
2631 663 2686 717 et
2715 655 3076 716 audacterac
3097 654 3470 718 conﬁdenter
3490 656 3704 738 loque-

305 752 478 801 ταῦτα
529 745 816 814 ὀνήσουσιν
887 742 1129 820 οὐδαμῶς
1187 745 1257 809 εὶς
1343 758 1533 821 πεῖραν
1597 743 1814 801 ἐλθόντα
1865 750 1964 800 τῶν

2056 742 2162 804 ris.
2193 741 2312 805 Sed
2352 744 2474 805 haec
2521 753 2579 807 te
2632 744 2782 806 nihil
2826 743 3143 824 juvabunt,
3176 763 3310 806 cum
3361 753 3701 810 nostrorum

300 833 437 912 παρ’
505 836 663 909 ἡμῶν
693 831 990 894 κολάσεων.
1061 835 1154 890 Διὸ
1197 833 1304 890 τῶν
1335 835 1573 910 ματαίων
1618 832 1794 912 λόγων
1837 833 1964 913 ἀφέ-

2058 838 2496 895 tormentorum
2513 834 2726 897 feceris
2743 833 3076 915 periculum
3089 832 3510 907 .Quamobrem
3537 837 3703 900 vanis

299 946 497 1004 μενος,
530 927 684 980 θῦσον
715 923 1020 1002 προσελθὼν
1064 937 1186 987 τοῖς
1243 927 1412 987 θεοῖς·
1471 924 1514 980 εἰ
1544 921 1587 978 δ’
1647 922 1761 1002 οὖν,
1793 923 1964 979 παθὼν

2054 921 2281 982 relictis
2311 922 2711 1004 sermonibus,
2748 923 2970 986 accede
3016 931 3072 986 et
3104 924 3220 986 diis
3266 923 3558 990 sacriﬁca.
3597 924 3705 990 Sin

297 1015 460 1086 εἴση,
516 1015 599 1069 καὶ
659 1013 803 1093 ταχὺ
863 1014 1075 1070 πάντων
1127 1012 1362 1088 ἐπιλήσῃ
1419 1014 1525 1069 τῶν
1568 1010 1964 1086 προλαϐόντων.

2057 1012 2276 1086 minus,
2303 1031 2436 1074 cum
2473 1031 2682 1093 passus
2715 1014 2918 1088 fueris,
2955 1023 3013 1076 et
3040 1014 3291 1076 fortasse
3321 1015 3704 1080 Oblivisceris

297 1105 408 1162 Καὶ
467 1105 496 1159 δ
571 1105 795 1180 μάρτυς,
849 1101 1010 1176 Οἶδα,
1074 1105 1256 1183 φησὶν,
1319 1101 1464 1168 ὅπως
1531 1105 1678 1178 ὑμῶν
1751 1102 1964 1165 ἕκαστος

2055 1102 2322 1162 omnium
2357 1104 2841 1183 prazcedentium.
2879 1107 3095 1185 Martyr
3121 1113 3318 1167 autem
3357 1127 3370 1163 :
3405 1104 3568 1182 Scio,
3601 1109 3705 1171 in-

292 1195 550 1268 ὠμότητι
612 1195 701 1249 καὶ
731 1191 945 1266 ἀσεϐείᾳ
1001 1194 1194 1261 νικῆσα
1239 1192 1599 1272 φιλονεικεῖτε
1652 1193 1773 1256 τοὺς
1826 1214 1964 1270 προ-

2054 1191 2200 1270 quit,
2229 1210 2717 1273 unumquemque
2734 1202 2994 1255 vestrum
3027 1195 3416 1278 contendere,
3445 1204 3511 1256 ut
3543 1215 3701 1278 prae-

293 1281 593 1345 λαϐόντας.
645 1281 799 1338 Ἀλλ’
852 1282 969 1357 ἐμοὶ
1025 1285 1342 1350 πεποίθησις
1373 1282 1427 1338 ἐν
1487 1289 1696 1361 Χριστῷ
1743 1281 1824 1339 ὅτι
1884 1281 1964 1338 καῖ

2054 1280 2338 1342 cedentes
2396 1283 2748 1345 crudelitate
2799 1291 2857 1344 et
2900 1284 3206 1365 impietate
3259 1293 3523 1366 superet.
3582 1285 3702 1350 Sed

295 1373 400 1433 τὰς
487 1373 746 1452 ὑμετέρας
830 1370 1113 1435 ἐπιϐουλὰς
1227 1372 1464 1453 εὐχερῶς
1547 1371 1914 1450 ὑπερϐήσομαι
1951 1418 1964 1444 ,

2057 1387 2185 1430 mea
2218 1379 2307 1431 est
2336 1371 2392 1431 in
2448 1371 2682 1434 Christo
2716 1373 2952 1448 fiducia,
2991 1373 3118 1435 fore
3144 1381 3210 1434 ut
3239 1383 3297 1435 et
3342 1388 3574 1437 vestros
3600 1375 3701 1437 in¢

295 1464 396 1519 καὶ
467 1464 562 1517 τὸν
628 1471 720 1520 τοῦ
783 1462 1065 1539 μαρτυρίου
1134 1461 1390 1542 στέφανον
1450 1459 1806 1542 ἁναδήσομαι,
1873 1463 1964 1519 Καὶ

2055 1459 2246 1521 sultus
2267 1461 2446 1523 facile
2471 1465 2655 1524 feram
2682 1482 2751 1525 ac
2773 1481 3076 1544 superem,
3104 1472 3162 1525 et
3186 1465 3454 1545 martyris
3483 1483 3705 1530 corona

294 1552 450 1610 οὕτω
495 1551 592 1627 μὲν
624 1554 651 1607 ὁ
681 1551 968 1625 θαυμάσιος
998 1549 1259 1621 ἀθλητής,

2054 1549 2164 1610 sim
2201 1550 2543 1615 redimitus.
2577 1553 2652 1614 Et
2675 1553 2762 1614 sic
2793 1553 3037 1632 quidem
3072 1553 3442 1616 admirabilis
3459 1555 3702 1620 athleta.

393 1641 529 1717 IC’.
588 1643 690 1700 Τὸν
753 1639 809 1698 δὲ
863 1644 1038 1698 κοινὸν
1098 1642 1290 1722 ἐχθρὸν
1350 1649 1510 1700 ταῦτα
1570 1641 1810 1721 ἕθραττεν
1879 1644 1964 1698 ἰσ-

2133 1638 2284 1700 XVI.
2318 1639 2455 1702 Haec
2485 1641 2725 1722 quidem
2742 1642 2914 1704 valde
2930 1642 3368 1705 conturbabant
3387 1651 3448 1704 et
3468 1663 3705 1726 punge-

301 1734 521 1814 χυρῶς,
576 1733 663 1788 καὶ
735 1731 910 1811 φέρειν
970 1731 1026 1786 ἐν
1081 1737 1160 1806 τῷ
1229 1735 1450 1810 μάρτυρι
1523 1731 1964 1812 λαμπρυνομένην

2054 1726 2192 1790 bant
2222 1748 2603 1792 communem
2628 1731 2961 1805 inimicum,
2986 1749 3098 1794 nec
3126 1731 3286 1794 ferre
3319 1740 3549 1814 poterat
3571 1736 3704 1815 pie-

296 1825 410 1890 τῆν
438 1820 710 1881 εὖσεϐειαν
768 1825 863 1880 οὐκ
891 1821 1167 1902 ἠνείχετο.
1214 1821 1352 1878 ἀλλὰ
1409 1826 1485 1896 τῷ
1539 1823 1765 1900 ἡγεμόνι
1793 1844 1964 1900 προσ-

2054 1826 2231 1879 tatem
2265 1820 2752 1912 resplendentem
2786 1820 2848 1881 in
2890 1830 3147 1912 martyre
3183 1842 3196 1888 :
3234 1822 3340 1912 sed
3368 1822 3438 1884 ad
3465 1842 3601 1886 eum
3627 1827 3709 1888 la-

294 1913 477 1969 ελθὼδ
534 1911 772 1991 ἀφανῶς,
834 1909 1129 1986 σύμϐουλος
1216 1916 1358 1987 αὑτῷ
1441 1913 1664 1989 γίνεται,
1729 1914 1816 1968 καὶ
1873 1915 1964 1969 οἷα

2054 1915 2244 1970 tenter
2275 1909 2591 1984 accedens,
2629 1909 2684 1972 ei
2716 1909 2995 1986 consulit,
3026 1918 3084 1972 et
3112 1911 3312 1991 qualia
3341 1914 3395 1974 ei
3427 1913 3530 1993 qui
3562 1933 3704 1978 eum

296 2005 562 2082 πρότερον
636 1998 989 2071 ὑπεϐεϐλήκει
1046 2009 1123 2076 τῷ
1190 2003 1291 2078 πρὸ
1347 2003 1528 2075 αὑτοῦ,
1589 2001 1682 2056 κᾶν
1751 2003 1786 2070 ἡ
1855 2000 1964 2058 θεία

2054 2009 2459 2077 praecesserat,
2490 2008 2887 2081 suggesserat,
2915 2001 3148 2063 etiamsi
3181 2001 3377 2063 divina
3402 2021 3438 2064 e
3467 2005 3702 2084 superis

293 2099 488 2172 ψῆφος
546 2091 744 2148 ἄνωθεν
805 2090 1003 2167 ἐπέσψε
1059 2091 1158 2160 τὴν
1218 2089 1455 2171 ἔκϐασιν,
1485 2092 1702 2148 τοιαῦτά
1765 2113 1826 2170 γε
1878 2091 1964 2145 καὶ

2054 2089 2345 2150 sententia
2399 2099 2674 2151 eventum
2709 2089 3119 2170 prohibuerat,
3151 2090 3290 2154 talia
3345 2091 3486 2154 huic
3542 2110 3706 2157 nunc

288 2182 474 2255 τούτῷ
535 2187 626 2236 νῦν
684 2180 986 2247 ὑποτίθησι,
1050 2182 1148 2239 Καὶ
1177 2180 1332 2259 γνοὺς
1390 2180 1594 2237 ἐκεῖθεν
1625 2183 1653 2236 ὁ
1711 2179 1961 2248 δικαστής

2054 2179 2314 2258 suggerit
2342 2201 2354 2242 :
2392 2189 2448 2240 et
2479 2179 2639 2242 hunc
2669 2199 2802 2242 cum
2827 2181 3128 2242 statuisset
3143 2181 3354 2260 judex,
3381 2200 3516 2245 esse
3538 2182 3706 2247 labo-

295 2275 381 2330 ὡς
443 2268 537 2331 εἴη
596 2291 656 2326 τε
712 2269 1076 2348 πονηρότατος
1136 2273 1163 2326 ὁ
1221 2270 1277 2325 ἐν
1334 2285 1450 2334 τοῖς
1512 2268 1697 2327 ὕδασιν
1727 2270 1964 2348 ὄλεθρος,

2054 2269 2470 2346 riosissimum,
2501 2271 2600 2350 qui
2635 2270 2694 2331 in
2719 2271 2892 2351 aquis
2921 2271 3235 2352 accipitur,
3261 2272 3607 2336 interitum:
3641 2281 3708 2338 et
3770 2339 3782 2352 ,

293 2363 387 2418 καὶ
451 2364 528 2425 ὡς
587 2361 821 2416 ἐντεῦθεν
891 2359 979 2418 δύο
1036 2361 1196 2418 πάλιν
1257 2359 1529 2438 συμϐαίνει
1585 2362 1651 2418 τὰ
1723 2360 1964 2441 χτλιλεπόι⁵

2054 2361 2196 2422 hinc
2253 2379 2458 2424 rursus
2516 2363 2630 2424 duo
2693 2363 3038 2443 contingere
3086 2363 3452 2444 gravissima,
3486 2383 3707 2448 nempe

294 2451 424 2508 οὑτό
477 2472 534 2506 τε
595 2453 657 2508 τὸ
721 2451 1042 2529 μαρτυρικὸν
1101 2456 1258 2526 σῶμα
1317 2453 1487 2531 ταφῆς
1531 2451 1822 2532 ἀπορῆσαι,
1881 2453 1964 2509 καὶ

2054 2451 2207 2531 quod
2234 2460 2291 2514 et
2319 2453 2593 2532 martyris
2615 2471 2832 2534 corpus
2855 2463 3054 2516 careat
3081 2454 3412 2536 sepultura,
3436 2463 3497 2517 et
3525 2456 3706 2520 Chri-

296 2541 652 2618 Χριστιανοὺς
732 2542 1022 2614 ὑπομεῖναι
1097 2541 1349 2608 τοιαύτην
1410 2543 1626 2618 ζημίαν,
1701 2539 1964 2617 λειψάνων

2054 2542 2225 2602 stiani
2259 2543 2370 2603 hoc
2401 2542 2684 2604 damnum
2720 2543 3036 2624 patiantur,
3059 2551 3123 2606 ut
3163 2547 3261 2626 qui
3287 2545 3372 2607 sic
3395 2545 3708 2626 priventur

298 2631 444 2688 οὕτω
520 2628 904 2708 στερουμένους
977 2629 1336 2711 κοινωφελῶν,
1402 2629 1692 2708 περιδήσας
1763 2633 1964 2690 πάντο-

2054 2630 2322 2710 reliquiis
2357 2631 2416 2692 in
2450 2651 2770 2694 commune
2803 2631 3046 2696 utilibus
3079 2651 3092 2696 :
3139 2651 3276 2695 cum
3309 2653 3446 2696 eum
3478 2642 3604 2698 tuto
3633 2653 3708 2700 ex

297 2725 391 2778 θεν
455 2719 710 2798 ἀσφαλῶς
742 2721 831 2776 καί
887 2721 960 2783 εἷς
1003 2720 1203 2780 σάκκον
1261 2721 1419 2778 αὑτὸν
1473 2719 1744 2796 ἐμϐάλὼν,
1782 2720 1964 2802 ἀφιησι

2055 2721 2217 2782 omni
2247 2728 2412 2800 parte
2442 2721 2708 2799 ligasset,
2749 2731 2807 2784 et
2835 2723 2896 2784 in
2928 2741 3166 2785 saccum
3199 2722 3572 2802 immisisset,
3607 2725 3706 2788 di-

300 2810 446 2867 κατᾶ
517 2811 612 2878 τῆς
670 2807 970 2884 θαλάσσης,
1015 2813 1297 2887 τριάκοντα
1347 2809 1669 2888 προσωτέρω
1731 2818 1823 2868 τοῦ
1893 2811 1964 2867 αἶ-

2054 2809 2236 2870 mittit
2267 2809 2328 2870 in
2362 2829 2525 2872 mare
2559 2811 2798 2888 triginta
2826 2811 3085 2874 stadiisa
3128 2811 3344 2875 littore.
3377 2811 3496 2876 Sed
3531 2816 3708 2894 igno-

305 2899 508 2976 γιαλοὺ
556 2897 805 2962 σταδίοις.
869 2897 1018 2955 Ἀλλ’
1062 2897 1371 2957 ἐνεδύσαντο
1428 2902 1514 2956 καὶ
1573 2908 1660 2957 νῦν
1707 2899 1964 2979 αἰσχύνην

2056 2897 2303 2958 miniam
2336 2917 2566 2974 rursus,
2602 2908 2661 2960 et
2690 2899 2953 2962 dedecus
2982 2919 3190 2962 rursus
3241 2908 3448 2982 aperte
3477 2903 3703 2965 indue-

313 2989 414 3043 καὶ
485 2988 726 3063 ἐντροπὴν
800 2988 1042 3061 ἄντικρυς
1100 3003 1147 3045 ot
1221 2988 1811 3067 μεγαλοῤῥημονοῦντες
1883 2986 1964 3044 ἐπ’

2054 2996 2213 3066 runt,
2247 2988 2346 3067 qui
2380 2987 2692 3066 magnifice
2738 2998 2794 3049 et
2825 2989 2983 3051 clare
3015 2991 3302 3052 adversus
3331 3009 3468 3052 eum
3501 2992 3708 3069 loque-

324 3077 504 3150 αὑτὸν,
577 3079 652 3133 καί
715 3076 959 3145 διακενῆς
1034 3077 1285 3158 ὤφθησαν
1357 3077 1793 3154 βουλευσάμενοι.
1870 3086 1964 3135 Τοῦ

2055 3076 2292 3149 bantur,
2329 3085 2386 3138 et
2418 3077 2717 3139 incassum
2761 3079 2866 3138 visi
2900 3087 3038 3140 sunt
3068 3079 3386 3141 consilium
3442 3084 3702 3162 cepisse.

319 3167 513 3223 σάκκου
579 3167 676 3247 γὰρ
751 3173 1090 3246 παραχρῆμα
1172 3165 1539 3247 διαῤῥαγέντος
1605 3170 1769 3248 χορὸς
1841 3166 1964 3227 λευ-

2054 3165 2196 3227 Nam
2229 3185 2362 3228 cum
2396 3177 2643 3248 repente
2675 3187 2882 3230 saccus
2939 3177 3097 3230 esset
3126 3167 3451 3250 disruptus,
3487 3171 3706 3235 chorus

304 3234 707 3336 χειμονούντῶν
738 3234 963 3336 ἀνδῷν,
1069 3263 1161 3314 τοῦ
1213 3234 1478 3334 θαύματος
1514 3257 1528 3317 !
1734 3257 1964 3338 μάρτυρα

2055 3262 2308 3319 virorum
2341 3234 2774 3320 candidatornm
2802 3265 2856 3331 (ο
2882 3263 3226 3320 miraculum
3253 3234 3536 3335 !).exci'pit
3558 3279 3708 3323 mar-

293 3344 654 3426 ὑπεδέχοντο,
715 3347 804 3404 καὶ
887 3345 1066 3424 ὥσπερ
1146 3345 1232 3402 διὰ
1315 3347 1472 3426 ξηροῦ
1539 3349 1824 3419 πεζεύοντα
1878 3356 1964 3406 τοῦ

2056 3352 2238 3424 tyrem
2267 3361 2280 3406 :
2319 3351 2376 3404 et
2401 3349 2675 3424 tanquam
2704 3361 2811 3424 per
2831 3344 3054 3406 siccum
3079 3343 3541 3423 ingredientem,
3573 3363 3708 3409 rur-

295 3433 551 3516 ἐδάφους,
615 3435 700 3492 ἐπὶ
759 3437 858 3504 τὴν
916 3436 1113 3516 χέρσον
1164 3437 1308 3500 εὐθὺς
1360 3436 1586 3517 ἤγαγον.
1645 3448 1807 3497 Τοῦτο
1865 3439 1964 3496 τοί·

2055 3448 2155 3494 sus
2181 3431 2555 3494 deduxerunt
2577 3433 2636 3494 in
2659 3434 3056 3496 terram.Cum
3085 3435 3200 3496 hoc
3222 3452 3362 3514 ergo
3390 3434 3703 3512 vidissent,

290 3549 386 3581 νυν
450 3524 650 3590 ἰδόντες
707 3527 754 3584 οἱ
783 3527 873 3582 τὸν
927 3524 1086 3606 ἄνδρα
1131 3527 1269 3583 κατὰ
1322 3534 1414 3584 τοῦ
1482 3529 1638 3604 βυθοῦ
1696 3529 1964 3606 ῥίψαντες,

2054 3525 2154 3604 qui
2178 3523 2388 3584 eumin
2415 3521 2773 3602 profundum
2793 3525 3708 3605 jecerant,repentetremebun-

288 3615 592 3693 ὑπότρομοι
650 3618 736 3672 καὶ
794 3613 1060 3696 περιδεεῖς
1132 3617 1318 3674 αὐτίκα
1373 3618 1505 3696 πρὸς
1578 3619 1669 3675 τὸν
1724 3620 1964 3695 ἡγεμόνα

2054 3612 2111 3672 di
2145 3620 2204 3673 et
2233 3612 2448 3674 timore
2473 3612 2690 3688 affecti,
2717 3619 2958 3674 veniunt
2993 3614 3064 3675 ad
3094 3613 3432 3694 praesidem,
3465 3621 3522 3676 et
3543 3614 3705 3692 quod

293 3727 356 3762 τε
414 3713 640 3786 φοιτῶσι
697 3706 786 3762 καὶ
839 3707 900 3761 τὸ
974 3707 1194 3784 γεγονός
1255 3706 1703 3788 ἀπαγγέλλουσιν.
1784 3700 1840 3765 Ὀ
1911 3707 1964 3764 δὲ

2054 3701 2268 3762 factum
2299 3701 2514 3782 fuerat,
2540 3701 2904 3764 renuntiant.
2945 3701 3052 3764 Ille
3072 3714 3267 3764 autem
3304 3701 3420 3764 cito
3438 3704 3603 3766 venit
3630 3704 3707 3766 ad

297 3798 448 3874 παρὰ
493 3797 583 3852 τὸν
640 3793 884 3874 αἰγιαλὸν
944 3795 1060 3860 ὀξὺς
1125 3795 1364 3876 ἔρχεται,
1418 3797 1602 3876 φόνιόν
1658 3819 1706 3854 τι
1755 3797 1964 3874 βλέπων

2054 3790 2239 3866 littus,
2272 3790 2494 3852 furioso
2523 3800 2578 3853 et
2608 3791 2832 3853 caedem
2865 3795 3126 3873 spirante
3159 3793 3318 3854 vultu
3344 3794 3608 3872 intuens,
3645 3801 3706 3856 et

301 3887 393 3942 καὶ
450 3885 699 3962 μανικόν·
759 3884 859 3965 καιξ
912 3883 1096 3954 ἐπειδὴ
1154 3889 1316 3962 μόνον
1374 3885 1639 3954 ἑστηκότα
1689 3889 1781 3944 τὸν
1825 3886 1964 3965 μάρ-

2054 3899 2184 3942 cum
2220 3879 2412 3942 solum
2451 3887 2702 3942 stantem
2734 3882 2982 3943 vidisset
3012 3890 3360 3962 martyrem:
3397 3880 3568 3946 Certe
3591 3883 3708 3944 mi-

831 3962 859 3986 τ
1510 3977 1519 3994 ι
1828 3962 1834 3963 ⁷
1878 3962 1912 3988 αἱ

301 3997 438 4052 τυρα
499 3974 778 4056 ἐθεάσατο,
852 3981 898 4032 Η
955 3997 1058 4032 που
1117 3974 1359 4056 χαλεπαί
1412 3999 1550 4041 τινες
1610 3978 1739 4033 εἰσιν
1797 3978 1964 4052 ὑμῶν,

2054 3987 2133 4031 rae
2189 3977 2326 4030 sunt
2387 3980 2596 4030 vestrae
2625 3971 2935 4049 praestigiae
2993 3978 3051 4032 et
3109 3971 3564 4047 incantationes,
3600 3989 3709 4053 per

305 4067 491 4138 εἶπεν,
525 4068 576 4122 αἱ
633 4063 832 4139 ἐπῳδαί
880 4086 938 4120 τε
1010 4066 1098 4122 καὶ
1153 4079 1424 4144 γοητεῖαι,
1482 4065 1547 4122 δι’
1579 4069 1655 4123 ὧν
1702 4065 1838 4123 οὕτω
1884 4067 1964 4123 καῖ

2055 4077 2200 4140 quas
2223 4057 2308 4119 sic
2341 4059 2513 4120 etiam
2541 4077 2728 4132 mare,
2755 4066 2818 4118 ut
2839 4058 3032 4133 video,
3062 4060 3331 4136 frenatis,
3351 4068 3411 4122 et
3441 4059 3711 4124 elemen-

304 4152 604 4229 θάλασσαν,
650 4156 724 4221 ὡς
781 4156 908 4234 ὁρῶ,
956 4153 1242 4234 χαλινοιὴε
1296 4157 1382 4212 καί
1454 4156 1737 4234 στοιχείων
1792 4157 1964 4236 φὸσεις

2057 4159 2251 4212 torum
2279 4157 2502 4209 naturae
2527 4148 2646 4210 vim
2680 4148 2927 4212 affertis.
2961 4149 3076 4211 Sed
3113 4167 3182 4210 ex
3202 4149 3369 4210 vobis
3400 4149 3548 4212 nihil
3571 4169 3708 4213 om-

294 4241 674 4315 ἆποϐιάζεσθε,
761 4244 909 4312 Πλὴν
967 4243 1091 4302 ἀλλ’
1148 4246 1429 4317 ὀνήσουσιν
1496 4249 1625 4322 ὑμῖν
1695 4249 1846 4302 αὗται
1907 4247 1964 4302 τὸ

2057 4238 2198 4300 nino
2233 4237 2562 4318 proderunt
2593 4258 2608 4317 ;
2647 4237 2767 4298 imo
2808 4256 2945 4299 vero
2978 4237 3178 4318 plures
3210 4237 3508 4300 cruciatus
3559 4241 3707 4302 affe-

290 4335 548 4412 παράπαν
613 4333 787 4409 οὐδὲν,
853 4334 933 4391 ὅτι
991 4333 1068 4409 μή
1126 4337 1214 4392 καὶ
1264 4334 1511 4398 κολάσεις
1562 4337 1810 4399 πλείονας
1870 4335 1960 4392 οἵ-

2054 4337 2209 4410 rent,
2241 4336 2298 4390 et
2333 4327 2568 4389 tandem
2605 4327 3092 4389 violentissimam
3129 4335 3380 4389 mortem
3415 4328 3707 4390 concilia-

294 4446 477 4502 σουσι,
534 4426 622 4480 καὶ
677 4423 830 4489 τέλος
886 4425 1110 4482 θάνατον
1188 4424 1569 4504 προξενήσουσι
1631 4425 1958 4503 βιαιότατον,

288 4516 394 4573 Καὶ
448 4516 479 4570 ὀ
536 4515 760 4594 μάρτυς·
832 4515 1007 4595 Μέχρι
1081 4515 1220 4579 τίνος
1281 4520 1340 4575 οὑ
1396 4513 1724 4592 διαϐλέψεις,
1787 4514 1955 4590 ἄθλιε,

2047 4417 2220 4482 bunt.
2253 4417 2469 4498 Martyr
2517 4424 2713 4479 autem
2751 4436 2764 4479 :
2821 4416 3139 4498 Quousque
3169 4436 3288 4479 non
3343 4416 3700 4500 intueberis,

2041 4508 2256 4590 inquit,
2296 4517 2355 4568 tu
2388 4506 2492 4584 qui
2523 4525 2586 4568 es
2610 4515 2810 4586 aperte
2845 4509 3195 4588 czecutiens,
3227 4513 3286 4568 et
3311 4506 3426 4569 diis
3458 4506 3572 4570 tuis
3596 4525 3706 4587 pa-

284 4603 616 4684 τυφλώετων
675 4601 931 4684 ἀκριϐῶς,
991 4606 1078 4661 καὶ
1137 4608 1283 4669 θεοῖς
1343 4605 1504 4682 ὅμοια
1564 4606 1792 4686 πάσχων
1849 4619 1961 4670 τοῖς

2054 4599 2202 4662 tiens
2235 4597 2453 4658 similia
2486 4604 2512 4658 ’ξ
2550 4599 2696 4660 Nam
2733 4596 3094 4676 cujusmodi,
3127 4597 3346 4678 inquit,
3381 4605 3520 4658 sunt
3579 4597 3708 4660 hac

287 4706 415 4754 σοῖς
452 4711 469 4768 ;
537 4694 663 4751 Ποία
712 4695 812 4774 γὰρ
842 4692 1022 4769 ἰπῳδὴ
1076 4702 1230 4752 τοῦτο
1261 4697 1348 4751 καὶ
1392 4695 1634 4774 γοητεία,
1668 4699 1730 4751 τὸ
1779 4696 1867 4751 καὶ
1896 4693 1963 4750 τοὶ

284 4796 554 4863 στοιχεῖα
599 4782 756 4844 δοῦλα
815 4797 994 4841 ποιεῖν
1031 4783 1128 4841 καὶ
1157 4791 1233 4858 τῷ
1269 4783 1532 4860 θελήματι
1577 4785 1726 4860 μόνῳ
1753 4782 1961 4856 λαμϐά-

289 4895 406 4932 νειν
461 4871 732 4952 εἴκοντα;
792 4875 880 4938 Τίς
931 4873 986 4929 δὲ
1039 4875 1146 4930 τῶν
1205 4873 1331 4952 παρ’
1371 4877 1500 4951 ὑμῖν
1554 4877 1964 4951 θαυματοποιῶν

292 4964 334 5033 ἢ
382 4965 473 5029 οὓς
531 4966 686 5040 ὑμεῖς
737 4964 886 5027 θεοὺς
930 4964 1228 5041 ἐνομίσατε,
1262 4967 1338 5019 ὧν
1396 4967 1449 5021 αἱ
1505 4978 1754 5044 γοητεῖαι
1783 4966 1868 5022 καὶ
1929 4965 1962 5032 ἦ

294 5054 512 5128 ἀπάτη,
547 5055 622 5111 ῶν
668 5055 719 5111 αἱ
751 5056 1032 5134 φαντασίαι
1062 5053 1156 5111 καί
1218 5052 1407 5133 δολερὰ
1459 5054 1633 5112 πάντα
1676 5053 1966 5130 πλάσματα

294 5146 392 5202 καὶ
444 5144 824 5225 τεχνάσματα,
886 5147 965 5210 τίς
1023 5143 1236 5200 ἐκείνων
1293 5153 1527 5204 τοιοῦτον
1599 5143 1738 5209 ὅλως
1795 5142 1969 5223 εἰργοί-

298 5255 459 5313 σατο,
519 5233 615 5292 ἵνα
678 5236 767 5292 καὶ
854 5236 990 5297 κατὰ
1054 5235 1209 5310 βυθυῦ
1291 5233 1610 5311 ῥιπτόμενος
1694 5233 1967 5312 ἄνθρωπος

295 5325 492 5405 χερσὶν
533 5322 782 5404 ἀγγέλων
835 5321 1180 5404 ὑποδεχθείη,
1245 5326 1331 5380 καὶ
1380 5324 1609 5402 πεζεύσῃ
1671 5322 1962 5400 θάλασσαν,

292 5416 385 5471 καὶ
415 5416 548 5493 πρὸς
579 5415 680 5484 τὴν
735 5413 956 5494 ἤπειρον
990 5411 1236 5478 ἀϐλαϐῶς
1268 5413 1414 5494 ἔχων
1445 5413 1726 5482 διασωθείη
1765 5433 1780 5489 ;

383 5503 484 5568 lZ'.
531 5507 674 5584 Πρὸς
731 5512 898 5562 ταῦτα
956 5504 1110 5562 πάλιν
1156 5505 1184 5560 ὀ
1243 5504 1485 5581 ἡγεμώνο
1551 5504 1608 5560 Εἰ
1636 5505 1726 5560 καὶ
1781 5500 1967 5558 δύσκο-

294 5594 392 5653 λον
439 5595 687 5678 ἀτεχνῶς
735 5597 798 5652 τὸ
832 5597 920 5652 τὸν
977 5591 1115 5660 ἅπαξ
1147 5593 1345 5651 ἁλόντα
1400 5599 1469 5672 τῇ
1500 5599 1605 5651 τῶν
1637 5596 1971 5674 Χριστιανῶν

297 5687 482 5768 ἀπάτῃ
540 5696 639 5748 τοῦ
693 5692 796 5764 ζῇν
851 5683 1150 5753 ἀπαλλάξαι
1210 5684 1268 5741 ὃν
1327 5682 1390 5743 ἄν
1444 5707 1525 5749 τις
1583 5687 1670 5743 καὶ
1728 5682 1972 5763 βούλοιτο

2047 4685 2358 4768 prwstigiaa
2391 4692 2450 4748 et
2479 4686 2823 4762 incantatio,
2854 4705 3024 4748 serva
3073 4687 3268 4748 facere
3300 4686 3620 4762 elementa,
3650 4703 3712 4758 et

2045 4796 2114 4839 ea
2133 4776 2406 4856 accipere
2421 4775 2700 4838 cedentia
2720 4779 3003 4838 voluntati
3029 4775 3058 4834 ?
3079 4775 3222 4848 Quis
3242 4783 3436 4839 autem
3471 4795 3706 4853 eorum,

2045 4868 2144 4948 qui
2206 4875 2342 4927 sunt
2403 4865 2558 4946 apud
2592 4884 2692 4926 vos
2749 4865 3270 4945 praestigiatorum,
3331 4874 3436 4928 aut
3497 4884 3709 4929 eorum

2049 4975 2201 5036 quos
2240 4975 2346 5018 vos
2377 4956 2522 5017 deos
2565 4974 2699 5017 esse
2739 4955 3083 5030 censuistis,
3111 4974 3362 5038 quorum
3400 4966 3710 5038 suntprae—

2049 5051 2228 5122 stigiae
2253 5057 2308 5107 ει
2340 5050 2621 5119 deceptio,
2644 5063 2891 5120 quorum
2925 5051 3182 5120 speciosa
3209 5059 3263 5110 et
3286 5050 3480 5110 dolosa
3514 5052 3707 5108 omnia

2051 5137 2335 5215 ﬁgmenta
2367 5133 2688 5196 etartiticia
2717 5153 2730 5191 :
2767 5134 2900 5213 quis
2924 5153 3130 5196 eorum
3153 5137 3400 5197 omnino
3425 5135 3538 5197 tale
3565 5135 3710 5216 quid

2052 5225 2218 5302 fecit,
2253 5235 2316 5286 ut
2347 5225 2524 5286 homo
2573 5223 2673 5302 qui
2699 5224 2923 5303 jacitur
2951 5225 3010 5285 in
3045 5225 3431 5304 profundum,
3468 5224 3715 5304 angelo-

2048 5334 2179 5378 rum
2216 5314 2494 5377 manibus
2526 5313 2886 5392 suscipiatur
2916 5322 2974 5374 et
3006 5314 3189 5394 pedes
3219 5333 3384 5378 mare
3409 5314 3710 5378 transmit—

2051 5413 2156 5486 tat,
2185 5405 2526 5486 illaesusque
2551 5413 2608 5466 et
2629 5422 2841 5485 sospes
2862 5406 2918 5466 in
2947 5412 3162 5467 terram
3186 5404 3428 5468 veniat?

2129 5494 2412 5558 XVll.Ad
2439 5496 2564 5557 haec
2593 5513 2844 5576 praeses:
2874 5493 3212 5557 Etiamsisit
3239 5496 3415 5576 plane
3440 5494 3710 5574 difﬁcile,

2053 5585 2132 5662 ei,
2159 5585 2266 5666 qui
2287 5595 2494 5667 captus
2515 5593 2605 5648 est
2633 5603 2840 5647 errore
2869 5584 3367 5662 Christianorum,
3387 5587 3562 5648 vitam
3583 5586 3712 5648 eri-

2054 5694 2198 5762 pere
2244 5694 2316 5740 eo
2369 5676 2572 5758 modo,
2604 5695 2724 5754 quo
2770 5675 2904 5757 quis
2951 5675 3150 5758 vellet,
3187 5684 3427 5756 propter
3458 5694 3528 5737 ea
3575 5693 3711 5754 qum
