4132 6408
442 307 561 376 527

1747 310 2030 384 MENSIS
2069 307 2502 382 DEGEMBER.

3716 309 3832 380 5‘28

446 444 559 534 ipsi
577 452 781 504 contra
799 445 1006 534 callide
1027 447 1437 521 excogitant.at
1459 464 1566 522 ego
1588 449 1694 507 tibi
1709 450 1883 509 simul
1909 460 1960 508 et
1985 450 2072 508 dit

2179 453 2398 529 τρόπον,
2433 452 2501 510 δι’
2557 454 2619 519 ἃς
2681 454 2836 512 αὐτοὶ
2872 454 3028 512 πάλιν
3071 453 3546 534 ἀντιμηχανῶνται
3590 449 3832 531 ῥᾳδιουρ-

442 531 661 594 ticilem
691 539 753 594 et
778 532 1038 597 celerem
1063 542 1316 597 mortem
1351 536 1794 616 excogitabo.ln
1829 555 2097 616 praesen-

438 620 582 684 tiam
637 629 838 684 autem
874 642 969 685 me
997 623 1375 689 festinantem
1429 625 1756 689 Caesaream
1789 627 1888 688 hic
1941 646 2095 706 quo~~

440 730 561 793 que
590 730 688 774 me
719 714 1177 795 sequatur,dixit
1196 715 1272 776 iis
1294 718 1427 796 quis
1448 715 1744 791 astabant,
1770 717 1823 778 vi
1849 726 2091 791 tractus,

445 813 506 867 et
527 805 713 886 virgis
741 805 939 868 valide
971 816 1199 886 tergum
1232 818 1512 884 caesus,ut
1542 809 1667 871 illic
1697 819 2098 886 consequatur

440 913 510 956 ea
541 914 673 976 quae
695 894 1018 972 desiderat,
1043 897 1287 978 praemia
1309 906 1368 960 et
1395 900 1936 962 remunerationes.
1969 898 2095 962 Hoc

432 993 634 1048 autem
665 985 844 1067 facto,
880 995 1189 1068 postquam
1220 989 1660 1052 intellexissent
1689 991 2095 1052 Caesareenses

439 1093 656 1138 novum
687 1076 761 1139 ad
786 1093 890 1138 eos
919 1076 1270 1141 adventasse
1303 1081 1643 1160 praesidem,
1669 1080 1773 1161 qui
1800 1079 2091 1161 Tltyrsum

437 1165 774 1228 adducebat
800 1167 859 1228 in
891 1166 1164 1241 vinculis,
1190 1187 1402 1232 omnes
1421 1169 1598 1232 simul
1632 1170 1926 1239 exierunt,
1961 1187 2094 1249 spe-

435 1257 527 1318 cie
549 1255 793 1345 quidem
815 1264 880 1318 ut
904 1257 1144 1345 praesidi
1165 1258 1326 1321 irent
1349 1258 1608 1335 obviam,
1625 1277 1836 1322 revera
1864 1267 2088 1345 autem,

429 1345 614 1408 visuri
636 1344 958 1426 Thyrsum.
991 1344 1600 1411 Desiderabantenim
1633 1368 1768 1411 eum
1795 1344 2093 1422 videre,ut

429 1435 533 1516 qui
561 1435 654 1497 vel
685 1454 755 1498 ex
785 1436 899 1498 hoc
920 1435 1046 1497 solo
1073 1445 1318 1518 possent
1334 1438 1624 1519 consequi
1644 1438 2090 1518 gratiam.Post-

2182 543 2323 624 γίας,
2385 544 2507 600 ἀλλ’
2561 545 2670 622 ἐγώ
2728 567 2812 602 σοι
2857 545 3100 624 χαλεπὸν
3145 546 3280 618 ὸμοὺ
3338 546 3422 600 καὶ
3481 544 3652 622 ταχὺν
3709 542 3831 598 ἐπι-

2183 634 2361 702 νοήσω
2421 637 2510 690 τὸν
2541 637 2785 694 θάνατον.
2849 636 2924 693 Τὰ
2970 633 3022 689 δὲ
3071 644 3158 694 νῦν
3204 633 3534 712 ἐπειγομένῳ
3568 656 3657 708 μοι
3703 632 3832 707 πρὸς

2179 723 2279 790 τὴν
2339 725 2655 804 Καισάρειαν
2707 725 2940 800 ἒμέσθω,
2998 727 3148 804 φησὶ,
3188 729 3276 782 καὶ
3331 727 3500 800 οὗτος,
3538 725 3668 801 πρὸς
3711 722 3830 783 τοὺς

2181 821 2538 890 περιεστῶτας
2610 817 2765 872 εἶπεν
2822 814 2966 890 ἰδὼν,
3031 815 3319 890 ἑλκόμενός
3386 837 3443 871 τε
3504 816 3631 891 πρὸς
3688 813 3829 887 βίαν,

2177 901 2274 958 καί
2325 901 2535 979 ῥάϐδοις
2567 905 2802 984 ἰσχυρῶς
2865 907 2928 960 τὰ
2964 912 3104 962 νῶτα
3147 906 3462 979 παιόμενος,
3496 906 3568 968 ὡς
3611 902 3672 958 ἂν
3717 901 3832 956 ἐκεῖ

2178 1013 2284 1048 των
2352 993 2785 1068 ἐπιθυμουμένων
2853 992 3112 1073 βραϐείων
3185 995 3341 1074 τύχοι
3412 996 3498 1050 καὶ
3567 988 3828 1068 ἀμοιϐῶν.

2178 1083 2374 1138 Τούτου
2431 1081 2486 1137 δέ
2545 1105 2850 1160 γενομενου,
2913 1083 2999 1140 ἐπὶ
3054 1087 3269 1160 μάθοιεν
3327 1086 3375 1140 οἱ
3434 1083 3488 1138 ἐν
3548 1081 3829 1159 Καισαρείᾳ

2175 1172 2267 1226 τὸν
2339 1171 2456 1228 νέον
2513 1172 2789 1252 ἐπιφοιτᾷν
2870 1177 3052 1236 αὐτοῖς
3120 1172 3386 1252 ἡγεμόνα,
3459 1173 3548 1228 τὸν
3633 1173 3828 1248 Θύρσον

2175 1262 2277 1317 ὑπὸ
2333 1257 2554 1336 δεσμοῖς
2618 1263 2977 1340 ἐπαγόμενον,
3022 1261 3241 1333 ἐξήεσαν
3299 1265 3433 1329 ὁμοῦ
3483 1262 3700 1334 πάντες,
3751 1265 3828 1332 τῷ

2175 1350 2272 1419 μὲν
2333 1347 2512 1407 δοκεῖν
2563 1358 2637 1425 τῷ
2669 1352 2895 1428 ἡγεμόνι
2950 1353 3471 1431 προυπαντήσοντες,
3504 1357 3580 1423 τῷ
3636 1348 3826 1415 ἀληθεῖ

2174 1437 2228 1494 δὲ
2296 1442 2388 1496 τὸν
2449 1442 2642 1519 Θύρσον
2716 1441 2995 1516 ὀψόμενοι·
3070 1441 3184 1498 ἐπεὶ
3242 1443 3331 1498 καὶ
3404 1442 3564 1504 πόθος
3635 1441 3824 1503 αὐτοὺς

432 1543 608 1607 quam
625 1542 766 1587 vero
788 1524 1028 1588 fuerunt
1057 1527 1118 1588 in
1155 1526 1409 1604 civitate,
1438 1539 1669 1608 martyr
1699 1530 1942 1608 quidem
1975 1536 2075 1590 sta-

2171 1530 2301 1609 εῖχε
2353 1535 2453 1597 τῆς
2508 1529 2706 1589 ἐκείνου
2753 1531 2901 1611 θέας,
2933 1534 3005 1595 ὡς
3053 1533 3231 1588 ἱκανὸν
3285 1530 3343 1586 δν
3377 1532 3463 1587 καὶ
3507 1530 3612 1587 απδ
3656 1532 3825 1605 μόνης

427 1617 532 1678 tim
564 1616 873 1695 conjectus
906 1622 997 1676 est
1027 1615 1089 1677 in
1117 1635 1424 1680 carcerem
1454 1636 1470 1694 ;
1503 1619 1856 1681 consultanti
1891 1627 2075 1681 autem

2171 1641 2233 1697 γε
2303 1621 2499 1686 ταύτης
2560 1621 2780 1699 χάριτος
2854 1635 3178 1700 μετασχεῖν.
3237 1621 3385 1677 Ἐπεὶ
3445 1619 3499 1675 δὲ
3549 1621 3634 1676 καὶ
3689 1620 3828 1676 κατὰ

424 1710 678 1782 praesidi,
701 1710 1050 1781 quibusnam
1079 1712 1267 1770 modis
1314 1728 1446 1771 eum
1477 1725 1868 1785 consumeret,
1901 1716 2075 1770 visum

2169 1711 2268 1775 τὴν
2331 1708 2488 1766 πόλιν
2539 1711 2698 1789 ἦσαν,
2758 1712 2848 1766 τὸν
2920 1713 3159 1790 μάρτυρα
3214 1711 3312 1785 μὲν
3371 1709 3514 1772 εὐθὺς
3578 1710 3706 1788 εἶχε
3767 1711 3827 1765 τὸ

426 1803 523 1859 est
541 1814 676 1858 eum
704 1794 767 1857 in
798 1794 1020 1858 bestias
1039 1795 1367 1861 immittere
1393 1816 1409 1874 ;
1438 1799 1592 1861 hanc
1625 1800 1786 1861 enim
1803 1798 2075 1880 judicavit

2172 1797 2560 1878 δεσμωτήριον,
2611 1800 2958 1874 σκεπτομένῳ
3017 1800 3071 1856 δὲ
3129 1803 3207 1873 τῷ
3254 1799 3502 1876 ἡγεμόνι,
3559 1797 3706 1863 ὅπως
3762 1797 3822 1856 ἂν

423 1898 673 1948 mortem
700 1903 829 1946 esse
856 1890 1315 1955 acerbissimam.
1339 1902 1396 1949 et
1424 1907 1554 1964 quin
1585 1892 1754 1952 vitari
1783 1909 1897 1951 non
1922 1903 2075 1965 pote-

2175 1890 2330 1946 αὖτὸν
2407 1891 2493 1944 καὶ
2549 1889 2683 1945 τίσιν
2761 1889 3012 1965 ἀναλώσῃ
3086 1891 3329 1968 τρόποις,
3379 1890 3577 1966 Θηρίοις
3653 1888 3823 1954 ἔδοξεν

424 1982 540 2039 rat.
569 1975 747 2040 Jubet
775 1994 918 2055 ergo
949 1976 1021 2039 ad
1039 1983 1235 2059 ipsum
1262 1985 1532 2040 montem
1556 1986 1782 2042 turrem
1807 1978 2075 2040 aediﬁcar.

2175 1978 2479 2058 ἐπαφεῖναι·
2545 1978 2695 2040 οὗτος
2765 1981 2864 2055 γὰρ
2937 1982 3078 2052 αὐτῷ
3133 1981 3218 2035 καὶ
3263 1979 3497 2034 θανάτων
3551 1977 3728 2057 ἐκρίθη
3795 1982 3822 2035 6

421 2069 768 2142 ligneum,et
786 2085 968 2130 saevas
987 2071 1138 2130 feras
1151 2070 1343 2129 omnis
1363 2071 1594 2144 generis
1620 2073 1679 2128 in
1695 2086 1820 2130 eam
1835 2073 2087 2137 immitti;

420 2155 576 2218 fame
605 2174 745 2219 vero
778 2155 1102 2218 multorum
1154 2156 1388 2218 dierum
1419 2155 1640 2219 irritati
1672 2174 1772 2218 eas
1801 2155 1874 2218 ad
1908 2158 2085 2218 saevi-

420 2245 586 2326 tiam,
611 2255 671 2308 et
691 2245 915 2309 deinde
933 2245 997 2307 in
1026 2246 1292 2308 medium
1316 2264 1522 2308 earum
1543 2246 1713 2327 injici
1734 2253 2077 2327 martyrem.

502 2337 649 2400 Cum
701 2335 828 2398 hac
857 2343 1053 2398 autem
1099 2339 1363 2417 perfecta
1389 2335 1645 2400 fuissent
1673 2337 1913 2416 triginta
1943 2337 2078 2398 die-

419 2423 558 2502 bus,
593 2426 936 2488 universum
990 2427 1276 2506 populum
1307 2427 1369 2488 in
1421 2427 1773 2488 concionem
1835 2445 2080 2505 congre-

423 2524 522 2597 gat
545 2534 750 2578 comes
799 2515 872 2577 ad
905 2514 1191 2596 templum
1249 2516 1430 2591 lovis,
1464 2515 1968 2596 splendidumque
2023 2525 2084 2579 et

2175 2068 2490 2146 πικρότατός
2534 2089 2591 2125 τε
2624 2069 2710 2123 καὶ
2763 2067 3219 2146 ἀφυλακτότατος.
3271 2066 3482 2126 Κελεύει
3516 2078 3641 2146 γοῦν
3684 2070 3821 2147 πύρ-

2177 2181 2268 2235 γον
2331 2179 2384 2213 τε
2438 2158 2568 2234 πρὸς
2627 2159 2768 2230 αύτῷ
2841 2157 2946 2234 δ’ρει
3008 2157 3208 2224 ξύλινον
3278 2155 3689 2232 οἰκοδομηθῆναι
3735 2168 3822 2223 καὶ

2167 2251 2330 2325 θῆρας
2374 2247 2582 2324 ἀγρίους
2641 2247 2776 2302 εἴσω
2834 2245 3200 2311 παντοδαποὺς
3262 2245 3640 2320 ἐπιϐληθῆναι,
3688 2249 3820 2325 πρὸς

2166 2337 2220 2393 δε
2297 2338 2382 2393 καὶ
2445 2335 2589 2409 λιμῷ
2674 2335 2993 2414 πολυημέρῳ
3049 2335 3374 2416 διερεσθῆναι
3442 2337 3647 2400 τούτοις
3721 2342 3820 2404 τὴν

2163 2426 2480 2504 ἀγριότητα,
2515 2425 2698 2482 ἔπειτα
2771 2428 2842 2492 εἰς
2906 2426 3098 2502 μέσους
3175 2427 3360 2492 αὐτοὺς
3418 2427 3672 2508 ἀφεθῆναι
3728 2430 3820 2484 τὸν

2167 2539 2423 2594 μάρτυρα.

2248 2608 2458 2664 Τούτων
2530 2605 2585 2662 δὲ
2658 2608 2730 2670 εἷς
2803 2606 3083 2684 τριάκοντα
3165 2606 3516 2665 τελεσθέντων
3589 2608 3815 2685 ἡμέρας,

426 2605 769 2686 magniﬁcat
818 2611 982 2685 parat
1026 2605 1436 2668 sacriﬁcium:
1495 2614 1554 2670 et
1603 2605 1691 2668 sic
1723 2624 1755 2667 e
1815 2607 2083 2670 custodia

423 2696 625 2760 educit
645 2695 936 2776 Tbyrsum
958 2694 1314 2757 tradendum
1331 2695 1562 2757 bestiis.
1593 2695 1763 2768 Quod
1786 2714 1924 2758 vero
1957 2707 2075 2758 erat

2167 2695 2442 2771 πάνδημον
2500 2698 2642 2776 παρὰ
2701 2703 2778 2771 τῷ
2837 2700 2946 2770 ναῷ
2988 2705 3080 2754 τοῦ
3113 2700 3237 2761 Διὸς
3270 2702 3297 2755 6
3359 2700 3536 2773 κόμης
3595 2700 3817 2775 ἀθροίζει

421 2791 678 2853 omnium
693 2789 1183 2862 gravissimum.et
1206 2789 1458 2848 validum
1481 2789 1553 2848 ad
1576 2791 1702 2861 ejus
1728 2791 2075 2849 movendum

2165 2788 2502 2866 πανήγυριν,
2588 2787 2675 2844 καὶ
2766 2785 3029 2854 πολυτελῆ
3113 2789 3292 2845 θυσίαν
3403 2791 3815 2867 παρασκευάζει·

419 2878 712 2951 animum,
764 2882 823 2936 et
862 2874 1235 2936 incitandum
1284 2875 1358 2936 ad
1405 2874 1888 2954 abnegationem,
1938 2896 2070 2938 cum

2162 2879 2249 2934 καὶ
2308 2875 2474 2940 οὕτως
2531 2877 2636 2934 ἀπὸ
2693 2882 2792 2945 τῆς
2843 2876 3081 2958 φυ-λακῆς
3138 2878 3255 2957 ἄγει
3304 2880 3395 2935 τὸν
3458 2880 3655 2958 Θύρσον
3699 2892 3816 2944 τοῖς

415 2965 532 3029 hoc
561 2966 714 3028 forte
745 2965 1135 3044 excogitasset
1183 2964 1483 3046 inimicus,
1518 2952 1655 3027 eum
1681 2964 2072 3028 circumstans

2162 2970 2362 3046 θηρίοις
2414 2952 2867 3043 ἐκδοθησόμενον.-
2901 2952 2962 3026 F0
3007 2965 3060 3022 δὲ
3105 2952 3319 3026 πάντων
3376 2968 3442 3036 ἦν
3487 2952 3815 3048 χαλεπώτα-

416 3055 736 3118 multitudo
788 3066 1176 3135 cognatorum
1222 3063 1280 3116 et
1329 3055 1655 3117 amicorum
1709 3056 1972 3134 rogabat,
2011 3066 2074 3118 ut

2162 3080 2268 3130 τον,
2304 3059 2392 3115 καὶ
2441 3059 2662 3136 ἰσχυρὸν
2719 3057 2902 3135 ψυχὴν
2961 3055 3252 3131 διασεῖσαι,
3303 3060 3391 3114 καὶ
3447 3057 3812 3135 παρακαλέσαι

420 3145 536 3208 sibi
567 3153 864 3227 parceret,
901 3152 959 3207 et
998 3145 1287 3225 effugeret
1313 3145 1680 3207 horrendum
1711 3144 1855 3207 illud
1883 3164 2073 3224 genus

2162 3149 2286 3226 πρὸς
2347 3144 2588 3225 ἄρνησιν,
2648 3155 2742 3202 τοῦ
2784 3146 2978 3225 ἐχθρού
3040 3146 3184 3224 τάχα
3243 3147 3328 3204 καὶ
3370 3155 3525 3204 τοῦτο
3583 3167 3811 3224 σοφισα-

417 3235 718 3316 supplicii,
774 3234 1051 3296 faciendo
1094 3233 1254 3311 quod
1305 3233 1675 3312 jubebatur:
1739 3233 1839 3296 Sic
1887 3235 2069 3310 enim,

2162 3237 2342 3314 μένου,
2389 3235 2591 3301 πλῆθος
2650 3236 2806 3291 αὐτὸν
2849 3237 3189 3312 περιστάντες
3248 3239 3517 3310 συγγενῶν
3575 3235 3662 3290 καὶ
3720 3234 3812 3312 φί-

336 3337 341 3344 ’
408 3323 669 3400 aiebant,
705 3341 825 3385 non
854 3324 1050 3384 solum
1085 3322 1248 3384 nulla
1279 3323 1433 3385 mala
1464 3323 1732 3404 patieris,
1755 3323 1862 3384 sed
1895 3323 2073 3385 etiam

2162 3324 2265 3380 λων
2335 3325 2608 3402 φείσασθαι
2693 3323 2878 3378 ἑαυτοῦ
2949 3325 3240 3402 παρῄνουν,
3308 3321 3404 3378 καὶ
3467 3322 3527 3377 τὸ
3597 3324 3813 3400 φρικτὸν

407 3413 672 3476 honores
729 3411 1146 3492 consequeris,
1210 3419 1268 3472 et
1325 3412 1445 3473 eris
1499 3414 1847 3492 imperatori
1903 3413 2075 3475 valde

2162 3413 2334 3469 ἒκεινο
2394 3409 2672 3490 διαφυγεῖν
2722 3417 2816 3478 τῆς
2877 3410 3175 3486 κολάσεως,
3237 3409 3502 3489 πράξαντα
3543 3412 3604 3468 τὸ
3649 3432 3810 3468 κεκε-

406 3501 743 3572 familiaris.
798 3500 904 3562 Ille
935 3507 1135 3562 autem
1191 3519 1571 3582 nequaquam
1622 3502 1695 3564 ad
1729 3502 1854 3564 haec
1906 3502 2066 3578 fecit,

2162 3501 2464 3577 λευσμενον.
2502 3500 2653 3559 Οὕτω
2703 3503 2802 3581 γὰρ
2836 3504 2895 3559 οὐ
2940 3504 3101 3578 μόνον
3150 3501 3431 3580 ἀπείρατος
3463 3500 3558 3576 ἔσῃ
3605 3508 3804 3576 κακῶν,

408 3591 570 3673 quod
629 3590 806 3672 primi
834 3598 1138 3672 parentes,
1172 3590 1274 3652 sed
1327 3590 1528 3669 potius
1561 3591 1617 3653 id
1649 3592 1809 3669 quod
1859 3591 2069 3669 David,

2162 3591 2407 3667 ἔφασκον,
2439 3589 2576 3648 ἄλλὰ
2636 3593 2723 3648 καὶ
2776 3599 2948 3668 τιμῶν
3007 3591 3352 3673 ἀπολαύσεις,
3409 3595 3493 3649 καὶ
3550 3591 3810 3669 μεγίστην

406 3672 527 3743 non
581 3679 855 3761 praebens
884 3698 1060 3743 aures
1091 3677 1326 3742 acerbis
1372 3679 1759 3761 serpentibus
1791 3691 1849 3744 et
1900 3682 2071 3744 malis

2162 3681 2285 3748 ἔξεις
2337 3683 2478 3761 παρὰ
2508 3679 2724 3758 βασιλεῖ
2753 3682 2851 3749 τὴν
2907 3682 3193 3741 οἰκείωσιν.
3258 3672 3315 3738 ’0
3373 3679 3431 3736 δὲ
3487 3681 3616 3760 πρὸς
3645 3680 3810 3737 ταῦτα

407 3770 878 3847 consultoribus,
913 3771 1133 3834 surdus
1162 3787 1302 3832 vero
1330 3777 1457 3832 erat
1488 3771 1637 3833 sicut
1686 3771 1813 3850 ille,
1848 3780 1907 3836 et
1933 3792 2069 3835 mu-

409 3872 526 3944 tus,
559 3881 678 3925 non
707 3880 905 3938 aures,
941 3880 1060 3924 non
1091 3880 1181 3937 os,
1216 3861 1464 3924 omnino
1501 3863 1803 3943 aperiens.

474 4132 661 4191 XVIII.
684 4131 1005 4192 Adducitur
1024 4140 1216 4192 autem
1235 4133 1305 4192 ad
1320 4134 1740 4208 praesidem,qu
1755 4135 2065 4207 peragebat

402 4217 902 4282 sacriﬁcium.llle
923 4238 1061 4282 vero
1083 4239 1216 4282 cum
1245 4220 1493 4282 vidisset
1513 4229 1854 4302 martyrem:
1885 4220 2060 4297 Ecce,

399 4309 617 4390 inquit,
633 4327 814 4390 supra
833 4309 1071 4370 modum
1089 4309 1308 4371 fuimus
1324 4310 1384 4372 in
1410 4320 1463 4372 te
1478 4310 1936 4392 clementes,qui
1959 4311 2066 4372 tibi

398 4398 472 4460 ad
493 4399 948 4461 deliberandum
970 4407 1196 4462 tantum
1225 4404 1514 4480 temporis
1542 4401 1972 4463 concessimus.
2002 4400 2065 4463 Si

2151 3774 2214 3830 τὸ
2255 3779 2362 3829 τῶν
2421 3772 2768 3851 προπατόρων
2826 3772 2925 3843 μὶν
2967 3771 3237 3848 οὐδαμῶς,
3271 3772 3332 3827 τὸ
3390 3779 3482 3830 τοῦ
3527 3768 3699 3826 Δαυ³ιδ
3753 3768 3808 3827 δὲ

2147 3861 2354 3939 μᾶλλον
2413 3862 2579 3920 ἐποίει
2643 3863 2720 3938 μὴ
2779 3859 2949 3924 διδοὺς
3006 3862 3073 3918 τὰ
3113 3865 3225 3918 ὦτα
3269 3873 3485 3935 πικροῖς
3531 3858 3680 3939 ὄφεσι
3720 3861 3809 3917 καὶ

2147 3953 2344 4016 δεινοῖς
2389 3950 2728 4028 συμϐούλοις,
2779 3951 2957 4031 κωφὸς
2984 3949 3040 4007 δὲ
3089 3952 3180 4026 ἦν,
3215 3952 3288 4014 ὡς
3335 3949 3543 4013 ἐκεῖνος
3575 3948 3804 4024 δηλαδὴ,

2147 4045 2235 4100 καὶ
2265 4041 2486 4118 ἄλαλος,
2522 4043 2600 4118 μὴ
2632 4042 2822 4117 ἀκοὴν,
2858 4044 2935 4108 μὴ
2980 4041 3152 4115 στόμα
3184 4041 3244 4096 τὸ
3277 4040 3526 4116 παράπαν
3556 4038 3806 4118 ἀνοίγων.

2228 4131 2345 4195 ΙΗ’.
2369 4135 2456 4206 Τῷ
2486 4129 2710 4209 ἡγεμόνι
2744 4130 2823 4206 δὲ,
2857 4132 2930 4195 ὡς
2954 4129 3111 4209 εἶχε,
3138 4130 3234 4197 τὴν
3265 4128 3442 4186 θυσίαν
3472 4127 3802 4186 ἰπιτελοῦντι

2145 4225 2490 4302 παρίσταται.
2548 4223 2808 4285 Κάκεῖνος
2842 4222 2931 4276 τὸν
2963 4221 3200 4298 μάρτυρα
3259 4219 3611 4298 θεασάμενος,
3646 4215 3799 4298 Ἰδοὺ,

2145 4315 2301 4393 φησὶ,
2332 4311 2427 4369 καί
2482 4311 2616 4390 πέρα
2681 4320 2774 4370 τοῦ
2836 4311 3049 4390 μετρίου
3105 4307 3464 4389 φιλάνθρωποί
3492 4331 3574 4365 σοι
3633 4309 3800 4387 γεγό-

2146 4425 2332 4480 ναμεν,
2393 4401 2646 4460 τοσοῦτον
2716 4401 2926 4465 ἀνέντες
2987 4402 3168 4472 καιρὸν
3243 4401 3317 4465 είς
3376 4397 3676 4473 διάσκεψιν,
3740 4401 3800 4456 Εἰ

399 4505 541 4566 ergo
559 4496 616 4550 et
637 4489 764 4569 ipse
787 4507 857 4550 ea
879 4507 1013 4566 quae
1029 4490 1402 4570 oportet,tibi
1425 4490 1806 4571 consuluisti,
1835 4499 1892 4551 et
1915 4509 1984 4552 ex
2007 4499 2063 4551 te

2162 4493 2243 4550 ιέν
2303 4493 2390 4549 οὖν
2453 4494 2542 4549 καὶ
2590 4492 2746 4556 αὐτὸς
2806 4496 3011 4564 σεαυτῷ
3066 4491 3134 4546 τὰ
3185 4488 3370 4547 δέοντα
3407 4486 3798 4564 συμϐεϐούλευ-

397 4577 824 4656 cognosvistiid
838 4578 994 4657 quod
1010 4578 1116 4640 tibi
1133 4580 1396 4640 futurum
1425 4578 1703 4655 estutile;
1731 4599 1865 4642 cum
1891 4589 1950 4642 et
1983 4590 2070 4643 to-

395 4673 511 4728 tam
537 4667 784 4745 patriam
804 4667 1008 4728 videas
1030 4671 1155 4731 Jovi
1180 4669 1438 4730 maximo
1466 4668 1579 4730 deo
1600 4670 2061 4746 sacriﬁcantem,

393 4753 1053 4838 sacriﬁcaipsequoque
1068 4759 1384 4829 accedens,
1417 4767 1475 4819 et
1498 4758 1751 4821 liberare
1774 4760 1845 4821 ab
1867 4761 2060 4820 omni-

391 4842 509 4906 bus
537 4846 715 4908 minis
746 4855 804 4908 et
835 4848 1144 4927 periculis,
1171 4857 1232 4911 et
1262 4849 1335 4910 ab
1367 4850 1583 4920 acerbo
1618 4849 1747 4910 vitae
1765 4850 2062 4912 exitu.Sin

392 4935 613 5015 minus,
654 4944 712 4997 te
741 4934 1064 4998 bestiarum
1099 4938 1445 5020 discerpent
1478 4957 1708 5018 ungues
1740 4948 1799 5000 et
1827 4940 2058 5012 dentes,

391 5031 601 5088 contra
620 5043 751 5106 qua;
777 5025 978 5088 nullus
999 5027 1113 5090 erit
1135 5029 1381 5090 omnino
1401 5028 1508 5089 tibi
1531 5030 1856 5110 adjutor,et
1879 5031 1978 5110 qui
2004 5037 2060 5090 te

388 5137 420 5177 a
444 5120 612 5178 malis
637 5119 1075 5195 liberetJiiartyr
1103 5137 1241 5181 vero
1265 5124 1493 5196 fingens
1517 5123 1826 5195 quamdam
1859 5127 2060 5196 utique

387 5204 820 5287 paenitentiam:
852 5207 974 5286 Ego
999 5207 1264 5288 quidem,
1285 5209 1499 5289 inquit,
1519 5209 1881 5290 jampridem
1912 5211 2057 5274 satis

387 5294 534 5356 mihi
549 5295 822 5357 consului
833 5305 915 5377 ,et
932 5297 1045 5358 nisi
1066 5298 1281 5378 Apollo
1297 5308 1380 5380 ,ut
1399 5299 1500 5379 qui
1525 5301 1601 5360 sit
1621 5299 1928 5380 despectui
1945 5301 2054 5361 lia-

383 5383 571 5459 bitus,
593 5403 953 5448 succensere
969 5394 1008 5462 t,
1036 5405 1171 5450 cum
1197 5389 1362 5450 solus
1385 5408 1417 5450 a
1437 5408 1532 5452 me
1556 5387 2055 5470 colaturJupiter,

381 5491 507 5536 non
536 5473 966 5541 abscessissem
985 5496 1192 5540 nunca
1219 5479 1374 5542 meis
1396 5479 1771 5556 civibus,sed
1794 5483 1868 5543 de
1893 5499 2059 5542 more

377 5582 516 5628 cum
576 5566 665 5629 eis
720 5566 1184 5632 sacriﬁcassem.
1249 5568 1354 5630 His
1412 5571 1658 5647 auditis,
1699 5571 1926 5634 laetatus
1970 5573 2060 5634 est

374 5665 698 5741 prases,ut
719 5657 818 5740 qui
835 5657 959 5740 jam
981 5677 1347 5740 generosum
1380 5659 1552 5727 illum
1579 5661 1836 5743 cepisset
1865 5661 2060 5745 Thyr-

2149 4605 2267 4658 κας,
2319 4583 2404 4638 καί
2455 4583 2516 4638 τὸ
2567 4594 2814 4640 συνοῖσον
2867 4581 3081 4638 οἴκοθεν
3138 4579 3329 4660 ἔγνως,
3379 4581 3502 4635 ἒπεί
3552 4581 3638 4635 καὶ
3699 4579 3799 4646 τὴν

2147 4671 2370 4753 πατρίδα
2443 4679 2616 4730 πᾶσαν
2676 4675 2801 4750 ὁρᾷς
2856 4673 3078 4728 θύουσαν
3145 4671 3226 4726 Διὶ
3257 4677 3334 4743 τῷ
3382 4674 3621 4745 μεγιστῷ
3667 4672 3794 4747 θεῷ,

2145 4767 2300 4820 θῦσον
2343 4763 2428 4819 καὶ
2486 4765 2642 4827 αὐτὸς
2699 4759 3005 4840 προσελθὼν
3063 4761 3150 4816 καὶ
3209 4760 3422 4816 πάντων
3471 4761 3626 4837 ὁμοῦ,
3688 4763 3795 4812 τῶν

2146 4853 2403 4926 ἀπειλῶν,
2465 4858 2556 4909 τοῦ
2613 4851 2870 4925 κινδύνου,
2933 4850 3028 4906 καὶ
3097 4855 3196 4916 τῆς
3257 4854 3448 4926 πικρᾶς
3508 4853 3600 4904 τοῦ
3679 4847 3795 4922 βίου

2145 4943 2516 5022 καταστροφῆς
2577 4941 2940 5020 ἀπαλλάγηθιο
3003 4941 3047 4996 εἶ
3102 4937 3157 4994 δὲ
3205 4939 3309 5016 μὴ,
3343 4937 3539 5016 θηρίων
3598 4936 3792 5016 ὄνυχες

2145 5054 2202 5091 σε
2261 5035 2350 5090 καὶ
2409 5031 2615 5095 ὀδόντες
2663 5028 3123 5109 διασπαράξουσιν,
3159 5027 3240 5108 ἐφ’
3287 5033 3374 5092 οἷς
3432 5025 3596 5091 οὐδεὶς
3655 5027 3794 5091 ὅλως

2143 5126 2170 5180 6
2235 5124 2445 5200 βοηθῶν
2506 5121 2652 5178 ἔσται
2697 5143 2778 5177 σοι
2852 5121 2938 5176 καὶ
2995 5126 3101 5176 τῶν
3161 5116 3345 5176 δεινῶν
3403 5115 3791 5195 ἐξαιρούμενος,

2147 5216 2243 5272 Καὶ
2286 5217 2314 5270 6
2374 5214 2572 5293 μάρτυς
2622 5212 2963 5288 πλασάμενος
3020 5208 3173 5276 δῆθέν
3229 5231 3348 5266 τινα
3410 5206 3789 5283 μεταμέλειαν,

2143 5302 2290 5383 Ἐγὼ
2366 5303 2556 5384 πάλαι,
2615 5304 2798 5382 φησὶν,
2861 5303 3054 5362 ἱκανῶς
3113 5298 3326 5376 ἐμαυτῷ
3386 5295 3789 5373 συνεϐούλευσα,

2142 5399 2229 5451 καὶ
2259 5393 2309 5450 ε“ί
2356 5415 2417 5472 γε
2477 5394 2554 5469 μὴ
2605 5395 2634 5449 ὁ
2681 5389 2960 5449 Ἀπόλλων
3005 5393 3096 5448 οἶα
3139 5388 3448 5468 παροραθεὶς
3475 5387 3786 5466 ἠγανάκτει,

2143 5483 2312 5560 μάνου
2373 5481 2675 5557 τιμωμένου
2730 5479 2857 5559 παρ’
2910 5482 3028 5556 ἐμοὶ
3079 5487 3172 5538 τοῦ
3229 5480 3376 5554 Διὸς,
3423 5477 3518 5533 οὐκ
3560 5476 3622 5534 ἃν
3681 5483 3787 5534 τῶν

2144 5573 2350 5631 οἰκείων
2400 5571 2516 5652 ἄρτι
2559 5571 2796 5630 πολιτῶν
2840 5571 3186 5652 ἀπελείφθην,
3218 5567 3338 5625 ἀλλ’
3393 5566 3548 5624 ἔθυσα
3577 5564 3640 5624 ἄν
3693 5568 3785 5624 σὺν

2143 5666 2330 5727 αὐτοῖς
2383 5683 2448 5720 τα
2516 5660 2894 5742 νενομισμένα.
2965 5661 3142 5728 ’Ἡσθη
3201 5658 3400 5716 τούτων
3471 5656 3700 5722 ἀκούσας
3755 5657 3784 5713 6
