4132 6414
299 415 421 482 529

1261 412 1733 480 MARTYRIUM
1778 413 1839 477 S.
1892 413 2182 477 THYRSI
2226 413 2326 477 ET
2369 412 2773 478 SOCIORUM.

3572 418 3693 485 530

295 547 544 629 ἡγεμὼν,
623 551 717 606 οἶα
766 548 857 606 τὸν
912 559 1160 623 γενναῖον
1209 545 1314 615 ἤδη
1373 546 1571 626 Θύρσον
1645 544 1806 620 ἐλὼν,
1865 550 1946 605 καῖ

2036 564 2194 629 sum,
2228 554 2286 608 et
2310 546 2508 608 statim
2539 565 2676 609 cum
2711 564 2782 610 eo
2812 547 2980 611 laetus
3001 548 3072 611 ad
3109 548 3395 630 templum
3427 551 3683 629 accedit,

292 638 487 695 αὖτίκα
556 639 766 718 χαίρων
824 638 914 695 σὺν
965 638 1108 712 αύτῷ
1158 638 1286 716 πρὸς
1316 636 1408 693 τὸν
1453 637 1580 693 ναὸν
1610 635 1947 718 ἀφικνεῖται,

290 729 415 807 καὶ,
463 735 653 801 Θῦσον,
708 727 881 806 ἔλεγε,
927 734 1114 803 μόνον,
1175 726 1295 784 ἐπεὶ
1354 724 1464 805 ἐγώ
1505 747 1588 783 σοι
1619 727 1801 784 τούτου
1851 727 1949 806 ἐγ-

287 816 505 896 γυητὴς
539 818 837 897 ἀξιόχρεως
880 819 953 881 ὡς
1013 814 1177 881 οὓδείς
1214 839 1318 873 σοι
1376 816 1618 891 μηνίσειε
1648 818 1753 873 τὼν
1787 820 1944 877 θεῶν.

286 908 676 988 Προσσχόντος
734 907 904 963 τοίνυν
962 916 1055 968 τοῦ
1107 906 1419 986 μάρτυρος,
1472 906 1570 963 καὶ
1626 928 1744 963 τινα
1814 909 1947 983 πρὸς

280 997 384 1053 τὸν
429 995 609 1065 ἄληθῆ
674 997 805 1053 Θεὸν
855 997 1025 1078 εὕχὴν
1076 996 1415 1071 ὕπειπόντος,
1445 996 1632 1071 ἀθρόον
1663 997 1855 1075 χρῆμά
1895 1018 1947 1054 τι

279 1093 522 1161 σεισμοῦ
605 1085 826 1163 φοϐεροῦ
903 1088 1256 1163 κατασκῆψαν
1314 1083 1574 1162 συντρίϐει
1648 1084 1746 1159 μὲν
1820 1088 1947 1143 αὐτὸ

278 1178 355 1234 τὸ
388 1176 484 1233 to;
533 1176 657 1240 Διὸς
715 1174 931 1253 ἄγαλμα
986 1177 1075 1233 κλὶ
1124 1178 1198 1240 εἰς
1246 1174 1436 1255 ἔδαφος
1468 1182 1740 1254 κατασπᾷ,
1772 1196 1946 1233 κατα-

281 1268 430 1324 σεὲει
491 1264 546 1322 δὲ
599 1273 671 1340 τῷ
711 1263 861 1347 φόϐῳ
914 1267 1010 1331 τὰς
1054 1272 1162 1323 τῶν
1205 1266 1444 1322 ἀπίστων
1491 1265 1698 1347 ψυχὰς,
1727 1267 1816 1322 καὶ
1844 1267 1945 1332 τὴν

279 1356 480 1416 θυσίαν
523 1355 903 1435 ἀπολιπόντες,
948 1358 996 1414 οἱ
1067 1356 1166 1432 μὶν
1220 1359 1257 1433 ᾗ
1315 1352 1492 1412 ποδῶν
1560 1355 1725 1435 εἶχον
1786 1354 1947 1435 ἔφευ-

282 1468 416 1522 γον,
465 1446 627 1519 μόνος
679 1443 735 1501 δὲ
791 1446 926 1503 κατὰ
979 1447 1072 1503 τὸν
1130 1446 1257 1502 ναὸν
1312 1443 1552 1513 ἀθλητὴς
1607 1443 1943 1504 ὑπελείπετο.

280 1538 482 1598 Συνεὶς
540 1538 630 1590 οὖν
684 1535 783 1602 τὴν
839 1535 1050 1601 ἀπάτην
1093 1537 1121 1592 ὁ
1169 1537 1427 1612 ἡγεμὼν,
1490 1536 1662 1610 ἑαυτῴ
1704 1535 1805 1610 μὲν
1848 1537 1946 1601 τῆς

280 1624 692 1704 φιλανθρωπίας
735 1623 913 1702 ὥσπερ
972 1627 1061 1681 καὶ
1121 1630 1220 1693 τῆς
1261 1625 1640 1706 χρηστότητος
1700 1623 1946 1699 ἐπεμέμ-

2034 644 2094 699 et
2123 636 2313 699 solum
2339 636 2485 699 dicit
2519 637 2572 699 ei
2614 654 2628 699 :
2664 636 2969 703 Sacrifica.
3005 639 3129 720 Ego
3182 639 3344 703 enim
3400 658 3531 702 sum
3580 642 3688 705 tibi

2034 726 2214 805 hujus
2242 724 2332 787 rei
2364 726 2683 806 ﬁdejussor
2712 726 3158 809 idoneus,quod
3191 728 3301 792 tibi
3328 730 3526 793 nullus
3546 730 3687 794 deo-

2030 834 2163 876 rum
2198 815 2509 878 irascetur.
2547 816 2690 880 Cum
2725 835 2864 897 ergo
2905 826 3174 881 attentus
3224 828 3387 882 esset
3437 827 3681 903 martyr,

2034 912 2093 967 et
2117 905 2190 967 ad
2221 923 2426 968 verum
2462 908 2644 968 Deum
2671 907 2959 987 quasdam
3004 908 3258 971 fudisset
3315 928 3552 991 preces,
3584 929 3687 974 re-

2032 1003 2210 1075 pente
2242 994 2420 1056 veluti
2442 995 2684 1071 quidam
2716 995 3002 1058 terribilis
3028 997 3265 1061 irruens
3283 1007 3680 1076 terrzemotus,

2031 1087 2285 1147 conterit
2315 1084 2559 1162 quidem
2612 1086 2797 1167 ipsam
2851 1084 3016 1148 Jovis
3047 1087 3394 1168 imaginem,
3429 1097 3488 1151 et
3516 1090 3687 1153 humi

2029 1174 2238 1254 dejicit
2266 1196 2281 1251 ;
2313 1181 2475 1255 metu
2510 1184 2707 1237 autem
2758 1174 3036 1238 labefecit
3062 1177 3295 1240 animos
3325 1178 3682 1259 infidelium,

2030 1266 2129 1345 qui
2160 1264 2369 1327 relicto
2402 1264 2724 1340 sacriticio,
2774 1264 3055 1343 fugerunt
3089 1286 3265 1349 quam
3297 1278 3545 1350 potuere
3572 1288 3683 1332 ce-

2030 1354 2298 1431 lerrime,
2358 1355 2421 1415 in
2475 1353 2699 1434 templo
2750 1372 2890 1416 vero
2923 1355 3215 1419 remansit
3242 1357 3406 1419 solus
3433 1358 3677 1422 athleta.

2030 1444 2176 1508 Cum
2214 1443 2417 1525 itaque
2465 1443 2734 1506 fraudem
2788 1444 3179 1509 intellexisset
3237 1463 3481 1529 pra'ses,
3510 1467 3680 1510 suam

2031 1533 2273 1616 quidem
2297 1532 2615 1596 accusabat
2667 1533 3101 1613 benignitatem
3162 1543 3222 1598 et
3251 1536 3632 1599 clementiam
3654 1544 3678 1600 ἐ

2031 1623 2402 1687 efferebatur
2467 1633 2666 1687 autem
2724 1624 3010 1687 adversus
3061 1634 3403 1707 martyrem,
3452 1634 3517 1689 ut
3573 1618 3681 1709 qui

282 1737 452 1788 οετο,
514 1715 753 1793 ἦγρίαινε
792 1713 846 1772 δὲ
891 1713 1094 1789 μᾶλλον
1154 1714 1291 1773 κατὰ
1343 1722 1440 1771 τοῦ
1500 1716 1786 1795 μάρτυρος,
1853 1714 1946 1773 δι’τε

2031 1715 2235 1776 fuisset
2285 1715 2597 1794 deceptus,
2637 1719 2696 1776 et
2751 1732 2871 1775 non
2924 1714 3117 1777 solum
3168 1734 3288 1780 non
3346 1722 3680 1797 persuasis-

279 1805 676 1880 ἡπατημένος,
736 1806 823 1863 καὶ
878 1807 937 1862 οὔ
996 1806 1158 1880 μόνον
1230 1807 1293 1862 οὗ
1370 1806 1581 1875 πείσας,
1653 1804 1791 1861 ἀλλὰ
1860 1807 1946 1862 καὶ

2031 1812 2143 1877 set,
2172 1804 2275 1865 sed
2310 1804 2486 1866 etiam
2548 1813 2663 1866 tam
2724 1803 2946 1883 insigni
3003 1805 3253 1868 affectus
3303 1817 3464 1870 esset
3512 1807 3680 1887 igno-

281 1896 565 1974 αἰσχύνην
614 1894 781 1959 οὕτως
842 1894 1082 1974 ὀφλήσεις
1140 1900 1445 1973 περιφανῆ,
1504 1896 1592 1952 καὶ
1649 1893 1735 1951 διὰ
1794 1904 1946 1955 τοῦτο

2033 1894 2218 1954 minia
2250 1913 2263 1953 :
2301 1900 2359 1954 et
2410 1893 2547 1955 ideo
2576 1891 2794 1955 acerba
2856 1901 3050 1955 morte
3107 1913 3244 1956 eum
3277 1895 3518 1958 afﬁcere
3546 1904 3679 1959 stu-

279 1992 472 2062 πικρῷ
522 1985 732 2042 θανέτω
778 1985 1054 2060 μετελθεῖν
1098 1982 1312 2043 ἔσπευδε
1372 1987 1466 2042 τὸν
1522 1987 1611 2042 καὶ
1669 1985 1786 2043 κατ’
1846 1988 1946 2043 αὗ·-

2033 1981 2233 2063 debat,
2266 1982 2367 2063 qui
2398 1990 2456 2044 et
2487 1982 2684 2063 ipsum
2716 1990 2774 2045 et
2797 1981 2960 2045 illius
2990 1982 3137 2045 deos
3192 1992 3307 2046 tam
3338 1983 3499 2065 gravi
3528 1985 3678 2048 οσο-

280 2082 385 2132 τοῦ
444 2074 543 2130 καί
601 2076 738 2132 κατᾶ
794 2081 902 2132 τῶν
976 2075 1176 2132 ἐκείνου
1242 2078 1375 2132 θεῶν
1456 2073 1672 2155 χαλεπὰ
1729 2082 1946 2134 τοιαῦτα

2033 2071 2214 2134 cisset
2239 2071 2483 2152 injuria.

282 2163 608 2243 ἔξυϐρικότα
619 2213 633 2228 .

378 2253 490 2318 ΙΘ’,
540 2254 705 2320 Εἰδὼς
750 2255 920 2312 τοίνυν
952 2258 1025 2322 ὡς
1068 2254 1219 2334 ἔργον
1251 2256 1396 2329 αὖτῷ
1424 2255 1630 2335 γένοιτο
1658 2256 1720 2312 τὸ
1750 2255 1944 2313 ἐπιτα-

2110 2251 2240 2316 ΧΧ.
2275 2252 2421 2316 Cum
2450 2270 2589 2331 ergo
2610 2253 2813 2327 sciret,
2842 2251 2996 2334 quod
3020 2252 3284 2333 jusserat
3310 2250 3503 2314 statim
3530 2252 3680 2316 effe-

279 2367 424 2423 γμα,
461 2347 557 2402 καὶ
586 2345 668 2401 ὅτι
712 2346 908 2423 πύργος
939 2343 1284 2425 ᾠκοδομήθη,
1319 2346 1387 2403 τά
1414 2367 1472 2402 τε
1502 2347 1655 2417 θηρία
1684 2350 1763 2418 τῷ
1805 2345 1946 2420 λιμῷ

2031 2353 2188 2403 ctum
2219 2342 2424 2419 fuisse,
2460 2351 2516 2404 et
2545 2351 2767 2404 turrem
2819 2341 3004 2404 fuisse
3031 2341 3406 2419 aediﬁcatam,
3440 2350 3500 2404 et
3523 2343 3680 2406 fame

288 2434 610 2515 παρωξύνθη
654 2436 755 2503 τὴν
798 2436 1115 2516 ἀγριότητα,
1161 2437 1248 2492 καὶ
1303 2433 1419 2495 οὐδὲ
1479 2436 1680 2502 Αιθίνης
1711 2435 1773 2490 ἂν
1804 2434 1946 2492 ἀπό-

2031 2448 2164 2493 esse
2192 2432 2425 2495 irritam
2461 2432 2786 2495 bestiarum
2837 2430 3158 2508 feritatem,
3193 2439 3259 2494 ut
3304 2451 3419 2495 nec
3458 2451 3495 2495 a
3524 2432 3678 2515 lapi-

284 2547 526 2605 σχοιντο
569 2526 803 2604 φύσεως,
850 2524 1111 2602 βληθῆναι
1146 2526 1282 2582 κατὰ
1313 2525 1478 2590 μέσον
1533 2525 1703 2582 αὐτῶν
1747 2523 1946 2581 κελεύει

2031 2522 2143 2582 dea
2173 2522 2411 2602 quidem
2466 2521 2892 2583 abstinuissent
2936 2529 3169 2595 natura,
3198 2521 3372 2602 jubet
3400 2522 3686 2585 athletam

288 2618 384 2671 τὸν
410 2613 677 2685 ἀθλητήν.
714 2614 929 2695 Ἠφίετο
972 2619 1063 2672 οὖν
1117 2617 1279 2690 μόνος
1311 2615 1494 2679 αὐτοῖς
1526 2617 1553 2671 ὁ
1586 2615 1806 2691 μάρτυς,
1842 2637 1946 2690 μυ-

2038 2611 2247 2691 projici
2278 2611 2335 2673 in
2370 2612 2631 2674 medium
2664 2615 2898 2674 earum.
2941 2611 3117 2675 Solus
3149 2629 3291 2689 ergo
3324 2611 3436 2673 fuit
3466 2620 3688 2693 martyr

290 2705 424 2783 ρίων
469 2702 658 2769 ἔξωθεν
700 2704 989 2781 ὀφθαλμῶν
1030 2706 1203 2762 πάντα
1267 2705 1596 2781 βλεπόντων,
1661 2703 1815 2761 Ἀλλ’
1858 2709 1946 2764 οὒκ

2036 2700 2341 2774 dimissus,
2375 2701 2519 2763 foris
2549 2701 2739 2763 oculis
2791 2699 3339 2763 innumerabilibus
3367 2702 3571 2764 omnia
3594 2703 3688 2765 vi-

292 2797 366 2861 ἧν
428 2795 628 2869 μόνος,
691 2792 831 2851 ἀλλά
890 2816 968 2857 τις
1027 2793 1223 2851 ἄνωθεν
1288 2799 1430 2868 αὒτῷ
1491 2795 1578 2851 καὶ
1634 2795 1747 2850 θεία
1790 2795 1946 2873 χάρις

2035 2790 2639 2854 dentibusCaeterum
2674 2809 2792 2852 non
2825 2798 2954 2853 erat
2981 2790 3167 2871 solus,
3203 2790 3311 2853 sed
3342 2791 3612 2872 quaedam
3631 2791 3689 2854 ei

298 2888 509 2962 παρῆν,
567 2881 686 2950 ἥτις
741 2888 829 2941 καὶ
876 2882 993 2959 μεθ’
1052 2884 1245 2963 ἑτέρων
1285 2891 1446 2960 τριῶν
1507 2885 1723 2961 ὁρᾶσθαι
1768 2890 1946 2940 τοῦτον

2038 2879 2234 2941 divina
2263 2898 2297 2940 a
2325 2883 2560 2960 superis
2589 2879 2792 2941 aderat
2828 2880 3035 2960 gratia,
3060 2898 3198 2958 qua;
3226 2879 3468 2961 quidem
3497 2880 3689 2944 facie-

312 2971 511 3028 ἱποίει.
565 2970 879 3051 Περιστάντσ
939 2973 1109 3031 τοίνυν
1171 2976 1329 3033 αὒτὸν
1401 2971 1581 3047 κύκλῳ
1637 2973 1700 3028 τὰ
1771 2972 1946 3049 θηρία,

2041 2967 2164 3042 bat,
2199 2978 2261 3031 ut
2293 2969 2594 3030 videretur
2622 2969 2671 3029 is
2696 2986 2831 3030 cum
2863 2968 3053 3031 tribus
3081 2968 3392 3032 aliis.Cum
3420 2988 3557 3032 eum
3588 2987 3687 3033 er-

322 3060 494 3136 πρᾶόν
533 3083 578 3116 τι
630 3065 708 3119 καὶ
766 3061 967 3141 ἥμερον
1022 3063 1323 3135 ἐνητένιζον
1359 3082 1371 3095 '
1409 3061 1507 3119 καὶ
1536 3063 1829 3142 προσφιλὲς
1860 3064 1946 3119 τὸν

2038 3077 2110 3137 go
2143 3058 2204 3119 in
2243 3056 2450 3120 orbem
2503 3057 3042 3123 circumdedissent
3103 3057 3325 3130 bestiae,
3364 3058 3598 3139 placide
3629 3066 3691 3122 et

315 3152 546 3228 μάρτυρα
612 3153 944 3228 περιέσσινον
971 3199 987 3223 ,
1041 3154 1222 3229 ὥσπερ
1293 3153 1353 3210 ἑκ
1425 3151 1629 3209 πολ).οὖ
1684 3154 1946 3232 χειροήθη

2037 3156 2353 3210 mansuete
2383 3165 2520 3209 eum
2553 3147 3012 3228 aspiciebant,et
3041 3147 3286 3228 martyri
3309 3147 3502 3212 amice
3525 3148 3691 3212 blan-

302 3240 403 3296 καί
457 3244 672 3300 τιθασσὰ
730 3247 817 3300 καὶ
881 3244 1079 3315 συνήθη
1139 3246 1310 3317 τούτῳ
1364 3241 1720 3322 γεγενημένα,
1785 3242 1946 3307 Αὐτὸς

2037 3237 2381 3311 diebantur,
2416 3237 2663 3315 perinde
2693 3255 2761 3299 ac
2783 3236 2833 3298 si
2867 3237 2995 3318 jam
3028 3236 3129 3299 diu
3154 3237 3409 3300 fuissent
3450 3237 3688 3302 cicures

290 3327 351 3386 δὲ
408 3344 599 3411 χεῖρας
669 3334 740 3394 εἰς
819 3336 1038 3411 ούρανὸν
1095 3334 1349 3414 ἀνασχὼν
1382 3380 1399 3407 ,
1463 3337 1779 3411 Εὖχαριστῶ
1839 3354 1946 3406 σοι,

2036 3339 2093 3388 et
2110 3335 2524 3402 mansuetae,et
2541 3326 2596 3389 ei
2619 3325 3107 3408 familiares.lpse
3117 3334 3315 3390 autem
3331 3326 3606 3390 manibus
3626 3327 3690 3390 in

292 3423 456 3498 Κύριε
500 3420 679 3488 ἰησοῦ
739 3424 961 3499 Χριστέ,
1038 3428 1216 3497 εἶπεν,
1261 3424 1344 3480 ὅτι
1418 3421 1663 3488 ἐδόξασας
1708 3423 1764 3478 ἐν
1823 3421 1946 3497 ἐμοί

2032 3415 2213 3479 altum
2238 3416 2486 3479 sublatis
2522 3436 2536 3477 :
2568 3418 2697 3497 Ago
2727 3414 2860 3493 tibi,
2910 3415 3130 3498 inquit,
3161 3416 3407 3498 gratias,
3437 3416 3691 3480 Domine

286 3512 356 3567 τὸ
396 3511 554 3589 ἅγιον
598 3510 766 3589 ὄνομα
823 3535 939 3585 σου,
973 3515 1060 3571 καὶ
1103 3514 1517 3590 ἒθαυμάστωσας
1548 3512 1615 3567 τὰ
1646 3510 1771 3578 ἑλέ-η
1826 3533 1946 3592 σου,

2031 3512 2166 3569 Jesu
2201 3512 2446 3575 Christe,
2474 3512 2628 3584 quod
2651 3511 2711 3568 in
2729 3524 2819 3569 me
2839 3518 3003 3570 tuum
3027 3525 3243 3570 nomen
3265 3522 3531 3570 sanctum
3555 3511 3683 3570 etre-

290 3601 543 3675 στόματᾶ
602 3625 693 3677 μοι
753 3604 997 3682 φιμώσεις
1053 3606 1252 3682 θηρῶν,
1312 3603 1549 3680 καθάπερ
1598 3600 1824 3674 Δανιὴλ,
1870 3607 1946 3675 τῷ

2031 3597 2163 3658 cisti
2184 3596 2510 3674 gloriosum
2542 3604 2600 3659 et
2621 3596 2872 3658 effecisti
2898 3596 3287 3660 admirabiles
3308 3602 3440 3662 tuas
3459 3597 3694 3663 miseri-

288 3697 375 3764 σῷ
402 3692 705 3759 θεράποντι.
755 3693 920 3755 Αὒτδς
962 3693 1051 3750 οὖν
1111 3696 1138 3751 ὁ
1191 3695 1278 3749 καὶ
1327 3692 1450 3749 τότε
1513 3693 1602 3747 καὶ
1642 3700 1729 3750 νῦν
1773 3712 1946 3763 παρα-

2039 3685 2634 3759 cordias,bestiarum
2656 3703 2759 3748 ora
2774 3684 3278 3761 obstruens,sicut
3295 3687 3437 3748 olim
3459 3688 3693 3750 Danieli

288 3780 462 3847 δόξω(
510 3780 649 3838 οὕτω
693 3779 980 3861 διενεργῶν
1025 3783 1091 3841 τά
1150 3780 1415 3860 παράδοξα
1446 3779 1758 3855 εὖδόκησον,
1791 3781 1946 3855 βασι-

2037 3783 2137 3837 tuo
2162 3776 2408 3838 famulo.
2433 3774 2522 3836 Tu
2552 3792 2716 3853 ergo,
2744 3773 2845 3855 qui
2878 3784 2936 3837 et
2964 3783 3105 3837 tunc
3137 3783 3195 3837 et
3227 3793 3387 3837 nunc
3417 3775 3564 3838 facis
3591 3795 3692 3840 res

288 3871 413 3951 λεῦ,
476 3871 570 3929 καί
625 3873 772 3930 ταυτὶ
814 3874 881 3929 τὰ
923 3871 1080 3951 ἄγρια
1142 3878 1252 3945 ζῶα
1316 3872 1525 3950 ἀοράτῳ
1578 3892 1673 3927 σου
1713 3873 1799 3927 καὶ
1856 3892 1946 3927 τε-

2036 3871 2154 3926 tam
2187 3863 2670 3945 admirabiles,et
2697 3873 2814 3925 tam
2841 3872 3055 3944 praeter
3071 3864 3691 3947 opinionem,eﬂice,o

289 3960 594 4040 λεσιουργῴ
643 3963 859 4037 νεύματι
904 3965 975 4025 εἷς
1019 3964 1115 4027 τὰς
1168 3964 1411 4033 συνήθεις
1468 3960 1693 4018 ἕκαστον
1755 3959 1946 4041 χωρῆο

2036 3971 2164 4028 rex,
2199 3955 2427 4016 efficaci
2460 3962 2559 4015 tuo
2592 3962 2760 4035 nutu,
2793 3956 2895 4036 qui
2953 3953 3065 4016 sub
3094 3963 3402 4035 aspectum
3437 3973 3554 4017 non
3584 3974 3685 4019 ca—

289 4074 384 4108 σαι
429 4049 705 4129 διατριϐὰς
741 4100 757 4126 ,
818 4060 926 4110 τῶν
982 4052 1260 4128 παρόντων
1318 4050 1513 4126 μηδενὶ
1572 4049 1946 4126 λυμηνάμενα.

2032 4043 2140 4119 dit,
2178 4053 2241 4105 ut
2269 4045 2363 4106 ha)
2413 4042 2558 4105 fera)
2615 4052 2885 4123 agrestes
2935 4044 3192 4106 redeant
3222 4062 3600 4126 unaquaeque
3626 4045 3692 4108 in

289 4148 474 4200 Ταῦτα
541 4139 967 4219 προσευξάμενος
1048 4148 1126 4216 τῷ
1184 4145 1302 4216 Θεῴ
1336 4190 1351 4221 ,
1410 4143 1542 4218 πρὸς
1602 4142 1725 4204 τοὺς
1783 4143 1946 4212 θῆρας

2031 4150 2132 4192 sua
2166 4135 2594 4198 habitacula.”
2628 4138 2700 4193 iis
2718 4134 3367 4207 quiadsuut,neminem
3393 4136 3688 4196 laedentes.

287 4232 661 4310 ἐπιστραφεὶς,
708 4230 798 4289 Ἐν
835 4232 1083 4307 ὀνόματι,
1132 4233 1283 4312 φησὶ,
1479 4230 1732 4297 ἀληθινοῦ
1790 4236 1945 4303 Θεοῦ,

2032 4220 2157 4278 Haec
2179 4236 2308 4278 cum
2333 4222 2513 4279 Deum
2538 4229 2688 4278 esset
2710 4220 3078 4291 precatus,ad
3098 4219 3310 4278 bestias
3334 4234 3685 4281 conversus:

288 4304 733 4377 ἐπαινέω-πάλιν
805 4304 939 4378 ὅθεν*
983 4304 1208 4379 ἕκαστον
1266 4319 1580 4400 ἐληλύθατε,
1626 4318 1762 4396 μηδὲ
1821 4320 1946 4393 μίαν

2032 4306 2098 4369 In
2119 4306 2738 4387 nomine,inqutt,veri
2760 4304 3266 4379 Dei,revertimini
3287 4308 3688 4387 rursus,unde

286 4407 484 4482 μηδενὶ
552 4408 756 4486 βλάϐην
815 4411 1179 4489 ἐπαγαγόντα.
1262 4412 1458 4470 Αὐτίκα
1530 4417 1655 4489 γοόν
1730 4412 1777 4466 οἱ
1851 4407 1946 4483 μὲν

2034 4422 2404 4486 unaquaeque
2436 4412 2702 4480 venerat,
2738 4402 2964 4465 nemini
3021 4403 3308 4464 damnum
3339 4403 3684 4466 afferentes.

282 4504 452 4578 θῆρες
508 4499 702 4576 ὥρμων
736 4519 749 4533 ·
812 4506 919 4556 τῶν
962 4499 1019 4557 δὲ
1071 4501 1505 4579 περιεστηκότων
1552 4497 1658 4556 δέει
1713 4497 1946 4578 ληφθέν-

2033 4494 2316 4557 Protinus
2373 4512 2512 4573 ergo
2572 4491 2780 4556 bestiae
2812 4492 3055 4573 quidem
3088 4491 3508 4574 erumpebant.
3540 4494 3687 4555 Cum

284 4610 400 4646 των
434 4635 453 4669 ,
512 4589 599 4644 καὶ
647 4587 809 4646 ἄλλο)
867 4587 1143 4670 ἂλλαχόσε
1200 4588 1477 4668 διαφυγεῖν
1562 4588 1901 4666 ὡρμημένων
1930 4626 1945 4653 ,

2034 4603 2173 4646 vero
2208 4585 2387 4645 timor
2428 4583 2748 4647 invasisset
2778 4600 2882 4645 eos
2940 4582 3042 4662 qui
3098 4580 3586 4657 circumstabant,
3621 4590 3686 4647 et

284 4651 481 4735 ἐκεῖνα
521 4675 698 4755 δρόμοι»
741 4677 926 4753 πολλῴ
981 4651 1112 4756 πρὸς
1171 4651 1457 4746 τὴν1ὖλην
1508 4651 1736 4758 εχιῑύρει,
1767 4677 1856 4733 καὶ
1887 4651 1946 4733 ti)

2031 4673 2130 4735 alii
2162 4673 2277 4735 alio
2306 4672 2512 4753 fugere
2565 4651 3021 4750 contenderent,
3081 4670 3203 4735 illze
3261 4690 3471 4751 magno
3500 4651 3684 4734 cursu

282 4773 470 4843 θαῦμα
530 4766 759 4834 πολλοὺς
818 4768 1126 4848 ἐπηγάγετο
1206 4773 1315 4825 τῶν
1398 4767 1661 4842 ἀπίστων,
1723 4769 1811 4824 καὶ
1870 4766 1946 4841 τῷ

2031 4762 2357 4825 tendebant
2381 4762 2457 4824 ad
2480 4761 2724 4843 sylvain.
2757 4759 3113 4824 Miraculum
3133 4765 3332 4822 autem
3357 4760 3577 4823 multos
3595 4760 3686 4823 in-

286 4863 509 4935 Χριστῷ
533 4858 681 4935 μερὶς
710 4847 1070 4934 προσετίθετο.

2031 4852 2197 4914 duxit
2218 4850 2577 4923 inﬁdelium,
2612 4851 2713 4931 qui
2742 4847 2964 4913 Christi
2987 4849 3140 4927 parti
3163 4865 3230 4911 se
3246 4848 3679 4928 adjunxerunt.

380 4946 473 5005 ις’.
512 4948 668 5008 Γνοὺς
712 4947 768 5004 δὲ
797 4954 962 5005 ταῦτα
992 4950 1020 5005 ὁ
1068 4949 1312 5028 ἡγεμὼν,
1363 4949 1416 5004 ἐν
1448 4947 1632 5026 ἀπόρῳ
1659 4946 1727 5014 ἧν
1759 4954 1851 5005 τοῦ
1897 4949 1946 5004 τί

2112 4941 2395 5005 XX.Cum
2429 4947 2625 5002 autem
2654 4940 2778 5001 haec
2807 4938 3179 5028 cognovisset
3209 4955 3454 5028 praeses,
3481 4940 3542 5001 in
3570 4939 3681 5002 du-

473 5050 645 5095 ποιετν
674 5085 690 5117 ,
750 5036 845 5095 καί
924 5038 1040 5103 πῶς
1111 5025 1174 5093 ἂν
1231 5025 1389 5102 ἀξίως
1455 5040 1612 5095 αὒτὸν
1660 5036 1943 5113 ἀμύναιτο.

2031 5030 2130 5094 bio
2163 5038 2309 5111 erat,
2347 5029 2632 5111 quidnam
2666 5035 2825 5091 esset
2853 5027 2969 5089 sibi
2996 5025 3436 5117 faciendum,et
3462 5046 3678 5109 quem-

292 5127 401 5187 Διὶ
458 5148 536 5183 τοι
592 5134 748 5184 τοῦτο
805 5126 899 5183 καὶ
953 5125 1123 5203 δεσμὰ
1182 5129 1402 5199 περιθεὶς
1463 5129 1608 5200 αὐτῷ
1650 5127 1785 5183 κατὰ
1837 5134 1945 5184 πᾶν

2031 5120 2352 5182 admodum
2384 5137 2523 5181 eum
2557 5118 2950 5182 ulcisceretur
2981 5134 3087 5194 pro
3119 5116 3371 5178 meritis.
3400 5116 3677 5198 Propter-

286 5216 455 5293 μέρος
499 5223 591 5273 τού
631 5216 905 5295 σώματος,
940 5219 1002 5273 τὸ
1033 5217 1130 5293 μὲν
1161 5225 1250 5273 νῦν
1292 5217 1423 5297 ἔχον
1474 5218 1549 5279 εἷς
1579 5214 1944 5295 δεσμωτήριον

2031 5229 2098 5272 ea
2128 5210 2407 5271 omnibus
2437 5207 2705 5289 corporis
2737 5205 3003 5289 partibus
3033 5206 3367 5297 eidiujectis
3397 5206 3674 5285 vinculis,

285 5303 569 5381 ἱμϐάλλει,
630 5307 782 5371 ἐντὸς
826 5305 879 5361 δὲ
923 5309 1131 5386 ἡμερῶν
1188 5295 1381 5385 ὀλίγων
1442 5309 1513 5367 εἰς
1572 5304 1941 5363 Ἀπολλωνίαν

2031 5300 2082 5362 in
2115 5298 2428 5382 praesentia
2486 5297 2731 5374 quidem
2789 5314 2927 5363 eum
2961 5295 3210 5386 conjicit
3238 5295 3300 5357 in
3339 5314 3670 5359 carcerem.

286 5394 525 5453 ἀπιέναιε
559 5395 799 5470 μέλλων,
833 5394 991 5461 πόλις
1029 5384 1103 5452 ἠδὲ
1160 5384 1295 5463 αὕτη
1354 5401 1415 5455 οὗ
1455 5394 1591 5454 πολὺ
1627 5396 1940 5473 Καισαρείας

2031 5388 2172 5452 Cum
2207 5408 2345 5451 vero
2368 5388 2523 5451 intra
2545 5406 2766 5468 paucos
2785 5386 2916 5448 dies
2936 5384 3239 5448 arbiturus
3258 5393 3415 5449 esset
3433 5386 3675 5466 Apollo-

284 5486 590 5566 ἀπέχουσα,
646 5484 853 5541 κελεύει
912 5487 1000 5541 καὶ
1050 5487 1140 5541 τὸν
1199 5486 1397 5561 Θύρσον
1444 5487 1546 5541 ὑπὸ
1590 5484 1939 5562 στρατιώταις

2031 5486 2175 5541 niam
2200 5485 2287 5553 (ea
2307 5491 2498 5541 autem
2521 5483 2724 5539 civitas
2744 5495 2860 5538 non
2882 5479 3083 5552 procul
3108 5480 3335 5566 abestis
3353 5480 3665 5566 Caesarea).

287 5576 577 5654 συρόμενον
648 5574 894 5637 ἔπεσθαι,
949 5574 1204 5639 Ἐπιστὰς
1259 5575 1434 5632 τοίνυν
1504 5580 1571 5651 τῇ
1629 5573 1805 5649 πόλει,
1851 5575 1941 5631 καὶ

2031 5570 2191 5650 iubet
2218 5571 2506 5650 Thyrsum
2561 5568 2732 5645 sequi
2784 5573 3037 5629 tractum
3088 5584 3122 5627 a
3172 5565 3480 5628 militibus.
3517 5563 3664 5627 Cum

290 5665 428 5722 κατᾶ
469 5667 695 5746 γνώμην
741 5663 809 5720 τοὶ
847 5664 963 5720 ἐκεῖ
1008 5663 1339 5739 διαθέμενος,
1386 5662 1571 5732 ἐπειδὴ
1600 5665 1688 5720 καὶ
1719 5664 1839 5728 τοὺς
1885 5663 1938 5721 ἐν

2031 5659 2282 5723 venisset
2311 5676 2455 5737 ergo
2483 5657 2546 5719 in
2566 5656 3073 5746 civitatem,et_res
3093 5654 3215 5716 illic
3237 5654 3572 5746 ordinasset
3592 5671 3663 5714 ex

296 5756 425 5837 αὗτῇ
482 5741 697 5819 ’πάντας
759 5760 1011 5831 τρόπαιον
1067 5754 1245 5814 θέσθαι
1315 5756 1413 5822 τῆς
1468 5752 1707 5817 ἀσεϐείας
1771 5752 1938 5829 ἠϐού-

2031 5746 2340 5823 sententia,
2373 5747 2653 5828 quoniam
2685 5743 2762 5811 de
2791 5741 3072 5807 omnibus
3112 5761 3245 5824 qua;
3272 5744 3334 5806 in
3365 5759 3435 5804 ea
3463 5751 3655 5812 erant,
