4132 6424
317 403 438 471 533
1248 403 1719 468 MARTYRIUM
1768 401 1829 464 S.
1888 399 2178 463 THYRSI
2228 401 2328 464 ET
2373 397 2780 464 SOCIORUM.
3592 405 3710 473 534

310 542 423 624 οὔχ.
483 541 694 619 ὃπλων,
768 544 827 602 οὔ
902 541 1073 622 ξίφους
1140 538 1227 597 ἐπ’
1302 539 1476 598 σὺτών
1533 536 1758 611 δεηθεὶς,
1830 533 1954 592 ἆλλᾶ

2052 553 2170 624 non
2211 532 2418 624 armis,
2454 550 2572 624 non
2608 551 2743 624 esse
2772 533 3060 624 adversus
3091 553 3229 599 eum
3272 537 3565 619 indigens,
3602 542 3709 605 sed

314 621 466 710 ψιλῷ
521 633 726 711 ῥήματι
781 633 928 710 μόνῳ
966 621 1081 688 καί
1126 629 1315 699 κλήσει
1367 631 1610 709 Χριστοῦ,
1672 629 1760 684 καὶ
1807 632 1954 683 ταῦτς

2053 623 2180 685 solo
2209 621 2390 685 verbo
2413 622 2573 683 nudo
2592 629 2651 684 et
2670 623 2891 687 Christi
2918 625 3293 690 invocatione
3318 646 3332 692 :
3367 629 3548 710 idque
3572 648 3711 695 cum

308 726 544 801 σταυρὸν
595 721 798 780 ἐκείνου
842 724 930 779 καὶ
982 722 1204 779 θάνατον
1247 722 1645 795 ὗπομείναντος.
1710 719 1768 775 Εἰ
1801 718 1954 773 τοίνυ⁴

2052 711 2155 774 ille
2184 731 2423 776 crucem
2447 720 2509 775 et
2539 719 2793 775 mortem
2827 715 3202 779 sustinuerit.
3235 720 3298 781 Si
3328 736 3468 800 ergo
3502 728 3712 784 vestra;

300 835 379 889 τῃ
449 812 682 891 ὑμετέρᾳ
740 809 890 869 δοκεῖ
931 809 1159 886 ἐξουσίᾳ,
1221 808 1599 887 προσελθόντες
1672 806 1769 863 κᾶν
1845 806 1971 883 γοῦν

303 893 586 982 Ἠρακλέα
658 903 750 959 τόν
825 898 1162 965 Ἀλεξίκακον
1229 901 1346 956 θεὸν
1419 899 1824 972 ἀναστήσωμεν,
1882 894 1971 951 καὶ

296 991 617 1071 δεηθῶμεν,
678 991 973 1048 αἱδεσθέντα
1036 991 1102 1046 τὰ
1153 987 1320 1046 πάλαι
1363 990 1481 1065 περὶ
1532 990 1689 1044 αὐτοῦ
1745 982 1970 1062 θρυλούυ

297 1103 476 1158 μενα,
544 1086 884 1159 παραστῆναι
969 1077 1402 1159 τυραννουμένοις
1486 1084 1563 1149 τῷ
1646 1077 1802 1154 ματρὶ
1890 1074 1971 1129 Διῖ⁵

296 1178 411 1229 καί
456 1174 537 1246 τῷ
591 1170 714 1245 θείῳ
757 1168 1084 1228 Ἀπόλλωνι’
1148 1172 1295 1226 οὗτοι
1357 1169 1456 1247 γὰρ
1523 1168 1628 1223 ἀπὸ
1686 1166 1840 1241 βαθεῖ
1892 1163 1970 1237 τῷ

296 1262 451 1319 ὕπνα
539 1259 805 1319 καθεύδειν
888 1259 1122 1319 δοκοῦσι’
1211 1257 1306 1316 καί
1390 1251 1964 1334 τεσσαρεσκαιδέκατον

299 1350 476 1409 ἆθλον
521 1352 708 1408 τοῦτον
734 1355 875 1424 αὗτῷ
905 1353 1303 1429 ἀναγράψομεν,

402 1440 537 1503 ΚΒ’.
606 1443 678 1500 0'3
734 1439 955 1497 συνιδὼν
1011 1441 1184 1497 τοίνυν
1228 1439 1324 1506 τὴν
1386 1436 1592 1519 χλεύην
1652 1438 1679 1492 ὁ
1721 1434 1965 1512 ἡγεμὼν,

2050 802 2284 866 videtur
2328 802 2626 885 potentiae,
2666 804 3041 879 accedamus,
3070 814 3129 868 et
3152 805 3493 885 Herculem,
3529 809 3709 873 deum

2053 895 2151 975 qui
2182 897 2243 954 in
2274 892 2443 955 malis
2471 892 2584 954 fert
2637 911 2837 974 opem,
2863 895 3183 974 erigamus,
3221 903 3281 959 et
3306 916 3608 978 rogemus,
3644 909 3711 963 ut

2050 984 2382 1063 respiciens
2429 999 2522 1056 ea,
2556 1000 2689 1062 quae
2737 984 2854 1063 jam
2887 984 3029 1046 olim
3058 985 3135 1048 de
3192 986 3324 1066 ipso
3375 989 3705 1067 jactentur,

2052 1072 2206 1134 adsit
2237 1071 2544 1154 tyrannide
2559 1073 2862 1152 oppressis
2892 1074 3019 1135 Jovi
3046 1074 3199 1156 patri
3230 1076 3506 1138 etdivino
3529 1079 3708 1160 Apol-

2052 1160 2161 1225 lini
2213 1163 2278 1243 (ii
2310 1161 2468 1223 enim
2520 1160 2796 1225 videntur
2823 1162 3090 1227 dormire
3129 1164 3291 1244 gravi
3320 1184 3534 1229 somno
3591 1186 3703 1249 0p-

2053 1252 2265 1333 pressi,
2328 1260 2386 1314 et
2431 1253 2544 1315 hoc
2604 1255 2658 1316 ei
2716 1260 2989 1332 quartum
3040 1254 3343 1318 decimum
3397 1264 3703 1322 certamen

2049 1341 2440 1404 ascribemus.

2131 1429 2307 1494 XXII.
2341 1432 2687 1496 Irrisionem
2718 1440 2919 1496 autem
2945 1452 3062 1496 non
3092 1433 3433 1515 intelligens
3455 1454 3700 1518 praeses:

300 1542 390 1595 εἰς
440 1534 532 1589 οὖν
593 1531 746 1606 ἐμοῦ,
804 1531 931 1609 ἔφη,
990 1531 1240 1608 πονήρως
1293 1528 1408 1607 ἄρτι
1479 1524 1836 1601 διακειμένου,
1882 1526 1954 1579 κα”

2062 1523 2207 1585 Cum
2230 1540 2393 1602 ergo,
2413 1521 2625 1604 inquit,
2654 1542 2749 1587 me
2772 1524 2925 1586 male
2956 1522 3232 1602 habeam,
3259 1527 3441 1588 etsim
3466 1528 3705 1589 inﬁrma

298 1622 551 1686 ἀσθενῶς
597 1619 848 1700 ἔχοντος,
897 1621 1167 1696 πορευθεὶς
1231 1620 1384 1683 abte;
1440 1615 1655 1674 ἱλὲωσαί
1713 1635 1770 1670 τε
1839 1613 1954 1686 ἡμΐ

2059 1610 2423 1692 valetudine,
2447 1613 2596 1676 vade
2621 1613 2773 1693 ipse,
2805 1620 2863 1675 et
2896 1612 3071 1675 nobis
3096 1614 3264 1695 placa
3291 1615 3457 1689 deos,
3506 1623 3566 1678 et
3592 1617 3703 1678 ad-

295 1712 437 1775 τοὺς
484 1711 654 1790 θεοὺς,
718 1713 806 1767 καὶ
865 1711 1000 1766 κατὰ
1056 1716 1150 1766 τοῦ
1190 1713 1539 1787 τερατοποιοῦ
1605 1704 1785 1761 τούτου
1833 1701 1954 1778 Θύρ-

2065 1719 2295 1763 versum
2357 1703 2763 1790 prodigiorum
2817 1702 3157 1768 ell‘ectorem
3194 1705 3354 1767 hunc
3406 1704 3699 1787 Thyrsum

295 1823 407 1857 σου
476 1788 687 1877 σπουδῇ
744 1799 1117 1866 διανάστησον.
1185 1800 1283 1857 Καὶ
1326 1800 1354 1854 ὃ
1419 1795 1752 1863 Καλλίνικος,
1807 1788 1954 1849 Ἀλλέ

2060 1792 2179 1853 cito
2202 1808 2304 1853 eos
2335 1788 2545 1851 excita.
2578 1790 2899 1853 Callinicus
2927 1809 3066 1853 vero
3098 1809 3118 1865 ;
3151 1790 3272 1855 Sed
3303 1792 3583 1870 arbitror,
3618 1796 3705 1857 in-

293 1888 534 1964 νςμίξω,
591 1876 739 1961 εἶπε,
807 1888 1071 1967 μεγίστην
1146 1888 1289 1944 εἶναι
1356 1893 1449 1945 τοῦ
1506 1879 1954 1948 καταϐεϐληκότοι

2059 1882 2207 1962 quit,
2234 1897 2370 1943 esse
2399 1880 2713 1942 maximam
2745 1880 3072 1960 potentiam
3107 1881 3239 1959 Dei,
3263 1883 3363 1963 qui
3396 1900 3500 1945 eos
3530 1883 3701 1963 deje-

291 1984 430 2038 θεοῦ
483 1979 584 2047 τὴν
628 1976 869 2054 δύναμιν,
931 1980 1018 2034 καὶ
1054 1976 1284 2035 ’δείδοικα
1342 1978 1415 2039 ὡς
1473 1972 1589 2033 οὐδὲ
1634 1972 1814 2051 σφίσιν
1872 1967 1954 2024 αὖ·

2057 1972 2160 2045 cit,
2193 1980 2251 2033 et
2300 1988 2514 2032 vereor
2541 1988 2617 2032 ne
2648 1970 2762 2032 sibi
2795 1970 3036 2052 quidem
3069 1970 3214 2051 ipsis
3245 1972 3478 2053 possint
3523 1990 3701 2054 opem

292 2084 429 2132 τοῖς
511 2068 776 2138 ἐπαμῦναι
867 2066 1201 2138 δυνήσονται.
1279 2066 1534 2123 Ἐνταῦθα
1612 2062 1819 2127 συνίησι
1876 2057 1954 2125 τὴ·

2057 2062 2235 2125 ferre.
2262 2060 2431 2123 Tunc
2461 2078 2682 2141 praeses
2714 2060 2914 2122 dolum
2947 2059 3228 2139 intelligit
3260 2080 3275 2121 :
3322 2069 3419 2124 et:
3453 2060 3605 2123 Num
3637 2070 3701 2125 tu

295 2160 530 2225 ἀπάτην
614 2160 642 2214 ό
712 2159 953 2237 τηγεμὼν,
1045 2159 1155 2235 καὶ,
1243 2144 1412 2214 Ἠπου
1484 2167 1571 2229 σὺ,
1665 2148 1970 2222 Καλλίνικε,

297 2251 464 2328 φησὶ,
503 2260 624 2310 ταῖς
655 2255 749 2305 τοῦ
810 2253 1002 2324 μιαροῦ
1031 2249 1217 2305 τούτου
1262 2248 1534 2324 γοητείαις
1564 2241 1737 2304 ἑάλως
1772 2261 1789 2311 ;
1858 2237 1972 2295 K5.-

300 2327 500 2403 κεῖνος
561 2335 679 2396 οὑδὲ
750 2335 1065 2417 φθέγξασθαί
1124 2358 1174 2392 τι
1246 2334 1406 2392 πλέον
1465 2334 1624 2391 αὐτὸν
1685 2327 1974 2417 ἀναμείνας

299 2426 459 2507 (οὖδὲ
519 2428 621 2505 γὰρ
691 2425 1094 2505 ἐπικρύπτεσθαι
1171 2427 1233 2481 τὸ
1303 2424 1491 2482 λοιπὸν
1561 2423 1815 2500 ἠνείχετο
1871 2416 1973 2481 τὴν

301 2514 618 2596 εὗσάόειαν)
681 2516 764 2582 εἴς
820 2537 878 2572 τε
908 2516 1175 2591 δωμάτιον
1234 2515 1376 2578 εὐθὺς
1410 2516 1481 2576 ὠς
1515 2513 1677 2591 εἶχεν
1733 2508 1975 2588 ἀποδρα-

297 2609 450 2681 μὼν,
486 2606 716 2679 κείρεται
746 2606 843 2668 τας
888 2609 970 2661 ἐπὶ
1025 2611 1090 2682 τῇ
1150 2604 1358 2685 κεφαλῇ
1407 2605 1621 2684 τρίχας,
1656 2610 1959 2677 περιαιρετ-

292 2719 387 2753 ται
448 2698 542 2752 τὸν
587 2695 842 2773 πώγωνα,
890 2692 1174 2752 ἀποδύεται
1246 2694 1312 2752 τὰ
1366 2694 1575 2769 ἱμάτια,
1630 2690 1722 2749 καί
1760 2689 1959 2763 ἑλόμε-

303 2807 394 2853 νος
456 2786 587 2842 αὐτὸ.
627 2797 754 2848 ταῖς
815 2786 969 2864 χερσὶ
1026 2786 1229 2860 κομίζει
1286 2784 1451 2864 μέχρι
1512 2789 1604 2839 τοῦ
1666 2779 1956 2859 ἡγεμόνος,

295 2876 396 2932 καί
438 2897 538 2951 πρν
594 2880 699 2931 τῶν
752 2876 952 2931 ἐκείνου
1005 2882 1171 2931 ταῦτα
1214 2872 1392 2931 ποδῶν
1446 2870 1767 2950 ἆποῤῥίψας,
1805 2867 1958 2934 Δέξαι

307 2985 421 3038 μου
470 2964 562 3019 τᾶδ
613 2966 822 3045 τρίχας,
882 2965 928 3021 ὦ
977 2965 1219 3040 ἡγεμὼν,
1268 2963 1394 3042 ἔφη,
1442 2962 1528 3019 καὶ
1588 2960 1686 3027 τὴν
1733 2958 1956 3031 στολὴν,

316 3053 384 3115 ’ἀς
472 3053 698 3127 θυμάτων
759 3056 947 3111 κνίσσα
1018 3054 1111 3110 καὶ
1189 3054 1391 3115 καπτὸς
1478 3052 1565 3108 καὶ
1639 3047 1960 3130 χειμάρρους

317 3141 573 3217 αἱμάτων,
627 3144 712 3200 καὶ
772 3143 979 3200 τελεταὶ
1036 3142 1300 3218 δαιμόνων
1359 3140 1644 3217 ἐμόλυναν.
1709 3147 1959 3195 Συναπο-

2057 2170 2320 2233 quoque,
2352 2150 2569 2230 inquit,
2604 2170 2638 2212 o
2695 2150 3005 2225 Callinice,
3037 2149 3150 2212 viri
3206 2150 3385 2233 hujus
3427 2152 3700 2221 scelerati

2056 2248 2265 2321 captus
2314 2258 2378 2302 es
2410 2240 2776 2322 praestigiis?
2832 2239 2938 2302 Ille
2979 2246 3202 2310 autem.
3232 2259 3367 2303 cum
3427 2259 3504 2303 ne
3557 2258 3697 2302 eum

2055 2332 2296 2413 quidem
2317 2330 2573 2411 amplius
2595 2330 2752 2411 loqui
2787 2330 3168 2393 sustinuisset
3191 2338 3405 2411 (neque
3437 2330 3596 2392 enim
3620 2331 3696 2393 de

2052 2433 2269 2484 caetero
2303 2421 2583 2501 pietatem
2626 2420 2809 2482 celari
2857 2419 3194 2501 patiebatur
3236 2420 3437 2499 (statin
3478 2437 3696 2483 excur-

2053 2530 2195 2573 rens
2248 2511 2309 2572 in
2363 2510 2810 2591 domunculam,
2864 2509 3070 2572 tondet
3124 2510 3393 2592 capillos,
3451 2509 3698 2592 deponit

2044 2600 2315 2672 barbam,
2342 2599 2505 2663 exuit
2531 2607 2725 2663 vestes
2757 2610 2787 2662 :‘
2808 2607 2868 2661 et
2897 2618 3029 2661 cum
3064 2616 3166 2662 eas
3204 2599 3546 2663 sustulisset
3577 2618 3699 2662 ma-

2045 2691 2245 2767 nibus,
2281 2698 2476 2773 portat
2530 2707 2719 2771 usque
2771 2690 2844 2752 ad
2887 2690 3224 2770 praesidem,
3281 2698 3342 2752 et
3386 2709 3521 2751 cum
3564 2690 3698 2753 illas

2037 2780 2285 2861 jecisset
2334 2789 2470 2843 ante
2498 2784 2686 2861 pedes
2720 2801 2733 2843 :
2785 2780 3030 2861 Accipe,
3065 2779 3280 2860 inquit,
3314 2779 3469 2860 pilos
3500 2798 3694 2855 meos,

2042 2890 2078 2931 o
2135 2888 2379 2951 praeses,
2415 2879 2475 2932 et
2503 2878 2725 2932 vestem
2760 2887 2894 2950 qua;
2941 2869 3118 2931 nidor
3146 2868 3605 2943 sacriﬁciorum,
3637 2877 3700 2932 et

2042 2958 2258 3033 fumus,
2294 2967 2356 3022 et
2402 2966 2639 3021 torrens
2690 2959 3018 3036 sanguinis,
3052 2966 3110 3020 et
3169 2958 3449 3039 mysteria
3476 2957 3696 3019 daemo-

2041 3067 2184 3110 num
2219 3049 2580 3131 polluerunt.
2639 3046 2784 3110 Nam
2817 3066 2952 3109 cum
3015 3047 3102 3109 eis
3140 3065 3378 3128 quoque
3430 3045 3690 3128 priorem

2041 3138 2327 3220 abjiciore
2358 3156 2652 3219 errorem,
2682 3145 2749 3200 ut
2778 3136 2877 3215 qui
2919 3154 3132 3199 novam
3163 3136 3399 3198 vivendi
3434 3136 3689 3199 formam

307 3228 571 3306 ϐάλλομα·
648 3233 748 3311 γὰρ
810 3237 996 3294 αὐτοῖς
1071 3233 1160 3289 καὶ
1236 3232 1336 3299 τὴν
1406 3229 1663 3312 προτέραν
1719 3228 1954 3302 ἀπάτην,

2044 3229 2401 3311 acceperim,
2433 3239 2492 3293 et
2511 3229 2634 3309 jam
2664 3227 2854 3290 factus
2881 3227 2994 3288 sim
3020 3224 3416 3292 Christianus.

301 3321 587 3399 ποηφόραν
663 3319 738 3401 (ἵ)
797 3322 986 3390 καινὴν
1043 3320 1429 3401 ἀλλαξάμενος,
1488 3321 1577 3377 καὶ
1643 3320 1957 3392 Χριστιανὸς

298 3408 409 3477 ἤδη
443 3410 823 3488 γεγενημένος,

386 3499 524 3561 Kl".
588 3490 648 3559 Ὀ
679 3501 897 3579 ἡγεμὼν
954 3503 1042 3559 οὖν
1091 3501 1190 3568 τὴν
1234 3500 1426 3579 ἀθρόαν
1457 3498 1756 3577 μεταϐολὴν
1811 3498 1956 3555 ὲκεί-

292 3613 397 3656 νην
458 3588 855 3668 καταπλαγείς,
904 3592 964 3649 Τί
1010 3588 1090 3661 δὲ,
1146 3588 1446 3667 Καλλίνικε,
1500 3591 1653 3671 φησὶ,
1706 3598 1953 3648 τοσοῦτον

290 3683 352 3737 αἱ
411 3687 506 3736 τοῦ
564 3681 766 3758 γόητος
823 3679 1025 3738 ἐκείνου
1083 3680 1317 3761 ἴσχυσαν
1371 3693 1667 3760 τερατεται,
1728 3681 1802 3743 ὡς
1865 3680 1954 3736 καὶ

288 3770 358 3826 σὲ
400 3770 501 3837 τὴν
562 3770 808 3847 γενναίαν
865 3770 1074 3851 ψυχὴν,
1134 3773 1226 3827 τὸν
1282 3771 1574 3850 θεράποντα
1632 3776 1739 3827 τῶν
1794 3768 1951 3842 θεῶν,

283 3861 389 3915 τὸν
447 3860 728 3940 ὒποφὴτην
777 3859 1020 3935 ἐκείνων,
1081 3862 1172 3917 τὸν
1214 3861 1355 3940 ἱερέα
1417 3862 1508 3917 τὸν
1566 3857 1775 3926 πολλῆς
1827 3858 1952 3936 παρ’

284 3948 473 4006 αὒτῶν
537 3949 877 4029 τυγχάνοντα
956 3951 1248 4031 εὐμενείας,
1319 3952 1418 4018 τῆς
1493 3949 1711 4026 πατρίου
1778 3969 1950 4025 μετα-

283 4039 492 4107 στῆσαι
536 4039 846 4119 θρησκείας,
909 4040 995 4096 καὶ
1068 4041 1139 4104 εἰς
1182 4041 1422 4121 ἐσχάτην
1498 4038 1768 4096 ἀπώλειαν
1824 4036 1949 4095 ἔπι-

286 4128 656 4207 σπάσασθαι;
742 4130 837 4186 Καὶ
894 4131 922 4185 ὁ
999 4127 1329 4204 Καλλίνικος,
1387 4128 1483 4187 Ἐκ
1538 4129 1754 4186 πολλῶν
1824 4127 1943 4202 μὲν,

283 4217 461 4298 φησί,
521 4217 812 4293 πέπεισμαι
883 4220 972 4275 καὶ
1029 4216 1229 4299 ἄλλων,
1286 4217 1518 4295 μάλιστα
1575 4216 1629 4274 δὲ
1699 4239 1792 4294 μοι
1849 4218 1975 4283 τῆς

282 4308 547 4374 τοιαύτης
637 4305 940 4382 μεταϐολῆς
1027 4309 1054 4364 ὁ
1136 4311 1410 4388 Ἡρακλῆς
1496 4310 1653 4373 αὐτὸς
1740 4306 1941 4386 αἴτιος,

284 4397 581 4460 τοσούτους
652 4398 749 4473 μὲν
816 4396 1027 4472 ἄθλους,
1087 4400 1161 4461 ὡς
1232 4400 1279 4454 οἱ
1351 4400 1469 4477 περὶ
1530 4399 1687 4456 αὐτοῦ
1774 4396 1942 4471 ὕθλοι,

283 4489 579 4566 πανταχοῦ
647 4485 914 4559 διανύσας,
972 4494 1060 4543 νῦν
1129 4487 1181 4544 δὲ
1255 4486 1392 4565 μηδὲ
1452 4495 1581 4566 πρὸς
1653 4487 1811 4563 ψιλόν
1885 4507 1942 4544 τε

278 4577 436 4655 ῥῆμα
481 4573 629 4633 τοῦδε
690 4583 782 4633 τοῦ
810 4575 996 4655 ἀνδρὸς
1051 4576 1345 4658 ἀντισχὼν,
1379 4577 1500 4635 ἀλλ’
1560 4578 1752 4642 ἀθλίως
1804 4576 1943 4635 οὕτω

282 4667 632 4746 καταπεσῆν,
694 4668 779 4722 καὶ
855 4665 1021 4731 δείξας
1107 4668 1181 4732 ὣς
1240 4669 1341 4745 ἄρα
1397 4666 1521 4735 ἡδὺς
1597 4670 1784 4748 μῦθος,
1846 4667 1944 4724 ὅσα

280 4757 408 4834 περὶ
459 4756 613 4813 αύτοῦ
642 4775 699 4811 τε
761 4756 847 4812 καὶ
898 4762 1003 4812 τῶν
1048 4755 1226 4812 ἄλλων
1283 4760 1416 4813 θεῶν
1484 4771 1602 4821 τοῖς
1647 4756 1944 4835 ἀνθρώποις

279 4844 714 4921 διατεθρύληται,
774 4845 926 4910 Abiit;
976 4845 1064 4901 οὗν
1120 4848 1149 4903 ό
1196 4848 1438 4926 ἡγεμὼν,
1477 4845 1752 4923 Οὗδαμῶς.
1815 4846 1939 4927 ἔφη,

277 4934 408 4990 ἀλλ’
486 4934 514 4991 ὀ
581 4938 665 5004 ιῆς
722 4934 925 4991 ἐκείνου
982 4936 1228 5013 γοητείας
1308 4938 1396 4993 καὶ
1452 4943 1558 4994 τῶν
1634 4938 1833 5013 ὁμοίων
1884 4957 1943 4991 σε

273 5025 524 5102 τερέτῶν
578 5024 856 5081 ἀνέπεισεν
887 5024 1046 5105 ἔρως,
1079 5026 1320 5102 οἰόμενον
1376 5028 1441 5082 τὰ
1495 5026 1590 5082 ἴσα
1641 5030 1729 5083 καὶ
1787 5027 1942 5085 αὐτὸν

273 5112 692 5172 ἓπιδείκνυσθαιι
771 5113 921 5182 Πλὴν
991 5114 1109 5172 οὔτε
1180 5118 1273 5173 τὸν
1340 5116 1508 5194 γόητα
1586 5117 1675 5174 καὶ
1739 5116 1939 5174 πλάνον

275 5204 524 5285 ἐκεῖνον,
559 5203 676 5261 οὕτε
729 5224 787 5260 σε
818 5211 984 5260 ταῦτα
1031 5206 1291 5280 ὀνήσειεν,
1327 5208 1373 5263 εἰ
1416 5206 1495 5281 μὴ
1531 5209 1718 5263 θᾶττον
1766 5228 1939 5281 μετα-

277 5292 467 5351 ϐαλὼν
532 5292 618 5375 ἔφ’
693 5294 783 5358 οἷς
870 5292 1297 5372 ἐπλημμέλησας
1359 5297 1453 5360 τὰς
1528 5295 1787 5376 προτέρας
1853 5296 1940 5352 καὶ

278 5385 447 5460 τιμὰς
475 5396 595 5451 τοῖς
623 5388 768 5451 θεοῖς
800 5382 1078 5457 ἀποδῴης,

371 5475 505 5538 KA'.
595 5466 653 5533 ’0
704 5473 759 5530 δὲ
818 5475 919 5540 τὴν
974 5482 1066 5532 τοῦ
1146 5476 1411 5555 ἡγεμόνος
1471 5475 1651 5535 ἄνοιαν
1707 5483 1943 5557 φανερῶς

279 5564 498 5644 ἐλέγξαι
539 5564 872 5643 βουλόμενος
922 5562 1052 5640 (ᾔδει
1109 5566 1231 5645 γὰρ,
1295 5564 1413 5642 ᾔδει
1482 5573 1662 5648 σαφῶς
1721 5567 1801 5622 ὅτι
1862 5563 1945 5624 καὶ

278 5660 430 5731 αὗτῷ
486 5656 744 5735 παρέσται
811 5654 1022 5717 πάντως
1078 5657 1106 5711 ὁ
1163 5662 1256 5713 τού
1309 5657 1505 5736 Θύρσου
1550 5658 1680 5722 Θεὸς
1737 5658 1823 5714 καὶ
1880 5658 1945 5713 τὰ

277 5752 458 5807 οἰκεῖα
514 5746 601 5805 ἔπ’
657 5744 810 5819 αὖτῷ
886 5740 1034 5811 δείξει
1093 5745 1397 5824 τεράστια),
1432 5748 1592 5822 Επεὶ,
1656 5748 1838 5829 φησὶν,
1899 5747 1945 5804 ὦ

2118 3406 2321 3472 XXIII.
2355 3407 2582 3473 Praeses
2611 3418 2808 3472 autem
2837 3408 2940 3472 illa
2989 3409 3306 3489 repentina
3334 3405 3685 3486 obstupefa-

2039 3506 2169 3561 ctus
2202 3503 2553 3562 mutatione:
2589 3498 2741 3572 Quid
2770 3518 2932 3574 vero,
2968 3499 3182 3581 inquit,
3223 3496 3528 3573 Callinice,
3562 3509 3690 3562 tan.

2039 3594 2161 3650 tum
2192 3588 2354 3652 illius
2385 3589 2833 3670 prazstigiatoris
2867 3589 3187 3652 valuerunt
3214 3588 3511 3673 prodigia,
3540 3601 3602 3657 ut
3633 3604 3691 3659 te

2035 3696 2389 3758 generosam
2420 3679 2707 3755 animam,
2741 3679 3078 3742 ministrum
3107 3678 3382 3760 deorum,
3414 3679 3685 3752 illorum-

2039 3787 2155 3849 que
2180 3771 2531 3849 interpetem
2548 3777 2605 3831 et
2629 3769 3139 3851 sacerdotem,qui
3161 3771 3235 3832 ab
3258 3771 3372 3837 illis
3405 3796 3683 3857 magnam

2036 3859 2377 3939 assequeris
2426 3857 2925 3941 benevolentiam,
2989 3858 3349 3925 abduxerim
3406 3885 3441 3929 a
3497 3868 3685 3948 patria

2034 3948 2350 4027 religione,
2387 3956 2446 4009 et
2467 3948 2538 4010 ad
2572 3957 2907 4011 extremum
2939 3950 3285 4013 attraxerint
3315 3956 3625 4021 interitum
3657 3966 3686 4024 ?

2036 4038 2359 4103 Callinicus
2389 4056 2528 4100 vero
2558 4056 2573 4102 :
2607 4036 2689 4101 Ex
2723 4038 2926 4099 multis
2956 4037 3223 4119 quidem,
3249 4042 3469 4125 inquit,
3504 4049 3682 4112 etiam

2033 4128 2163 4190 aliis
2191 4146 2323 4189 sum
2356 4145 2697 4208 persuasus,
2733 4126 2989 4189 maxime
3018 4135 3217 4190 autem
3247 4133 3382 4194 talis
3412 4138 3686 4200 mutatio-

2035 4218 2127 4278 nis
2145 4235 2325 4280 causa
2349 4226 2437 4279 est
2467 4217 2596 4294 ipse
2627 4214 2940 4293 Hercules,
2976 4216 3075 4297 qui
3098 4224 3184 4279 tot
3211 4219 3453 4300 quidem
3488 4233 3683 4288 certa-

2031 4307 2214 4383 mina,
2251 4318 2313 4369 ut
2340 4308 2413 4369 de
2436 4326 2505 4369 eo
2536 4313 2781 4369 narrant
2805 4304 3039 4380 tabulas,
3067 4307 3355 4387 perfecit;
3392 4329 3551 4375 nunc
3582 4333 3684 4375 au-

2031 4404 2148 4459 tem
2184 4416 2260 4459 ne
2292 4396 2450 4459 nudo
2482 4397 2721 4478 quidem
2748 4396 2862 4458 viri
2911 4395 3091 4460 verbo
3122 4398 3364 4481 restitit,
3397 4402 3502 4463 sed
3528 4402 3681 4466 adeo

2032 4487 2321 4550 miserere
2347 4485 2930 4565 cecidit,etostendit
2953 4504 3085 4548 esse
3109 4487 3404 4567 jucundas
3428 4490 3678 4570 fabulas,

2029 4595 2161 4657 quae
2183 4577 2403 4659 deipso
2426 4585 2486 4639 et
2510 4576 2643 4639 aliis
2659 4576 2775 4638 diis
2784 4577 3007 4657 jactata
3041 4584 3179 4638 sunt
3202 4575 3275 4639 ab
3306 4579 3677 4644 hominibus.

2027 4668 2257 4732 Rursus
2297 4676 2495 4729 antem
2547 4684 2771 4748 praeses
2807 4685 2822 4727 :
2876 4664 3289 4747 Nequaquam,
3324 4668 3540 4751 inquit,
3574 4671 3679 4734 sed

2027 4756 2189 4818 illius
2218 4756 2649 4837 praestigiarum
2668 4764 2729 4817 et
2754 4755 3045 4817 similium
3072 4756 3478 4837 prodigiorum
3510 4778 3682 4823 amor

2026 4845 2085 4907 id
2135 4846 2241 4907 tibi
2290 4846 2608 4928 persuasit,
2644 4845 3081 4909 existimantem
3129 4844 3385 4926 teipsum
3443 4867 3680 4931 quoque

2027 4953 2203 5016 posse
2235 4935 2433 4998 facere
2485 4935 2723 4999 similia.
2770 4933 2888 4998 Sed
2937 4954 3130 5017 neque
3184 4937 3678 5017 praestigiatorem

2024 5026 2194 5087 illum
2245 5035 2304 5088 et
2335 5025 2600 5107 planum,
2636 5044 2830 5106 neque
2878 5025 3006 5087 haec
3055 5034 3111 5087 te
3133 5025 3419 5105 juverint.
3457 5029 3571 5091 nisi
3621 5040 3679 5095 te

2025 5123 2262 5178 tuorum
2297 5116 2579 5195 pceniteat
2603 5113 2986 5192 delictorum,
3012 5123 3071 5176 et
3104 5114 3389 5195 pristinos
3416 5116 3678 5182 honores

2023 5223 2231 5268 rursus
2257 5206 2372 5268 diis
2400 5203 2766 5270 reddideris.

2107 5472 2313 5537 XXIV.
2342 5473 2448 5537 Ille
2479 5491 2620 5537 vero
2650 5475 2854 5536 volens
2883 5483 3092 5556 aperte
3122 5476 3487 5539 convincere
3513 5476 3679 5557 igno-

2027 5566 2280 5628 rantiam
2314 5565 2584 5646 praesidis
2620 5564 2867 5647 (sciebat
2899 5564 3061 5628 enim
3091 5575 3322 5646 aperte,
3359 5563 3587 5629 sciebat
3620 5567 3677 5630 ei

2029 5674 2264 5736 quoque
2295 5655 2370 5716 ad
2401 5656 2661 5717 futurum
2695 5654 2904 5736 Thyrsi
2963 5656 3177 5731 Deum,
3210 5664 3268 5718 et
3295 5673 3401 5717 sua
3426 5653 3487 5716 in
3535 5673 3673 5718 eum

2027 5752 2407 5809 ostensurum
2435 5743 2747 5826 prodigia):
2780 5744 3100 5822 Quoniam,
3125 5744 3339 5829 inquit,
3366 5763 3400 5808 o
3430 5759 3670 5825 praeses.
