4148 6420
441 366 560 435 535

1744 361 2022 427 MENSIS
2082 360 2510 426 DECEMBER.

3708 367 3829 434 536

440 520 561 567 non
592 511 759 567 recte
805 502 913 566 tibi
948 519 1013 564 se
1036 500 1220 564 habet
1276 517 1519 579 corpus,
1555 507 1615 561 et
1658 505 1828 579 putas
1859 513 1952 556 me
1980 496 2094 561 de-

2191 497 2422 574 ἧγεμών,
2483 495 2779 572 ἀνωμάλως
2822 496 2941 577 ἔχει
2987 519 3070 552 σοι
3132 498 3197 553 τὰ
3250 504 3344 555 τοῦ
3401 498 3675 576 σώματος,
3723 503 3828 559 οἱει

441 600 682 672 ceptum
740 612 875 656 esse
934 590 1239 673 ﬁgmentis
1290 599 1350 651 et
1406 588 1588 651 visis:
1640 591 2015 666 accedamus,
2046 591 2099 654 si

447 681 703 760 videtur,
730 684 804 746 ad
839 700 1117 761 magnum
1149 677 1582 757 Esculapium,
1619 687 1676 741 et
1705 682 2101 745 communiter

446 770 857 844 Obsecremus,
891 779 954 832 ut
1010 768 1283 831 morbum
1332 768 1437 829 tibi
1493 768 1681 845 sedet,
1716 779 1776 833 et
1829 771 2101 834 libereta

446 861 790 925 doloribus:
825 868 881 921 et
908 868 1045 920 tunc
1070 858 1225 920 scies
1255 857 1401 919 nihil
1428 858 1672 920 omnino
1704 860 1952 940 ﬁngere,
1989 880 2099 922 nec

445 953 674 1015 visione
695 950 1016 1032 quidquam
1050 947 1508 1027 apprehendere
1540 948 1687 1010 mihi
1717 970 1978 1031 unquam
2005 969 2100 1011 ve-

448 1041 611 1104 nisse
633 1041 693 1103 in
716 1039 1233 1101 mentem.Eorum
1256 1054 1421 1115 ergo,
1448 1056 1581 1118 qua:
1601 1037 1974 1112 dicebantur,
2002 1040 2102 1102 ille

448 1129 689 1193 modum
716 1147 833 1190 non
864 1127 1230 1207 intelligens,
1265 1126 1371 1186 sed
1408 1126 1535 1188 hanc
1561 1126 1919 1209 simpliciter
1944 1129 2103 1192 dicta

446 1236 579 1281 esse
611 1217 931 1300 arbitrans,
967 1226 1027 1279 et
1046 1217 1171 1297 jam
1202 1214 1556 1279 Callinicum
1588 1217 1788 1297 aliqua
1816 1218 1953 1280 duci
1980 1238 2103 1299 pce-

447 1308 727 1382 nitentia,
760 1326 896 1370 eum
931 1307 1129 1369 statim
1165 1324 1503 1378 assumens,
1541 1305 1709 1368 laetus
1741 1307 2003 1389 perrexit
2029 1306 2102 1367 ad

445 1402 745 1472 templum.
781 1401 1085 1472 Postquam
1107 1409 1297 1457 autem
1331 1400 1576 1468 ingressi
1601 1402 2105 1460 suntexsecranda

443 1484 548 1549 illa
569 1486 762 1569 adyta,
792 1494 989 1548 mente
1020 1491 1246 1548 attenta
1276 1483 1600 1547 Callinicus
1635 1502 1649 1547 :
1686 1486 1939 1548 Domine
1968 1487 2106 1549 Jesu

448 1574 710 1648 Christe,
741 1574 958 1656 inquit,
993 1579 1095 1654 qui
1146 1591 1251 1653 per
1281 1572 1565 1633 famulum
1615 1583 1777 1635 tuum
1814 1573 2105 1655 Thyrsum

446 1683 484 1727 a
513 1682 611 1727 me
655 1663 891 1744 agnitus
922 1662 1084 1725 fuisti
1114 1680 1288 1725 verus
1318 1662 1499 1737 Deus,
1537 1662 1639 1744 qui
1679 1682 1799 1737 me,
1834 1665 1933 1745 qui
1979 1664 2107 1726 mil-

450 1754 565 1817 lies
600 1763 657 1816 te
689 1753 940 1830 offendi,
974 1760 1033 1815 et
1081 1754 1277 1832 legem
1315 1765 1476 1814 tuam
1511 1771 1644 1814 sum
1679 1761 2104 1833 transgressus,

2181 583 2237 642 δὲ
2280 587 2419 661 κάμὲ
2475 586 2753 662 πλάσμασί
2804 610 2942 643 τισιν
3003 587 3308 654 ἠπατῆσθαι
3350 589 3437 644 καὶ
3491 593 3822 668 φαντασίαις.

2183 675 2581 750 προσέλθωμεν,
2612 678 2657 732 εἰ
2712 674 2883 747 δοκεῖ,
2944 681 3012 752 τῇ
3067 676 3289 754 μεγάλῳ
3344 676 3680 754 Ἀσκληπιῷ,
3742 685 3826 739 καὶ

2182 766 2335 834 κοινῆ
2413 765 2794 845 λιπαρήσωμεν
2854 766 2991 823 ὥστε
3063 769 3320 841 κοιμῆσαί
3375 790 3458 826 σοι
3516 771 3576 827 τὸ
3635 773 3825 843 πάθος,

2182 857 2271 912 καὶ
2329 854 2436 911 τῶν
2482 854 2677 911 ὀδυνῶν
2735 854 3059 929 ἀπαλλάξαι,
3107 859 3192 914 καὶ
3246 856 3494 924 τηνικάδε
3552 860 3676 936 εἴσῃ
3735 862 3827 918 καί

2183 945 2305 1021 ωερὶ
2359 944 2489 1019 ἐμοῦ
2519 945 2726 1005 πάντως
2774 947 2846 1008 ὡς
2906 943 3049 1001 οὖδέν
3096 969 3185 1018 μοι
3242 945 3538 1004 πλάσασθαι
3596 948 3632 1017 ἢ
3690 973 3826 1029 φαν-

2183 1037 2439 1102 τασθῆναι
2509 1040 2741 1091 τοιοῦτον
2796 1033 2993 1103 ἐττλῆοέ
3051 1057 3201 1098 ποτε,
3264 1038 3366 1094 Τὸν
3421 1040 3617 1115 τρόπον
3662 1041 3830 1095 τοίνυν

2185 1123 2389 1181 ἐκεῖνος
2462 1129 2567 1180 τῶι
2635 1124 2939 1200 λεγομένων
2990 1128 3049 1183 ού
3107 1124 3346 1199 συνιδὼν,
3406 1126 3544 1183 ἀλλα
3612 1130 3831 1201 νομίσας

2188 1213 2373 1278 ἁπλῶς
2451 1222 2615 1270 ταῦτα
2685 1213 2917 1291 εἰρῆσθαι
2988 1214 3344 1291 (μεταμέλειά
3415 1240 3494 1280 τις
3570 1216 3672 1286 ἤδη
3742 1220 3834 1274 τὸν

2192 1303 2504 1364 Καλλίιικον
2549 1302 2719 1383 ἔχει),
2772 1300 3094 1380 παραλαϐὼν
3139 1303 3326 1367 εύθέως
3390 1306 3567 1380 αὺτὸν,
3630 1311 3835 1386 χαίρων

2189 1394 2385 1474 ἐχώρει
2437 1394 2566 1470 πρὸς
2616 1394 2704 1449 τὸν
2737 1392 2880 1455 ναόν,
2944 1392 3091 1450 Ἐπεὶ
3120 1392 3174 1450 δέ
3225 1395 3333 1452 τῶν
3361 1402 3566 1474 μιαρῶν
3623 1396 3836 1453 ἐκείνων

2189 1485 2389 1541 ἀδύτων
2446 1484 2592 1548 ἐντὸς
2662 1482 2930 1562 ἐγένοντο,
3016 1486 3304 1565 προσσχὼν
3390 1486 3416 1542 ὁ
3503 1485 3837 1559 Καλλίνικος,

2192 1578 2346 1653 βύριε
2407 1575 2585 1642 ἰησοῦ
2660 1573 2879 1651 Χριστὲ,
2941 1575 2968 1629 ὀ
3047 1573 3131 1631 διὰ
3200 1582 3293 1633 τοῦ
3362 1584 3455 1633 σοῦ
3515 1578 3838 1655 θεράποντος

2192 1666 2388 1743 Θύρσου
2446 1662 2680 1741 ἀψευδὴς
2734 1662 3071 1742 ἐπιγνωσθείς
3133 1689 3222 1741 μοι
3282 1668 3435 1740 Θεὸς,
3504 1668 3531 1723 ὀ
3585 1668 3671 1724 καὶ
3730 1689 3841 1741 μυ-

2191 1757 2362 1834 ριάκις
2418 1757 2492 1818 εἷς
2566 1755 2624 1810 σὲ
2681 1754 3106 1830 παρηνομηκότα
3168 1778 3236 1829 με
3307 1757 3385 1832 μὴ
3454 1757 3840 1831 ἀπωσάμενος,

448 1863 569 1908 non
598 1842 898 1926 repulisti,
937 1852 995 1906 tu
1030 1861 1267 1923 quoque
1309 1861 1486 1921 surge
1519 1862 1677 1904 nunc
1718 1844 1787 1905 ad
1821 1844 2104 1906 auxilium

2191 1848 2346 1910 αὐτος
2390 1846 2646 1913 ἀνάστηθι
2705 1846 2791 1901 καὶ
2837 1855 2924 1904 νῦν
2968 1847 3041 1909 εἰς
3099 1847 3199 1915 τὴν
3255 1847 3503 1923 βοήθειάν
3563 1870 3689 1922 μου,
3749 1850 3843 1903 καὶ

448 1953 672 2015 meum,
702 1941 762 1997 et
790 1933 852 1995 in
884 1952 978 1995 me
1012 1950 1253 2013 quoque
1284 1950 1494 1993 rursus
1527 1942 1688 1995 tuam
1718 1935 1970 1997 ostende
2005 1951 2109 2013 po-

451 2023 720 2085 tentiam.
751 2019 891 2083 Hazc
914 2021 1178 2096 dicebat,
1205 2028 1265 2083 et
1294 2038 1438 2082 ecce
1461 2040 1565 2082 vox
1588 2040 1859 2102 quaenam
1895 2042 1962 2085 ex
1991 2025 2105 2085 alto

446 2110 828 2183 audiebatur,
849 2129 982 2192 quae
1012 2120 1071 2173 et
1096 2112 1227 2190 ejus
1250 2110 1449 2172 animo
1486 2111 1742 2174 addet-at
1771 2113 2101 2187 audaciam,

447 2210 506 2264 et
556 2200 857 2264 excitabat
884 2199 957 2262 ad
992 2199 1260 2262 bravium
1308 2218 1587 2280 superna:
1614 2203 1966 2265 vocationis.
2002 2202 2108 2265 llle

444 2300 815 2361 autem,cnm
840 2309 910 2353 ex
936 2308 1008 2351 eo
1038 2298 1197 2351 esset
1220 2289 1491 2370 repletus
1514 2290 1785 2370 audacia,
1807 2300 1865 2353 et
1888 2311 2106 2353 nomen

450 2380 681 2444 Christi
703 2386 866 2441 esset
895 2379 1133 2454 cﬂ‘alus,
1167 2379 1555 2440 vehementer
1585 2389 1645 2440 et
1675 2381 1991 2442 minaciter
2018 2382 2107 2442 in-

448 2478 656 2551 crepat
706 2468 1096 2530 simulacrum
1129 2467 1476 2548 IEsculapii.
1526 2467 1713 2530 Tanta
1743 2487 1883 2531 vero
1917 2479 2107 2533 statua

449 2577 687 2640 parvam
722 2577 843 2620 non
878 2558 1013 2618 tulit
1042 2556 1548 2637 increpationem,
1584 2558 1688 2619 sed
1718 2560 1913 2621 statim
1949 2560 2106 2621 cadit

443 2647 520 2710 ad
557 2647 720 2710 illius
771 2646 982 2728 pedes,
1015 2645 1267 2728 perinde
1305 2664 1372 2707 ac
1407 2646 1456 2706 si
1487 2645 1755 2727 quaedam
1807 2666 2021 2709 manus
2050 2649 2106 2711 ei

442 2736 560 2799 vim
587 2735 1007 2801 attulisset.Ad
1038 2735 1350 2817 praesidem
1370 2735 1570 2813 itaque
1593 2735 1837 2798 intuens
1867 2736 2106 2801 Callini«

444 2846 553 2891 cus
589 2848 604 2889 :
637 2826 773 2900 Hic,
798 2826 1014 2908 inquit,
1039 2844 1159 2887 non
1184 2825 1404 2907 poterit
1425 2824 1665 2907 quidem
1692 2846 1964 2909 surgere,
1990 2828 2107 2890 nisi

444 2917 501 2982 ei
526 2935 769 2980 manum
803 2915 1137 2998 praebueris
1167 2914 1524 2995 adjutricem
1552 2937 1567 2997 ;
1602 2915 1847 2998 adspice
1876 2928 2107 3000 ergo,et

2189 1936 2363 2001 δεῦξον
2412 1936 2500 1993 καὶ
2542 1937 2597 1990 ἐν
2657 1936 2776 2008 ἐμοὶ
2833 1933 2992 1992 πάλιν
3052 1936 3150 2002 τὴν
3209 1935 3510 1993 δυναστείαν
3564 1960 3678 1999 σου,
3742 1939 3844 1993 Καὶ

2188 2024 2299 2085 ἰδοὺ
2369 2024 2520 2107 φωνή
2601 2047 2684 2089 τις
2740 2025 2965 2092 ἠκούετο
3039 2024 3235 2083 ἄνωθεν
3294 2026 3706 2105 ἐπιθαῤῥύνουσά
3785 2048 3852 2082 τε.

2192 2120 2352 2174 αύτοῦ
2406 2117 2501 2184 τὴν
2537 2119 2721 2194 ψυχην
2781 2116 2867 2171 καὶ
2910 2116 2982 2177 είς
3006 2117 3068 2171 τὸ
3111 2116 3363 2195 βραϐεῖον
3414 2139 3509 2181 της
3539 2115 3648 2173 ἄνω
3701 2115 3847 2186 κλήη

2189 2228 2323 2273 σεως
2380 2204 2724 2283 διεγείρουσα.
2780 2198 2836 2263 Ὀ
2898 2202 2951 2260 δὲ
3005 2204 3217 2282 θάῤῥους
3262 2209 3497 2263 ἐντεῦθεν
3554 2208 3848 2284 γενόμενος

2192 2296 2465 2375 ἔμπλεως,
2524 2296 2609 2351 καὶ
2671 2296 2733 2350 τὸ
2802 2300 2896 2351 τοῦ
2945 2295 3129 2370 Κυρίου
3198 2295 3366 2369 ὄνομα
3439 2296 3698 2368 ἐπειπὼν,
3761 2303 3849 2369 τῷ

2189 2397 2281 2445 τοῦ
2335 2384 2671 2451 Ἀσκληπιοῦ
2714 2382 2915 2457 εἰδώλῳ
2958 2382 3179 2462 σφοδρόν
3235 2407 3286 2442 τι
3336 2385 3430 2441 καὶ
3487 2384 3851 2453 ἀπειλητικὸν

2188 2477 2431 2552 ἐπιτιμᾷ.
2493 2476 2588 2533 Καὶ
2646 2476 2673 2530 ὃ
2731 2472 3044 2539 τηλικοῦτος
3104 2472 3313 2551 ἀνδριὰς
3384 2475 3587 2537 ἐκεῖνος
3648 2476 3852 2553 μικρὰν

2190 2570 2285 2625 οὔκ
2344 2564 2565 2643 ἤνεγκεν
2619 2563 2952 2643 ἐπιτίμησιν,
2988 2563 3107 2620 ἀλλ’
3166 2562 3322 2631 ξξὲως
3353 2568 3453 2643 πρὸ
3494 2570 3600 2621 τῶν
3642 2566 3851 2622 ἐκείνου

2188 2652 2364 2713 ποδῶν
2445 2654 2766 2715 καταπίπτει
2838 2654 3016 2731 ὥσπερ
3094 2676 3172 2718 τις
3229 2656 3559 2731 βιασαμένης
3632 2655 3844 2734 χειρός.

2192 2746 2326 2822 Πρὸς
2396 2746 2487 2802 τὸν
2574 2744 2814 2822 ἡγέμονα
2882 2744 3052 2800 τοίνυν
3125 2741 3325 2801 ἀπιδὼν
3397 2748 3424 2802 ὁ
3500 2744 3846 2812 Καλλίνικος,

2191 2835 2374 2909 Οὗτος,
2428 2835 2612 2915 φησὶν,
2675 2832 2789 2892 οὐδὲ
2850 2831 3143 2901 ἀναστῆναι
3188 2832 3401 2898 δυνατὸς
3456 2833 3625 2907 ἔσται,
3675 2836 3718 2889 εἰ
3764 2832 3845 2907 μὴ

2186 2949 2288 2983 που
2337 2926 2530 3002 βοηθὸν
2588 2924 2741 2990 αὐτὸς
2769 2936 2937 3004 χεῖρα
2983 2922 3202 3001 ὀρέξεις.
3278 2922 3582 3000 Διάϐλεψον
3620 2944 3846 3000 τοιγαρ-

441 3024 741 3088 cegnosce
774 3025 894 3068 non
925 3024 1062 3068 esse
1093 3005 1425 3085 praestigias
1456 3024 1566 3068 nec
1596 3016 1808 3087 artem,
1837 3027 1969 3088 qum
1993 3010 2102 3071 ad-

2191 3016 2276 3073 οῧν
2320 3017 2407 3072 καὶ
2439 3019 2601 3094 γνῶθι
2659 3016 2732 3078 ὡς
2767 3015 2828 3070 οὐ
2870 3015 3091 3091 γοητεία
3148 3015 3215 3069 τὰ
3253 3018 3487 3089 παρόντα
3518 3015 3603 3070 καὶ
3647 3014 3841 3091 τέχνη,

442 3105 607 3178 sunt,
634 3096 744 3159 sed
794 3098 986 3160 Deum
1023 3095 1280 3177 aliquem
1316 3096 1373 3157 in
1408 3113 1504 3157 me
1536 3097 1797 3177 operari,
1825 3098 1926 3178 qui
1956 3097 2015 3159 in
2050 3107 2104 3160 te

2191 3105 2324 3163 ἀλλά
2381 3128 2461 3168 τις
2507 3104 2714 3182 ἐνεργεῖ
2771 3105 2900 3167 Θεὸς
2944 3101 2998 3156 ἐν
3057 3102 3201 3176 ἐμοὶ,
3234 3104 3300 3158 τὰ
3355 3102 3450 3158 ἴσα
3494 3104 3579 3158 καὶ
3624 3102 3709 3156 ἐπὶ
3764 3105 3845 3157 σοὶ

452 3204 692 3269 quoque
723 3193 919 3268 potest
972 3183 1180 3247 eadem
1213 3186 1412 3247 facere
1451 3186 1758 3267 miracula,
1792 3186 1841 3247 si
1877 3196 2100 3249 tantum

2191 3197 2653 3269 θλυματουργῆσαι
2713 3189 3024 3266 δυνάμενος,
3086 3190 3249 3263 μόνον
3306 3192 3350 3246 εἰ
3405 3189 3491 3247 ἐπ’
3550 3190 3702 3247 αὐτὸν
3748 3210 3843 3243 πι-

454 3275 520 3338 in
548 3294 683 3339 eum
715 3274 1076 3344 credideris,
1103 3274 1316 3336 Animo
1352 3292 1491 3353 ergo
1521 3274 1696 3335 valde
1722 3274 1937 3335 anxius
1961 3294 2105 3354 prae.

2191 3284 2486 3344 στεύσειας.
2553 3278 2763 3360 Σφόδρα
2832 3277 2958 3356 γοῦν
3030 3278 3308 3353 ἀθυμήσας
3371 3282 3399 3335 ὁ
3469 3280 3711 3356 ἡγεμὼν,
3760 3274 3841 3330 ὅτι

442 3382 564 3439 ses,
599 3362 760 3444 quod
786 3365 910 3440 jam
943 3360 1134 3441 ipsius
1181 3378 1419 3441 quoque
1450 3361 1719 3424 Callinici
1752 3361 1994 3424 iecisset
2016 3364 2107 3443 ja-

2191 3374 2277 3428 ιιαὶ
2336 3372 2486 3429 ούτὸν
2540 3367 2643 3437 ἤδη
2695 3368 2785 3424 τόν
2847 3365 3157 3426 Καλλίνικον
3215 3367 3501 3443 ἐζημίωτο,
3554 3373 3846 3435 τηνικαῦτά

441 3460 699 3532 cturam,
732 3458 873 3511 tunc
904 3447 1145 3529 quidem
1180 3467 1314 3508 eum
1350 3448 1602 3510 includit
1630 3449 1689 3510 in
1723 3468 1991 3512 carcere.

2191 3460 2289 3537 μὲν
2319 3463 2500 3537 εἱρκτῇ
2528 3456 2830 3514 κατακλείει
2860 3459 2952 3514 τὸν
2989 3455 3166 3531 ἄνδρα.

520 3539 709 3604 XXV.
763 3536 907 3601 Cum
944 3555 1120 3598 mane
1151 3546 1347 3599 autem
1411 3537 1795 3613 surrexisset,
1825 3540 2106 3621 quoniam

2196 3536 2199 3537 ν
2268 3536 2407 3614 ΚΕί.
2470 3548 2676 3607 ’Ἐωθεν
2733 3547 2788 3604 δὲ
2842 3548 3097 3621 ἀναστὰς,
3146 3547 3262 3606 ἐπεὶ
3304 3556 3480 3606 κακῶν
3532 3549 3847 3625 ἐπαγωγαῖς

445 3628 642 3711 malis,
678 3644 813 3706 quae
843 3625 1287 3720 inﬂigerentur,
1319 3644 1453 3687 eum
1492 3636 1733 3689 noverat
1765 3628 1893 3690 fore
1923 3647 2106 3709 supe-

2191 3640 2488 3720 ἀχείρωτον
2568 3639 2725 3695 αὺτὸν
2797 3639 3058 3712 ἑπόμενον
3130 3637 3246 3715 ᾔδει
3318 3643 3410 3695 οἷα
3465 3637 3700 3711 ζηλοτῂν
3756 3642 3852 3691 τοῦ

443 3704 794 3798 ι’ἰοτθιὶιξιιί
843 3714 947 3797 qui
977 3704 1200 3794 Thyrsi
1256 3704 1415 3809 esset
1446 3717 1758 3809 aemulator
1789 3719 1847 3778 in
1900 3704 2107 3780 ambos

2192 3704 2391 3807 6397.0”
2437 3729 2753 3809 γενόμενον,
2798 3732 3050 3795 τοιαύτην
3120 3704 3239 3785 ἱξεῖτ’
3312 3729 3624 3809 ἀμφοτέρων
3684 3722 3850 3802 ἐκφέ-

446 3807 624 3872 talem
663 3804 1397 3901 pronuntiat-sententiam
1436 3824 1448 3868 :
1486 3804 1683 3901 _lllnm
1715 3807 1981 3888 quidem,
2010 3809 2105 3869 in-

2191 3843 2268 3901 ρει
2311 3822 2408 3889 τὴν
2468 3824 2672 3897 ψῆφονο
2740 3820 2841 3877 Τὸν
2918 3819 3016 3894 μὲν
3083 3818 3472 3897 ἀπορραγέντα,
3535 3818 3684 3893 φησὶ,
3744 3818 3853 3890 πρό

447 3895 736 3990 quit_,__qui
790 3914 856 3958 se
905 3913 939 3959 a
988 3893 1238 3990 deorum
1290 3894 1525 3990 abrupit
1584 3897 2009 3990 conjunctione
2052 3907 2107 3962 et

2192 3921 2383 3990 μικροῦ
2435 3913 2536 3978 τῆς
2568 3916 2674 3966 τῶν
2727 3912 2861 3966 θεῶν
2895 3910 3241 3981 οἶκειώσεως,
3291 3908 3377 3962 καὶ
3408 3911 3473 3980 τῇ
3513 3906 3621 3960 τῶν
3653 3905 3851 3961 ἀθλίων

446 3985 876 4063 familiaritate,
914 3994 974 4047 et
1025 3985 1239 4047 horum
1274 3986 1629 4048 miserorum
1682 3986 1923 4068 fraudit,
1958 4007 2107 4068 quos

2193 3984 2389 4050 τούτων
2450 3992 2631 4066 ἀπάτῃ
2676 3990 2765 4053 οὖς
2827 3991 3172 4068 Χριστιανοὺς
3221 3984 3461 4055 καλοῦσι,
3495 3985 3852 4061 προστεθέντα

443 4075 816 4140 Christianos
844 4083 1084 4149 vocant,
1119 4092 1185 4137 se
1214 4074 1509 4156 adjunxit,
1546 4074 1899 4138 Callinicum
1918 4077 2106 4158 jubeo

2194 4081 2509 4142 Καλλίνικον
2616 4079 2708 4135 τὸν
2793 4076 2874 4133 διὰ
2980 4075 3152 4155 ξίφους
3238 4075 3463 4131 θάνατον
3554 4074 3853 4141 ὑποστῆναι

449 4183 595 4229 ense
628 4173 880 4227 mortem
912 4164 1119 4227 subire
1150 4185 1167 4247 ;
1223 4163 1511 4246 Thyrsum
1547 4183 1714 4239 vero,
1744 4165 1846 4247 qui
1907 4167 2107 4231 multis

2191 4170 2417 4229 κελεύω·
2482 4171 2575 4226 τὸν
2633 4166 2686 4223 δὲ
2732 4188 2793 4245 γε
2858 4164 3093 4229 πολλαῖς
3151 4163 3441 4237 τερατείαις
3495 4161 3844 4238 ἐπισεμνύνό-

451 4254 741 4337 gloriatur
797 4253 1107 4335 prodigiis,
1176 4262 1233 4315 et
1279 4253 1380 4333 qui
1440 4253 1618 4314 etiam
1681 4255 2016 4336 procuravi,
2051 4267 2107 4320 ut

2196 4282 2357 4337 μενον
2415 4259 2635 4336 Θύρσον,
2682 4257 2738 4320 ὃς
2799 4254 2891 4312 οιαὶ
2921 4263 2998 4330 τῷ
3050 4253 3262 4328 δειλαίῳ
3310 4253 3481 4327 τούτῳ
3551 4252 3850 4324 Καλλινίκῳ

454 4350 639 4410 miser
699 4353 1116 4427 perveterelur
1166 4342 1506 4417 Callinicus,
1542 4344 1603 4405 in
1660 4344 1974 4425 quamdam
2036 4348 2107 4409 li-

2196 4351 2296 4418 τὴν
2379 4346 2701 4425 διαστροφὴν
2785 4345 3205 4425 ἐμνηστεύσατο,
3281 4343 3363 4407 εἴς
3446 4364 3563 4398 τινα
3646 4343 3852 4421 γυμνὴν

456 4452 670 4516 gneam
700 4435 989 4515 injectum
1021 4451 1283 4514 capsam,
1305 4450 1439 4495 cum
1475 4451 1545 4494 ea
1574 4434 1915 4497 acutissima
1947 4456 2107 4501 serra

2199 4438 2531 4515 ἐμϐληθέντα
2613 4437 2787 4506 θήκην
2842 4434 3075 4509 ὁξυτάτῳ
3156 4436 3247 4490 σὺν
3323 4435 3457 4509 αύτῇ
3529 4430 3852 4499 διακοπῆναι

460 4525 803 4586 minutatim
865 4521 1174 4598 dissecari,
1251 4529 1314 4583 ut
1373 4522 1618 4602 prolixae
1675 4521 1837 4586 illius
1890 4524 2107 4608 decep-

2202 4530 2274 4593 εἰς
2307 4528 2445 4587 λεπὰ
2505 4527 2697 4603 πρίονι,
2734 4527 2806 4590 ὼς
2852 4526 2913 4582 ἃν
2971 4529 3071 4589 τῖς
3115 4530 3320 4601 μακρᾶς
3370 4521 3577 4588 ἐκείνης
3638 4521 3851 4589 ἀπάτης

460 4613 644 4675 tionis
702 4621 764 4676 et
814 4611 1267 4693 praestigiarum,
1302 4609 1514 4690 dignas
1567 4610 1741 4674 etiam
1776 4621 1905 4693 post
1951 4633 2107 4678 mor-

2200 4621 2288 4676 καὶ
2338 4618 2585 4697 γοητείας
2627 4614 2772 4682 ἀξίαν
2822 4618 2909 4673 καὶ
2966 4615 3101 4690 μετὰ
3157 4612 3408 4680 τελευτὰν
3463 4612 3682 4691 ὑπόσχῃ
3755 4612 3853 4679 τὴν

459 4711 576 4765 tem
636 4700 761 4763 luat
832 4717 1065 4781 poenas.
1144 4699 1336 4779 Atque
1391 4699 1492 4761 ille
1534 4699 1787 4779 quidem
1861 4722 1995 4765 cum
2054 4707 2107 4768 in

2199 4707 2370 4776 δίκην.
2458 4711 2519 4765 Ὀ
2592 4707 2690 4783 μὲν
2764 4706 2853 4763 οὖν
2910 4712 3125 4763 τοιαῦτα
3183 4704 3318 4760 κατὰ
3400 4707 3506 4758 τῶν
3578 4701 3854 4778 μαρτύρων

460 4799 750 4873 martyres
799 4791 952 4853 banc
987 4789 1220 4851 tulisset
1251 4789 1641 4879 sententiam,
1676 4809 1883 4854 rursus
1934 4799 2107 4879 coepit

2202 4800 2639 4879 ἀποφηνάμενος,
2699 4797 2804 4853 τῶν
2867 4795 2923 4851 ἐν
2977 4795 3135 4875 χερσῖ
3196 4792 3526 4870 πραγμάτων
3570 4789 3856 4869 φροντίδων

457 4899 669 4943 vacare
697 4879 773 4941 iis
802 4897 933 4960 quae
963 4897 1029 4942 se
1058 4880 1129 4941 ad
1164 4897 1403 4940 manum
1441 4878 1800 4967 offerebant,
1834 4878 2107 4962 negetiis.

2208 4878 2424 4957 ἥπτετο,
2488 4884 2888 4967 Παραλαϐόντες
2945 4882 3000 4940 δὲ
3052 4882 3238 4947 αὖτοὺς
3298 4883 3345 4939 οἱ
3402 4886 3719 4959 στρατιῶται
3763 4881 3857 4934 τὸν

459 4971 611 5035 Cum
666 4988 771 5031 eos
797 4978 994 5031 autem
1049 4968 1427 5048 accepissent
1463 4966 1707 5043 milites,
1764 4971 2107 5037 Callinicum

2202 4980 2299 5054 μὲν
2359 4966 2671 5037 Καλλίνικον
2729 4975 3077 5053 ἐξαγαγόντες
3134 4978 3230 5039 τῆς
3295 4970 3513 5048 ἀγορᾶς,
3570 4969 3666 5025 καί
3732 4990 3848 5024 και-

461 5058 707 5141 quidem
740 5076 773 5119 e
804 5058 930 5121 foro
963 5057 1270 5131 eductum,
1308 5076 1443 5119 cum
1505 5065 1738 5137 tempus
1771 5061 2037 5140 petiisset
2063 5077 2107 5127 et

2206 5071 2294 5141 ρὸν
2352 5069 2641 5137 αἰτήσαντα
2694 5069 2997 5143 προσευχῆς
3029 5064 3116 5118 καὶ
3170 5058 3424 5131 λαϐόντα,
3459 5059 3587 5116 εἶτα
3640 5056 3734 5114 καὶ
3781 5066 3860 5132 τῷ

462 5149 796 5231 accepisset
853 5146 1241 5229 precationis,
1277 5164 1380 5226 per
1434 5166 1640 5208 ensem
1692 5148 1849 5212 illata
1898 5152 2107 5219 deinde

2205 5156 2289 5215 διὰ
2339 5156 2510 5224 ξίφους
2555 5157 2762 5228 θανάτῳ
2809 5152 3092 5211 τελειοῦσι.
3141 5152 3335 5226 Θύρσον
3379 5147 3432 5204 δὲ
3462 5150 3553 5204 τὸν
3611 5161 3862 5225 γὰννκϊυν

466 5247 659 5301 morte
717 5246 1155 5299 consummant.
1202 5235 1572 5298 Generosum
1635 5255 1773 5298 vero
1829 5238 2120 5323 Thyrsum

464 5346 602 5391 cum
637 5327 698 5389 in
723 5325 1040 5408 quamdam
1070 5326 1401 5387 machinam
1426 5324 1818 5389 immisissent
1840 5330 2119 5412 ligneam,

465 5425 532 5477 ut
562 5415 838 5497 improbe
859 5416 1127 5496 jusserat
1159 5433 1401 5495 przeses,
1438 5414 1670 5477 cuidam
1707 5414 1882 5479 Vitali
1923 5432 1980 5485 et
2010 5427 2122 5487 Sa-

465 5505 609 5568 bino
632 5505 1391 5581 mandant,uttormentum
1419 5509 1955 5584 exsequantur.Qni
1986 5534 2118 5577 cum

468 5613 704 5657 sursum
732 5612 959 5657 serram
994 5595 1234 5656 trahere
1265 5592 1758 5673 aggrederentur,
1784 5614 1853 5660 ea
1881 5603 2118 5682 quidem

466 5687 555 5760 eis
589 5684 905 5749 videbatur
933 5683 1101 5748 valde
1128 5683 1324 5771 gravis
1353 5690 1411 5745 et
1441 5682 1626 5747 ductu
1660 5682 2010 5774 diiﬁcilis,in
2040 5694 2117 5759 li-

2207 5247 2288 5312 εἴς
2348 5270 2396 5303 τι
2431 5246 2739 5326 μηχάνημα
2794 5245 2994 5321 γυμνὸν
3024 5239 3343 5315 ἐμϐαλὸντες
3398 5241 3471 5302 ὡς
3503 5240 3564 5293 το
3624 5239 3862 5307 πονηρὸν

2206 5337 2472 5414 ἐπίταγμα
2547 5334 2770 5408 Βίταλίῳ
2848 5333 2946 5387 τινὶ
3017 5332 3105 5386 καὶ
3186 5326 3393 5401 Σαϐίνῳ
3447 5328 3545 5394 τὴν
3627 5326 3862 5402 βάσανον

2206 5425 2566 5505 ἐπιτρὲπυσιν.
2680 5418 2775 5478 Ὧν
2857 5420 3052 5477 ἄνωθεν
3163 5419 3339 5477 ἕλκειν
3437 5415 3860 5494 ἐπιχειρούντων

2204 5518 2293 5574 τὸν
2331 5503 2553 5594 πρίονα,
2614 5514 2772 5590 βαρὺς
2831 5512 2930 5587 μὲν
2973 5509 3126 5573 οὗτος
3173 5513 3357 5572 αὺτοῖς
3429 5505 3597 5562 ἐδόκει
3657 5503 3858 5579 κομιδῆ

2203 5606 2299 5666 καὶ
2357 5593 2689 5683 δυσάγωγος,
2721 5601 2914 5681 mia-po;
2968 5599 3022 5655 δὲ
3078 5597 3228 5660 Sumo
3261 5597 3397 5654 κατὰ
3440 5598 3533 5653 τοῦ
3561 5593 3713 5660 ξύλου
3773 5598 3861 5650 καὶ

2203 5695 2473 5776 μετέωρος
2502 5681 2755 5776 ίῆρχετω·
2809 5692 2947 5750 ὥστε
3003 5691 3120 5755 τοὶς
3172 5690 3270 5767 μὲν
3316 5687 3537 5767 κάμνειν
3578 5689 3645 5758 ιῷ
3702 5681 3858 5767 ἄχθει
