4148 6400
300 380 422 449 537
1235 382 1706 447 MARTYRIUM
1752 380 1814 443 S.
1867 379 2156 443 THYRSI
2201 379 2298 444 ET
2352 378 2756 443 SOCIORUM.
3570 372 3686 441 538

306 520 403 578 καὶ
452 517 633 599 ἱδρῶτι
692 518 1055 602 περιῤῥεϊσθαι
1107 526 1317 600 συχνῷ,
1373 520 1435 576 τὸ
1495 516 1647 586 ξύλον
1709 515 1763 574 δὲ
1819 517 1961 575 ἀπα-

2049 530 2237 595 gnum
2266 532 2406 578 vero
2431 510 2835 602 descendebat
2861 509 3185 602 admodum
3230 510 3379 602 levis
3406 518 3467 574 et
3495 511 3689 576 subli-

308 610 404 677 θὲς
498 609 680 687 μένειν
716 600 779 687 ,⁷
828 608 1068 687 οὐδαμῶς
1158 613 1316 669 αὐτοῦ
1390 606 1799 688 παραπτομένου
1882 615 1961 666 τοῐ

2052 606 2167 668 mis
2202 628 2216 665 :
2244 605 2395 667 adeo
2426 611 2492 666 ut
2520 602 2607 666 illi
2638 601 2882 684 quidem
2912 601 3186 683 pondere
3214 600 3579 677 laborarent,
3630 611 3690 666 et

303 700 547 778 πρίονος.
579 699 744 766 Τέλος
801 698 856 756 δὲ
914 698 1256 780 σφοδρότερον
1314 703 1420 756 τῶν
1463 697 1663 777 ἀνδρῶν
1709 698 1961 776 ἒγκειμέ-

2048 693 2232 758 multo
2254 694 2475 757 sudore
2496 691 3239 770 circumﬂuerent,lignum
3260 695 3459 754 autem
3490 710 3694 755 mane-

299 811 413 846 νων
477 788 798 869 διανοίγεται
843 790 941 865 μὲν
1000 790 1313 858 αὐτομάτως
1356 789 1393 857 ἠ
1439 790 1582 858 θήκη
1618 806 1634 824 ⁶
1686 785 1844 854 ἔξεισι
1905 785 1960 843 δὲ

2048 794 2136 846 ret
2158 784 2485 863 integrum,
2512 781 2571 845 id
2606 800 2773 845 serra
2795 781 3045 844 minime
3063 782 3687 862 attingente.Tandem

295 881 327 935 ὁ
380 878 620 947 ἀθλητὴς
671 877 887 960 φαιδρὸς
943 879 1041 949 τὴν
1107 878 1229 955 ὄψιν
1286 880 1374 936 καὶ
1442 877 1663 956 θαλερός
1700 892 1714 908 ⁰
1777 876 1959 955 ὥσπερ

2048 882 2237 937 autem
2271 871 2623 953 urgentibus
2645 882 2708 935 et
2729 872 3092 935 instantibus
3111 871 3231 934 illis
3245 872 3687 949 vehementius,

294 965 501 1036 ἡδονῆς
580 970 720 1034 θείας
802 976 899 1035 τῆς
976 966 1177 1026 ἐκείνου
1259 972 1443 1048 ψυχῆς
1529 968 1944 1048 καταχυθείσης.

2048 982 2209 1043 :apsa
2238 963 2480 1044 quidem
2513 981 2620 1025 sua
2652 971 2874 1042 sponte
2897 961 3200 1043 aperitur:
3227 961 3533 1042 egreditur
3553 980 3691 1025 vero

294 1058 437 1122 Τοὺς
498 1057 597 1133 μὲν
655 1059 743 1114 οὖν
786 1065 1144 1136 περιεστῶτας
1182 1055 1300 1115 ὅσοι
1330 1080 1386 1115 τε
1430 1059 1562 1135 πρὸς
1592 1059 1654 1114 τὸ
1683 1069 1949 1135 τιμωρεῖ·-

2048 1054 2256 1115 ithleta
2314 1054 2482 1115 laetus
2538 1060 2593 1114 et
2652 1051 2891 1125 alacris,
2946 1051 3200 1132 perinde
3249 1070 3319 1115 ac
3347 1052 3398 1114 si
3426 1052 3689 1115 divinum

294 1151 445 1221 σθαι,
508 1149 596 1204 καὶ
648 1147 763 1204 ὅσοι
805 1149 943 1205 κατὰ
984 1148 1106 1205 θέαν
1161 1147 1335 1222 μόνην
1380 1147 1655 1226 παρῆσαν,
1695 1146 1949 1213 ἔκπληξις

2048 1142 2334 1221 quoddam
2359 1142 2639 1222 gaudium
2666 1140 2828 1203 illius
2856 1141 3175 1205 invasisset
3196 1142 3693 1224 animum.Atque

294 1236 512 1300 πάντας
574 1236 693 1294 εἷλε
736 1239 826 1295 καὶ
867 1239 1028 1316 θίγειν
1092 1236 1258 1296 οὔδενὶ
1322 1235 1538 1314 δύναμις
1590 1237 1653 1305 ἧν
1712 1234 1798 1294 διὰ
1854 1236 1949 1305 τὴν

2048 1248 2140 1293 eos
2170 1230 2437 1311 quidem.
2474 1230 2576 1312 qui
2608 1230 3093 1312 circumstabant,
3130 1239 3250 1294 tam
3286 1230 3390 1313 qui
3416 1229 3689 1313 aderant,

293 1324 606 1406 δπερϐολήν
636 1334 729 1386 τοῦ
769 1328 1061 1405 θαύματος.

2048 1330 2098 1381 ιιι
2130 1322 2484 1395 supplicium
2508 1331 2821 1392 sumerent,
2842 1338 3016 1395 quam
3039 1333 3101 1383 ut
3121 1323 3310 1382 solum
3342 1331 3687 1397 spectarent,

2036 1408 2197 1489 cepit
2214 1426 2426 1473 omnes
2458 1415 2668 1489 stupor
2697 1418 2759 1472 et
2789 1408 3203 1482 admiratio,et
3232 1428 3427 1492 neque
3459 1417 3694 1490 poterat

393 1595 545 1671 ag".
591 1586 655 1655 Ὀ
709 1598 909 1675 μάρτυς
968 1595 1024 1654 δὲ
1079 1598 1175 1655 τὸν
1241 1597 1446 1654 οἰκεῖον
1512 1596 1609 1664 τῆς
1682 1594 1959 1667 ἀθλήσεως

303 1683 514 1762 δρόμον
596 1687 905 1763 αἰσθόμενος
978 1685 1082 1755 ἤδη
1156 1688 1287 1765 πρὸς
1347 1684 1499 1750 τέλος
1558 1683 1801 1766 ἥκοντα,
1870 1694 1961 1751 καί

303 1799 459 1840 τινος
542 1777 739 1835 ἄνωθεν
827 1776 1003 1859 φωνῆς
1079 1778 1209 1856 πρὸς
1284 1776 1353 1835 τὰ
1402 1775 1629 1854 βραϐεϊα
1691 1774 1959 1845 καλούσης

2042 1498 2199 1560 ullus
2221 1518 2358 1560 eum
2392 1506 2633 1578 tangere
2663 1507 2909 1581 propter
2936 1499 3176 1580 insigne
3205 1500 3585 1563 miraculum.

2122 1587 2342 1652 XXVI.
2369 1588 2583 1670 Martyr
2614 1598 2816 1652 autem
2840 1608 2976 1652 cum
3011 1591 3303 1653 sensisset
3332 1608 3573 1653 cursum
3601 1592 3692 1653 sui

2044 1677 2391 1741 certaminis
2417 1679 2540 1758 jam
2577 1678 2782 1741 venire
2805 1679 2880 1742 ad
2913 1679 3124 1755 ﬁnem,
3148 1688 3208 1743 et
3235 1680 3500 1761 desuper
3527 1680 3695 1744 audi-

2044 1767 2229 1830 visset
2256 1786 2462 1830 vocem
2493 1768 2834 1849 quamdam,
2854 1787 2989 1832 eum
3022 1770 3097 1832 ad
3127 1771 3329 1834 bravia
3357 1779 3688 1849 vocantem,

302 1864 565 1941 ἀκούσας,
614 1880 809 1947 χεῖρας
865 1865 978 1943 ἅμα
1036 1866 1129 1923 καί
1195 1865 1314 1922 νοῦν
1375 1867 1447 1931 εἷς
1520 1866 1770 1944 οὖρανοὺς
1822 1866 1957 1922 ἀνα-

2048 1875 2257 1919 manus
2286 1858 2465 1947 simul
2500 1866 2560 1920 et
2588 1866 2851 1921 mentem
2884 1858 2945 1920 in
2994 1861 3212 1923 caelum
3244 1861 3461 1923 tollens
3494 1879 3508 1925 :
3560 1862 3691 1938 Ago

304 1958 494 2036 σχὼν,
555 1957 872 2037 Εὖχαριστῶ
927 1978 1035 2035 σοι,
1093 1955 1248 2034 Κύριε
1286 1954 1467 2022 ἰησοῦ
1501 1954 1715 2034 Χριστέ,
1776 1955 1957 2030 εἶπεν,

303 2048 396 2106 ὅτι
440 2068 512 2123 με
554 2046 760 2113 ἀνάξιον
811 2046 935 2104 ὄντα
992 2043 1347 2125 προσελάϐου,
1381 2047 1469 2103 καὶ
1518 2047 1611 2102 τοῦ
1667 2050 1760 2102 σοῦ
1816 2043 1959 2115 κλή-

303 2161 405 2218 ρου
446 2139 535 2195 καὶ
591 2136 686 2194 τοῦ
742 2139 911 2217 χοροῦ
958 2143 1064 2193 τῶν
1095 2136 1562 2213 εὐαρεστησάντων
1593 2156 1676 2191 σοι
1732 2134 1958 2202 κατηξί-

303 2250 484 2291 ωσας.
545 2228 642 2285 Καὶ
700 2233 786 2284 νῦν
828 2223 970 2292 δέξαι
1001 2249 1105 2301 μου
1146 2226 1243 2294 τὴν
1274 2225 1461 2304 ψυχὴν
1520 2224 1575 2280 ἐν
1619 2224 1823 2302 εἰρήνῃ,
1869 2225 1957 2281 καὶ

304 2320 383 2379 είς
437 2318 501 2373 τὸ
557 2315 712 2395 ἅγιόν
764 2337 858 2372 σου
885 2316 1255 2392 θυσιαστήριον
1303 2314 1503 2381 ταύτην
1554 2313 1804 2393 εἰσάγαγε
1859 2318 1958 2381 τῆς

301 2407 579 2487 ἀφράστοιο
640 2406 785 2484 παρὰ
839 2407 922 2462 σοὶ
997 2402 1311 2479 μεθέξουσαν
1374 2404 1722 2483 εὐφροσύνης.
1784 2413 1959 2462 Ταῦτα

303 2499 460 2573 εἶπε,
518 2498 606 2554 καὶ
664 2496 917 2555 πάντοθεν
983 2500 1051 2571 τῇ
1105 2502 1196 2551 τοῦ
1261 2502 1489 2572 Χριστοῦ
1544 2490 1785 2571 σφραγίδι
1848 2514 1955 2560 ση-

304 2588 684 2665 μειωσάμενος
738 2599 863 2649 ταῖς
908 2584 1108 2642 ἐκείνου
1164 2585 1320 2662 χερσὶ
1370 2584 1466 2651 τὴν
1542 2583 1698 2660 ἁγίαν
1773 2583 1958 2663 ψυχὴν

302 2679 683 2756 παρατίθησιν,
742 2674 923 2740 Οῧτως
981 2674 1293 2753 εὒμήχανός
1381 2694 1438 2730 τε
1491 2673 1581 2730 καὶ
1632 2673 1687 2729 ἐν
1732 2671 1957 2752 ἀπόροις

246 2760 263 2771 ’
308 2768 533 2845 εὔπορος
588 2769 619 2837 ἦ
697 2772 791 2824 τοῦ
852 2772 985 2824 Θεοό
1034 2765 1256 2843 ἅρῥητος
1332 2770 1513 2842 σοφία.
1573 2761 1708 2822 Ἰδοὺ
1762 2764 1863 2842 γὰρ
1930 2765 1958 2820 ὁ

309 2859 461 2934 παρὰ
514 2863 621 2913 τῶν
703 2856 909 2936 ἐχθρῶν
987 2855 1263 2919 τοσαύταις
1351 2852 1578 2917 ἐκδοθεὶς
1652 2853 1954 2930 τιμωρίαις,

310 2948 410 3002 καὶ
468 2945 631 3020 μηδὲν
700 2946 907 3003 ἐκεῖθεν
978 2946 1157 3002 παθὼν
1233 2941 1475 3023 χαλεπὸν
1531 2942 1803 3017 ἀκολούθῳ
1871 2943 1960 2998 καὶ

326 3040 526 3112 φυσικῇ
555 3034 759 3113 τελευτῇ
788 3036 1039 3092 καταλύει
1082 3037 1172 3092 τὸν
1217 3036 1355 3111 βίον,

411 3123 532 3184 KZ'.
586 3124 745 3189 Πολὺς
807 3129 835 3182 ὁ
886 3123 1079 3201 μεταξὺ
1132 3123 1352 3204 χρόνος,
1434 3126 1522 3180 καὶ
1571 3120 1956 3189 Διοκλητιανὸς

309 3215 417 3288 μὲν
482 3219 579 3282 τῆς
635 3206 909 3292 Ῥωμαίων
988 3214 1164 3294 ἀρχῆς
1240 3216 1561 3283 τυραννικῶς
1644 3210 1899 3269 ἐπιϐαίνει
1937 3227 2017 3303 'C

298 3303 643 3383 διατάγματα
685 3305 740 3362 δὲ
784 3304 946 3363 πάλιν
990 3303 1273 3384 πανταχοῦ
1329 3304 1670 3379 καταπέμπει
1714 3302 1750 3371 ἢ
1813 3302 1956 3360 πάν-

297 3415 401 3460 τας
473 3398 617 3469 αὖτῷ
687 3400 1008 3463 κοινωνῆσαι
1104 3394 1200 3462 τῆς
1275 3391 1542 3469 ἀσεϐείας,
1640 3393 1671 3462 ἢ
1735 3393 1958 3452 θάνατον

300 3485 621 3564 ὑφίστασθαι
678 3485 776 3552 τὴν
849 3486 1073 3560 ζημίαν.
1124 3481 1397 3561 Ἀῤῥιανὸς
1480 3483 1654 3540 τοίνυν
1713 3485 1741 3539 ὁ
1797 3505 1957 3550 τηνι-

299 3582 477 3631 καῦτα
520 3580 620 3642 τῆς
680 3571 949 3641 Θηϐαίδος
1022 3572 1366 3652 ἡγεμονεύων
1405 3620 1422 3653 ,
1471 3571 1757 3647 μελλήσας
1809 3569 1957 3628 οὒδὲν

300 3663 545 3722 Ἀσκλᾶν
608 3664 792 3723 αὐτίκα
849 3665 938 3722 καὶ
998 3661 1267 3729 Λεωνίδην
1322 3659 1709 3741 πρεσϐεύοντας
1780 3658 1959 3717 λαϐὼν

298 3755 408 3821 τήν
452 3752 743 3829 εὐσέϐειαν,
776 3752 1011 3816 πολλαῖς
1060 3752 1154 3809 καί
1200 3751 1458 3829 μεγάλαις
1508 3749 1798 3807 ὑποϐάλλει
1854 3751 1959 3827 βα-

303 3845 521 3919 σάνοις,
566 3844 692 3901 εἶτα
720 3845 810 3901 καὶ
860 3843 1027 3910 αὖτῆς
1078 3841 1371 3919 πικρότατα
1441 3842 1539 3907 τῆς
1587 3840 1730 3911 ζωῆς
1782 3837 1960 3896 ἀπαλ-

304 3935 520 3996 λάττει.
585 3924 677 3997 Ὠς
735 3933 824 3991 οὗν
858 3933 1077 3995 ἐκείνοις
1128 3934 1190 3989 τὸ
1240 3932 1526 4009 μαρτύριον
1574 3929 1793 4003 ἤνυστο,
1862 3950 1960 3985 κεο

304 4022 455 4081 λεύει
504 4026 601 4081 καί
653 4025 857 4088 πάντας
896 4022 1261 4102 συλληφθῆναι
1314 4022 1438 4083 τοὺς
1495 4020 1596 4076 ἀνὰ
1650 4019 1751 4086 τὴν
1802 4016 1959 4076 πόλιν

305 4114 689 4190 Χριστιανοὺς,
724 4115 814 4172 καὶ
844 4112 1077 4187 μάλιστα
1108 4110 1222 4169 ὅσοι
1256 4116 1360 4168 τῶν
1410 4108 1587 4165 ἄλλων
1640 4110 1776 4177 ἦσαν
1833 4111 1961 4164 ἒπι-

302 4206 603 4281 σημότεροι.
664 4207 762 4273 τὴν
818 4202 1110 4283 εὐσέϐειαν,
1164 4202 1252 4259 καὶ
1316 4200 1635 4276 προτεθῆναι
1688 4198 1784 4274 μὲν
1834 4197 1964 4277 παρ’

301 4295 454 4369 αὖτῷ
510 4294 577 4350 τὰ
630 4295 736 4350 τῶν
794 4292 1066 4352 κολάσεων
1140 4290 1360 4368 ὄργανα,
1442 4289 1628 4346 ἔπειτα
1694 4286 1750 4343 δὲ
1825 4288 1959 4369 κατὰ

300 4382 599 4460 πρόσωπον
674 4383 873 4440 ἑκείνου
959 4381 1049 4439 καὶ
1140 4380 1330 4443 αὖτοὺς
1417 4382 1778 4456 παραστῆναι.
1865 4363 1959 4431 Ὠν

301 4472 537 4539 ὀξύτατα
578 4470 879 4550 γενομένων
938 4472 1095 4533 αὐτὸς
1141 4468 1353 4547 σοϐαρῷ
1396 4468 1496 4543 μὲν
1550 4474 1627 4541 τῴ
1684 4468 1957 4546 σχήματι,

300 4560 663 4640 σοϐαρωτέρῳ
717 4560 773 4619 δὲ
852 4568 928 4636 τῷ
1004 4561 1355 4641 φρονήματι·
1434 4558 1565 4636 Παρ’
1643 4559 1774 4633 ὑμῖν
1844 4556 1957 4613 ἐστι

2047 1947 2155 2009 tibi
2188 1946 2429 2027 gratias,
2469 1949 2721 2012 Domine
2770 1950 2911 2013 Jesu
2971 1951 3230 2025 Christe,
3280 1951 3494 2032 inquit,
3527 1952 3690 2032 quod

2042 2056 2164 2109 me,
2198 2039 2302 2119 qui
2329 2056 2461 2100 sum
2493 2038 3203 2122 indignus,acceperis,et
3227 2048 3325 2105 tua
3346 2042 3691 2106 hmreditate

2043 2135 2101 2189 et
2132 2128 2318 2191 choro
2351 2147 2586 2203 eorum,
2619 2134 2718 2209 qui
2753 2128 2858 2192 tibi
2892 2129 3551 2212 placuerunt,dignatus
3581 2132 3684 2193 sis.

2041 2217 2111 2280 Et
2134 2237 2291 2280 nunc
2313 2219 2519 2299 accipe
2538 2219 2799 2281 animam
2829 2238 3021 2282 meam
3045 2221 3105 2282 in
3141 2240 3309 2303 pace,
3340 2228 3399 2283 et
3428 2240 3558 2284 eam
3589 2222 3690 2284 in-

2045 2310 2260 2373 troduc
2284 2311 2355 2372 ad
2380 2329 2615 2373 sacrum
2659 2318 2829 2373 tuum
2862 2312 3072 2387 altare,
3100 2312 3421 2376 ineﬂ‘abilis
3444 2313 3603 2393 apud
3633 2322 3689 2377 te

2040 2399 2258 2462 laetitiae
2288 2400 2544 2462 futuram
2595 2401 2969 2482 participem.
3002 2401 3142 2465 Haec
3170 2403 3341 2475 dixit,
3375 2410 3435 2464 et
3457 2422 3591 2466 cum
3623 2421 3693 2467 se

2044 2490 2311 2572 undique
2342 2490 2562 2554 Christi
2594 2490 2890 2569 signasset
2920 2492 3247 2572 signaculo,
3275 2492 3338 2556 in
3369 2512 3583 2556 manus
3612 2495 3689 2557 il-

2043 2581 2159 2643 lius
2186 2592 2456 2643 sanctam
2489 2580 2732 2661 deponit
2759 2581 3192 2646 animam.Tam
3215 2583 3453 2646 facilem
3482 2591 3541 2646 et
3570 2594 3689 2647 tam

2045 2671 2382 2752 expeditam
2427 2676 2488 2732 in
2536 2670 2718 2733 rebus
2778 2672 3075 2753 perplexis
3135 2682 3194 2735 et
3223 2673 3422 2737 dubiis
3461 2674 3695 2737 invenit

2048 2762 2196 2823 viam
2222 2760 2542 2823 ineffabilia
2593 2760 2700 2822 Dei
2730 2762 3044 2842 sapientia.
3098 2764 3257 2826 Ecce
3288 2763 3448 2827 enim
3479 2764 3585 2843 qui
3616 2764 3690 2827 ab

2043 2849 2305 2912 inimicis
2323 2859 2437 2911 tam
2465 2850 2667 2912 multis
2685 2851 2876 2913 fuerat
2898 2852 3149 2915 traditus
3170 2852 3502 2934 suppliciis,
3530 2863 3591 2916 et
3620 2873 3692 2917 ex

2043 2938 2118 3001 iis
2139 2937 2286 3001 nihil
2307 2956 2485 3018 grave
2507 2947 2567 3000 et
2599 2940 2917 3001 molestum
2962 2950 3254 3019 senserat,
3281 2949 3691 3008 consentanea

2044 3036 2104 3091 et
2132 3029 2388 3091 naturali
2422 3036 2612 3091 morte
2642 3030 2876 3092 excedit
2906 3031 3044 3096 vita.

2122 3117 2359 3183 XXVII.
2384 3118 2638 3182 Multum
2670 3120 3014 3183 intercessit
3042 3121 3352 3203 temporis,
3382 3129 3442 3184 et
3462 3121 3692 3186 Diocle-

2041 3208 2239 3272 tianus
2270 3208 2516 3290 quidem
2547 3212 2849 3290 tyrannice
2872 3212 3207 3275 Romanum
3239 3211 3463 3275 invadit
3490 3214 3690 3294 impe-

2041 3298 2197 3361 rium
2234 3321 2249 3358 :
2283 3298 2543 3361 edictum
2575 3308 2770 3361 autem
2819 3319 3029 3364 rursus
3083 3302 3338 3365 mittitur
3364 3304 3425 3363 in
3481 3322 3692 3366 omnes

2044 3397 2266 3466 partes,
2302 3399 2365 3449 ut
2416 3388 2506 3450 vel
2537 3408 2747 3451 omnes
2775 3390 2897 3452 sint
2920 3409 3059 3455 cum
3093 3410 3166 3454 eo
3200 3392 3518 3474 participes
3569 3393 3690 3456 im-

2045 3477 2410 3559 pietatis,aut
2427 3495 2661 3559 pmnam
2682 3479 2889 3542 mortis
2914 3480 3188 3545 subeant.
3212 3482 3501 3546 Arrianus
3523 3500 3686 3564 ergo,

2043 3569 2146 3648 qui
2179 3577 2323 3631 tunc
2357 3577 2483 3631 erat
2522 3586 2742 3648 praeses
2765 3569 3111 3655 Thebaidis,
3155 3572 3307 3635 nihil
3351 3581 3687 3652 cunctatus,

2044 3676 2180 3719 cum
2207 3675 2339 3718 mox
2360 3657 2596 3720 Asclam
2616 3668 2674 3720 et
2691 3658 3014 3723 Leonidem
3038 3662 3435 3743 accepisset,q
3446 3663 3503 3724 ui
3523 3663 3691 3726 cole-

2046 3745 2187 3808 bant
2219 3755 2281 3809 et
2312 3746 2632 3809 tuebantur
2662 3749 2973 3828 pietatem,
3008 3769 3112 3812 eos
3144 3750 3350 3814 multis
3381 3761 3442 3815 et
3465 3755 3693 3833 magnis

2046 3835 2287 3915 subjicit
2307 3836 2649 3913 tormentis;
2672 3836 2894 3901 deinde
2918 3839 3097 3901 etiam
3120 3839 3512 3904 acerbissime
3533 3860 3637 3904 eos
3657 3862 3695 3905 a

2044 3926 2161 3987 vita
2190 3925 2427 3989 liberat.
2461 3926 2781 4007 Postquam
2816 3947 2961 3992 vero
3003 3930 3114 3992 fuit
3137 3937 3440 4011 peractum
3473 3931 3547 3994 ab
3579 3933 3694 3996 illis

2044 4014 2587 4096 martyrium,jubet
2608 4017 2782 4078 etiam
2807 4036 3020 4081 omnes
3038 4021 3472 4100 comprehendi
3493 4023 3694 4086 Chris-

2046 4105 2260 4185 tianos,
2294 4106 2395 4186 qui
2429 4114 2598 4169 erant
2620 4107 2681 4168 in
2713 4106 2975 4181 civitate,
3012 4119 3069 4171 et
3103 4113 3359 4174 maxime
3387 4112 3493 4189 qui
3523 4124 3695 4177 erant

2043 4196 2176 4258 aliis
2208 4195 2433 4277 pietate
2467 4195 2655 4277 magis
2684 4196 3041 4279 insignes,et
3070 4208 3209 4262 ante
3228 4200 3424 4281 ipsum
3446 4203 3692 4280 quidem

2045 4289 2180 4358 poni
2205 4291 2586 4348 instrumenta
2604 4291 3045 4361 suppliciorum;
3060 4292 3270 4350 deinde
3288 4294 3442 4364 ipsos
3464 4310 3696 4368 quoque

2043 4373 2173 4437 sisti
2194 4383 2330 4436 ante
2352 4374 2513 4436 illius
2529 4372 2918 4447 iaciem.Quaa
2939 4395 3073 4439 cum
3094 4378 3408 4441 celerrime
3428 4379 3582 4444 facta
3604 4399 3694 4444 es-

2041 4472 2197 4544 sent,
2217 4462 2344 4544 ipse
2370 4463 2629 4544 superbo
2654 4464 2899 4542 quidem
2925 4468 3474 4551 vultu,superbiore
3492 4478 3691 4533 autem

2043 4553 2256 4633 spiritu
2295 4572 2309 4616 :
2337 4552 2462 4616 Hoc
2492 4562 2604 4634 est,
2653 4553 2870 4635 inquit,
2902 4556 2963 4618 in
2997 4576 3173 4619 manu
3207 4564 3427 4635 vestra,
3451 4566 3511 4622 et
3540 4560 3693 4623 hanc

290 4659 488 4723 τοῦτο,
566 4654 656 4709 καὶ
731 4653 867 4728 ὑμᾶς
920 4652 1127 4730 κυρίους
1197 4656 1292 4706 τοῦ
1348 4647 1663 4725 πράγματος
1722 4649 1954 4720 τίθεμεν,

2048 4661 2171 4705 rem
2204 4651 2417 4706 vestrae
2476 4644 2751 4724 potestati
2786 4647 3206 4729 permittimus,
3243 4657 3309 4710 ut
3336 4649 3426 4711 vel
3457 4650 3700 4713 sacriﬁ-

302 4749 406 4800 τοῦ
457 4742 497 4811 ἢ
542 4742 762 4807 θύοντας
832 4741 999 4806 ἀδεῶς
1056 4746 1154 4818 ζῇν
1203 4741 1289 4796 καὶ
1340 4736 1673 4817 ἐλευθερίως,
1720 4736 1757 4806 ἢ
1801 4735 1961 4793 ἄπει-

300 4838 536 4896 θοῦντας
585 4831 850 4896 ποικίλαις
893 4831 1204 4911 τιμωρίαις,
1265 4828 1390 4886 εἶτα
1433 4827 1522 4885 καὶ
1567 4827 1710 4901 αὒτῷ
1757 4826 1966 4901 θανάτῳ

303 4921 580 4983 δίδοσθαι.
665 4930 839 4981 Ταῦτα
921 4924 1016 4979 τοῦ
1080 4920 1347 4997 ἡγεμόνος
1404 4917 1644 4980 εἰπόντος
1713 4922 1804 4973 καί
1860 4921 1966 4972 τῶν

303 5011 559 5092 ὀργάνων
614 5012 803 5077 εύθὲως
860 5009 1289 5090 ὑποδειχθέντωνι
1343 5007 1554 5086 αὐτοῖς,
1620 5003 1800 5085 ἄνδρες
1876 5007 1966 5061 τὸν

301 5103 540 5180 ἀριθμὸν
622 5103 754 5160 ἑπτὰ
828 5103 917 5161 καὶ
972 5102 1278 5179 τριάκοντα,
1343 5095 1522 5175 ἄνδρες
1578 5097 1668 5154 καὶ
1745 5095 1965 5173 γνώμας

300 5195 404 5249 καὶ
445 5193 625 5273 ψυχᾶς
668 5192 959 5266 ἀήττητοι,
1017 5195 1125 5261 τῷν
1170 5186 1473 5261 λεγομένων
1531 5184 1960 5263 καταγελῶντες,

298 5288 422 5341 τῶν
482 5284 764 5361 ὁρωμένων
820 5282 1034 5342 πάντων
1088 5281 1480 5357 ὑπερορῶντες,
1527 5273 1792 5345 ἀλλήλους
1851 5295 1962 5329 πα-

299 5370 718 5450 ραθαρρύναντες
775 5372 866 5429 καὶ
917 5370 998 5427 ὅτι
1042 5369 1121 5445 μὴ
1176 5367 1341 5443 μόνον
1396 5364 1633 5431 εἰπόντες
1692 5371 1784 5421 τοῦ
1832 5361 1962 5423 δυσ-

300 5458 484 5523 σεϐῶς
512 5468 629 5537 ζῇν,
676 5461 819 5519 ἀλλὰ
872 5459 969 5516 καί
1013 5462 1106 5516 τοῦ
1146 5457 1325 5520 καλῶς
1376 5456 1431 5513 ἐν
1489 5452 1727 5527 εὐσεϐείᾳ
1764 5451 1964 5530 διάγειν

297 5550 375 5608 τὸ
417 5551 542 5631 ὅπερ
586 5553 750 5621 αὐτῆς
809 5550 1051 5606 τεθνάναι
1106 5546 1296 5620 πολλῴ
1338 5544 1575 5623 βέλτιον,
1636 5546 1710 5610 εἰς
1772 5542 1965 5618 μέσους

298 5641 433 5703 τοὺς
496 5640 765 5705 κινδύνους
843 5636 1105 5718 πηδῶσι,
1191 5636 1280 5693 καὶ
1359 5637 1450 5691 τὸν
1535 5634 1719 5713 καιρὸν
1777 5632 1965 5698 εὐθέως

298 5728 621 5811 ἁρπάζουσι.
673 5729 825 5799 Πλὴν
898 5731 946 5784 oi
1007 5727 1105 5807 μὲν
1166 5726 1319 5787 ἄλλοι
1361 5724 1650 5807 προθυμίας
1702 5723 1788 5781 ἐπὶ
1858 5729 1961 5793 τῆς

2046 4741 2498 4813 cantes,secure
2527 4733 2734 4796 vivatis
2761 4742 2820 4797 et
2852 4734 3062 4813 libere,
3089 4756 3160 4799 ac
3189 4739 3240 4800 si
3265 4757 3384 4801 non
3418 4741 3694 4818 pareatis,

2049 4828 2221 4884 variis
2236 4826 2526 4884 dedamini
2548 4826 2937 4898 suppliciis,ot
2957 4831 3161 4887 deinde
3182 4831 3348 4890 etiam
3373 4833 3480 4902 ipsi
3508 4834 3699 4892 morti.

2047 4909 2186 4973 Haec
2219 4930 2352 4973 cum
2384 4910 2632 4974 dixisset
2684 4931 2929 4992 praeses,
2982 4926 3044 4977 et
3091 4916 3375 4979 continuo
3406 4925 3702 4982 tormenta

2051 5001 2137 5063 eis
2161 5001 2809 5091 fuissentustensa,viri
2835 5023 3083 5067 numero
3109 5005 3350 5086 triginta
3367 5015 3424 5068 et
3440 5016 3695 5091 septem,

2050 5091 2161 5153 viri
2183 5099 2242 5153 et
2258 5089 2575 5154 sententiis
2598 5090 2805 5153 invicti
2831 5101 2889 5154 et
2912 5093 3233 5170 animis,ea
3253 5115 3386 5178 quae
3405 5089 3698 5160 dicebané

2051 5190 2147 5243 tur
2170 5181 2655 5261 irridentes,quac
2678 5181 3108 5261 cernebantur,
3138 5186 3340 5248 omnia
3358 5187 3699 5268 despicien-

2050 5279 2227 5346 tes,et
2255 5270 2371 5333 sibi
2401 5271 2654 5333 invicem
2678 5272 2947 5335 animum
2972 5275 3433 5351 addentes,cum
3467 5277 3582 5342 hoc
3604 5298 3699 5342 so-

2045 5359 2169 5421 lum
2205 5360 2519 5436 dixissent,
2552 5358 2684 5422 Non
2731 5362 2952 5445 solum,
3003 5383 3179 5446 quam
3233 5367 3420 5448 impie
3471 5365 3695 5445 vivere,

2046 5450 2150 5512 sed
2182 5456 2384 5525 etiam,
2420 5468 2598 5526 quam
2647 5459 2812 5512 recte
2856 5453 2916 5514 in
2950 5454 3171 5532 pietate
3218 5456 3393 5518 vitam
3451 5455 3691 5535 degere,

2050 5557 2155 5619 pro
2186 5538 2313 5620 ipsa
2344 5540 2495 5602 mori
2526 5558 2660 5602 esse
2688 5541 2967 5623 satius,in
3002 5545 3201 5608 media
3225 5545 3542 5627 prosiliunt
3584 5565 3694 5627 pe-

2046 5630 2325 5704 ricula,et
2354 5639 2588 5710 tempus
2615 5632 2900 5694 continuo
2932 5634 3250 5712 arripiunt.
3285 5634 3398 5699 Sed
3426 5634 3526 5696 alii
3549 5640 3692 5714 qui-

2048 5719 2184 5783 dem
2208 5719 2268 5782 in
2292 5719 2506 5784 eodem
2531 5728 2804 5803 prompto
2826 5731 2886 5786 et
2917 5723 3100 5787 alacri
3124 5724 3306 5791 animi
3326 5722 3547 5815 studio,
3576 5722 3690 5786 adq
