4148 6440
425 380 544 454 539

1728 391 2011 457 MENSIS
2059 392 2495 485 DECEMBER.

3695 392 3813 459 540

428 528 549 595 huc
579 531 1206 615 persistebant,neque
1230 527 1560 612 quidquam
1592 526 1728 594 illos
1759 526 2079 593 conturba-

2167 535 2330 600 αὐτῆς
2401 532 2645 614 ε’ίχοντο,
2731 531 2818 590 καὶ
2892 528 3037 590 οῦδὲν
3111 536 3216 591 τῶν
3275 529 3556 614 παρόντων
3618 532 3806 598 αὐτοὺς

427 619 527 685 bat
556 640 763 686 eorum
793 643 927 704 quae
957 622 1225 686 aderant.

508 710 1023 786 XXVIII.Quitlam
1055 711 1536 791 autem,nomine
1558 710 1804 792 quidem
1836 709 2079 791 Apollo-

429 800 589 877 nius,
625 802 840 865 ordine
876 820 1020 865 vero
1050 802 1267 875 lector,
1301 819 1437 863 cum
1471 801 1711 863 vidisset
1745 807 2079 862 tormento-

427 908 561 953 rum
591 892 844 954 formam
876 902 935 954 et
983 890 1451 972 multitudinem,
1500 890 1716 953 timore
1745 889 2083 971 completur

428 981 561 1061 ejus
587 981 845 1062 animus,
887 988 946 1043 et
974 980 1318 1044 dissolvitur
1367 990 1706 1061 promptum
1740 980 1868 1058 ejus
1898 979 2081 1040 animi

428 1070 871 1135 studium.Cum
889 1079 1088 1134 autem
1114 1070 1333 1152 duplex
1357 1088 1491 1133 eum
1515 1069 1837 1133 invasisset
1862 1077 2076 1145 metus,

426 1176 581 1221 unus
596 1160 838 1241 quidem
861 1160 1306 1224 imminentium
1328 1158 1949 1241 suppliciorum,alter
1968 1179 2077 1221 au-

428 1258 547 1311 tem
576 1248 948 1331 abnegandae
970 1249 1589 1332 impietatis,mediam
1616 1251 1772 1317 inter
1795 1257 2080 1330 utumque

428 1337 785 1418 ingreditur,
820 1350 883 1403 ut
912 1359 1106 1422 neque
1155 1340 1415 1402 animam
1467 1339 1636 1402 daret
1679 1337 2073 1414 daamonihus,

427 1445 624 1510 neque
654 1448 872 1511 corpus
901 1428 1238 1504 lictoribus,
1273 1429 1376 1491 sed
1415 1447 1486 1492 ex
1534 1447 1701 1510 aequo
1744 1436 1802 1490 ct
1841 1428 2075 1490 illorum

428 1517 716 1595 effugeret
740 1520 1058 1600 sacriﬁcia,
1095 1527 1155 1581 et
1185 1519 1397 1580 horum
1431 1518 2075 1591 cruciatus.Quemad-

432 1607 675 1671 modum
708 1615 931 1688 autem,
960 1610 1082 1689 jam
1133 1616 1348 1690 parata
1383 1617 1473 1671 est
1510 1608 1822 1670 declarare
1866 1608 2075 1670 oratio.

429 1695 577 1759 Erat
595 1697 687 1758 vir
704 1697 945 1778 quidam
970 1709 1135 1759 stans
1158 1715 1342 1778 prope
1359 1697 1861 1778 illum,religione
1886 1697 2051 1777 genti
2069 1731 2082 1747 -

430 1785 781 1861 lis,nomine
809 1796 1011 1850 autem
1033 1786 1370 1862 Philemon,
1406 1795 1533 1849 arte
1556 1786 1907 1869 tibicen,qui
1944 1805 2082 1867 pro-

436 1883 569 1956 pter
598 1894 730 1937 eam
759 1875 834 1939 ab
864 1877 939 1939 iis
959 1875 1199 1956 quidem
1223 1878 1322 1957 qui
1353 1876 1699 1941 habitabant
1721 1877 1782 1938 in
1809 1877 2075 1955 regione,

2167 1878 2296 1956 ρίοις
2347 1876 2626 1952 Χοραύλης
2663 1893 2677 1908 ⁸

429 1963 754 2028 vocabatur
785 1965 1133 2029 Choraules.
1181 1965 1525 2029 Delectabat
1582 1985 1722 2029 vero
1759 1968 1810 2030 is
1840 1984 2083 2048 quoque

432 2054 780 2126 Arriauum,
815 2056 1050 2137 quando
1111 2056 1412 2137 paululum
1446 2056 1672 2118 laxatus
1701 2075 1736 2119 a
1765 2056 1946 2133 curis,
1981 2073 2081 2117 as-

436 2142 694 2223 piciebat
717 2145 790 2207 ad
815 2147 1193 2228 voluptatem.
1220 2145 1364 2209 Cum
1400 2164 1535 2207 eum
1557 2153 1752 2209 autem
1780 2164 1963 2228 prope
1995 2147 2081 2207 vi-

439 2233 627 2296 disset
654 2234 1036 2317 Apollonius,
1068 2235 1337 2312 advocat,
1372 2244 1431 2297 et
1485 2236 1802 2316 pollicetur
1830 2236 1886 2298 ei
1928 2255 2081 2318 qua-

441 2329 575 2385 tuor
601 2342 839 2406 aureos,
874 2328 924 2387 si
968 2344 1075 2408 pro
1107 2325 1208 2388 illo
1239 2325 1559 2400 sacriﬁcet,
1585 2332 1645 2386 et
1669 2343 1805 2387 eum
1838 2326 2079 2407 quidem

437 2412 659 2477 liberet
681 2433 715 2477 a
747 2416 1081 2496 tormentis,
1109 2434 1211 2478 eos
1265 2434 1403 2477 vero
1428 2415 1530 2495 qui
1563 2414 1865 2496 videbant,
1897 2424 1955 2477 et
1984 2416 2078 2495 ip-

423 2520 557 2566 sum
578 2504 798 2567 Arrian
808 2524 903 2567 um
924 2505 1470 2586 deciperet,dicens
1484 2523 1548 2565 se
1562 2504 2081 2584 Apollonium.Pa-

423 2601 518 2655 ret
539 2594 633 2657 his
661 2596 1002 2668 Philemon;
1025 2600 1082 2656 et
1108 2595 1270 2657 illius
1285 2594 1528 2674 quidem
1551 2603 1774 2655 vestem
1798 2594 2077 2669 induens,

428 2693 488 2747 et
519 2685 770 2757 vultum,
803 2685 994 2766 quoad
1030 2685 1162 2765 ejus
1193 2684 1323 2746 ﬁeri
1356 2683 1569 2765 potuit,
1606 2683 1909 2763 operiens,
1946 2702 2080 2764 per-

425 2776 588 2836 venit
632 2774 706 2836 ad
737 2775 1095 2837 sacriﬁcium
1124 2794 1139 2854 ;
1192 2775 1350 2835 Deus
1407 2781 1607 2833 autem
1642 2781 1787 2848 erat,
1823 2774 1920 2853 qui
1954 2772 2080 2835 haec

429 2863 786 2944 procurahat
815 2863 1271 2938 admirabiliter,
1302 2871 1360 2923 et
1388 2861 1799 2924 Philemonem
1834 2862 2079 2942 quidem

429 2957 503 3018 ad
524 2973 591 3017 se
612 2954 944 3018 attrahebat
969 2973 1077 3036 per
1098 2954 1511 3034 Apollonium;
1533 2971 1642 3033 per
1664 2952 2077 3017 Philemonem

430 3054 629 3108 autem
664 3045 977 3126 Apollonio
1009 3044 1251 3108 texebat
1280 3061 1562 3106 coronam
1591 3042 1881 3123 martyrii,
1915 3049 1975 3105 et
1993 3043 2082 3106 sic

431 3154 540 3214 per
573 3153 638 3197 se
670 3134 926 3197 invicem
960 3135 1109 3197 dans
1165 3133 1460 3197 ambobus
1493 3133 1896 3213 occasionem,
1930 3140 1995 3194 ut
2026 3140 2080 3195 et

435 3224 764 3287 familiares
796 3225 1142 3288 evaderent.

511 3313 886 3378 XXIX.Nam
913 3333 1047 3376 cum
1063 3312 1474 3375 Philemonem
1500 3320 1639 3374 tunc
1658 3311 2079 3387 illuminasset,

433 3412 515 3478 et,
548 3411 614 3465 ut
638 3422 773 3465 cum
808 3413 969 3465 veste
996 3403 1266 3465 animum
1292 3419 1528 3483 quoque
1552 3411 1827 3476 mutaret,
1854 3401 2085 3463 eﬁ‘ecis-

432 3502 546 3565 set,
597 3491 739 3554 fecit
792 3501 855 3554 ut
914 3492 1027 3554 hoc
1079 3492 1274 3573 ipsum
1329 3499 1507 3573 esset,
1539 3490 1701 3570 quod
1734 3488 2077 3555 simulabat.

427 3585 571 3644 Nam
593 3598 724 3641 cum
747 3599 808 3641 se
830 3583 1065 3657 quidem
1090 3585 1257 3656 signo
1279 3585 1469 3641 crucis
1488 3586 1777 3654 signasset
1808 3591 2082 3655 tanquam

431 3672 822 3752 Christianus,
860 3680 922 3732 ut
945 3670 1004 3733 in
1033 3671 1146 3733 hoc
1168 3688 1404 3751 quoque
1451 3668 1800 3731 ostenderet
1829 3667 2077 3749 Apollo—

432 3762 624 3837 nium,
656 3760 957 3841 profectus
987 3771 1077 3823 est
1105 3768 1269 3821 recta
1287 3759 1359 3821 ad
1381 3758 1571 3839 ipsum
1601 3757 1937 3839 praesidem.
1973 3756 2081 3821 Ille

430 3864 626 3916 autem
655 3870 789 3914 cum
823 3869 959 3913 eum
985 3849 1362 3919 vidisset,eos
1389 3850 1488 3930 qui
1523 3847 1775 3910 aderant
1806 3844 2076 3925 rogabat,

432 3941 708 4024 quisnam
739 3947 918 4003 esset.
967 3938 1111 4003 Cum
1143 3936 1230 4000 illi
1260 3956 1399 3999 vero
1432 3936 1723 3999 dixissent
1756 3955 1771 4000 :
1804 3935 1909 3998 Est
1939 3938 2079 4017 qui-

433 4033 569 4095 dem
602 4049 779 4104 unus,
820 4038 883 4093 ut
916 4029 1168 4102 videtur,
1207 4046 1278 4090 ex
1309 4025 1662 4090 Christianis
1698 4047 1712 4090 :
1745 4026 1848 4088 ille
1879 4036 2077 4087 autem

424 4120 709 4204 jussisset
735 4119 896 4184 illico
942 4137 1077 4181 eum
1130 4116 1488 4194 sacriﬁcare,
1550 4125 1690 4179 tunc
1737 4116 2073 4197 Philemon,

432 4218 630 4275 mente
662 4210 894 4273 facilius
945 4215 1164 4271 mutatu
1196 4225 1373 4289 quam
1419 4213 1606 4287 veste,
1635 4216 1695 4269 et
1729 4205 1979 4287 perinde
2008 4224 2079 4268 ac

430 4301 725 4366 reveritus
750 4308 912 4364 esset
957 4300 1015 4360 id
1044 4297 1203 4379 quod
1235 4295 1607 4369 imitabatur,
1640 4304 1740 4357 aut
1774 4295 1968 4377 potius
1998 4296 2079 4374 ei,

431 4390 590 4473 quod
622 4402 715 4453 est
761 4389 971 4462 videri,
1007 4397 1072 4451 ut
1100 4395 1259 4449 esset
1304 4385 1484 4448 etiam
1537 4386 1882 4466 adjecisset,
1917 4384 2081 4447 clara

432 4472 602 4554 voce,
629 4487 917 4560 quantum
953 4485 1206 4559 poterat,
1241 4474 1572 4539 clamabat:
1625 4472 1753 4537 Non
1784 4473 2081 4536 sacriﬁco.

433 4571 579 4635 Sum
612 4569 769 4632 enim
797 4567 1190 4641 Christianus,
1225 4565 1441 4629 Christi
1465 4581 1698 4639 servus,
1732 4562 1951 4627 Christi
1973 4562 2083 4626 Dei

2160 619 2414 700 ἐθορύϐει.

2245 710 2380 773 ΚΗ’.
2430 715 2528 777 Εἷς
2587 710 2641 768 δέ
2681 733 2757 777 τις
2797 712 2897 780 τὴν
2928 710 3121 780 κλῆσιν
3152 713 3250 788 μὲν
3281 711 3670 789 Ἀπολλώνιος,
3704 715 3803 783 τὴν

2161 800 2305 866 τάξιν
2351 799 2406 857 δὲ
2462 801 2833 880 ὰναγνώστης,
2879 802 2945 858 τά
3013 824 3071 859 τε
3129 801 3252 871 εἴδη
3316 804 3402 860 καὶ
3459 803 3640 874 πλήθη
3696 810 3803 862 τῶν

2163 891 2585 971 βασανιστηρίων
2641 889 2788 967 ἰδὼν,
2850 890 3012 971 φόϐου
3076 892 3176 960 τὴν
3249 894 3435 973 ψυχὴν
3510 891 3803 968 πληροῦται

2163 981 2250 1037 καὶ
2302 984 2402 1047 τὴν
2453 980 2743 1060 προθυμίαν
2814 981 3105 1038 ἐκλύεται·
3169 981 3328 1057 διττῷ
3398 980 3453 1038 δὲ
3498 980 3643 1063 φόϐῳ
3697 1004 3802 1039 κα-

2161 1068 2520 1146 τειλημμένος
2603 1085 2680 1127 τω
2733 1070 2831 1146 μὲν
2894 1071 3122 1145 προστὰς
3196 1070 3574 1149 ἐπηρτημένας
3630 1072 3802 1148 βασά-

2163 1182 2307 1233 νους⁹
2354 1162 2430 1236 τῷ
2486 1160 2541 1217 δὲ
2583 1162 2715 1234 πρὸς
2758 1161 2856 1228 τὴν
2900 1166 2996 1228 τῆς
3065 1158 3328 1227 εὗσεϐείας
3376 1160 3596 1241 ἄρνησιν
3636 1161 3806 1235 μέσην

2161 1249 2474 1329 ἀμφοτέρων
2534 1249 2808 1329 τρέπεται,
2856 1253 2928 1314 ὡς
2973 1252 3111 1326 μήτε
3141 1251 3239 1320 τὴν
3269 1252 3454 1332 ψυχὴν
3509 1264 3623 1316 τοῖς
3689 1248 3807 1306 δαί-

2162 1361 2287 1415 μοσι
2346 1341 2484 1415 μήτε
2528 1340 2589 1396 τὸ
2632 1345 2789 1415 σῶμα
2824 1341 2947 1403 τοῖς
2990 1338 3208 1417 δημίοις
3256 1339 3516 1420 ἐκδοῦνοι,
3567 1338 3689 1396 ἀλλ’
3721 1336 3809 1396 ἐπ’

2161 1427 2290 1496 ἴσης
2345 1431 2434 1487 καὶ
2484 1431 2579 1493 τὰς
2622 1431 2818 1487 τούτων
2865 1430 3043 1496 θυσίας
3114 1432 3201 1487 καὶ
3257 1432 3349 1497 τὰς
3410 1430 3535 1508 παρ’
3594 1430 3811 1487 ἐκείνων

2162 1522 2415 1597 τιμωρίας
2474 1518 2771 1601 διαφυγεῖν.
2821 1521 2891 1578 Τὸ
2920 1519 2974 1576 δὲ
3019 1520 3165 1585 ὅπως
3214 1522 3243 1577 ὀ
3275 1521 3436 1599 λόγος
3480 1519 3585 1589 ἤδη
3617 1519 3811 1587 δηλοῦν

2161 1609 2395 1685 ἕτοιμος.
2459 1609 2759 1690 Ἐτύγχανέ
2813 1633 2892 1673 τις
2946 1610 3080 1683 ἀνὴρ
3138 1609 3365 1678 πλησίον
3409 1610 3610 1668 ἐκείνου
3640 1609 3808 1674 ἐστὼς

2161 1697 2369 1766 ’Έλλην
2411 1701 2474 1756 τὸ
2519 1696 2698 1774 σέϐας,
2746 1699 2845 1766 τὴν
2888 1696 3089 1765 κλῆσιν
3151 1698 3435 1774 Φιλήμων,
3469 1700 3569 1765 τὴν
3601 1698 3808 1777 τέχνην

2163 1786 2398 1857 αῦλήτής
2426 1805 2440 1820 ⁸
2488 1788 2547 1851 ὅς
2605 1786 2690 1844 διὰ
2743 1788 2941 1855 ταύτην
2980 1787 3229 1845 ἐκαλεῖτο
3273 1790 3371 1864 μὲν
3413 1800 3531 1850 τοῖς
3591 1788 3809 1866 ἐπιχω-

2739 1876 2925 1956 ἔτερπε
2982 1875 3037 1933 δὲ
3100 1881 3187 1935 καὶ
3276 1877 3550 1957 Ἀῤῥιανὶν
3611 1879 3812 1933 ὁπόταν

2164 1968 2252 2024 καὶ
2295 1967 2447 2028 οὗτος
2520 1966 2681 2045 μικρὰ
2746 1973 2852 2024 τῶν
2921 1965 3204 2046 φροντίδων
3249 1967 3552 2030 ἀπολυθείς.
3618 1973 3814 2024 Τοῦτον

2164 2057 2321 2135 ἐγγὺς
2381 2054 2504 2113 ἰδὼν
2563 2054 2927 2122 ’Λπολλώνιος
2988 2054 3144 2113 καλεῖ
3186 2079 3243 2112 τε
3293 2058 3424 2135 πρὸς
3485 2055 3670 2113 ἑαυτὸν
3725 2056 3815 2112 καὶ

2164 2148 2512 2226 ὑπισχνεῖται
2565 2153 2797 2225 χρυσοῦς
2857 2144 3154 2225 τέσσαρας,
3202 2148 3245 2202 εί
3299 2145 3412 2202 ἀντ’
3470 2145 3670 2202 ἐκείνου
3713 2145 3814 2212 τὴν

2164 2237 2344 2292 θυσίαν
2432 2234 2645 2292 ὒπέλθοι
2680 2283 2696 2315 ,
2772 2235 2856 2292 καὶ
2927 2242 3110 2304 τοῦτον
3191 2236 3288 2310 μὲν
3371 2239 3480 2292 τῶν
3563 2234 3811 2310 βασάνων

2164 2326 2406 2405 ρύσαιτο,
2478 2326 2597 2388 τοὺς
2659 2326 2891 2401 ὁρῶντας
2945 2321 2999 2379 δὲ
3065 2325 3150 2380 καὶ
3209 2325 3363 2381 αὐτὸν
3409 2322 3681 2403 Ἀῤῥιανὸν
3737 2325 3814 2387 ὡς

2165 2415 2321 2478 αὒτὸς
2379 2414 2471 2481 εἴη
2546 2413 2912 2477 Ἀπολλώνιος
2948 2455 2966 2485 ,
3045 2415 3494 2492 παρακρούσαιτο.
3571 2415 3813 2470 Πείθεται

2163 2505 2368 2567 τούτοις
2417 2502 2704 2579 Φιλήμων,
2756 2502 2848 2559 καῖ
2901 2504 3000 2570 τὴν
3061 2502 3261 2560 ἐκείνου
3318 2502 3516 2570 στολὴν
3561 2500 3814 2579 μετενδὺς

2162 2595 2249 2649 καὶ
2306 2594 2367 2650 τὸ
2434 2592 2720 2669 πρόσωπον
2811 2594 2884 2656 ὡς
2954 2592 3080 2659 ἐνῆν
3157 2590 3535 2668 καλυψάμενος
3613 2591 3815 2672 ἐχώρει

2162 2683 2293 2761 πρὸς
2338 2682 2433 2750 τὴν
2486 2683 2685 2745 θδσίαν,
2749 2683 2876 2747 Θεὸς
2923 2680 2977 2737 δὲ
3034 2681 3134 2759 ἄρα
3189 2682 3254 2749 ἦν
3285 2683 3313 2738 ὁ
3347 2692 3511 2740 ταῦτα
3559 2703 3816 2759 πραγμα-
3853 2742 3878 2758 θ

2160 2774 2445 2847 τευόμενος
2507 2770 2838 2851 παραδόξως,
2884 2773 2972 2829 καὶ
3027 2770 3313 2846 Φιλήμονα
3357 2773 3453 2848 μὲν
3488 2768 3555 2827 δι’
3606 2769 3816 2828 Ἀπολ-

2163 2861 2354 2919 λωνίου
2409 2862 2542 2938 πρὸς
2591 2861 2775 2918 ἑαυτὸν
2831 2862 3229 2941 ἐπισπώμενος,
3263 2859 3354 2917 διὰ
3405 2859 3715 2937 Φιλήμονος
3760 2858 3816 2916 δὲ

2162 2949 2514 3025 Ἀπολλωνίῳ
2570 2961 2663 3010 τοῦ
2742 2951 3026 3029 μαρτυρίου
3101 2950 3315 3008 πλέκων
3371 2952 3462 3007 τὸν
3520 2949 3808 3030 στέφανον,

2164 3043 2252 3097 καὶ
2303 3040 2442 3098 οὕτω
2502 3038 2744 3119 ἀφορμὰς
2816 3038 2881 3095 δι’
2942 3037 3194 3110 ἀλλήλων
3261 3039 3583 3120 ἀμφοτέροις
3643 3037 3815 3102 διδοὺς

2164 3132 2264 3199 τὴν
2303 3131 2433 3209 πρὸς
2465 3132 2625 3189 αὐτὸν
2667 3130 3015 3193 οὶκειώσεως,

2248 3307 2386 3370 ΚΦ’.
2446 3306 2853 3384 Περιαστράψας
2910 3308 3010 3384 γὰρ
3063 3304 3184 3362 τότε
3227 3302 3494 3380 Φιλήμονι
3539 3305 3818 3383 φωτισμὸν

2166 3399 2253 3456 καὶ
2310 3399 2490 3475 ὣσπερ
2549 3396 2661 3472 ἅμα
2718 3403 2787 3472 τῇ
2841 3396 3009 3474 στολῇ
3066 3396 3155 3452 καὶ
3185 3393 3285 3461 τὴν
3335 3395 3522 3475 ψυχὴν
3581 3394 3817 3469 ἀμεῖψαι

2165 3489 2571 3566 παρασκευάσας
2623 3487 2783 3544 ταύτὸ
2830 3487 2974 3543 εἶναι
3031 3486 3351 3559 πεποίηκεν,
3411 3484 3542 3560 ὅπερ
3599 3480 3698 3562 ἄρα
3729 3484 3823 3540 καὶ

2164 3579 2468 3658 ὑπεκρίνετο
2499 3594 2514 3610 ⁸
2570 3576 2998 3656 σφραγισάμενος
3058 3575 3157 3651 μὲν
3211 3574 3312 3653 γὰρ
3361 3573 3456 3631 οἷα
3504 3573 3817 3653 Χριστιανὸς

2164 3674 2241 3743 τῷ
2282 3673 2374 3724 τοῦ
2416 3671 2642 3745 σταυροῦ
2696 3665 2945 3745 σημείῳ,
3006 3664 3100 3721 ἴνα
3155 3661 3253 3720 κᾶν
3305 3662 3479 3735 τούτῳ
3531 3660 3673 3737 δείξῃ
3729 3662 3819 3717 τὸν

2165 3755 2556 3831 Ἀπολλώνιον,
2603 3754 2727 3833 παρ’
2772 3754 2930 3812 αὒτὸν
2970 3752 3160 3818 εῦθέως
3219 3753 3311 3809 τὸν
3370 3751 3612 3830 ἡγεμόνα
3657 3750 3811 3831 ἐχώ-

2163 3869 2264 3926 ρει,
2329 3838 2386 3906 Ὀ
2451 3844 2506 3902 δὲ
2549 3847 2641 3926 τὸν
2697 3842 2857 3923 ἕνδρα
2911 3842 3057 3919 ἰδὼν,
3121 3843 3202 3906 τίς
3260 3841 3411 3905 οὗτος
3468 3841 3651 3910 ἠρώτα
3693 3841 3819 3904 τοὺς

2162 3924 2532 4017 παρεστῶτας.
2569 3924 2663 3999 Ὠς
2708 3932 2765 3990 δὲ
2808 3936 2857 3989 oi
2891 3933 3012 4008 μὲν,
3048 3933 3156 3988 τῶν
3214 3934 3570 4007 Χριστιανῶν,
3630 3927 3815 4001 εἷπον,

2161 4028 2339 4105 ὥσπερ
2397 4024 2589 4105 ἔοικεν,
2679 4024 2786 4102 εἷς,
2860 4025 2887 4079 ὃ
2962 4019 3016 4076 δὲ
3070 4019 3214 4076 θύειν
3267 4017 3424 4073 αῦτὸν
3480 4021 3817 4105 παραχρῆμα

2158 4103 2437 4190 ὶπέυαττε,
2490 4103 2612 4172 τότε
2650 4110 2715 4180 δὴ
2754 4111 2875 4168 τότε
2926 4107 3191 4183 Φιλήμων
3243 4106 3366 4184 ῥᾷον
3410 4105 3448 4174 ἢ
3503 4106 3564 4161 τὸ
3621 4103 3818 4180 ἔνδυμα

2161 4208 2262 4275 τὴν
2293 4205 2515 4283 γνώμην
2547 4198 2863 4278 μεταϐαλὼν
2923 4200 3011 4255 καὶ
3067 4196 3248 4276 ὥσπερ
3307 4196 3335 4252 ὃ
3383 4194 3639 4270 ἐμιμεῖτο
3689 4191 3814 4251 δυσ·

2162 4297 2396 4363 ωπηθεὶς
2447 4294 2482 4361 ἢ
2545 4294 2603 4348 τὸ
2686 4287 2865 4347 δοκεῖν
2923 4286 3129 4365 μᾶλλον
3199 4286 3286 4342 καὶ
3375 4285 3500 4341 αὐτὸ
3551 4285 3614 4341 τὸ
3668 4283 3813 4340 εἶναι

2166 4386 2433 4465 προσθεὶς,
2480 4381 2701 4458 λαμπρᾷ
2775 4379 2851 4445 ὠς
2922 4377 3082 4458 εἶχεν
3154 4374 3412 4454 ἀνέκραγε
3475 4372 3543 4465 τῇ
3603 4379 3762 4465 ιρω-νῇ
3796 4388 3811 4405 ⁸

2167 4460 2238 4534 ΟῘΒ
2293 4473 2400 4531 θύω
2432 4521 2448 4547 ,
2522 4469 2832 4547 Χριστιανὸς
2909 4468 3010 4549 γὰρ
3081 4479 3227 4541 εϊμι,
3313 4463 3538 4542 Χριστοῦ
3598 4460 3807 4538 δοῦλος,

2168 4569 2393 4643 Χριστοῦ
2434 4560 2526 4619 τοῦ
2566 4565 2763 4631 ζῶντος
2811 4564 2963 4620 Θεοῦ.
3028 4554 3129 4615 Καὶ
3181 4558 3209 4612 ὁ
3261 4555 3525 4643 ἡγεμῲν,
3585 4557 3659 4611 Οὐ
3714 4557 3817 4643 προ

429 4660 570 4722 vivi.
604 4657 828 4721 Praeses
850 4665 1049 4719 autem
1075 4678 1088 4719 :
1110 4654 1241 4717 Non
1259 4654 1455 4716 vidisti
1478 4656 1651 4735 paulo
1673 4662 1831 4728 ante,
1868 4653 2079 4734 inquit,

2171 4642 2362 4731 μικροῦ
2418 4653 2658 4731 ἑώρακας
2685 4697 2703 4724 ,
2760 4648 2940 4723 εἶπεν,
3013 4645 3214 4735 ἡλίκων
3272 4644 3360 4699 καὶ
3398 4642 3549 4735 μὸσων
3609 4643 3656 4698 οἱ
3700 4642 3817 4735 περὶ

433 4749 631 4829 qualia
661 4756 718 4810 et
748 4765 921 4827 quam
952 4746 1134 4808 multa
1166 4744 1434 4826 perpessi
1478 4729 1769 4824 supplicia
1796 4729 2001 4805 Asclas
2027 4752 2079 4805 et

2169 4729 2404 4802 Ἀσκλᾶν
2457 4729 2552 4797 καί
2599 4736 2866 4806 Λεωνίδην
2935 4733 3272 4814 πειραθέντες
3331 4729 3632 4803 κολάσεων,
3694 4732 3818 4785 εἶτα

426 4838 746 4912 Leonides,
775 4835 993 4898 deinde
1024 4836 1202 4898 etiam
1237 4843 1427 4896 morte
1459 4833 1629 4896 fuere
1651 4832 2086 4896 condemnati?

430 4930 557 4993 Hoc
589 4928 808 5009 ipsum,
842 4926 1057 5007 inquit,
1086 4926 1196 4987 fuit
1231 4925 1375 4987 mihi
1404 4922 1807 5004 occasio,quae
1836 4940 1936 4985 me
1967 4922 2085 4983 im-

430 5017 583 5099 pulit
614 5017 686 5080 ad
720 5019 1086 5097 martyrium,
1118 5015 1277 5097 quod
1325 5014 1534 5076 Asclas
1586 5022 1645 5075 et
1674 5012 1970 5075 Leonides
2002 5013 2086 5074 sic

432 5108 607 5190 paulo
637 5115 775 5170 ante
806 5106 1190 5168 decertarunt
1231 5114 1474 5186 propter
1504 5103 1833 5180 Christum,
1869 5109 1928 5164 et
1957 5120 2085 5164 ma-

430 5198 588 5261 xime
618 5197 949 5261 tolerantize
973 5196 1113 5258 hinc
1149 5192 1390 5276 percepi
1423 5193 1786 5263 doctrinam,
1823 5200 1887 5254 et
1911 5210 2083 5271 arguo

431 5296 696 5350 mentum
723 5282 1188 5348 fortitudinis.Et
1204 5280 1430 5364 alioqui
1458 5280 1811 5343 miraculum
1839 5280 1997 5361 quod
2025 5280 2086 5341 in

432 5377 536 5441 illa
565 5377 695 5440 navi
730 5385 827 5438 tua
856 5376 941 5437 illi
976 5392 1168 5456 nuper
1212 5371 1631 5443 ostenderunt,
1692 5388 1892 5451 quam,
1946 5388 2082 5432 cum

432 5487 540 5551 per
584 5466 847 5530 medium
880 5464 1145 5528 ﬂuminis
1173 5464 1402 5526 alveum
1460 5462 1738 5551 ferretur,
1774 5461 2079 5551 sisterent,

432 5550 585 5642 quos
612 5576 728 5620 non
750 5556 1078 5631 induxerit,
1114 5565 1174 5614 ut
1196 5573 1260 5615 se
1303 5559 1514 5642 parent
1538 5550 1609 5612 ad
1635 5550 2080 5642 suscipiendum

430 5639 733 5713 certamen
795 5665 899 5728 pro
959 5646 1225 5728 pietate?
1273 5642 1420 5706 Cum
1476 5641 1834 5721 desperaret
1883 5639 2083 5722 itaque

430 5757 651 5824 praeses
680 5756 745 5802 se
788 5755 963 5820 posse
989 5735 1157 5801 illum
1190 5754 1224 5797 a
1254 5752 1359 5797 sua
1411 5731 1724 5799 traducere
1754 5729 2079 5815 sententia,

2171 4834 2257 4891 καὶ
2312 4832 2535 4889 θάνατον
2586 4832 3025 4906 κατεκριθησανς
3095 4825 3155 4881 Ὃ
3219 4819 3297 4896 δὲ,
3360 4820 3495 4877 Αὗτὸ
3563 4818 3661 4892 μὲν
3728 4817 3818 4874 οὖν

2168 4930 2348 5002 τοῦτο,
2405 4920 2531 5000 ἔφη,
2596 4916 2688 4974 καΐ
2746 4915 2968 4995 ἀφορμὴ
3022 4910 3456 5002 τοῦ-μαρτυρίου
3500 4929 3594 5002 μοι
3650 4906 3817 4986 γέγο-

2169 5034 2255 5068 νεν
2290 5030 2304 5045 ·
2332 4998 2343 5002 ⁷
2365 4998 2453 5067 ὅτι
2475 5010 2561 5065 καὶ
2592 5005 2821 5070 Ἀσκλᾶς
2850 5006 2937 5061 καὶ
2965 4998 3231 5067 Λεωνίδης
3285 4998 3425 5055 οὕτω
3472 5000 3574 5077 πρὸ
3624 5002 3817 5075 μικροῦ

2169 5101 2252 5159 διὰ
2308 5100 2536 5181 Χρεστὸν
2603 5095 2977 5181 ἠγωνίσαντο,
3052 5091 3145 5181 καί
3180 5180 3183 5181 ν
3222 5089 3481 5181 μεγίστης
3538 5088 3816 5181 ὑπομονῆς

2169 5177 2398 5251 ἐντεῦθεν
2502 5187 2809 5265 ἐδρεψάμην
2913 5178 3252 5239 διδασκαλίαν
3350 5179 3439 5235 καὶ
3536 5177 3817 5256 καρτερίας

2167 5282 2439 5344 ὑπόθεσιν,
2495 5276 2723 5341 ’Ἄλλως
2754 5274 2930 5331 τεκαὶ
2984 5273 3049 5329 τὸ
3103 5274 3280 5346 θαῦμα
3341 5268 3368 5325 ὃ
3423 5268 3541 5344 περὶ
3583 5267 3682 5335 τὴν
3715 5265 3818 5334 σὴν

2169 5370 2379 5428 ἐκεῖνοι
2435 5374 2557 5426 ναῦν
2612 5363 2946 5430 ἐπεδείξαντο
2998 5364 3298 5442 φερομένην
3362 5358 3525 5425 αὑτὴν
3584 5354 3669 5412 διὰ
3727 5362 3823 5413 τοῦ

2166 5466 2411 5534 ποταμοῦ
2469 5458 2606 5514 κατὰ
2663 5454 2826 5530 μέσον
2904 5453 2998 5509 τὸν
3073 5449 3236 5527 πόρον
3297 5448 3618 5525 στήσαντες,
3677 5444 3823 5509 τίνας

2167 5555 2263 5609 οῦκ
2305 5531 2366 5605 ἂν
2426 5544 2781 5605 ἀποδύσασθαι
2825 5543 2954 5623 πρὸς
3017 5542 3107 5597 τὸν
3166 5539 3322 5594 αὕτὸν
3371 5537 3504 5615 ὑπὲρ
3554 5531 3822 5599 εὐσεϐείας

2165 5641 2345 5719 ἀγῶνα
2434 5622 2901 5712 παρασκευάσειε,
2976 5637 3313 5687 Μεταπεῐσαι
3392 5626 3565 5683 τοίνυν
3653 5622 3822 5687 οὕτως

2167 5717 2323 5788 atiith
2348 5726 2750 5809 ἀπαγορεύωνὸ
2807 5723 3046 5804 ἡγεμὼν,
3100 5720 3231 5802 πρὸς
3275 5717 3398 5783 τοὺς
3454 5718 3816 5795 περιεστῶτας
