4148 6422
290 395 402 461 541
1222 401 1691 466 MARTYRIUM
1739 400 1796 462 S.
1859 395 2149 461 THYRSI
2196 395 2291 457 ET
2337 391 2743 457 SOCIOBUM.
3556 391 3672 457 542

289 533 654 615 ἐπιστραφεὶς,
717 534 1116 613 Μεταπέμψατέ
1173 559 1290 612 μοι,
1347 535 1510 616 φησῗ,
1577 535 1665 593 τὸν
1721 533 1931 613 Χοραύ-

2018 529 2195 605 Mihi,
2228 526 2441 610 inquit,
2491 525 2783 592 accersite
2825 523 3178 616 Choraulem
3202 523 3615 616 Philemonem
3652 545 3666 592 :

292 626 398 694 λην
456 624 746 701 Φιλήμονα
781 642 794 659 ⁸
841 627 961 690 ’ίσος
1005 628 1107 684 ὑπὸ
1147 629 1251 684 τῶν
1281 615 1454 686 αιόλῶν
1487 626 1686 683 ἐκείνου
1716 629 1811 683 καὶ
1845 624 1931 693 τῆς

2022 622 2276 684 fortasse
2307 618 2584 680 tibiarum
2619 617 2851 679 illarum
2888 615 3214 679 dulcedine
3245 615 3552 697 delinitus,
3587 617 3674 679 fa-

290 721 542 792 σειρῆνος
591 718 725 796 πρὸς
779 716 967 786 ἡδονὰς
1031 719 1228 782 ἀνεθεὶς
1303 718 1442 794 ῥᾴων
1514 716 1578 773 ἅν
1635 717 1773 774 οὕτω
1841 717 1931 783 τὴν

2025 709 2198 774 cilius
2229 709 2571 788 mutabitur,
2607 707 2888 788 ignorans
2938 707 3182 769 omnino
3237 707 3476 788 stultus,
3509 708 3666 771 hunc

287 804 603 884 μεταϐολὴν
658 806 867 885 γένοιτο
899 824 913 838 ⁸
962 807 1168 885 ἀγνοῶν
1244 808 1454 873 πάντως
1514 809 1540 864 ὁ
1585 807 1813 874 μάταιος
1859 805 1931 862 ὅτι

2021 801 2219 882 ipsum
2252 818 2382 862 esse
2415 797 2918 877 Philemonem,et
2947 796 3156 859 eadem
3181 797 3379 877 lingua
3398 806 3661 859 utentem

289 897 451 961 αὐτὸς
525 895 679 962 οὗτος
748 895 1010 972 Φιλήμων
1095 898 1160 965 ἦν
1231 902 1330 955 καὶ
1391 901 1459 974 τῇ
1516 897 1650 974 αὑτῇ
1722 897 1931 975 γλώττης

2026 891 2141 952 nisi
2164 889 2323 970 quod
2350 891 2510 970 prius
2533 888 2773 970 quidem
2820 888 2943 968 lyra
2985 895 3044 949 et
3077 886 3261 966 tibiis,
3298 895 3438 950 tunc
3469 895 3666 950 autem

284 986 602 1065 χρώμενος,
647 984 788 1054 πλὴν
849 984 972 1043 ὅσον
1043 987 1294 1066 πρότερον
1351 988 1448 1064 μὲν
1506 989 1608 1043 ὑπὸ
1665 986 1795 1066 λύρᾲ
1855 987 1931 1042 καῖ

2023 978 2223 1042 divino
2255 978 2609 1061 loquebatur
2636 977 2885 1059 Spiritu.

285 1075 508 1158 αὐλοῖς,
545 1075 667 1133 τότε
701 1075 756 1131 δὲ.
790 1076 1056 1152 Πνεύματι
1098 1079 1220 1152 θείῳ
1264 1079 1652 1158 φθεγγόμενος.

373 1155 464 1228 Λ’.
513 1165 700 1232 Πάσης
731 1165 900 1223 τοίνυν
955 1165 1150 1248 σχεδὸν
1202 1155 1300 1235 τῆς
1359 1155 1484 1246 περὶ
1539 1167 1694 1225 αὑτὸν
1741 1166 1931 1234 τάξεως

2102 1158 2284 1223 ΧΧΧ.
2319 1158 2464 1222 Cum
2498 1178 2638 1239 ergo
2671 1159 2933 1221 totafere
2957 1158 3172 1221 cohors
3197 1157 3329 1236 ejus
3358 1157 3666 1239 apparito-

279 1258 380 1314 τὸν
457 1255 634 1331 δῆμον
715 1247 1090 1327 περιελθούσης
1173 1259 1261 1316 καὶ
1354 1257 1586 1333 οὑδαμοῦ
1653 1257 1931 1334 Φιλήμονα

2022 1268 2156 1312 rum
2189 1251 2382 1312 obiret
2413 1251 2728 1331 populum,
2761 1257 2816 1311 et
2843 1266 3132 1329 nusquam
3170 1255 3369 1328 posset
3401 1247 3667 1310 invenire

284 1347 607 1414 δυνηθείσης
651 1347 848 1426 εὑρεῖν,
905 1349 932 1403 ὁ
988 1348 1233 1426 ἡγεμὼν,
1297 1348 1398 1406 Τόν
1455 1346 1676 1428 ἀδελφὸν
1742 1349 1931 1407 ἐκείνοι

2023 1339 2432 1402 Philemonem
2459 1362 2470 1398 :
2497 1339 3094 1420 lllius,inquit,frater
3115 1338 3323 1428 Theon
3357 1347 3445 1428 est
3461 1357 3667 1428 accer-

282 1437 490 1516 θέωνα,
553 1435 678 1516 ἔφη,
728 1435 1117 1509 μετακλητέον,
1184 1440 1273 1495 καὶ
1333 1439 1490 1502 αὑτὸς
1548 1427 1668 1495 ἕξθα
1727 1439 1931 1503 πάντως

2025 1430 2266 1493 sendus.
2291 1432 2425 1512 Ipse
2455 1429 2613 1492 enim
2649 1431 2892 1491 omnino
2924 1428 3182 1508 docebit,
3219 1427 3320 1489 ubi
3356 1427 3429 1488 sit
3458 1427 3662 1490 Phile-

282 1524 558 1599 Φιλήμων
615 1524 722 1581 ἐστὶ
779 1524 990 1591 διδάξει.
1034 1525 1184 1584 Ἐπεὶ
1257 1525 1310 1584 δὲ
1373 1529 1459 1585 καὶ
1529 1527 1673 1585 Θέων
1717 1526 1931 1601 πᾶἱρεστι

2027 1519 2345 1582 monCum
2371 1528 2566 1582 autem
2591 1519 2876 1582 adfuisset
2895 1518 3235 1599 Theon,ille
3267 1517 3414 1579 nihil
3445 1519 3664 1595 sciens,

285 1614 462 1690 μηδὲν
521 1615 726 1680 ἐκεῖνος
772 1613 941 1696 εἰδὼς,
991 1617 1108 1681 οἷος
1155 1617 1248 1684 εἴη
1303 1620 1500 1684 σκοπὸς
1533 1618 1608 1682 τῷ
1639 1620 1931 1694 Φιλήμονι,

2021 1609 2212 1690 qualis
2241 1619 2397 1672 esset
2426 1627 2644 1691 scopus
2698 1608 3068 1671 Philemonis
3104 1627 3116 1668 :
3166 1607 3274 1670 Hic
3304 1616 3412 1683 est,
3451 1608 3663 1689 inquit,

284 1707 486 1776 οὗτος,
533 1703 682 1783 εἷπε,
753 1703 1039 1783 Φιλήμων,
1103 1704 1271 1772 δείξας
1314 1708 1405 1763 τὸν
1463 1705 1712 1788 ἀδελφόν.
1779 1709 1931 1773 meo;

2021 1699 2356 1775 Philemon,
2413 1700 2737 1761 ostendens
2780 1699 3042 1761 fratrem.
3079 1697 3290 1761 Statim
3321 1717 3462 1777 ergo
3486 1698 3668 1778 jussit

281 1793 376 1851 οὖν
411 1795 439 1849 ὁ
470 1795 689 1871 ἡγεμὼν
717 1793 1109 1852 ἀνακαλύπτειν
1168 1796 1324 1853 αὑτοῦ
1366 1797 1466 1864 τὴν
1518 1797 1640 1872 ὄψιν
1701 1795 1931 1878 ἐκέλευε,

2021 1809 2242 1871 praeses
2274 1808 2414 1850 eum
2447 1789 2684 1870 aperire
2714 1789 2954 1868 faciem,
2989 1797 3045 1849 et
3097 1807 3233 1850 cum
3265 1788 3535 1862 vidisset,
3563 1807 3668 1849 ve-

280 1885 375 1940 καὶ
449 1881 612 1939 ἰδόντι
669 1884 829 1961 γελᾷν
888 1885 986 1959 μὲν
1043 1886 1185 1960 αὑτῷ
1235 1885 1394 1962 ὲπῇει
1455 1887 1679 1960 τερπνόν
1737 1909 1784 1942 τι
1849 1876 1931 1943 καῖ

2020 1879 2337 1941 hementer
2356 1879 2598 1960 quidem
2615 1879 2792 1958 erepit
2810 1887 2863 1939 et
2879 1879 3121 1958 profuse
3141 1876 3670 1951 ridere,arbitrans

2023 1969 2150 1989 ..
2235 1988 2242 1989 ,
2355 1987 2362 1989 Α
2419 1969 2484 1989 κ.
2561 1988 2571 1989 ,
2896 1969 3085 1989 Lm
3234 1967 3454 1989 eum.

278 1973 477 2031 ἄνετον
540 1973 812 2048 νομίσαντι
874 1975 1086 2039 πάντως
1143 1978 1217 2040 εἷς
1279 1975 1490 2056 γέλωτα
1549 1984 1703 2033 τοῦτο
1759 1976 1934 2034 θέσθαι

277 2069 620 2144 Χριστιανῶν
678 2066 770 2120 τὸν
815 2063 1098 2135 Φιλήμονα
1169 2069 1256 2124 καὶ
1313 2067 1456 2146 παρὰ
1516 2075 1671 2125 τοῦτο
1731 2070 1815 2124 καὶ
1877 2069 1936 2124 τὸ

277 2168 636 2234 προσωπεῖον
678 2155 857 2212 ἐκεῖνο
901 2155 1298 2237 περιϐαλέσθαι,
1331 2157 1422 2214 ’ίνα
1453 2159 1541 2214 καὶ
1588 2156 1770 2223 ἄλλοις
1822 2180 1932 2215 πα-

274 2247 405 2325 ρείη
454 2244 640 2322 γελᾷν.
692 2245 829 2303 Εἶτα
877 2246 934 2302 τὸ
992 2247 1089 2322 μὲν
1135 2244 1307 2324 δρᾶμα
1369 2247 1464 2304 καὶ
1520 2249 1618 2316 τὴν
1661 2249 1936 2327 ὑπόκρισιν

273 2333 629 2412 ἀποῤῥίπτειν
686 2333 942 2392 ἐπέττατε
975 2381 992 2410 ,
1049 2335 1403 2414 προσελθόντα
1465 2335 1520 2393 δὲ
1599 2339 1690 2394 σὺν
1753 2338 1936 2412 ἐκείνῳ

271 2426 450 2485 θύειν.
512 2422 664 2481 Ἐπεὶ
719 2422 774 2480 δὲ
831 2424 1090 2501 Φιλήμων
1137 2426 1440 2484 τοῦναντίον
1471 2426 1667 2507 ἔφασκε
1728 2427 1934 2502 μᾶλλον

272 2522 357 2588 τῷ
391 2514 492 2588 μὲν
526 2519 738 2592 Χριστῷ
765 2513 1032 2592 λατρεύειν
1076 2529 1200 2580 ταῖς
1253 2517 1554 2598 ἀληθείαις,
1602 2519 1666 2574 τὰ
1715 2516 1770 2574 δὲ
1831 2526 1937 2576 τῶν

275 2605 489 2662 ἐκείνου
542 2609 677 2661 θεῶν
733 2604 788 2660 ἒν
835 2604 1015 2678 παιδιᾷ
1053 2607 1140 2663 καὶ
1196 2605 1390 2684 γέλωτι
1435 2607 1688 2683 τίθεσθαι,
1753 2605 1934 2676 πολλὴ

276 2694 542 2762 ἔκπληξις
601 2695 730 2776 εἶχε
789 2697 875 2752 καὶ
918 2695 1110 2773 ἀπορία
1157 2698 1246 2753 τὸν
1289 2697 1565 2764 δικαστὴν,
1626 2697 1937 2775 Ἐμϐλὲψας

279 2785 375 2844 οὖν
434 2786 566 2862 πρὸς
608 2785 913 2860 Φιλήμονα,
958 2788 1095 2863 Πρὸς
1153 2789 1348 2862 αὑτῆς,
1412 2786 1540 2867 ἔφη,
1608 2794 1702 2855 τῆς
1758 2791 1935 2867 ὑγείας

285 2867 568 2950 Ῥωμαίων
622 2875 797 2942 ἀληθῆ
882 2876 948 2932 τὰ
1004 2876 1240 2956 παρόντα
1267 2921 1286 2952 ,
1349 2876 1618 2952 Φιλῆμον,
1665 2879 1700 2946 ἢ
1759 2877 1934 2957 χλεύη

297 2971 626 3046 Χριστιανῶν
676 2967 761 3021 καὶ
822 2967 1080 3042 μυκτήρ;
1131 2957 1188 3024 Ὀ
1233 2965 1311 3040 δὲ,
1358 2967 1428 3025 Οὔ
1457 2968 1554 3035 τὴν
1603 2969 1781 3046 ὑγείαν
1831 2969 1938 3046 ἐγὼ

306 3051 415 3118 τὴν
475 3042 751 3136 Ῥωμαίωι,
798 3053 916 3113 ἀλλ’
970 3056 1135 3123 αὑτὴ)
1171 3056 1390 3132 ὄμνυμι,
1429 3054 1554 3136 ἔφη,
1609 3042 1707 3124 τὴν
1765 3042 1936 3131 ἐμαυ-

304 3149 402 3200 τοῦ
456 3143 702 3220 σωτηρίαν
759 3147 847 3201 καὶ
905 3145 993 3201 τὸν
1043 3145 1175 3219 ἐμὸν
1237 3146 1514 3213 Δεσπότην
1570 3148 1658 3203 καὶ
1713 3145 1938 3222 βασιλέα

293 3232 541 3308 Χριστὸν,
602 3235 660 3290 οὑ
716 3233 914 3312 γέλως,
975 3237 1032 3292 οὑ
1091 3234 1296 3306 παιδιὰ,
1365 3238 1422 3293 οὑ
1479 3235 1725 3314 πλάσμα,
1773 3239 1937 3311 οὑμεο

2019 1969 2436 2033 Philemonem
2469 1969 2579 2029 hoc
2611 1971 2854 2030 omnino
2894 1969 3093 2030 facere
3137 1979 3203 2028 ut
3233 1967 3457 2028 rideret
3490 1968 3667 2030 Chri-

2020 2059 2240 2120 stianos
2278 2081 2290 2124 :
2325 2067 2381 2120 et
2414 2059 2549 2120 ideo
2581 2057 2743 2119 illam
2778 2077 2914 2120 eum
2946 2057 3216 2119 induisse
3242 2066 3667 2138 personam,ut

2018 2149 2168 2211 alios
2186 2168 2427 2230 quoque
2459 2156 2721 2210 moveret
2749 2149 2819 2210 ad
2841 2147 3291 2211 risum.Deinde
3322 2147 3492 2208 illum
3519 2147 3660 2228 qui-

2019 2237 2154 2300 dem
2181 2240 2358 2318 jussit
2387 2248 2582 2301 actum
2616 2239 2919 2320 deponere
2968 2247 3025 2300 et
3055 2237 3524 2320 simulationem,
3558 2255 3664 2300 ac-

2019 2328 2332 2392 cedentem
2361 2348 2494 2392 vero
2519 2349 2652 2390 cum
2687 2329 2789 2391 illo
2808 2328 3169 2391 sacriﬁcare.
3198 2331 3516 2408 Postquam
3549 2347 3664 2389 au-

2022 2427 2139 2480 tem
2167 2429 2374 2482 contra
2403 2420 2547 2481 dixit
2575 2419 2984 2494 Philemon,se
3017 2417 3252 2482 Christo
3287 2417 3530 2499 quidem
3561 2437 3664 2480 re-

2019 2527 2158 2570 vera
2188 2509 2434 2590 servire,
2461 2509 2623 2571 illius
2652 2517 2851 2571 autem
2885 2509 3030 2571 deos
3058 2508 3278 2571 habere
3309 2527 3415 2589 pro
3448 2508 3589 2570 ludo
3611 2517 3668 2571 et

2023 2599 2278 2662 ridiculo
2311 2622 2324 2664 :
2354 2600 2623 2680 judicem
2661 2610 2907 2678 magnus
2934 2599 3150 2662 invasit
3181 2607 3389 2680 stupor
3415 2607 3476 2662 et
3498 2599 3668 2661 dubi-

2021 2688 2188 2752 tatio.
2215 2689 2463 2753 Intuens
2491 2690 2691 2772 itaque
2715 2689 3150 2760 Philemonem,
3191 2691 3302 2752 Per
3332 2689 3544 2771 ipsam,
3580 2689 3672 2751 in-

2021 2781 2172 2861 quit,
2205 2782 2610 2842 Romanorum
2671 2780 2946 2860 salutem,
2978 2798 3196 2843 verane
3255 2788 3396 2841 sunt
3441 2799 3576 2858 qua;
3605 2781 3666 2841 in

2023 2874 2364 2952 prwsentia,
2402 2891 2435 2933 o
2471 2873 2805 2953 Philemon,
2837 2893 2870 2934 a
2901 2882 2956 2934 te
3012 2871 3185 2946 ﬁunt,
3221 2891 3294 2932 an
3326 2881 3668 2953 comparata

2021 2962 2093 3023 ad
2124 2961 2493 3024 irridendum
2527 2970 2584 3024 et
2635 2962 3064 3024 ludiﬁcandum
3124 2961 3537 3024 Christianos?
3565 2963 3668 3026 llle

2024 3070 2182 3125 vero,
2220 3071 2339 3113 non
2396 3052 2827 3132 Romanorum,
2886 3052 3100 3128 inquit,
3162 3071 3292 3131 ego,
3328 3051 3434 3114 sed
3469 3071 3663 3115 meam

2021 3141 2209 3221 ipsius
2237 3143 2376 3222 juro
2401 3142 2672 3219 salutem,
2703 3151 2760 3203 et
2785 3142 3103 3204 Dominum
3139 3159 3339 3203 meum
3375 3148 3433 3204 et
3462 3160 3664 3222 regem

2024 3232 2476 3308 Christum,non
2511 3251 2641 3294 esse
2671 3233 3030 3313 irrisionem,
3059 3251 3168 3294 nec
3201 3233 3528 3315 lusionem,
3555 3253 3666 3296 nec

289 3328 417 3378 νοῦν
459 3323 524 3378 τά
579 3323 845 3404 ὁρώμενα,
909 3323 1044 3381 ἀλλά
1100 3324 1311 3404 καρδίας
1367 3312 1646 3402 μετάθεσις
1703 3325 1931 3403 ἀληθὴς,

2022 3323 2324 3386 fictionem
2360 3342 2490 3405 quae
2509 3323 2923 3404 videntur,sed
2943 3312 3140 3385 veram
3172 3322 3372 3384 cordis
3401 3312 3668 3386 mutatio-

276 3413 378 3467 καί
439 3414 572 3489 πρὸς
628 3417 854 3492 Χριστὸν
914 3414 1088 3481 πίστις
1159 3415 1576 3492 ἀψευδεστατηο
1636 3417 1725 3475 καὶ
1805 3417 1935 3494 ὑπὲρ

275 3501 484 3568 ταύτης
544 3501 652 3580 ἐγὼ
702 3511 802 3570 της
871 3504 1158 3583 ὁμολογίας
1215 3508 1318 3586 οὑχ
1392 3505 1482 3562 ἕνα
1541 3507 1705 3582 μόνον
1733 3555 1748 3581 ,
1797 3505 1934 3563 ἀλλά

274 3592 370 3648 καὶ
454 3594 670 3672 μυρίους
702 3640 719 3669 ,
808 3596 853 3651 εἰ
935 3594 1056 3652 οἷόν
1129 3617 1212 3672 τε,
1301 3597 1555 3662 θανάτους
1642 3597 1935 3654 ἀποθανεῖν

277 3680 526 3757 ἕτοιμος,

363 3775 508 3832 AA’.
570 3773 768 3854 Ὀργῆς
829 3774 1108 3855 ἐπλήρωσε
1166 3784 1330 3834 ταῦτα
1387 3778 1478 3833 τὸν
1533 3779 1804 3856 ἡγεμόνα,
1837 3777 1934 3835 καὶ

272 3865 412 3940 πρὸς
460 3864 582 3926 τοὺς
639 3871 996 3943 περιεστῶτας
1056 3866 1396 3948 ἐπιστραφεὶς
1455 3867 1768 3925 ἐπανθάνετο
1827 3878 1929 3925 Φι-

273 3952 500 4026 λήμονα
543 3961 882 4035 παραχρῆμα
942 3958 1165 4013 κτείνειν
1229 3957 1368 4014 οὕτω
1429 3964 1668 4038 φανερῶς
1725 3958 1932 4037 ἐξυϐρι-

277 4045 415 4099 κότα
448 4044 580 4122 πρὸς
613 4046 736 4109 τοὺς
766 4048 914 4111 θεοὺς
945 4047 1032 4103 καὶ
1065 4044 1233 4115 ἀσεϐῆ
1293 4047 1560 4122 ἐπίσημον
1619 4047 1933 4128 ἀποδεδειγ-

276 4132 469 4206 μένον,
533 4133 567 4201 ἣ
635 4137 830 4214 χρόνον
878 4150 1186 4216 παρασχεῖν
1253 4138 1326 4201 εἰς
1399 4139 1676 4214 ἐπίσκεψίν
1732 4160 1788 4195 τε
1845 4141 1933 4196 καὶ

275 4222 648 4305 μεταμέλειαν
706 4226 799 4282 τοῦ
867 4227 1252 4305 γεγενημένου.
1312 4228 1373 4285 Ὃ
1453 4228 1548 4301 μὲν
1604 4229 1693 4284 οὖν
1763 4229 1934 4304 δῆμος

274 4303 546 4383 (ἰσχυρῶς
605 4306 708 4384 γὰρ
740 4303 890 4387 εἶχε
913 4303 1074 4372 πόθος
1105 4309 1294 4372 αὑτοὺς
1337 4307 1648 4384 Φιλήμονος
1678 4311 1766 4366 καὶ
1793 4303 1933 4368 πάν-

268 4415 364 4455 τες
413 4399 516 4460 τῆς
548 4393 750 4455 ἐκείνου
807 4396 1052 4473 γλώττης
1094 4399 1183 4454 καὶ
1213 4402 1317 4454 τῶν
1351 4397 1524 4455 αὑλῶν
1558 4399 1929 4480 ἐξεκρέμαντο)

268 4483 471 4540 αὒτίκα
504 4484 648 4560 μάλα
690 4486 862 4554 ἠξίουν
919 4489 1011 4544 τὸν
1063 4486 1305 4566 ἡγεμόνι
1349 4489 1427 4562 μὴ
1486 4489 1780 4546 ἀπολλύναι
1838 4489 1931 4546 λέ-

266 4595 472 4654 γοντες
503 4576 600 4642 τὴν
633 4577 822 4644 κοινὴν
851 4582 949 4644 τῆς
983 4578 1194 4640 πόλεως
1224 4575 1446 4648 ἡδονήν,
1482 4577 1542 4636 ’0
1573 4577 1628 4635 δὲ
1660 4581 1751 4636 τὸν
1781 4581 1931 4638 τόνον

263 4667 425 4739 αὑτῷ
480 4667 570 4721 καὶ
611 4666 709 4734 τὴν
738 4668 1030 4744 προθυμίαν
1069 4667 1283 4725 ἑλκῦσαι
1335 4667 1680 4749 βουλόμενος,
1745 4661 1930 4748 Ὀρᾷς,

264 4758 315 4810 ὧ
365 4753 641 4835 Φιλῆμον,
677 4757 856 4832 εἶπεν,
903 4755 1048 4823 ὅπως
1078 4779 1171 4814 σου
1201 4757 1296 4814 καί
1331 4760 1390 4814 τὸ
1422 4757 1624 4826 πλῆθος
1657 4758 1772 4816 λίαν
1803 4761 1932 4836 ἐρω-
1957 4803 1997 4854 ο

259 4851 450 4909 τικῶς
509 4845 838 4926 περιέχεται,
889 4849 976 4903 καὶ
1023 4848 1206 4916 κοινὴν
1252 4846 1348 4923 μέν
1393 4869 1450 4904 σε
1493 4847 1740 4906 καλοῦσιν
1792 4848 1924 4917 ἦδο-

249 4937 392 5007 νὴν,
450 4935 640 5004 κοινήν
694 4934 749 4991 δὲ
806 4945 1110 5011 νομίζουσιν
1169 4937 1545 5018 εὖφρυσύνην;
1597 4939 1666 4994 Σὺ
1721 4937 1774 4995 δὲ
1829 4941 1926 4996 κᾶν

247 5025 396 5106 γοῦν
456 5027 550 5081 τοῦ
607 5025 732 5104 παρ’
787 5027 959 5084 αὑτῶν
1007 5029 1199 5105 κρότου
1253 5029 1338 5084 καὶ
1389 5034 1495 5084 τῶν
1551 5027 1779 5085 ἐπαίνων
1811 5029 1924 5086 ἐπι-

248 5114 522 5191 μνησθεὶς
553 5116 639 5171 καὶ
697 5121 875 5189 σαυτῷ
930 5117 1017 5173 καὶ
1082 5117 1288 5181 τούτοις
1332 5119 1399 5174 τὰ
1438 5118 1705 5192 εἴθισμένα
1758 5125 1925 5175 ποιῶν

248 5218 384 5266 τοϊς
437 5204 674 5284 σωτῆρσι
729 5209 884 5264 θῦσον
926 5209 1095 5269 θεοῖς.
1143 5205 1274 5264 Ἰδοὺ
1333 5208 1432 5285 γὰρ
1473 5209 1562 5264 καὶ
1613 5209 1647 5275 ἡ
1695 5209 1923 5287 μεγίστη

250 5297 405 5373 μετά
437 5297 629 5372 μικρὸν
678 5293 921 5353 τελεῖται
973 5298 1292 5376 πανήγυρις,
1336 5301 1393 5354 ἓν
1428 5300 1464 5374 ᾗ
1517 5297 1924 5377 φιλοτιμότερον

250 5388 436 5460 ᾅσεις,
471 5389 561 5443 καὶ
592 5387 654 5443 σὺ
698 5387 796 5462 μὲν
831 5387 1042 5463 ἡσθήσῃ
1101 5388 1200 5455 τὴν
1258 5388 1444 5468 ψυχὴν
1477 5401 1598 5453 τοῖς
1643 5390 1783 5467 παρὰ
1811 5390 1928 5446 τού-

247 5499 373 5534 των
427 5475 686 5557 ἐπαίνοις,
734 5482 892 5551 ἡμῶν
924 5474 978 5532 δὲ
1009 5475 1207 5542 θέλξεις
1246 5480 1346 5544 την
1379 5480 1549 5546 ἀκοὴν
1597 5492 1712 5544 τοῖς
1751 5478 1924 5549 αὑλτί-

246 5589 421 5644 μασι.
464 5569 598 5646 Πρὸς
629 5575 797 5625 ταῦτα
833 5564 1116 5641 Φιλήμων,
1152 5567 1217 5623 ’11
1270 5569 1564 5646 πανήγυρις
1619 5569 1776 5637 αὕτη.
1812 5593 1922 5649 φη-

239 5660 357 5729 σὶν,
419 5657 466 5713 ὦ
519 5657 764 5733 ἡγεμὼν,
809 5657 907 5722 τῆς
971 5655 1173 5712 ἐκεῖθεν
1205 5656 1604 5733 ἀναμιμνήσκει
1644 5680 1710 5734 με
1742 5681 1921 5728 πανη·

245 5749 456 5828 γύρεως
487 5765 500 5782 ·
567 5747 600 5814 ᾗ
629 5746 682 5804 δὲ
713 5745 994 5832 φιλοτιμία
1026 5751 1123 5817 τῆς
1178 5754 1441 5822 μουσικῆς
1495 5749 1569 5814 εἰς
1626 5750 1918 5832 φαντασίαν

2020 3433 2180 3490 nem,
2218 3422 2276 3476 et
2307 3414 2483 3476 {idem
2519 3432 2649 3476 esse
2682 3415 2742 3476 in
2789 3413 3088 3477 Christum
3123 3413 3522 3476 certissimam
3561 3432 3574 3476 :
3611 3423 3666 3477 et

2021 3522 2118 3565 me
2146 3523 2250 3584 pro
2279 3505 2392 3566 hoc
2425 3505 2825 3580 confessione,
2852 3523 2971 3567 non
3004 3523 3183 3565 unam
3219 3503 3541 3577 solam,sed
3578 3505 3669 3567 in-

2017 3594 2445 3673 numerabiles,
2473 3596 2524 3657 si
2573 3596 2704 3658 ﬁeri
2739 3604 2960 3676 posset,
2996 3604 3262 3678 paratum
3296 3615 3431 3660 esse
3460 3597 3668 3660 subire

2020 3693 2264 3749 mortes.

2100 3773 2456 3839 XXXI.Haec
2487 3777 2574 3837 ira
2598 3777 2922 3857 implevere
2949 3778 3261 3856 praesidem
3292 3785 3387 3841 :et
3411 3795 3664 3840 conver-

2019 3881 2120 3925 sus
2151 3866 2220 3925 ad
2256 3883 2358 3926 eos
2391 3864 2493 3946 qui
2523 3865 3289 3947 circumstabant,rogabat,
3320 3885 3395 3928 an
3425 3873 3670 3946 oporte-

2019 3962 2111 4014 ret
2135 3955 2406 4034 protinus
2431 3955 2710 4018 occidere
2737 3955 3280 4037 l'hilemonem,qui
3297 3955 3442 4018 deos
3464 3964 3668 4036 aperte

2020 4051 2177 4105 tanta
2207 4045 2488 4107 affecerat
2532 4047 2915 4126 contumelia,
2953 4053 3012 4107 et
3042 4046 3325 4108 evasisset
3369 4055 3484 4108 tam
3519 4047 3666 4109 insi-

2017 4134 2548 4216 gniterimpius,an
2562 4133 2618 4196 ei
2641 4142 2877 4211 tempus
2902 4136 3168 4215 praebere
3192 4144 3256 4196 ut
3275 4134 3664 4217 deliberaret,

2018 4231 2077 4284 et
2097 4226 2230 4304 ejus
2260 4225 2414 4305 quod
2449 4225 2692 4301 fecerat,
2721 4225 3045 4287 duceretur
3067 4225 3434 4306 poenitentia.
3463 4227 3664 4305 Atque

2017 4318 2264 4388 populus
2284 4309 2515 4389 quidem
2537 4318 2912 4388 (Philemonis
2935 4319 3090 4376 enim
3117 4332 3323 4389 magno
3360 4317 3662 4375 tenebatur

2017 4402 2341 4475 desiderio,
2377 4411 2434 4464 et
2457 4401 2797 4484 pendebant
2824 4421 3031 4466 omnes
3061 4403 3134 4465 ab
3186 4403 3344 4464 illius
3375 4402 3575 4481 lingua
3605 4410 3665 4464 et

2015 4510 2050 4552 a
2075 4491 2260 4573 tibiis)
2293 4497 2519 4570 rogavit
2551 4495 2825 4574 protinus
2878 4494 3217 4574 praesidem,
3275 4512 3349 4555 ne
3385 4492 3666 4574 perderet

2017 4601 2399 4644 communem
2427 4583 2784 4663 voluptatem
2804 4584 3077 4645 civitatis.
3108 4585 3213 4646 llle
3230 4593 3425 4646 autem
3455 4584 3660 4644 volens

2017 4674 2145 4752 ejus
2167 4673 2400 4734 solvere
2422 4673 2839 4743 constantiam,
2877 4681 3288 4755 etpromptum
3315 4672 3498 4734 animi
3531 4683 3662 4736 stu-

2016 4760 2179 4822 dium
2215 4783 2229 4822 :
2264 4760 2471 4842 Vides,
2504 4763 2762 4839 inquit,o
2794 4762 3361 4840 Philemon,quanto
3395 4764 3478 4824 tui
3502 4779 3665 4824 amo-

2013 4870 2080 4912 re
2113 4859 2349 4914 tenetur
2381 4853 2726 4932 populus,et
2749 4853 3252 4933 quemadmodum
3277 4871 3656 4914 communem

2011 4949 2068 5002 te
2099 4950 2265 5002 vocat
2292 4942 2674 5022 voluptatem,
2711 4961 3090 5004 communem
3118 4955 3312 5004 autem
3363 4942 3661 5004 existimat

2008 5030 2267 5095 laetitiam
2287 5038 2313 5094 ?
2335 5030 2422 5093 Tu
2440 5051 2580 5110 ergo
2601 5032 2810 5093 saltem
2838 5049 3046 5093 eorum
3075 5033 3316 5111 plausus
3339 5040 3397 5093 et
3418 5031 3662 5094 laudum

2013 5133 2333 5196 memor,et
2356 5119 2579 5183 faciens
2604 5140 2738 5202 quae
2780 5128 2996 5183 suntet
3014 5122 3119 5182 tibi
3159 5131 3215 5183 et
3247 5121 3321 5182 iis
3354 5131 3660 5193 consueta,

2010 5211 2281 5273 sacrifica
2328 5211 2442 5273 diis
2472 5211 2906 5274 senatoribus.
2953 5211 3103 5273 Ecce
3135 5213 3296 5273 enim
3331 5211 3660 5275 maximum

2008 5300 2222 5362 festum
2253 5320 2384 5363 mox
2413 5301 2742 5382 peragitur,
2772 5303 2832 5364 in
2864 5321 2982 5382 quo
3018 5311 3076 5362 tu
3101 5301 3340 5382 quidem
3375 5303 3662 5382 praeclare

2013 5399 2283 5466 canes,et
2312 5409 2518 5454 eorum
2552 5390 2834 5454 laudibus
2859 5391 2961 5452 tibi
2985 5391 3380 5454 oblcctabitur
3398 5392 3658 5454 animus:

2009 5499 2184 5541 aures
2214 5498 2352 5542 vero
2387 5490 2618 5543 nostras
2635 5489 2808 5542 cantu
2831 5481 2992 5543 tibiae
3016 5482 3508 5545 demulcebis.Ad
3533 5483 3663 5545 haec

2007 5580 2204 5630 autem
2240 5569 2549 5633 Philemon
2589 5593 2600 5634 :
2637 5571 2784 5645 Hoc,
2821 5571 3035 5652 inquit,
3070 5572 3309 5646 festum,
3347 5592 3380 5633 o
3415 5591 3660 5653 praises,

2009 5660 2154 5721 mihi
2185 5659 2244 5720 in
2273 5662 2624 5724 memoriam
2677 5661 3340 5742 revocatfestum,quod
3375 5661 3495 5723 illic
3525 5661 3656 5740 agi-

2007 5756 2140 5827 tur;
2172 5750 2362 5816 honor
2399 5769 2530 5815 vero
2591 5761 2648 5815 et
2697 5751 2829 5817 laus
2859 5753 3104 5815 musij
3134 5752 3290 5829 facit,
3327 5759 3386 5813 ut
3413 5750 3647 5814 visione
