  <div class='ocr_page' id='page_1' title='image "/cluster/home/n/w/nwhite01/storage/ocr_20150623/116:no.3/coo.31924054870203/279.png"; bbox 0 0 4148 6422; ppageno 0'>
   <div class='ocr_carea' id='block_1_1' title="bbox 447 350 2083 452">
    <p class='ocr_par' dir='ltr' id='par_1_1' title="bbox 447 350 2044 430">
     <span class='ocr_line' id='line_1_1' title="bbox 447 350 2044 430; baseline 0.007 -13"><span class='ocrx_word' id='word_1_1' title='bbox 447 350 566 418; x_wconf 82' lang='grc'><strong>543</strong></span> <span class='ocrx_word' id='word_1_2' title='bbox 1761 364 2044 430; x_wconf 85' lang='lat' dir='ltr'><strong>MENSIS</strong></span> 
     </span>
    </p>
   </div>
   <div class='ocr_carea' id='block_1_2' title="bbox 2170 350 3829 452">
    <p class='ocr_par' dir='ltr' id='par_1_2' title="bbox 2170 365 3829 452">
     <span class='ocr_line' id='line_1_2' title="bbox 2170 365 3829 452; baseline 0.015 -25"><span class='ocrx_word' id='word_1_3' title='bbox 2170 365 2336 428; x_wconf 72' lang='grc' dir='ltr'><strong>ΞΟΕΜ</strong></span> <span class='ocrx_word' id='word_1_4' title='bbox 2343 369 2512 432; x_wconf 83' lang='lat' dir='ltr'><strong>BER.</strong></span> <span class='ocrx_word' id='word_1_5' title='bbox 3713 385 3829 452; x_wconf 74' lang='grc'><strong>544</strong></span> 
     </span>
    </p>
   </div>
   <div class='ocr_carea' id='block_1_3' title="bbox 445 489 2083 601">
    <p class='ocr_par' dir='ltr' id='par_1_3' title="bbox 445 489 2083 601">
     <span class='ocr_line' id='line_1_3' title="bbox 445 489 2083 601; baseline 0.004 -47"><span class='ocrx_word' id='word_1_6' title='bbox 445 489 892 601; x_wconf 59' lang='lat' dir='ltr'><strong>appreheudam</strong></span> <span class='ocrx_word' id='word_1_7' title='bbox 935 492 1259 601; x_wconf 48' lang='lat' dir='ltr'><strong>apg‘elicam</strong></span> <span class='ocrx_word' id='word_1_8' title='bbox 1299 493 1717 601; x_wconf 34' lang='lat' dir='ltr'><strong>.hymnodiam.‘</strong></span> <span class='ocrx_word' id='word_1_9' title='bbox 1759 499 1923 563; x_wconf 88' lang='lat' dir='ltr'><strong>Scias</strong></span> <span class='ocrx_word' id='word_1_10' title='bbox 1953 517 2083 601; x_wconf 48' lang='lat' dir='ltr'><strong>erga</strong></span> 
     </span>
    </p>
   </div>
   <div class='ocr_carea' id='block_1_4' title="bbox 2170 489 3825 601">
    <p class='ocr_par' dir='ltr' id='par_1_4' title="bbox 2177 502 3825 601">
     <span class='ocr_line' id='line_1_4' title="bbox 2177 502 3825 601; baseline 0.016 -45"><span class='ocrx_word' id='word_1_11' title='bbox 2177 505 2279 601; x_wconf 58' lang='grc' dir='ltr'><strong>τῆς</strong></span> <span class='ocrx_word' id='word_1_12' title='bbox 2318 502 2644 601; x_wconf 35' lang='grc' dir='ltr'>ᾘάγγελικῆς</span> <span class='ocrx_word' id='word_1_13' title='bbox 2698 504 2816 601; x_wconf 78' lang='grc' dir='ltr'>ὂίγει</span> <span class='ocrx_word' id='word_1_14' title='bbox 2889 532 2954 586; x_wconf 87' lang='grc' dir='ltr'><strong>με</strong></span> <span class='ocrx_word' id='word_1_15' title='bbox 3016 509 3299 589; x_wconf 78' lang='grc' dir='ltr'>ὕμνῳδίας.</span> <span class='ocrx_word' id='word_1_16' title='bbox 3359 515 3494 575; x_wconf 78' lang='lat' dir='ltr'><strong>&quot;lo-0t</strong></span> <span class='ocrx_word' id='word_1_17' title='bbox 3547 529 3825 601; x_wconf 76' lang='grc' dir='ltr'><strong>τοιγαροῦν</strong></span> 
     </span>
    </p>
   </div>
   <div class='ocr_carea' id='block_1_5' title="bbox 444 579 2083 690">
    <p class='ocr_par' dir='ltr' id='par_1_5' title="bbox 444 579 2083 664">
     <span class='ocr_line' id='line_1_5' title="bbox 444 579 2083 664; baseline 0.005 -23"><span class='ocrx_word' id='word_1_18' title='bbox 444 579 594 664; x_wconf 86' lang='lat' dir='ltr'><strong>fore,</strong></span> <span class='ocrx_word' id='word_1_19' title='bbox 627 593 693 645; x_wconf 89' lang='lat' dir='ltr'><strong>ut</strong></span> <span class='ocrx_word' id='word_1_20' title='bbox 722 583 940 644; x_wconf 81' lang='lat' dir='ltr'><strong>frustra</strong></span> <span class='ocrx_word' id='word_1_21' title='bbox 971 583 1226 658; x_wconf 84' lang='lat' dir='ltr'><strong>labores,</strong></span> <span class='ocrx_word' id='word_1_22' title='bbox 1265 585 1313 646; x_wconf 88' lang='lat' dir='ltr'><strong>si</strong></span> <span class='ocrx_word' id='word_1_23' title='bbox 1371 606 1466 648; x_wconf 92' lang='lat' dir='ltr'><strong>me</strong></span> <span class='ocrx_word' id='word_1_24' title='bbox 1515 591 1752 652; x_wconf 91' lang='lat' dir='ltr'><strong>coneris</strong></span> <span class='ocrx_word' id='word_1_25' title='bbox 1783 609 1814 651; x_wconf 89' lang='lat' dir='ltr'><strong>a</strong></span> <span class='ocrx_word' id='word_1_26' title='bbox 1848 608 1978 652; x_wconf 89' lang='lat' dir='ltr'><strong>mea</strong></span> <span class='ocrx_word' id='word_1_27' title='bbox 2007 589 2083 651; x_wconf 89' lang='lat' dir='ltr'><strong>di-</strong></span> 
     </span>
    </p>
   </div>
   <div class='ocr_carea' id='block_1_6' title="bbox 2170 579 3824 690">
    <p class='ocr_par' dir='ltr' id='par_1_6' title="bbox 2175 579 3824 690">
     <span class='ocr_line' id='line_1_6' title="bbox 2175 579 3824 690; baseline 0.013 -42"><span class='ocrx_word' id='word_1_28' title='bbox 2175 592 2255 648; x_wconf 78' lang='grc' dir='ltr'><strong>ὅτι</strong></span> <span class='ocrx_word' id='word_1_29' title='bbox 2311 592 2556 673; x_wconf 73' lang='grc' dir='ltr'>ἄπρακτα</span> <span class='ocrx_word' id='word_1_30' title='bbox 2603 597 2858 667; x_wconf 75' lang='grc' dir='ltr'><strong>πονήσεις</strong></span> <span class='ocrx_word' id='word_1_31' title='bbox 2910 601 3006 674; x_wconf 77' lang='grc' dir='ltr'><strong>ἐμὲ</strong></span> <span class='ocrx_word' id='word_1_32' title='bbox 3080 605 3421 677; x_wconf 88' lang='grc' dir='ltr'>μεταπείσειν</span> <span class='ocrx_word' id='word_1_33' title='bbox 3479 579 3772 690; x_wconf 66' lang='grc' dir='ltr'>ἐπιχείρῶν</span> <span class='ocrx_word' id='word_1_34' title='bbox 3807 631 3824 649; x_wconf 84' lang='grc'>⁶</span> 
     </span>
    </p>
   </div>
   <div class='ocr_carea' id='block_1_7' title="bbox 443 673 2083 777">
    <p class='ocr_par' dir='ltr' id='par_1_7' title="bbox 443 673 2083 760">
     <span class='ocr_line' id='line_1_7' title="bbox 443 673 2083 760; baseline 0.003 -25"><span class='ocrx_word' id='word_1_35' title='bbox 443 692 687 735; x_wconf 89' lang='lat' dir='ltr'><strong>movere</strong></span> <span class='ocrx_word' id='word_1_36' title='bbox 718 673 1013 735; x_wconf 78' lang='lat' dir='ltr'><strong>sententia</strong></span> <span class='ocrx_word' id='word_1_37' title='bbox 1048 692 1060 732; x_wconf 93' lang='lat'>:</span> <span class='ocrx_word' id='word_1_38' title='bbox 1100 693 1294 756; x_wconf 88' lang='lat' dir='ltr'><strong>neque</strong></span> <span class='ocrx_word' id='word_1_39' title='bbox 1319 694 1458 737; x_wconf 90' lang='lat' dir='ltr'><strong>vero</strong></span> <span class='ocrx_word' id='word_1_40' title='bbox 1489 678 1680 740; x_wconf 90' lang='lat' dir='ltr'><strong>solum</strong></span> <span class='ocrx_word' id='word_1_41' title='bbox 1718 678 1866 741; x_wconf 84' lang='lat' dir='ltr'><strong>nihil</strong></span> <span class='ocrx_word' id='word_1_42' title='bbox 1905 679 2083 760; x_wconf 84' lang='lat' dir='ltr'><strong>proﬁ-</strong></span> 
     </span>
    </p>
   </div>
   <div class='ocr_carea' id='block_1_8' title="bbox 2170 673 3821 777">
    <p class='ocr_par' dir='ltr' id='par_1_8' title="bbox 2174 673 3821 777">
     <span class='ocr_line' id='line_1_8' title="bbox 2174 673 3821 777; baseline 0.014 -40"><span class='ocrx_word' id='word_1_43' title='bbox 2174 683 2261 738; x_wconf 85' lang='grc' dir='ltr'><strong>καὶ</strong></span> <span class='ocrx_word' id='word_1_44' title='bbox 2322 682 2381 740; x_wconf 75' lang='grc' dir='ltr'>οὗ</span> <span class='ocrx_word' id='word_1_45' title='bbox 2437 683 2599 757; x_wconf 85' lang='grc' dir='ltr'>μόνον</span> <span class='ocrx_word' id='word_1_46' title='bbox 2661 684 2807 743; x_wconf 68' lang='grc' dir='ltr'>οὐδὲν</span> <span class='ocrx_word' id='word_1_47' title='bbox 2866 689 3098 767; x_wconf 70' lang='grc' dir='ltr'>ίινίίσεις,</span> <span class='ocrx_word' id='word_1_48' title='bbox 3147 691 3283 750; x_wconf 78' lang='grc' dir='ltr'>ἀλλὰ</span> <span class='ocrx_word' id='word_1_49' title='bbox 3341 696 3429 752; x_wconf 86' lang='grc' dir='ltr'><strong>καὶ</strong></span> <span class='ocrx_word' id='word_1_50' title='bbox 3479 673 3699 757; x_wconf 58' lang='grc' dir='ltr'>πλείονα</span> <span class='ocrx_word' id='word_1_51' title='bbox 3729 724 3821 777; x_wconf 89' lang='grc' dir='ltr'><strong>μοι</strong></span> 
     </span>
    </p>
   </div>
   <div class='ocr_carea' id='block_1_9' title="bbox 443 763 2083 865">
    <p class='ocr_par' dir='ltr' id='par_1_9' title="bbox 443 763 2083 865">
     <span class='ocr_line' id='line_1_9' title="bbox 443 763 2083 865; baseline 0.002 -38"><span class='ocrx_word' id='word_1_52' title='bbox 443 763 721 865; x_wconf 36' lang='grc' dir='ltr'>οἱεεηεεςι</span> <span class='ocrx_word' id='word_1_53' title='bbox 755 763 929 865; x_wconf 72' lang='lat' dir='ltr'><strong>etiam</strong></span> <span class='ocrx_word' id='word_1_54' title='bbox 956 768 1152 843; x_wconf 86' lang='lat' dir='ltr'><strong>majus</strong></span> <span class='ocrx_word' id='word_1_55' title='bbox 1176 767 1317 828; x_wconf 92' lang='lat' dir='ltr'><strong>mihi</strong></span> <span class='ocrx_word' id='word_1_56' title='bbox 1344 767 1747 865; x_wconf 42' lang='lat' dir='ltr'><strong>inhChristnm</strong></span> <span class='ocrx_word' id='word_1_57' title='bbox 1795 769 2083 832; x_wconf 83' lang='lat' dir='ltr'><strong>accendes</strong></span> 
     </span>
    </p>
   </div>
   <div class='ocr_carea' id='block_1_10' title="bbox 2170 763 3819 865">
    <p class='ocr_par' dir='ltr' id='par_1_10' title="bbox 2174 763 3819 865">
     <span class='ocr_line' id='line_1_10' title="bbox 2174 763 3819 865; baseline 0.012 -39"><span class='ocrx_word' id='word_1_58' title='bbox 2174 773 2574 865; x_wconf 82' lang='grc' dir='ltr'>Χριστὸν</span> <span class='ocrx_word' id='word_1_59' title='bbox 2633 775 2855 852; x_wconf 79' lang='grc' dir='ltr'><strong>ἀνάψεις</strong></span> <span class='ocrx_word' id='word_1_60' title='bbox 2911 781 3005 836; x_wconf 81' lang='grc' dir='ltr'><strong>τὸν</strong></span> <span class='ocrx_word' id='word_1_61' title='bbox 3059 763 3240 845; x_wconf 78' lang='grc' dir='ltr'>πόθον.</span> <span class='ocrx_word' id='word_1_62' title='bbox 3305 786 3402 843; x_wconf 77' lang='grc' dir='ltr'>Καὶ</span> <span class='ocrx_word' id='word_1_63' title='bbox 3459 789 3488 843; x_wconf 99' lang='lat'><strong>6</strong></span> <span class='ocrx_word' id='word_1_64' title='bbox 3549 763 3770 865; x_wconf 60' lang='grc' dir='ltr'>ἡγεμιίίν</span> <span class='ocrx_word' id='word_1_65' title='bbox 3804 811 3819 827; x_wconf 87' lang='grc'><strong>·</strong></span> 
     </span>
    </p>
   </div>
   <div class='ocr_carea' id='block_1_11' title="bbox 443 853 2083 954">
    <p class='ocr_par' dir='ltr' id='par_1_11' title="bbox 443 853 2083 934">
     <span class='ocr_line' id='line_1_11' title="bbox 443 853 2083 934; baseline 0.003 -19"><span class='ocrx_word' id='word_1_66' title='bbox 443 853 833 916; x_wconf 84' lang='lat' dir='ltr'><strong>desiderium.</strong></span> <span class='ocrx_word' id='word_1_67' title='bbox 870 856 1096 917; x_wconf 72' lang='lat' dir='ltr'><strong>Praeses</strong></span> <span class='ocrx_word' id='word_1_68' title='bbox 1123 868 1320 917; x_wconf 86' lang='lat' dir='ltr'><strong>autem</strong></span> <span class='ocrx_word' id='word_1_69' title='bbox 1358 875 1370 916; x_wconf 90' lang='lat'><strong>:</strong></span> <span class='ocrx_word' id='word_1_70' title='bbox 1407 856 1525 919; x_wconf 85' lang='lat' dir='ltr'><strong>Sed</strong></span> <span class='ocrx_word' id='word_1_71' title='bbox 1575 859 1688 919; x_wconf 84' lang='lat' dir='ltr'><strong>etsi</strong></span> <span class='ocrx_word' id='word_1_72' title='bbox 1742 861 1966 934; x_wconf 87' lang='lat' dir='ltr'><strong>omnia,</strong></span> <span class='ocrx_word' id='word_1_73' title='bbox 2027 868 2083 921; x_wconf 89' lang='lat' dir='ltr'><strong>ut</strong></span> 
     </span>
    </p>
   </div>
   <div class='ocr_carea' id='block_1_12' title="bbox 2170 853 3822 954">
    <p class='ocr_par' dir='ltr' id='par_1_12' title="bbox 2177 853 3822 954">
     <span class='ocr_line' id='line_1_12' title="bbox 2177 853 3822 954; baseline 0.011 -37"><span class='ocrx_word' id='word_1_74' title='bbox 2177 861 2325 954; x_wconf 84' lang='grc' dir='ltr'>Ἀλλ’</span> <span class='ocrx_word' id='word_1_75' title='bbox 2371 864 2427 954; x_wconf 10' lang='grc' dir='ltr'>εἰ,</span> <span class='ocrx_word' id='word_1_76' title='bbox 2459 864 2555 954; x_wconf 59' lang='grc' dir='ltr'>καὶ</span> <span class='ocrx_word' id='word_1_77' title='bbox 2587 865 2784 946; x_wconf 83' lang='grc' dir='ltr'>πάντα,</span> <span class='ocrx_word' id='word_1_78' title='bbox 2844 868 3022 948; x_wconf 80' lang='grc' dir='ltr'>ὥσπερ</span> <span class='ocrx_word' id='word_1_79' title='bbox 3079 871 3236 952; x_wconf 73' lang='grc' dir='ltr'>ἔφης,</span> <span class='ocrx_word' id='word_1_80' title='bbox 3297 872 3380 930; x_wconf 72' lang='grc' dir='ltr'><strong>διὰ</strong></span> <span class='ocrx_word' id='word_1_81' title='bbox 3422 853 3822 954; x_wconf 37' lang='grc' dir='ltr'>Χριστδνιὺπο-</span> 
     </span>
    </p>
   </div>
   <div class='ocr_carea' id='block_1_13' title="bbox 443 943 2087 1026">
    <p class='ocr_par' dir='ltr' id='par_1_13' title="bbox 443 943 2087 1026">
     <span class='ocr_line' id='line_1_13' title="bbox 443 943 2087 1026; baseline 0.001 -20"><span class='ocrx_word' id='word_1_82' title='bbox 443 945 666 1018; x_wconf 81' lang='lat' dir='ltr'><strong>dixisti,</strong></span> <span class='ocrx_word' id='word_1_83' title='bbox 707 943 956 1005; x_wconf 87' lang='lat' dir='ltr'><strong>molesta</strong></span> <span class='ocrx_word' id='word_1_84' title='bbox 987 953 1044 1007; x_wconf 92' lang='lat' dir='ltr'><strong>et</strong></span> <span class='ocrx_word' id='word_1_85' title='bbox 1073 946 1270 1024; x_wconf 83' lang='lat' dir='ltr'><strong>gravia</strong></span> <span class='ocrx_word' id='word_1_86' title='bbox 1297 956 1541 1026; x_wconf 82' lang='lat' dir='ltr'><strong>propter</strong></span> <span class='ocrx_word' id='word_1_87' title='bbox 1573 947 1869 1010; x_wconf 84' lang='lat' dir='ltr'><strong>Christum</strong></span> <span class='ocrx_word' id='word_1_88' title='bbox 1902 949 2087 1009; x_wconf 85' lang='lat' dir='ltr'><strong>susti-</strong></span> 
     </span>
    </p>
   </div>
   <div class='ocr_carea' id='block_1_14' title="bbox 441 1033 2088 1118">
    <p class='ocr_par' dir='ltr' id='par_1_14' title="bbox 441 1033 2088 1118">
     <span class='ocr_line' id='line_1_14' title="bbox 441 1033 2088 1118; baseline 0.002 -22"><span class='ocrx_word' id='word_1_89' title='bbox 441 1034 668 1106; x_wconf 84' lang='lat' dir='ltr'><strong>nueris,</strong></span> <span class='ocrx_word' id='word_1_90' title='bbox 705 1033 847 1114; x_wconf 87' lang='lat' dir='ltr'><strong>quid</strong></span> <span class='ocrx_word' id='word_1_91' title='bbox 879 1035 1016 1096; x_wconf 89' lang='lat' dir='ltr'><strong>hinc</strong></span> <span class='ocrx_word' id='word_1_92' title='bbox 1079 1035 1458 1099; x_wconf 62' lang='lat' dir='ltr'><strong>lucril&#39;icies?</strong></span> <span class='ocrx_word' id='word_1_93' title='bbox 1526 1039 1729 1118; x_wconf 78' lang='lat' dir='ltr'><strong>Neque</strong></span> <span class='ocrx_word' id='word_1_94' title='bbox 1761 1039 1947 1114; x_wconf 91' lang='lat' dir='ltr'><strong>enim,</strong></span> <span class='ocrx_word' id='word_1_95' title='bbox 1981 1040 2088 1100; x_wconf 84' lang='lat' dir='ltr'><strong>etsi</strong></span> 
     </span>
    </p>
   </div>
   <div class='ocr_carea' id='block_1_15' title="bbox 442 1123 2090 1208">
    <p class='ocr_par' dir='ltr' id='par_1_15' title="bbox 442 1123 2090 1208">
     <span class='ocr_line' id='line_1_15' title="bbox 442 1123 2090 1208; baseline 0.002 -22"><span class='ocrx_word' id='word_1_96' title='bbox 442 1124 639 1186; x_wconf 89' lang='lat' dir='ltr'><strong>omnia</strong></span> <span class='ocrx_word' id='word_1_97' title='bbox 672 1123 790 1204; x_wconf 90' lang='lat' dir='ltr'><strong>pati</strong></span> <span class='ocrx_word' id='word_1_98' title='bbox 840 1124 1118 1203; x_wconf 84' lang='lat' dir='ltr'><strong>elegeris,</strong></span> <span class='ocrx_word' id='word_1_99' title='bbox 1172 1143 1271 1188; x_wconf 91' lang='lat' dir='ltr'><strong>res</strong></span> <span class='ocrx_word' id='word_1_100' title='bbox 1325 1126 1431 1188; x_wconf 89' lang='lat' dir='ltr'><strong>tibi</strong></span> <span class='ocrx_word' id='word_1_101' title='bbox 1463 1128 1746 1189; x_wconf 85' lang='lat' dir='ltr'><strong>succedet</strong></span> <span class='ocrx_word' id='word_1_102' title='bbox 1775 1129 1848 1190; x_wconf 84' lang='lat' dir='ltr'><strong>ad</strong></span> <span class='ocrx_word' id='word_1_103' title='bbox 1880 1137 2090 1208; x_wconf 83' lang='lat' dir='ltr'><strong>marty-</strong></span> 
     </span>
    </p>
   </div>
   <div class='ocr_carea' id='block_1_16' title="bbox 434 1212 2092 1298">
    <p class='ocr_par' dir='ltr' id='par_1_16' title="bbox 434 1212 2092 1298">
     <span class='ocr_line' id='line_1_16' title="bbox 434 1212 2092 1298; baseline 0.002 -23"><span class='ocrx_word' id='word_1_104' title='bbox 434 1212 766 1277; x_wconf 89' lang='lat' dir='ltr'><strong>rium.Nam</strong></span> <span class='ocrx_word' id='word_1_105' title='bbox 796 1233 992 1295; x_wconf 89' lang='lat' dir='ltr'><strong>neque</strong></span> <span class='ocrx_word' id='word_1_106' title='bbox 1017 1215 1206 1277; x_wconf 81' lang='lat' dir='ltr'><strong>factus</strong></span> <span class='ocrx_word' id='word_1_107' title='bbox 1229 1235 1292 1278; x_wconf 93' lang='lat' dir='ltr'><strong>es</strong></span> <span class='ocrx_word' id='word_1_108' title='bbox 1317 1216 1563 1278; x_wconf 90' lang='lat' dir='ltr'><strong>omnino</strong></span> <span class='ocrx_word' id='word_1_109' title='bbox 1586 1217 2092 1298; x_wconf 85' lang='lat' dir='ltr'><strong>Christianus,ne-</strong></span> 
     </span>
    </p>
   </div>
   <div class='ocr_carea' id='block_1_17' title="bbox 439 1303 2091 1386">
    <p class='ocr_par' dir='ltr' id='par_1_17' title="bbox 439 1303 2091 1386">
     <span class='ocr_line' id='line_1_17' title="bbox 439 1303 2091 1386; baseline 0.001 -20"><span class='ocrx_word' id='word_1_110' title='bbox 439 1322 557 1383; x_wconf 87' lang='lat' dir='ltr'><strong>que</strong></span> <span class='ocrx_word' id='word_1_111' title='bbox 584 1304 872 1386; x_wconf 84' lang='lat' dir='ltr'><strong>accepisti</strong></span> <span class='ocrx_word' id='word_1_112' title='bbox 903 1303 1726 1385; x_wconf 87' lang='lat' dir='ltr'><strong>baptismum,convenienter</strong></span> <span class='ocrx_word' id='word_1_113' title='bbox 1746 1307 1984 1369; x_wconf 90' lang='lat' dir='ltr'><strong>illorum</strong></span> <span class='ocrx_word' id='word_1_114' title='bbox 2010 1306 2091 1369; x_wconf 86' lang='lat' dir='ltr'><strong>le-</strong></span> 
     </span>
    </p>
   </div>
   <div class='ocr_carea' id='block_1_18' title="bbox 2172 951 3822 1049">
    <p class='ocr_par' dir='ltr' id='par_1_18' title="bbox 2172 951 3822 1049">
     <span class='ocr_line' id='line_1_18' title="bbox 2172 951 3822 1049; baseline 0.012 -43"><span class='ocrx_word' id='word_1_115' title='bbox 2172 953 2346 1049; x_wconf 73' lang='grc' dir='ltr'>στήσῃ</span> <span class='ocrx_word' id='word_1_116' title='bbox 2377 953 2441 1011; x_wconf 76' lang='grc' dir='ltr'><strong>τά</strong></span> <span class='ocrx_word' id='word_1_117' title='bbox 2477 951 2710 1033; x_wconf 75' lang='grc' dir='ltr'>λυπηρὰ,</span> <span class='ocrx_word' id='word_1_118' title='bbox 2755 957 2807 1013; x_wconf 87' lang='grc' dir='ltr'><strong>τί</strong></span> <span class='ocrx_word' id='word_1_119' title='bbox 2847 960 2906 1014; x_wconf 86' lang='grc' dir='ltr'>τὸ</span> <span class='ocrx_word' id='word_1_120' title='bbox 2963 951 3141 1038; x_wconf 74' lang='grc' dir='ltr'>κέρδος</span> <span class='ocrx_word' id='word_1_121' title='bbox 3191 961 3424 1020; x_wconf 78' lang='grc' dir='ltr'>ἑντεῦθεν</span> <span class='ocrx_word' id='word_1_122' title='bbox 3471 951 3605 1032; x_wconf 22' lang='grc' dir='ltr'>ϋέξεις</span> <span class='ocrx_word' id='word_1_123' title='bbox 3643 988 3659 1049; x_wconf 70' lang='grc' dir='ltr'><strong>ς</strong></span> <span class='ocrx_word' id='word_1_124' title='bbox 3693 967 3822 1028; x_wconf 75' lang='grc' dir='ltr'>Οὒδὲ</span> 
     </span>
    </p>
   </div>
   <div class='ocr_carea' id='block_1_19' title="bbox 2173 1041 3822 1135">
    <p class='ocr_par' dir='ltr' id='par_1_19' title="bbox 2173 1041 3822 1135">
     <span class='ocr_line' id='line_1_19' title="bbox 2173 1041 3822 1135; baseline 0.012 -40"><span class='ocrx_word' id='word_1_125' title='bbox 2173 1041 2272 1118; x_wconf 80' lang='grc' dir='ltr'><strong>γὰρ</strong></span> <span class='ocrx_word' id='word_1_126' title='bbox 2316 1042 2390 1104; x_wconf 76' lang='grc' dir='ltr'><strong>είς</strong></span> <span class='ocrx_word' id='word_1_127' title='bbox 2435 1042 2714 1122; x_wconf 63' lang='grc' dir='ltr'>μαρτύριόν</span> <span class='ocrx_word' id='word_1_128' title='bbox 2775 1071 2858 1104; x_wconf 88' lang='grc' dir='ltr'><strong>σοι</strong></span> <span class='ocrx_word' id='word_1_129' title='bbox 2915 1050 2976 1105; x_wconf 81' lang='grc' dir='ltr'>τὸ</span> <span class='ocrx_word' id='word_1_130' title='bbox 3041 1058 3286 1130; x_wconf 80' lang='grc' dir='ltr'>πρᾶγμα,</span> <span class='ocrx_word' id='word_1_131' title='bbox 3334 1055 3432 1109; x_wconf 78' lang='grc' dir='ltr'>κᾶν</span> <span class='ocrx_word' id='word_1_132' title='bbox 3489 1041 3664 1114; x_wconf 75' lang='grc' dir='ltr'>πάντα</span> <span class='ocrx_word' id='word_1_133' title='bbox 3724 1059 3822 1135; x_wconf 78' lang='grc' dir='ltr'>’ἑλη</span> 
     </span>
    </p>
   </div>
   <div class='ocr_carea' id='block_1_20' title="bbox 2173 1132 3823 1224">
    <p class='ocr_par' dir='ltr' id='par_1_20' title="bbox 2173 1132 3823 1224">
     <span class='ocr_line' id='line_1_20' title="bbox 2173 1132 3823 1224; baseline 0.013 -40"><span class='ocrx_word' id='word_1_134' title='bbox 2173 1133 2386 1205; x_wconf 78' lang='grc' dir='ltr'>παθεῖν,</span> <span class='ocrx_word' id='word_1_135' title='bbox 2410 1219 2418 1224; x_wconf 31' lang='grc' dir='ltr'>ι</span> <span class='ocrx_word' id='word_1_136' title='bbox 2441 1132 2770 1204; x_wconf 77' lang='grc' dir='ltr'>ὰποϐήσεταί</span> <span class='ocrx_word' id='word_1_137' title='bbox 2803 1152 2818 1168; x_wconf 85' lang='grc'><strong><em>⁸</em></strong></span> <span class='ocrx_word' id='word_1_138' title='bbox 2874 1136 2989 1193; x_wconf 83' lang='grc' dir='ltr'>ἐπεὶ</span> <span class='ocrx_word' id='word_1_139' title='bbox 3038 1138 3156 1196; x_wconf 68' lang='grc' dir='ltr'>οὔτε</span> <span class='ocrx_word' id='word_1_140' title='bbox 3202 1146 3516 1220; x_wconf 82' lang='grc' dir='ltr'>Χριστιανὸς</span> <span class='ocrx_word' id='word_1_141' title='bbox 3547 1146 3694 1219; x_wconf 82' lang='grc' dir='ltr'>ὅμως</span> <span class='ocrx_word' id='word_1_142' title='bbox 3725 1132 3823 1224; x_wconf 51' lang='grc' dir='ltr'>γεέ-</span> 
     </span>
    </p>
   </div>
   <div class='ocr_carea' id='block_1_21' title="bbox 2175 1219 3826 1314">
    <p class='ocr_par' dir='ltr' id='par_1_21' title="bbox 2175 1219 3826 1314">
     <span class='ocr_line' id='line_1_21' title="bbox 2175 1219 3826 1314; baseline 0.013 -41"><span class='ocrx_word' id='word_1_143' title='bbox 2175 1241 2332 1296; x_wconf 83' lang='grc' dir='ltr'>γονας</span> <span class='ocrx_word' id='word_1_144' title='bbox 2363 1219 2479 1278; x_wconf 68' lang='grc' dir='ltr'>οὔτε</span> <span class='ocrx_word' id='word_1_145' title='bbox 2513 1224 2620 1299; x_wconf 80' lang='grc' dir='ltr'><strong>μὴν</strong></span> <span class='ocrx_word' id='word_1_146' title='bbox 2650 1225 2786 1283; x_wconf 83' lang='grc' dir='ltr'>κατὰ</span> <span class='ocrx_word' id='word_1_147' title='bbox 2818 1227 2938 1290; x_wconf 85' lang='grc' dir='ltr'>τοὺς</span> <span class='ocrx_word' id='word_1_148' title='bbox 2971 1227 3184 1287; x_wconf 81' lang='grc' dir='ltr'>ἐκείνων</span> <span class='ocrx_word' id='word_1_149' title='bbox 3216 1219 3407 1310; x_wconf 86' lang='grc' dir='ltr'>νόμους</span> <span class='ocrx_word' id='word_1_150' title='bbox 3457 1236 3518 1291; x_wconf 82' lang='grc' dir='ltr'>τὸ</span> <span class='ocrx_word' id='word_1_151' title='bbox 3547 1219 3826 1314; x_wconf 71' lang='grc' dir='ltr'>βάπτισμα</span> 
     </span>
    </p>
   </div>
   <div class='ocr_carea' id='block_1_22' title="bbox 2175 1308 2428 1390">
    <p class='ocr_par' dir='ltr' id='par_1_22' title="bbox 2175 1308 2428 1390">
     <span class='ocr_line' id='line_1_22' title="bbox 2175 1308 2428 1390; baseline 0.004 -26"><span class='ocrx_word' id='word_1_152' title='bbox 2175 1308 2428 1390; x_wconf 69' lang='grc' dir='ltr'>εἴληφας,</span> 
     </span>
    </p>
   </div>
   <div class='ocr_carea' id='block_1_23' title="bbox 439 1393 636 1476">
    <p class='ocr_par' dir='ltr' id='par_1_23' title="bbox 439 1393 636 1476">
     <span class='ocr_line' id='line_1_23' title="bbox 439 1393 636 1476; baseline -0.01 -20"><span class='ocrx_word' id='word_1_153' title='bbox 439 1393 636 1476; x_wconf 76' lang='lat' dir='ltr'><strong>gibus.</strong></span> 
     </span>
    </p>
   </div>
   <div class='ocr_carea' id='block_1_24' title="bbox 515 1483 2083 1584">
    <p class='ocr_par' dir='ltr' id='par_1_24' title="bbox 515 1483 2083 1584">
     <span class='ocr_line' id='line_1_24' title="bbox 515 1483 2083 1584; baseline 0 -35"><span class='ocrx_word' id='word_1_154' title='bbox 515 1483 903 1584; x_wconf 54' lang='lat' dir='ltr'><strong>XXXIIJIoc</strong></span> <span class='ocrx_word' id='word_1_155' title='bbox 933 1494 1260 1584; x_wconf 72' lang='lat' dir='ltr'><strong>postquam</strong></span> <span class='ocrx_word' id='word_1_156' title='bbox 1274 1488 1503 1550; x_wconf 90' lang='lat' dir='ltr'><strong>audivit</strong></span> <span class='ocrx_word' id='word_1_157' title='bbox 1522 1487 2083 1584; x_wconf 29' lang='lat' dir='ltr'><strong>-Philemon,excla-</strong></span> 
     </span>
    </p>
   </div>
   <div class='ocr_carea' id='block_1_25' title="bbox 2170 1483 3827 1584">
    <p class='ocr_par' dir='ltr' id='par_1_25' title="bbox 2257 1485 3827 1584">
     <span class='ocr_line' id='line_1_25' title="bbox 2257 1485 3827 1584; baseline 0.013 -38"><span class='ocrx_word' id='word_1_158' title='bbox 2257 1489 2382 1554; x_wconf 85' lang='lat' dir='ltr'><strong>AB&#39;.</strong></span> <span class='ocrx_word' id='word_1_159' title='bbox 2417 1499 2581 1551; x_wconf 79' lang='grc' dir='ltr'>Τοῦτο</span> <span class='ocrx_word' id='word_1_160' title='bbox 2634 1494 2896 1573; x_wconf 79' lang='grc' dir='ltr'>Φιλήμων</span> <span class='ocrx_word' id='word_1_161' title='bbox 2943 1503 3014 1566; x_wconf 83' lang='grc' dir='ltr'>ὡς</span> <span class='ocrx_word' id='word_1_162' title='bbox 3051 1501 3297 1577; x_wconf 72' lang='grc' dir='ltr'>ἤκουσεν,</span> <span class='ocrx_word' id='word_1_163' title='bbox 3339 1485 3419 1559; x_wconf 62' lang='grc' dir='ltr'><strong>’Ὠ</strong></span> <span class='ocrx_word' id='word_1_164' title='bbox 3451 1513 3546 1564; x_wconf 77' lang='grc' dir='ltr'>τοῦ</span> <span class='ocrx_word' id='word_1_165' title='bbox 3576 1529 3827 1584; x_wconf 80' lang='grc' dir='ltr'>πνευμα-</span> 
     </span>
    </p>
   </div>
   <div class='ocr_carea' id='block_1_26' title="bbox 439 1575 2083 1675">
    <p class='ocr_par' dir='ltr' id='par_1_26' title="bbox 439 1575 2083 1659">
     <span class='ocr_line' id='line_1_26' title="bbox 439 1575 2083 1659; baseline 0 -21"><span class='ocrx_word' id='word_1_166' title='bbox 439 1577 621 1641; x_wconf 87' lang='lat' dir='ltr'><strong>mavit</strong></span> <span class='ocrx_word' id='word_1_167' title='bbox 654 1594 668 1640; x_wconf 92' lang='lat'><strong>:</strong></span> <span class='ocrx_word' id='word_1_168' title='bbox 701 1575 750 1640; x_wconf 91' lang='grc' dir='ltr'>Ο</span> <span class='ocrx_word' id='word_1_169' title='bbox 781 1582 978 1653; x_wconf 78' lang='lat' dir='ltr'><strong>ignem</strong></span> <span class='ocrx_word' id='word_1_170' title='bbox 1034 1577 1388 1657; x_wconf 83' lang='lat' dir='ltr'><strong>spiritalem,</strong></span> <span class='ocrx_word' id='word_1_171' title='bbox 1437 1579 1533 1659; x_wconf 90' lang='lat' dir='ltr'><strong>qui</strong></span> <span class='ocrx_word' id='word_1_172' title='bbox 1587 1596 1878 1642; x_wconf 88' lang='lat' dir='ltr'><strong>accensus</strong></span> <span class='ocrx_word' id='word_1_173' title='bbox 1909 1596 1972 1640; x_wconf 91' lang='lat' dir='ltr'><strong>es</strong></span> <span class='ocrx_word' id='word_1_174' title='bbox 2030 1577 2083 1638; x_wconf 91' lang='lat' dir='ltr'><strong>in</strong></span> 
     </span>
    </p>
   </div>
   <div class='ocr_carea' id='block_1_27' title="bbox 2170 1575 3822 1675">
    <p class='ocr_par' dir='ltr' id='par_1_27' title="bbox 2170 1575 3822 1675">
     <span class='ocr_line' id='line_1_27' title="bbox 2170 1575 3822 1675; baseline 0.005 -40"><span class='ocrx_word' id='word_1_175' title='bbox 2170 1591 2319 1640; x_wconf 82' lang='grc' dir='ltr'>τικοῦ</span> <span class='ocrx_word' id='word_1_176' title='bbox 2362 1584 2548 1661; x_wconf 75' lang='grc' dir='ltr'>πυρὸς,</span> <span class='ocrx_word' id='word_1_177' title='bbox 2611 1584 2920 1671; x_wconf 76' lang='grc' dir='ltr'>ἀνεϐόησεν,</span> <span class='ocrx_word' id='word_1_178' title='bbox 2979 1589 3007 1646; x_wconf 82' lang='grc' dir='ltr'>ὅ</span> <span class='ocrx_word' id='word_1_179' title='bbox 3052 1605 3174 1656; x_wconf 77' lang='grc' dir='ltr'>ταῖς</span> <span class='ocrx_word' id='word_1_180' title='bbox 3207 1592 3367 1666; x_wconf 75' lang='grc' dir='ltr'>ἐμαῖς</span> <span class='ocrx_word' id='word_1_181' title='bbox 3399 1597 3579 1675; x_wconf 76' lang='grc' dir='ltr'>φρεσὶν</span> <span class='ocrx_word' id='word_1_182' title='bbox 3607 1575 3822 1666; x_wconf 28' lang='grc' dir='ltr'>ύπαηνῆ..</span> 
     </span>
    </p>
   </div>
   <div class='ocr_carea' id='block_1_28' title="bbox 436 1667 2083 1764">
    <p class='ocr_par' dir='ltr' id='par_1_28' title="bbox 436 1667 2082 1764">
     <span class='ocr_line' id='line_1_28' title="bbox 436 1667 2082 1764; baseline 0 -36"><span class='ocrx_word' id='word_1_183' title='bbox 436 1667 592 1764; x_wconf 81' lang='lat' dir='ltr'><strong>meis</strong></span> <span class='ocrx_word' id='word_1_184' title='bbox 618 1667 986 1764; x_wconf 53' lang='lat' dir='ltr'><strong>praecordiis,</strong></span> <span class='ocrx_word' id='word_1_185' title='bbox 1044 1675 1330 1764; x_wconf 80' lang='lat' dir='ltr'><strong>quantum</strong></span> <span class='ocrx_word' id='word_1_186' title='bbox 1381 1668 1488 1728; x_wconf 85' lang='lat' dir='ltr'><strong>tibi</strong></span> <span class='ocrx_word' id='word_1_187' title='bbox 1523 1667 1742 1764; x_wconf 82' lang='lat' dir='ltr'><strong>debeo,</strong></span> <span class='ocrx_word' id='word_1_188' title='bbox 1775 1688 1808 1728; x_wconf 95' lang='lat' dir='ltr'><strong>o</strong></span> <span class='ocrx_word' id='word_1_189' title='bbox 1841 1685 2082 1764; x_wconf 40' lang='lat' dir='ltr'><strong>pws-es,</strong></span> 
     </span>
    </p>
   </div>
   <div class='ocr_carea' id='block_1_29' title="bbox 2170 1667 3818 1764">
    <p class='ocr_par' dir='ltr' id='par_1_29' title="bbox 2173 1667 3818 1764">
     <span class='ocr_line' id='line_1_29' title="bbox 2173 1667 3818 1764; baseline 0.012 -39"><span class='ocrx_word' id='word_1_190' title='bbox 2173 1675 2276 1764; x_wconf 58' lang='grc' dir='ltr'>ιξιας</span> <span class='ocrx_word' id='word_1_191' title='bbox 2311 1694 2323 1704; x_wconf 70' lang='grc' dir='ltr'><strong>ο</strong></span> <span class='ocrx_word' id='word_1_192' title='bbox 2359 1674 2430 1737; x_wconf 87' lang='grc' dir='ltr'>ὡς</span> <span class='ocrx_word' id='word_1_193' title='bbox 2462 1672 2665 1764; x_wconf 79' lang='grc' dir='ltr'>πολλὰς</span> <span class='ocrx_word' id='word_1_194' title='bbox 2723 1667 2917 1758; x_wconf 80' lang='grc' dir='ltr'>ὀφείλω</span> <span class='ocrx_word' id='word_1_195' title='bbox 2974 1702 3057 1736; x_wconf 86' lang='grc' dir='ltr'><strong>σοι</strong></span> <span class='ocrx_word' id='word_1_196' title='bbox 3121 1683 3216 1747; x_wconf 73' lang='grc' dir='ltr'><strong>τας</strong></span> <span class='ocrx_word' id='word_1_197' title='bbox 3274 1667 3530 1762; x_wconf 73' lang='grc' dir='ltr'>χάριτας,</span> <span class='ocrx_word' id='word_1_198' title='bbox 3572 1687 3818 1764; x_wconf 71' lang='grc' dir='ltr'>ἧγεμὼν,</span> 
     </span>
    </p>
   </div>
   <div class='ocr_carea' id='block_1_30' title="bbox 436 1756 2083 1854">
    <p class='ocr_par' dir='ltr' id='par_1_30' title="bbox 436 1756 2083 1837">
     <span class='ocr_line' id='line_1_30' title="bbox 436 1756 2083 1837; baseline 0.002 -24"><span class='ocrx_word' id='word_1_199' title='bbox 436 1756 595 1837; x_wconf 88' lang='lat' dir='ltr'><strong>quod</strong></span> <span class='ocrx_word' id='word_1_200' title='bbox 623 1775 716 1818; x_wconf 92' lang='lat' dir='ltr'><strong>me</strong></span> <span class='ocrx_word' id='word_1_201' title='bbox 742 1757 917 1818; x_wconf 91' lang='lat' dir='ltr'><strong>etiam</strong></span> <span class='ocrx_word' id='word_1_202' title='bbox 945 1756 1161 1817; x_wconf 86' lang='lat' dir='ltr'><strong>invitus</strong></span> <span class='ocrx_word' id='word_1_203' title='bbox 1182 1756 1454 1820; x_wconf 83' lang='lat' dir='ltr'><strong>maximis</strong></span> <span class='ocrx_word' id='word_1_204' title='bbox 1477 1757 1725 1819; x_wconf 72' lang='lat' dir='ltr'><strong>effecisti</strong></span> <span class='ocrx_word' id='word_1_205' title='bbox 1751 1756 2083 1831; x_wconf 79' lang='lat' dir='ltr'><strong>beneficiis,</strong></span> 
     </span>
    </p>
   </div>
   <div class='ocr_carea' id='block_1_31' title="bbox 2170 1756 3824 1854">
    <p class='ocr_par' dir='ltr' id='par_1_31' title="bbox 2173 1760 3824 1854">
     <span class='ocr_line' id='line_1_31' title="bbox 2173 1760 3824 1854; baseline 0.012 -39"><span class='ocrx_word' id='word_1_206' title='bbox 2173 1760 2252 1816; x_wconf 79' lang='grc' dir='ltr'><strong>ὅτι</strong></span> <span class='ocrx_word' id='word_1_207' title='bbox 2310 1783 2378 1835; x_wconf 88' lang='grc' dir='ltr'><strong>με</strong></span> <span class='ocrx_word' id='word_1_208' title='bbox 2422 1765 2508 1820; x_wconf 86' lang='grc' dir='ltr'>καὶ</span> <span class='ocrx_word' id='word_1_209' title='bbox 2559 1763 2701 1820; x_wconf 78' lang='grc' dir='ltr'>ἄκων</span> <span class='ocrx_word' id='word_1_210' title='bbox 2731 1769 2868 1825; x_wconf 80' lang='grc' dir='ltr'>οὕτω</span> <span class='ocrx_word' id='word_1_211' title='bbox 2901 1771 2966 1827; x_wconf 79' lang='grc' dir='ltr'>τὰ</span> <span class='ocrx_word' id='word_1_212' title='bbox 3007 1771 3233 1848; x_wconf 81' lang='grc' dir='ltr'>μέγιστα</span> <span class='ocrx_word' id='word_1_213' title='bbox 3286 1773 3653 1852; x_wconf 74' lang='grc' dir='ltr'>εὖηργὲτηκας</span> <span class='ocrx_word' id='word_1_214' title='bbox 3681 1778 3824 1854; x_wconf 70' lang='grc' dir='ltr'>ἱεροῦ</span> 
     </span>
    </p>
   </div>
   <div class='ocr_carea' id='block_1_32' title="bbox 435 1841 2083 1944">
    <p class='ocr_par' dir='ltr' id='par_1_32' title="bbox 435 1845 2083 1926">
     <span class='ocr_line' id='line_1_32' title="bbox 435 1845 2083 1926; baseline -0.001 -18"><span class='ocrx_word' id='word_1_215' title='bbox 435 1865 671 1908; x_wconf 90' lang='lat' dir='ltr'><strong>sacrum</strong></span> <span class='ocrx_word' id='word_1_216' title='bbox 707 1845 1063 1926; x_wconf 87' lang='lat' dir='ltr'><strong>baptismum</strong></span> <span class='ocrx_word' id='word_1_217' title='bbox 1116 1848 1172 1908; x_wconf 90' lang='lat' dir='ltr'><strong>in</strong></span> <span class='ocrx_word' id='word_1_218' title='bbox 1203 1847 1553 1909; x_wconf 88' lang='lat' dir='ltr'><strong>memoriam</strong></span> <span class='ocrx_word' id='word_1_219' title='bbox 1605 1866 1913 1909; x_wconf 84' lang='lat' dir='ltr'><strong>revocans.</strong></span> <span class='ocrx_word' id='word_1_220' title='bbox 1945 1846 2083 1908; x_wconf 67' lang='grc' dir='ltr'><strong>Ηωο</strong></span> 
     </span>
    </p>
   </div>
   <div class='ocr_carea' id='block_1_33' title="bbox 2170 1841 3823 1944">
    <p class='ocr_par' dir='ltr' id='par_1_33' title="bbox 2170 1851 3823 1944">
     <span class='ocr_line' id='line_1_33' title="bbox 2170 1851 3823 1944; baseline 0.01 -39"><span class='ocrx_word' id='word_1_221' title='bbox 2170 1851 2530 1927; x_wconf 77' lang='grc' dir='ltr'><strong>βαπτίσματος</strong></span> <span class='ocrx_word' id='word_1_222' title='bbox 2588 1855 2917 1932; x_wconf 74' lang='grc' dir='ltr'>ἀναμνῆσας.</span> <span class='ocrx_word' id='word_1_223' title='bbox 2980 1869 3152 1919; x_wconf 78' lang='grc' dir='ltr'>Ταῦτα</span> <span class='ocrx_word' id='word_1_224' title='bbox 3217 1864 3348 1934; x_wconf 85' lang='grc' dir='ltr'>πρὸς</span> <span class='ocrx_word' id='word_1_225' title='bbox 3432 1866 3522 1920; x_wconf 80' lang='grc' dir='ltr'>τὸν</span> <span class='ocrx_word' id='word_1_226' title='bbox 3579 1866 3823 1944; x_wconf 82' lang='grc' dir='ltr'>ἡγεμόνα</span> 
     </span>
    </p>
   </div>
   <div class='ocr_carea' id='block_1_34' title="bbox 433 1935 2076 2015">
    <p class='ocr_par' dir='ltr' id='par_1_34' title="bbox 433 1935 2076 2015">
     <span class='ocr_line' id='line_1_34' title="bbox 433 1935 2076 2015; baseline -0.001 -19"><span class='ocrx_word' id='word_1_227' title='bbox 433 1955 564 1997; x_wconf 92' lang='lat' dir='ltr'><strong>cum</strong></span> <span class='ocrx_word' id='word_1_228' title='bbox 602 1936 848 1998; x_wconf 85' lang='lat' dir='ltr'><strong>dixisset</strong></span> <span class='ocrx_word' id='word_1_229' title='bbox 907 1935 1166 2015; x_wconf 86' lang='lat' dir='ltr'><strong>praesidi,</strong></span> <span class='ocrx_word' id='word_1_230' title='bbox 1204 1940 1366 1997; x_wconf 80' lang='lat' dir='ltr'><strong>stetit</strong></span> <span class='ocrx_word' id='word_1_231' title='bbox 1416 1937 1476 1997; x_wconf 92' lang='lat' dir='ltr'><strong>in</strong></span> <span class='ocrx_word' id='word_1_232' title='bbox 1515 1938 1712 1999; x_wconf 87' lang='lat' dir='ltr'><strong>media</strong></span> <span class='ocrx_word' id='word_1_233' title='bbox 1745 1937 1938 2011; x_wconf 88' lang='lat' dir='ltr'><strong>turba,</strong></span> <span class='ocrx_word' id='word_1_234' title='bbox 1975 1947 2031 1998; x_wconf 91' lang='lat' dir='ltr'><strong>et</strong></span> <span class='ocrx_word' id='word_1_235' title='bbox 2063 1953 2076 1995; x_wconf 95' lang='lat'>:</span> 
     </span>
    </p>
   </div>
   <div class='ocr_carea' id='block_1_35' title="bbox 433 2027 2084 2109">
    <p class='ocr_par' dir='ltr' id='par_1_35' title="bbox 433 2027 2084 2109">
     <span class='ocr_line' id='line_1_35' title="bbox 433 2027 2084 2109; baseline 0.001 -22"><span class='ocrx_word' id='word_1_236' title='bbox 433 2029 596 2106; x_wconf 81' lang='lat' dir='ltr'><strong>Rogo</strong></span> <span class='ocrx_word' id='word_1_237' title='bbox 617 2027 1142 2098; x_wconf 88' lang='lat' dir='ltr'><strong>vos,vehementer</strong></span> <span class='ocrx_word' id='word_1_238' title='bbox 1159 2027 1535 2102; x_wconf 80' lang='lat' dir='ltr'><strong>exclamavit,</strong></span> <span class='ocrx_word' id='word_1_239' title='bbox 1558 2029 1608 2090; x_wconf 89' lang='lat' dir='ltr'><strong>si</strong></span> <span class='ocrx_word' id='word_1_240' title='bbox 1635 2031 1769 2109; x_wconf 85' lang='lat' dir='ltr'><strong>quis</strong></span> <span class='ocrx_word' id='word_1_241' title='bbox 1795 2029 1952 2090; x_wconf 89' lang='lat' dir='ltr'><strong>inter</strong></span> <span class='ocrx_word' id='word_1_242' title='bbox 1982 2046 2084 2089; x_wconf 90' lang='lat' dir='ltr'><strong>vos</strong></span> 
     </span>
    </p>
   </div>
   <div class='ocr_carea' id='block_1_36' title="bbox 435 2115 2084 2198">
    <p class='ocr_par' dir='ltr' id='par_1_36' title="bbox 435 2115 2084 2198">
     <span class='ocr_line' id='line_1_36' title="bbox 435 2115 2084 2198; baseline 0.001 -21"><span class='ocrx_word' id='word_1_243' title='bbox 435 2124 648 2196; x_wconf 64' lang='lat' dir='ltr'><strong>praeest</strong></span> <span class='ocrx_word' id='word_1_244' title='bbox 678 2115 1120 2188; x_wconf 83' lang='lat' dir='ltr'><strong>Christianis,et</strong></span> <span class='ocrx_word' id='word_1_245' title='bbox 1152 2117 1480 2178; x_wconf 79' lang='lat' dir='ltr'><strong>contemnit</strong></span> <span class='ocrx_word' id='word_1_246' title='bbox 1515 2125 1808 2179; x_wconf 85' lang='lat' dir='ltr'><strong>tormenta</strong></span> <span class='ocrx_word' id='word_1_247' title='bbox 1841 2126 2084 2198; x_wconf 88' lang='lat' dir='ltr'><strong>propter</strong></span> 
     </span>
    </p>
   </div>
   <div class='ocr_carea' id='block_1_37' title="bbox 433 2205 2083 2289">
    <p class='ocr_par' dir='ltr' id='par_1_37' title="bbox 433 2205 2083 2289">
     <span class='ocr_line' id='line_1_37' title="bbox 433 2205 2083 2289; baseline 0.001 -21"><span class='ocrx_word' id='word_1_248' title='bbox 433 2206 737 2287; x_wconf 86' lang='lat' dir='ltr'><strong>pietatem,</strong></span> <span class='ocrx_word' id='word_1_249' title='bbox 770 2205 924 2268; x_wconf 85' lang='lat' dir='ltr'><strong>adsit</strong></span> <span class='ocrx_word' id='word_1_250' title='bbox 947 2207 1080 2278; x_wconf 84' lang='lat' dir='ltr'><strong>cito,</strong></span> <span class='ocrx_word' id='word_1_251' title='bbox 1119 2215 1177 2268; x_wconf 90' lang='lat' dir='ltr'><strong>et</strong></span> <span class='ocrx_word' id='word_1_252' title='bbox 1213 2225 1308 2267; x_wconf 91' lang='lat' dir='ltr'><strong>me</strong></span> <span class='ocrx_word' id='word_1_253' title='bbox 1357 2207 1558 2269; x_wconf 88' lang='lat' dir='ltr'><strong>divino</strong></span> <span class='ocrx_word' id='word_1_254' title='bbox 1607 2208 1914 2289; x_wconf 83' lang='lat' dir='ltr'><strong>impertiat</strong></span> <span class='ocrx_word' id='word_1_255' title='bbox 1973 2209 2083 2270; x_wconf 89' lang='lat' dir='ltr'><strong>ba—</strong></span> 
     </span>
    </p>
   </div>
   <div class='ocr_carea' id='block_1_38' title="bbox 438 2298 2083 2380">
    <p class='ocr_par' dir='ltr' id='par_1_38' title="bbox 438 2298 2083 2380">
     <span class='ocr_line' id='line_1_38' title="bbox 438 2298 2083 2380; baseline 0.002 -23"><span class='ocrx_word' id='word_1_256' title='bbox 438 2298 732 2380; x_wconf 89' lang='lat' dir='ltr'><strong>ptismate.</strong></span> <span class='ocrx_word' id='word_1_257' title='bbox 767 2300 1088 2376; x_wconf 87' lang='lat' dir='ltr'><strong>Postquam</strong></span> <span class='ocrx_word' id='word_1_258' title='bbox 1125 2307 1323 2359; x_wconf 86' lang='lat' dir='ltr'><strong>autem</strong></span> <span class='ocrx_word' id='word_1_259' title='bbox 1376 2299 1518 2360; x_wconf 80' lang='lat' dir='ltr'><strong>vidit</strong></span> <span class='ocrx_word' id='word_1_260' title='bbox 1550 2318 1762 2360; x_wconf 91' lang='lat' dir='ltr'><strong>omnes</strong></span> <span class='ocrx_word' id='word_1_261' title='bbox 1793 2301 1975 2361; x_wconf 88' lang='lat' dir='ltr'><strong>victos</strong></span> <span class='ocrx_word' id='word_1_262' title='bbox 2003 2299 2083 2362; x_wconf 90' lang='lat' dir='ltr'><strong>ti-</strong></span> 
     </span>
    </p>
   </div>
   <div class='ocr_carea' id='block_1_39' title="bbox 435 2387 2086 2468">
    <p class='ocr_par' dir='ltr' id='par_1_39' title="bbox 435 2387 2086 2468">
     <span class='ocr_line' id='line_1_39' title="bbox 435 2387 2086 2468; baseline 0.001 -20"><span class='ocrx_word' id='word_1_263' title='bbox 435 2405 623 2462; x_wconf 89' lang='lat' dir='ltr'><strong>more,</strong></span> <span class='ocrx_word' id='word_1_264' title='bbox 660 2387 936 2467; x_wconf 89' lang='lat' dir='ltr'><strong>etqui,ut</strong></span> <span class='ocrx_word' id='word_1_265' title='bbox 967 2395 1202 2466; x_wconf 94' lang='lat' dir='ltr'><strong>tempus</strong></span> <span class='ocrx_word' id='word_1_266' title='bbox 1236 2387 1589 2468; x_wconf 78' lang='lat' dir='ltr'><strong>postulabat,</strong></span> <span class='ocrx_word' id='word_1_267' title='bbox 1627 2387 1775 2450; x_wconf 88' lang='lat' dir='ltr'><strong>nihil</strong></span> <span class='ocrx_word' id='word_1_268' title='bbox 1812 2396 2086 2468; x_wconf 83' lang='lat' dir='ltr'><strong>poterant</strong></span> 
     </span>
    </p>
   </div>
   <div class='ocr_carea' id='block_1_40' title="bbox 441 2476 2083 2557">
    <p class='ocr_par' dir='ltr' id='par_1_40' title="bbox 441 2476 2083 2557">
     <span class='ocr_line' id='line_1_40' title="bbox 441 2476 2083 2557; baseline 0.002 -21"><span class='ocrx_word' id='word_1_269' title='bbox 441 2477 638 2538; x_wconf 82' lang='lat' dir='ltr'><strong>facere</strong></span> <span class='ocrx_word' id='word_1_270' title='bbox 664 2476 1034 2557; x_wconf 84' lang='lat' dir='ltr'><strong>juveniliter,</strong></span> <span class='ocrx_word' id='word_1_271' title='bbox 1067 2477 1273 2538; x_wconf 88' lang='lat' dir='ltr'><strong>dolore</strong></span> <span class='ocrx_word' id='word_1_272' title='bbox 1312 2477 1497 2539; x_wconf 91' lang='lat' dir='ltr'><strong>animi</strong></span> <span class='ocrx_word' id='word_1_273' title='bbox 1529 2479 1911 2551; x_wconf 87' lang='lat' dir='ltr'><strong>cruciatus,et</strong></span> <span class='ocrx_word' id='word_1_274' title='bbox 1935 2497 2083 2540; x_wconf 86' lang='lat' dir='ltr'><strong>con-</strong></span> 
     </span>
    </p>
   </div>
   <div class='ocr_carea' id='block_1_41' title="bbox 439 2566 2084 2647">
    <p class='ocr_par' dir='ltr' id='par_1_41' title="bbox 439 2566 2084 2647">
     <span class='ocr_line' id='line_1_41' title="bbox 439 2566 2084 2647; baseline 0.001 -20"><span class='ocrx_word' id='word_1_275' title='bbox 439 2566 608 2628; x_wconf 92' lang='lat' dir='ltr'><strong>tinuo</strong></span> <span class='ocrx_word' id='word_1_276' title='bbox 661 2567 720 2626; x_wconf 93' lang='lat' dir='ltr'><strong>in</strong></span> <span class='ocrx_word' id='word_1_277' title='bbox 752 2585 956 2627; x_wconf 87' lang='lat' dir='ltr'><strong>vocem</strong></span> <span class='ocrx_word' id='word_1_278' title='bbox 989 2585 1315 2646; x_wconf 82' lang='lat' dir='ltr'><strong>erumpens</strong></span> <span class='ocrx_word' id='word_1_279' title='bbox 1345 2586 1479 2628; x_wconf 92' lang='lat' dir='ltr'><strong>cum</strong></span> <span class='ocrx_word' id='word_1_280' title='bbox 1513 2567 1723 2629; x_wconf 89' lang='lat' dir='ltr'><strong>calidis</strong></span> <span class='ocrx_word' id='word_1_281' title='bbox 1755 2568 2040 2647; x_wconf 77' lang='lat' dir='ltr'><strong>lacrymis</strong></span> <span class='ocrx_word' id='word_1_282' title='bbox 2071 2587 2084 2628; x_wconf 92' lang='lat'>:</span> 
     </span>
    </p>
   </div>
   <div class='ocr_carea' id='block_1_42' title="bbox 438 2655 2090 2738">
    <p class='ocr_par' dir='ltr' id='par_1_42' title="bbox 438 2655 2090 2738">
     <span class='ocr_line' id='line_1_42' title="bbox 438 2655 2090 2738; baseline 0.001 -20"><span class='ocrx_word' id='word_1_283' title='bbox 438 2655 599 2718; x_wconf 87' lang='lat' dir='ltr'><strong>Deus</strong></span> <span class='ocrx_word' id='word_1_284' title='bbox 625 2674 791 2716; x_wconf 90' lang='lat' dir='ltr'><strong>meus</strong></span> <span class='ocrx_word' id='word_1_285' title='bbox 816 2655 1072 2729; x_wconf 89' lang='lat' dir='ltr'><strong>Christe,</strong></span> <span class='ocrx_word' id='word_1_286' title='bbox 1122 2656 1332 2735; x_wconf 87' lang='lat' dir='ltr'><strong>inquit,</strong></span> <span class='ocrx_word' id='word_1_287' title='bbox 1363 2657 1464 2736; x_wconf 92' lang='lat' dir='ltr'><strong>qui</strong></span> <span class='ocrx_word' id='word_1_288' title='bbox 1517 2676 1610 2718; x_wconf 88' lang='lat' dir='ltr'><strong>me</strong></span> <span class='ocrx_word' id='word_1_289' title='bbox 1644 2657 1901 2735; x_wconf 80' lang='lat' dir='ltr'><strong>benigne</strong></span> <span class='ocrx_word' id='word_1_290' title='bbox 1930 2657 2090 2738; x_wconf 90' lang='lat' dir='ltr'><strong>aspi-</strong></span> 
     </span>
    </p>
   </div>
   <div class='ocr_carea' id='block_1_43' title="bbox 441 2745 2092 2826">
    <p class='ocr_par' dir='ltr' id='par_1_43' title="bbox 441 2745 2092 2826">
     <span class='ocr_line' id='line_1_43' title="bbox 441 2745 2092 2826; baseline 0 -17"><span class='ocrx_word' id='word_1_291' title='bbox 441 2747 671 2817; x_wconf 85' lang='lat' dir='ltr'><strong>ciens,a</strong></span> <span class='ocrx_word' id='word_1_292' title='bbox 706 2745 999 2826; x_wconf 83' lang='lat' dir='ltr'><strong>profundo</strong></span> <span class='ocrx_word' id='word_1_293' title='bbox 1035 2763 1240 2808; x_wconf 86' lang='lat' dir='ltr'><strong>errore</strong></span> <span class='ocrx_word' id='word_1_294' title='bbox 1276 2765 1368 2806; x_wconf 92' lang='lat' dir='ltr'><strong>me</strong></span> <span class='ocrx_word' id='word_1_295' title='bbox 1400 2747 1711 2821; x_wconf 86' lang='lat' dir='ltr'><strong>revocasti,</strong></span> <span class='ocrx_word' id='word_1_296' title='bbox 1749 2767 1823 2810; x_wconf 88' lang='lat' dir='ltr'><strong>ne</strong></span> <span class='ocrx_word' id='word_1_297' title='bbox 1856 2747 1941 2808; x_wconf 90' lang='lat' dir='ltr'><strong>sic</strong></span> <span class='ocrx_word' id='word_1_298' title='bbox 1996 2765 2092 2809; x_wconf 88' lang='lat' dir='ltr'><strong>me</strong></span> 
     </span>
    </p>
   </div>
   <div class='ocr_carea' id='block_1_44' title="bbox 439 2835 2082 2917">
    <p class='ocr_par' dir='ltr' id='par_1_44' title="bbox 439 2835 2082 2917">
     <span class='ocr_line' id='line_1_44' title="bbox 439 2835 2082 2917; baseline 0.002 -19"><span class='ocrx_word' id='word_1_299' title='bbox 439 2835 1033 2917; x_wconf 82' lang='lat' dir='ltr'><strong>despicias,divinum</strong></span> <span class='ocrx_word' id='word_1_300' title='bbox 1069 2835 1426 2916; x_wconf 85' lang='lat' dir='ltr'><strong>baptismum</strong></span> <span class='ocrx_word' id='word_1_301' title='bbox 1455 2837 1703 2899; x_wconf 91' lang='lat' dir='ltr'><strong>minime</strong></span> <span class='ocrx_word' id='word_1_302' title='bbox 1719 2847 2082 2902; x_wconf 89' lang='lat' dir='ltr'><strong>assecutum.</strong></span> 
     </span>
    </p>
   </div>
   <div class='ocr_carea' id='block_1_45' title="bbox 435 2925 2087 3004">
    <p class='ocr_par' dir='ltr' id='par_1_45' title="bbox 435 2925 2087 3004">
     <span class='ocr_line' id='line_1_45' title="bbox 435 2925 2087 3004; baseline -0.001 -14"><span class='ocrx_word' id='word_1_303' title='bbox 435 2927 550 2990; x_wconf 90' lang='lat' dir='ltr'><strong>Sed</strong></span> <span class='ocrx_word' id='word_1_304' title='bbox 579 2946 697 3004; x_wconf 89' lang='lat' dir='ltr'><strong>quo</strong></span> <span class='ocrx_word' id='word_1_305' title='bbox 728 2925 814 2988; x_wconf 88' lang='lat' dir='ltr'><strong>vis</strong></span> <span class='ocrx_word' id='word_1_306' title='bbox 849 2926 1022 2986; x_wconf 91' lang='lat' dir='ltr'><strong>modo</strong></span> <span class='ocrx_word' id='word_1_307' title='bbox 1077 2927 1330 2989; x_wconf 86' lang='lat' dir='ltr'><strong>ostende</strong></span> <span class='ocrx_word' id='word_1_308' title='bbox 1403 2926 1550 2988; x_wconf 90' lang='lat' dir='ltr'><strong>mihi</strong></span> <span class='ocrx_word' id='word_1_309' title='bbox 1605 2927 1976 2990; x_wconf 86' lang='lat' dir='ltr'><strong>sacerdotem</strong></span> <span class='ocrx_word' id='word_1_310' title='bbox 2029 2935 2087 2988; x_wconf 92' lang='lat' dir='ltr'><strong>et</strong></span> 
     </span>
    </p>
   </div>
   <div class='ocr_carea' id='block_1_46' title="bbox 434 3015 2084 3097">
    <p class='ocr_par' dir='ltr' id='par_1_46' title="bbox 434 3015 2084 3097">
     <span class='ocr_line' id='line_1_46' title="bbox 434 3015 2084 3097; baseline -0.001 -20"><span class='ocrx_word' id='word_1_311' title='bbox 434 3033 676 3092; x_wconf 89' lang='lat' dir='ltr'><strong>aquam,</strong></span> <span class='ocrx_word' id='word_1_312' title='bbox 710 3034 742 3078; x_wconf 86' lang='lat' dir='ltr'><strong>a</strong></span> <span class='ocrx_word' id='word_1_313' title='bbox 776 3035 891 3096; x_wconf 93' lang='lat' dir='ltr'><strong>quo</strong></span> <span class='ocrx_word' id='word_1_314' title='bbox 925 3022 982 3076; x_wconf 90' lang='lat' dir='ltr'><strong>et</strong></span> <span class='ocrx_word' id='word_1_315' title='bbox 1012 3015 1068 3076; x_wconf 94' lang='lat' dir='ltr'><strong>in</strong></span> <span class='ocrx_word' id='word_1_316' title='bbox 1102 3034 1240 3097; x_wconf 88' lang='lat' dir='ltr'><strong>qua,</strong></span> <span class='ocrx_word' id='word_1_317' title='bbox 1271 3017 1542 3077; x_wconf 85' lang='lat' dir='ltr'><strong>similiter</strong></span> <span class='ocrx_word' id='word_1_318' title='bbox 1567 3023 1741 3096; x_wconf 89' lang='lat' dir='ltr'><strong>atque</strong></span> <span class='ocrx_word' id='word_1_319' title='bbox 1774 3018 1870 3078; x_wconf 87' lang='lat' dir='ltr'><strong>alii</strong></span> <span class='ocrx_word' id='word_1_320' title='bbox 1905 3016 2084 3080; x_wconf 89' lang='lat' dir='ltr'><strong>Chri-</strong></span> 
     </span>
    </p>
   </div>
   <div class='ocr_carea' id='block_1_47' title="bbox 433 3105 2086 3186">
    <p class='ocr_par' dir='ltr' id='par_1_47' title="bbox 433 3105 2086 3186">
     <span class='ocr_line' id='line_1_47' title="bbox 433 3105 2086 3186; baseline -0.001 -18"><span class='ocrx_word' id='word_1_321' title='bbox 433 3106 632 3180; x_wconf 90' lang='lat' dir='ltr'><strong>stiani,</strong></span> <span class='ocrx_word' id='word_1_322' title='bbox 671 3105 1032 3186; x_wconf 86' lang='lat' dir='ltr'><strong>baptizabor.</strong></span> <span class='ocrx_word' id='word_1_323' title='bbox 1070 3105 1214 3168; x_wconf 90' lang='lat' dir='ltr'><strong>Cum</strong></span> <span class='ocrx_word' id='word_1_324' title='bbox 1257 3105 1344 3166; x_wconf 84' lang='lat' dir='ltr'><strong>sic</strong></span> <span class='ocrx_word' id='word_1_325' title='bbox 1371 3106 1639 3170; x_wconf 85' lang='lat' dir='ltr'><strong>dixisset.</strong></span> <span class='ocrx_word' id='word_1_326' title='bbox 1679 3105 1870 3168; x_wconf 87' lang='lat' dir='ltr'><strong>nubes</strong></span> <span class='ocrx_word' id='word_1_327' title='bbox 1902 3107 2086 3167; x_wconf 88' lang='lat' dir='ltr'><strong>desu-</strong></span> 
     </span>
    </p>
   </div>
   <div class='ocr_carea' id='block_1_48' title="bbox 2165 1941 3820 2029">
    <p class='ocr_par' dir='ltr' id='par_1_48' title="bbox 2165 1941 3820 2029">
     <span class='ocr_line' id='line_1_48' title="bbox 2165 1941 3820 2029; baseline 0.009 -34"><span class='ocrx_word' id='word_1_328' title='bbox 2165 1941 2520 2018; x_wconf 79' lang='grc' dir='ltr'>φθεγξάμενος</span> <span class='ocrx_word' id='word_1_329' title='bbox 2565 1942 2618 1999; x_wconf 82' lang='grc' dir='ltr'>ἐν</span> <span class='ocrx_word' id='word_1_330' title='bbox 2665 1945 2811 2020; x_wconf 71' lang='grc' dir='ltr'>μέσῳ</span> <span class='ocrx_word' id='word_1_331' title='bbox 2853 1950 2959 2004; x_wconf 83' lang='grc' dir='ltr'><strong>τῶν</strong></span> <span class='ocrx_word' id='word_1_332' title='bbox 3003 1948 3186 2029; x_wconf 68' lang='grc' dir='ltr'>ὄχλων</span> <span class='ocrx_word' id='word_1_333' title='bbox 3236 1952 3387 2024; x_wconf 79' lang='grc' dir='ltr'>ἔστη,</span> <span class='ocrx_word' id='word_1_334' title='bbox 3441 1955 3555 2026; x_wconf 77' lang='grc' dir='ltr'>καὶ,</span> <span class='ocrx_word' id='word_1_335' title='bbox 3619 1941 3820 2029; x_wconf 60' lang='grc' dir='ltr'>Δέομαι</span> 
     </span>
    </p>
   </div>
   <div class='ocr_carea' id='block_1_49' title="bbox 2164 2032 3824 2116">
    <p class='ocr_par' dir='ltr' id='par_1_49' title="bbox 2164 2032 3824 2116">
     <span class='ocr_line' id='line_1_49' title="bbox 2164 2032 3824 2116; baseline 0.008 -32"><span class='ocrx_word' id='word_1_336' title='bbox 2164 2033 2334 2108; x_wconf 80' lang='grc' dir='ltr'>ὑμῶν,</span> <span class='ocrx_word' id='word_1_337' title='bbox 2368 2032 2653 2110; x_wconf 78' lang='grc' dir='ltr'>ἀνέκραγεν</span> <span class='ocrx_word' id='word_1_338' title='bbox 2706 2039 2963 2116; x_wconf 71' lang='grc' dir='ltr'>ἱσχυρὼς,</span> <span class='ocrx_word' id='word_1_339' title='bbox 3001 2039 3052 2095; x_wconf 73' lang='grc' dir='ltr'>εἴ</span> <span class='ocrx_word' id='word_1_340' title='bbox 3095 2063 3173 2105; x_wconf 88' lang='grc' dir='ltr'><strong>τις</strong></span> <span class='ocrx_word' id='word_1_341' title='bbox 3226 2043 3280 2096; x_wconf 76' lang='grc' dir='ltr'>ὲν</span> <span class='ocrx_word' id='word_1_342' title='bbox 3329 2043 3458 2116; x_wconf 78' lang='grc' dir='ltr'>ὑμῖν</span> <span class='ocrx_word' id='word_1_343' title='bbox 3491 2045 3824 2116; x_wconf 70' lang='grc' dir='ltr'>Χριστιανῶν</span> 
     </span>
    </p>
   </div>
   <div class='ocr_carea' id='block_1_50' title="bbox 2167 2120 3822 2210">
    <p class='ocr_par' dir='ltr' id='par_1_50' title="bbox 2167 2120 3822 2210">
     <span class='ocr_line' id='line_1_50' title="bbox 2167 2120 3822 2210; baseline 0.008 -34"><span class='ocrx_word' id='word_1_344' title='bbox 2167 2120 2259 2187; x_wconf 79' lang='grc' dir='ltr'>εἴη</span> <span class='ocrx_word' id='word_1_345' title='bbox 2304 2125 2648 2200; x_wconf 77' lang='grc' dir='ltr'><strong>προεστηκὼς</strong></span> <span class='ocrx_word' id='word_1_346' title='bbox 2691 2127 2778 2182; x_wconf 89' lang='grc' dir='ltr'><strong>καὶ</strong></span> <span class='ocrx_word' id='word_1_347' title='bbox 2808 2128 3054 2202; x_wconf 83' lang='grc' dir='ltr'>βασάνων</span> <span class='ocrx_word' id='word_1_348' title='bbox 3086 2132 3432 2210; x_wconf 71' lang='grc' dir='ltr'>καταφρονῶν</span> <span class='ocrx_word' id='word_1_349' title='bbox 3467 2130 3550 2188; x_wconf 72' lang='grc' dir='ltr'>διὰ</span> <span class='ocrx_word' id='word_1_350' title='bbox 3594 2134 3696 2201; x_wconf 77' lang='grc' dir='ltr'>τὴν</span> <span class='ocrx_word' id='word_1_351' title='bbox 3729 2135 3822 2190; x_wconf 75' lang='grc' dir='ltr'><strong>εὑ-</strong></span> 
     </span>
    </p>
   </div>
   <div class='ocr_carea' id='block_1_51' title="bbox 2170 2209 3828 2299">
    <p class='ocr_par' dir='ltr' id='par_1_51' title="bbox 2170 2209 3828 2299">
     <span class='ocr_line' id='line_1_51' title="bbox 2170 2209 3828 2299; baseline 0.009 -33"><span class='ocrx_word' id='word_1_352' title='bbox 2170 2209 2400 2290; x_wconf 77' lang='grc' dir='ltr'>σέϐειαν,</span> <span class='ocrx_word' id='word_1_353' title='bbox 2447 2213 2654 2290; x_wconf 87' lang='grc' dir='ltr'>παρίτω</span> <span class='ocrx_word' id='word_1_354' title='bbox 2715 2217 2774 2270; x_wconf 75' lang='grc' dir='ltr'>τὸ</span> <span class='ocrx_word' id='word_1_355' title='bbox 2828 2218 2996 2296; x_wconf 79' lang='grc' dir='ltr'>τάχος</span> <span class='ocrx_word' id='word_1_356' title='bbox 3056 2220 3142 2275; x_wconf 83' lang='grc' dir='ltr'><strong>καὶ</strong></span> <span class='ocrx_word' id='word_1_357' title='bbox 3186 2220 3556 2296; x_wconf 82' lang='grc' dir='ltr'>βαπτίσματός</span> <span class='ocrx_word' id='word_1_358' title='bbox 3615 2245 3681 2299; x_wconf 87' lang='grc' dir='ltr'><strong>με</strong></span> <span class='ocrx_word' id='word_1_359' title='bbox 3732 2230 3828 2282; x_wconf 80' lang='grc' dir='ltr'>τοῦ</span> 
     </span>
    </p>
   </div>
   <div class='ocr_carea' id='block_1_52' title="bbox 2167 2301 3823 2388">
    <p class='ocr_par' dir='ltr' id='par_1_52' title="bbox 2167 2301 3823 2388">
     <span class='ocr_line' id='line_1_52' title="bbox 2167 2301 3823 2388; baseline 0.007 -30"><span class='ocrx_word' id='word_1_360' title='bbox 2167 2303 2303 2358; x_wconf 79' lang='grc' dir='ltr'>θείου</span> <span class='ocrx_word' id='word_1_361' title='bbox 2347 2301 2693 2377; x_wconf 79' lang='grc' dir='ltr'>μεταδιδότω,</span> <span class='ocrx_word' id='word_1_362' title='bbox 2738 2307 2833 2368; x_wconf 73' lang='grc' dir='ltr'>Ὣς</span> <span class='ocrx_word' id='word_1_363' title='bbox 2876 2305 2930 2362; x_wconf 76' lang='grc' dir='ltr'>δὲ</span> <span class='ocrx_word' id='word_1_364' title='bbox 2975 2308 3180 2373; x_wconf 81' lang='grc' dir='ltr'>πάντας</span> <span class='ocrx_word' id='word_1_365' title='bbox 3245 2310 3384 2387; x_wconf 77' lang='grc' dir='ltr'>ἑώρα</span> <span class='ocrx_word' id='word_1_366' title='bbox 3428 2310 3529 2368; x_wconf 82' lang='grc' dir='ltr'>δέει</span> <span class='ocrx_word' id='word_1_367' title='bbox 3581 2314 3823 2388; x_wconf 76' lang='grc' dir='ltr'>νικωμέ-</span> 
     </span>
    </p>
   </div>
   <div class='ocr_carea' id='block_1_53' title="bbox 2171 2391 3826 2477">
    <p class='ocr_par' dir='ltr' id='par_1_53' title="bbox 2171 2391 3826 2477">
     <span class='ocr_line' id='line_1_53' title="bbox 2171 2391 3826 2477; baseline 0.007 -31"><span class='ocrx_word' id='word_1_368' title='bbox 2171 2414 2288 2453; x_wconf 82' lang='grc' dir='ltr'>νους</span> <span class='ocrx_word' id='word_1_369' title='bbox 2349 2393 2438 2448; x_wconf 84' lang='grc' dir='ltr'>καὶ</span> <span class='ocrx_word' id='word_1_370' title='bbox 2482 2391 2648 2465; x_wconf 74' lang='grc' dir='ltr'>μηδὲν</span> <span class='ocrx_word' id='word_1_371' title='bbox 2682 2404 2774 2454; x_wconf 78' lang='grc' dir='ltr'><strong>τοῦ</strong></span> <span class='ocrx_word' id='word_1_372' title='bbox 2807 2399 2989 2472; x_wconf 71' lang='grc' dir='ltr'>καιροῦ</span> <span class='ocrx_word' id='word_1_373' title='bbox 3021 2396 3202 2477; x_wconf 80' lang='grc' dir='ltr'>δρᾶσαι</span> <span class='ocrx_word' id='word_1_374' title='bbox 3268 2398 3588 2476; x_wconf 71' lang='grc' dir='ltr'>δυναμένους</span> <span class='ocrx_word' id='word_1_375' title='bbox 3642 2424 3826 2459; x_wconf 89' lang='grc' dir='ltr'>νεανι-</span> 
     </span>
    </p>
   </div>
   <div class='ocr_carea' id='block_1_54' title="bbox 2171 2481 3823 2568">
    <p class='ocr_par' dir='ltr' id='par_1_54' title="bbox 2171 2481 3823 2568">
     <span class='ocr_line' id='line_1_54' title="bbox 2171 2481 3823 2568; baseline 0.008 -32"><span class='ocrx_word' id='word_1_376' title='bbox 2171 2481 2423 2560; x_wconf 83' lang='grc' dir='ltr'>κώτερον,</span> <span class='ocrx_word' id='word_1_377' title='bbox 2471 2481 2611 2560; x_wconf 62' lang='grc' dir='ltr'>λύπῃ</span> <span class='ocrx_word' id='word_1_378' title='bbox 2644 2487 2923 2564; x_wconf 85' lang='grc' dir='ltr'>συγχυθεὶς</span> <span class='ocrx_word' id='word_1_379' title='bbox 2952 2487 3050 2554; x_wconf 76' lang='grc' dir='ltr'>τὴν</span> <span class='ocrx_word' id='word_1_380' title='bbox 3085 2489 3268 2568; x_wconf 74' lang='grc' dir='ltr'>ψυχὴν</span> <span class='ocrx_word' id='word_1_381' title='bbox 3298 2491 3385 2546; x_wconf 83' lang='grc' dir='ltr'><strong>καὶ</strong></span> <span class='ocrx_word' id='word_1_382' title='bbox 3415 2491 3597 2564; x_wconf 76' lang='grc' dir='ltr'>φωνὴν</span> <span class='ocrx_word' id='word_1_383' title='bbox 3627 2491 3823 2567; x_wconf 79' lang='grc' dir='ltr'>αἴρων,</span> 
     </span>
    </p>
   </div>
   <div class='ocr_carea' id='block_1_55' title="bbox 2172 2571 3821 2660">
    <p class='ocr_par' dir='ltr' id='par_1_55' title="bbox 2172 2571 3821 2660">
     <span class='ocr_line' id='line_1_55' title="bbox 2172 2571 3821 2660; baseline 0.008 -34"><span class='ocrx_word' id='word_1_384' title='bbox 2172 2571 2362 2632; x_wconf 72' lang='grc' dir='ltr'>εὐθέως</span> <span class='ocrx_word' id='word_1_385' title='bbox 2409 2575 2543 2647; x_wconf 83' lang='grc' dir='ltr'>μετὰ</span> <span class='ocrx_word' id='word_1_386' title='bbox 2574 2576 2781 2650; x_wconf 85' lang='grc' dir='ltr'>θερμῶν</span> <span class='ocrx_word' id='word_1_387' title='bbox 2811 2583 2918 2631; x_wconf 60' lang='grc' dir='ltr'><strong>τῶν</strong></span> <span class='ocrx_word' id='word_1_388' title='bbox 2975 2573 3235 2655; x_wconf 86' lang='grc' dir='ltr'>δακρύων.</span> <span class='ocrx_word' id='word_1_389' title='bbox 3269 2579 3330 2638; x_wconf 85' lang='lat'><strong>’0</strong></span> <span class='ocrx_word' id='word_1_390' title='bbox 3365 2581 3494 2644; x_wconf 86' lang='grc' dir='ltr'>Θεός</span> <span class='ocrx_word' id='word_1_391' title='bbox 3537 2602 3660 2656; x_wconf 83' lang='grc' dir='ltr'>μου,</span> <span class='ocrx_word' id='word_1_392' title='bbox 3694 2583 3821 2660; x_wconf 79' lang='grc' dir='ltr'>ἔφη,</span> 
     </span>
    </p>
   </div>
   <div class='ocr_carea' id='block_1_56' title="bbox 2173 2662 3829 2745">
    <p class='ocr_par' dir='ltr' id='par_1_56' title="bbox 2173 2662 3829 2745">
     <span class='ocr_line' id='line_1_56' title="bbox 2173 2662 3829 2745; baseline 0.007 -30"><span class='ocrx_word' id='word_1_393' title='bbox 2173 2662 2387 2738; x_wconf 68' lang='grc' dir='ltr'>Χριστέ,</span> <span class='ocrx_word' id='word_1_394' title='bbox 2441 2663 2496 2724; x_wconf 81' lang='grc' dir='ltr'>ὃς</span> <span class='ocrx_word' id='word_1_395' title='bbox 2548 2663 2762 2739; x_wconf 75' lang='grc' dir='ltr'>εὐμενές</span> <span class='ocrx_word' id='word_1_396' title='bbox 2817 2689 2908 2741; x_wconf 82' lang='grc' dir='ltr'><strong>μοι</strong></span> <span class='ocrx_word' id='word_1_397' title='bbox 2951 2666 3157 2743; x_wconf 82' lang='grc' dir='ltr'>βλέψας</span> <span class='ocrx_word' id='word_1_398' title='bbox 3201 2673 3300 2736; x_wconf 77' lang='grc' dir='ltr'>τῆς</span> <span class='ocrx_word' id='word_1_399' title='bbox 3345 2671 3555 2745; x_wconf 78' lang='grc' dir='ltr'>βαθείας</span> <span class='ocrx_word' id='word_1_400' title='bbox 3613 2671 3829 2740; x_wconf 77' lang='grc' dir='ltr'>πλάνης</span> 
     </span>
    </p>
   </div>
   <div class='ocr_carea' id='block_1_57' title="bbox 2171 2750 3823 2838">
    <p class='ocr_par' dir='ltr' id='par_1_57' title="bbox 2171 2750 3823 2838">
     <span class='ocr_line' id='line_1_57' title="bbox 2171 2750 3823 2838; baseline 0.008 -32"><span class='ocrx_word' id='word_1_401' title='bbox 2171 2750 2476 2808; x_wconf 83' lang='grc' dir='ltr'>ἀνεκαλὲσω</span> <span class='ocrx_word' id='word_1_402' title='bbox 2507 2775 2594 2826; x_wconf 88' lang='grc' dir='ltr'><strong>με,</strong></span> <span class='ocrx_word' id='word_1_403' title='bbox 2627 2755 2704 2827; x_wconf 79' lang='grc' dir='ltr'>μὴ</span> <span class='ocrx_word' id='word_1_404' title='bbox 2736 2753 2872 2811; x_wconf 60' lang='grc' dir='ltr'>οὕτω</span> <span class='ocrx_word' id='word_1_405' title='bbox 2902 2777 2969 2829; x_wconf 90' lang='grc' dir='ltr'><strong>με</strong></span> <span class='ocrx_word' id='word_1_406' title='bbox 3013 2756 3250 2835; x_wconf 79' lang='grc' dir='ltr'>περιίδῃς</span> <span class='ocrx_word' id='word_1_407' title='bbox 3306 2767 3399 2817; x_wconf 83' lang='grc' dir='ltr'><strong>τοῦ</strong></span> <span class='ocrx_word' id='word_1_408' title='bbox 3443 2761 3582 2818; x_wconf 87' lang='grc' dir='ltr'>θείου</span> <span class='ocrx_word' id='word_1_409' title='bbox 3624 2763 3823 2838; x_wconf 84' lang='grc' dir='ltr'>βαπτί-</span> 
     </span>
    </p>
   </div>
   <div class='ocr_carea' id='block_1_58' title="bbox 2169 2841 3821 2927">
    <p class='ocr_par' dir='ltr' id='par_1_58' title="bbox 2169 2841 3821 2927">
     <span class='ocr_line' id='line_1_58' title="bbox 2169 2841 3821 2927; baseline 0.007 -30"><span class='ocrx_word' id='word_1_410' title='bbox 2169 2863 2370 2916; x_wconf 88' lang='grc' dir='ltr'>σματος</span> <span class='ocrx_word' id='word_1_411' title='bbox 2413 2841 2798 2916; x_wconf 79' lang='grc' dir='ltr'>ἀκοινώνητον,</span> <span class='ocrx_word' id='word_1_412' title='bbox 2855 2843 2974 2902; x_wconf 74' lang='grc' dir='ltr'>ἀλλ’</span> <span class='ocrx_word' id='word_1_413' title='bbox 3022 2847 3078 2902; x_wconf 73' lang='grc' dir='ltr'>ὃν</span> <span class='ocrx_word' id='word_1_414' title='bbox 3111 2848 3289 2923; x_wconf 82' lang='grc' dir='ltr'>βούλει</span> <span class='ocrx_word' id='word_1_415' title='bbox 3321 2850 3517 2927; x_wconf 81' lang='grc' dir='ltr'>τρόπον</span> <span class='ocrx_word' id='word_1_416' title='bbox 3548 2850 3821 2917; x_wconf 76' lang='grc' dir='ltr'>ὑπόδειξόν</span> 
     </span>
    </p>
   </div>
   <div class='ocr_carea' id='block_1_59' title="bbox 2171 2932 3823 3015">
    <p class='ocr_par' dir='ltr' id='par_1_59' title="bbox 2171 2932 3823 3015">
     <span class='ocr_line' id='line_1_59' title="bbox 2171 2932 3823 3015; baseline 0.007 -29"><span class='ocrx_word' id='word_1_417' title='bbox 2171 2952 2263 3004; x_wconf 86' lang='grc' dir='ltr'><strong>μοι</strong></span> <span class='ocrx_word' id='word_1_418' title='bbox 2299 2933 2385 2989; x_wconf 81' lang='grc' dir='ltr'><strong>καὶ</strong></span> <span class='ocrx_word' id='word_1_419' title='bbox 2415 2932 2556 3008; x_wconf 78' lang='grc' dir='ltr'>ἱερέα</span> <span class='ocrx_word' id='word_1_420' title='bbox 2598 2935 2684 2990; x_wconf 86' lang='grc' dir='ltr'><strong>καὶ</strong></span> <span class='ocrx_word' id='word_1_421' title='bbox 2727 2932 2863 3010; x_wconf 75' lang='grc' dir='ltr'>ὕδωρ</span> <span class='ocrx_word' id='word_1_422' title='bbox 2894 2936 3018 3015; x_wconf 82' lang='grc' dir='ltr'>παρ’</span> <span class='ocrx_word' id='word_1_423' title='bbox 3051 2940 3110 2993; x_wconf 76' lang='grc' dir='ltr'><strong>οὗ</strong></span> <span class='ocrx_word' id='word_1_424' title='bbox 3139 2939 3226 2995; x_wconf 80' lang='grc' dir='ltr'><strong>καὶ</strong></span> <span class='ocrx_word' id='word_1_425' title='bbox 3275 2939 3328 2995; x_wconf 81' lang='grc' dir='ltr'>ἐν</span> <span class='ocrx_word' id='word_1_426' title='bbox 3378 2945 3423 3013; x_wconf 85' lang='grc' dir='ltr'>ᾦ</span> <span class='ocrx_word' id='word_1_427' title='bbox 3467 2952 3584 3002; x_wconf 84' lang='grc' dir='ltr'>τοϊς</span> <span class='ocrx_word' id='word_1_428' title='bbox 3642 2939 3823 3006; x_wconf 78' lang='grc' dir='ltr'>ἄλλοις</span> 
     </span>
    </p>
   </div>
   <div class='ocr_carea' id='block_1_60' title="bbox 2170 3023 3822 3102">
    <p class='ocr_par' dir='ltr' id='par_1_60' title="bbox 2170 3023 3822 3102">
     <span class='ocr_line' id='line_1_60' title="bbox 2170 3023 3822 3102; baseline 0.005 -24"><span class='ocrx_word' id='word_1_429' title='bbox 2170 3023 2367 3097; x_wconf 75' lang='grc' dir='ltr'>ὁμοίως</span> <span class='ocrx_word' id='word_1_430' title='bbox 2415 3029 2750 3101; x_wconf 78' lang='grc' dir='ltr'>Χριστιανοϊς</span> <span class='ocrx_word' id='word_1_431' title='bbox 2808 3027 3265 3102; x_wconf 78' lang='grc' dir='ltr'>βαπτισθήσομαι.</span> <span class='ocrx_word' id='word_1_432' title='bbox 3331 3028 3512 3093; x_wconf 73' lang='grc' dir='ltr'>Οὕτως</span> <span class='ocrx_word' id='word_1_433' title='bbox 3581 3031 3822 3094; x_wconf 81' lang='grc' dir='ltr'>εἰπόντος</span> 
     </span>
    </p>
   </div>
   <div class='ocr_carea' id='block_1_61' title="bbox 2170 3111 3824 3194">
    <p class='ocr_par' dir='ltr' id='par_1_61' title="bbox 2170 3111 3824 3194">
     <span class='ocr_line' id='line_1_61' title="bbox 2170 3111 3824 3194; baseline 0.004 -27"><span class='ocrx_word' id='word_1_434' title='bbox 2170 3111 2363 3190; x_wconf 71' lang='grc' dir='ltr'>νεφέλη</span> <span class='ocrx_word' id='word_1_435' title='bbox 2408 3111 2605 3170; x_wconf 76' lang='grc' dir='ltr'>ἄνωθεν</span> <span class='ocrx_word' id='word_1_436' title='bbox 2663 3115 2808 3178; x_wconf 62' lang='grc' dir='ltr'>εὐθὺς</span> <span class='ocrx_word' id='word_1_437' title='bbox 2853 3115 3230 3174; x_wconf 78' lang='grc' dir='ltr'>ὕποκαταϐἆσα</span> <span class='ocrx_word' id='word_1_438' title='bbox 3273 3121 3368 3174; x_wconf 91' lang='grc' dir='ltr'><strong>καί</strong></span> <span class='ocrx_word' id='word_1_439' title='bbox 3435 3120 3598 3194; x_wconf 81' lang='grc' dir='ltr'>μέσον</span> <span class='ocrx_word' id='word_1_440' title='bbox 3657 3118 3824 3176; x_wconf 69' lang='grc' dir='ltr'>αὐτὸν</span> 
     </span>
    </p>
   </div>
   <div class='ocr_carea' id='block_1_62' title="bbox 433 3196 2083 3281">
    <p class='ocr_par' dir='ltr' id='par_1_62' title="bbox 433 3196 2078 3276">
     <span class='ocr_line' id='line_1_62' title="bbox 433 3196 2078 3276; baseline -0.001 -17"><span class='ocrx_word' id='word_1_441' title='bbox 433 3215 540 3276; x_wconf 87' lang='lat' dir='ltr'><strong>per</strong></span> <span class='ocrx_word' id='word_1_442' title='bbox 569 3198 848 3259; x_wconf 88' lang='lat' dir='ltr'><strong>continuo</strong></span> <span class='ocrx_word' id='word_1_443' title='bbox 880 3196 1282 3259; x_wconf 87' lang='lat' dir='ltr'><strong>descendens.</strong></span> <span class='ocrx_word' id='word_1_444' title='bbox 1328 3215 1462 3257; x_wconf 91' lang='lat' dir='ltr'><strong>cum</strong></span> <span class='ocrx_word' id='word_1_445' title='bbox 1498 3215 1632 3257; x_wconf 92' lang='lat' dir='ltr'><strong>eum</strong></span> <span class='ocrx_word' id='word_1_446' title='bbox 1674 3203 1927 3256; x_wconf 84' lang='lat' dir='ltr'><strong>stantem</strong></span> <span class='ocrx_word' id='word_1_447' title='bbox 1960 3215 2078 3258; x_wconf 91' lang='lat' dir='ltr'><strong>me-</strong></span> 
     </span>
    </p>
   </div>
   <div class='ocr_carea' id='block_1_63' title="bbox 2170 3196 3819 3281">
    <p class='ocr_par' dir='ltr' id='par_1_63' title="bbox 2173 3202 3819 3281">
     <span class='ocr_line' id='line_1_63' title="bbox 2173 3202 3819 3281; baseline 0.003 -24"><span class='ocrx_word' id='word_1_448' title='bbox 2173 3202 2438 3268; x_wconf 75' lang='grc' dir='ltr'>ἑστηκότα</span> <span class='ocrx_word' id='word_1_449' title='bbox 2466 3203 2648 3276; x_wconf 87' lang='grc' dir='ltr'>κύκλῳ</span> <span class='ocrx_word' id='word_1_450' title='bbox 2675 3203 3033 3281; x_wconf 76' lang='grc' dir='ltr'>περιλαϐοῦσα</span> <span class='ocrx_word' id='word_1_451' title='bbox 3080 3204 3386 3269; x_wconf 69' lang='grc' dir='ltr'>ἐϐάπτισεν,</span> <span class='ocrx_word' id='word_1_452' title='bbox 3454 3213 3589 3265; x_wconf 83' lang='grc' dir='ltr'>Εἶτα</span> <span class='ocrx_word' id='word_1_453' title='bbox 3647 3213 3681 3273; x_wconf 88' lang='grc' dir='ltr'>ὴ</span> <span class='ocrx_word' id='word_1_454' title='bbox 3726 3229 3819 3262; x_wconf 86' lang='grc' dir='ltr'>νε-</span> 
     </span>
    </p>
   </div>
   <div class='ocr_carea' id='block_1_64' title="bbox 433 3284 2082 3365">
    <p class='ocr_par' dir='ltr' id='par_1_64' title="bbox 433 3284 2082 3365">
     <span class='ocr_line' id='line_1_64' title="bbox 433 3284 2082 3365; baseline 0 -17"><span class='ocrx_word' id='word_1_455' title='bbox 433 3287 594 3348; x_wconf 91' lang='lat' dir='ltr'><strong>dium</strong></span> <span class='ocrx_word' id='word_1_456' title='bbox 629 3286 688 3346; x_wconf 91' lang='lat' dir='ltr'><strong>in</strong></span> <span class='ocrx_word' id='word_1_457' title='bbox 722 3287 924 3348; x_wconf 93' lang='lat' dir='ltr'><strong>orbem</strong></span> <span class='ocrx_word' id='word_1_458' title='bbox 964 3285 1543 3364; x_wconf 83' lang='lat' dir='ltr'><strong>comprehendisset,</strong></span> <span class='ocrx_word' id='word_1_459' title='bbox 1594 3284 1928 3365; x_wconf 85' lang='lat' dir='ltr'><strong>baptizavit.</strong></span> <span class='ocrx_word' id='word_1_460' title='bbox 1963 3288 2082 3348; x_wconf 87' lang='lat' dir='ltr'><strong>De-</strong></span> 
     </span>
    </p>
   </div>
   <div class='ocr_carea' id='block_1_65' title="bbox 434 3374 2076 3455">
    <p class='ocr_par' dir='ltr' id='par_1_65' title="bbox 434 3374 2076 3455">
     <span class='ocr_line' id='line_1_65' title="bbox 434 3374 2076 3455; baseline -0.001 -17"><span class='ocrx_word' id='word_1_461' title='bbox 434 3376 573 3438; x_wconf 89' lang='lat' dir='ltr'><strong>inde</strong></span> <span class='ocrx_word' id='word_1_462' title='bbox 605 3375 796 3437; x_wconf 87' lang='lat' dir='ltr'><strong>nubes</strong></span> <span class='ocrx_word' id='word_1_463' title='bbox 842 3374 1083 3455; x_wconf 88' lang='lat' dir='ltr'><strong>quidem</strong></span> <span class='ocrx_word' id='word_1_464' title='bbox 1118 3393 1353 3436; x_wconf 86' lang='lat' dir='ltr'><strong>sursum</strong></span> <span class='ocrx_word' id='word_1_465' title='bbox 1389 3375 1662 3436; x_wconf 87' lang='lat' dir='ltr'><strong>ascendit</strong></span> <span class='ocrx_word' id='word_1_466' title='bbox 1720 3375 1825 3436; x_wconf 89' lang='lat' dir='ltr'><strong>Ille</strong></span> <span class='ocrx_word' id='word_1_467' title='bbox 1857 3385 2076 3450; x_wconf 88' lang='lat' dir='ltr'><strong>autem,</strong></span> 
     </span>
    </p>
   </div>
   <div class='ocr_carea' id='block_1_66' title="bbox 432 3461 2078 3543">
    <p class='ocr_par' dir='ltr' id='par_1_66' title="bbox 432 3461 2078 3543">
     <span class='ocr_line' id='line_1_66' title="bbox 432 3461 2078 3543; baseline 0.001 -18"><span class='ocrx_word' id='word_1_468' title='bbox 432 3463 710 3525; x_wconf 78' lang='lat' dir='ltr'><strong>erunibus</strong></span> <span class='ocrx_word' id='word_1_469' title='bbox 754 3461 1115 3530; x_wconf 86' lang='lat' dir='ltr'><strong>videntibus,</strong></span> <span class='ocrx_word' id='word_1_470' title='bbox 1172 3464 1394 3525; x_wconf 86' lang='lat' dir='ltr'><strong>ﬂuento</strong></span> <span class='ocrx_word' id='word_1_471' title='bbox 1433 3465 1660 3526; x_wconf 65' lang='lat' dir='ltr'><strong>caelesti</strong></span> <span class='ocrx_word' id='word_1_472' title='bbox 1709 3464 2078 3543; x_wconf 89' lang='lat' dir='ltr'><strong>baptizatus:</strong></span> 
     </span>
    </p>
   </div>
   <div class='ocr_carea' id='block_1_67' title="bbox 432 3550 2082 3634">
    <p class='ocr_par' dir='ltr' id='par_1_67' title="bbox 432 3550 2082 3634">
     <span class='ocr_line' id='line_1_67' title="bbox 432 3550 2082 3634; baseline -0.001 -19"><span class='ocrx_word' id='word_1_473' title='bbox 432 3550 634 3622; x_wconf 84' lang='lat' dir='ltr'><strong>Vobis,</strong></span> <span class='ocrx_word' id='word_1_474' title='bbox 669 3553 886 3629; x_wconf 87' lang='lat' dir='ltr'><strong>inquit,</strong></span> <span class='ocrx_word' id='word_1_475' title='bbox 923 3551 1198 3614; x_wconf 90' lang='lat' dir='ltr'><strong>omnibus</strong></span> <span class='ocrx_word' id='word_1_476' title='bbox 1258 3553 1459 3615; x_wconf 87' lang='lat' dir='ltr'><strong>videre</strong></span> <span class='ocrx_word' id='word_1_477' title='bbox 1513 3554 1706 3625; x_wconf 78' lang='lat' dir='ltr'><strong>licuit,</strong></span> <span class='ocrx_word' id='word_1_478' title='bbox 1740 3554 1842 3634; x_wconf 90' lang='lat' dir='ltr'><strong>qui</strong></span> <span class='ocrx_word' id='word_1_479' title='bbox 1874 3555 2082 3617; x_wconf 86' lang='lat' dir='ltr'><strong>Chris-</strong></span> 
     </span>
    </p>
   </div>
   <div class='ocr_carea' id='block_1_68' title="bbox 433 3641 2084 3722">
    <p class='ocr_par' dir='ltr' id='par_1_68' title="bbox 433 3641 2084 3722">
     <span class='ocr_line' id='line_1_68' title="bbox 433 3641 2084 3722; baseline -0.001 -17"><span class='ocrx_word' id='word_1_480' title='bbox 433 3642 576 3706; x_wconf 91' lang='lat' dir='ltr'><strong>tiani</strong></span> <span class='ocrx_word' id='word_1_481' title='bbox 605 3642 846 3722; x_wconf 84' lang='lat' dir='ltr'><strong>quidem</strong></span> <span class='ocrx_word' id='word_1_482' title='bbox 877 3641 1046 3722; x_wconf 88' lang='lat' dir='ltr'><strong>estis,</strong></span> <span class='ocrx_word' id='word_1_483' title='bbox 1086 3642 1348 3704; x_wconf 89' lang='lat' dir='ltr'><strong>nondum</strong></span> <span class='ocrx_word' id='word_1_484' title='bbox 1381 3652 1578 3704; x_wconf 90' lang='lat' dir='ltr'><strong>autem</strong></span> <span class='ocrx_word' id='word_1_485' title='bbox 1609 3643 1784 3705; x_wconf 87' lang='lat' dir='ltr'><strong>vultis</strong></span> <span class='ocrx_word' id='word_1_486' title='bbox 1834 3644 2084 3704; x_wconf 82' lang='lat' dir='ltr'><strong>manife-</strong></span> 
     </span>
    </p>
   </div>
   <div class='ocr_carea' id='block_1_69' title="bbox 431 3733 2079 3815">
    <p class='ocr_par' dir='ltr' id='par_1_69' title="bbox 431 3733 2079 3815">
     <span class='ocr_line' id='line_1_69' title="bbox 431 3733 2079 3815; baseline -0.001 -20"><span class='ocrx_word' id='word_1_487' title='bbox 431 3741 582 3795; x_wconf 87' lang='lat' dir='ltr'><strong>stam</strong></span> <span class='ocrx_word' id='word_1_488' title='bbox 616 3751 747 3794; x_wconf 87' lang='lat' dir='ltr'><strong>esse</strong></span> <span class='ocrx_word' id='word_1_489' title='bbox 778 3741 1030 3795; x_wconf 86' lang='lat' dir='ltr'><strong>vestram</strong></span> <span class='ocrx_word' id='word_1_490' title='bbox 1064 3733 1372 3813; x_wconf 89' lang='lat' dir='ltr'><strong>pietatem,</strong></span> <span class='ocrx_word' id='word_1_491' title='bbox 1403 3733 1912 3815; x_wconf 78' lang='lat' dir='ltr'><strong>quemadmodum</strong></span> <span class='ocrx_word' id='word_1_492' title='bbox 1945 3753 2079 3794; x_wconf 90' lang='lat' dir='ltr'><strong>cum</strong></span> 
     </span>
    </p>
   </div>
   <div class='ocr_carea' id='block_1_70' title="bbox 429 3821 2084 3904">
    <p class='ocr_par' dir='ltr' id='par_1_70' title="bbox 429 3821 2084 3904">
     <span class='ocr_line' id='line_1_70' title="bbox 429 3821 2084 3904; baseline -0.001 -18"><span class='ocrx_word' id='word_1_493' title='bbox 429 3824 629 3886; x_wconf 89' lang='lat' dir='ltr'><strong>nullus</strong></span> <span class='ocrx_word' id='word_1_494' title='bbox 660 3825 864 3901; x_wconf 88' lang='lat' dir='ltr'><strong>utique</strong></span> <span class='ocrx_word' id='word_1_495' title='bbox 894 3821 966 3885; x_wconf 87' lang='lat' dir='ltr'><strong>ad</strong></span> <span class='ocrx_word' id='word_1_496' title='bbox 1026 3842 1120 3884; x_wconf 94' lang='lat' dir='ltr'><strong>me</strong></span> <span class='ocrx_word' id='word_1_497' title='bbox 1177 3842 1358 3885; x_wconf 88' lang='lat' dir='ltr'><strong>ausus</strong></span> <span class='ocrx_word' id='word_1_498' title='bbox 1409 3832 1574 3885; x_wconf 89' lang='lat' dir='ltr'><strong>esset</strong></span> <span class='ocrx_word' id='word_1_499' title='bbox 1602 3824 1916 3899; x_wconf 86' lang='lat' dir='ltr'><strong>accedere,</strong></span> <span class='ocrx_word' id='word_1_500' title='bbox 1957 3825 2084 3904; x_wconf 91' lang='lat' dir='ltr'><strong>ipse</strong></span> 
     </span>
    </p>
   </div>
   <div class='ocr_carea' id='block_1_71' title="bbox 429 3913 2084 3996">
    <p class='ocr_par' dir='ltr' id='par_1_71' title="bbox 429 3913 2084 3996">
     <span class='ocr_line' id='line_1_71' title="bbox 429 3913 2084 3996; baseline 0.002 -23"><span class='ocrx_word' id='word_1_501' title='bbox 429 3914 682 3976; x_wconf 89' lang='lat' dir='ltr'><strong>veniens</strong></span> <span class='ocrx_word' id='word_1_502' title='bbox 701 3924 903 3994; x_wconf 90' lang='lat' dir='ltr'><strong>aperte</strong></span> <span class='ocrx_word' id='word_1_503' title='bbox 928 3913 1345 3988; x_wconf 85' lang='lat' dir='ltr'><strong>Dominus,me</strong></span> <span class='ocrx_word' id='word_1_504' title='bbox 1380 3915 1639 3976; x_wconf 80' lang='lat' dir='ltr'><strong>maximo</strong></span> <span class='ocrx_word' id='word_1_505' title='bbox 1674 3918 1832 3977; x_wconf 91' lang='lat' dir='ltr'><strong>dono</strong></span> <span class='ocrx_word' id='word_1_506' title='bbox 1862 3915 2084 3996; x_wconf 86' lang='lat' dir='ltr'><strong>imper-</strong></span> 
     </span>
    </p>
   </div>
   <div class='ocr_carea' id='block_1_72' title="bbox 433 4003 2085 4086">
    <p class='ocr_par' dir='ltr' id='par_1_72' title="bbox 433 4003 2085 4086">
     <span class='ocr_line' id='line_1_72' title="bbox 433 4003 2085 4086; baseline 0.002 -21"><span class='ocrx_word' id='word_1_507' title='bbox 433 4005 524 4066; x_wconf 88' lang='lat' dir='ltr'><strong>tiit</strong></span> <span class='ocrx_word' id='word_1_508' title='bbox 554 4005 939 4086; x_wconf 86' lang='lat' dir='ltr'><strong>baptismatis.</strong></span> <span class='ocrx_word' id='word_1_509' title='bbox 978 4003 1191 4067; x_wconf 86' lang='lat' dir='ltr'><strong>Videte</strong></span> <span class='ocrx_word' id='word_1_510' title='bbox 1224 4023 1389 4085; x_wconf 81' lang='lat' dir='ltr'><strong>ergo,</strong></span> <span class='ocrx_word' id='word_1_511' title='bbox 1421 4013 1481 4066; x_wconf 91' lang='lat' dir='ltr'><strong>et</strong></span> <span class='ocrx_word' id='word_1_512' title='bbox 1513 4005 1670 4085; x_wconf 90' lang='lat' dir='ltr'><strong>turpi</strong></span> <span class='ocrx_word' id='word_1_513' title='bbox 1710 4024 1779 4066; x_wconf 91' lang='lat' dir='ltr'><strong>ac</strong></span> <span class='ocrx_word' id='word_1_514' title='bbox 1809 4004 2085 4068; x_wconf 90' lang='lat' dir='ltr'><strong>illiberali</strong></span> 
     </span>
    </p>
   </div>
   <div class='ocr_carea' id='block_1_73' title="bbox 433 4093 2079 4176">
    <p class='ocr_par' dir='ltr' id='par_1_73' title="bbox 433 4093 2079 4176">
     <span class='ocr_line' id='line_1_73' title="bbox 433 4093 2079 4176; baseline 0.001 -20"><span class='ocrx_word' id='word_1_515' title='bbox 433 4095 649 4156; x_wconf 91' lang='lat' dir='ltr'><strong>timore</strong></span> <span class='ocrx_word' id='word_1_516' title='bbox 681 4093 1043 4156; x_wconf 89' lang='lat' dir='ltr'><strong>liberemini.</strong></span> <span class='ocrx_word' id='word_1_517' title='bbox 1085 4095 1424 4170; x_wconf 85' lang='lat' dir='ltr'><strong>Quinetiam</strong></span> <span class='ocrx_word' id='word_1_518' title='bbox 1479 4105 1537 4157; x_wconf 93' lang='lat' dir='ltr'><strong>tu</strong></span> <span class='ocrx_word' id='word_1_519' title='bbox 1591 4114 1827 4175; x_wconf 90' lang='lat' dir='ltr'><strong>quoque</strong></span> <span class='ocrx_word' id='word_1_520' title='bbox 1857 4095 2079 4176; x_wconf 88' lang='lat' dir='ltr'><strong>aspice,</strong></span> 
     </span>
    </p>
   </div>
   <div class='ocr_carea' id='block_1_74' title="bbox 432 4185 2078 4269">
    <p class='ocr_par' dir='ltr' id='par_1_74' title="bbox 432 4185 2078 4269">
     <span class='ocr_line' id='line_1_74' title="bbox 432 4185 2078 4269; baseline 0.001 -20"><span class='ocrx_word' id='word_1_521' title='bbox 432 4206 673 4269; x_wconf 76' lang='lat' dir='ltr'><strong>praeses,</strong></span> <span class='ocrx_word' id='word_1_522' title='bbox 727 4187 956 4262; x_wconf 91' lang='lat' dir='ltr'><strong>relicta,</strong></span> <span class='ocrx_word' id='word_1_523' title='bbox 1015 4206 1144 4267; x_wconf 76' lang='lat' dir='ltr'><strong>quae</strong></span> <span class='ocrx_word' id='word_1_524' title='bbox 1203 4187 1353 4248; x_wconf 88' lang='lat' dir='ltr'><strong>nihil</strong></span> <span class='ocrx_word' id='word_1_525' title='bbox 1411 4185 1590 4247; x_wconf 87' lang='lat' dir='ltr'><strong>habet</strong></span> <span class='ocrx_word' id='word_1_526' title='bbox 1623 4187 1764 4247; x_wconf 83' lang='lat' dir='ltr'><strong>utile</strong></span> <span class='ocrx_word' id='word_1_527' title='bbox 1797 4186 2078 4250; x_wconf 89' lang='lat' dir='ltr'><strong>insania:</strong></span> 
     </span>
    </p>
   </div>
   <div class='ocr_carea' id='block_1_75' title="bbox 431 4275 2082 4358">
    <p class='ocr_par' dir='ltr' id='par_1_75' title="bbox 431 4275 2082 4358">
     <span class='ocr_line' id='line_1_75' title="bbox 431 4275 2082 4358; baseline -0.002 -17"><span class='ocrx_word' id='word_1_528' title='bbox 431 4280 992 4358; x_wconf 83' lang='lat' dir='ltr'><strong>cognosce,cuinam</strong></span> <span class='ocrx_word' id='word_1_529' title='bbox 1028 4277 1149 4339; x_wconf 90' lang='lat' dir='ltr'><strong>Deo</strong></span> <span class='ocrx_word' id='word_1_530' title='bbox 1184 4278 1440 4357; x_wconf 89' lang='lat' dir='ltr'><strong>teipsum</strong></span> <span class='ocrx_word' id='word_1_531' title='bbox 1476 4275 1703 4355; x_wconf 90' lang='lat' dir='ltr'><strong>absque</strong></span> <span class='ocrx_word' id='word_1_532' title='bbox 1735 4277 1967 4338; x_wconf 85' lang='lat' dir='ltr'><strong>ratione</strong></span> <span class='ocrx_word' id='word_1_533' title='bbox 2002 4277 2082 4338; x_wconf 84' lang='lat' dir='ltr'><strong>fe-</strong></span> 
     </span>
    </p>
   </div>
   <div class='ocr_carea' id='block_1_76' title="bbox 431 4366 2084 4448">
    <p class='ocr_par' dir='ltr' id='par_1_76' title="bbox 431 4366 2084 4448">
     <span class='ocr_line' id='line_1_76' title="bbox 431 4366 2084 4448; baseline -0.003 -17"><span class='ocrx_word' id='word_1_534' title='bbox 431 4371 589 4431; x_wconf 88' lang='lat' dir='ltr'><strong>ceris</strong></span> <span class='ocrx_word' id='word_1_535' title='bbox 619 4368 959 4448; x_wconf 88' lang='lat' dir='ltr'><strong>inimicum,</strong></span> <span class='ocrx_word' id='word_1_536' title='bbox 988 4375 1047 4428; x_wconf 93' lang='lat' dir='ltr'><strong>et</strong></span> <span class='ocrx_word' id='word_1_537' title='bbox 1085 4366 1618 4448; x_wconf 85' lang='lat' dir='ltr'><strong>quemadmodum,</strong></span> <span class='ocrx_word' id='word_1_538' title='bbox 1644 4385 1714 4428; x_wconf 90' lang='lat' dir='ltr'><strong>eo</strong></span> <span class='ocrx_word' id='word_1_539' title='bbox 1738 4366 1969 4445; x_wconf 84' lang='lat' dir='ltr'><strong>judice,</strong></span> <span class='ocrx_word' id='word_1_540' title='bbox 2002 4367 2084 4427; x_wconf 91' lang='lat' dir='ltr'><strong>sis</strong></span> 
     </span>
    </p>
   </div>
   <div class='ocr_carea' id='block_1_77' title="bbox 434 4459 936 4538">
    <p class='ocr_par' dir='ltr' id='par_1_77' title="bbox 434 4459 936 4538">
     <span class='ocr_line' id='line_1_77' title="bbox 434 4459 936 4538; baseline -0.012 -16"><span class='ocrx_word' id='word_1_541' title='bbox 434 4459 688 4522; x_wconf 89' lang='lat' dir='ltr'><strong>luiturus</strong></span> <span class='ocrx_word' id='word_1_542' title='bbox 716 4475 936 4538; x_wconf 76' lang='lat' dir='ltr'><strong>poenas.</strong></span> 
     </span>
    </p>
   </div>
   <div class='ocr_carea' id='block_1_78' title="bbox 513 4545 2082 4625">
    <p class='ocr_par' dir='ltr' id='par_1_78' title="bbox 513 4545 2082 4625">
     <span class='ocr_line' id='line_1_78' title="bbox 513 4545 2082 4625; baseline -0.003 -15"><span class='ocrx_word' id='word_1_543' title='bbox 513 4547 764 4610; x_wconf 83' lang='lat' dir='ltr'><strong>XXXIII.</strong></span> <span class='ocrx_word' id='word_1_544' title='bbox 805 4548 949 4610; x_wconf 92' lang='lat' dir='ltr'><strong>Cum</strong></span> <span class='ocrx_word' id='word_1_545' title='bbox 987 4555 1206 4625; x_wconf 86' lang='lat' dir='ltr'><strong>martyr</strong></span> <span class='ocrx_word' id='word_1_546' title='bbox 1261 4547 1345 4607; x_wconf 90' lang='lat' dir='ltr'><strong>sic</strong></span> <span class='ocrx_word' id='word_1_547' title='bbox 1378 4556 1536 4607; x_wconf 88' lang='lat' dir='ltr'><strong>esset</strong></span> <span class='ocrx_word' id='word_1_548' title='bbox 1568 4545 1827 4618; x_wconf 90' lang='lat' dir='ltr'><strong>locutus,</strong></span> <span class='ocrx_word' id='word_1_549' title='bbox 1862 4562 2082 4625; x_wconf 76' lang='lat' dir='ltr'><strong>praeses</strong></span> 
     </span>
    </p>
   </div>
   <div class='ocr_carea' id='block_1_79' title="bbox 427 4635 2082 4718">
    <p class='ocr_par' dir='ltr' id='par_1_79' title="bbox 427 4635 2082 4718">
     <span class='ocr_line' id='line_1_79' title="bbox 427 4635 2082 4718; baseline -0.002 -19"><span class='ocrx_word' id='word_1_550' title='bbox 427 4657 620 4718; x_wconf 90' lang='lat' dir='ltr'><strong>neque</strong></span> <span class='ocrx_word' id='word_1_551' title='bbox 647 4656 717 4699; x_wconf 91' lang='lat' dir='ltr'><strong>ea</strong></span> <span class='ocrx_word' id='word_1_552' title='bbox 751 4656 881 4717; x_wconf 62' lang='lat' dir='ltr'><strong>qua;</strong></span> <span class='ocrx_word' id='word_1_553' title='bbox 911 4636 1056 4698; x_wconf 89' lang='lat' dir='ltr'><strong>vidit</strong></span> <span class='ocrx_word' id='word_1_554' title='bbox 1085 4635 1737 4711; x_wconf 89' lang='lat' dir='ltr'><strong>admirabilia,omnino</strong></span> <span class='ocrx_word' id='word_1_555' title='bbox 1768 4635 2082 4697; x_wconf 85' lang='lat' dir='ltr'><strong>attendens</strong></span> 
     </span>
    </p>
   </div>
   <div class='ocr_carea' id='block_1_80' title="bbox 429 4723 2079 4806">
    <p class='ocr_par' dir='ltr' id='par_1_80' title="bbox 429 4723 2079 4806">
     <span class='ocr_line' id='line_1_80' title="bbox 429 4723 2079 4806; baseline -0.003 -17"><span class='ocrx_word' id='word_1_556' title='bbox 429 4732 548 4804; x_wconf 88' lang='lat' dir='ltr'><strong>(res</strong></span> <span class='ocrx_word' id='word_1_557' title='bbox 579 4726 737 4788; x_wconf 91' lang='lat' dir='ltr'><strong>enim</strong></span> <span class='ocrx_word' id='word_1_558' title='bbox 774 4727 950 4805; x_wconf 84' lang='lat' dir='ltr'><strong>plane</strong></span> <span class='ocrx_word' id='word_1_559' title='bbox 973 4745 1152 4806; x_wconf 67' lang='lat' dir='ltr'><strong>creua,</strong></span> <span class='ocrx_word' id='word_1_560' title='bbox 1185 4735 1274 4787; x_wconf 88' lang='lat' dir='ltr'><strong>est</strong></span> <span class='ocrx_word' id='word_1_561' title='bbox 1307 4725 1542 4802; x_wconf 88' lang='lat' dir='ltr'><strong>vitium)</strong></span> <span class='ocrx_word' id='word_1_562' title='bbox 1577 4747 1588 4782; x_wconf 95' lang='lat'>:</span> <span class='ocrx_word' id='word_1_563' title='bbox 1630 4726 1764 4786; x_wconf 61' lang='lat' dir='ltr'><strong>Haec</strong></span> <span class='ocrx_word' id='word_1_564' title='bbox 1809 4723 2079 4805; x_wconf 92' lang='lat' dir='ltr'><strong>quidem,</strong></span> 
     </span>
    </p>
   </div>
   <div class='ocr_carea' id='block_1_81' title="bbox 427 4814 2078 4897">
    <p class='ocr_par' dir='ltr' id='par_1_81' title="bbox 427 4814 2078 4897">
     <span class='ocr_line' id='line_1_81' title="bbox 427 4814 2078 4897; baseline -0.002 -17"><span class='ocrx_word' id='word_1_565' title='bbox 427 4818 643 4897; x_wconf 85' lang='lat' dir='ltr'><strong>inquit,</strong></span> <span class='ocrx_word' id='word_1_566' title='bbox 679 4817 868 4892; x_wconf 84' lang='lat' dir='ltr'><strong>mitte,</strong></span> <span class='ocrx_word' id='word_1_567' title='bbox 902 4837 934 4875; x_wconf 90' lang='grc' dir='ltr'><strong>ο</strong></span> <span class='ocrx_word' id='word_1_568' title='bbox 969 4816 1305 4878; x_wconf 90' lang='lat' dir='ltr'><strong>Philemon.</strong></span> <span class='ocrx_word' id='word_1_569' title='bbox 1342 4814 1502 4877; x_wconf 91' lang='lat' dir='ltr'><strong>Nihil</strong></span> <span class='ocrx_word' id='word_1_570' title='bbox 1556 4817 1714 4876; x_wconf 90' lang='lat' dir='ltr'><strong>enim</strong></span> <span class='ocrx_word' id='word_1_571' title='bbox 1772 4822 1862 4876; x_wconf 91' lang='lat' dir='ltr'><strong>est</strong></span> <span class='ocrx_word' id='word_1_572' title='bbox 1891 4815 2078 4895; x_wconf 90' lang='lat' dir='ltr'><strong>aliud,</strong></span> 
     </span>
    </p>
   </div>
   <div class='ocr_carea' id='block_1_82' title="bbox 431 4905 2084 4987">
    <p class='ocr_par' dir='ltr' id='par_1_82' title="bbox 431 4905 2084 4987">
     <span class='ocr_line' id='line_1_82' title="bbox 431 4905 2084 4987; baseline -0.002 -17"><span class='ocrx_word' id='word_1_573' title='bbox 431 4908 545 4971; x_wconf 90' lang='lat' dir='ltr'><strong>nisi</strong></span> <span class='ocrx_word' id='word_1_574' title='bbox 577 4907 765 4968; x_wconf 75' lang='lat' dir='ltr'><strong>solu&#39;n</strong></span> <span class='ocrx_word' id='word_1_575' title='bbox 795 4906 1102 4968; x_wconf 87' lang='lat' dir='ltr'><strong>oculorum</strong></span> <span class='ocrx_word' id='word_1_576' title='bbox 1130 4907 1404 4987; x_wconf 88' lang='lat' dir='ltr'><strong>deceptio</strong></span> <span class='ocrx_word' id='word_1_577' title='bbox 1439 4913 1496 4966; x_wconf 92' lang='lat' dir='ltr'><strong>et</strong></span> <span class='ocrx_word' id='word_1_578' title='bbox 1528 4905 1950 4986; x_wconf 66' lang='lat' dir='ltr'><strong>praestigiae.Tu</strong></span> <span class='ocrx_word' id='word_1_579' title='bbox 1982 4924 2084 4966; x_wconf 91' lang='lat' dir='ltr'><strong>au-</strong></span> 
     </span>
    </p>
   </div>
   <div class='ocr_carea' id='block_1_83' title="bbox 433 4994 2083 5078">
    <p class='ocr_par' dir='ltr' id='par_1_83' title="bbox 433 4994 2083 5078">
     <span class='ocr_line' id='line_1_83' title="bbox 433 4994 2083 5078; baseline -0.002 -18"><span class='ocrx_word' id='word_1_580' title='bbox 433 5007 551 5060; x_wconf 93' lang='lat' dir='ltr'><strong>tem</strong></span> <span class='ocrx_word' id='word_1_581' title='bbox 579 4999 698 5078; x_wconf 88' lang='lat' dir='ltr'><strong>dic,</strong></span> <span class='ocrx_word' id='word_1_582' title='bbox 723 5015 974 5078; x_wconf 89' lang='lat' dir='ltr'><strong>quanam</strong></span> <span class='ocrx_word' id='word_1_583' title='bbox 1015 4999 1089 5058; x_wconf 90' lang='lat' dir='ltr'><strong>de</strong></span> <span class='ocrx_word' id='word_1_584' title='bbox 1133 5015 1312 5059; x_wconf 86' lang='lat' dir='ltr'><strong>causa</strong></span> <span class='ocrx_word' id='word_1_585' title='bbox 1341 5015 1437 5057; x_wconf 93' lang='lat' dir='ltr'><strong>res</strong></span> <span class='ocrx_word' id='word_1_586' title='bbox 1468 4994 1732 5074; x_wconf 86' lang='lat' dir='ltr'><strong>despicis</strong></span> <span class='ocrx_word' id='word_1_587' title='bbox 1762 4994 1910 5056; x_wconf 92' lang='lat' dir='ltr'><strong>adeo</strong></span> <span class='ocrx_word' id='word_1_588' title='bbox 1943 4995 2083 5056; x_wconf 72' lang='lat' dir='ltr'><strong>del--</strong></span> 
     </span>
    </p>
   </div>
   <div class='ocr_carea' id='block_1_84' title="bbox 430 5083 2082 5168">
    <p class='ocr_par' dir='ltr' id='par_1_84' title="bbox 430 5083 2082 5168">
     <span class='ocr_line' id='line_1_84' title="bbox 430 5083 2082 5168; baseline -0.003 -17"><span class='ocrx_word' id='word_1_589' title='bbox 430 5107 554 5168; x_wconf 88' lang='lat' dir='ltr'><strong>ces,</strong></span> <span class='ocrx_word' id='word_1_590' title='bbox 584 5097 646 5151; x_wconf 91' lang='lat' dir='ltr'><strong>ut</strong></span> <span class='ocrx_word' id='word_1_591' title='bbox 676 5106 871 5167; x_wconf 90' lang='lat' dir='ltr'><strong>neque</strong></span> <span class='ocrx_word' id='word_1_592' title='bbox 931 5087 1482 5162; x_wconf 69' lang='lat' dir='ltr'><strong>tuarum,tihia:-um</strong></span> <span class='ocrx_word' id='word_1_593' title='bbox 1518 5083 1698 5145; x_wconf 85' lang='lat' dir='ltr'><strong>ullam</strong></span> <span class='ocrx_word' id='word_1_594' title='bbox 1752 5085 1935 5146; x_wconf 84' lang='lat' dir='ltr'><strong>ducas</strong></span> <span class='ocrx_word' id='word_1_595' title='bbox 1981 5103 2082 5146; x_wconf 89' lang='lat' dir='ltr'><strong>ra-</strong></span> 
     </span>
    </p>
   </div>
   <div class='ocr_carea' id='block_1_85' title="bbox 431 5175 2084 5259">
    <p class='ocr_par' dir='ltr' id='par_1_85' title="bbox 431 5175 2084 5259">
     <span class='ocr_line' id='line_1_85' title="bbox 431 5175 2084 5259; baseline -0.002 -19"><span class='ocrx_word' id='word_1_596' title='bbox 431 5180 881 5259; x_wconf 87' lang='lat' dir='ltr'><strong>tionem,neque</strong></span> <span class='ocrx_word' id='word_1_597' title='bbox 914 5177 1237 5239; x_wconf 79' lang='lat' dir='ltr'><strong>maximum</strong></span> <span class='ocrx_word' id='word_1_598' title='bbox 1270 5183 1542 5237; x_wconf 84' lang='lat' dir='ltr'><strong>nostrum</strong></span> <span class='ocrx_word' id='word_1_599' title='bbox 1575 5175 1793 5236; x_wconf 79' lang='lat' dir='ltr'><strong>festum</strong></span> <span class='ocrx_word' id='word_1_600' title='bbox 1820 5176 1912 5237; x_wconf 83' lang='lat' dir='ltr'><strong>vel</strong></span> <span class='ocrx_word' id='word_1_601' title='bbox 1950 5183 2084 5236; x_wconf 88' lang='lat' dir='ltr'><strong>tan-</strong></span> 
     </span>
    </p>
   </div>
   <div class='ocr_carea' id='block_1_86' title="bbox 433 5265 2085 5345">
    <p class='ocr_par' dir='ltr' id='par_1_86' title="bbox 433 5265 2085 5345">
     <span class='ocr_line' id='line_1_86' title="bbox 433 5265 2085 5345; baseline -0.001 -16"><span class='ocrx_word' id='word_1_602' title='bbox 433 5269 620 5331; x_wconf 90' lang='lat' dir='ltr'><strong>tillum</strong></span> <span class='ocrx_word' id='word_1_603' title='bbox 655 5269 850 5330; x_wconf 87' lang='lat' dir='ltr'><strong>veniat</strong></span> <span class='ocrx_word' id='word_1_604' title='bbox 883 5272 938 5328; x_wconf 92' lang='lat' dir='ltr'><strong>in</strong></span> <span class='ocrx_word' id='word_1_605' title='bbox 976 5276 1261 5336; x_wconf 89' lang='lat' dir='ltr'><strong>mentem,</strong></span> <span class='ocrx_word' id='word_1_606' title='bbox 1299 5285 1494 5344; x_wconf 86' lang='lat' dir='ltr'><strong>neque</strong></span> <span class='ocrx_word' id='word_1_607' title='bbox 1530 5265 1714 5325; x_wconf 90' lang='lat' dir='ltr'><strong>ullum</strong></span> <span class='ocrx_word' id='word_1_608' title='bbox 1750 5265 1928 5325; x_wconf 90' lang='lat' dir='ltr'><strong>totius</strong></span> <span class='ocrx_word' id='word_1_609' title='bbox 1975 5285 2085 5345; x_wconf 89' lang='lat' dir='ltr'><strong>po-</strong></span> 
     </span>
    </p>
   </div>
   <div class='ocr_carea' id='block_1_87' title="bbox 433 5354 2087 5439">
    <p class='ocr_par' dir='ltr' id='par_1_87' title="bbox 433 5354 2087 5439">
     <span class='ocr_line' id='line_1_87' title="bbox 433 5354 2087 5439; baseline -0.002 -19"><span class='ocrx_word' id='word_1_610' title='bbox 433 5360 553 5439; x_wconf 89' lang='lat' dir='ltr'><strong>puli</strong></span> <span class='ocrx_word' id='word_1_611' title='bbox 577 5367 632 5420; x_wconf 91' lang='lat' dir='ltr'><strong>te</strong></span> <span class='ocrx_word' id='word_1_612' title='bbox 658 5364 850 5436; x_wconf 63' lang='lat' dir='ltr'><strong>capiat.</strong></span> <span class='ocrx_word' id='word_1_613' title='bbox 881 5357 1249 5418; x_wconf 87' lang='lat' dir='ltr'><strong>desiderium</strong></span> <span class='ocrx_word' id='word_1_614' title='bbox 1277 5378 1289 5419; x_wconf 93' lang='lat'>:</span> <span class='ocrx_word' id='word_1_615' title='bbox 1340 5354 1440 5436; x_wconf 90' lang='lat' dir='ltr'><strong>qui</strong></span> <span class='ocrx_word' id='word_1_616' title='bbox 1473 5363 1783 5435; x_wconf 89' lang='lat' dir='ltr'><strong>postquam</strong></span> <span class='ocrx_word' id='word_1_617' title='bbox 1812 5357 2087 5416; x_wconf 90' lang='lat' dir='ltr'><strong>venerint</strong></span> 
     </span>
    </p>
   </div>
   <div class='ocr_carea' id='block_1_88' title="bbox 433 5444 2086 5529">
    <p class='ocr_par' dir='ltr' id='par_1_88' title="bbox 433 5444 2086 5529">
     <span class='ocr_line' id='line_1_88' title="bbox 433 5444 2086 5529; baseline -0.004 -19"><span class='ocrx_word' id='word_1_618' title='bbox 433 5449 675 5529; x_wconf 86' lang='lat' dir='ltr'><strong>quidem</strong></span> <span class='ocrx_word' id='word_1_619' title='bbox 708 5449 767 5508; x_wconf 92' lang='lat' dir='ltr'><strong>in</strong></span> <span class='ocrx_word' id='word_1_620' title='bbox 812 5449 1131 5526; x_wconf 87' lang='lat' dir='ltr'><strong>theatrum,</strong></span> <span class='ocrx_word' id='word_1_621' title='bbox 1189 5455 1242 5508; x_wconf 91' lang='lat' dir='ltr'><strong>te</strong></span> <span class='ocrx_word' id='word_1_622' title='bbox 1293 5454 1492 5507; x_wconf 89' lang='lat' dir='ltr'><strong>autem</strong></span> <span class='ocrx_word' id='word_1_623' title='bbox 1537 5462 1654 5504; x_wconf 82' lang='lat' dir='ltr'><strong>non</strong></span> <span class='ocrx_word' id='word_1_624' title='bbox 1701 5444 2086 5524; x_wconf 85' lang='lat' dir='ltr'><strong>adspexerint</strong></span> 
     </span>
    </p>
   </div>
   <div class='ocr_carea' id='block_1_89' title="bbox 431 5533 2086 5613">
    <p class='ocr_par' dir='ltr' id='par_1_89' title="bbox 431 5533 2086 5613">
     <span class='ocr_line' id='line_1_89' title="bbox 431 5533 2086 5613; baseline -0.004 -11"><span class='ocrx_word' id='word_1_625' title='bbox 431 5539 725 5602; x_wconf 86' lang='lat' dir='ltr'><strong>concinne</strong></span> <span class='ocrx_word' id='word_1_626' title='bbox 747 5546 806 5599; x_wconf 86' lang='lat' dir='ltr'><strong>et</strong></span> <span class='ocrx_word' id='word_1_627' title='bbox 837 5537 1142 5599; x_wconf 85' lang='lat' dir='ltr'><strong>modulate</strong></span> <span class='ocrx_word' id='word_1_628' title='bbox 1169 5546 1507 5606; x_wconf 80' lang='lat' dir='ltr'><strong>canentem,</strong></span> <span class='ocrx_word' id='word_1_629' title='bbox 1537 5533 1642 5595; x_wconf 91' lang='lat' dir='ltr'><strong>sed</strong></span> <span class='ocrx_word' id='word_1_630' title='bbox 1676 5533 1856 5594; x_wconf 87' lang='lat' dir='ltr'><strong>alium</strong></span> <span class='ocrx_word' id='word_1_631' title='bbox 1894 5554 1997 5613; x_wconf 92' lang='lat' dir='ltr'><strong>pro</strong></span> <span class='ocrx_word' id='word_1_632' title='bbox 2029 5546 2086 5596; x_wconf 88' lang='lat' dir='ltr'><strong>te</strong></span> 
     </span>
    </p>
   </div>
   <div class='ocr_carea' id='block_1_90' title="bbox 432 5622 2083 5707">
    <p class='ocr_par' dir='ltr' id='par_1_90' title="bbox 432 5622 2083 5707">
     <span class='ocr_line' id='line_1_90' title="bbox 432 5622 2083 5707; baseline -0.004 -17"><span class='ocrx_word' id='word_1_633' title='bbox 432 5635 770 5690; x_wconf 88' lang='lat' dir='ltr'><strong>sumentem</strong></span> <span class='ocrx_word' id='word_1_634' title='bbox 797 5626 995 5701; x_wconf 79' lang='lat' dir='ltr'><strong>tibias,</strong></span> <span class='ocrx_word' id='word_1_635' title='bbox 1022 5635 1336 5707; x_wconf 86' lang='lat' dir='ltr'><strong>quantum,</strong></span> <span class='ocrx_word' id='word_1_636' title='bbox 1376 5633 1570 5704; x_wconf 84' lang='lat' dir='ltr'><strong>putas,</strong></span> <span class='ocrx_word' id='word_1_637' title='bbox 1608 5622 1919 5703; x_wconf 75' lang='lat' dir='ltr'><strong>lugebunt,</strong></span> <span class='ocrx_word' id='word_1_638' title='bbox 1955 5643 2083 5685; x_wconf 83' lang='lat' dir='ltr'><strong>mo-</strong></span> 
     </span>
    </p>
   </div>
   <div class='ocr_carea' id='block_1_91' title="bbox 437 5710 2083 5793">
    <p class='ocr_par' dir='ltr' id='par_1_91' title="bbox 437 5710 2083 5793">
     <span class='ocr_line' id='line_1_91' title="bbox 437 5710 2083 5793; baseline -0.005 -10"><span class='ocrx_word' id='word_1_639' title='bbox 437 5719 645 5787; x_wconf 87' lang='lat' dir='ltr'><strong>dorum</strong></span> <span class='ocrx_word' id='word_1_640' title='bbox 667 5725 898 5788; x_wconf 79' lang='lat' dir='ltr'><strong>tuorum</strong></span> <span class='ocrx_word' id='word_1_641' title='bbox 930 5715 1339 5793; x_wconf 78' lang='lat' dir='ltr'><strong>recordantes,</strong></span> <span class='ocrx_word' id='word_1_642' title='bbox 1377 5722 1435 5782; x_wconf 91' lang='lat' dir='ltr'><strong>et</strong></span> <span class='ocrx_word' id='word_1_643' title='bbox 1465 5723 1578 5776; x_wconf 61' lang='lat' dir='ltr'><strong>tua;</strong></span> <span class='ocrx_word' id='word_1_644' title='bbox 1608 5710 1910 5774; x_wconf 89' lang='lat' dir='ltr'><strong>illicleutis</strong></span> <span class='ocrx_word' id='word_1_645' title='bbox 1945 5731 2083 5776; x_wconf 90' lang='lat' dir='ltr'><strong>sua-</strong></span> 
     </span>
    </p>
   </div>
   <div class='ocr_carea' id='block_1_92' title="bbox 2167 3291 3819 3376">
    <p class='ocr_par' dir='ltr' id='par_1_92' title="bbox 2167 3291 3819 3376">
     <span class='ocr_line' id='line_1_92' title="bbox 2167 3291 3819 3376; baseline 0.004 -30"><span class='ocrx_word' id='word_1_646' title='bbox 2167 3291 2304 3370; x_wconf 78' lang='grc' dir='ltr'>φέλη</span> <span class='ocrx_word' id='word_1_647' title='bbox 2336 3291 2433 3366; x_wconf 82' lang='grc' dir='ltr'>μὲν</span> <span class='ocrx_word' id='word_1_648' title='bbox 2466 3291 2630 3348; x_wconf 79' lang='grc' dir='ltr'>ἄνεισι</span> <span class='ocrx_word' id='word_1_649' title='bbox 2662 3291 2844 3349; x_wconf 87' lang='grc' dir='ltr'>πάλιν·</span> <span class='ocrx_word' id='word_1_650' title='bbox 2881 3296 2909 3350; x_wconf 90' lang='lat'><strong>6</strong></span> <span class='ocrx_word' id='word_1_651' title='bbox 2952 3292 3006 3350; x_wconf 79' lang='grc' dir='ltr'>δὲ</span> <span class='ocrx_word' id='word_1_652' title='bbox 3037 3297 3139 3350; x_wconf 81' lang='grc' dir='ltr'><strong>ὑπὸ</strong></span> <span class='ocrx_word' id='word_1_653' title='bbox 3181 3299 3305 3358; x_wconf 65' lang='grc' dir='ltr'>τοϊς</span> <span class='ocrx_word' id='word_1_654' title='bbox 3336 3297 3588 3352; x_wconf 79' lang='grc' dir='ltr'>ἁπάντων</span> <span class='ocrx_word' id='word_1_655' title='bbox 3619 3295 3819 3376; x_wconf 75' lang='grc' dir='ltr'>ὀφθαλο</span> 
     </span>
    </p>
   </div>
   <div class='ocr_carea' id='block_1_93' title="bbox 2168 3381 3814 3465">
    <p class='ocr_par' dir='ltr' id='par_1_93' title="bbox 2168 3381 3814 3465">
     <span class='ocr_line' id='line_1_93' title="bbox 2168 3381 3814 3465; baseline 0.005 -31"><span class='ocrx_word' id='word_1_656' title='bbox 2168 3393 2296 3454; x_wconf 77' lang='grc' dir='ltr'>μοῖς</span> <span class='ocrx_word' id='word_1_657' title='bbox 2353 3381 2577 3459; x_wconf 71' lang='grc' dir='ltr'>οὖρανίῳ</span> <span class='ocrx_word' id='word_1_658' title='bbox 2651 3383 2843 3455; x_wconf 88' lang='grc' dir='ltr'>νάματι</span> <span class='ocrx_word' id='word_1_659' title='bbox 2930 3384 3348 3465; x_wconf 85' lang='grc' dir='ltr'>βαπτισάμενος,</span> <span class='ocrx_word' id='word_1_660' title='bbox 3426 3385 3584 3464; x_wconf 80' lang='grc' dir='ltr'>Ὀρᾷν</span> <span class='ocrx_word' id='word_1_661' title='bbox 3660 3388 3814 3465; x_wconf 73' lang='grc' dir='ltr'>ὃμϊν,</span> 
     </span>
    </p>
   </div>
   <div class='ocr_carea' id='block_1_94' title="bbox 2167 3471 3822 3557">
    <p class='ocr_par' dir='ltr' id='par_1_94' title="bbox 2167 3471 3822 3557">
     <span class='ocr_line' id='line_1_94' title="bbox 2167 3471 3822 3557; baseline 0.004 -31"><span class='ocrx_word' id='word_1_662' title='bbox 2167 3471 2292 3546; x_wconf 76' lang='grc' dir='ltr'>ἔφη,</span> <span class='ocrx_word' id='word_1_663' title='bbox 2350 3471 2625 3547; x_wconf 82' lang='grc' dir='ltr'>πρόκειται</span> <span class='ocrx_word' id='word_1_664' title='bbox 2659 3478 2820 3527; x_wconf 82' lang='grc' dir='ltr'>πᾶσιν</span> <span class='ocrx_word' id='word_1_665' title='bbox 2867 3471 2982 3529; x_wconf 65' lang='grc' dir='ltr'>ὅσοι</span> <span class='ocrx_word' id='word_1_666' title='bbox 3021 3477 3327 3554; x_wconf 85' lang='grc' dir='ltr'>Χριστιανοὶ</span> <span class='ocrx_word' id='word_1_667' title='bbox 3370 3475 3466 3550; x_wconf 79' lang='grc' dir='ltr'>μέν</span> <span class='ocrx_word' id='word_1_668' title='bbox 3497 3475 3640 3557; x_wconf 80' lang='grc' dir='ltr'>ἐστε,</span> <span class='ocrx_word' id='word_1_669' title='bbox 3673 3475 3822 3534; x_wconf 73' lang='grc' dir='ltr'>οἱὶπω</span> 
     </span>
    </p>
   </div>
   <div class='ocr_carea' id='block_1_95' title="bbox 2167 3558 3821 3641">
    <p class='ocr_par' dir='ltr' id='par_1_95' title="bbox 2167 3558 3821 3641">
     <span class='ocr_line' id='line_1_95' title="bbox 2167 3558 3821 3641; baseline 0.005 -26"><span class='ocrx_word' id='word_1_670' title='bbox 2167 3558 2221 3615; x_wconf 79' lang='grc' dir='ltr'>δὲ</span> <span class='ocrx_word' id='word_1_671' title='bbox 2281 3562 2367 3616; x_wconf 82' lang='grc' dir='ltr'>καὶ</span> <span class='ocrx_word' id='word_1_672' title='bbox 2427 3558 2581 3627; x_wconf 81' lang='grc' dir='ltr'>δῆλοι</span> <span class='ocrx_word' id='word_1_673' title='bbox 2639 3561 2739 3629; x_wconf 79' lang='grc' dir='ltr'>τὴν</span> <span class='ocrx_word' id='word_1_674' title='bbox 2793 3561 3061 3618; x_wconf 71' lang='grc' dir='ltr'>εὐσέϐειαν</span> <span class='ocrx_word' id='word_1_675' title='bbox 3133 3565 3273 3621; x_wconf 73' lang='grc' dir='ltr'>εἶναι</span> <span class='ocrx_word' id='word_1_676' title='bbox 3335 3565 3612 3641; x_wconf 77' lang='grc' dir='ltr'>βούλεσθε,</span> <span class='ocrx_word' id='word_1_677' title='bbox 3672 3565 3821 3632; x_wconf 80' lang='grc' dir='ltr'>ὅπως</span> 
     </span>
    </p>
   </div>
   <div class='ocr_carea' id='block_1_96' title="bbox 2167 3648 3821 3734">
    <p class='ocr_par' dir='ltr' id='par_1_96' title="bbox 2167 3648 3821 3734">
     <span class='ocr_line' id='line_1_96' title="bbox 2167 3648 3821 3734; baseline 0.005 -30"><span class='ocrx_word' id='word_1_678' title='bbox 2167 3648 2375 3715; x_wconf 60' lang='lat' dir='ltr'><strong>ceam;</strong></span> <span class='ocrx_word' id='word_1_679' title='bbox 2407 3653 2552 3724; x_wconf 81' lang='grc' dir='ltr'>ὑμῶν</span> <span class='ocrx_word' id='word_1_680' title='bbox 2587 3649 2702 3707; x_wconf 69' lang='grc' dir='ltr'>οὐδὲ</span> <span class='ocrx_word' id='word_1_681' title='bbox 2735 3651 3048 3723; x_wconf 80' lang='grc' dir='ltr'>προσελθεῖν</span> <span class='ocrx_word' id='word_1_682' title='bbox 3099 3676 3194 3728; x_wconf 89' lang='grc' dir='ltr'><strong>μοι</strong></span> <span class='ocrx_word' id='word_1_683' title='bbox 3249 3655 3397 3734; x_wconf 78' lang='grc' dir='ltr'>τάχα</span> <span class='ocrx_word' id='word_1_684' title='bbox 3452 3656 3821 3727; x_wconf 77' lang='grc' dir='ltr'>θαρσήσαντας</span> 
     </span>
    </p>
   </div>
   <div class='ocr_carea' id='block_1_97' title="bbox 2166 3739 3811 3822">
    <p class='ocr_par' dir='ltr' id='par_1_97' title="bbox 2166 3739 3811 3822">
     <span class='ocr_line' id='line_1_97' title="bbox 2166 3739 3811 3822; baseline 0.003 -26"><span class='ocrx_word' id='word_1_685' title='bbox 2166 3741 2324 3804; x_wconf 72' lang='grc' dir='ltr'>αὖτὸς</span> <span class='ocrx_word' id='word_1_686' title='bbox 2367 3743 2639 3818; x_wconf 70' lang='grc' dir='ltr'>ἒπιφανῶς</span> <span class='ocrx_word' id='word_1_687' title='bbox 2671 3739 2836 3798; x_wconf 77' lang='grc' dir='ltr'>ἐλθὼν</span> <span class='ocrx_word' id='word_1_688' title='bbox 2867 3744 2894 3798; x_wconf 88' lang='lat'><strong>6</strong></span> <span class='ocrx_word' id='word_1_689' title='bbox 2943 3745 3220 3811; x_wconf 77' lang='grc' dir='ltr'>Δεσπότης</span> <span class='ocrx_word' id='word_1_690' title='bbox 3270 3747 3366 3811; x_wconf 75' lang='grc' dir='ltr'><strong>τῆς</strong></span> <span class='ocrx_word' id='word_1_691' title='bbox 3427 3746 3687 3822; x_wconf 75' lang='grc' dir='ltr'>μεγίστης</span> <span class='ocrx_word' id='word_1_692' title='bbox 3719 3768 3811 3820; x_wconf 86' lang='grc' dir='ltr'><strong>μοι</strong></span> 
     </span>
    </p>
   </div>
   <div class='ocr_carea' id='block_1_98' title="bbox 2165 3819 3820 3912">
    <p class='ocr_par' dir='ltr' id='par_1_98' title="bbox 2165 3819 3820 3912">
     <span class='ocr_line' id='line_1_98' title="bbox 2165 3819 3820 3912; baseline 0.004 -27"><span class='ocrx_word' id='word_1_693' title='bbox 2165 3837 2257 3887; x_wconf 82' lang='grc' dir='ltr'>τοῦ</span> <span class='ocrx_word' id='word_1_694' title='bbox 2323 3830 2688 3907; x_wconf 76' lang='grc' dir='ltr'>βαπτίσματος</span> <span class='ocrx_word' id='word_1_695' title='bbox 2757 3831 3080 3898; x_wconf 73' lang='grc' dir='ltr'>ἐκοινώνησε</span> <span class='ocrx_word' id='word_1_696' title='bbox 3166 3831 3389 3912; x_wconf 81' lang='grc' dir='ltr'>δωρεᾶς.</span> <span class='ocrx_word' id='word_1_697' title='bbox 3431 3819 3624 3891; x_wconf 13' lang='grc' dir='ltr'>γ”Ιδετε</span> <span class='ocrx_word' id='word_1_698' title='bbox 3702 3819 3820 3891; x_wconf 80' lang='grc' dir='ltr'>τοι·</span> 
     </span>
    </p>
   </div>
   <div class='ocr_carea' id='block_1_99' title="bbox 2166 3920 3818 4002">
    <p class='ocr_par' dir='ltr' id='par_1_99' title="bbox 2166 3920 3818 4002">
     <span class='ocr_line' id='line_1_99' title="bbox 2166 3920 3818 4002; baseline 0.001 -26"><span class='ocrx_word' id='word_1_699' title='bbox 2166 3927 2382 4001; x_wconf 82' lang='grc' dir='ltr'>γαροῦν,</span> <span class='ocrx_word' id='word_1_700' title='bbox 2437 3923 2524 3977; x_wconf 88' lang='grc' dir='ltr'><strong>καὶ</strong></span> <span class='ocrx_word' id='word_1_701' title='bbox 2585 3921 2746 4002; x_wconf 76' lang='grc' dir='ltr'>φόϐου</span> <span class='ocrx_word' id='word_1_702' title='bbox 2804 3923 2889 3980; x_wconf 81' lang='grc' dir='ltr'><strong>καὶ</strong></span> <span class='ocrx_word' id='word_1_703' title='bbox 2949 3920 3144 3986; x_wconf 84' lang='grc' dir='ltr'>δειλίας</span> <span class='ocrx_word' id='word_1_704' title='bbox 3191 3928 3287 3988; x_wconf 80' lang='grc' dir='ltr'>τῆς</span> <span class='ocrx_word' id='word_1_705' title='bbox 3350 3923 3599 4000; x_wconf 68' lang='grc' dir='ltr'>ἀγεννοῦς</span> <span class='ocrx_word' id='word_1_706' title='bbox 3633 3922 3818 3979; x_wconf 80' lang='grc' dir='ltr'>ἀπαλ-</span> 
     </span>
    </p>
   </div>
   <div class='ocr_carea' id='block_1_100' title="bbox 2168 4009 3819 4089">
    <p class='ocr_par' dir='ltr' id='par_1_100' title="bbox 2168 4009 3819 4089">
     <span class='ocr_line' id='line_1_100' title="bbox 2168 4009 3819 4089; baseline 0 -23"><span class='ocrx_word' id='word_1_707' title='bbox 2168 4009 2392 4087; x_wconf 78' lang='grc' dir='ltr'>λάγητε.</span> <span class='ocrx_word' id='word_1_708' title='bbox 2447 4014 2542 4069; x_wconf 85' lang='grc' dir='ltr'><strong>Καὶ</strong></span> <span class='ocrx_word' id='word_1_709' title='bbox 2577 4013 2636 4068; x_wconf 88' lang='grc' dir='ltr'>σὺ</span> <span class='ocrx_word' id='word_1_710' title='bbox 2667 4010 2745 4083; x_wconf 71' lang='grc' dir='ltr'>δὲ,</span> <span class='ocrx_word' id='word_1_711' title='bbox 2779 4009 3093 4089; x_wconf 83' lang='grc' dir='ltr'>περίϐλεπτε</span> <span class='ocrx_word' id='word_1_712' title='bbox 3141 4011 3383 4087; x_wconf 75' lang='grc' dir='ltr'>ἡγεμὼν,</span> <span class='ocrx_word' id='word_1_713' title='bbox 3419 4009 3612 4084; x_wconf 82' lang='grc' dir='ltr'>μανίας</span> <span class='ocrx_word' id='word_1_714' title='bbox 3674 4009 3819 4066; x_wconf 70' lang='grc' dir='ltr'>οῦδὲν</span> 
     </span>
    </p>
   </div>
   <div class='ocr_carea' id='block_1_101' title="bbox 2169 4099 3817 4180">
    <p class='ocr_par' dir='ltr' id='par_1_101' title="bbox 2169 4099 3817 4180">
     <span class='ocr_line' id='line_1_101' title="bbox 2169 4099 3817 4180; baseline -0.001 -25"><span class='ocrx_word' id='word_1_715' title='bbox 2169 4100 2402 4180; x_wconf 79' lang='grc' dir='ltr'>ἐχούσης</span> <span class='ocrx_word' id='word_1_716' title='bbox 2432 4099 2700 4161; x_wconf 75' lang='grc' dir='ltr'>λυσιτελὲς</span> <span class='ocrx_word' id='word_1_717' title='bbox 2749 4099 3011 4170; x_wconf 79' lang='grc' dir='ltr'>ἀποστὰς,</span> <span class='ocrx_word' id='word_1_718' title='bbox 3043 4103 3204 4176; x_wconf 81' lang='grc' dir='ltr'>γνῶθι</span> <span class='ocrx_word' id='word_1_719' title='bbox 3267 4100 3364 4156; x_wconf 88' lang='grc' dir='ltr'>τίνι</span> <span class='ocrx_word' id='word_1_720' title='bbox 3427 4107 3543 4174; x_wconf 86' lang='grc' dir='ltr'><strong>Θεῴ</strong></span> <span class='ocrx_word' id='word_1_721' title='bbox 3596 4102 3817 4156; x_wconf 78' lang='grc' dir='ltr'>σεαυτὸν</span> 
     </span>
    </p>
   </div>
   <div class='ocr_carea' id='block_1_102' title="bbox 2168 4187 3817 4268">
    <p class='ocr_par' dir='ltr' id='par_1_102' title="bbox 2168 4187 3817 4268">
     <span class='ocr_line' id='line_1_102' title="bbox 2168 4187 3817 4268; baseline 0 -23"><span class='ocrx_word' id='word_1_722' title='bbox 2168 4191 2378 4268; x_wconf 80' lang='grc' dir='ltr'>ἀλόγως</span> <span class='ocrx_word' id='word_1_723' title='bbox 2425 4189 2852 4267; x_wconf 72' lang='grc' dir='ltr'>ἐξεπολέμωσας,</span> <span class='ocrx_word' id='word_1_724' title='bbox 2885 4189 2974 4244; x_wconf 84' lang='grc' dir='ltr'><strong>καὶ</strong></span> <span class='ocrx_word' id='word_1_725' title='bbox 3005 4187 3150 4251; x_wconf 73' lang='grc' dir='ltr'>ὅπως</span> <span class='ocrx_word' id='word_1_726' title='bbox 3207 4187 3294 4246; x_wconf 84' lang='grc' dir='ltr'><strong>ὑπ’</strong></span> <span class='ocrx_word' id='word_1_727' title='bbox 3359 4191 3502 4263; x_wconf 79' lang='grc' dir='ltr'><strong>αὒτῷ</strong></span> <span class='ocrx_word' id='word_1_728' title='bbox 3551 4189 3817 4262; x_wconf 79' lang='grc' dir='ltr'>δικάζοντι</span> 
     </span>
    </p>
   </div>
   <div class='ocr_carea' id='block_1_103' title="bbox 2169 4278 3084 4358">
    <p class='ocr_par' dir='ltr' id='par_1_103' title="bbox 2169 4278 3084 4358">
     <span class='ocr_line' id='line_1_103' title="bbox 2169 4278 3084 4358; baseline -0.004 -22"><span class='ocrx_word' id='word_1_729' title='bbox 2169 4279 2382 4355; x_wconf 69' lang='grc' dir='ltr'>μέλλεις</span> <span class='ocrx_word' id='word_1_730' title='bbox 2414 4279 2514 4348; x_wconf 73' lang='grc' dir='ltr'><strong>τὴν</strong></span> <span class='ocrx_word' id='word_1_731' title='bbox 2545 4279 2764 4336; x_wconf 78' lang='grc' dir='ltr'>κόλασιν</span> <span class='ocrx_word' id='word_1_732' title='bbox 2793 4278 3084 4358; x_wconf 59' lang='grc' dir='ltr'>ὑποσχεῖν,</span> 
     </span>
    </p>
   </div>
   <div class='ocr_carea' id='block_1_104' title="bbox 2249 4545 3818 4626">
    <p class='ocr_par' dir='ltr' id='par_1_104' title="bbox 2249 4545 3818 4626">
     <span class='ocr_line' id='line_1_104' title="bbox 2249 4545 3818 4626; baseline 0 -22"><span class='ocrx_word' id='word_1_733' title='bbox 2249 4547 2376 4610; x_wconf 81' lang='lat' dir='ltr'><strong>AI&quot;.</strong></span> <span class='ocrx_word' id='word_1_734' title='bbox 2434 4546 2586 4605; x_wconf 65' lang='grc' dir='ltr'>Οὕτω</span> <span class='ocrx_word' id='word_1_735' title='bbox 2641 4545 2998 4626; x_wconf 76' lang='grc' dir='ltr'>φθεγξαμένου</span> <span class='ocrx_word' id='word_1_736' title='bbox 3068 4555 3160 4604; x_wconf 74' lang='grc' dir='ltr'>τοῦ</span> <span class='ocrx_word' id='word_1_737' title='bbox 3203 4547 3463 4625; x_wconf 80' lang='grc' dir='ltr'>μάρτυρος</span> <span class='ocrx_word' id='word_1_738' title='bbox 3526 4550 3554 4604; x_wconf 87' lang='grc' dir='ltr'>ὁ</span> <span class='ocrx_word' id='word_1_739' title='bbox 3598 4549 3818 4624; x_wconf 78' lang='grc' dir='ltr'>ἡγεμὼν</span> 
     </span>
    </p>
   </div>
   <div class='ocr_carea' id='block_1_105' title="bbox 2167 4633 3819 4713">
    <p class='ocr_par' dir='ltr' id='par_1_105' title="bbox 2167 4633 3819 4713">
     <span class='ocr_line' id='line_1_105' title="bbox 2167 4633 3819 4713; baseline -0.002 -20"><span class='ocrx_word' id='word_1_740' title='bbox 2167 4639 2305 4712; x_wconf 77' lang='grc' dir='ltr'>μήτε</span> <span class='ocrx_word' id='word_1_741' title='bbox 2354 4637 2560 4701; x_wconf 76' lang='grc' dir='ltr'>τούτοις</span> <span class='ocrx_word' id='word_1_742' title='bbox 2617 4636 2703 4701; x_wconf 74' lang='grc' dir='ltr'>οἷς</span> <span class='ocrx_word' id='word_1_743' title='bbox 2764 4634 2968 4703; x_wconf 72' lang='grc' dir='ltr'>ἤκουσε</span> <span class='ocrx_word' id='word_1_744' title='bbox 3015 4637 3154 4711; x_wconf 79' lang='grc' dir='ltr'>μήτε</span> <span class='ocrx_word' id='word_1_745' title='bbox 3217 4636 3305 4701; x_wconf 79' lang='grc' dir='ltr'>οἶς</span> <span class='ocrx_word' id='word_1_746' title='bbox 3349 4633 3460 4691; x_wconf 84' lang='grc' dir='ltr'>εἶδε</span> <span class='ocrx_word' id='word_1_747' title='bbox 3504 4633 3819 4713; x_wconf 77' lang='grc' dir='ltr'>παραδόξοις</span> 
     </span>
    </p>
   </div>
   <div class='ocr_carea' id='block_1_106' title="bbox 2166 4722 3816 4806">
    <p class='ocr_par' dir='ltr' id='par_1_106' title="bbox 2166 4722 3816 4806">
     <span class='ocr_line' id='line_1_106' title="bbox 2166 4722 3816 4806; baseline -0.002 -22"><span class='ocrx_word' id='word_1_748' title='bbox 2166 4727 2313 4802; x_wconf 75' lang='grc' dir='ltr'>ὅμως</span> <span class='ocrx_word' id='word_1_749' title='bbox 2388 4727 2680 4806; x_wconf 72' lang='grc' dir='ltr'>προσσχὼν</span> <span class='ocrx_word' id='word_1_750' title='bbox 2759 4724 2975 4805; x_wconf 74' lang='grc' dir='ltr'>(τυφλὸν</span> <span class='ocrx_word' id='word_1_751' title='bbox 3063 4725 3164 4804; x_wconf 81' lang='grc' dir='ltr'>γὰρ</span> <span class='ocrx_word' id='word_1_752' title='bbox 3220 4722 3454 4802; x_wconf 77' lang='grc' dir='ltr'>ἀκριϐῶς</span> <span class='ocrx_word' id='word_1_753' title='bbox 3511 4727 3546 4793; x_wconf 80' lang='grc' dir='ltr'><strong>ἡ</strong></span> <span class='ocrx_word' id='word_1_754' title='bbox 3607 4724 3816 4802; x_wconf 84' lang='grc' dir='ltr'>κακία),</span> 
     </span>
    </p>
   </div>
   <div class='ocr_carea' id='block_1_107' title="bbox 2166 4811 3821 4894">
    <p class='ocr_par' dir='ltr' id='par_1_107' title="bbox 2166 4811 3821 4894">
     <span class='ocr_line' id='line_1_107' title="bbox 2166 4811 3821 4894; baseline -0.004 -20"><span class='ocrx_word' id='word_1_755' title='bbox 2166 4825 2342 4875; x_wconf 69' lang='grc' dir='ltr'>Ταῦτα</span> <span class='ocrx_word' id='word_1_756' title='bbox 2401 4815 2520 4890; x_wconf 77' lang='grc' dir='ltr'>μὲν,</span> <span class='ocrx_word' id='word_1_757' title='bbox 2570 4819 2718 4888; x_wconf 84' lang='grc' dir='ltr'>εἷπε,</span> <span class='ocrx_word' id='word_1_758' title='bbox 2764 4815 3034 4894; x_wconf 80' lang='grc' dir='ltr'>Φιλῆμον,</span> <span class='ocrx_word' id='word_1_759' title='bbox 3083 4815 3171 4885; x_wconf 78' lang='grc' dir='ltr'>ἒᾷν</span> <span class='ocrx_word' id='word_1_760' title='bbox 3206 4831 3224 4850; x_wconf 80' lang='grc' dir='ltr'><strong><em>ο</em></strong></span> <span class='ocrx_word' id='word_1_761' title='bbox 3273 4811 3420 4870; x_wconf 75' lang='grc' dir='ltr'>οὒδεν</span> <span class='ocrx_word' id='word_1_762' title='bbox 3463 4814 3563 4892; x_wconf 79' lang='grc' dir='ltr'>γὰρ</span> <span class='ocrx_word' id='word_1_763' title='bbox 3609 4811 3691 4869; x_wconf 78' lang='grc' dir='ltr'><strong>ὅτι</strong></span> <span class='ocrx_word' id='word_1_764' title='bbox 3744 4814 3821 4888; x_wconf 79' lang='grc' dir='ltr'><strong>μὴ</strong></span> 
     </span>
    </p>
   </div>
   <div class='ocr_carea' id='block_1_108' title="bbox 2166 4900 3825 4987">
    <p class='ocr_par' dir='ltr' id='par_1_108' title="bbox 2166 4900 3825 4987">
     <span class='ocr_line' id='line_1_108' title="bbox 2166 4900 3825 4987; baseline -0.002 -23"><span class='ocrx_word' id='word_1_765' title='bbox 2166 4906 2450 4987; x_wconf 67' lang='grc' dir='ltr'>ὀφθαλμῶν</span> <span class='ocrx_word' id='word_1_766' title='bbox 2495 4905 2676 4972; x_wconf 72' lang='grc' dir='ltr'>ἀπάτη</span> <span class='ocrx_word' id='word_1_767' title='bbox 2730 4905 2891 4980; x_wconf 85' lang='grc' dir='ltr'>μόνον</span> <span class='ocrx_word' id='word_1_768' title='bbox 2948 4906 3035 4961; x_wconf 84' lang='grc' dir='ltr'><strong>καὶ</strong></span> <span class='ocrx_word' id='word_1_769' title='bbox 3098 4903 3340 4982; x_wconf 80' lang='grc' dir='ltr'>τερατεία</span> <span class='ocrx_word' id='word_1_770' title='bbox 3377 4924 3389 4938; x_wconf 63' lang='grc' dir='ltr'>δ</span> <span class='ocrx_word' id='word_1_771' title='bbox 3465 4903 3528 4958; x_wconf 85' lang='grc' dir='ltr'>σὺ</span> <span class='ocrx_word' id='word_1_772' title='bbox 3588 4900 3642 4958; x_wconf 85' lang='grc' dir='ltr'><em>δέ</em></span> <span class='ocrx_word' id='word_1_773' title='bbox 3702 4902 3825 4960; x_wconf 74' lang='grc' dir='ltr'>ὅτου</span> 
     </span>
    </p>
   </div>
   <div class='ocr_carea' id='block_1_109' title="bbox 2169 4991 3816 5075">
    <p class='ocr_par' dir='ltr' id='par_1_109' title="bbox 2169 4991 3816 5075">
     <span class='ocr_line' id='line_1_109' title="bbox 2169 4991 3816 5075; baseline -0.004 -23"><span class='ocrx_word' id='word_1_774' title='bbox 2169 4996 2328 5075; x_wconf 62' lang='grc' dir='ltr'>χάριν</span> <span class='ocrx_word' id='word_1_775' title='bbox 2372 4994 2542 5064; x_wconf 74' lang='grc' dir='ltr'>ἡδέων</span> <span class='ocrx_word' id='word_1_776' title='bbox 2601 4993 2738 5051; x_wconf 75' lang='grc' dir='ltr'>οὕτω</span> <span class='ocrx_word' id='word_1_777' title='bbox 2792 4994 3119 5072; x_wconf 83' lang='grc' dir='ltr'>πραγμάτων</span> <span class='ocrx_word' id='word_1_778' title='bbox 3175 4991 3392 5065; x_wconf 79' lang='grc' dir='ltr'>ἀμελῶς</span> <span class='ocrx_word' id='word_1_779' title='bbox 3454 4992 3615 5072; x_wconf 76' lang='grc' dir='ltr'>ἔσχες</span> <span class='ocrx_word' id='word_1_780' title='bbox 3673 4991 3816 5064; x_wconf 71' lang='grc' dir='ltr'>εἰπὲ,</span> 
     </span>
    </p>
   </div>
   <div class='ocr_carea' id='block_1_110' title="bbox 2168 5079 3824 5160">
    <p class='ocr_par' dir='ltr' id='par_1_110' title="bbox 2168 5079 3824 5160">
     <span class='ocr_line' id='line_1_110' title="bbox 2168 5079 3824 5160; baseline -0.004 -17"><span class='ocrx_word' id='word_1_781' title='bbox 2168 5089 2242 5150; x_wconf 79' lang='grc' dir='ltr'>ὡς</span> <span class='ocrx_word' id='word_1_782' title='bbox 2301 5087 2438 5160; x_wconf 76' lang='grc' dir='ltr'>μήτε</span> <span class='ocrx_word' id='word_1_783' title='bbox 2497 5084 2604 5140; x_wconf 83' lang='grc' dir='ltr'><strong>τῶν</strong></span> <span class='ocrx_word' id='word_1_784' title='bbox 2661 5084 2867 5140; x_wconf 82' lang='grc' dir='ltr'>οἰκείων</span> <span class='ocrx_word' id='word_1_785' title='bbox 2910 5082 3085 5138; x_wconf 76' lang='grc' dir='ltr'>αὒλῶν</span> <span class='ocrx_word' id='word_1_786' title='bbox 3127 5079 3329 5156; x_wconf 77' lang='grc' dir='ltr'>μηδένα</span> <span class='ocrx_word' id='word_1_787' title='bbox 3359 5080 3522 5159; x_wconf 77' lang='grc' dir='ltr'>λόγον</span> <span class='ocrx_word' id='word_1_788' title='bbox 3552 5084 3824 5137; x_wconf 75' lang='grc' dir='ltr'>ποιεῖσθαι</span> 
     </span>
    </p>
   </div>
   <div class='ocr_carea' id='block_1_111' title="bbox 2170 5170 3829 5251">
    <p class='ocr_par' dir='ltr' id='par_1_111' title="bbox 2170 5170 3829 5251">
     <span class='ocr_line' id='line_1_111' title="bbox 2170 5170 3829 5251; baseline -0.004 -20"><span class='ocrx_word' id='word_1_789' title='bbox 2170 5177 2307 5250; x_wconf 77' lang='grc' dir='ltr'>μήτε</span> <span class='ocrx_word' id='word_1_790' title='bbox 2354 5177 2452 5241; x_wconf 81' lang='grc' dir='ltr'>τῆς</span> <span class='ocrx_word' id='word_1_791' title='bbox 2507 5175 2766 5251; x_wconf 77' lang='grc' dir='ltr'>μεγίστης</span> <span class='ocrx_word' id='word_1_792' title='bbox 2817 5173 2974 5249; x_wconf 74' lang='grc' dir='ltr'>ἡμῶν</span> <span class='ocrx_word' id='word_1_793' title='bbox 3023 5173 3214 5251; x_wconf 74' lang='grc' dir='ltr'>ἑορτῆς</span> <span class='ocrx_word' id='word_1_794' title='bbox 3266 5170 3394 5245; x_wconf 77' lang='grc' dir='ltr'>μηδ’</span> <span class='ocrx_word' id='word_1_795' title='bbox 3439 5173 3512 5233; x_wconf 86' lang='grc' dir='ltr'>εὶς</span> <span class='ocrx_word' id='word_1_796' title='bbox 3557 5173 3829 5250; x_wconf 77' lang='grc' dir='ltr'>βραχεῖαν</span> 
     </span>
    </p>
   </div>
   <div class='ocr_carea' id='block_1_112' title="bbox 2170 5261 3826 5343">
    <p class='ocr_par' dir='ltr' id='par_1_112' title="bbox 2170 5261 3826 5343">
     <span class='ocr_line' id='line_1_112' title="bbox 2170 5261 3826 5343; baseline -0.004 -22"><span class='ocrx_word' id='word_1_797' title='bbox 2170 5267 2469 5340; x_wconf 80' lang='grc' dir='ltr'>ἀνάμνησιν</span> <span class='ocrx_word' id='word_1_798' title='bbox 2541 5265 2840 5343; x_wconf 68' lang='grc' dir='ltr'>ἔρχεσθαι,</span> <span class='ocrx_word' id='word_1_799' title='bbox 2900 5263 3038 5337; x_wconf 77' lang='grc' dir='ltr'>μήτε</span> <span class='ocrx_word' id='word_1_800' title='bbox 3108 5268 3201 5317; x_wconf 81' lang='grc' dir='ltr'>τοῦ</span> <span class='ocrx_word' id='word_1_801' title='bbox 3259 5261 3563 5334; x_wconf 77' lang='grc' dir='ltr'>σύμπαντος</span> <span class='ocrx_word' id='word_1_802' title='bbox 3637 5263 3826 5317; x_wconf 85' lang='grc' dir='ltr'>τούτου</span> 
     </span>
    </p>
   </div>
   <div class='ocr_carea' id='block_1_113' title="bbox 2169 5349 3826 5431">
    <p class='ocr_par' dir='ltr' id='par_1_113' title="bbox 2169 5349 3826 5431">
     <span class='ocr_line' id='line_1_113' title="bbox 2169 5349 3826 5431; baseline -0.006 -19"><span class='ocrx_word' id='word_1_803' title='bbox 2169 5357 2401 5426; x_wconf 70' lang='grc' dir='ltr'>πλήθους</span> <span class='ocrx_word' id='word_1_804' title='bbox 2471 5354 2626 5411; x_wconf 66' lang='grc' dir='ltr'>πόθον</span> <span class='ocrx_word' id='word_1_805' title='bbox 2671 5351 2987 5431; x_wconf 72' lang='grc' dir='ltr'>λαμϐάνειν,</span> <span class='ocrx_word' id='word_1_806' title='bbox 3047 5353 3102 5406; x_wconf 71' lang='grc' dir='ltr'>οἳ</span> <span class='ocrx_word' id='word_1_807' title='bbox 3157 5349 3370 5406; x_wconf 74' lang='grc' dir='ltr'>ἒπειδαν</span> <span class='ocrx_word' id='word_1_808' title='bbox 3399 5350 3694 5430; x_wconf 61' lang='grc' dir='ltr'>ἀφίκωνται</span> <span class='ocrx_word' id='word_1_809' title='bbox 3725 5350 3826 5422; x_wconf 80' lang='grc' dir='ltr'>μὲν</span> 
     </span>
    </p>
   </div>
   <div class='ocr_carea' id='block_1_114' title="bbox 2170 5438 3828 5523">
    <p class='ocr_par' dir='ltr' id='par_1_114' title="bbox 2170 5438 3828 5523">
     <span class='ocr_line' id='line_1_114' title="bbox 2170 5438 3828 5523; baseline -0.005 -21"><span class='ocrx_word' id='word_1_810' title='bbox 2170 5448 2243 5511; x_wconf 79' lang='grc' dir='ltr'>εἷς</span> <span class='ocrx_word' id='word_1_811' title='bbox 2275 5449 2336 5502; x_wconf 81' lang='grc' dir='ltr'>τὸ</span> <span class='ocrx_word' id='word_1_812' title='bbox 2371 5446 2609 5523; x_wconf 74' lang='grc' dir='ltr'>θέατρον,</span> <span class='ocrx_word' id='word_1_813' title='bbox 2644 5444 2701 5500; x_wconf 77' lang='grc' dir='ltr'>σὲ</span> <span class='ocrx_word' id='word_1_814' title='bbox 2732 5442 2787 5498; x_wconf 74' lang='grc' dir='ltr'>δὲ</span> <span class='ocrx_word' id='word_1_815' title='bbox 2821 5443 2898 5517; x_wconf 79' lang='grc' dir='ltr'>μὴ</span> <span class='ocrx_word' id='word_1_816' title='bbox 2928 5442 3219 5497; x_wconf 77' lang='grc' dir='ltr'>θεάσωνται</span> <span class='ocrx_word' id='word_1_817' title='bbox 3250 5443 3311 5496; x_wconf 81' lang='grc' dir='ltr'>τὸ</span> <span class='ocrx_word' id='word_1_818' title='bbox 3359 5438 3592 5516; x_wconf 68' lang='grc' dir='ltr'>ἓμμελὲς</span> <span class='ocrx_word' id='word_1_819' title='bbox 3647 5439 3828 5495; x_wconf 76' lang='grc' dir='ltr'>ἐκεῖνο</span> 
     </span>
    </p>
   </div>
   <div class='ocr_carea' id='block_1_115' title="bbox 2169 5528 3830 5614">
    <p class='ocr_par' dir='ltr' id='par_1_115' title="bbox 2169 5528 3830 5614">
     <span class='ocr_line' id='line_1_115' title="bbox 2169 5528 3830 5614; baseline -0.005 -22"><span class='ocrx_word' id='word_1_820' title='bbox 2169 5538 2253 5592; x_wconf 82' lang='grc' dir='ltr'>καὶ</span> <span class='ocrx_word' id='word_1_821' title='bbox 2313 5534 2578 5614; x_wconf 78' lang='grc' dir='ltr'>γλαφυρὸν</span> <span class='ocrx_word' id='word_1_822' title='bbox 2621 5532 2839 5610; x_wconf 72' lang='grc' dir='ltr'>ᾅῖοντα,</span> <span class='ocrx_word' id='word_1_823' title='bbox 2900 5529 3038 5587; x_wconf 78' lang='grc' dir='ltr'>ἀλλὰ</span> <span class='ocrx_word' id='word_1_824' title='bbox 3085 5533 3205 5591; x_wconf 81' lang='grc' dir='ltr'>τοὺς</span> <span class='ocrx_word' id='word_1_825' title='bbox 3260 5529 3449 5594; x_wconf 75' lang='grc' dir='ltr'>αὒλοὺς</span> <span class='ocrx_word' id='word_1_826' title='bbox 3494 5528 3672 5608; x_wconf 76' lang='grc' dir='ltr'>ἕτερον</span> <span class='ocrx_word' id='word_1_827' title='bbox 3713 5528 3830 5584; x_wconf 83' lang='grc' dir='ltr'>ἀντὶ</span> 
     </span>
    </p>
   </div>
   <div class='ocr_carea' id='block_1_116' title="bbox 2170 5620 3830 5702">
    <p class='ocr_par' dir='ltr' id='par_1_116' title="bbox 2170 5620 3830 5702">
     <span class='ocr_line' id='line_1_116' title="bbox 2170 5620 3830 5702; baseline -0.006 -21"><span class='ocrx_word' id='word_1_828' title='bbox 2170 5633 2262 5681; x_wconf 81' lang='grc' dir='ltr'>σοῦ</span> <span class='ocrx_word' id='word_1_829' title='bbox 2317 5622 2570 5702; x_wconf 75' lang='grc' dir='ltr'>λαϐόντα,</span> <span class='ocrx_word' id='word_1_830' title='bbox 2630 5623 2770 5680; x_wconf 87' lang='grc' dir='ltr'>πόσα</span> <span class='ocrx_word' id='word_1_831' title='bbox 2808 5621 2988 5684; x_wconf 73' lang='grc' dir='ltr'>δοκεῖς</span> <span class='ocrx_word' id='word_1_832' title='bbox 3026 5620 3381 5696; x_wconf 73' lang='grc' dir='ltr'>ἁνοιμώζουτι</span> <span class='ocrx_word' id='word_1_833' title='bbox 3436 5626 3542 5675; x_wconf 84' lang='grc' dir='ltr'><strong>τῶν</strong></span> <span class='ocrx_word' id='word_1_834' title='bbox 3577 5621 3686 5674; x_wconf 87' lang='grc' dir='ltr'><strong>σῶν</strong></span> <span class='ocrx_word' id='word_1_835' title='bbox 3723 5637 3830 5693; x_wconf 86' lang='grc' dir='ltr'>με-</span> 
     </span>
    </p>
   </div>
   <div class='ocr_carea' id='block_1_117' title="bbox 2171 5706 3832 5796">
    <p class='ocr_par' dir='ltr' id='par_1_117' title="bbox 2171 5706 3832 5796">
     <span class='ocr_line' id='line_1_117' title="bbox 2171 5706 3832 5796; baseline -0.007 -23"><span class='ocrx_word' id='word_1_836' title='bbox 2171 5725 2436 5796; x_wconf 69' lang='grc' dir='ltr'>μνημένοι</span> <span class='ocrx_word' id='word_1_837' title='bbox 2484 5713 2660 5791; x_wconf 74' lang='grc' dir='ltr'>μελῶν</span> <span class='ocrx_word' id='word_1_838' title='bbox 2698 5715 2784 5772; x_wconf 84' lang='grc' dir='ltr'>καὶ</span> <span class='ocrx_word' id='word_1_839' title='bbox 2843 5716 2941 5782; x_wconf 76' lang='grc' dir='ltr'>τῆς</span> <span class='ocrx_word' id='word_1_840' title='bbox 3004 5710 3251 5792; x_wconf 85' lang='grc' dir='ltr'>γλυκείας</span> <span class='ocrx_word' id='word_1_841' title='bbox 3311 5706 3478 5774; x_wconf 74' lang='grc' dir='ltr'>ὅντως</span> <span class='ocrx_word' id='word_1_842' title='bbox 3538 5708 3726 5786; x_wconf 75' lang='grc' dir='ltr'>ἵυγγός</span> <span class='ocrx_word' id='word_1_843' title='bbox 3769 5722 3832 5762; x_wconf 85' lang='grc' dir='ltr'><strong>τε</strong></span> 
     </span>
    </p>
   </div>
  </div>
