4148 6402
207 325 332 398 545
1139 323 1611 395 MARTYRIUM
1655 328 1718 392 S.
1781 317 2073 391 THYRSI
2115 327 2214 392 ET
2256 330 2658 394 SOCIORUM.
3471 339 3588 405 546

205 473 307 529 καὶ
369 470 598 550 χάριτος
635 491 651 543 ;
688 466 854 527 Ἀλλὰ
895 475 1059 526 ταῦτα
1107 469 1131 525 ὃ
1163 469 1378 547 ἡγεμὼν
1417 466 1614 545 γυναιξὶ
1663 463 1865 540 μαλλον

1953 461 2144 523 vitatis
2187 468 2246 522 et
2285 459 2539 538 gratim?
2570 459 2686 522 Sed
2736 460 2864 522 haec
2906 461 3149 543 quidem
3182 482 3424 544 praeses,
3455 487 3588 548 quae

207 562 248 630 ἢ
283 558 501 638 ἀνδράσι
563 559 901 637 προσήκοντα
966 558 1163 639 λέγων,
1219 560 1306 616 καὶ
1364 557 1616 630 κολακείᾳ
1670 554 1860 614 δουλο-

1953 553 2127 629 magis
2148 551 2410 624 feminis,
2461 569 2637 628 quam
2669 551 2811 613 viris
2840 553 3226 636 conveniunt,
3274 557 3589 619 servilibus

207 661 415 728 πρε-πεῖ
501 646 816 728 διαφθείρειν
888 652 1074 727 ψυχῆς
1152 647 1415 726 εὖγένειαν
1473 647 1855 725 προελόμενος,

1953 641 2247 702 blanditiis
2281 640 2487 702 volens
2509 660 3271 721 corrumperegenerosum
3294 646 3588 712 animum.

203 739 481 813 Φιλήμονι
541 737 596 792 δὲ
653 748 900 797 τοσοῦτον
959 736 1188 812 ἐμέλησε
1260 745 1364 794 τῶν
1435 738 1701 814 ῥηθέντων
1762 737 1858 815 ὡς,

1953 729 2277 792 Philemoni
2311 739 2506 792 autem
2541 739 2715 794 tantm
2746 750 2904 795 cura;
2935 733 3174 795 fuerunt
3205 754 3275 797 ea
3306 755 3436 817 qua:
3469 737 3596 799 dic-

203 830 325 885 ἐπεὶ
360 827 497 906 ἔγνω
527 829 618 884 τὸν
669 829 910 906 ἡγεμόνα
956 829 1114 884 οἱονεί
1163 842 1212 883 τί
1245 825 1429 904 δέλεαρ
1481 827 1624 900 αὒτῷ
1656 826 1862 904 προτεί-

204 939 374 975 νοντα
417 918 540 982 τοὺς
580 915 772 982 αὐλοὺς
823 917 912 974 καὶ
968 916 1133 982 οὕτως
1183 917 1340 974 αὐτὸν
1371 920 1624 994 θηρεῦσαι
1657 916 1860 995 πειρώ-

204 1029 400 1085 μενον,
465 1007 640 1065 ἐδεῖτο
693 1007 993 1087 θερμότατα
1071 1014 1163 1064 τοῦ
1239 1009 1372 1064 Θεοῦ
1419 1013 1520 1084 πόρ
1570 1007 1706 1064 κατὰ
1757 1012 1863 1061 τῶν

207 1096 394 1155 αὐλῶν
432 1097 650 1178 ἀφεῖναι
694 1099 781 1154 καὶ
824 1095 1016 1177 τέφραν
1059 1097 1246 1162 αὐτοὺς
1300 1096 1571 1178 ἀποφῆναι
1631 1098 1717 1154 καὶ
1761 1095 1860 1153 κό-

206 1211 313 1262 νιν,
355 1187 677 1245 Εἱσάίκουσόν
721 1209 824 1263 μου
867 1189 956 1243 καὶ
1002 1196 1116 1262 νῦν,
1173 1185 1368 1265 λέγων,
1430 1187 1583 1267 Κύριε
1618 1185 1858 1265 βασιλεῦ,

206 1279 301 1334 καὶ
333 1275 517 1354 ὥσπερ
554 1275 640 1332 ἐπ’
697 1275 793 1352 ἐμὲ
845 1274 1005 1356 ὕδωρ,
1051 1275 1191 1334 οὕτω
1245 1276 1341 1332 καὶ
1401 1275 1484 1333 ἐπὶ
1537 1277 1654 1342 τοὺς
1707 1276 1862 1352 ἐμοὺς

207 1366 412 1430 αὐλοὺς
457 1369 557 1446 πῦρ
589 1365 786 1423 ἐλθέτω
839 1367 930 1423 καὶ
983 1365 1341 1447 καταφαγέτω
1394 1367 1603 1442 αὖτοὺς,
1639 1368 1726 1431 οὒς
1779 1365 1864 1423 ἐπὶ

208 1459 271 1513 τὸ
337 1456 434 1512 σὸν
482 1456 769 1533 μαρτύριον
823 1457 912 1513 καὶ
969 1468 1093 1519 ταῖς
1151 1457 1335 1536 χερσὶν
1381 1455 1527 1536 ἔχων
1559 1456 1862 1533 παρεθέμην

209 1539 592 1618 Ἀπολλωνίῳ.
654 1547 774 1622 Ναὶ,
843 1544 1088 1603 Δέσποτα
1134 1546 1334 1619 Ἰησοῦ,
1397 1546 1490 1602 ’ίνα
1543 1544 1709 1621 μηδέν
1760 1568 1863 1622 μου

201 1633 375 1703 τῆσδε
423 1637 522 1702 τῆς
584 1636 998 1716 ματαιοτεχνίας
1056 1635 1347 1715 ὑπολειφθῇ
1402 1635 1674 1711 λείψανον,
1727 1634 1863 1712 μηδὲ

203 1749 290 1790 τις
325 1723 453 1782 ἰδὼν
507 1731 615 1781 τῶν
665 1725 923 1802 ἀπίστων,
972 1726 1155 1798 Οὗτοι,
1201 1725 1264 1783 ἂν
1321 1725 1492 1802 εἴποι,
1553 1725 1863 1802 Φιλήμονος

201 1815 388 1875 αὖλοῇ

292 1893 433 1968 AA...
470 1903 632 1963 Οὔπω
660 1903 811 1963 τέλος
842 1902 1138 1980 ἐλάμϐανεν
1182 1908 1216 1974 ἡ
1267 1905 1431 1986 εὐχὴ,
1481 1907 1566 1962 καὶ
1624 1907 1863 1972 σκηπτὸς

200 1997 312 2073 μξν
346 1993 433 2052 ἐπὶ
481 1995 577 2060 τὰς
635 1993 1002 2051 Ἀπολλωνίου
1053 2009 1247 2077 χεῖρας
1319 1997 1528 2053 καθίετο
1559 2013 1574 2028 ⁶
1631 1998 1715 2051 καὶ
1759 1998 1865 2051 τῶν

202 2091 418 2166 χειρῶν
467 2085 568 2160 μὲν
611 2081 920 2164 παραδόξως
952 2082 1086 2163 ἄγαν
1118 2085 1415 2166 ἀπέσχετο,
1468 2085 1751 2166 κατέφλεξε
1810 2083 1863 2140 δὲ

201 2177 338 2238 τοὺς
369 2172 562 2238 αὐλοὺς
616 2175 705 2230 καὶ
755 2174 829 2237 εἷς
887 2180 1020 2253 χοῦ)
1086 2176 1275 2239 αὐτοὺς
1338 2181 1426 2232 καὶ
1483 2177 1628 2232 κόνιν
1675 2175 1864 2234 εὐθέως

202 2264 452 2339 διέθηκε,
500 2263 735 2341 καθάπερ
778 2265 926 2327 τινὸς
960 2266 1050 2320 τὸν
1097 2267 1338 2332 σκηπτὸν
1381 2266 1749 2344 περιάγοντος,
1779 2268 1863 2321 καὶ

201 2356 369 2413 τίνων
402 2352 502 2430 μὲν
533 2355 678 2433 χρῆν
701 2351 1021 2432 ἀπέχεσθαι,
1047 2355 1200 2410 τίνων
1225 2352 1279 2410 δὲ
1300 2354 1532 2430 ἅψασθαι
1554 2352 1864 2411 διαδεικνύνο

201 2467 328 2509 τος,
363 2442 638 2500 Ἐντεῦθεν
660 2442 932 2523 ἆμιρότερα
967 2444 1327 2523 κατωρθοῦντο
1358 2454 1522 2503 ταῦτα
1549 2467 1561 2479 ·
1597 2444 1866 2520 Φιλήμονι

205 2536 316 2611 μὲν
350 2531 454 2612 γαρ
485 2533 522 2600 ἠ
551 2532 692 2612 εὐχὴ
739 2531 900 2610 πέρας
951 2536 1078 2612 εἶχε
1137 2535 1223 2589 καὶ
1268 2535 1340 2599 εἰς
1385 2533 1538 2613 ἔργον
1583 2532 1865 2608 ἐξέϐαινεν,

206 2621 567 2696 Ἀπολλωνίῳ
597 2620 653 2678 δὲ
686 2620 791 2689 ἤδη
815 2623 944 2702 θύρα
981 2625 1112 2700 πρὸς
1143 2625 1205 2679 τὸ
1233 2625 1516 2702 μαρτύριον
1546 2623 1864 2702 διηνοίγετο.

211 2713 365 2770 Θέων
393 2713 492 2790 γὰρ
537 2715 566 2768 ὁ
597 2710 906 2787 Φιλήμονος
940 2710 1162 2793 ἀδελφὸς
1197 2713 1406 2790 εὐθέως,
1432 2714 1608 2792 ὥσπερ
1639 2714 1696 2770 ἔκ
1726 2735 1866 2778 τινος

211 2801 526 2870 ἀποστολῆς
551 2800 789 2882 δραμὼν,
827 2803 998 2859 πάντα
1047 2813 1142 2862 τοῦ
1175 2803 1439 2883 δράματος
1489 2806 1729 2882 γνωρίζει
1791 2813 1868 2880 τῷ

212 2892 479 2972 ἡγεμόνι,
507 2890 650 2958 ὃπως
681 2914 738 2949 τε
784 2891 1053 2968 Φιλήμονι
1103 2893 1203 2960 τὴν
1247 2895 1440 2950 οἰκείαν
1474 2893 1669 2963 στολὴν
1713 2917 1868 2975 περι-

224 2981 425 3037 έϐαλεν
476 2979 847 3064 Ἀπολλώνιος,
897 2983 1044 3047 ὅπως
1088 3005 1146 3040 τε
1192 2980 1305 3041 ἀντ’
1364 2983 1563 3041 ἐκείνου
1617 2992 1867 3065 χωρῆσαι

231 3070 375 3146 πρὸς
438 3070 550 3133 τοὺς
590 3071 797 3150 ἀγῶνας
839 3073 998 3129 αὐτὸν
1045 3074 1426 3154 παρεσκεύασε,
1486 3076 1572 3130 καὶ
1605 3077 1677 3138 ὡς
1711 3075 1868 3140 αὒτὸς

233 3161 392 3222 οὗτος
421 3159 503 3227 εἴη
535 3167 628 3229 τῆς
664 3162 866 3220 ἐκείνου
915 3162 1192 3244 διαφθορᾶς
1251 3164 1586 3228 αἰτιώτατος.
1639 3163 1868 3243 (Ἀγεται

222 3251 321 3307 οὗν
355 3250 535 3307 αὑτίκα
585 3254 670 3309 καὶ
713 3252 1102 3328 Ἀπολλώνιος,
1135 3255 1181 3329 ᾧ
1233 3254 1457 3330 μανικόν
1485 3277 1537 3311 τι
1567 3257 1655 3310 καὶ
1685 3255 1869 3333 ἄγριον

215 3336 498 3416 ἐμϐλέψας
581 3338 853 3419 ’Δῤῥιανός
890 3363 904 3379 ⁸
951 3344 1011 3401 Τί
1068 3351 1247 3415 τοῦτο,
1307 3345 1435 3424 φησὶ
1469 3393 1484 3421 ,
1565 3345 1868 3423 μιαρώτατε

214 3430 434 3491 πάντων
489 3430 802 3510 ἀνθρώπων,
849 3431 877 3488 ὅ
925 3434 1010 3488 καὶ
1068 3435 1213 3510 ἡμᾶς
1270 3435 1360 3490 καὶ
1412 3434 1510 3502 τὴν
1563 3435 1720 3492 πόλιν
1779 3439 1867 3494 καὶ

209 3521 424 3579 τουτονὶ
463 3522 557 3578 τὸν
606 3519 834 3579 δείλαιον
883 3521 1136 3602 εἴργασαι
1175 3543 1192 3599 ;
1249 3522 1432 3602 ὅτιπερ
1485 3525 1709 3598 ἀπονοίᾳ
1767 3527 1866 3603 μὲν

209 3611 306 3667 καὶ
344 3610 481 3668 θεῶν
512 3612 600 3668 καὶ
641 3613 820 3688 νόμων
875 3615 1236 3694 ὑπερφρονῶν,
1269 3612 1433 3687 δειλίᾳ
1483 3613 1535 3670 δὲ
1563 3617 1659 3680 τὰς
1689 3617 1864 3692 βασά-

213 3723 338 3765 νους
397 3701 677 3777 ἐκκλίνων,
722 3701 962 3780 ἤμειψάς
1011 3725 1069 3760 τε
1120 3707 1252 3784 πρὸς
1311 3706 1469 3760 αὑτὸν
1521 3705 1618 3772 τὴν
1673 3705 1866 3774 ἐσθῆτα

212 3792 309 3848 καὶ
365 3793 664 3870 μαγγανεία
738 3795 841 3850 τινὶ
915 3794 1016 3861 τὴν
1072 3797 1234 3852 αὖτοῦ
1289 3793 1501 3872 καρδίαν
1559 3793 1864 3876 διέτρεψας,

212 3882 480 3960 μεγίστης
535 3881 731 3951 ἡδονῆς
762 3883 860 3952 τὴν
890 3883 1046 3940 πόλιν
1076 3883 1412 3950 ἀποστήσας.
1461 3882 1626 3942 ’Ἔδει
1658 3907 1714 3940 σε
1747 3885 1864 3942 τοί-

214 3993 330 4047 νυν,
365 3972 410 4027 εἰ
438 3971 533 4036 τὰς
561 3971 810 4037 κολάσεις
865 3972 1034 4036 οὕτως
1089 3971 1390 4048 ἐδεδοίκεις,
1455 3972 1574 4050 ἐμοὶ
1631 3973 1865 4053 προσελ-

213 4061 377 4118 θόντα
433 4061 531 4129 τὴν
583 4062 808 4139 γνώμην
866 4061 1230 4140 ἀποκαλύψαι,
1267 4063 1411 4142 Ἐγὼ
1456 4062 1511 4119 δέ
1561 4085 1620 4120 σε
1653 4062 1864 4128 πάντως

213 4151 394 4217 ἀνῆκα
437 4149 500 4206 ἂν
543 4151 728 4228 νόμοις
759 4151 1151 4232 φιλανθρωπίας
1183 4155 1496 4230 πειθόμενος
1536 4170 1550 4183 ·
1605 4157 1693 4211 καὶ
1745 4153 1863 4211 οὔτε

213 4241 280 4297 ἂν
343 4243 499 4307 αὑτὸς
541 4243 832 4322 πράγματα
888 4244 1072 4323 εἶχες,
1135 4245 1255 4322 οὔτε
1313 4245 1513 4322 ἑτέροις
1571 4261 1861 4326 παρειχες,

211 4330 351 4388 ἀλλὰ
431 4329 575 4397 δέους
653 4334 744 4390 καὶ
803 4331 1056 4392 κινδύνων
1115 4333 1448 4413 ἀπαλλαγεὶς
1520 4333 1688 4400 ἀδεῶς
1739 4335 1862 4406 ἔζης

208 4421 309 4478 καί
335 4421 694 4500 ἀπραγμόνως
706 4470 722 4488 ,

1947 829 2004 882 ta
2034 830 2196 896 sunt,
2230 829 2294 882 ut
2325 831 2634 902 postquam
2663 823 2940 901 cognovit
2977 823 3286 904 praesidem
3319 827 3372 888 ei
3417 826 3594 889 tibias

1949 919 2230 991 tanquam
2265 930 2432 974 escas
2466 915 3092 992 proponentem,etsic
3117 933 3251 976 eum
3273 925 3590 980 conantem

1946 1001 2198 1075 illicere,
2236 1001 2422 1064 Deum
2447 1003 2668 1081 rogarit
2694 1005 3206 1085 ardentissime,ut
3236 1006 3436 1086 ignem
3469 1007 3590 1069 im-

1947 1091 2215 1153 mitteret
2246 1091 2308 1152 in
2353 1090 2547 1167 tibias,
2580 1099 2638 1153 et
2666 1110 2766 1154 eas
2795 1094 2855 1154 in
2886 1094 3154 1156 cinerem
3206 1096 3505 1175 redigeret
3535 1105 3594 1158 et

1949 1180 2252 1260 pulverem
2304 1202 2318 1242 :
2371 1181 2598 1243 Exaudi
2662 1201 2757 1244 me
2815 1200 2976 1246 nunc
3024 1203 3285 1266 quoque,
3356 1186 3589 1264 dicens,

1947 1269 2200 1334 Domine
2241 1291 2368 1346 rex,
2417 1281 2475 1334 et
2539 1273 2840 1353 quomodo
2905 1291 3088 1353 supra
3146 1293 3242 1338 me
3284 1296 3465 1359 aqua,
3512 1277 3594 1338 ita

1948 1362 2122 1424 etiam
2177 1381 2355 1443 supra
2400 1381 2562 1424 meas
2649 1363 2820 1424 tibias
2904 1365 3100 1426 veniat
3171 1365 3344 1444 ignis,
3395 1375 3453 1430 et
3491 1385 3594 1429 eas

1949 1451 2213 1524 devoret,
2241 1470 2414 1532 quas,
2447 1453 2518 1512 ad
2551 1460 2714 1513 tuum
2749 1471 3000 1514 currens
3031 1455 3595 1536 martyrium,depo—

1949 1541 2040 1603 sui
2070 1541 2223 1622 apud
2278 1541 2686 1622 Apollonium.
2719 1541 2824 1622 lla,
2882 1544 3134 1606 Domine
3162 1542 3328 1625 Jesu,
3370 1555 3432 1605 ut
3463 1545 3598 1606 vani

1950 1631 2128 1710 hujus
2154 1632 2266 1693 mei
2289 1631 2525 1693 artiﬁcii
2559 1632 2735 1694 nulla;
2775 1641 3124 1695 remaneant
3154 1635 3444 1716 reliquiae,
3483 1655 3596 1696 ne-

1949 1739 2066 1802 que
2096 1739 2193 1783 eas
2215 1721 2425 1783 videns
2454 1721 2748 1801 quiSpiam
2773 1740 2847 1784 ex
2880 1723 3245 1805 inﬁdelibus,
3263 1724 3419 1786 dicat
3445 1746 3459 1784 :
3495 1724 3600 1789 Hm

1948 1811 2081 1872 suni
2113 1811 2273 1873 tibize
2296 1811 2688 1874 Philemonis.

2029 1899 2292 1964 XXXIV.
2324 1899 2600 1962 Nondum
2625 1899 2807 1964 ﬁnitae
2832 1909 3000 1962 erant
3022 1911 3320 1982 preces,et
3349 1902 3599 1966 descen-

1951 1991 2034 2052 dit
2069 1991 2313 2072 quidem
2370 1990 2595 2052 fulmen
2633 2009 2814 2070 supra
2867 2009 3076 2052 manus
3122 1993 3443 2073 Apollonii,
3483 2003 3542 2054 et
3570 2013 3603 2055 a

1952 2081 2228 2141 manibus
2253 2079 2496 2160 quidem
2530 2079 2820 2142 abstinuit
2849 2079 3597 2157 admirabiliter,combus-

1950 2170 2024 2231 sit
2055 2177 2249 2231 autem
2285 2168 2478 2245 tibias,
2514 2177 2573 2230 et
2602 2187 2702 2230 eas
2731 2171 3012 2231 continuo
3037 2170 3268 2248 redegit
3298 2171 3358 2231 in
3391 2171 3600 2252 pulve-

1951 2278 2076 2321 rem
2113 2268 2170 2320 et
2194 2259 2459 2321 cinerem
2495 2277 2507 2321 :
2550 2259 2803 2339 perinde
2830 2276 2898 2321 ac
2918 2265 2964 2320 si
2996 2259 3221 2321 fulmen
3251 2259 3598 2323 circumdu-

1952 2361 2115 2412 ceret
2146 2349 2534 2430 quispiam.et
2555 2367 2587 2410 a
2617 2349 2971 2430 quibusnam
3004 2351 3243 2430 quidem
3274 2350 3596 2428 abstinere,

1953 2459 2222 2520 quaenam
2258 2458 2394 2500 vero
2427 2447 2674 2518 tangere
2716 2448 3010 2520 oporteat,
3047 2439 3412 2502 ostenderet.
3449 2440 3601 2502 llinc

1954 2538 2201 2609 utraque
2233 2537 2678 2591 successerunt.
2713 2531 2863 2591 Nam
2896 2536 2956 2590 et
2998 2529 3366 2591 Philemonis
3393 2537 3600 2592 votum

1953 2618 2273 2679 deductum
2299 2627 2388 2680 est
2419 2617 2492 2679 ad
2523 2618 2801 2679 eﬁ‘ectum
2831 2639 2846 2699 ;
2894 2618 3208 2698 Apollonio
3254 2627 3450 2680 autem
3477 2619 3599 2698 jam

1953 2717 2161 2789 aperta
2186 2717 2310 2770 erat
2332 2709 2516 2788 janua
2544 2709 2617 2769 ad
2651 2710 3022 2788 martyrium.
3054 2712 3204 2773 Nam
3238 2707 3446 2770 Theon
3477 2709 3602 2771 fra-

1955 2808 2046 2860 ter
2065 2798 2748 2879 Pliilemouis,tanquam
2777 2799 2844 2858 ab
2880 2797 3078 2878 aliquo
3103 2799 3604 2878 missus,currens

1954 2907 2194 2949 omnem
2220 2907 2345 2949 rem
2367 2898 2596 2969 gestam
2621 2887 2912 2966 signiﬁcat
2946 2888 3604 2968 praesidi,quemadmo-

1953 2976 2096 3037 dum
2132 2976 2546 3038 Philemonem
2571 2994 2676 3036 sua
2718 2985 2875 3037 veste
2901 2975 3095 3037 induit
3127 2977 3506 3058 Apollonius,
3545 2985 3605 3040 et

1953 3066 2457 3142 quemadmodum
2493 3065 2853 3138 elfecerimit
2877 3083 2980 3146 pro
3014 3064 3116 3126 illo
3149 3065 3342 3126 adiret
3370 3066 3444 3128 ad
3463 3085 3606 3128 cer-

1957 3164 2175 3235 tamen,
2213 3164 2266 3217 et
2301 3164 2362 3216 ut
2401 3157 2582 3217 fuerit
2614 3157 2744 3237 ipse
2769 3159 3063 3237 praecipua
3086 3175 3266 3218 causa
3291 3156 3452 3218 illius
3482 3157 3604 3219 exi-

1956 3245 2386 3308 tii.Adducitur
2417 3265 2558 3325 ergo
2592 3264 2729 3308 mox
2753 3265 2987 3327 quoque
3018 3246 3600 3326 Apollonius.Quem

1955 3344 2117 3397 torvo
2177 3346 2235 3398 et
2281 3337 2503 3398 furioso
2556 3335 2722 3398 vultu
2779 3338 3018 3398 intuens
3065 3337 3399 3400 Arrianus:
3447 3337 3601 3411 Quid

1952 3426 2467 3508 hoc-est,inquit,o
2485 3427 2757 3488 omnium
2778 3427 3088 3488 hominum
3113 3427 3599 3502 sceleratissime,

1953 3517 2112 3594 quod
2145 3517 2336 3578 fecisti
2370 3525 2428 3579 et
2459 3517 2654 3593 nobis,
2683 3524 2745 3578 et
2784 3516 3029 3592 civitati,
3063 3525 3122 3578 et
3159 3517 3300 3580 huic
3335 3522 3552 3580 misero
3584 3537 3600 3581 :

1950 3606 2113 3684 quod
2146 3615 2388 3687 propter
2446 3609 2839 3686 arrogantiam
2893 3608 3139 3688 quidem
3171 3607 3318 3670 deos
3349 3617 3407 3670 et
3436 3608 3604 3688 leges

1953 3697 2317 3775 despiciens,
2355 3704 2517 3757 metu
2547 3705 2748 3758 autem
2781 3705 3074 3758 tormenta
3104 3697 3431 3773 declinans,
3465 3715 3604 3759 cum

1953 3805 2022 3847 eo
2043 3787 2282 3847 mutasti
2305 3795 2616 3860 vestem,et
2639 3786 2996 3866 quibusdam
3018 3786 3331 3850 maleliciis
3348 3804 3453 3848 cor
3473 3787 3606 3866 ejus

1954 3874 2309 3956 pervertisti,
2345 3875 2585 3955 privans
2634 3876 2932 3938 civitatem
2969 3876 3223 3938 maxima
3253 3877 3606 3956 voluptate?

1949 3963 2302 4044 Oportebat,
2339 3966 2390 4027 si
2421 3965 2506 4027 sic
2539 3965 2791 4027 timebas
2833 3966 3149 4046 supplicia,
3195 3965 3269 4028 ad
3303 3984 3400 4029 me
3427 3983 3604 4029 acce-

1951 4055 2118 4131 dere,
2155 4063 2214 4117 et
2239 4065 2404 4118 tuum
2435 4055 2699 4116 animum
2732 4056 2992 4133 aperire.
3028 4056 3153 4134 Ego
3188 4075 3326 4119 vero
3360 4057 3606 4120 omnino

1948 4145 2008 4207 id
2045 4144 2149 4208 tibi
2180 4145 2547 4208 remisissem
2581 4145 2713 4224 lege
2765 4144 3152 4207 humanitatis
3185 4155 3244 4207 et
3275 4165 3468 4225 neque
3499 4144 3608 4216 tibi

1949 4235 2159 4298 fuisset
2183 4234 2512 4297 exhibitum
2548 4234 2875 4316 negotium,
2913 4253 3107 4315 neque
3135 4243 3196 4296 tu
3227 4235 3604 4298 exhibuisses

1949 4326 2085 4388 aliis
2112 4347 2126 4390 :
2162 4325 2266 4388 sed
2299 4325 2592 4386 liberatus
2626 4344 2660 4386 a
2694 4333 2853 4386 metu
2876 4332 2934 4387 et
2964 4325 3495 4406 periculis,secure
3527 4323 3604 4386 vi-

1948 4417 2166 4486 xisses,
2199 4426 2257 4477 et
2287 4417 2417 4478 sine
2448 4415 2568 4476 ulla
2599 4415 2895 4477 molestia.

293 4495 434 4572 AB".
496 4495 690 4570 ⁷Ταῦτα
762 4523 857 4572 τοῦ
921 4514 1189 4592 ἡγεμόνος
1265 4515 1507 4580 εἰπόντος
1581 4512 1862 4572 ὑπολαϐὼν

2030 4504 2265 4570 XXXV.
2318 4503 2458 4567 Haec
2515 4523 2650 4566 cum
2715 4504 2962 4568 dixisset
2999 4524 3246 4587 praeses,
3299 4505 3606 4589 excipiens

205 4598 581 4667 ’Δπολλῶνιος
615 4620 634 4640 ⁸
693 4602 828 4663 ’Ὅτι
886 4603 984 4679 μὲν
1064 4603 1300 4683 εὐλόγως
1358 4606 1504 4680 ἡμᾶς
1561 4602 1867 4682 διαλοιδορῇ

209 4694 304 4749 καὶ
332 4689 510 4770 ὕϐρεσι
571 4691 816 4767 πλύνεις,
849 4692 965 4749 οὑδὲ
1019 4694 1177 4758 αὐτὸς
1223 4693 1287 4749 ἂν
1317 4695 1623 4771 ἀντείποιμι
1654 4700 1866 4772 πρῶτος

210 4782 452 4858 ’ἐμαυτοῦ
514 4785 810 4862 κατήγορος
867 4781 942 4839 ὤν
971 4802 986 4819 ⁸
1051 4783 1197 4851 πλὴν
1265 4784 1368 4862 οδχ
1437 4783 1517 4839 ὅτι
1603 4785 1867 4841 τοσούτων

211 4873 436 4949 ἀγαθῶν
491 4870 674 4948 ἐκείνῳ
731 4871 998 4942 κατέστην
1047 4873 1250 4955 αίτιος,
1283 4873 1402 4930 ἀλλ’
1435 4873 1516 4930 ὅτι
1549 4875 1625 4950 μὴ
1684 4872 1870 4950 πολλῷ

214 4963 476 5040 πρότερον
535 4964 754 5039 ἐμαυτῷ
787 4983 804 4999 ο
880 4967 966 5020 καὶ
1037 4968 1144 5044 οὐχ
1203 4965 1284 5020 ὅτι
1371 4963 1522 5026 οὗτος
1577 4966 1676 5031 την
1733 4963 1870 5039 ἒμὴν

211 5051 417 5119 ἐσθῆτα
485 5050 628 5108 ἐνέδυ
661 5098 678 5127 ,
741 5051 865 5110 ἀλλ’
924 5053 1006 5108 ὅτι
1079 5053 1282 5120 ταύτην
1345 5051 1630 5122 ἐπενδύθην
1685 5055 1866 5118 αὐτός,

211 5139 425 5216 ’Ὅμως
484 5141 600 5199 ἐπεὶ
649 5141 718 5199 δι’
779 5143 943 5210 αὑτῆς
993 5142 1282 5224 ἀμφότεροι
1340 5142 1603 5222 σωτήριον
1655 5143 1868 5211 ἀληθῶς

211 5231 418 5306 ἕνουμα
455 5231 704 5312 κρίμασιν
763 5233 856 5296 οἷς
899 5231 1042 5289 οἶδεν
1101 5235 1129 5288 ὁ
1173 5230 1409 5308 ἀψευδὴς
1468 5237 1599 5298 Θεὸς
1659 5231 1868 5290 ἐνδεδύ-

210 5323 378 5398 μεθα,
424 5319 531 5379 ἴσθι
583 5323 766 5403 σαφῶς
803 5323 874 5388 ὼς
924 5320 1041 5380 οὔτε
1091 5321 1352 5399 Φιλήμων
1409 5324 1472 5380 τὸ
1527 5324 1664 5399 μετὰ
1705 5331 1870 5382 ταῦτα

205 5408 335 5468 οὔτε
385 5411 492 5486 μὴν
552 5411 928 5477 Ἀπολλώνιος
977 5415 1122 5478 θεοῖς
1170 5413 1420 5489 θύσομεν.
1472 5410 1622 5471 Ἀλλ’
1683 5416 1728 5472 εἰ
1784 5415 1870 5470 καὶ

204 5501 469 5581 πρότερόν
525 5525 609 5561 σοι
660 5500 858 5568 δειλίας
899 5502 1210 5583 ὺπέσχομεν
1269 5504 1502 5584 γραφὴν,
1560 5512 1648 5563 νῦν
1707 5504 1868 5583 μεγί-

204 5613 346 5660 στην
398 5595 484 5652 καὶ
539 5594 775 5676 φανερὰν
861 5592 1185 5671 ἐπιδείξομαι
1271 5595 1370 5661 τὴν
1432 5591 1666 5672 ἀνδρίαν.
1733 5596 1867 5674 Πρὸς

202 5689 374 5744 ταῦτα
426 5687 596 5766 θυμοῦ
655 5683 888 5751 πνεύσας
960 5682 1233 5765 Ἀρῤιανὸς
1290 5684 1446 5743 αὑτὸν
1502 5685 1603 5763 μὲν
1660 5684 1866 5764 μείζοσι

1949 4597 2306 4678 Apollonius
2341 4614 2354 4657 :
2384 4594 2555 4668 Quod
2587 4613 2700 4657 nos
2730 4595 2974 4676 quidem
3009 4597 3462 4660 contumeliiset
3487 4616 3606 4659 ma-

1951 4686 2186 4748 ledictis
2208 4687 2346 4765 jure
2379 4685 2718 4761 insecteris,
2755 4704 2830 4746 ne
2862 4685 2994 4767 ipse
3025 4686 3267 4767 quidem
3301 4689 3604 4751 contradi-

1951 4776 2167 4850 xerim,
2203 4790 2265 4838 ut
2295 4778 2396 4859 qui
2457 4775 2754 4856 meipsum
2787 4777 3018 4856 primus
3046 4795 3318 4840 accusem
3354 4796 3368 4840 :
3403 4796 3607 4841 verum

1954 4885 2074 4927 non
2097 4865 2258 4947 ideo,
2293 4869 2452 4947 quod
2476 4873 2774 4928 tantorum
2821 4864 3116 4928 bonorum
3140 4868 3228 4929 illi
3261 4887 3440 4930 causa
3470 4869 3603 4931 fue-

1953 4956 2206 5035 rim,sed
2243 4956 2401 5036 quod
2431 4975 2548 5017 non
2574 4953 2722 5016 mihi
2745 4955 2930 5016 multo
2957 4957 3120 5036 prius
3159 4978 3172 5020 :
3209 4965 3266 5020 et
3297 4977 3416 5020 non
3447 4959 3608 5040 quod

1953 5047 2084 5128 ipse
2117 5064 2307 5108 meam
2336 5055 2560 5108 vestem
2593 5044 2878 5120 induerit,
2917 5048 3022 5108 sed
3055 5048 3211 5127 quod
3245 5067 3356 5128 ego
3380 5057 3608 5111 vestem

1955 5137 2116 5199 illius
2147 5136 2472 5198 induerim.
2517 5134 2809 5207 Quoniam
2845 5146 3045 5198 tamen
3080 5155 3186 5216 per
3208 5136 3396 5218 ipsam
3428 5139 3606 5202 ambo

1956 5228 2200 5290 salutari
2232 5227 2584 5288 indumento
2615 5223 2809 5287 induti
2840 5245 3071 5309 sumus,
3101 5228 3174 5289 iis
3199 5229 3610 5310 judiciis,quaa

1958 5336 2130 5381 verus
2171 5317 2332 5379 novit
2357 5318 2712 5396 Deus,certo
2746 5317 2922 5397 scias,
2958 5336 3154 5399 neque
3184 5319 3431 5400 posthac
3460 5319 3606 5383 Phi-

1955 5409 2282 5490 lemonem,
2316 5424 2512 5487 neque
2569 5406 2947 5488 Apollonium
2999 5409 3116 5470 diis
3145 5410 3605 5476 sacriﬁcaturae.

1955 5497 2120 5572 Quod
2145 5499 2194 5560 si
2223 5499 2386 5579 prius
2418 5497 2748 5559 timiditatis
2772 5507 2885 5559 ate
2912 5517 3046 5560 sum
3080 5508 3412 5575 accusatus,
3447 5519 3604 5562 nunc

1955 5589 2276 5652 maximam
2304 5598 2364 5651 et
2383 5597 2651 5669 apertam
2686 5587 2998 5652 ostendam
3020 5590 3606 5654 fortitudinem.Pro—

1955 5687 2088 5762 pter
2113 5678 2240 5744 haec
2299 5683 2447 5743 iram
2506 5677 2745 5760 spirans
2792 5679 3103 5760 Arrianus,
3135 5680 3331 5763 ipsum
3356 5680 3600 5764 quidem
