4148 6396
267 307 392 374 549

352 443 477 504 ΛΖ’.
541 445 946 508 Ἐπινεύσαντος
1003 444 1175 501 τοίνυν
1225 452 1318 502 τοῦ
1365 446 1655 524 ἡγεμόνος,
1701 445 1790 504 καὶ
1833 451 1983 502 τοῦΑ

265 533 473 614 δίφρου,
514 536 588 596 ὡς
642 535 846 598 ἐκεῖνος
879 531 1073 610 ᾔτησε,
1135 535 1674 612 κατασκευασθέντος,
1736 532 1932 592 παιδά-

265 645 384 702 ριον
441 623 676 704 ἀχθῆναι
735 623 1072 701 προστάττει,
1131 623 1460 700 ἑμϐληθῆναί
1517 647 1572 683 τε
1630 627 1702 690 εἰς
1777 627 1933 682 αὺτὸν

263 715 367 768 καί
442 712 694 794 ἀσφαλῶς
766 711 1155 792 ἰγκλεισθῆναιο
1229 715 1592 794 ἀθροισθέντας
1666 713 1720 770 δὲ
1791 713 1931 772 πάν-

268 825 364 865 τας
427 803 546 868 τοὺς
604 803 703 861 ἀνὰ
760 803 858 871 τὴν
914 803 1068 860 πόλιν
1129 801 1354 869 τοξεύειν
1411 804 1787 882 ἐπισταμένους
1859 806 1932 870 ὡς

265 891 412 947 κατά
493 901 696 951 σκοποῦ
761 891 980 969 βάλλειν
1049 899 1142 949 τοῦ
1213 893 1414 973 δίφρο),
1487 896 1577 951 καὶ
1647 893 1786 951 οὕτω
1854 894 1932 970 μὴ

262 982 485 1060 ὑφεῖναι
548 979 882 1055 τοξεύοντας,
942 981 1044 1046 ἕως
1102 985 1130 1038 ὁ
1189 981 1362 1063 δίφρος
1433 984 1573 1048 ἅπας
1646 983 1933 1064 καλυφθείη

261 1084 386 1134 τοῖς
449 1069 682 1147 βέλεσιν.
747 1070 980 1129 Ἐκεῖνοι
1041 1072 1138 1148 μὲν
1197 1073 1288 1129 οὖν
1349 1073 1705 1151 ἀθροισθέντες
1767 1073 1932 1139 οὕτως

259 1161 508 1234 ὶποίουν,
543 1163 571 1216 ὁ
627 1159 681 1216 δὲ
708 1161 916 1240 χαλκὸς
961 1162 1051 1240 (ἦν
1101 1163 1200 1241 γὰρ
1246 1166 1360 1228 οἷος
1403 1165 1535 1243 πρὸς
1565 1162 1738 1240 βελῶν
1769 1163 1930 1220 ἀντέ-

265 1272 396 1330 χειν
456 1247 714 1318 ὀξύτητας
774 1250 872 1316 ἕξω
941 1253 1035 1315 τὰς
1107 1251 1324 1330 πληγάς
1396 1251 1712 1334 δεχόμενος)
1788 1251 1932 1309 ἔνδον

267 1335 488 1406 ἀϐλαϐῆ
547 1341 635 1396 τόν
673 1338 841 1398 παῖδα
899 1338 1170 1414 διέσωζεν.
1236 1340 1385 1399 Ἐπεὶ
1443 1340 1498 1396 δὲ
1553 1343 1700 1400 αὐτοί
1747 1363 1802 1398 τε
1833 1364 1931 1399 το-

267 1427 513 1494 ξεύοντες
575 1429 774 1506 ἔκαμον
824 1432 912 1487 καὶ
957 1431 1024 1486 τά
1071 1429 1205 1507 βέλη
1257 1431 1464 1494 τούτοις
1500 1429 1735 1511 ἔλειπον,
1784 1433 1930 1488 ἀπα-

265 1520 355 1580 θὲς
392 1515 709 1576 ἱκϐάλλεται
767 1520 827 1576 τό
886 1517 1116 1577 παιδίον
1175 1521 1262 1578 καὶ
1320 1521 1367 1577 οἱ
1414 1522 1531 1599 περὶ
1574 1523 1666 1577 τὸν
1694 1520 1937 1598 ἡγεμόνα

265 1607 370 1684 μὲν
405 1607 726 1688 ἀποροῦντες
779 1611 1087 1680 εἱστήκεσον
1137 1607 1260 1667 ὅτου
1295 1610 1454 1690 χάριν
1497 1610 1708 1690 γένοιτα
1747 1610 1932 1673 ταῦτα.

1201 304 1678 374 MARTYRIUM
1721 310 1785 374 S.
1852 303 2147 373 THYRSI
2187 300 2288 372 ET
2334 304 2735 373 SQCIORUM.

3553 317 3670 385 550

2089 439 2377 504 XXXVII.
2413 439 2558 502 Cum
2594 457 2818 520 praeses
2847 448 3046 504 autem
3079 444 3408 521 annuisset,
3443 455 3501 511 et
3522 469 3666 512 cur-

2016 549 2144 605 rus,
2178 538 2242 594 ut
2272 530 2375 591 ille
2407 529 2680 610 petierat,
2716 538 2876 592 esset
2919 541 3320 616 constructus,
3366 537 3540 616 jubet
3569 541 3671 601 ad-

2016 620 2152 681 duci
2184 619 2475 700 puellum,
2509 628 2566 681 et
2611 619 2672 681 in
2701 639 2841 683 eum
2900 622 3140 684 immitti
3163 624 3669 706 etdiligenterin.

2017 709 2176 772 cludi
2210 731 2222 772 :
2259 711 2606 790 congregari
2638 729 2776 772 vero
2807 731 3040 785 omnes,
3078 713 3179 795 qui
3213 723 3384 777 erant
3416 717 3476 778 in
3521 717 3672 780 civi-

2018 807 2134 862 tate
2167 799 2342 881 periti
2374 800 2712 880 sagittandi,
2750 808 2807 862 et
2837 802 2906 864 ad
2942 821 3183 865 currum
3228 807 3479 884 jaculari
3536 817 3672 870 tan-

2016 907 2193 970 quam
2227 889 2299 950 ad
2329 907 2575 970 scopum
2605 907 2618 952 :
2673 899 2730 952 et
2757 909 2874 952 non
2905 910 3143 954 cessare
3173 894 3443 973 jaculari,
3479 897 3672 960 donec

2018 989 2181 1040 totus
2205 996 2416 1067 currus
2441 988 2594 1041 esset
2621 987 2812 1041 tectus
2834 981 3086 1060 sagittis.
3108 983 3300 1064 Atque
3325 984 3406 1046 illi
3427 987 3670 1067 quidem

2018 1066 2365 1148 congregati
2388 1068 2473 1129 sic
2497 1068 2822 1132 faciebant.
2855 1070 2956 1131 Ais
2979 1079 3173 1133 autem
3202 1073 3353 1152 (erat
3381 1066 3539 1136 enim
3565 1077 3674 1137 hu.

2009 1157 2276 1237 jusmodi
2309 1167 2394 1235 ut,
2429 1159 2500 1219 ad
2534 1159 2934 1221 resistendum
2981 1161 3131 1224 aciei
3187 1162 3467 1242 telorum,
3519 1165 3674 1227 ictus

2015 1248 2322 1328 acciperet
2349 1251 2746 1328 extrinsecus)
2794 1249 2956 1312 intus
2987 1251 3234 1314 illaesum
3285 1256 3674 1318 conservabat

2017 1355 2291 1418 puerum.
2329 1339 2475 1401 Cum
2507 1357 2671 1420 vero,
2709 1347 2768 1400 et
2799 1340 2912 1420 ipsi
2960 1341 3292 1420 sagittando
3331 1355 3532 1406 essent
3561 1345 3674 1407 de-

2020 1427 2256 1501 fessi,et
2290 1427 2406 1490 tela
2428 1428 2516 1490 eis
2541 1428 2926 1504 defecissent,
2956 1449 3105 1511 puer
3129 1432 3403 1494 educitur
3433 1434 3674 1498 illaesus.

2021 1515 2092 1578 Et
2119 1517 2312 1579 stabat
2339 1519 2581 1598 quidem
2618 1537 2838 1599 praeses
2869 1521 3108 1596 dubius,
3155 1521 3251 1582 cui
3282 1523 3408 1586 haec
3439 1525 3673 1589 fierent.

2023 1606 2176 1668 Dicit
2211 1617 2410 1696 autem
2445 1617 2666 1690 martyr
2691 1611 2988 1672 Arriano:
3025 1610 3176 1689 Hoc,
3221 1611 3438 1692 inquit,
3472 1634 3506 1675 o
3531 1633 3680 1696 prae-

263 1702 328 1756 Ὀ
395 1699 596 1776 μάρτυς
654 1698 833 1774 μέντοι
893 1703 1022 1779 πρὸς
1072 1702 1163 1757 τὸν
1223 1697 1518 1780 Ἀῤῥιανὸν,
1577 1700 1762 1777 Τοῦτο,
1823 1725 1935 1781 φη-

2032 1713 2139 1772 ses,
2176 1706 2266 1758 est
2295 1695 2399 1759 tibi
2433 1697 2680 1759 evidens
2711 1698 2905 1778 imago
2943 1718 3089 1762 mea;
3109 1701 3337 1763 salutis.
3365 1704 3677 1776 Quomodo

264 1788 380 1860 σὶν,
447 1787 495 1844 ὦ
552 1788 794 1867 ἡγεμὼν,
853 1776 1084 1868 ἐναργὴς
1143 1776 1432 1856 ἔστω-τῆς
1483 1776 1618 1865 ἐνμῆς
1667 1776 1930 1868 σωτηρίας

2032 1785 2180 1847 enim
2218 1786 2314 1847 hic
2348 1805 2514 1866 puer,
2551 1789 2782 1849 etiamsi
2812 1776 2928 1850 sibi
2981 1789 3054 1849 ad
3097 1790 3246 1850 nihil
3310 1793 3495 1872 possit
3546 1811 3680 1856 esse

263 1876 460 1937 εἰκών.
524 1875 735 1957 ’Ὠσπερ
791 1878 890 1957 γὰρ
949 1881 976 1934 ὁ
1028 1893 1158 1941 παῖς
1190 1880 1364 1958 οὗτος,
1399 1879 1570 1937 καίτοι
1602 1881 1732 1957 πρὸς
1765 1878 1931 1956 μηδὲν

2032 1875 2204 1948 utilis,
2241 1875 2386 1936 nihil
2424 1883 2620 1938 tamen
2655 1895 2831 1955 grave
2865 1896 3072 1957 passus
3103 1887 3195 1940 est
3239 1899 3271 1939 a
3331 1888 3443 1941 tam
3479 1884 3680 1944 multis

261 1967 450 2040 ἑαυτῴ
522 1963 808 2043 δυνάμενος
879 1967 1175 2048 συντελεῖν,
1251 1967 1399 2044 ὅμως
1471 1969 1712 2048 χαλεπὸν
1783 1967 1932 2025 οὒδὲν

2032 1964 2159 2024 viris
2192 1975 2247 2025 et
2270 1965 2490 2044 jaculis
2520 1983 2640 2027 aere
2671 1966 2902 2046 optime
2956 1968 3239 2042 munitus,
3277 1970 3490 2032 eodem
3546 1991 3677 2033 mo-

260 2057 374 2112 ὑπὸ
435 2057 701 2114 τοσούτων
760 2055 956 2136 ἀνδρῶν
1013 2059 1103 2114 καὶ
1153 2055 1323 2134 βελῶν
1379 2057 1636 2115 πέπονθεν
1689 2058 1932 2137 ἀσφαλέ-

261 2166 444 2200 στατα
489 2152 566 2219 τῷ
616 2144 809 2226 χαλκῷ
855 2143 1340 2228 διατευειχισμένος
1371 2163 1386 2178 ⁸
1427 2149 1518 2204 τὸν
1551 2148 1707 2204 αύτὸν
1736 2149 1931 2227 τρόπον

262 2235 450 2313 κάγὼ,
512 2234 610 2291 κᾶν
664 2237 843 2311 μυρίαι
900 2259 991 2311 μοι
1060 2237 1306 2300 κολάσεις
1381 2237 1742 2318 ἆπενεχθεῒεν,
1821 2236 1938 2296 οὐδὲ

260 2332 398 2400 μιᾶς
457 2326 656 2382 τούτων
715 2325 1182 2407 ἐπιστραφήσομαι
1224 2343 1236 2356 ·

257 2417 296 2483 ἡ
364 2422 460 2471 τοῦ
520 2413 650 2487 ἐμοῦ
711 2424 937 2494 Χριστοῦ
985 2415 1206 2492 δύναμις
1265 2415 1601 2492 ἀδαμαντῖνῳ
1638 2440 1704 2492 με
1767 2417 1937 2496 τείχει

261 2503 458 2576 κύκλῳ
516 2507 968 2586 περιτειχίζουσα.
1028 2513 1203 2581 Θυμοῠ
1268 2509 1402 2584 πρὸς
1475 2514 1637 2562 ταῦτα
1693 2506 1938 2585 πληροῦ-

265 2616 362 2650 ται
425 2593 699 2671 Ἀῥριανὸς
759 2593 846 2651 κεί
904 2603 996 2652 τοῦ
1045 2597 1304 2675 μάρτυρος
1337 2593 1544 2673 ἐλέγξαι
1574 2596 1692 2662 τοὺς
1748 2595 1938 2673 λόγους

265 2680 598 2760 βουλόμενος
657 2685 730 2747 εἷς
790 2684 916 2764 ἔργα
976 2685 1181 2759 μᾶλλον
1241 2686 1428 2749 αὐτοὺς
1481 2682 1704 2752 ἒκϐἤναι
1766 2697 1939 2743 ποιεῖ.

273 2779 455 2831 Φυτοῦ
511 2774 610 2852 γὰρ
671 2795 813 2839 τινος
871 2774 960 2829 τὸν
1018 2771 1216 2832 δίκαιον
1270 2774 1574 2852 ἀναρτήσας
1625 2773 1754 2850 ὅπερ
1805 2773 1945 2853 ἐχό-

279 2877 422 2936 μενα
478 2861 575 2936 μὲν
629 2871 722 2920 τοῦ
783 2865 1024 2940 βήματος
1075 2864 1140 2931 ἧν
1190 2864 1437 2938 ἑστηκὸς,
1470 2871 1562 2919 τοῦ
1605 2862 1847 2939 Περσέως
1889 2860 1944 2917 δὲ

284 2951 434 3006 οὕτω
507 2950 848 3032 καλουμένου,

296 3039 504 3104 ίστησι.
566 3043 654 3097 Καὶ
706 3043 856 3118 οἱμὲν
919 3041 1140 3100 ἔϐαλλον
1195 3045 1460 3123 ἱσχυρῶςο
1520 3045 1547 3097 ὁ
1597 3041 1650 3097 δὲ
1703 3049 1769 3118 τῇ
1824 3045 1946 3120 πρὸς

306 3129 394 3183 τὸν
451 3129 636 3186 οἰκεῖον
700 3131 974 3200 Δεσπότην
1032 3134 1174 3213 εὐχῇ
1229 3134 1401 3189 πάντα
1458 3131 1658 3206 ὁμοίως
1698 3129 1949 3189 ἀπεσόϐει

285 3217 357 3273 τὰ
408 3217 566 3293 βέλη.
635 3221 732 3280 Καὶ
763 3222 862 3300 γὰρ
894 3222 956 3278 τά
988 3223 1088 3299 μὲν
1148 3223 1222 3287 εἰς
1272 3223 1374 3300 γὴν
1421 3220 1631 3302 ἔπιπτε,
1683 3225 1749 3278 τὰ
1780 3221 1951 3278 δὲκαὶ

277 3313 361 3382 τῷ
409 3306 635 3387 δένοδρῳ
693 3312 1110 3390 περιεπήγνυτο’
1166 3309 1318 3391 ἕτερα
1367 3308 1423 3366 δὲ
1475 3316 1569 3368 τοῦ
1617 3311 1771 3390 ἀέρος
1819 3315 1950 3368 θαυ-

276 3395 507 3473 μαστῶς
538 3396 875 3474 ἓξεκρέματο.

363 3475 503 3546 ΛΗ’.
557 3486 707 3546 Ἐπεὶ
754 3488 806 3544 δὲ
858 3489 1154 3547 κεκένωντο
1206 3491 1303 3566 μὲν
1354 3489 1536 3553 αὐτοῖς
1587 3493 1638 3546 αἱ
1670 3489 1946 3569 φαρέτραι,

274 3578 304 3632 δ
367 3577 572 3655 μάρτυς
623 3576 680 3634 δὲ
739 3577 908 3636 δεινὸν
967 3583 1028 3636 τὸ
1085 3580 1334 3656 παράπαν
1396 3577 1544 3637 ούδὲν
1605 3578 1868 3658 ἔπασχεν,
1923 3581 1950 3635 ὁ

275 3667 506 3745 ἡγεμών
566 3689 624 3724 τε
682 3676 847 3726 ταῦτα
895 3670 1030 3750 ὁρῶν
1080 3672 1178 3727 σύκ
1226 3670 1354 3750 εἶχε
1404 3687 1525 3734 τοῖς
1579 3672 1801 3747 παροῦσι
1851 3693 1948 3725 πι-

277 3757 523 3816 στεύειν.
586 3759 760 3833 θαῦμά
819 3782 873 3816 τι
926 3760 1086 3817 πάλιν
1139 3759 1409 3839 ἐπιτρέχει
1465 3766 1540 3816 τῶ
1586 3759 1836 3832 θαύματι·
1887 3763 1946 3816 ‘0

275 3847 383 3922 μὲν
440 3847 542 3926 γὰρ
598 3849 851 3926 ᾒπείγετο
907 3853 1099 3925 μαθεῖν
1159 3851 1202 3905 εἰ
1253 3848 1428 3916 αληθῆ
1463 3849 1527 3905 τὰ
1558 3846 1824 3925 ὁρώμενα.
1862 3848 1948 3921 Τῷ

275 3937 437 4011 τόπῳ
495 3935 548 3991 δὲ
607 3939 879 4015 παραστὰς
936 3938 1219 4009 Φιλήμονα
1272 3940 1402 4014 πρὸς
1461 3939 1522 3994 τὸ
1553 3935 1760 4017 δένδρον
1791 3939 1946 4014 ἀκρι-

280 4025 394 4090 ϐῶς
425 4027 634 4089 ἐθεᾶτο.
668 4027 756 4085 Ἐν
787 4029 957 4104 τούτῳ
985 4026 1040 4084 δὲ
1091 4035 1196 4085 τῶν
1255 4029 1444 4108 ἀερίων
1502 4027 1716 4084 ἐκείνων
1776 4026 1946 4104 βελῶν

281 4116 343 4172 ἓν
393 4118 764 4174 ἒπικαταπτάν
825 4120 913 4175 τὸν
967 4116 1134 4183 δεξιὸν
1183 4121 1324 4193 αὐτῷ
1370 4116 1557 4194 βάλλει
1607 4123 1711 4173 τῶν
1742 4115 1946 4196 ὀφθαλ-

278 4211 430 4280 μῶν,
495 4207 580 4262 καὶ
641 4208 825 4264 αὐτίκα
873 4220 1066 4286 πηροϊ,
1122 4209 1188 4264 Ἥ
1238 4205 1292 4263 δὲ
1340 4209 1576 4285 πήρωσις
1611 4205 1742 4274 αὕτη
1772 4229 1944 4286 φωτι-

1305 2325 1556 2401 ἀμϐλύνει
1612 2328 1712 2406 γάρ
1773 2329 1937 2390 αὖτάς

2016 2053 2090 2114 do
2121 2073 2227 2132 ego
2251 2055 2754 2133 quoque,etiamsi
2787 2054 2934 2115 mihi
2965 2055 3425 2119 innumerabilia
3451 2060 3672 2123 inﬂicta

2020 2144 2241 2205 fuerint
2272 2143 2585 2224 supplicia,
2624 2144 2844 2205 nullius
2891 2145 3100 2206 horum
3154 2166 3358 2207 curam
3417 2167 3620 2227 geram
3661 2171 3678 2227 ;

2021 2249 2093 2294 ea
2125 2233 2283 2294 enim
2323 2233 2598 2295 obtundit
2629 2243 2689 2296 et
2739 2233 2978 2296 hebetat
3033 2237 3146 2296 mei
3204 2237 3417 2298 Christi
3470 2239 3676 2316 virtus,

2023 2341 2160 2403 quae
2205 2342 2300 2384 me
2355 2323 2752 2385 circumcirca
2813 2343 2981 2385 muro
3041 2327 3232 2385 munit
3273 2326 3676 2392 adamantina.

2021 2411 2275 2492 Propter
2308 2414 2433 2475 hac
2467 2415 2555 2474 ira
2577 2413 2865 2494 impletur
2887 2414 3176 2476 Arrianus
3203 2434 3216 2490 ;
3253 2424 3314 2477 et
3341 2435 3475 2478 cum
3508 2418 3682 2480 vellet

2024 2502 2206 2564 verba
2239 2503 2517 2584 martyris
2549 2504 2929 2584 convincere,
2961 2504 3100 2565 facit
3133 2513 3195 2564 ut
3224 2523 3293 2567 ea
3325 2507 3521 2587 potius
3569 2508 3677 2570 de-

2029 2592 2324 2655 ducantur
2348 2593 2423 2654 ad
2456 2592 2754 2655 effectum.
2792 2592 2935 2655 Nam
2970 2613 3102 2655 cum
3129 2613 3160 2655 e
3186 2597 3437 2676 quadam
3469 2598 3685 2660 arbore

2030 2682 2446 2763 suspendisset
2473 2684 2729 2762 justum,
2758 2702 2886 2764 quae
2909 2683 3104 2745 stabat
3125 2685 3562 2767 quidemjuxta
3586 2689 3688 2751 tri-

2031 2772 2562 2848 buual,vocabatur
2589 2783 2788 2835 autem
2814 2773 3040 2853 Persei,
3069 2774 3228 2836 circa
3259 2794 3394 2836 eum
3428 2796 3497 2838 ex
3521 2779 3688 2840 omni

2030 2874 2200 2945 parte
2255 2865 2458 2927 statuit
2516 2866 2877 2945 sagittarios.
2912 2865 2982 2926 Et
3030 2866 3116 2927 illi
3160 2867 3401 2948 quidem
3448 2868 3688 2934 fortiter

934 2952 1152 3018 τοξότας
1236 2954 1392 3011 αὐτὸν
1463 2953 1719 3009 πάντοθεν
1788 2975 1941 3030 περι-

2032 2954 2388 3036 torquebant
2419 2977 2434 3036 ;
2477 2956 2577 3017 ille
2607 2975 2745 3018 vero
2776 2975 2884 3017 sua
2913 2955 2984 3017 ad
3043 2955 3360 3018 Dominum
3415 2960 3688 3022 oratione

2034 3045 2236 3107 omnia
2269 3046 2384 3107 tela
2413 3046 2690 3108 similiter
2720 3044 3080 3126 depellebat.
3111 3048 3258 3109 Nam
3294 3047 3408 3108 alia
3440 3049 3684 3129 quidem

2035 3135 2328 3198 cadebant
2353 3136 2412 3197 in
2439 3143 2684 3210 terram,
2702 3137 2816 3198 alia
2837 3153 2973 3197 vero
3007 3135 3339 3214 ﬁgebantur
3360 3137 3418 3199 in
3441 3138 3681 3217 arbore,

2035 3225 2150 3287 alia
2180 3234 2377 3288 autem
2414 3225 2854 3290 admirabiliter
2883 3224 3225 3306 pendebant
3255 3245 3326 3289 ex
3355 3245 3516 3292 aere.

2114 3485 2427 3551 XXXVIII.
2450 3486 2769 3568 Postquam
2785 3505 2928 3550 vero
2945 3487 3031 3549 eis
3045 3487 3292 3565 quidem
3307 3489 3549 3552 fuerunt
3565 3490 3687 3554 exi-

2035 3575 2252 3638 nanitae
2273 3577 2585 3656 pbaretrm,
2615 3585 2834 3658 martyr
2854 3587 3056 3639 autem
3079 3577 3226 3639 nihil
3247 3580 3494 3642 omnino
3513 3600 3694 3660 grave

2031 3665 2387 3746 patiebatur.
2425 3665 2650 3729 Przeses
2683 3668 2807 3729 haec
2840 3666 3070 3747 videns,
3108 3686 3226 3729 non
3283 3677 3517 3748 poterat
3547 3689 3689 3734 cre-

2034 3755 2177 3816 dere
2208 3755 2280 3816 iis
2312 3775 2442 3835 quae
2475 3755 2782 3831 cernebat,
2821 3765 2878 3818 et
2905 3774 3025 3836 pra:
3045 3757 3444 3822 admiratione
3473 3778 3692 3822 accur-

2030 3843 2109 3904 rit
2137 3843 2208 3905 ad
2242 3845 2618 3908 miraculum.
2643 3844 2787 3906 Nam
2821 3846 2922 3906 ille
2945 3846 3188 3926 quidem
3219 3847 3498 3910 studebat
3531 3851 3692 3913 scire

2031 3952 2104 3994 an
2137 3951 2276 3996 vera
2307 3942 2508 3995 essent
2548 3953 2677 4015 qua:
2736 3934 3115 3996 videbantur.
3179 3937 3328 3999 Cum
3377 3938 3452 3999 ad
3494 3939 3687 4003 locum

2030 4030 2226 4084 autem
2280 4023 2662 4096 accessisset,
2723 4023 3138 4086 Philemonem
3191 4025 3342 4087 vidit
3372 4037 3579 4108 aperte
3627 4030 3692 4092 in

2029 4115 2267 4176 arbore.
2301 4111 2546 4174 Interim
2575 4122 2773 4175 autem
2808 4131 2878 4174 ex
2909 4114 3088 4175 aeriis
3118 4115 3235 4175 illis
3250 4115 3468 4194 jaculis
3500 4137 3688 4182 unum

2029 4202 2336 4277 advolans,
2369 4203 2502 4264 ferit
2535 4204 2590 4265 ei
2621 4203 2930 4265 dexterum
2977 4203 3244 4279 oculum,
3279 4223 3535 4286 eumque
3577 4226 3686 4268 ex-

280 4303 426 4372 σμοῦ
481 4293 691 4373 καρδίας
748 4295 869 4376 ἦρξε
926 4304 1002 4372 τῷ
1059 4295 1302 4373 διγαστῇ.
1362 4296 1500 4376 ’Ὅρα
1558 4296 1656 4374 γὰρ
1707 4297 1806 4363 τὴν
1855 4305 1944 4356 τοῦ

2037 4301 2241 4356 caecat.
2273 4292 2408 4354 Haec
2439 4311 2578 4355 vero
2610 4290 2948 4364 excaecatio,
2976 4292 3086 4354 fuit
3100 4292 3294 4372 judici
3327 4293 3686 4375 principium

281 4393 424 4442 Θεοῦ
501 4386 684 4462 σοφίαν
742 4386 802 4444 ἐκ
863 4387 1065 4466 μάλιροῦ
1123 4385 1425 4443 πλέκουσαν
1486 4387 1573 4442 καὶ
1641 4385 1944 4442 ποικίλλου-

2037 4383 2513 4445 illuminationis.
2550 4381 2701 4445 Vide
2735 4382 2892 4444 enim
2927 4381 3034 4444 Dei
3067 4383 3444 4462 sapientiam,
3492 4402 3628 4463 quin
3659 4403 3694 4448 θ

279 4497 391 4532 σαν
459 4475 766 4555 παραδόξως
839 4475 1142 4541 λυσιτελεῖς
1213 4477 1542 4556 πραγμάτων
1619 4477 1944 4552 οἰκονομίας.

2040 4472 2363 4552 longinquo
2394 4472 2684 4546 contexit,
2734 4479 2792 4533 et
2821 4470 3251 4534 admirabiliter
3293 4473 3478 4534 variat
3512 4474 3693 4537 utiles

280 4563 569 4643 Ἀῤῥιανὸς
628 4567 729 4646 γὰρ
788 4566 964 4624 πολλὰ
1026 4566 1122 4642 μὲν
1193 4568 1441 4646 Χριστὸν,
1510 4563 1684 4624 πολλὰ
1743 4565 1797 4622 δὲ
1869 4567 1944 4623 καῖ

2037 4581 2236 4626 rerum
2270 4561 2767 4641 dispensationes.
2798 4563 3263 4624 Arrianusenim
3288 4563 3538 4625 multum
3559 4568 3694 4646 qui-

282 4658 641 4732 Χριστιανοὺς
699 4663 876 4722 κακῶς
934 4654 1086 4734 ἔλεγε
1133 4654 1332 4736 σφόδρα
1364 4661 1429 4733 τῇ
1479 4655 1634 4725 ὀδύνῃ
1667 4655 1944 4734 παρωξυμ-

2044 4653 2178 4714 dem
2215 4654 2538 4728 Christum,
2575 4653 2823 4714 multum
2855 4661 3053 4714 autem
3105 4653 3278 4714 etiam
3330 4652 3698 4718 Christianos

282 4743 480 4821 μένος⁹
547 4747 648 4803 Τοῦ
695 4756 860 4806 κακοῦ
905 4745 956 4803 δὲ
1009 4745 1155 4823 ὅμως
1204 4745 1511 4821 ἡττώμενος
1570 4745 1960 4825 κατενεχθῆναι

284 4833 504 4892 κελεύει
561 4838 650 4892 τὸν
710 4836 974 4905 ἀθλητὴν.
1052 4841 1189 4894 Εἶτα
1261 4838 1348 4892 καὶ
1418 4837 1721 4915 θεραπεύειν
1791 4833 1962 4893 ἐδεῖτο

284 4927 391 4981 τὸν
449 4924 720 5004 ὀφθαλμὸν
781 4928 964 5003 μαθὼν
1022 4929 1050 4984 ὁ
1112 4924 1292 5007 ἄφρων
1349 4925 1411 4982 ἐκ
1467 4925 1560 4981 τοῦ
1617 4927 1808 4982 παθεῖν
1881 4925 1963 4982 ὅτι

287 5013 468 5090 ὅσπερ
522 5010 660 5070 οὕτω
721 5013 1032 5094 παραδόξως
1086 5012 1284 5082 πλῆξαι
1337 5011 1558 5078 δυνατὸς
1587 5013 1829 5093 γέγονεν,
1865 5013 1959 5072 οὒκ

287 5102 362 5184 ἂν
419 5101 521 5181 ἄρα
576 5105 666 5161 καὶ
722 5103 1030 5184 παραδόξως
1088 5102 1332 5162 ἰάσασθαι
1391 5102 1645 5167 ἀδύνατος
1690 5110 1956 5182 καταστῇ,

290 5183 362 5250 Ὀ
392 5190 472 5272 δὲ,
536 5200 642 5252 Νῦν
702 5183 908 5272 μέντοι,
954 5196 1106 5271 φησὶ,
1152 5196 1250 5260 τήν
1282 5191 1428 5250 ἴασιν
1460 5191 1848 5268 ἀναϐάλλομαι,
1884 5195 1961 5268 μὴ

288 5284 386 5340 καὶ
459 5283 712 5362 γοητείαν
781 5284 926 5348 αὖθις
998 5285 1233 5360 καλέσῃς
1306 5283 1406 5350 τὴν
1479 5284 1800 5363 εὕεργεσίαν,
1874 5284 1962 5340 καὶ

290 5373 578 5432 ὑπεύθυνον
633 5374 792 5440 αὐτὸς
847 5374 1074 5451 ἐμαυτὸν
1131 5373 1426 5452 ἀλογίστως
1483 5395 1566 5430 σοι
1609 5373 1956 5443 καταστήσω·

2045 4742 2370 4804 insectatus
2397 4751 2490 4804 est
2523 4739 2878 4814 maledictis,
2914 4753 2981 4802 ut
3010 4742 3109 4821 qui
3133 4741 3293 4820 gravi
3325 4741 3532 4805 dolore
3554 4744 3699 4806 irri-

2049 4840 2295 4893 taretur.
2330 4832 2384 4894 A
2416 4832 2570 4893 malo
2606 4843 2806 4893 tamen
2833 4834 3042 4908 victus,
3067 4831 3252 4910 jussit
3289 4831 3504 4896 deferri
3533 4851 3698 4897 mar-

2050 4931 2258 5003 tyrem.
2295 4921 2524 4984 Deinde
2557 4921 2733 4983 etiam
2772 4919 3020 4998 rogavit,
3066 4929 3128 4981 ut
3157 4931 3396 4984 curaret
3432 4924 3696 5000 oculum,

2050 5031 2119 5076 ex
2150 5030 2220 5074 eo
2252 5012 2408 5092 quod
2463 5029 2673 5091 passus
2725 5009 2916 5072 fuerat
2961 5010 3205 5091 stultus,
3257 5011 3488 5089 dicens,
3538 5013 3700 5094 quod

2046 5101 2345 5184 quomodo
2376 5099 2809 5162 admirabiliter
2851 5099 3046 5160 fuerat
3098 5111 3312 5180 potens
3355 5101 3432 5162 ad
3479 5121 3700 5183 percu-

2049 5191 2426 5269 tiendum,ita
2450 5191 2525 5253 sit
2547 5190 2723 5252 etiam
2740 5189 2815 5250 ad
2832 5188 3164 5251 senandum
3188 5189 3702 5255 admirabililele

2048 5290 2244 5346 autem
2273 5300 2286 5344 :
2324 5280 2492 5343 Nunc
2523 5280 2790 5361 quidem,
2833 5278 3050 5360 inquit,
3084 5278 3190 5341 tibi
3220 5280 3406 5343 offero
3439 5283 3705 5343 sanatio-

2054 5390 2216 5447 nem,
2252 5389 2329 5433 ne
2362 5370 2718 5433 beneficium
2748 5383 3059 5449 acceptum
3102 5387 3314 5430 rursus
3342 5389 3521 5434 voces
3543 5390 3706 5452 prae-

294 5462 421 5521 ἀλλ’
477 5466 641 5534 ἡνίκα
703 5474 797 5524 τοῦ
853 5465 1103 5542 σώματος
1163 5461 1555 5540 ἑκδημήσάιμι,
1617 5460 1718 5539 ἤδη
1791 5459 1846 5518 δὲ
1907 5464 1944 5519 τῖ

2058 5461 2284 5540 stigias,
2323 5469 2380 5524 et
2409 5463 2535 5542 ipse
2569 5459 3010 5523 inconsiderate
3036 5478 3130 5520 me
3156 5459 3264 5521 tibi
3292 5477 3460 5522 reum
3484 5461 3711 5524 consti-

297 5555 458 5621 τέλος
519 5555 707 5636 ἐγγὺς,
773 5555 861 5612 ἐπὶ
918 5557 1010 5613 τὸν
1068 5554 1197 5633 ἐμὸν
1254 5553 1418 5610 ἐλθὼν
1468 5558 1672 5632 τάφων,
1707 5553 1796 5610 καὶ
1825 5555 1943 5610 κόνι

2062 5563 2244 5616 tuam.
2273 5551 2388 5614 Sed
2413 5551 2649 5632 quando
2672 5569 2704 5612 e
2729 5567 2980 5630 corpore
3005 5567 3317 5611 excessero
3345 5551 3484 5628 (jam
3508 5559 3708 5612 autem

314 5647 519 5706 ἐκεῖθεν
549 5646 757 5731 λακὼν,
793 5644 961 5723 ταύτῃ
992 5658 1184 5727 χρῖσαι
1233 5645 1326 5702 τὸν
1381 5642 1675 5727 ὀφθαλμὸν,
1713 5641 1944 5723 ὶπιλέγω

2068 5642 2204 5706 linis
2232 5641 2690 5725 appropinquat)
2723 5642 2969 5703 veniens
2998 5639 3071 5702 ad
3105 5657 3302 5702 meum
3333 5639 3704 5722 sepulcrum,
