4148 6400
464 294 571 361 551

1771 296 2053 360 MENSIS
2106 293 2535 361 DECEMBER.

3733 302 3852 373 552

464 444 523 495 et
552 452 623 496 ex
655 451 726 496 eo
758 431 1062 514 pulverem
1084 430 1404 512 accipiens,
1439 450 1512 495 eo
1540 450 1698 513 unge
1726 432 1987 515 oculum,
2017 440 2096 496 in-

2190 436 2251 491 σὺ
2311 438 2399 493 καὶ
2445 437 2506 492 τὸ
2565 443 2656 494 τοῦ
2708 440 2935 516 Χριστοῦ
2990 436 3181 514 ὄνομα,
3235 438 3322 496 καὶ
3370 441 3466 498 οὒκ.
3508 440 3584 505 εἷς
3638 442 3845 521 μακράν

464 539 687 588 vocans
744 531 803 586 tu
862 542 1096 604 quoque
1142 523 1360 587 Christi
1419 542 1661 600 nomen,
1724 533 1781 585 et
1835 543 1955 586 non
2005 524 2106 587 diu

467 622 621 693 post,
656 614 760 675 sed
791 615 985 676 statim
1020 621 1369 694 sequentem
1402 614 1650 676 habebis
1686 616 2022 678 sanitatem.

543 702 802 767 XXXIX.
825 703 962 765 Post
984 703 1098 764 hoc
1132 722 1248 765 non
1282 702 1480 765 differt
1507 704 1815 780 Arrianus,
1845 705 1948 766 sed
1973 724 2104 765 am-

464 791 676 856 borum
709 794 912 868 simul,
950 792 1314 855 Philemonis
1371 801 1430 856 et
1485 794 1791 874 Apollonii
1845 802 2110 876 amputat

462 884 677 963 capita.
710 885 854 945 Nam
887 882 1008 944 sive
1044 883 1364 945 mentiatur
1391 883 1726 964 Philemon,
1761 886 1977 965 inquit,
2004 886 2106 946 iraa

465 971 793 1036 medebor:
828 972 919 1033 sin
953 971 1175 1051 minus,
1210 971 1357 1034 mihi
1387 974 1689 1034 curabitur
1719 974 1951 1035 oculus.
1986 975 2103 1037 'l‘a-

462 1060 550 1123 les
580 1061 822 1142 quidem
854 1062 1021 1125 fuere
1044 1062 1281 1125 athletis
1304 1065 1653 1125 occasiones
1683 1064 1943 1144 martyrii
1973 1084 1988 1140 ;
2025 1072 2107 1125 ta-

461 1151 550 1213 les
579 1161 775 1214 autem
809 1157 983 1215 etiam
1017 1152 1232 1217 exitus.
1264 1151 1555 1225 Quoniam
1604 1169 1744 1214 vero
1798 1152 2110 1233 oportebat

462 1241 778 1305 Arrianum
814 1262 1052 1324 quoque
1083 1262 1202 1305 non
1224 1261 1358 1304 esse
1388 1243 1561 1305 oculo
1584 1242 1970 1318 obcaecatum,
2002 1243 2106 1304 sed

460 1330 627 1393 illum
662 1349 900 1413 quoque
928 1332 1107 1393 simul
1141 1350 1274 1394 esse
1310 1332 1507 1394 animo
1539 1332 1960 1407 illuminatum,
1996 1334 2110 1394 hoc

460 1440 700 1502 quoque
728 1423 1116 1498 consequitur
1161 1441 1229 1483 ea
1279 1441 1413 1499 quin
1463 1431 1919 1502 praecesserunt.
1952 1423 2106 1486 Nam

459 1528 598 1571 cum
628 1509 899 1591 reliquiae
927 1511 1197 1586 fuissent,
1236 1519 1298 1572 ut
1349 1529 1454 1592 par
1494 1520 1641 1591 erat,
1687 1529 1720 1572 a
1756 1512 1869 1592 piis
1895 1510 2109 1573 habitae

459 1599 520 1659 in
546 1600 796 1673 honore,
829 1608 888 1663 et
916 1618 1051 1661 cum
1086 1600 1256 1663 Ascla
1284 1610 1343 1662 et
1368 1600 1626 1663 Leonida
1651 1600 1869 1662 divinis
1889 1600 2106 1662 Christi

464 1687 822 1770 martyribus
843 1690 1160 1768 depositae;
1189 1690 1475 1753 Arrianus
1492 1691 1686 1752 statim
1712 1691 1854 1767 (non
1877 1689 2109 1752 sinebat

2191 524 2578 584 ἀκολουθοῦσαν
2610 525 2750 592 ἕξεις
2780 529 2925 592 εὐθὺς
2953 530 3042 585 καὶ
3077 528 3173 595 τὴν
3203 528 3371 586 ἴασιν.

2274 703 2401 762 ΔΘ’.
2462 709 2597 781 Πρὸς
2650 717 2812 767 ταῦτα
2865 708 2923 763 οὔ
2982 706 3195 782 μέλλων
3256 705 3523 785 Ἀῤῥιανὸς
3577 710 3665 790 ἦν,
3720 711 3850 769 ἀλλ’

2192 793 2505 873 ἀμφοτέρων
2557 798 2708 872 ὁμοῦ,
2779 796 3089 872 Φιλήμονός
3164 820 3221 853 τε
3294 799 3381 853 καὶ
3452 798 3840 882 Ἀπολλωνίου,

2187 884 2279 945 τὰς
2304 884 2537 963 κεφαλὰς
2568 886 2880 961 ἀποτέμνει.
2936 886 3036 943 "Av
3092 909 3147 943 τε
3203 890 3303 964 γὰρ
3353 888 3602 963 ψεύδοιτο
3657 889 3839 958 Φιλτί-

2190 996 2328 1045 ιιδων⁹
2390 976 2539 1054 φησὶ,
2598 978 2691 1032 τὸν
2756 979 2916 1052 θυμόν
2988 978 3280 1055 θεραπεύω·
3344 976 3404 1033 ἄν
3463 1000 3518 1033 τε
3579 981 3678 1058 μὴ,
3749 983 3841 1037 τὸν

2191 1062 2461 1142 ὀφθαλμὸν
2504 1067 2812 1141 ἰαθησομαι.
2874 1074 3098 1125 Τοιαῦτα
3147 1067 3244 1141 μὲν
3296 1080 3411 1127 τοῖς
3463 1067 3721 1134 ἀθληταῖς
3751 1075 3844 1127 τοῦ

2193 1153 2475 1230 μαρτυρίου
2529 1156 2580 1210 αἱ
2636 1156 2908 1235 ἀφορμοί·
2973 1163 3213 1213 τοιαῦται
3269 1156 3323 1211 δὲ
3381 1158 3468 1212 καὶ
3500 1160 3549 1213 αἱ
3581 1157 3839 1221 τελευταί,

2192 1239 2341 1299 Ἐπεὶ
2371 1241 2423 1298 δὲ
2458 1242 2557 1300 ἔδει
2591 1248 2678 1301 καὶ
2728 1244 2998 1323 Ἀῤῥιανόν
3055 1246 3133 1321 μὴ
3178 1247 3268 1301 τὸν
3319 1246 3588 1325 ὀφθαλμὸν
3644 1270 3839 1327 πηρω-

2190 1332 2342 1399 θῆναι
2418 1334 2604 1407 μόνον,
2665 1334 2801 1390 ἀλλὰ
2874 1336 3123 1393 κᾶκεῖννον
3190 1335 3300 1407 ἅμα
3374 1339 3700 1415 φωτισθηναι
3752 1341 3843 1396 καὶ

2192 1423 2286 1489 τὴν
2329 1424 2539 1503 ψυχὴν,
2599 1426 2685 1480 καὶ
2740 1434 2894 1482 τοῦτο
2953 1439 3064 1486 τοῖς
3125 1426 3381 1505 φθαίσασιν
3461 1425 3838 1489 ἐπακολουθεῖ.

2191 1518 2307 1569 Τῶν
2365 1513 2465 1591 γὰρ
2515 1512 2783 1589 λειψάνων
2844 1515 3028 1577 αὺτοῖς
3086 1521 3249 1591 τιμῆς
3295 1520 3435 1597 παρὰ
3478 1534 3594 1585 τοῖς
3627 1521 3839 1597 εὗσεβέο

2187 1623 2293 1675 σιν,
2355 1602 2535 1680 ὥσπερ
2591 1603 2657 1669 ἦν
2712 1603 2891 1677 θέμις,
2940 1605 3290 1686 ἀξιωθέντων,
3344 1608 3437 1664 καΐ
3474 1610 3843 1684 μιτέιἈσκλᾶ

2185 1693 2274 1747 καὶ
2342 1692 2599 1748 Λεωνίδου
2685 1694 2790 1749 τῶν
2859 1695 3011 1750 θείων
3082 1703 3172 1752 τοῦ
3253 1704 3478 1773 Χριστου
3563 1700 3842 1778 μαρτύρων

459 1777 619 1840 enim
654 1777 861 1840 oculus
892 1797 1027 1841 eum
1058 1798 1192 1842 esse
1220 1779 1513 1860 desidem)
1566 1780 1795 1843 accedit
1823 1780 1895 1841 ad
1943 1798 2096 1855 eum,

2187 1780 2602 1861 κατατεθέντων,
2670 1782 2858 1845 εὐθέως
2921 1782 3193 1861 ’Λῤῥιανος
3252 1790 3329 1858 (οὗ
3384 1790 3484 1866 γὰρ
3545 1787 3635 1846 εὶά
3698 1777 3840 1866 βλαο

457 1867 612 1930 sicut
634 1867 828 1930 fuerat
857 1868 913 1929 ei
945 1868 1322 1950 praedictum,
1347 1879 1407 1931 et
1436 1889 1571 1931 cum
1602 1870 1937 1932 sustulisset
1966 1870 2102 1950 pul-

454 1975 678 2034 verem,
730 1957 963 2038 inungit
1007 1960 1289 2022 oculum:
1347 1958 1413 2021 In
1474 1960 1717 2021 nomine
1776 1967 1898 2038 tuo,
1959 1958 2103 2021 Jesu

444 2047 707 2130 Christe,
757 2048 993 2129 dicens,
1027 2057 1271 2131 propter
1313 2067 1490 2129 quem
1536 2049 1634 2110 isti
1687 2056 1941 2111 mortem
1994 2068 2103 2110 sua

449 2147 660 2217 sponte
683 2137 1012 2218 elegerunt,
1042 2140 1284 2221 impono
1309 2140 1613 2221 pulverem
1642 2158 1774 2201 meo
1799 2139 2012 2213 oculo;
2044 2146 2104 2200 et

449 2226 499 2289 si
532 2245 740 2289 rursus
770 2246 1079 2309 aspexero,
1132 2231 1262 2309 ipse
1306 2248 1543 2310 quoque
1589 2229 1781 2291 dicam
1816 2247 1933 2290 non
1965 2247 2098 2291 esse

450 2313 633 2379 alium
669 2315 850 2379 Deum
884 2327 1097 2398 praeter
1124 2326 1206 2383 te.
1245 2320 1384 2383 Haec
1414 2338 1551 2381 cum
1581 2317 1852 2395 dixisset,
1896 2319 2095 2380 statim

446 2405 744 2486 duplicem
778 2407 1004 2470 invenit
1053 2408 1448 2485 curationem,
1498 2427 1718 2487 nempe
1761 2415 1819 2468 et
1850 2408 2008 2470 oculi
2041 2417 2097 2470 et

446 2496 684 2558 anima).
718 2494 864 2558 Nam
900 2497 1000 2559 illo
1071 2498 1311 2579 quidem
1344 2498 1499 2560 videt
1531 2497 1744 2569 solem,
1795 2499 1907 2559 hac
1951 2515 2094 2560 vero

446 2584 779 2649 veritatem.
813 2585 1133 2666 Egreditur
1161 2606 1303 2667 ergo
1334 2588 1502 2650 laetus
1531 2596 1591 2648 et
1620 2587 1917 2650 clamans:
1952 2588 2094 2649 Sum

448 2676 843 2755 Christianus,
903 2686 961 2739 et
1006 2696 1203 2740 coram
1252 2679 1457 2740 multis
1508 2677 1758 2740 testibus
1803 2678 2096 2740 conﬁtens

446 2776 756 2848 acceptum
786 2767 1170 2831 beneﬁcium.
1199 2770 1454 2832 Domum
1482 2777 1680 2830 autem
1713 2785 2015 2849 reversus,
2038 2776 2096 2830 et

444 2875 656 2919 omnes
685 2864 786 2939 qui
820 2866 992 2922 erant
1018 2860 1173 2940 apud
1208 2878 1272 2921 se
1304 2858 1583 2940 baptizat,
1617 2866 1675 2920 et
1719 2857 1961 2938 triginta
1990 2876 2094 2920 sex

444 2945 811 3011 Christianos
836 2950 1063 3012 relaxat
1084 2970 1118 3009 θ
1140 2950 1413 3012 vinculis.
1439 2949 1552 3011 Tot
1584 2950 1742 3012 enim
1768 2958 1908 3010 tunc
1926 2957 2095 3010 erant

443 3047 685 3120 propter
707 3040 1011 3102 Christum
1030 3040 1094 3101 in
1118 3039 1389 3102 vinculis.
1420 3039 1651 3102 Deinde
1674 3058 1809 3101 cum
1835 3038 2093 3119 accepis-

2187 1871 2356 1926 κεύειν
2416 1873 2443 1926 ὁ
2502 1870 2801 1949 ὀγθαλμὸς)
2861 1877 3153 1951 πρόσεισιν,
3215 1876 3395 1947 ὥσπερ
3453 1879 3542 1935 οὖν
3604 1879 3745 1954 αὔτῷ
3801 1881 3840 1948 ἡ

2186 1958 2500 2038 ἐπαγγελία,
2553 1962 2645 2017 καί
2699 1962 2792 2018 τοῦ
2851 1965 2984 2043 χοὸς
3027 1962 3154 2042 ἄρας
3199 1966 3383 2022 πάττει
3417 1972 3508 2023 τὸν
3535 1967 3837 2046 ὀφθαλμὸν,

2189 2049 2278 2106 Ἐν
2309 2056 2383 2123 τῷ
2415 2050 2635 2124 ὀνόματί
2669 2072 2783 2129 σου,
2822 2052 3012 2130 Χριστὲ
3042 2053 3241 2126 Ἰησοῦ,
3279 2053 3474 2134 λέγων,
3527 2056 3590 2113 δι’
3640 2058 3697 2113 ὃν
3749 2060 3840 2115 καὶ

2184 2140 2327 2195 οὗτοι
2383 2140 2443 2195 τό
2499 2143 2678 2196 θανεῖν
2731 2140 2966 2222 ε’ίλοντο,
3022 2142 3242 2200 ἐπικιθῶ
3304 2167 3407 2219 μου
3458 2148 3553 2216 τὴν
3585 2148 3729 2203 κόνιν
3760 2154 3839 2222 τῷ

2182 2227 2460 2308 ὀφθαλμῷ,
2493 2231 2579 2285 καὶ
2614 2232 2657 2285 εἰ
2687 2228 2842 2287 ἆναϐλ
2858 2231 3080 2307 ἑψομαι,
3141 2232 3244 2311 ἐρῶ
3297 2236 3381 2291 καί
3424 2237 3579 2298 αὐτὸς
3628 2236 3710 2293 ὅτι
3741 2237 3837 2294 οὒκ

2182 2317 2324 2374 ἔστιν
2382 2318 2591 2386 ἀληθῶς
2650 2320 2825 2398 ἕτερος
2886 2320 3024 2391 πλήν
3085 2344 3176 2379 σου
3241 2323 3393 2388 Θεός.
3451 2333 3628 2384 Ταῦτα
3672 2328 3837 2384 εἰπὼν

2181 2405 2375 2475 διπλῆν
2432 2409 2574 2473 εὒθὺς
2626 2410 2850 2488 εὑρίσκει
2910 2413 3007 2481 τήν
3060 2412 3207 2470 ἴασιν
3265 2416 3351 2471 καὶ
3413 2414 3687 2494 ὀφθαλμοῦ
3744 2418 3831 2473 καὶ

2181 2499 2366 2577 ψυχῆς
2410 2500 2497 2555 καὶ
2529 2498 2800 2578 ἀμφότερα
2831 2500 2963 2573 ὁμοῦ
2992 2510 3154 2559 ταῦτα
3207 2512 3486 2583 φωτίζεται
3522 2521 3536 2536 ⁶
3602 2511 3678 2579 τῷ
3733 2506 3832 2581 μὲν

2179 2588 2278 2665 γὰρ
2337 2590 2431 2662 ὁρᾷ
2481 2589 2571 2644 τὸν
2630 2588 2691 2646 Ε)
2706 2612 2809 2661 ιον,
2851 2596 2920 2667 τῇ
2953 2589 3007 2647 δὲ
3036 2592 3136 2658 τὴν
3168 2591 3442 2662 ἀλήθειαν,
3479 2594 3710 2657 ’Ἐξειοιν
3742 2598 3831 2653 οὖν

2177 2679 2395 2757 χαίρων
2450 2681 2537 2734 καὶ
2592 2680 2820 2757 κράζων,
2876 2683 3185 2758 Χριστιανός
3244 2686 3375 2765 εἰμι,
3428 2684 3527 2743 καῖ
3559 2687 3656 2742 ὃπὸ
3690 2684 3832 2743 πολ-

2177 2770 2295 2832 λοῖς
2326 2780 2442 2831 τοῖς
2477 2768 2700 2846 μάρτυσι
2758 2770 2855 2837 τήν
2907 2772 3206 2848 εύεργεσίαν
3265 2773 3570 2852 ὁμολογῶν,
3633 2776 3826 2834 Ἐπαν-

2178 2856 2343 2914 ελθὼν
2405 2855 2454 2913 δὲ
2515 2856 2698 2915 οἴκαδε
2751 2860 2955 2924 πάντας
3014 2882 3069 2917 τε
3123 2862 3364 2939 βαπτίζει
3429 2866 3550 2930 τοὺς
3599 2865 3654 2922 ἂν
3688 2868 3831 2939 αὐτῷ

2176 2947 2265 3002 καὶ
2297 2948 2642 3025 Χριστιανοὺς
2703 2946 2755 3013 ἓξ
2814 2947 2900 3005 ἐπὶ
2957 2963 3071 3016 τοῖς
3126 2953 3410 3029 τριάκοντα
3466 2960 3573 3011 τῶν
3615 2952 3825 3030 δεσμῶν

2176 3034 2377 3101 ἀνίησι,
2435 3038 2727 3101 Τοσούτους
2784 3039 2884 3117 γὰρ
2940 3042 3026 3095 καὶ
3095 3037 3181 3097 διὰ
3253 3045 3479 3120 Χριστὸν
3537 3053 3829 3111 τηνικαῦτα

442 3136 532 3191 set
561 3128 871 3211 sindones,
906 3148 1041 3193 cum
1076 3130 1280 3193 multis
1324 3129 1711 3210 arumatihus,
1761 3147 1896 3192 cum
1932 3128 2090 3190 mul-

2183 3124 2305 3205 εἶχι
2354 3126 2420 3181 τὰ
2474 3125 2839 3206 δεσμωτήρια.
2905 3127 3041 3186 Εἶτα
3082 3131 3169 3186 καὶ
3218 3129 3457 3194 σινδόνας
3508 3138 3612 3188 τῶν
3666 3132 3831 3189 πολυ-

442 3219 516 3280 tis
574 3218 732 3300 aliis,
792 3228 853 3282 et
909 3219 1146 3283 duobus
1197 3219 1518 3301 episcopis,
1575 3236 1783 3281 rursus
1832 3218 1989 3280 venit
2018 3217 2091 3279 ad

2183 3216 2344 3290 ιίμων
2374 3214 2552 3273 λαϐὼν
2583 3218 2673 3273 σὺν
2730 3215 2840 3293 ἅμα
2889 3219 2975 3274 καὶ
3028 3217 3210 3282 ἄλλοις
3269 3218 3497 3282 πολλοῖς
3555 3219 3827 3299 ἀρώμασι,

443 3307 648 3370 thecas
677 3317 1047 3384 sanctorum,
1081 3318 1140 3371 et
1161 3310 1375 3371 horum
1405 3308 1785 3371 venerandas
1815 3308 2094 3389 reliquias

441 3396 701 3461 ﬁdeliter
728 3397 915 3460 simul
948 3405 1007 3461 et
1038 3399 1133 3481 pie
1163 3407 1326 3461 terra
1361 3400 1526 3479 tegit.

520 3665 637 3729 XL.
672 3666 820 3730 Cum
851 3666 927 3729 de
968 3685 1040 3730 eo
1070 3673 1269 3732 autem
1302 3670 1459 3730 tama
1483 3669 1610 3749 jam
1659 3667 1867 3730 fuisset
1898 3668 2094 3731 delata

440 3757 512 3821 ad
530 3756 966 3821 Diocletianum
978 3758 1160 3840 ,quod
1178 3758 1556 3822 Christianus
1574 3776 1644 3821 ex
1675 3756 1879 3820 Graeco
1903 3758 2090 3823 factus

441 3856 602 3911 esset
629 3846 943 3923 Arrianus,
985 3859 1045 3910 et
1072 3849 1230 3931 quod
1261 3849 1601 3912 sacriﬁcare
1631 3867 2003 3930 nequaquam
2027 3849 2089 3911 in

440 3938 1054 4016 animuminduceret,
1093 3938 1273 4001 mittit
1300 3939 1400 4001 ille
1418 3948 1670 4020 quatuor
1692 3948 2088 4022 protectores,

434 4025 659 4107 jubens
686 4039 752 4091 ut
782 4047 918 4091 eum
951 4030 1394 4111 quamprimum
1417 4029 1811 4105 adducerent,
1834 4038 1901 4092 ut
1919 4049 2090 4093 accu-

436 4127 564 4179 rate
591 4118 794 4198 sciret,
819 4138 892 4182 an
917 4138 1055 4183 vera
1084 4128 1307 4195 essent,
1335 4138 1465 4201 quae
1488 4120 1862 4183 dicebantur.
1897 4120 2091 4203 Atque

439 4206 538 4269 isti
566 4209 807 4287 quidem
840 4229 975 4272 cum
1007 4211 1201 4292 ipsum
1253 4210 1873 4291 comprehendissent,
1909 4230 2088 4290 urge-

436 4296 582 4360 bant
610 4298 684 4361 ad
706 4300 819 4361 iter
835 4299 1304 4363 ineundum.llle
1326 4310 1522 4362 autem
1548 4301 1868 4381 persuadet
1888 4300 1961 4361 iis
1983 4300 2099 4378 qui

434 4394 749 4468 tantoaere
799 4389 1116 4470 urgebant,
1150 4388 1526 4467 ductoribus,
1567 4410 1701 4454 cum
1738 4390 1797 4452 id
1829 4392 2090 4451 nummis

2176 3304 2308 3384 πρὸς
2356 3303 2411 3361 δὲ
2462 3307 2595 3381 μετὰ
2657 3306 2873 3363 πολλῶν
2927 3310 3015 3364 καὶ
3068 3307 3246 3364 ἄλλων
3297 3311 3384 3366 καὶ
3430 3308 3517 3365 δύο
3562 3312 3667 3365 τῶν
3712 3311 3827 3367 im-

2176 3397 2393 3451 σκόπων
2455 3396 2540 3452 ἐπὶ
2600 3398 2691 3460 τὰς
2748 3398 2915 3466 θήκας
2978 3403 3084 3453 τῶν
3128 3399 3291 3477 ἁγίων
3336 3402 3477 3465 αὖθις
3520 3413 3699 3481 χωρεῖ
3740 3401 3831 3458 καὶ

2175 3486 2242 3541 τὰ
2270 3487 2440 3543 σιπτὰ
2484 3488 2681 3543 τούτων
2728 3484 2954 3563 λείψανα
3011 3495 3214 3553 πιστῶς
3277 3488 3390 3566 ἅμα
3448 3491 3537 3548 καὶ
3597 3488 3833 3558 εὐλαϐῶς

2173 3574 2239 3651 τῇ
2272 3582 2342 3655 γῇ
2368 3577 2746 3654 κατακρύπτει.

2256 3665 2356 3726 Μ’.
2391 3668 2499 3733 Τῆς
2530 3666 2584 3722 δὲ
2620 3666 2746 3747 περῖ
2778 3669 2936 3726 αἶ)τοῦ
2969 3669 3151 3751 ,ρῆμης
3201 3672 3285 3728 καὶ
3335 3672 3408 3738 εἷς
3445 3669 3832 3751 Διοιελητιανὸν

2173 3753 2276 3824 ἤδη
2334 3746 2710 3837 ἀνενεχθείσης
2765 3761 2840 3824 ὡς
2899 3746 2997 3839 ἄρα
3075 3763 3389 3840 Χριστιανὸς
3451 3760 3503 3827 ἐξ
3566 3746 3831 3828 Ἕλληνος

2180 3844 2452 3925 Ἀρῤιανὸς
2511 3847 2743 3930 γένοιτο,
2803 3851 2890 3908 καὶ
2949 3853 3022 3914 ὡς
3082 3853 3175 3909 οὐκ
3233 3851 3309 3907 ἔτι
3353 3851 3492 3907 θύειν
3548 3849 3826 3930 ἀνέχοιτο,

2175 3936 2377 4010 πέμπει
2429 3937 2686 4016 τέσσαρας
2743 3942 2952 4004 ἐκεῖνος
3008 3946 3114 3994 τῶν
3174 3939 3555 4016 προτεκτώρων
3605 3940 3696 3992 τὸν
3727 3937 3828 3998 ἄν·

2174 4024 2268 4105 δρα
2326 4027 2580 4090 κελεύσας
2639 4030 2677 4105 ᾗ
2730 4048 2964 4106 ταχιστα
3023 4026 3147 4104 παρ’
3196 4025 3352 4082 αὖτὸν
3403 4025 3652 4104 ἀγαγεῖν,
3687 4025 3825 4082 ὥστε

2175 4113 2367 4194 μαθεῖν
2423 4115 2655 4197 ἀκριϐῶς
2712 4116 2755 4171 εἰ
2816 4114 2988 4181 ἁληθῆ
3046 4115 3112 4171 τὰ
3170 4113 3456 4193 λεγόμενα.
3519 4116 3675 4173 Οὗτοι
3726 4116 3825 4190 μὲν

2174 4213 2261 4263 οὖν
2320 4209 2477 4264 αὐτὸν
2536 4201 2884 4266 συλλαϐόντες
2938 4206 3067 4283 πρὸς
3122 4205 3218 4273 τὴν
3284 4203 3403 4261 ὁδὸν
3459 4204 3687 4284 ἣπειγον
3723 4224 3736 4239 ·
3799 4207 3826 4262 ὁ

2173 4294 2228 4351 δὲ
2287 4296 2455 4352 πείθει
2507 4296 2628 4357 τοὺς
2686 4291 3017 4359 σπουδαστὰς
3075 4295 3404 4354 ὀκτακοσίων
3454 4302 3610 4352 τοῦτο
3666 4318 3826 4370 νομι-

2172 4385 2387 4460 σμάτων
2449 4382 2776 4460 ἐωνημένος,
2838 4383 2975 4442 ὥστε
3032 4387 3239 4466 βραχὺν
3295 4386 3439 4462 αὒτῷ
3486 4383 3685 4467 χρόνον
3714 4383 3829 4441 δοῦ-

434 4485 681 4541 emisset
711 4479 1088 4559 octingentis,
1130 4489 1195 4541 ut
1226 4498 1406 4561 parvo
1439 4490 1708 4563 tempore
1741 4479 1856 4542 sibi
1880 4480 2091 4542 liceret

2183 4498 2256 4531 ναι
2286 4486 2401 4538 τοῖς
2431 4476 2536 4530 τῶν
2571 4474 2847 4553 μαρτύρων
2908 4475 3223 4553 προσελθεῖν
3276 4476 3576 4553 λειψάνοις,
3638 4474 3828 4533 Λαϐὼν

433 4569 727 4631 accedere
753 4570 827 4632 ad
851 4580 1175 4650 martyrum
1201 4571 1507 4653 reliquias.
1533 4571 1677 4633 Cum
1710 4571 1765 4632 ei
1790 4588 1932 4648 ergo
1955 4569 2090 4631 data

435 4658 715 4721 facultate
761 4659 1140 4737 accessisset,
1201 4661 1468 4740 rogabat,
1528 4679 1751 4742 pronus
1811 4658 2081 4735 cadebat,

432 4747 752 4830 supplicat,
786 4749 1089 4831 pulverem
1122 4748 1642 4831 amplectebatur;
1691 4757 1750 4810 et
1795 4747 2083 4828 precaba-

436 4844 556 4915 tur,
589 4845 655 4902 ut
676 4841 730 4903 ei
762 4859 936 4921 opem
968 4841 1152 4905 ferret
1182 4841 1245 4904 in
1274 4841 1627 4912 certamine,
1682 4847 1741 4901 et
1789 4855 1900 4901 vox
1959 4846 2082 4900 sta-

437 4929 543 4991 tim
569 4931 767 4992 audita
793 4941 883 4994 est
929 4951 963 4994 e
1010 4933 1287 5015 sepulcro
1344 4929 1677 5007 (videbatur
1724 4940 1925 4992 autem
1978 4947 2083 4990 vox

434 5038 569 5081 esse
599 5018 992 5106 Philemonis)
1028 5023 1239 5086 dicens
1269 5042 1284 5083 :
1319 5020 1463 5083 Esto
1492 5020 1683 5101 fortis,
1717 5019 1993 5097 Arriane,
2025 5027 2085 5081 et

432 5110 632 5172 nullus
661 5122 854 5176 metus
883 5122 940 5175 te
971 5113 1227 5177 invadat.
1282 5111 1437 5174 Ecce
1487 5110 1647 5172 enim
1704 5110 1994 5173 Dominus
2026 5118 2083 5173 te

2107 4538 2158 4595 ο

2174 4565 2343 4621 τοίνυν
2399 4564 2487 4620 καὶ
2546 4565 2846 4642 προσελθὼν
2923 4565 3124 4642 ἐδεῖτο,
3199 4568 3585 4642 προσέπιπτεν,
3654 4564 3824 4639 ἠξίου,

2169 4657 2269 4722 τὴν
2326 4654 2471 4710 κόνιν
2532 4657 2944 4733 περιεπτύσσετο
3006 4659 3092 4715 καὲ
3143 4657 3467 4736 συνάρασθαι
3516 4656 3686 4728 τούτῳ
3727 4660 3826 4722 τῆς

2169 4744 2444 4815 ἀθλήσεως
2501 4744 2728 4825 ηὔχετο,
2788 4749 2875 4806 καὶ
2938 4747 3273 4828 παραχρῆμα
3323 4746 3474 4826 φωνὴ
3521 4753 3613 4803 τοῦ
3661 4742 3830 4824 τάφου

2169 4836 2416 4903 ἠκούετο*
2450 4835 2619 4893 ἐδόκει
2652 4836 2705 4893 δὲ
2735 4839 2770 4906 ἡ
2801 4840 2953 4917 φωνὴ
3007 4838 3314 4913 Φιλήμονος
3367 4836 3510 4894 εἶναι
3552 4853 3567 4867 ⁹
3630 4833 3829 4913 Ἀνδρί-

2167 4932 2283 5007 ζόυ,
2370 4923 2630 5005 Ἀῤῥιανέ,
2715 4926 2970 5008 λέγουσα,
3040 4930 3128 4984 καὶ
3202 4925 3360 5007 φόϐος
3430 4947 3488 4982 σε
3562 4922 3825 5001 μηδαμῶς

2173 5017 2372 5097 ὲχέτω.
2432 5016 2568 5073 Ἰδοὺ
2624 5018 2724 5095 γὰρ
2782 5040 2839 5074 σε
2899 5019 3033 5096 πρὸς
3082 5018 3267 5075 ἑαυτὸν
3298 5020 3326 5073 ὁ
3358 5016 3636 5083 Δεσπότης
3667 5037 3828 5090 μετα-

2167 5107 2420 5164 καλεῖται
2478 5109 2567 5163 καὶ
2619 5109 2722 5186 πρὸ
2774 5109 2896 5169 τοὺς
2958 5108 3171 5185 ἀγῶνας
3228 5104 3371 5186 ἄγει,
3406 5108 3492 5163 καὶ
3522 5104 3828 5163 διαπλέκειν

433 5199 509 5263 ad
539 5200 806 5283 seipsum
837 5204 1115 5279 accersit,
1150 5210 1212 5265 et
1240 5202 1403 5265 ducit
1429 5200 1502 5263 ad
1525 5201 1878 5277 certamina,
1906 5210 1964 5263 et
1983 5202 2081 5263 in-

2183 5198 2401 5277 πῖρχεταί
2458 5219 2540 5254 σοι
2599 5205 2692 5254 τοῦ
2746 5198 3030 5276 μαρτυρίου
3087 5199 3177 5253 τὸν
3233 5198 3511 5278 στέφανον.
3573 5195 3829 5275 Προπέμ-

440 5295 584 5377 cipit
614 5296 719 5359 tibi
766 5307 1088 5362 contexere
1145 5313 1434 5359 coronam
1486 5296 1769 5376 martyrii.
1822 5294 2088 5358 Habebis

2183 5309 2375 5351 ποντας
2418 5285 2472 5342 δέ
2527 5308 2587 5342 σε
2631 5284 2756 5367 παρ’
2803 5287 2961 5343 αὐτόν
3003 5288 3093 5343 καὶ
3133 5288 3255 5350 τοὺς
3296 5287 3667 5365 προτέκτωρας
3699 5284 3831 5351 ἕξεις

434 5403 577 5450 vero
609 5405 713 5449 eos
741 5398 1003 5469 thoque,
1038 5385 1142 5467 qui
1177 5393 1233 5447 te
1256 5385 1327 5446 ad
1349 5402 1484 5447 eam
1510 5384 2086 5466 deducunt,protec-

2183 5381 2261 5436 ιαὶ
2315 5384 2421 5434 τῶν
2476 5378 2653 5435 πόνων
2712 5379 2799 5434 καὶ
2854 5384 2961 5434 τῶν
3009 5377 3250 5455 ἀμοιϐῶν
3306 5377 3687 5439 κοινωνοῦντας
3718 5397 3826 5439 σοι,

428 5483 619 5553 tores,
680 5467 952 5541 laborum
987 5474 1166 5536 simul
1200 5474 1398 5537 socios
1452 5483 1509 5538 et
1559 5476 2083 5538 remunerationis.

2183 5472 2394 5527 Τούτων
2451 5467 2661 5524 ἐκεῖνον
2716 5467 3018 5526 ἀκούσαντα
3080 5468 3333 5538 ἔκπληξίς
3389 5490 3444 5527 τε
3514 5469 3651 5545 μετὰ
3723 5472 3829 5524 τῶν

431 5564 633 5649 Illum,
656 5587 795 5631 cum
820 5569 946 5630 haec
968 5564 1258 5648 audisset,
1284 5566 1472 5631 subiit
1502 5575 1711 5649 stupor
1729 5578 1791 5628 et
1822 5566 2089 5630 adrnira—

2183 5560 2441 5618 συνόντων
2498 5557 2664 5634 εἰσῄει
2720 5561 2809 5615 καὶ
2867 5557 3039 5624 ἀδείας
3102 5561 3205 5618 ὑπὸ
3269 5565 3376 5617 τῶν
3446 5556 3830 5639 προτεκτώρων

431 5657 514 5720 tio
543 5647 720 5722 simul
749 5678 887 5722 cum
920 5659 992 5722 iis
1026 5658 1131 5739 qui
1159 5647 1431 5738 aderant,
1465 5669 1526 5724 et
1555 5647 1617 5723 ei
1640 5668 1933 5742 potestate
1955 5659 2090 5723 data

2183 5650 2449 5730 ἐπιτυχὼν
2513 5651 2587 5714 εὶς
2644 5651 2736 5707 τόν
2789 5651 2947 5710 οἷκον
3002 5652 3093 5709 τόν
3151 5651 3308 5709 αὒτοῦ
3339 5649 3625 5720 ἐπανῆκεν.
3664 5647 3829 5705 ’Ἔνθα
