4148 6402
248 357 374 434 553

1191 363 1662 432 MARTYRIUM
1707 365 1768 430 S.
1817 365 2104 430 THYRSI
2169 367 2268 430 ET
2314 364 2723 432 SOCIORUM.

3525 337 3665 436 5547

251 498 358 557 καῖ
403 498 786 580 δαψιλεστέρας
836 499 1032 558 ἄνωθεν
1077 504 1176 569 τῆς
1224 501 1448 580 χάριτος
1479 499 1786 565 ἀπολαύσας
1816 502 1906 556 τόν

2011 518 2023 559 ι
2055 501 2518 583 protectoribus,
2555 502 2795 563 domum
2843 519 3011 564 suam
3065 510 3155 564 est
3183 520 3485 567 reversus.
3521 505 3647 578 Quo

251 612 312 647 τε
373 590 570 670 χρόνον
617 592 774 652 αὐτὸς
833 590 1005 664 ἐαυτῷ
1047 597 1143 647 τοῦ
1193 590 1374 654 τέλους
1426 593 1515 648 καὶ
1567 591 1657 646 τὸν
1716 590 1912 668 τρόπον

253 679 638 758 προαγορεύει.
679 679 919 758 καλέσας
963 681 1063 758 γὰρ
1107 680 1174 736 τὰ
1216 681 1354 736 κατὰ
1396 680 1496 748 τὴν
1553 680 1720 738 οἰκίαν
1781 701 1910 736 παι-

251 765 436 847 δάρια,
479 777 578 826 Νὑθ
611 768 732 844 μὲν,
767 768 892 849 ἔφη,
948 771 1040 826 σὺν
1099 769 1240 845 ἡμῖν
1288 769 1418 849 ἄχρι
1461 771 1548 826 καὶ
1590 774 1690 837 τῆς
1752 768 1912 825 Ἀλε-

254 857 521 937 ξανδρέων
578 858 851 915 ἐλεύσεσθε
887 875 900 890 ⁸
977 857 1162 916 ἔπειτα
1235 859 1344 938 ἐγὼ
1417 859 1516 936 μὲν
1595 859 1909 940 ἂχθήσομαι

256 949 395 1026 πρὸς
444 949 536 1005 τὸν
591 948 838 1024 βασιλέα,
884 949 970 1006 καὶ
1013 956 1146 1006 Θεοῦ
1197 947 1659 1024 συλλαμϐάνοντος
1717 949 1911 1005 ἀνωθεν

253 1040 347 1095 τὸν
396 1038 743 1116 προκείμενόν
786 1061 883 1111 μοι
925 1047 1112 1097 τοῦτον
1155 1038 1337 1116 ἀγῶνα
1388 1045 1457 1116 τῇ
1488 1037 1654 1116 ὀγδόῃ
1710 1036 1913 1095 τελέσω

258 1135 349 1184 τοῦ
407 1128 692 1203 Φαμενὼθ,
753 1129 826 1192 εἷς
870 1129 1066 1184 σάκκον
1125 1125 1406 1204 ἐμϐληθεὶς
1464 1130 1551 1184 καὶ
1620 1129 1758 1184 κατὰ
1810 1130 1910 1184 θα·-

255 1216 468 1284 λάσσης
510 1217 702 1297 pretist;
733 1235 750 1251 ⁸
781 1219 938 1293 ὑμεῖς
971 1216 1026 1272 δὲ
1061 1217 1172 1297 (καὶ
1215 1219 1316 1295 γὰρ
1359 1214 1496 1274 ἔστω
1544 1216 1630 1273 διὰ
1689 1218 1906 1298 φροντί-

255 1305 344 1372 δος
375 1308 508 1382 ὑμῖν
562 1308 624 1363 τὸ
673 1305 887 1386 λεχθὲν)
931 1308 1068 1364 κατὰ
1119 1307 1218 1374 τὴν
1263 1304 1549 1374 ἑνδεκάτην
1601 1314 1695 1363 τοῦ
1753 1306 1909 1364 αὐτοῦ

255 1397 432 1472 μηνὸς
491 1396 610 1473 περί
644 1418 744 1453 που
773 1395 914 1474 ὥραν
945 1394 1108 1463 ἕκτην
1165 1394 1343 1452 ἔλθετε
1394 1397 1536 1474 παρᾶ
1590 1397 1681 1452 τὸν
1726 1397 1908 1474 αἰγια-

258 1486 380 1559 λὸν,
431 1485 530 1542 καί
564 1486 622 1541 τὸ
653 1483 780 1560 ἐμὸν
825 1491 980 1560 σῶμα
1029 1485 1217 1549 νώτοις
1264 1482 1510 1564 δελφῖνος
1541 1485 1911 1564 ἐποχούμενον

259 1577 504 1641 εὸρόντες
534 1587 650 1638 τοῖς
685 1572 870 1637 ἄλλοις
903 1574 1188 1633 κατάθεσθε
1222 1574 1468 1655 μάρτυσι.

342 1751 492 1816 MA'.
523 1752 697 1811 Ταῦτα
730 1754 893 1809 εἰπὼν
942 1751 1129 1831 ἄγεται
1174 1755 1317 1832 παρὰ
1358 1755 1448 1810 τὸν
1497 1752 1719 1830 βασιλέα
1781 1763 1911 1809 Διο-

1995 590 2056 652 in
2087 593 2212 653 loco
2237 591 2638 673 copiosiorem
2663 611 2695 654 a
2726 592 2964 673 superis
2991 592 3239 672 gratiam
3267 601 3649 670 consecutus,

1996 681 2265 760 praedicit
2287 682 2410 743 suis
2440 690 2498 743 et
2527 691 2761 762 tempus
2814 685 2904 744 sui
2968 683 3257 745 decessus
3291 691 3349 744 et
3380 681 3649 748 modum.

1999 771 2143 833 Nam
2177 791 2309 833 cum
2354 789 2594 852 pueros,
2633 770 2732 850 qui
2767 779 2936 833 erant
2961 769 3128 834 domi
3160 791 3282 834 sua;
3327 779 3599 834 vocasset
3631 789 3648 832 :

1994 858 2163 922 Nunc
2193 860 2462 938 quidem,
2492 860 2706 942 inquit,
2741 859 2985 922 venietis
3017 859 3329 923 nobiscum
3363 879 3552 943 usque
3573 860 3650 924 ad

1993 949 2684 1013 Alexandriam.Deinde
2700 970 2806 1030 ego
2821 951 3063 1032 quidem
3081 951 3267 1013 ducar
3289 951 3363 1013 ad
3389 952 3469 1013 im
3479 967 3654 1033 pera-

1997 1049 2211 1115 torem,
2248 1050 2306 1102 et
2336 1039 2458 1104 Deo
2505 1060 2542 1102 ιι
2589 1040 2821 1122 superis
2879 1041 3112 1104 ferente
3170 1041 3477 1118 auxilium,
3534 1041 3651 1103 hoc

2001 1130 2146 1191 mihi
2178 1130 2557 1210 propositum
2591 1138 2898 1192 certamen
2933 1148 3211 1210 peragam
3245 1139 3450 1192 octavo
3485 1149 3651 1192 men-

1991 1221 2074 1280 sis
2106 1219 2504 1295 Phamenolh,
2542 1220 2602 1280 in
2636 1238 2876 1281 saccum
2927 1218 3212 1297 injectus,
3251 1229 3310 1281 et
3342 1221 3649 1300 projectus

1993 1307 2051 1368 in
2084 1325 2268 1370 mare.
2333 1306 2452 1371 Vos
2510 1318 2710 1370 autem
2749 1307 2857 1387 (sit
2900 1324 3038 1369 vero
3076 1307 3246 1369 vobis
3277 1325 3458 1384 cum,
3491 1308 3650 1389 quod

1994 1395 2217 1459 dictum
2247 1402 2360 1474 est)
2381 1397 2699 1460 undecimo
2725 1396 2949 1459 mensis
2971 1401 3132 1458 circa
3157 1397 3366 1459 horam
3396 1407 3647 1480 sextam,

1995 1486 2194 1548 venite
2226 1487 2297 1548 ad
2323 1487 2581 1568 littus,et
2611 1507 2747 1549 cum
2784 1505 3002 1568 corpus
3035 1504 3232 1547 meum
3264 1485 3649 1565 inveneritis,

1995 1576 2153 1656 quod
2177 1577 2426 1639 vehetur
2452 1597 2485 1640 a
2510 1587 2677 1656 tergo
2709 1576 3004 1658 delphini,
3043 1575 3102 1637 id
3135 1575 3346 1653 tollite,
3382 1585 3442 1640 et
3474 1575 3653 1658 depo-

1996 1668 2122 1728 nite
2153 1686 2287 1728 cum
2319 1667 2450 1729 aliis
2485 1665 2864 1748 martyribus.

2078 1755 2379 1820 XLI.Ha3c
2411 1776 2547 1819 cum
2575 1755 2928 1832 dixisset,ad
2956 1755 3379 1837 imperatorem
3409 1755 3652 1819 Diocle-

257 1844 578 1922 κλητιανὸν,
629 1844 720 1899 καὶ
763 1842 918 1908 αὐτὸς
979 1847 1165 1920 πρῶτα
1216 1844 1314 1918 μὲν
1344 1842 1593 1922 γαληνῶς
1622 1845 1708 1900 καὶ
1738 1845 1909 1911 ἠπίως

2011 1848 2219 1909 ianum
2245 1846 2504 1924 ducitur;
2529 1846 2728 1927 etipse
2741 1846 3000 1926 primum
3034 1845 3276 1927 quidem
3297 1865 3431 1908 cum
3453 1865 3522 1908 eo
3537 1845 3657 1925 agit

256 1939 410 2008 αὗτῷ
465 1931 841 2012 προσφέρεται,
898 1936 1020 1989 εἶτα
1090 1931 1309 2012 λουτρὸν
1369 1933 1746 2010 εὖτρεπίζεται,
1827 1945 1913 2000 καὶ

259 2027 368 2102 πρὸ
423 2024 520 2079 τοῦ
549 2020 772 2100 λουτροῦ
809 2022 990 2098 βωμός
1023 2037 1038 2053 ⁸
1073 2025 1100 2079 ὁ
1131 2023 1184 2078 δὲ
1215 2024 1397 2099 βωμὸς
1429 2023 1494 2091 ἧν
1545 2021 1911 2086 Ἀπόλλωνος.

263 2117 368 2175 Καὶ
397 2113 609 2172 λούεται
655 2113 752 2190 μὲν
787 2113 1037 2191 βασιλεὺς
1069 2117 1205 2190 ὁμοῦ
1254 2114 1349 2171 καί
1398 2113 1670 2194 Ἀῤῥιανός
1705 2132 1718 2146 ⁸
1773 2114 1916 2180 ἐξελ-

260 2208 446 2270 θόντες
504 2201 559 2260 δὲ
615 2211 708 2260 τοῦ
762 2203 983 2283 λουτροῦ
1012 2207 1099 2262 καὶ
1158 2211 1236 2279 τῷ
1281 2206 1450 2281 βωμῷ
1494 2203 1913 2286 πλησιάσαντες,

263 2301 460 2368 Θῦσον,
505 2295 552 2350 ὦ
594 2291 856 2371 Ἀῥριανὲ,
920 2293 1023 2373 ἔφη
1087 2293 1498 2374 Διοκλητιανὸς,
1551 2301 1629 2369 τῷ
1697 2295 1918 2375 μεγάλῳ

259 2390 368 2459 θεῷ
423 2381 730 2440 Ἀπόλλωνι
761 2403 778 2420 ⁸
815 2382 952 2440 οὕτω
1007 2384 1131 2462 γὰρ,
1175 2385 1248 2448 ὡς
1311 2385 1476 2459 εἰκὸς,
1531 2383 1773 2452 ἠσθέντες
1830 2386 1918 2441 καὶ

258 2476 350 2532 ἐπὶ
391 2475 454 2530 τὸ
514 2470 734 2529 δεῖπνον
765 2470 977 2549 εὔθυμοι
1022 2471 1366 2549 βαδιούμεθα.
1422 2465 1479 2532 Ὀ
1527 2472 1606 2554 δὲ,
1678 2476 1775 2532 Καὶ
1803 2475 1916 2541 πῶς

260 2564 352 2644 ἂν,
398 2563 525 2644 ἔφη,
573 2561 830 2638 δυναίμην
886 2563 1014 2642 ἐγὼ,
1061 2562 1304 2644 βασιλεῦ,
1366 2564 1502 2638 μετὰ
1551 2575 1784 2623 τοσαῦτα
1829 2567 1917 2621 καὶ

258 2655 564 2722 τηλικαῦτα
609 2659 841 2726 Χριστοῦ
882 2659 974 2709 τοῦ
1031 2652 1196 2728 μόνου
1230 2660 1426 2724 ζῶντος
1489 2653 1621 2711 Θεοῦ
1677 2655 1920 2730 θαύματα

259 2747 340 2802 ῶν
397 2747 460 2801 οὐ
519 2742 672 2817 μῦθοι
720 2743 808 2799 καὶ
852 2743 1024 2821 φῆμαι
1079 2745 1250 2817 κεναὶ,
1284 2743 1405 2800 ἀλλ’
1452 2747 1596 2803 αὐτοὶ
1635 2745 1732 2811 τὴν
1776 2766 1919 2821 μαρ-

261 2835 446 2912 τυρίαν
488 2834 624 2907 ἡμῖν
688 2834 734 2890 οἱ
793 2831 1056 2911 ὀφθαλμοὶ
1113 2833 1448 2914 παρέσχοντο
1482 2849 1496 2864 ⁸
1572 2840 1686 2897 πῶς
1729 2834 1790 2890 ἅν
1831 2833 1920 2890 οὖν

264 2925 296 2979 δ
357 2929 589 2978 τοσαῦτα
636 2920 760 2978 ἰδὼν
821 2921 930 2999 ἐγὼ
987 2931 1173 2979 τοῦτον
1228 2923 1326 2998 μὲν
1381 2922 1680 2998 καταλίποι,
1713 2935 1833 2987 τοῖς
1865 2923 1920 2978 δὲ

275 3012 520 3089 ἀψύχοις
577 3011 770 3076 τούτοις
829 3009 969 3067 θύσω
1018 3013 1105 3068 καὶ
1138 3011 1525 3093 ἀναισθήτοις;
1584 3009 1838 3069 Ἐνταῦθα
1885 3014 1920 3080 ἡ

286 3100 626 3178 προσποίησις
687 3099 1058 3176 Διοκλητιανῷ
1112 3103 1200 3158 καὶ
1242 3103 1303 3158 τὸ
1353 3115 1695 3180 προσωπεῖον
1750 3101 1920 3182 ἠλέγ-

275 3209 435 3269 χετο,
470 3191 550 3248 καί
605 3191 700 3258 τὴν
759 3190 1070 3270 ἐπίχριστον
1125 3191 1401 3269 πραότητα
1445 3194 1533 3249 καὶ
1577 3193 1670 3256 τὰς
1733 3191 1919 3258 δεξιώ-

265 3300 383 3343 σεις
421 3279 566 3342 εὐθὺς
599 3277 796 3343 ἀποδὺς
829 3279 916 3336 ἐπὶ
945 3281 1011 3336 τὰ
1069 3281 1270 3350 συνήθη
1327 3279 1535 3358 μᾶλλον
1594 3281 1791 3362 ἐχώρει
1835 3290 1924 3344 καὶ

258 3372 359 3425 τὸν
420 3367 688 3446 Ἀῥριανὸν
749 3369 1012 3432 τοιούτοις
1066 3367 1362 3446 ἠμείϐετο,
1414 3370 1637 3445 δεσμοῖς
1695 3378 1920 3452 χειρῶν,

259 3457 631 3522 καταπέλταις
702 3457 920 3534 ποδῶν,
977 3459 1236 3537 ὀρύγματι
1309 3461 1447 3517 κατὰ
1503 3459 1684 3518 πεδίου
1743 3462 1923 3540 βαθεῖ,

257 3547 427 3604 λίθων
490 3545 681 3617 πλήθει
731 3547 983 3627 μεγάλων
1042 3547 1240 3624 κομιδῆ
1303 3552 1391 3607 καὶ
1435 3549 1752 3626 μυλοειδῶν.
1785 3551 1922 3609 Τού-

259 3661 381 3703 τοις
440 3637 542 3716 γᾶρ
588 3635 1003 3715 προσδεδεμένον
1062 3638 1220 3696 αὐτὸν
1279 3640 1416 3696 κατὰ
1489 3647 1581 3696 τοῦ
1639 3641 1924 3721 χάσματος

258 3728 506 3792 ὤσαντες
529 3725 727 3784 ἄνωθεν
757 3726 1119 3807 ἐπεχώννυον.

354 3903 499 3970 MB’.
537 3907 680 3964 Μετὰ
709 3906 762 3963 δὲ
800 3908 882 3963 καὶ
923 3907 1102 3987 αὐτὸς,
1151 3907 1247 3964 οἷα
1276 3907 1366 3964 τὸν
1398 3906 1592 3987 ἐχθρὸν
1624 3905 1776 3976 δῆθεν
1817 3930 1924 3964 κα-

257 3991 544 4070 ταϐαλὼν,
596 3997 686 4051 τὸν
745 3995 929 4074 θρόνον
986 3994 1321 4075 ὑψηλότερον
1379 3996 1575 4063 τίθησι.
1614 3997 1713 4054 Καὶ
1768 3999 1794 4052 ὁ
1827 3997 1926 4068 μὲν

260 4087 464 4159 σεμνὸς
526 4084 673 4161 μάλα
724 4091 934 4162 σεμνῶς
982 4085 1212 4153 ἐκάθητο
1249 4103 1262 4116 ⁸
1312 4097 1432 4148 τοϊς
1479 4085 1828 4165 στρατιώταις
1872 4083 1927 4141 δὲ

265 4175 486 4246 παίζειν
527 4172 813 4232 ἐπέταττεν
870 4173 1243 4255 ἐπιχλευάζων
1281 4177 1366 4232 καὶ
1417 4174 1712 4256 βλάσφημα
1756 4174 1928 4254 λέγων

265 4267 296 4321 ὁ
348 4263 584 4328 σείλαιος
617 4281 632 4295 ⁸
668 4263 795 4323 Ἵδω
833 4266 883 4322 τί
920 4267 1077 4322 αὑτὸν
1121 4265 1305 4333 ὀνήσει
1356 4268 1608 4346 Χριστὸς,
1649 4268 1736 4322 καὶ
1779 4265 1928 4331 ὅπως

263 4351 376 4430 ἄρα
433 4359 542 4409 τῶν
600 4353 742 4430 ἐμῶν
803 4352 1065 4419 ἐξελετται
1124 4361 1350 4434 χειρῶν,
1413 4355 1499 4411 οιαὶ
1550 4356 1614 4414 τὰ
1648 4362 1867 4411 τοιαῦτα
1896 4357 1930 4422 ἡ

267 4443 433 4505 κόνις
505 4444 540 4512 ἡ
596 4446 790 4521 σαπρία
847 4440 1284 4524 σοϐχρευόμεοος.
1330 4443 1562 4502 ’Ἔπειτα
1611 4452 1703 4501 τοῦ
1760 4444 1935 4502 ἵππου

1941 3241 1983 3293 C

1999 1936 2254 2014 benigne
2275 1944 2332 1998 et
2350 1935 2850 2018 placide.Deinde
2864 1943 3103 2016 paratur
3118 1936 3657 2010 lavacrum,etante

2000 2026 2298 2088 lavacrum
2325 2043 2426 2086 ara
2457 2042 2470 2087 :
2496 2043 2597 2086 ara
2624 2031 2823 2086 autem
2849 2033 2978 2086 erat
3019 2023 3338 2104 Apollinis.
3374 2023 3444 2086 Et
3470 2023 3654 2088 simul

1999 2115 2242 2196 quidem
2267 2114 2532 2176 lavantur
2552 2115 2873 2195 imperator
2889 2123 2946 2176 et
2963 2113 3532 2195 Arrianus.Egressi
3551 2132 3658 2177 au-

2001 2215 2120 2267 tem
2146 2223 2218 2267 ex
2245 2205 2639 2274 lavacro,cum
2659 2221 2778 2266 ara;
2790 2202 3372 2284 appropinquassent
3405 2225 3418 2261 :
3445 2201 3650 2266 Sacri-

2002 2296 2134 2370 tica,
2184 2315 2216 2355 o
2249 2295 2521 2371 Arriano,
2557 2293 2748 2375 inquit
2776 2292 3203 2370 Diocletianus,
3239 2291 3504 2356 maxime
3535 2292 3652 2356 deo

2000 2383 2282 2464 Apollini.
2342 2382 2441 2445 Sic
2479 2384 2670 2464 enim,
2706 2391 2768 2444 ut
2820 2401 2925 2462 par
2954 2392 3066 2459 est,
3103 2382 3438 2459 exhilarati,
3473 2381 3656 2448 alacri

2003 2474 2222 2536 deinde
2249 2472 2452 2535 animo
2475 2479 2784 2534 veniemus
2814 2472 2888 2534 ad
2917 2491 3174 2535 ccenam.
3207 2471 3315 2535 Ille
3347 2489 3488 2534 vero
3525 2492 3538 2531 :
3574 2471 3654 2537 Et

2002 2563 2301 2646 quomodo
2350 2581 2590 2643 possum
2645 2581 2778 2640 ego,
2815 2561 3029 2643 inquit,
3064 2580 3097 2622 ο
3130 2562 3480 2643 imperator,
3517 2571 3658 2642 post

2003 2659 2090 2712 tot
2112 2659 2169 2713 et
2197 2659 2352 2712 tanta
2381 2650 2624 2725 Christi,
2659 2655 2758 2729 qui
2815 2659 2904 2711 est
2941 2650 3105 2710 solus
3127 2651 3286 2712 Deus
3322 2649 3501 2726 vivus,
3537 2649 3658 2712 mi-

2000 2740 2226 2820 racula,
2253 2758 2508 2822 quorum
2543 2757 2665 2800 non
2699 2747 2836 2800 sunt
2867 2739 3076 2800 inanes
3106 2737 3319 2802 fabulae
3352 2746 3413 2801 et
3441 2756 3656 2802 rumo-

2004 2850 2124 2904 res,
2154 2829 2256 2891 sed
2280 2829 2394 2910 ipsi
2419 2828 2593 2891 nobis
2615 2829 3024 2890 testimonium
3052 2827 3439 2909 praebuerunt
3470 2827 3662 2892 oculis

2004 2919 2302 3002 quomodo
2323 2937 2463 2998 ergo
2483 2938 2614 2998 ego,
2645 2919 2744 2998 qui
2768 2926 2853 2978 tot
2886 2925 2943 2980 et
2975 2927 3134 2979 tanta
3165 2917 3309 2998 vidi,
3343 2936 3477 2980 eum
3515 2918 3658 3000 qui-

2004 3009 2142 3072 dem
2167 3009 2528 3091 relinquam,
2565 3007 2914 3070 sacriﬁcabo
2939 3016 3137 3071 autem
3162 3007 3255 3068 his
3287 3008 3570 3069 inanimis
3600 3015 3660 3070 et

2006 3098 2173 3160 nullo
2206 3116 2386 3160 sensu
2414 3096 2680 3178 prwditis
2702 3103 2728 3159 ?
2751 3095 2987 3160 Hict‘uit
3011 3096 3394 3177 deprehensa
3425 3103 3486 3157 et
3517 3114 3657 3178 con:

2007 3190 2158 3252 victa
2189 3187 2544 3251 Diocletiani
2577 3186 2965 3261 simulatio,et
2990 3187 3128 3248 ﬁcta
3157 3205 3333 3266 quam
3366 3179 3656 3248 induerit

2009 3298 2289 3361 persona,
2323 3291 2382 3340 et
2436 3296 2611 3359 quam
2670 3277 2784 3338 sibi
2842 3276 3096 3338 illiverat
3131 3275 3657 3338 mansuetudinem

2010 3388 2233 3432 exuens
2264 3378 2320 3431 et
2352 3366 2890 3444 benignitatem,ad
2925 3385 3093 3427 suam
3127 3365 3306 3427 rediit
3328 3373 3657 3426 consuetu-

2009 3459 2235 3530 dinem,
2273 3466 2330 3520 et
2381 3458 2472 3519 his
2504 3456 2736 3538 excepit
2775 3457 3117 3534 Arrianuin,
3154 3472 3370 3535 nempe
3401 3452 3654 3515 vinculis

2012 3543 3204 3627 manuum,catapultispedum,profunda
3221 3544 3282 3605 in
3303 3561 3446 3623 agro
3468 3543 3651 3620 fossa,

2009 3657 2360 3717 magnorum
2397 3647 2460 3699 et
2492 3635 2804 3697 molarium
2830 3635 3096 3713 lapidum
3116 3632 3660 3712 magnitudinellis

2011 3733 2197 3809 enim,
2227 3747 2362 3789 cum
2396 3745 2532 3788 eum
2566 3726 2830 3787 vinctum
2859 3723 3254 3790 trusissentin
3287 3721 3656 3797 hiatum,de-

2011 3835 2193 3898 super
2223 3815 2577 3878 obruebant.

2090 3905 2270 3970 XLII.
2304 3909 2514 3967 Postea
2543 3913 2738 3967 autem
2770 3903 2902 3986 ipse
2933 3910 3262 3985 quoque,ut
3279 3900 3381 3983 qui
3406 3899 3658 3980 dejecis-

2009 4005 2099 4058 set
2130 3996 2466 4068 inimicum,
2500 3995 2777 4057 thronum
2813 3995 2979 4074 ponit
3009 3991 3423 4054 excelsiorem.
3457 3990 3528 4052 Et
3558 3990 3661 4054 ille

2011 4086 2251 4167 quidem
2285 4102 2528 4146 severus
2558 4102 2693 4144 cum
2725 4084 3019 4162 gravitate
3050 4080 3302 4142 sedebat
3331 4089 3389 4141 et
3429 4079 3660 4142 severi-

2013 4184 2130 4238 tate
2164 4197 2176 4238 :
2205 4173 2458 4254 jubebat
2487 4180 2682 4235 autem
2743 4173 2961 4233 milites
2992 4188 3127 4232 eum
3160 4169 3478 4243 ludiﬁcari,
3515 4170 3660 4230 irri-

2015 4270 2166 4329 dens
2197 4269 2402 4338 miser,
2436 4269 2494 4326 et
2545 4263 2752 4324 dicens
2782 4262 2964 4342 impia
3016 4267 3075 4320 et
3115 4258 3462 4338 blaspliema
3500 4277 3514 4320 :
3552 4257 3662 4318 Vi—

2017 4355 2212 4435 deam,
2249 4354 2462 4434 inquit,
2498 4351 2642 4430 quid
2676 4352 2731 4412 ei
2757 4349 3019 4431 proderit
3042 4348 3328 4420 Christus,
3351 4354 3409 4407 et
3440 4363 3659 4427 quem-

2016 4444 2337 4506 admodum
2373 4441 2645 4505 liberabit
2673 4459 2807 4503 eum
2841 4459 2874 4502 e
2905 4439 3056 4501 meis
3107 4435 3402 4516 manibus,
3440 4443 3498 4496 et
3527 4453 3661 4512 quae

267 4537 511 4608 κομψῶς
554 4530 765 4607 ἐπιϐὰς,
815 4535 970 4597 αὑτὸς
1017 4533 1114 4610 μὲν
1143 4535 1380 4613 καθάπερ
1441 4557 1520 4599 τις
1565 4534 1804 4614 ἀριστεὺς
1861 4536 1922 4596 εἷς

2019 4544 2158 4597 sunt
2180 4534 2419 4607 similia,
2456 4531 2646 4612 pulvis
2678 4531 2979 4592 marcidus
3008 4527 3337 4590 insolenter
3359 4525 3662 4605 jactitans.

266 4624 344 4680 τὰ
396 4621 641 4700 βασίλεια
668 4622 898 4704 ἤρχετο,
933 4613 996 4682 Ἠ
1047 4622 1102 4679 δὲ
1155 4631 1249 4682 τοῦ
1303 4611 1437 4680 Θεοῦ
1491 4611 1762 4701 οἰκονομία
1792 4623 1922 4681 ὅπωε

2023 4624 2251 4688 Deinde
2274 4643 2406 4685 cum
2443 4611 2659 4704 equum
2693 4618 2948 4701 superbe
2980 4627 3040 4682 et
3065 4618 3322 4698 gloriose
3352 4615 3664 4677 ascendis-

263 4713 473 4790 ἀρίστη
505 4714 592 4770 καὶ
634 4711 718 4769 διὰ
761 4717 866 4770 τῶν
923 4713 1173 4771 ἐναντίων
1218 4712 1474 4773 ὁδεύουσα
1527 4711 1733 4789 μᾶλλον
1776 4711 1938 4782 δῆλον

265 4805 427 4877 αὖτῷ
486 4801 604 4879 μετ’
636 4807 696 4862 οὖ
725 4801 861 4861 πολὺ
893 4804 1115 4884 γίνεται.
1165 4800 1372 4861 Εῗσεισι
1429 4803 1528 4880 μὲν
1578 4804 1678 4883 γὰρ
1715 4805 1788 4866 εἰς
1847 4804 1936 4859 τὸν

267 4893 626 4950 Αοιτωνίσκον
685 4894 714 4949 ὁ
771 4893 1042 4969 βασιλεὺς,
1097 4892 1234 4950 ὥστε
1296 4893 1488 4972 μικρόν
1546 4915 1595 4950 τι
1639 4891 1938 4950 διαναπαύ-

265 4985 476 5039 σκσθαι
509 4997 524 5011 ⁸
565 4984 661 5060 ὁρᾷ
688 4979 744 5038 δὲ
787 4981 957 5058 θέαμα
1013 4984 1239 5063 φρικιὸν,
1285 4983 1357 5062 (ὦ
1397 4981 1640 5039 Δέσποτα
1695 4984 1782 5039 καὶ
1827 4991 1940 5038 Βα-

264 5070 435 5129 σιλεῦ
493 5070 742 5129 ἁπάντων
800 5073 1011 5147 Χριστὲ,
1059 5074 1148 5130 καὶ
1193 5072 1364 5148 μόνης
1394 5069 1452 5129 ὅν
1485 5077 1587 5140 τῆς
1642 5077 1742 5140 σῆς
1805 5072 1944 5128 ἀπε-

268 5162 478 5243 ράντου
574 5163 664 5219 καὶ
748 5160 1149 5240 ἀνεξερευνήτου
1227 5161 1554 5240 δυνάμεως),
1615 5160 1776 5226 πέδας
1849 5161 1946 5237 μὲν

267 5251 490 5316 ἐκείνας
547 5253 637 5307 καὶ
689 5249 862 5316 λίθους
913 5250 1030 5327 μεθ’
1117 5251 1192 5307 ὧν
1269 5251 1405 5308 κατὰ
1484 5258 1574 5309 τοῦ
1635 5253 1942 5330 ὀρύγματος

266 5342 490 5406 καθῆκε
551 5341 642 5398 τὸν
701 5340 938 5420 μάρτυρα
995 5342 1063 5416 τῇ
1120 5338 1385 5417 βασιλικῇ
1430 5339 1586 5418 κλίνῃ
1629 5362 1946 5421 προσηρτη-

267 5431 476 5511 μένους
512 5451 527 5468 ⁸
577 5433 736 5490 αὐτὸν
777 5430 833 5489 δὲ
893 5430 1164 5511 ’Δῤῥιανὸν
1197 5432 1283 5491 ἐπὶ
1339 5437 1438 5500 τῆς
1503 5433 1672 5502 αὐτῆς
1728 5434 1947 5490 ἀνακεί-

268 5542 449 5600 μενον
506 5521 695 5589 κλίνης
759 5524 845 5579 καὶ
899 5523 1189 5599 βασιλικῶς
1249 5521 1386 5600 αύτῇ
1445 5521 1948 5599 ἐπαναπαυόμενον.

2021 4724 2134 4795 εει,
2166 4715 2296 4795 ipse
2327 4715 2568 4795 quidem
2622 4720 2898 4792 tanquam
2932 4710 3036 4791 qui
3086 4707 3261 4770 fortia
3292 4715 3351 4767 et
3379 4704 3668 4786 praeclara

2022 4809 2328 4885 gessisset,
2354 4805 2514 4865 venit
2539 4803 2598 4864 in
2630 4809 2854 4880 regiam
2881 4818 2896 4875 ;
2926 4800 3028 4861 Dei
3059 4807 3256 4861 autem
3293 4795 3670 4876 providentia

2023 4914 2198 4977 quam
2232 4895 2308 4955 sit
2337 4892 2677 4966 inelI‘abilis,
2715 4901 2772 4952 et
2822 4898 2883 4952 ut
2941 4907 3048 4970 per
3094 4907 3164 4950 ea
3195 4885 3496 4977 procedat,
3532 4903 3668 4966 qua:

2027 4975 2166 5048 sunt
2195 4983 2646 5058 contraria,non
2677 4981 2862 5042 multo
2889 4990 3019 5061 post
3040 4978 3233 5040 evadit
3261 4975 3670 5040 manifestum.

2027 5075 2174 5137 Nam
2209 5073 2541 5153 ingreditur
2580 5071 2824 5153 quidem
2857 5072 3180 5150 imperator
3209 5067 3268 5127 in
3300 5065 3666 5143 cubiculum,

2031 5178 2095 5228 ut
2125 5165 2429 5246 paululum
2476 5164 2850 5243 requiescat;
2889 5161 3048 5220 videt
3077 5175 3215 5220 vero
3261 5156 3673 5237 spectaculum

2034 5255 2325 5330 terribile,
2360 5254 2418 5334 (ο
2469 5251 2722 5314 Domine
2759 5261 2818 5313 et
2861 5268 2963 5311 rex
2995 5248 3264 5311 omnium
3319 5247 3582 5328 Christe,
3617 5251 3677 5334 et

2033 5347 2188 5428 quod
2224 5354 2314 5406 est
2347 5333 2538 5405 solum
2593 5350 2708 5404 tua:
2740 5341 3013 5414 inﬁnitae,
3065 5347 3124 5402 et
3175 5355 3306 5428 quae
3336 5333 3679 5428 investigari

2034 5425 2152 5497 non
2167 5442 2360 5516 potest
2375 5434 2846 5515 potentiae),nem
2855 5449 2929 5512 pe
2952 5430 3086 5491 illos
3102 5426 3342 5508 quidem
3359 5425 3681 5506 compedes

2034 5533 2096 5589 et
2124 5525 2377 5606 lapides,
2408 5543 2542 5587 cum
2575 5524 2792 5604 quibus
2819 5522 2882 5582 in
2911 5521 3137 5582 fossam
3164 5517 3491 5606 demiserat
3511 5534 3678 5579 mar-

269 5620 518 5672 τοιαῦτα
579 5611 964 5680 Διοκλητιανὸς
1045 5611 1168 5670 ἰδὼν
1248 5610 1468 5693 θορύϐου
1555 5615 1642 5672 καὶ
1712 5612 1922 5692 δείματο

2039 5605 2248 5696 tyrem,
2285 5613 2436 5675 lecto
2462 5630 2758 5694 appensos
2793 5608 3178 5692 imperatorio
3209 5628 3224 5668 :
3257 5605 3453 5688 ipsum
3483 5614 3683 5669 autem

270 5701 579 5784 ἆπληρώθη
636 5699 934 5785 τυραννίδος
1004 5703 1238 5761 ἐπίθεσιν
1295 5703 1440 5760 εἶναι
1528 5706 1637 5762 τῶν
1711 5703 1765 5762 ἐν
1833 5719 1922 5766 τοτ

2039 5703 2362 5772 Attianum
2406 5703 2712 5786 jacentem
2754 5701 2816 5764 in
2874 5698 3087 5763 eodem
3145 5696 3353 5776 cubili,
3391 5702 3450 5758 et
3502 5714 3688 5776 rega.

617 5831 888 5901 Punon.
917 5831 1030 5902 Gn.
1067 5831 1276 5902 CXVI.
3320 5831 3395 5898 18
