  <div class='ocr_page' id='page_1' title='image "/cluster/home/n/w/nwhite01/storage/ocr_20150623/116:no.3/coo.31924054870203/285.png"; bbox 0 0 4148 6398; ppageno 0'>
   <div class='ocr_carea' id='block_1_1' title="bbox 447 328 571 405">
    <p class='ocr_par' dir='ltr' id='par_1_1' title="bbox 447 328 571 405">
     <span class='ocr_line' id='line_1_1' title="bbox 447 328 571 405; baseline -0.016 0"><span class='ocrx_word' id='word_1_1' title='bbox 447 328 571 405; x_wconf 79' lang='grc'>555</span> 
     </span>
    </p>
   </div>
   <div class='ocr_carea' id='block_1_2' title="bbox 1760 324 2513 400">
    <p class='ocr_par' dir='ltr' id='par_1_2' title="bbox 1760 324 2513 400">
     <span class='ocr_line' id='line_1_2' title="bbox 1760 324 2513 400; baseline -0.004 -2"><span class='ocrx_word' id='word_1_2' title='bbox 1760 324 2043 400; x_wconf 82' lang='lat' dir='ltr'><strong>MENSIS</strong></span> <span class='ocrx_word' id='word_1_3' title='bbox 2085 333 2513 397; x_wconf 83' lang='lat' dir='ltr'><strong>DECEMBER.</strong></span> 
     </span>
    </p>
   </div>
   <div class='ocr_carea' id='block_1_3' title="bbox 3720 335 3839 402">
    <p class='ocr_par' dir='ltr' id='par_1_3' title="bbox 3720 335 3839 402">
     <span class='ocr_line' id='line_1_3' title="bbox 3720 335 3839 402; baseline 0.008 -1"><span class='ocrx_word' id='word_1_4' title='bbox 3720 335 3839 402; x_wconf 82' lang='lat'><strong>556</strong></span> 
     </span>
    </p>
   </div>
   <div class='ocr_carea' id='block_1_4' title="bbox 445 466 2111 552">
    <p class='ocr_par' dir='ltr' id='par_1_4' title="bbox 445 468 2111 552">
     <span class='ocr_line' id='line_1_4' title="bbox 445 468 2111 552; baseline -0.008 -15"><span class='ocrx_word' id='word_1_5' title='bbox 445 474 589 537; x_wconf 99' lang='lat' dir='ltr'><strong>liter</strong></span> <span class='ocrx_word' id='word_1_6' title='bbox 640 472 702 536; x_wconf 91' lang='lat' dir='ltr'><strong>in</strong></span> <span class='ocrx_word' id='word_1_7' title='bbox 749 491 821 537; x_wconf 93' lang='lat' dir='ltr'><strong>eo</strong></span> <span class='ocrx_word' id='word_1_8' title='bbox 852 472 1282 552; x_wconf 76' lang='lat' dir='ltr'><strong>quiescentem.</strong></span> <span class='ocrx_word' id='word_1_9' title='bbox 1335 473 1473 535; x_wconf 83' lang='lat' dir='ltr'><strong>Haec</strong></span> <span class='ocrx_word' id='word_1_10' title='bbox 1503 489 1637 534; x_wconf 91' lang='lat' dir='ltr'><strong>cum</strong></span> <span class='ocrx_word' id='word_1_11' title='bbox 1666 470 1913 533; x_wconf 80' lang='lat' dir='ltr'><strong>vidisset</strong></span> <span class='ocrx_word' id='word_1_12' title='bbox 1941 468 2111 531; x_wconf 55' lang='lat' dir='ltr'><strong>Dio-.</strong></span> 
     </span>
    </p>
   </div>
   <div class='ocr_carea' id='block_1_5' title="bbox 2202 466 3834 552">
    <p class='ocr_par' dir='ltr' id='par_1_5' title="bbox 2206 466 3834 546">
     <span class='ocr_line' id='line_1_5' title="bbox 2206 466 3834 546; baseline 0.002 -20"><span class='ocrx_word' id='word_1_13' title='bbox 2206 469 2456 533; x_wconf 77' lang='grc' dir='ltr'>ασιλείοις</span> <span class='ocrx_word' id='word_1_14' title='bbox 2515 470 2656 531; x_wconf 79' lang='grc' dir='ltr'>τινὸς</span> <span class='ocrx_word' id='word_1_15' title='bbox 2718 469 2992 546; x_wconf 73' lang='grc' dir='ltr'>οἰόμενος.</span> <span class='ocrx_word' id='word_1_16' title='bbox 3052 466 3215 527; x_wconf 79' lang='grc' dir='ltr'>Ἐϐόα</span> <span class='ocrx_word' id='word_1_17' title='bbox 3270 472 3360 526; x_wconf 74' lang='grc' dir='ltr'><strong>οὖν</strong></span> <span class='ocrx_word' id='word_1_18' title='bbox 3407 474 3497 527; x_wconf 74' lang='grc' dir='ltr'>καὶ</span> <span class='ocrx_word' id='word_1_19' title='bbox 3557 472 3834 529; x_wconf 80' lang='grc' dir='ltr'>συνεκάλει</span> 
     </span>
    </p>
   </div>
   <div class='ocr_carea' id='block_1_6' title="bbox 457 558 2104 640">
    <p class='ocr_par' dir='ltr' id='par_1_6' title="bbox 457 558 2104 640">
     <span class='ocr_line' id='line_1_6' title="bbox 457 558 2104 640; baseline -0.004 -14"><span class='ocrx_word' id='word_1_20' title='bbox 457 563 773 640; x_wconf 89' lang='lat' dir='ltr'><strong>cletianus,</strong></span> <span class='ocrx_word' id='word_1_21' title='bbox 831 562 940 627; x_wconf 79' lang='lat' dir='ltr'><strong>fuit</strong></span> <span class='ocrx_word' id='word_1_22' title='bbox 988 561 1375 626; x_wconf 84' lang='lat' dir='ltr'><strong>conturbatus</strong></span> <span class='ocrx_word' id='word_1_23' title='bbox 1424 570 1481 624; x_wconf 93' lang='lat' dir='ltr'><strong>et</strong></span> <span class='ocrx_word' id='word_1_24' title='bbox 1527 560 1864 635; x_wconf 79' lang='lat' dir='ltr'><strong>exterritus,</strong></span> <span class='ocrx_word' id='word_1_25' title='bbox 1895 558 2104 622; x_wconf 87' lang='lat' dir='ltr'><strong>existi-</strong></span> 
     </span>
    </p>
   </div>
   <div class='ocr_carea' id='block_1_7' title="bbox 457 648 2108 735">
    <p class='ocr_par' dir='ltr' id='par_1_7' title="bbox 457 648 2108 735">
     <span class='ocr_line' id='line_1_7' title="bbox 457 648 2108 735; baseline -0.004 -19"><span class='ocrx_word' id='word_1_26' title='bbox 457 671 633 716; x_wconf 90' lang='lat' dir='ltr'><strong>mans</strong></span> <span class='ocrx_word' id='word_1_27' title='bbox 663 652 922 735; x_wconf 84' lang='lat' dir='ltr'><strong>aliquem</strong></span> <span class='ocrx_word' id='word_1_28' title='bbox 953 672 1026 717; x_wconf 79' lang='lat' dir='ltr'><strong>ex</strong></span> <span class='ocrx_word' id='word_1_29' title='bbox 1074 651 1149 716; x_wconf 90' lang='lat' dir='ltr'><strong>iis</strong></span> <span class='ocrx_word' id='word_1_30' title='bbox 1180 651 1282 734; x_wconf 87' lang='lat' dir='ltr'><strong>qui</strong></span> <span class='ocrx_word' id='word_1_31' title='bbox 1314 658 1481 715; x_wconf 87' lang='lat' dir='ltr'><strong>erant</strong></span> <span class='ocrx_word' id='word_1_32' title='bbox 1512 650 1575 713; x_wconf 92' lang='lat' dir='ltr'><strong>in</strong></span> <span class='ocrx_word' id='word_1_33' title='bbox 1605 650 1791 730; x_wconf 87' lang='lat' dir='ltr'><strong>regia,</strong></span> <span class='ocrx_word' id='word_1_34' title='bbox 1823 648 2108 710; x_wconf 86' lang='lat' dir='ltr'><strong>invadere</strong></span> 
     </span>
    </p>
   </div>
   <div class='ocr_carea' id='block_1_8' title="bbox 465 743 2107 820">
    <p class='ocr_par' dir='ltr' id='par_1_8' title="bbox 465 743 2107 820">
     <span class='ocr_line' id='line_1_8' title="bbox 465 743 2107 820; baseline -0.006 -12"><span class='ocrx_word' id='word_1_35' title='bbox 465 747 853 820; x_wconf 76' lang='lat' dir='ltr'><strong>tyrannidem.</strong></span> <span class='ocrx_word' id='word_1_36' title='bbox 882 746 1175 805; x_wconf 84' lang='lat' dir='ltr'><strong>Clamabat</strong></span> <span class='ocrx_word' id='word_1_37' title='bbox 1205 747 1396 820; x_wconf 77' lang='lat' dir='ltr'><strong>itaque</strong></span> <span class='ocrx_word' id='word_1_38' title='bbox 1418 752 1472 803; x_wconf 90' lang='lat' dir='ltr'><strong>et</strong></span> <span class='ocrx_word' id='word_1_39' title='bbox 1502 744 1852 802; x_wconf 84' lang='lat' dir='ltr'><strong>convocabat</strong></span> <span class='ocrx_word' id='word_1_40' title='bbox 1879 756 1977 800; x_wconf 91' lang='lat' dir='ltr'><strong>eos</strong></span> <span class='ocrx_word' id='word_1_41' title='bbox 2011 743 2107 813; x_wconf 87' lang='lat' dir='ltr'><strong>qui</strong></span> 
     </span>
    </p>
   </div>
   <div class='ocr_carea' id='block_1_9' title="bbox 459 826 2111 914">
    <p class='ocr_par' dir='ltr' id='par_1_9' title="bbox 459 826 2111 914">
     <span class='ocr_line' id='line_1_9' title="bbox 459 826 2111 914; baseline -0.006 -18"><span class='ocrx_word' id='word_1_42' title='bbox 459 839 666 896; x_wconf 70' lang='lat' dir='ltr'><strong>essent</strong></span> <span class='ocrx_word' id='word_1_43' title='bbox 696 848 869 914; x_wconf 91' lang='lat' dir='ltr'><strong>opem</strong></span> <span class='ocrx_word' id='word_1_44' title='bbox 896 829 1112 904; x_wconf 86' lang='lat' dir='ltr'><strong>laturi;</strong></span> <span class='ocrx_word' id='word_1_45' title='bbox 1158 830 1451 894; x_wconf 84' lang='lat' dir='ltr'><strong>Arrianus</strong></span> <span class='ocrx_word' id='word_1_46' title='bbox 1475 847 1616 893; x_wconf 92' lang='lat' dir='ltr'><strong>vero</strong></span> <span class='ocrx_word' id='word_1_47' title='bbox 1640 827 1697 891; x_wconf 90' lang='lat' dir='ltr'><strong>ei</strong></span> <span class='ocrx_word' id='word_1_48' title='bbox 1717 828 1934 890; x_wconf 87' lang='lat' dir='ltr'><strong>leniter</strong></span> <span class='ocrx_word' id='word_1_49' title='bbox 1965 826 2111 889; x_wconf 85' lang='lat' dir='ltr'><strong>dixit</strong></span> 
     </span>
    </p>
   </div>
   <div class='ocr_carea' id='block_1_10' title="bbox 457 918 2109 998">
    <p class='ocr_par' dir='ltr' id='par_1_10' title="bbox 457 918 2109 998">
     <span class='ocr_line' id='line_1_10' title="bbox 457 918 2109 998; baseline -0.003 -16"><span class='ocrx_word' id='word_1_50' title='bbox 457 919 673 984; x_wconf 90' lang='lat' dir='ltr'><strong>electo</strong></span> <span class='ocrx_word' id='word_1_51' title='bbox 701 938 715 985; x_wconf 89' lang='lat'>:</span> <span class='ocrx_word' id='word_1_52' title='bbox 737 922 829 985; x_wconf 87' lang='lat' dir='ltr'><strong>Ne</strong></span> <span class='ocrx_word' id='word_1_53' title='bbox 851 918 1230 984; x_wconf 90' lang='lat' dir='ltr'><strong>conturberis</strong></span> <span class='ocrx_word' id='word_1_54' title='bbox 1257 941 1274 998; x_wconf 89' lang='lat'><strong>;</strong></span> <span class='ocrx_word' id='word_1_55' title='bbox 1297 938 1474 983; x_wconf 91' lang='lat' dir='ltr'><strong>nemo</strong></span> <span class='ocrx_word' id='word_1_56' title='bbox 1492 919 1660 982; x_wconf 81' lang='lat' dir='ltr'><strong>exiis</strong></span> <span class='ocrx_word' id='word_1_57' title='bbox 1690 918 1795 997; x_wconf 89' lang='lat' dir='ltr'><strong>qui</strong></span> <span class='ocrx_word' id='word_1_58' title='bbox 1825 925 1965 979; x_wconf 86' lang='lat' dir='ltr'><strong>sunt</strong></span> <span class='ocrx_word' id='word_1_59' title='bbox 1997 925 2109 978; x_wconf 70' lang='lat' dir='ltr'><strong>tum</strong></span> 
     </span>
    </p>
   </div>
   <div class='ocr_carea' id='block_1_11' title="bbox 456 1009 2110 1092">
    <p class='ocr_par' dir='ltr' id='par_1_11' title="bbox 456 1009 2110 1092">
     <span class='ocr_line' id='line_1_11' title="bbox 456 1009 2110 1092; baseline -0.004 -19"><span class='ocrx_word' id='word_1_60' title='bbox 456 1009 715 1091; x_wconf 81' lang='lat' dir='ltr'><strong>subjecti</strong></span> <span class='ocrx_word' id='word_1_61' title='bbox 748 1010 1046 1092; x_wconf 84' lang='lat' dir='ltr'><strong>potestati,</strong></span> <span class='ocrx_word' id='word_1_62' title='bbox 1098 1009 1383 1074; x_wconf 87' lang='lat' dir='ltr'><strong>adversus</strong></span> <span class='ocrx_word' id='word_1_63' title='bbox 1442 1017 1501 1073; x_wconf 90' lang='lat' dir='ltr'><strong>te</strong></span> <span class='ocrx_word' id='word_1_64' title='bbox 1530 1010 1877 1086; x_wconf 87' lang='lat' dir='ltr'><strong>insurrexit,</strong></span> <span class='ocrx_word' id='word_1_65' title='bbox 1909 1023 2110 1085; x_wconf 89' lang='lat' dir='ltr'><strong>neque</strong></span> 
     </span>
    </p>
   </div>
   <div class='ocr_carea' id='block_1_12' title="bbox 2190 558 3843 640">
    <p class='ocr_par' dir='ltr' id='par_1_12' title="bbox 2190 558 3843 640">
     <span class='ocr_line' id='line_1_12' title="bbox 2190 558 3843 640; baseline 0.001 -23"><span class='ocrx_word' id='word_1_66' title='bbox 2190 561 2310 624; x_wconf 78' lang='grc' dir='ltr'>τοὺς</span> <span class='ocrx_word' id='word_1_67' title='bbox 2352 559 2723 637; x_wconf 77' lang='grc' dir='ltr'>βοηθήσοντας</span> <span class='ocrx_word' id='word_1_68' title='bbox 2757 576 2772 592; x_wconf 81' lang='grc'><strong><em>⁸</em></strong></span> <span class='ocrx_word' id='word_1_69' title='bbox 2821 558 3092 638; x_wconf 82' lang='grc' dir='ltr'>Ἀῤῥιανὸς</span> <span class='ocrx_word' id='word_1_70' title='bbox 3153 559 3231 635; x_wconf 78' lang='grc' dir='ltr'>δὲ,</span> <span class='ocrx_word' id='word_1_71' title='bbox 3267 560 3356 626; x_wconf 80' lang='grc' dir='ltr'><strong>Μὴ</strong></span> <span class='ocrx_word' id='word_1_72' title='bbox 3384 558 3627 638; x_wconf 78' lang='grc' dir='ltr'>θορυϐοὖ,</span> <span class='ocrx_word' id='word_1_73' title='bbox 3661 562 3843 640; x_wconf 75' lang='grc' dir='ltr'>πράως</span> 
     </span>
    </p>
   </div>
   <div class='ocr_carea' id='block_1_13' title="bbox 2192 647 3844 729">
    <p class='ocr_par' dir='ltr' id='par_1_13' title="bbox 2192 647 3844 729">
     <span class='ocr_line' id='line_1_13' title="bbox 2192 647 3844 729; baseline 0.002 -25"><span class='ocrx_word' id='word_1_74' title='bbox 2192 648 2298 706; x_wconf 81' lang='grc' dir='ltr'>ἀπὸ</span> <span class='ocrx_word' id='word_1_75' title='bbox 2345 653 2445 717; x_wconf 82' lang='grc' dir='ltr'><strong>τῆς</strong></span> <span class='ocrx_word' id='word_1_76' title='bbox 2491 651 2676 718; x_wconf 83' lang='grc' dir='ltr'>κλίνης</span> <span class='ocrx_word' id='word_1_77' title='bbox 2722 651 2863 721; x_wconf 73' lang='grc' dir='ltr'>αὐτῷ</span> <span class='ocrx_word' id='word_1_78' title='bbox 2918 649 3266 729; x_wconf 75' lang='grc' dir='ltr'><strong>ὑπερεφώνει,</strong></span> <span class='ocrx_word' id='word_1_79' title='bbox 3343 647 3518 713; x_wconf 72' lang='grc' dir='ltr'>οὖδείς</span> <span class='ocrx_word' id='word_1_80' title='bbox 3577 650 3844 718; x_wconf 74' lang='grc' dir='ltr'><strong>ἐπανέστη</strong></span> 
     </span>
    </p>
   </div>
   <div class='ocr_carea' id='block_1_14' title="bbox 2192 736 3837 819">
    <p class='ocr_par' dir='ltr' id='par_1_14' title="bbox 2192 736 3837 819">
     <span class='ocr_line' id='line_1_14' title="bbox 2192 736 3837 819; baseline 0.001 -24"><span class='ocrx_word' id='word_1_81' title='bbox 2192 746 2298 796; x_wconf 84' lang='grc' dir='ltr'>τῶν</span> <span class='ocrx_word' id='word_1_82' title='bbox 2327 740 2428 796; x_wconf 79' lang='grc' dir='ltr'><strong>ὑπὸ</strong></span> <span class='ocrx_word' id='word_1_83' title='bbox 2460 751 2646 819; x_wconf 76' lang='grc' dir='ltr'>χεῖρα,</span> <span class='ocrx_word' id='word_1_84' title='bbox 2680 737 2785 796; x_wconf 68' lang='grc' dir='ltr'>οὐδ’</span> <span class='ocrx_word' id='word_1_85' title='bbox 2820 736 3079 809; x_wconf 76' lang='grc' dir='ltr'>ἐπιϐουλή</span> <span class='ocrx_word' id='word_1_86' title='bbox 3124 761 3205 804; x_wconf 85' lang='grc' dir='ltr'><strong>τις</strong></span> <span class='ocrx_word' id='word_1_87' title='bbox 3238 736 3519 816; x_wconf 79' lang='grc' dir='ltr'>εἴργασται</span> <span class='ocrx_word' id='word_1_88' title='bbox 3552 741 3690 797; x_wconf 76' lang='grc' dir='ltr'>κατὰ</span> <span class='ocrx_word' id='word_1_89' title='bbox 3720 748 3837 809; x_wconf 88' lang='grc' dir='ltr'>σοῦ,</span> 
     </span>
    </p>
   </div>
   <div class='ocr_carea' id='block_1_15' title="bbox 2193 826 3844 907">
    <p class='ocr_par' dir='ltr' id='par_1_15' title="bbox 2193 826 3844 907">
     <span class='ocr_line' id='line_1_15' title="bbox 2193 826 3844 907; baseline 0.001 -23"><span class='ocrx_word' id='word_1_90' title='bbox 2193 826 2312 885; x_wconf 82' lang='grc' dir='ltr'>ἀλλ’</span> <span class='ocrx_word' id='word_1_91' title='bbox 2345 828 2451 907; x_wconf 78' lang='grc' dir='ltr'>ἐγώ</span> <span class='ocrx_word' id='word_1_92' title='bbox 2512 851 2594 886; x_wconf 87' lang='grc' dir='ltr'><strong>σοι</strong></span> <span class='ocrx_word' id='word_1_93' title='bbox 2640 828 2848 894; x_wconf 79' lang='grc' dir='ltr'>ἐκεῖνος</span> <span class='ocrx_word' id='word_1_94' title='bbox 2894 826 3165 906; x_wconf 78' lang='grc' dir='ltr'>Ἀῤῥιανὸς</span> <span class='ocrx_word' id='word_1_95' title='bbox 3210 828 3238 883; x_wconf 75' lang='grc' dir='ltr'><em>ὃ</em></span> <span class='ocrx_word' id='word_1_96' title='bbox 3296 830 3514 906; x_wconf 75' lang='grc' dir='ltr'>ἡγεμων</span> <span class='ocrx_word' id='word_1_97' title='bbox 3573 828 3844 897; x_wconf 78' lang='grc' dir='ltr'>Θηϐαίδος</span> 
     </span>
    </p>
   </div>
   <div class='ocr_carea' id='block_1_16' title="bbox 2192 906 3843 998">
    <p class='ocr_par' dir='ltr' id='par_1_16' title="bbox 2192 906 3843 998">
     <span class='ocr_line' id='line_1_16' title="bbox 2192 906 3843 998; baseline 0.001 -24"><span class='ocrx_word' id='word_1_98' title='bbox 2192 917 2251 974; x_wconf 72' lang='grc' dir='ltr'><strong>ὅν</strong></span> <span class='ocrx_word' id='word_1_99' title='bbox 2294 906 2473 982; x_wconf 11' lang='grc' dir='ltr'>εἶςγτὸ</span> <span class='ocrx_word' id='word_1_100' title='bbox 2510 919 2699 998; x_wconf 73' lang='grc' dir='ltr'>χρίσμα</span> <span class='ocrx_word' id='word_1_101' title='bbox 2730 918 2931 994; x_wconf 83' lang='grc' dir='ltr'>βαλὼν,</span> <span class='ocrx_word' id='word_1_102' title='bbox 2965 906 3208 992; x_wconf 70' lang='grc' dir='ltr'>Ἳδωμεν,</span> <span class='ocrx_word' id='word_1_103' title='bbox 3243 916 3452 996; x_wconf 75' lang='grc' dir='ltr'>ἔλεγες,</span> <span class='ocrx_word' id='word_1_104' title='bbox 3483 921 3528 974; x_wconf 77' lang='grc' dir='ltr'><strong>εἰ</strong></span> <span class='ocrx_word' id='word_1_105' title='bbox 3558 924 3663 975; x_wconf 79' lang='grc' dir='ltr'><strong>τῶν</strong></span> <span class='ocrx_word' id='word_1_106' title='bbox 3698 919 3843 995; x_wconf 80' lang='grc' dir='ltr'>ἐμῶν</span> 
     </span>
    </p>
   </div>
   <div class='ocr_carea' id='block_1_17' title="bbox 2192 1005 3263 1088">
    <p class='ocr_par' dir='ltr' id='par_1_17' title="bbox 2192 1005 3263 1088">
     <span class='ocr_line' id='line_1_17' title="bbox 2192 1005 3263 1088; baseline -0.002 -23"><span class='ocrx_word' id='word_1_107' title='bbox 2192 1008 2364 1065; x_wconf 75' lang='grc' dir='ltr'>αὒτῶν</span> <span class='ocrx_word' id='word_1_108' title='bbox 2409 1005 2664 1073; x_wconf 75' lang='grc' dir='ltr'>ἒξελεϊται</span> <span class='ocrx_word' id='word_1_109' title='bbox 2709 1014 2907 1088; x_wconf 84' lang='grc' dir='ltr'>χειρῶν</span> <span class='ocrx_word' id='word_1_110' title='bbox 2953 1011 2979 1065; x_wconf 74' lang='grc' dir='ltr'><strong>ὁ</strong></span> <span class='ocrx_word' id='word_1_111' title='bbox 3016 1008 3263 1086; x_wconf 81' lang='grc' dir='ltr'>Χριστός,</span> 
     </span>
    </p>
   </div>
   <div class='ocr_carea' id='block_1_18' title="bbox 454 1094 3845 1182">
    <p class='ocr_par' dir='ltr' id='par_1_18' title="bbox 454 1094 3845 1182">
     <span class='ocr_line' id='line_1_18' title="bbox 454 1094 3845 1182; baseline -0.001 -19"><span class='ocrx_word' id='word_1_112' title='bbox 454 1098 596 1163; x_wconf 60' lang='lat' dir='ltr'><strong>ulla;</strong></span> <span class='ocrx_word' id='word_1_113' title='bbox 624 1097 729 1162; x_wconf 88' lang='lat' dir='ltr'><strong>tibi</strong></span> <span class='ocrx_word' id='word_1_114' title='bbox 758 1108 896 1164; x_wconf 91' lang='lat' dir='ltr'><strong>sunt</strong></span> <span class='ocrx_word' id='word_1_115' title='bbox 927 1106 1144 1182; x_wconf 64' lang='lat' dir='ltr'><strong>paratae</strong></span> <span class='ocrx_word' id='word_1_116' title='bbox 1172 1098 1451 1179; x_wconf 67' lang='lat' dir='ltr'><strong>insidiae;</strong></span> <span class='ocrx_word' id='word_1_117' title='bbox 1486 1098 1594 1163; x_wconf 92' lang='lat' dir='ltr'><strong>sed</strong></span> <span class='ocrx_word' id='word_1_118' title='bbox 1625 1117 1733 1179; x_wconf 92' lang='lat' dir='ltr'><strong>ego</strong></span> <span class='ocrx_word' id='word_1_119' title='bbox 1765 1115 1894 1160; x_wconf 92' lang='lat' dir='ltr'><strong>sum</strong></span> <span class='ocrx_word' id='word_1_120' title='bbox 1928 1096 2030 1159; x_wconf 88' lang='lat' dir='ltr'><strong>ille</strong></span> <span class='ocrx_word' id='word_1_121' title='bbox 2063 1094 2709 1173; x_wconf 86' lang='lat' dir='ltr'><strong>Arrianus,Thebaidis</strong></span> <span class='ocrx_word' id='word_1_122' title='bbox 2742 1106 3118 1179; x_wconf 86' lang='lat' dir='ltr'><strong>procurator,</strong></span> <span class='ocrx_word' id='word_1_123' title='bbox 3142 1114 3319 1177; x_wconf 87' lang='lat' dir='ltr'><strong>quem</strong></span> <span class='ocrx_word' id='word_1_124' title='bbox 3350 1114 3485 1159; x_wconf 88' lang='lat' dir='ltr'><strong>cum</strong></span> <span class='ocrx_word' id='word_1_125' title='bbox 3521 1096 3583 1159; x_wconf 89' lang='lat' dir='ltr'><strong>in</strong></span> <span class='ocrx_word' id='word_1_126' title='bbox 3614 1108 3845 1160; x_wconf 85' lang='lat' dir='ltr'><strong>vastum</strong></span> 
     </span>
    </p>
   </div>
   <div class='ocr_carea' id='block_1_19' title="bbox 455 1184 3341 1271">
    <p class='ocr_par' dir='ltr' id='par_1_19' title="bbox 455 1184 3341 1271">
     <span class='ocr_line' id='line_1_19' title="bbox 455 1184 3341 1271; baseline -0.001 -20"><span class='ocrx_word' id='word_1_127' title='bbox 455 1186 626 1252; x_wconf 84' lang='lat' dir='ltr'><strong>illum</strong></span> <span class='ocrx_word' id='word_1_128' title='bbox 650 1189 853 1269; x_wconf 90' lang='lat' dir='ltr'><strong>jecisti</strong></span> <span class='ocrx_word' id='word_1_129' title='bbox 884 1189 1142 1271; x_wconf 89' lang='lat' dir='ltr'><strong>hiatum,</strong></span> <span class='ocrx_word' id='word_1_130' title='bbox 1172 1189 1524 1267; x_wconf 87' lang='lat' dir='ltr'><strong>Videamus,</strong></span> <span class='ocrx_word' id='word_1_131' title='bbox 1556 1187 1823 1260; x_wconf 88' lang='lat' dir='ltr'><strong>dicebas,</strong></span> <span class='ocrx_word' id='word_1_132' title='bbox 1857 1205 1930 1248; x_wconf 90' lang='lat' dir='ltr'><strong>an</strong></span> <span class='ocrx_word' id='word_1_133' title='bbox 1958 1184 2229 1250; x_wconf 85' lang='lat' dir='ltr'><strong>Christus</strong></span> <span class='ocrx_word' id='word_1_134' title='bbox 2259 1187 2454 1271; x_wconf 85' lang='lat' dir='ltr'><strong>ipsum</strong></span> <span class='ocrx_word' id='word_1_135' title='bbox 2489 1204 2523 1247; x_wconf 90' lang='lat' dir='ltr'><strong>a</strong></span> <span class='ocrx_word' id='word_1_136' title='bbox 2551 1191 2701 1247; x_wconf 88' lang='lat' dir='ltr'><strong>meis</strong></span> <span class='ocrx_word' id='word_1_137' title='bbox 2731 1184 3007 1249; x_wconf 89' lang='lat' dir='ltr'><strong>liberabit</strong></span> <span class='ocrx_word' id='word_1_138' title='bbox 3042 1185 3341 1250; x_wconf 84' lang='lat' dir='ltr'><strong>manibus.</strong></span> 
     </span>
    </p>
   </div>
   <div class='ocr_carea' id='block_1_20' title="bbox 535 1274 2110 1361">
    <p class='ocr_par' dir='ltr' id='par_1_20' title="bbox 535 1274 2110 1361">
     <span class='ocr_line' id='line_1_20' title="bbox 535 1274 2110 1361; baseline -0.003 -21"><span class='ocrx_word' id='word_1_139' title='bbox 535 1274 734 1342; x_wconf 81' lang='lat' dir='ltr'><strong>XLIII.</strong></span> <span class='ocrx_word' id='word_1_140' title='bbox 766 1280 1019 1361; x_wconf 83' lang='lat' dir='ltr'><strong>Propter</strong></span> <span class='ocrx_word' id='word_1_141' title='bbox 1040 1278 1168 1341; x_wconf 81' lang='lat' dir='ltr'><strong>haec</strong></span> <span class='ocrx_word' id='word_1_142' title='bbox 1190 1279 1596 1343; x_wconf 83' lang='lat' dir='ltr'><strong>Diocletianus</strong></span> <span class='ocrx_word' id='word_1_143' title='bbox 1618 1277 1726 1339; x_wconf 88' lang='lat' dir='ltr'><strong>fuit</strong></span> <span class='ocrx_word' id='word_1_144' title='bbox 1757 1276 1960 1338; x_wconf 89' lang='lat' dir='ltr'><strong>animo</strong></span> <span class='ocrx_word' id='word_1_145' title='bbox 1996 1274 2110 1336; x_wconf 87' lang='lat' dir='ltr'><strong>ob-</strong></span> 
     </span>
    </p>
   </div>
   <div class='ocr_carea' id='block_1_21' title="bbox 458 1366 2115 1450">
    <p class='ocr_par' dir='ltr' id='par_1_21' title="bbox 458 1366 2115 1450">
     <span class='ocr_line' id='line_1_21' title="bbox 458 1366 2115 1450; baseline -0.005 -16"><span class='ocrx_word' id='word_1_146' title='bbox 458 1367 1182 1450; x_wconf 83' lang='lat' dir='ltr'><strong>stupefactus,sermoque</strong></span> <span class='ocrx_word' id='word_1_147' title='bbox 1213 1367 1323 1431; x_wconf 87' lang='lat' dir='ltr'><strong>fuit</strong></span> <span class='ocrx_word' id='word_1_148' title='bbox 1346 1368 1404 1432; x_wconf 91' lang='lat' dir='ltr'><strong>ei</strong></span> <span class='ocrx_word' id='word_1_149' title='bbox 1437 1366 1788 1450; x_wconf 87' lang='lat' dir='ltr'><strong>impeditus,</strong></span> <span class='ocrx_word' id='word_1_150' title='bbox 1824 1373 1882 1428; x_wconf 92' lang='lat' dir='ltr'><strong>et</strong></span> <span class='ocrx_word' id='word_1_151' title='bbox 1916 1382 2115 1445; x_wconf 90' lang='lat' dir='ltr'><strong>neque</strong></span> 
     </span>
    </p>
   </div>
   <div class='ocr_carea' id='block_1_22' title="bbox 459 1456 2112 1541">
    <p class='ocr_par' dir='ltr' id='par_1_22' title="bbox 459 1456 2112 1541">
     <span class='ocr_line' id='line_1_22' title="bbox 459 1456 2112 1541; baseline -0.005 -18"><span class='ocrx_word' id='word_1_152' title='bbox 459 1472 665 1523; x_wconf 68' lang='lat' dir='ltr'><strong>Vocem</strong></span> <span class='ocrx_word' id='word_1_153' title='bbox 694 1457 936 1541; x_wconf 80' lang='lat' dir='ltr'><strong>quidem</strong></span> <span class='ocrx_word' id='word_1_154' title='bbox 970 1458 1215 1521; x_wconf 90' lang='lat' dir='ltr'><strong>omnino</strong></span> <span class='ocrx_word' id='word_1_155' title='bbox 1244 1465 1476 1540; x_wconf 85' lang='lat' dir='ltr'><strong>poterat</strong></span> <span class='ocrx_word' id='word_1_156' title='bbox 1511 1457 1810 1520; x_wconf 88' lang='lat' dir='ltr'><strong>emittere.</strong></span> <span class='ocrx_word' id='word_1_157' title='bbox 1836 1456 1946 1516; x_wconf 84' lang='lat' dir='ltr'><strong>Vix</strong></span> <span class='ocrx_word' id='word_1_158' title='bbox 1980 1465 2112 1515; x_wconf 91' lang='lat' dir='ltr'><strong>tau-</strong></span> 
     </span>
    </p>
   </div>
   <div class='ocr_carea' id='block_1_23' title="bbox 461 1546 2115 1630">
    <p class='ocr_par' dir='ltr' id='par_1_23' title="bbox 461 1546 2115 1630">
     <span class='ocr_line' id='line_1_23' title="bbox 461 1546 2115 1630; baseline -0.005 -18"><span class='ocrx_word' id='word_1_159' title='bbox 461 1548 600 1613; x_wconf 91' lang='lat' dir='ltr'><strong>dem</strong></span> <span class='ocrx_word' id='word_1_160' title='bbox 628 1548 703 1612; x_wconf 87' lang='lat' dir='ltr'><strong>ad</strong></span> <span class='ocrx_word' id='word_1_161' title='bbox 732 1566 798 1613; x_wconf 86' lang='lat' dir='ltr'><strong>se</strong></span> <span class='ocrx_word' id='word_1_162' title='bbox 827 1547 1263 1623; x_wconf 89' lang='lat' dir='ltr'><strong>rediens,foras</strong></span> <span class='ocrx_word' id='word_1_163' title='bbox 1296 1552 1609 1630; x_wconf 86' lang='lat' dir='ltr'><strong>processit,</strong></span> <span class='ocrx_word' id='word_1_164' title='bbox 1639 1546 1856 1609; x_wconf 86' lang='lat' dir='ltr'><strong>timore</strong></span> <span class='ocrx_word' id='word_1_165' title='bbox 1885 1551 2115 1625; x_wconf 85' lang='lat' dir='ltr'><strong>pertur-</strong></span> 
     </span>
    </p>
   </div>
   <div class='ocr_carea' id='block_1_24' title="bbox 459 1631 2113 1719">
    <p class='ocr_par' dir='ltr' id='par_1_24' title="bbox 459 1631 2113 1719">
     <span class='ocr_line' id='line_1_24' title="bbox 459 1631 2113 1719; baseline -0.005 -18"><span class='ocrx_word' id='word_1_166' title='bbox 459 1637 664 1703; x_wconf 83' lang='lat' dir='ltr'><strong>batus.</strong></span> <span class='ocrx_word' id='word_1_167' title='bbox 700 1647 763 1701; x_wconf 87' lang='lat' dir='ltr'><strong>et</strong></span> <span class='ocrx_word' id='word_1_168' title='bbox 790 1637 1049 1701; x_wconf 86' lang='lat' dir='ltr'><strong>clamore</strong></span> <span class='ocrx_word' id='word_1_169' title='bbox 1081 1637 1357 1719; x_wconf 87' lang='lat' dir='ltr'><strong>implevit</strong></span> <span class='ocrx_word' id='word_1_170' title='bbox 1384 1637 1609 1717; x_wconf 81' lang='lat' dir='ltr'><strong>regiam</strong></span> <span class='ocrx_word' id='word_1_171' title='bbox 1644 1657 1657 1696; x_wconf 91' lang='lat'><strong>:</strong></span> <span class='ocrx_word' id='word_1_172' title='bbox 1695 1633 1743 1698; x_wconf 90' lang='grc' dir='ltr'><strong>Ο</strong></span> <span class='ocrx_word' id='word_1_173' title='bbox 1780 1631 2113 1715; x_wconf 84' lang='lat' dir='ltr'><strong>improbam</strong></span> 
     </span>
    </p>
   </div>
   <div class='ocr_carea' id='block_1_25' title="bbox 462 1721 2117 1809">
    <p class='ocr_par' dir='ltr' id='par_1_25' title="bbox 462 1721 2117 1809">
     <span class='ocr_line' id='line_1_25' title="bbox 462 1721 2117 1809; baseline -0.005 -18"><span class='ocrx_word' id='word_1_174' title='bbox 462 1735 680 1805; x_wconf 85' lang='lat' dir='ltr'><strong>artem,</strong></span> <span class='ocrx_word' id='word_1_175' title='bbox 713 1727 945 1805; x_wconf 91' lang='lat' dir='ltr'><strong>dicens,</strong></span> <span class='ocrx_word' id='word_1_176' title='bbox 979 1746 1014 1790; x_wconf 94' lang='grc' dir='ltr'><strong>ο</strong></span> <span class='ocrx_word' id='word_1_177' title='bbox 1049 1726 1411 1809; x_wconf 77' lang='lat' dir='ltr'><strong>praestigias!</strong></span> <span class='ocrx_word' id='word_1_178' title='bbox 1448 1744 1626 1789; x_wconf 92' lang='lat' dir='ltr'><strong>nemo</strong></span> <span class='ocrx_word' id='word_1_179' title='bbox 1658 1724 1969 1805; x_wconf 88' lang='lat' dir='ltr'><strong>hucusque</strong></span> <span class='ocrx_word' id='word_1_180' title='bbox 2003 1721 2117 1783; x_wconf 88' lang='lat' dir='ltr'><strong>tale</strong></span> 
     </span>
    </p>
   </div>
   <div class='ocr_carea' id='block_1_26' title="bbox 462 1814 2119 1895">
    <p class='ocr_par' dir='ltr' id='par_1_26' title="bbox 462 1814 2119 1895">
     <span class='ocr_line' id='line_1_26' title="bbox 462 1814 2119 1895; baseline -0.004 -16"><span class='ocrx_word' id='word_1_181' title='bbox 462 1822 604 1895; x_wconf 86' lang='lat' dir='ltr'><strong>quid</strong></span> <span class='ocrx_word' id='word_1_182' title='bbox 627 1821 800 1893; x_wconf 77' lang='lat' dir='ltr'><strong>fecit;</strong></span> <span class='ocrx_word' id='word_1_183' title='bbox 832 1829 891 1879; x_wconf 91' lang='lat' dir='ltr'><strong>et</strong></span> <span class='ocrx_word' id='word_1_184' title='bbox 911 1819 1121 1879; x_wconf 90' lang='lat' dir='ltr'><strong>multas</strong></span> <span class='ocrx_word' id='word_1_185' title='bbox 1142 1819 1425 1893; x_wconf 84' lang='lat' dir='ltr'><strong>ejusmodi</strong></span> <span class='ocrx_word' id='word_1_186' title='bbox 1445 1819 1645 1877; x_wconf 88' lang='lat' dir='ltr'><strong>dicens</strong></span> <span class='ocrx_word' id='word_1_187' title='bbox 1670 1832 1874 1889; x_wconf 75' lang='lat' dir='ltr'><strong>nugas.</strong></span> <span class='ocrx_word' id='word_1_188' title='bbox 1901 1814 2119 1874; x_wconf 87' lang='lat' dir='ltr'><strong>Deinde</strong></span> 
     </span>
    </p>
   </div>
   <div class='ocr_carea' id='block_1_27' title="bbox 2279 1266 3840 1355">
    <p class='ocr_par' dir='ltr' id='par_1_27' title="bbox 2279 1266 3840 1355">
     <span class='ocr_line' id='line_1_27' title="bbox 2279 1266 3840 1355; baseline 0.001 -24"><span class='ocrx_word' id='word_1_189' title='bbox 2279 1266 2415 1338; x_wconf 64' lang='lat' dir='ltr'><strong>Ml“,</strong></span> <span class='ocrx_word' id='word_1_190' title='bbox 2462 1278 2596 1346; x_wconf 81' lang='grc' dir='ltr'>Πρὸς</span> <span class='ocrx_word' id='word_1_191' title='bbox 2625 1284 2789 1332; x_wconf 74' lang='grc' dir='ltr'>ταῦτα</span> <span class='ocrx_word' id='word_1_192' title='bbox 2831 1276 3213 1343; x_wconf 82' lang='grc' dir='ltr'>Διοκλητιανὸς</span> <span class='ocrx_word' id='word_1_193' title='bbox 3271 1275 3544 1355; x_wconf 77' lang='grc' dir='ltr'>ἐξοπλάγη</span> <span class='ocrx_word' id='word_1_194' title='bbox 3600 1277 3700 1344; x_wconf 76' lang='grc' dir='ltr'><strong>τὴν</strong></span> <span class='ocrx_word' id='word_1_195' title='bbox 3732 1282 3840 1352; x_wconf 81' lang='grc' dir='ltr'>ψυ-</span> 
     </span>
    </p>
   </div>
   <div class='ocr_carea' id='block_1_28' title="bbox 2198 1363 3848 1447">
    <p class='ocr_par' dir='ltr' id='par_1_28' title="bbox 2198 1363 3848 1447">
     <span class='ocr_line' id='line_1_28' title="bbox 2198 1363 3848 1447; baseline 0.001 -27"><span class='ocrx_word' id='word_1_196' title='bbox 2198 1366 2331 1445; x_wconf 77' lang='grc' dir='ltr'>χὴν,</span> <span class='ocrx_word' id='word_1_197' title='bbox 2391 1364 2695 1443; x_wconf 77' lang='grc' dir='ltr'>ἐπεσχέσθη</span> <span class='ocrx_word' id='word_1_198' title='bbox 2759 1367 2820 1421; x_wconf 83' lang='grc' dir='ltr'>τὸ</span> <span class='ocrx_word' id='word_1_199' title='bbox 2877 1365 2971 1444; x_wconf 75' lang='grc' dir='ltr'><strong>φθέ</strong></span> <span class='ocrx_word' id='word_1_200' title='bbox 2987 1388 3110 1447; x_wconf 67' lang='grc' dir='ltr'>τμα,</span> <span class='ocrx_word' id='word_1_201' title='bbox 3172 1365 3268 1423; x_wconf 79' lang='grc' dir='ltr'><strong>καΐ</strong></span> <span class='ocrx_word' id='word_1_202' title='bbox 3313 1363 3430 1422; x_wconf 68' lang='grc' dir='ltr'>οῦδὲ</span> <span class='ocrx_word' id='word_1_203' title='bbox 3487 1365 3671 1446; x_wconf 72' lang='grc' dir='ltr'>φωνην</span> <span class='ocrx_word' id='word_1_204' title='bbox 3700 1365 3848 1442; x_wconf 82' lang='grc' dir='ltr'>ὅμως</span> 
     </span>
    </p>
   </div>
   <div class='ocr_carea' id='block_1_29' title="bbox 2200 1452 3850 1534">
    <p class='ocr_par' dir='ltr' id='par_1_29' title="bbox 2200 1452 3850 1534">
     <span class='ocr_line' id='line_1_29' title="bbox 2200 1452 3850 1534; baseline 0.001 -23"><span class='ocrx_word' id='word_1_205' title='bbox 2200 1454 2447 1529; x_wconf 80' lang='grc' dir='ltr'><strong>προέσθαι</strong></span> <span class='ocrx_word' id='word_1_206' title='bbox 2479 1452 2695 1518; x_wconf 86' lang='grc' dir='ltr'>δυνατὸς</span> <span class='ocrx_word' id='word_1_207' title='bbox 2730 1454 2820 1522; x_wconf 78' lang='grc' dir='ltr'>ἦν,</span> <span class='ocrx_word' id='word_1_208' title='bbox 2871 1453 3109 1533; x_wconf 82' lang='grc' dir='ltr'>Βραδέως</span> <span class='ocrx_word' id='word_1_209' title='bbox 3165 1454 3219 1511; x_wconf 75' lang='grc' dir='ltr'>δὲ</span> <span class='ocrx_word' id='word_1_210' title='bbox 3277 1456 3363 1514; x_wconf 82' lang='grc' dir='ltr'><strong>καὶ</strong></span> <span class='ocrx_word' id='word_1_211' title='bbox 3410 1454 3567 1529; x_wconf 81' lang='grc' dir='ltr'>μόλις</span> <span class='ocrx_word' id='word_1_212' title='bbox 3627 1454 3850 1534; x_wconf 78' lang='grc' dir='ltr'>ἀνενεγ-</span> 
     </span>
    </p>
   </div>
   <div class='ocr_carea' id='block_1_30' title="bbox 2198 1541 3852 1622">
    <p class='ocr_par' dir='ltr' id='par_1_30' title="bbox 2198 1541 3852 1622">
     <span class='ocr_line' id='line_1_30' title="bbox 2198 1541 3852 1622; baseline 0.002 -23"><span class='ocrx_word' id='word_1_213' title='bbox 2198 1544 2307 1600; x_wconf 83' lang='grc' dir='ltr'><strong>κὼν</strong></span> <span class='ocrx_word' id='word_1_214' title='bbox 2365 1541 2463 1609; x_wconf 78' lang='grc' dir='ltr'><strong>ἔξω</strong></span> <span class='ocrx_word' id='word_1_215' title='bbox 2519 1564 2575 1601; x_wconf 89' lang='grc' dir='ltr'><strong>τε</strong></span> <span class='ocrx_word' id='word_1_216' title='bbox 2627 1541 2872 1621; x_wconf 75' lang='grc' dir='ltr'>περιδεὴς</span> <span class='ocrx_word' id='word_1_217' title='bbox 2931 1543 3128 1622; x_wconf 68' lang='grc' dir='ltr'>ἐχώρει</span> <span class='ocrx_word' id='word_1_218' title='bbox 3180 1546 3267 1602; x_wconf 82' lang='grc' dir='ltr'><strong>καὶ</strong></span> <span class='ocrx_word' id='word_1_219' title='bbox 3310 1546 3440 1620; x_wconf 80' lang='grc' dir='ltr'>βοῆς</span> <span class='ocrx_word' id='word_1_220' title='bbox 3484 1546 3552 1601; x_wconf 79' lang='grc' dir='ltr'>τὰ</span> <span class='ocrx_word' id='word_1_221' title='bbox 3607 1543 3852 1622; x_wconf 84' lang='grc' dir='ltr'>βασίλεια</span> 
     </span>
    </p>
   </div>
   <div class='ocr_carea' id='block_1_31' title="bbox 2198 1631 3853 1714">
    <p class='ocr_par' dir='ltr' id='par_1_31' title="bbox 2198 1631 3853 1714">
     <span class='ocr_line' id='line_1_31' title="bbox 2198 1631 3853 1714; baseline 0.002 -25"><span class='ocrx_word' id='word_1_222' title='bbox 2198 1631 2476 1706; x_wconf 80' lang='grc' dir='ltr'>ἐνεπίπλα,</span> <span class='ocrx_word' id='word_1_223' title='bbox 2511 1637 2619 1699; x_wconf 87' lang='grc' dir='ltr'>Τῆς</span> <span class='ocrx_word' id='word_1_224' title='bbox 2663 1634 3043 1713; x_wconf 71' lang='grc' dir='ltr'><strong>κακοτεχνίας,</strong></span> <span class='ocrx_word' id='word_1_225' title='bbox 3076 1632 3273 1714; x_wconf 78' lang='grc' dir='ltr'>λέγων,</span> <span class='ocrx_word' id='word_1_226' title='bbox 3304 1636 3403 1700; x_wconf 84' lang='grc' dir='ltr'><strong>τῆς</strong></span> <span class='ocrx_word' id='word_1_227' title='bbox 3438 1636 3682 1713; x_wconf 76' lang='grc' dir='ltr'><strong>γοητείας</strong></span> <span class='ocrx_word' id='word_1_228' title='bbox 3720 1634 3735 1693; x_wconf 76' lang='grc' dir='ltr'><strong>ί</strong></span> <span class='ocrx_word' id='word_1_229' title='bbox 3771 1636 3853 1692; x_wconf 75' lang='grc' dir='ltr'><strong>οὗ·</strong></span> 
     </span>
    </p>
   </div>
   <div class='ocr_carea' id='block_1_32' title="bbox 2197 1720 3853 1802">
    <p class='ocr_par' dir='ltr' id='par_1_32' title="bbox 2197 1720 3853 1802">
     <span class='ocr_line' id='line_1_32' title="bbox 2197 1720 3853 1802; baseline 0.001 -23"><span class='ocrx_word' id='word_1_230' title='bbox 2197 1720 2281 1779; x_wconf 69' lang='grc' dir='ltr'><strong>δὲδ</strong></span> <span class='ocrx_word' id='word_1_231' title='bbox 2325 1720 2530 1779; x_wconf 57' lang='lat' dir='ltr'><strong>obdens»</strong></span> <span class='ocrx_word' id='word_1_232' title='bbox 2571 1721 2822 1779; x_wconf 66' lang='grc' dir='ltr'>τοσοῦτον</span> <span class='ocrx_word' id='word_1_233' title='bbox 2870 1722 3182 1802; x_wconf 79' lang='grc' dir='ltr'>εἴργασται,</span> <span class='ocrx_word' id='word_1_234' title='bbox 3246 1722 3343 1780; x_wconf 79' lang='grc' dir='ltr'><strong>καΐ</strong></span> <span class='ocrx_word' id='word_1_235' title='bbox 3406 1722 3579 1780; x_wconf 86' lang='grc' dir='ltr'>πολλά</span> <span class='ocrx_word' id='word_1_236' title='bbox 3635 1730 3853 1781; x_wconf 83' lang='grc' dir='ltr'>τοιαῦτα</span> 
     </span>
    </p>
   </div>
   <div class='ocr_carea' id='block_1_33' title="bbox 2197 1810 3850 1891">
    <p class='ocr_par' dir='ltr' id='par_1_33' title="bbox 2197 1810 3850 1891">
     <span class='ocr_line' id='line_1_33' title="bbox 2197 1810 3850 1891; baseline 0 -23"><span class='ocrx_word' id='word_1_237' title='bbox 2197 1810 2390 1889; x_wconf 77' lang='grc' dir='ltr'>λέγων.</span> <span class='ocrx_word' id='word_1_238' title='bbox 2458 1815 2592 1870; x_wconf 81' lang='grc' dir='ltr'>Εἶτα</span> <span class='ocrx_word' id='word_1_239' title='bbox 2635 1813 2724 1868; x_wconf 87' lang='grc' dir='ltr'><strong>καὶ</strong></span> <span class='ocrx_word' id='word_1_240' title='bbox 2765 1813 2899 1890; x_wconf 75' lang='grc' dir='ltr'>πρὸς</span> <span class='ocrx_word' id='word_1_241' title='bbox 2931 1814 3152 1887; x_wconf 83' lang='grc' dir='ltr'>μείζονα</span> <span class='ocrx_word' id='word_1_242' title='bbox 3194 1814 3363 1888; x_wconf 86' lang='grc' dir='ltr'>θυμὸν</span> <span class='ocrx_word' id='word_1_243' title='bbox 3422 1812 3656 1891; x_wconf 74' lang='grc' dir='ltr'>ἓξαφθεὶς</span> <span class='ocrx_word' id='word_1_244' title='bbox 3714 1814 3850 1869; x_wconf 67' lang='lat' dir='ltr'><strong>adx-</strong></span> 
     </span>
    </p>
   </div>
   <div class='ocr_carea' id='block_1_34' title="bbox 463 1901 2111 1987">
    <p class='ocr_par' dir='ltr' id='par_1_34' title="bbox 463 1902 2111 1987">
     <span class='ocr_line' id='line_1_34' title="bbox 463 1902 2111 1987; baseline -0.004 -16"><span class='ocrx_word' id='word_1_245' title='bbox 463 1907 645 1971; x_wconf 87' lang='lat' dir='ltr'><strong>etiam</strong></span> <span class='ocrx_word' id='word_1_246' title='bbox 672 1906 885 1987; x_wconf 86' lang='lat' dir='ltr'><strong>majori</strong></span> <span class='ocrx_word' id='word_1_247' title='bbox 912 1906 1003 1968; x_wconf 87' lang='lat' dir='ltr'><strong>ira</strong></span> <span class='ocrx_word' id='word_1_248' title='bbox 1024 1906 1514 1986; x_wconf 87' lang='lat' dir='ltr'><strong>accensus,jussit</strong></span> <span class='ocrx_word' id='word_1_249' title='bbox 1535 1906 1729 1968; x_wconf 90' lang='lat' dir='ltr'><strong>statim</strong></span> <span class='ocrx_word' id='word_1_250' title='bbox 1750 1921 1990 1966; x_wconf 90' lang='lat' dir='ltr'><strong>saccum</strong></span> <span class='ocrx_word' id='word_1_251' title='bbox 2024 1902 2111 1965; x_wconf 87' lang='lat' dir='ltr'><strong>af-</strong></span> 
     </span>
    </p>
   </div>
   <div class='ocr_carea' id='block_1_35' title="bbox 2202 1901 3850 1987">
    <p class='ocr_par' dir='ltr' id='par_1_35' title="bbox 2202 1901 3850 1982">
     <span class='ocr_line' id='line_1_35' title="bbox 2202 1901 3850 1982; baseline -0.001 -23"><span class='ocrx_word' id='word_1_252' title='bbox 2202 1924 2292 1959; x_wconf 87' lang='grc' dir='ltr'><strong>κον</strong></span> <span class='ocrx_word' id='word_1_253' title='bbox 2368 1903 2511 1968; x_wconf 67' lang='grc' dir='ltr'>εὐθὺς</span> <span class='ocrx_word' id='word_1_254' title='bbox 2596 1901 2852 1959; x_wconf 75' lang='grc' dir='ltr'><strong>ἐπέταττε</strong></span> <span class='ocrx_word' id='word_1_255' title='bbox 2924 1906 3245 1978; x_wconf 86' lang='grc' dir='ltr'>κομισθῆναι</span> <span class='ocrx_word' id='word_1_256' title='bbox 3329 1902 3553 1978; x_wconf 77' lang='grc' dir='ltr'>ψάμμον</span> <span class='ocrx_word' id='word_1_257' title='bbox 3626 1901 3850 1982; x_wconf 79' lang='grc' dir='ltr'>ἔχοντα,</span> 
     </span>
    </p>
   </div>
   <div class='ocr_carea' id='block_1_36' title="bbox 463 1977 2111 2078">
    <p class='ocr_par' dir='ltr' id='par_1_36' title="bbox 463 1977 2111 2078">
     <span class='ocr_line' id='line_1_36' title="bbox 463 1977 2111 2078; baseline -0.004 -19"><span class='ocrx_word' id='word_1_258' title='bbox 463 1995 636 2073; x_wconf 75' lang='lat' dir='ltr'><strong>ferri,</strong></span> <span class='ocrx_word' id='word_1_259' title='bbox 661 1997 721 2058; x_wconf 92' lang='lat' dir='ltr'><strong>in</strong></span> <span class='ocrx_word' id='word_1_260' title='bbox 754 1977 871 2078; x_wconf 80' lang='lat' dir='ltr'><strong>quo</strong></span> <span class='ocrx_word' id='word_1_261' title='bbox 896 2002 1053 2059; x_wconf 88' lang='lat' dir='ltr'><strong>esset</strong></span> <span class='ocrx_word' id='word_1_262' title='bbox 1086 1977 1675 2078; x_wconf 51' lang='lat' dir='ltr'><strong>quidem&#39;arena,sed</strong></span> <span class='ocrx_word' id='word_1_263' title='bbox 1708 2012 1825 2056; x_wconf 92' lang='lat' dir='ltr'><strong>non</strong></span> <span class='ocrx_word' id='word_1_264' title='bbox 1857 2001 2015 2055; x_wconf 89' lang='lat' dir='ltr'><strong>esset</strong></span> <span class='ocrx_word' id='word_1_265' title='bbox 2044 2008 2111 2054; x_wconf 89' lang='lat' dir='ltr'><strong>ea</strong></span> 
     </span>
    </p>
   </div>
   <div class='ocr_carea' id='block_1_37' title="bbox 2202 1977 3855 2078">
    <p class='ocr_par' dir='ltr' id='par_1_37' title="bbox 2202 1977 3855 2071">
     <span class='ocr_line' id='line_1_37' title="bbox 2202 1977 3855 2071; baseline 0 -22"><span class='ocrx_word' id='word_1_266' title='bbox 2202 1991 2344 2059; x_wconf 77' lang='grc' dir='ltr'>πλὴν</span> <span class='ocrx_word' id='word_1_267' title='bbox 2388 1993 2446 2049; x_wconf 74' lang='grc' dir='ltr'>οὗ</span> <span class='ocrx_word' id='word_1_268' title='bbox 2484 1994 2703 2066; x_wconf 80' lang='grc' dir='ltr'>μεστὸν,</span> <span class='ocrx_word' id='word_1_269' title='bbox 2749 1990 2869 2047; x_wconf 85' lang='grc' dir='ltr'>ἀλλ’</span> <span class='ocrx_word' id='word_1_270' title='bbox 2927 1977 3185 2071; x_wconf 57' lang='grc' dir='ltr'>ἐπιχειλῆ</span> <span class='ocrx_word' id='word_1_271' title='bbox 3230 1993 3318 2049; x_wconf 82' lang='grc' dir='ltr'><strong>καὶ</strong></span> <span class='ocrx_word' id='word_1_272' title='bbox 3346 1990 3611 2067; x_wconf 74' lang='grc' dir='ltr'>διάκενον,</span> <span class='ocrx_word' id='word_1_273' title='bbox 3653 1977 3745 2048; x_wconf 54' lang='grc' dir='ltr'>δῖνα</span> <span class='ocrx_word' id='word_1_274' title='bbox 3776 1977 3855 2065; x_wconf 72' lang='grc' dir='ltr'>τῷ</span> 
     </span>
    </p>
   </div>
   <div class='ocr_carea' id='block_1_38' title="bbox 461 2079 2111 2168">
    <p class='ocr_par' dir='ltr' id='par_1_38' title="bbox 461 2081 2111 2168">
     <span class='ocr_line' id='line_1_38' title="bbox 461 2081 2111 2168; baseline -0.003 -20"><span class='ocrx_word' id='word_1_275' title='bbox 461 2084 702 2168; x_wconf 86' lang='lat' dir='ltr'><strong>plenus,</strong></span> <span class='ocrx_word' id='word_1_276' title='bbox 732 2085 853 2149; x_wconf 92' lang='lat' dir='ltr'><strong>imo</strong></span> <span class='ocrx_word' id='word_1_277' title='bbox 868 2092 1027 2149; x_wconf 82' lang='lat' dir='ltr'><strong>esset</strong></span> <span class='ocrx_word' id='word_1_278' title='bbox 1040 2103 1251 2166; x_wconf 86' lang='lat' dir='ltr'><strong>magna</strong></span> <span class='ocrx_word' id='word_1_279' title='bbox 1265 2104 1333 2149; x_wconf 82' lang='lat' dir='ltr'><strong>ex</strong></span> <span class='ocrx_word' id='word_1_280' title='bbox 1348 2092 1514 2167; x_wconf 90' lang='lat' dir='ltr'><strong>parte</strong></span> <span class='ocrx_word' id='word_1_281' title='bbox 1525 2090 1838 2165; x_wconf 86' lang='lat' dir='ltr'><strong>vecuus,ut</strong></span> <span class='ocrx_word' id='word_1_282' title='bbox 1848 2081 2111 2165; x_wconf 89' lang='lat' dir='ltr'><strong>pondere</strong></span> 
     </span>
    </p>
   </div>
   <div class='ocr_carea' id='block_1_39' title="bbox 2202 2079 3852 2168">
    <p class='ocr_par' dir='ltr' id='par_1_39' title="bbox 2202 2079 3852 2162">
     <span class='ocr_line' id='line_1_39' title="bbox 2202 2079 3852 2162; baseline 0 -25"><span class='ocrx_word' id='word_1_283' title='bbox 2202 2082 2297 2157; x_wconf 82' lang='grc' dir='ltr'>μὲν</span> <span class='ocrx_word' id='word_1_284' title='bbox 2342 2079 2498 2161; x_wconf 77' lang='grc' dir='ltr'>ἄχθει</span> <span class='ocrx_word' id='word_1_285' title='bbox 2548 2086 2647 2148; x_wconf 88' lang='grc' dir='ltr'><strong>τῆς</strong></span> <span class='ocrx_word' id='word_1_286' title='bbox 2708 2082 2954 2156; x_wconf 79' lang='grc' dir='ltr'><strong>ψάμμου,</strong></span> <span class='ocrx_word' id='word_1_287' title='bbox 3003 2083 3154 2162; x_wconf 70' lang='grc' dir='ltr'>φησὶ,</span> <span class='ocrx_word' id='word_1_288' title='bbox 3218 2080 3565 2155; x_wconf 78' lang='grc' dir='ltr'>καθέλκηται,</span> <span class='ocrx_word' id='word_1_289' title='bbox 3598 2088 3675 2155; x_wconf 77' lang='grc' dir='ltr'>τῷ</span> <span class='ocrx_word' id='word_1_290' title='bbox 3729 2079 3852 2137; x_wconf 87' lang='grc' dir='ltr'>δια-</span> 
     </span>
    </p>
   </div>
   <div class='ocr_carea' id='block_1_40' title="bbox 463 2168 2111 2257">
    <p class='ocr_par' dir='ltr' id='par_1_40' title="bbox 463 2173 2111 2257">
     <span class='ocr_line' id='line_1_40' title="bbox 463 2173 2111 2257; baseline -0.004 -20"><span class='ocrx_word' id='word_1_291' title='bbox 463 2173 732 2257; x_wconf 88' lang='lat' dir='ltr'><strong>quidem,</strong></span> <span class='ocrx_word' id='word_1_292' title='bbox 763 2174 984 2252; x_wconf 82' lang='lat' dir='ltr'><strong>aiebat,</strong></span> <span class='ocrx_word' id='word_1_293' title='bbox 1005 2193 1205 2238; x_wconf 64' lang='lat' dir='ltr'><strong>arena:</strong></span> <span class='ocrx_word' id='word_1_294' title='bbox 1233 2173 1515 2239; x_wconf 90' lang='lat' dir='ltr'><strong>deorsum</strong></span> <span class='ocrx_word' id='word_1_295' title='bbox 1550 2174 1816 2237; x_wconf 89' lang='lat' dir='ltr'><strong>trahatur</strong></span> <span class='ocrx_word' id='word_1_296' title='bbox 1846 2192 1862 2234; x_wconf 88' lang='lat'><strong>:</strong></span> <span class='ocrx_word' id='word_1_297' title='bbox 1898 2191 1968 2234; x_wconf 91' lang='lat' dir='ltr'><strong>eo</strong></span> <span class='ocrx_word' id='word_1_298' title='bbox 1999 2190 2111 2234; x_wconf 89' lang='lat' dir='ltr'><strong>au-</strong></span> 
     </span>
    </p>
   </div>
   <div class='ocr_carea' id='block_1_41' title="bbox 2202 2168 3853 2257">
    <p class='ocr_par' dir='ltr' id='par_1_41' title="bbox 2202 2168 3853 2251">
     <span class='ocr_line' id='line_1_41' title="bbox 2202 2168 3853 2251; baseline 0.001 -25"><span class='ocrx_word' id='word_1_299' title='bbox 2202 2168 2334 2244; x_wconf 83' lang='grc' dir='ltr'><strong>κὲνῳ</strong></span> <span class='ocrx_word' id='word_1_300' title='bbox 2376 2168 2430 2226; x_wconf 74' lang='grc' dir='ltr'>δὲ</span> <span class='ocrx_word' id='word_1_301' title='bbox 2492 2171 2582 2226; x_wconf 74' lang='grc' dir='ltr'>τὸν</span> <span class='ocrx_word' id='word_1_302' title='bbox 2650 2168 2926 2247; x_wconf 67' lang='grc' dir='ltr'>Ἀῤῥιανδν</span> <span class='ocrx_word' id='word_1_303' title='bbox 2986 2169 3320 2251; x_wconf 75' lang='grc' dir='ltr'>ὑποδέχηται</span> <span class='ocrx_word' id='word_1_304' title='bbox 3352 2190 3365 2203; x_wconf 90' lang='grc'><strong>·</strong></span> <span class='ocrx_word' id='word_1_305' title='bbox 3414 2171 3459 2245; x_wconf 83' lang='grc' dir='ltr'>ᾧ</span> <span class='ocrx_word' id='word_1_306' title='bbox 3517 2168 3853 2246; x_wconf 73' lang='grc' dir='ltr'>ἐμϐληθέντα</span> 
     </span>
    </p>
   </div>
   <div class='ocr_carea' id='block_1_42' title="bbox 459 2257 2111 2346">
    <p class='ocr_par' dir='ltr' id='par_1_42' title="bbox 459 2260 2111 2346">
     <span class='ocr_line' id='line_1_42' title="bbox 459 2260 2111 2346; baseline -0.002 -21"><span class='ocrx_word' id='word_1_307' title='bbox 459 2269 611 2342; x_wconf 88' lang='lat' dir='ltr'><strong>tem,</strong></span> <span class='ocrx_word' id='word_1_308' title='bbox 645 2264 806 2346; x_wconf 92' lang='lat' dir='ltr'><strong>quod</strong></span> <span class='ocrx_word' id='word_1_309' title='bbox 837 2270 927 2326; x_wconf 89' lang='lat' dir='ltr'><strong>est</strong></span> <span class='ocrx_word' id='word_1_310' title='bbox 973 2282 1253 2346; x_wconf 85' lang='lat' dir='ltr'><strong>vacuum,</strong></span> <span class='ocrx_word' id='word_1_311' title='bbox 1311 2264 1600 2346; x_wconf 86' lang='lat' dir='ltr'><strong>suscipiat</strong></span> <span class='ocrx_word' id='word_1_312' title='bbox 1646 2261 1967 2324; x_wconf 82' lang='lat' dir='ltr'><strong>Arrianum</strong></span> <span class='ocrx_word' id='word_1_313' title='bbox 1999 2281 2016 2342; x_wconf 86' lang='lat'><strong>;</strong></span> <span class='ocrx_word' id='word_1_314' title='bbox 2051 2260 2111 2322; x_wconf 93' lang='lat' dir='ltr'><strong>in</strong></span> 
     </span>
    </p>
   </div>
   <div class='ocr_carea' id='block_1_43' title="bbox 2202 2257 3848 2346">
    <p class='ocr_par' dir='ltr' id='par_1_43' title="bbox 2202 2257 3848 2337">
     <span class='ocr_line' id='line_1_43' title="bbox 2202 2257 3848 2337; baseline -0.001 -21"><span class='ocrx_word' id='word_1_315' title='bbox 2202 2258 2515 2337; x_wconf 77' lang='grc' dir='ltr'><strong>προσωτέρῳ</strong></span> <span class='ocrx_word' id='word_1_316' title='bbox 2594 2257 2866 2326; x_wconf 72' lang='grc' dir='ltr'>θαλάσσης</span> <span class='ocrx_word' id='word_1_317' title='bbox 2944 2259 3283 2327; x_wconf 80' lang='grc' dir='ltr'>ἐπέσκηπτεν</span> <span class='ocrx_word' id='word_1_318' title='bbox 3377 2261 3661 2328; x_wconf 75' lang='grc' dir='ltr'>ἀφεθῆναι.</span> <span class='ocrx_word' id='word_1_319' title='bbox 3756 2259 3848 2319; x_wconf 86' lang='grc' dir='ltr'>Ἐν</span> 
     </span>
    </p>
   </div>
   <div class='ocr_carea' id='block_1_44' title="bbox 465 2345 2111 2436">
    <p class='ocr_par' dir='ltr' id='par_1_44' title="bbox 465 2345 2107 2436">
     <span class='ocr_line' id='line_1_44' title="bbox 465 2345 2107 2436; baseline -0.004 -20"><span class='ocrx_word' id='word_1_320' title='bbox 465 2370 647 2436; x_wconf 89' lang='lat' dir='ltr'><strong>quem</strong></span> <span class='ocrx_word' id='word_1_321' title='bbox 667 2345 964 2433; x_wconf 87' lang='lat' dir='ltr'><strong>injectum</strong></span> <span class='ocrx_word' id='word_1_322' title='bbox 977 2351 1152 2433; x_wconf 87' lang='lat' dir='ltr'><strong>jubet</strong></span> <span class='ocrx_word' id='word_1_323' title='bbox 1174 2345 1311 2415; x_wconf 90' lang='lat' dir='ltr'><strong>eum</strong></span> <span class='ocrx_word' id='word_1_324' title='bbox 1333 2345 1550 2415; x_wconf 86' lang='lat' dir='ltr'><strong>dimitti</strong></span> <span class='ocrx_word' id='word_1_325' title='bbox 1572 2352 1636 2413; x_wconf 94' lang='lat' dir='ltr'><strong>in</strong></span> <span class='ocrx_word' id='word_1_326' title='bbox 1666 2350 1785 2413; x_wconf 89' lang='lat' dir='ltr'><strong>alto</strong></span> <span class='ocrx_word' id='word_1_327' title='bbox 1808 2349 1978 2412; x_wconf 89' lang='lat' dir='ltr'><strong>mari.</strong></span> <span class='ocrx_word' id='word_1_328' title='bbox 2011 2347 2107 2410; x_wconf 91' lang='lat' dir='ltr'><strong>In-</strong></span> 
     </span>
    </p>
   </div>
   <div class='ocr_carea' id='block_1_45' title="bbox 2202 2345 3844 2436">
    <p class='ocr_par' dir='ltr' id='par_1_45' title="bbox 2202 2345 3844 2429">
     <span class='ocr_line' id='line_1_45' title="bbox 2202 2345 3844 2429; baseline 0 -24"><span class='ocrx_word' id='word_1_329' title='bbox 2202 2348 2363 2423; x_wconf 78' lang='grc' dir='ltr'>τοότῳ</span> <span class='ocrx_word' id='word_1_330' title='bbox 2418 2345 2473 2404; x_wconf 80' lang='grc' dir='ltr'>δὲ</span> <span class='ocrx_word' id='word_1_331' title='bbox 2536 2351 2623 2406; x_wconf 86' lang='grc' dir='ltr'><strong>καὶ</strong></span> <span class='ocrx_word' id='word_1_332' title='bbox 2681 2351 2728 2405; x_wconf 81' lang='grc' dir='ltr'>οἱ</span> <span class='ocrx_word' id='word_1_333' title='bbox 2784 2348 3173 2429; x_wconf 77' lang='grc' dir='ltr'>προτέκτωρες,</span> <span class='ocrx_word' id='word_1_334' title='bbox 3235 2350 3331 2406; x_wconf 85' lang='grc' dir='ltr'>οἷα</span> <span class='ocrx_word' id='word_1_335' title='bbox 3391 2354 3466 2424; x_wconf 82' lang='grc' dir='ltr'>τῷ</span> <span class='ocrx_word' id='word_1_336' title='bbox 3521 2348 3844 2427; x_wconf 80' lang='grc' dir='ltr'>προλαϐόντι</span> 
     </span>
    </p>
   </div>
   <div class='ocr_carea' id='block_1_46' title="bbox 464 2438 2111 2524">
    <p class='ocr_par' dir='ltr' id='par_1_46' title="bbox 464 2438 2109 2524">
     <span class='ocr_line' id='line_1_46' title="bbox 464 2438 2109 2524; baseline -0.003 -20"><span class='ocrx_word' id='word_1_337' title='bbox 464 2443 645 2505; x_wconf 87' lang='lat' dir='ltr'><strong>terim</strong></span> <span class='ocrx_word' id='word_1_338' title='bbox 674 2459 814 2504; x_wconf 87' lang='lat' dir='ltr'><strong>vero</strong></span> <span class='ocrx_word' id='word_1_339' title='bbox 845 2448 1215 2523; x_wconf 88' lang='lat' dir='ltr'><strong>protectores</strong></span> <span class='ocrx_word' id='word_1_340' title='bbox 1259 2459 1517 2524; x_wconf 91' lang='lat' dir='ltr'><strong>quoque,</strong></span> <span class='ocrx_word' id='word_1_341' title='bbox 1549 2449 1611 2503; x_wconf 91' lang='lat' dir='ltr'><strong>ut</strong></span> <span class='ocrx_word' id='word_1_342' title='bbox 1641 2458 1894 2521; x_wconf 89' lang='lat' dir='ltr'><strong>quorum</strong></span> <span class='ocrx_word' id='word_1_343' title='bbox 1928 2438 2109 2501; x_wconf 89' lang='lat' dir='ltr'><strong>animi</strong></span> 
     </span>
    </p>
   </div>
   <div class='ocr_carea' id='block_1_47' title="bbox 2202 2438 3845 2524">
    <p class='ocr_par' dir='ltr' id='par_1_47' title="bbox 2202 2438 3845 2517">
     <span class='ocr_line' id='line_1_47' title="bbox 2202 2438 3845 2517; baseline 0 -22"><span class='ocrx_word' id='word_1_344' title='bbox 2202 2438 2387 2515; x_wconf 73' lang='grc' dir='ltr'>α’ίματι</span> <span class='ocrx_word' id='word_1_345' title='bbox 2430 2440 2523 2503; x_wconf 80' lang='grc' dir='ltr'>τὰς</span> <span class='ocrx_word' id='word_1_346' title='bbox 2582 2439 2763 2517; x_wconf 77' lang='grc' dir='ltr'>ψυχὰς</span> <span class='ocrx_word' id='word_1_347' title='bbox 2820 2440 3267 2517; x_wconf 73' lang='grc' dir='ltr'>προκεκινημὲνοι</span> <span class='ocrx_word' id='word_1_348' title='bbox 3316 2441 3660 2517; x_wconf 78' lang='grc' dir='ltr'>Χριστιανοὺς</span> <span class='ocrx_word' id='word_1_349' title='bbox 3718 2440 3845 2495; x_wconf 79' lang='grc' dir='ltr'>ἑαυο</span> 
     </span>
    </p>
   </div>
   <div class='ocr_carea' id='block_1_48' title="bbox 465 2526 2111 2611">
    <p class='ocr_par' dir='ltr' id='par_1_48' title="bbox 465 2527 2111 2611">
     <span class='ocr_line' id='line_1_48' title="bbox 465 2527 2111 2611; baseline -0.002 -20"><span class='ocrx_word' id='word_1_350' title='bbox 465 2528 676 2611; x_wconf 81' lang='lat' dir='ltr'><strong>priore</strong></span> <span class='ocrx_word' id='word_1_351' title='bbox 706 2527 996 2592; x_wconf 90' lang='lat' dir='ltr'><strong>miraculo</strong></span> <span class='ocrx_word' id='word_1_352' title='bbox 1039 2537 1240 2592; x_wconf 88' lang='lat' dir='ltr'><strong>essent</strong></span> <span class='ocrx_word' id='word_1_353' title='bbox 1283 2529 1452 2606; x_wconf 85' lang='lat' dir='ltr'><strong>moti,</strong></span> <span class='ocrx_word' id='word_1_354' title='bbox 1488 2528 1851 2591; x_wconf 89' lang='lat' dir='ltr'><strong>conﬁtentur</strong></span> <span class='ocrx_word' id='word_1_355' title='bbox 1880 2545 1945 2590; x_wconf 92' lang='lat' dir='ltr'><strong>se</strong></span> <span class='ocrx_word' id='word_1_356' title='bbox 1979 2545 2111 2589; x_wconf 88' lang='lat' dir='ltr'><strong>esse</strong></span> 
     </span>
    </p>
   </div>
   <div class='ocr_carea' id='block_1_49' title="bbox 2202 2526 3841 2611">
    <p class='ocr_par' dir='ltr' id='par_1_49' title="bbox 2202 2526 3841 2606">
     <span class='ocr_line' id='line_1_49' title="bbox 2202 2526 3841 2606; baseline -0.001 -22"><span class='ocrx_word' id='word_1_357' title='bbox 2202 2528 2319 2593; x_wconf 83' lang='grc' dir='ltr'>τοὺς</span> <span class='ocrx_word' id='word_1_358' title='bbox 2375 2526 2787 2606; x_wconf 73' lang='grc' dir='ltr'>ἀνομολογοῦσι,</span> <span class='ocrx_word' id='word_1_359' title='bbox 2841 2530 2934 2584; x_wconf 83' lang='grc' dir='ltr'><strong>καὶ</strong></span> <span class='ocrx_word' id='word_1_360' title='bbox 3011 2530 3389 2606; x_wconf 77' lang='grc' dir='ltr'>προσελθόντες</span> <span class='ocrx_word' id='word_1_361' title='bbox 3447 2527 3841 2603; x_wconf 81' lang='grc' dir='ltr'>Διοκλητιανῷ,</span> 
     </span>
    </p>
   </div>
   <div class='ocr_carea' id='block_1_50' title="bbox 466 2615 2111 2696">
    <p class='ocr_par' dir='ltr' id='par_1_50' title="bbox 466 2616 2111 2696">
     <span class='ocr_line' id='line_1_50' title="bbox 466 2616 2111 2696; baseline -0.004 -13"><span class='ocrx_word' id='word_1_362' title='bbox 466 2616 863 2696; x_wconf 87' lang='lat' dir='ltr'><strong>Christianos,</strong></span> <span class='ocrx_word' id='word_1_363' title='bbox 899 2627 958 2682; x_wconf 91' lang='lat' dir='ltr'><strong>et</strong></span> <span class='ocrx_word' id='word_1_364' title='bbox 976 2618 1333 2682; x_wconf 84' lang='lat' dir='ltr'><strong>accedentes</strong></span> <span class='ocrx_word' id='word_1_365' title='bbox 1362 2618 1436 2681; x_wconf 89' lang='lat' dir='ltr'><strong>ad</strong></span> <span class='ocrx_word' id='word_1_366' title='bbox 1460 2616 1892 2681; x_wconf 86' lang='lat' dir='ltr'><strong>Diocletianum</strong></span> <span class='ocrx_word' id='word_1_367' title='bbox 1919 2637 1934 2677; x_wconf 89' lang='lat'><strong>:</strong></span> <span class='ocrx_word' id='word_1_368' title='bbox 1963 2618 2111 2690; x_wconf 84' lang='lat' dir='ltr'><strong>Qua-</strong></span> 
     </span>
    </p>
   </div>
   <div class='ocr_carea' id='block_1_51' title="bbox 2202 2615 3847 2696">
    <p class='ocr_par' dir='ltr' id='par_1_51' title="bbox 2202 2615 3847 2696">
     <span class='ocr_line' id='line_1_51' title="bbox 2202 2615 3847 2696; baseline -0.001 -22"><span class='ocrx_word' id='word_1_369' title='bbox 2202 2616 2363 2675; x_wconf 72' lang='lat' dir='ltr'><strong>&quot;Orou</strong></span> <span class='ocrx_word' id='word_1_370' title='bbox 2393 2617 2577 2696; x_wconf 78' lang='grc' dir='ltr'>χάριν,</span> <span class='ocrx_word' id='word_1_371' title='bbox 2625 2617 2806 2687; x_wconf 73' lang='grc' dir='ltr'>εἷπον,</span> <span class='ocrx_word' id='word_1_372' title='bbox 2845 2616 3118 2694; x_wconf 77' lang='grc' dir='ltr'>ἄνθρωπον</span> <span class='ocrx_word' id='word_1_373' title='bbox 3149 2615 3257 2675; x_wconf 68' lang='grc' dir='ltr'>οὐδ’</span> <span class='ocrx_word' id='word_1_374' title='bbox 3309 2619 3481 2674; x_wconf 79' lang='grc' dir='ltr'>ὁτιοῦν</span> <span class='ocrx_word' id='word_1_375' title='bbox 3524 2617 3620 2691; x_wconf 76' lang='grc' dir='ltr'>μὲν</span> <span class='ocrx_word' id='word_1_376' title='bbox 3650 2615 3847 2686; x_wconf 73' lang='grc' dir='ltr'>ἀδική-</span> 
     </span>
    </p>
   </div>
   <div class='ocr_carea' id='block_1_52' title="bbox 467 2703 2111 2789">
    <p class='ocr_par' dir='ltr' id='par_1_52' title="bbox 467 2706 2111 2789">
     <span class='ocr_line' id='line_1_52' title="bbox 467 2706 2111 2789; baseline -0.003 -17"><span class='ocrx_word' id='word_1_377' title='bbox 467 2725 608 2772; x_wconf 87' lang='lat' dir='ltr'><strong>nam</strong></span> <span class='ocrx_word' id='word_1_378' title='bbox 639 2708 715 2772; x_wconf 92' lang='lat' dir='ltr'><strong>de</strong></span> <span class='ocrx_word' id='word_1_379' title='bbox 745 2726 942 2783; x_wconf 85' lang='lat' dir='ltr'><strong>causa,</strong></span> <span class='ocrx_word' id='word_1_380' title='bbox 976 2706 1239 2784; x_wconf 89' lang='lat' dir='ltr'><strong>aiebant,</strong></span> <span class='ocrx_word' id='word_1_381' title='bbox 1271 2708 1601 2785; x_wconf 86' lang='lat' dir='ltr'><strong>hominem,</strong></span> <span class='ocrx_word' id='word_1_382' title='bbox 1638 2708 1737 2789; x_wconf 90' lang='lat' dir='ltr'><strong>qui</strong></span> <span class='ocrx_word' id='word_1_383' title='bbox 1800 2706 1946 2769; x_wconf 88' lang='lat' dir='ltr'><strong>nihil</strong></span> <span class='ocrx_word' id='word_1_384' title='bbox 1981 2707 2111 2768; x_wconf 88' lang='lat' dir='ltr'><strong>mali</strong></span> 
     </span>
    </p>
   </div>
   <div class='ocr_carea' id='block_1_53' title="bbox 2202 2703 3854 2789">
    <p class='ocr_par' dir='ltr' id='par_1_53' title="bbox 2206 2703 3854 2786">
     <span class='ocr_line' id='line_1_53' title="bbox 2206 2703 3854 2786; baseline 0.001 -23"><span class='ocrx_word' id='word_1_385' title='bbox 2206 2728 2392 2786; x_wconf 83' lang='grc' dir='ltr'>σαντα,</span> <span class='ocrx_word' id='word_1_386' title='bbox 2427 2712 2542 2780; x_wconf 85' lang='grc' dir='ltr'><strong>Θεῷ</strong></span> <span class='ocrx_word' id='word_1_387' title='bbox 2599 2703 2652 2761; x_wconf 76' lang='grc' dir='ltr'>δὲ</span> <span class='ocrx_word' id='word_1_388' title='bbox 2710 2704 2916 2779; x_wconf 82' lang='grc' dir='ltr'>μᾶλλον</span> <span class='ocrx_word' id='word_1_389' title='bbox 2956 2704 3179 2781; x_wconf 75' lang='grc' dir='ltr'>ἀψευδεῖ</span> <span class='ocrx_word' id='word_1_390' title='bbox 3236 2706 3717 2784; x_wconf 83' lang='grc' dir='ltr'>προσοικειωθέντα</span> <span class='ocrx_word' id='word_1_391' title='bbox 3760 2707 3854 2764; x_wconf 77' lang='grc' dir='ltr'><strong>καὶ</strong></span> 
     </span>
    </p>
   </div>
   <div class='ocr_carea' id='block_1_54' title="bbox 469 2794 2111 2879">
    <p class='ocr_par' dir='ltr' id='par_1_54' title="bbox 469 2797 2111 2879">
     <span class='ocr_line' id='line_1_54' title="bbox 469 2797 2111 2879; baseline -0.001 -19"><span class='ocrx_word' id='word_1_392' title='bbox 469 2797 714 2879; x_wconf 89' lang='lat' dir='ltr'><strong>quidem</strong></span> <span class='ocrx_word' id='word_1_393' title='bbox 736 2798 1025 2875; x_wconf 83' lang='lat' dir='ltr'><strong>fecit,imo</strong></span> <span class='ocrx_word' id='word_1_394' title='bbox 1047 2816 1183 2861; x_wconf 87' lang='lat' dir='ltr'><strong>vero</strong></span> <span class='ocrx_word' id='word_1_395' title='bbox 1204 2800 1330 2861; x_wconf 93' lang='lat' dir='ltr'><strong>Deo</strong></span> <span class='ocrx_word' id='word_1_396' title='bbox 1353 2815 1493 2861; x_wconf 89' lang='lat' dir='ltr'><strong>vero</strong></span> <span class='ocrx_word' id='word_1_397' title='bbox 1546 2805 1635 2861; x_wconf 91' lang='lat' dir='ltr'><strong>est</strong></span> <span class='ocrx_word' id='word_1_398' title='bbox 1666 2798 2024 2877; x_wconf 89' lang='lat' dir='ltr'><strong>conjunctus</strong></span> <span class='ocrx_word' id='word_1_399' title='bbox 2065 2803 2111 2860; x_wconf 83' lang='lat' dir='ltr'><strong>el</strong></span> 
     </span>
    </p>
   </div>
   <div class='ocr_carea' id='block_1_55' title="bbox 2202 2794 3858 2879">
    <p class='ocr_par' dir='ltr' id='par_1_55' title="bbox 2203 2794 3858 2874">
     <span class='ocr_line' id='line_1_55' title="bbox 2203 2794 3858 2874; baseline 0 -23"><span class='ocrx_word' id='word_1_400' title='bbox 2203 2794 2272 2852; x_wconf 86' lang='grc' dir='ltr'><strong>δι’</strong></span> <span class='ocrx_word' id='word_1_401' title='bbox 2332 2794 2491 2852; x_wconf 74' lang='grc' dir='ltr'>αὐτοῦ</span> <span class='ocrx_word' id='word_1_402' title='bbox 2543 2794 2810 2869; x_wconf 77' lang='grc' dir='ltr'>θαυμάσια</span> <span class='ocrx_word' id='word_1_403' title='bbox 2894 2796 2986 2851; x_wconf 73' lang='grc' dir='ltr'><strong>οὒκ</strong></span> <span class='ocrx_word' id='word_1_404' title='bbox 3058 2794 3212 2874; x_wconf 84' lang='grc' dir='ltr'>ὀλίγα</span> <span class='ocrx_word' id='word_1_405' title='bbox 3273 2795 3601 2874; x_wconf 70' lang='grc' dir='ltr'>ἓνεργηκότα</span> <span class='ocrx_word' id='word_1_406' title='bbox 3635 2841 3652 2871; x_wconf 85' lang='grc'><strong>,</strong></span> <span class='ocrx_word' id='word_1_407' title='bbox 3713 2795 3858 2852; x_wconf 75' lang='grc' dir='ltr'>ὥστε</span> 
     </span>
    </p>
   </div>
   <div class='ocr_carea' id='block_1_56' title="bbox 467 2884 2111 2970">
    <p class='ocr_par' dir='ltr' id='par_1_56' title="bbox 467 2886 2111 2970">
     <span class='ocr_line' id='line_1_56' title="bbox 467 2886 2111 2970; baseline -0.003 -19"><span class='ocrx_word' id='word_1_408' title='bbox 467 2886 882 2970; x_wconf 78' lang='lat' dir='ltr'><strong>familiaris,et</strong></span> <span class='ocrx_word' id='word_1_409' title='bbox 914 2906 1023 2969; x_wconf 89' lang='lat' dir='ltr'><strong>per</strong></span> <span class='ocrx_word' id='word_1_410' title='bbox 1051 2888 1245 2969; x_wconf 91' lang='lat' dir='ltr'><strong>ipsum</strong></span> <span class='ocrx_word' id='word_1_411' title='bbox 1279 2907 1397 2950; x_wconf 91' lang='lat' dir='ltr'><strong>non</strong></span> <span class='ocrx_word' id='word_1_412' title='bbox 1431 2906 1619 2970; x_wconf 88' lang='lat' dir='ltr'><strong>pauca</strong></span> <span class='ocrx_word' id='word_1_413' title='bbox 1634 2886 1779 2950; x_wconf 77' lang='lat' dir='ltr'><strong>fecit</strong></span> <span class='ocrx_word' id='word_1_414' title='bbox 1807 2887 2111 2968; x_wconf 81' lang='lat' dir='ltr'><strong>miracula,</strong></span> 
     </span>
    </p>
   </div>
   <div class='ocr_carea' id='block_1_57' title="bbox 2202 2884 3854 2970">
    <p class='ocr_par' dir='ltr' id='par_1_57' title="bbox 2204 2884 3854 2964">
     <span class='ocr_line' id='line_1_57' title="bbox 2204 2884 3854 2964; baseline -0.001 -22"><span class='ocrx_word' id='word_1_415' title='bbox 2204 2884 2415 2964; x_wconf 79' lang='grc' dir='ltr'>θαῤῥεϊν</span> <span class='ocrx_word' id='word_1_416' title='bbox 2467 2884 2706 2950; x_wconf 75' lang='grc' dir='ltr'>ἅπαντας</span> <span class='ocrx_word' id='word_1_417' title='bbox 2765 2885 2886 2947; x_wconf 79' lang='grc' dir='ltr'>τοὺς</span> <span class='ocrx_word' id='word_1_418' title='bbox 2953 2885 3069 2959; x_wconf 86' lang='grc' dir='ltr'>Θεῷ</span> <span class='ocrx_word' id='word_1_419' title='bbox 3143 2884 3367 2960; x_wconf 81' lang='grc' dir='ltr'>τοιούτῳ</span> <span class='ocrx_word' id='word_1_420' title='bbox 3432 2887 3854 2951; x_wconf 75' lang='grc' dir='ltr'>πεπιστευκότας</span> 
     </span>
    </p>
   </div>
   <div class='ocr_carea' id='block_1_58' title="bbox 471 2974 2111 3059">
    <p class='ocr_par' dir='ltr' id='par_1_58' title="bbox 471 2975 2111 3059">
     <span class='ocr_line' id='line_1_58' title="bbox 471 2975 2111 3059; baseline -0.001 -19"><span class='ocrx_word' id='word_1_421' title='bbox 471 2975 623 3041; x_wconf 87' lang='lat' dir='ltr'><strong>adeo</strong></span> <span class='ocrx_word' id='word_1_422' title='bbox 653 2985 716 3040; x_wconf 91' lang='lat' dir='ltr'><strong>ut</strong></span> <span class='ocrx_word' id='word_1_423' title='bbox 744 2995 955 3040; x_wconf 86' lang='lat' dir='ltr'><strong>omnes</strong></span> <span class='ocrx_word' id='word_1_424' title='bbox 995 2976 1097 3059; x_wconf 92' lang='lat' dir='ltr'><strong>qui</strong></span> <span class='ocrx_word' id='word_1_425' title='bbox 1126 2978 1180 3040; x_wconf 93' lang='lat' dir='ltr'><strong>ei</strong></span> <span class='ocrx_word' id='word_1_426' title='bbox 1210 2975 1333 3041; x_wconf 92' lang='lat' dir='ltr'><strong>Deo</strong></span> <span class='ocrx_word' id='word_1_427' title='bbox 1381 2976 1789 3059; x_wconf 91' lang='lat' dir='ltr'><strong>crediderunt,</strong></span> <span class='ocrx_word' id='word_1_428' title='bbox 1822 2977 2111 3039; x_wconf 79' lang='lat' dir='ltr'><strong>conﬁdant</strong></span> 
     </span>
    </p>
   </div>
   <div class='ocr_carea' id='block_1_59' title="bbox 2202 2974 3855 3059">
    <p class='ocr_par' dir='ltr' id='par_1_59' title="bbox 2208 2974 3855 3055">
     <span class='ocr_line' id='line_1_59' title="bbox 2208 2974 3855 3055; baseline 0.007 -24"><span class='ocrx_word' id='word_1_429' title='bbox 2208 2974 2313 3050; x_wconf 82' lang='grc' dir='ltr'>ὅτι,</span> <span class='ocrx_word' id='word_1_430' title='bbox 2376 2974 2469 3031; x_wconf 78' lang='grc' dir='ltr'>κᾶν</span> <span class='ocrx_word' id='word_1_431' title='bbox 2528 2974 2784 3031; x_wconf 81' lang='grc' dir='ltr'>ἀποθάνοι</span> <span class='ocrx_word' id='word_1_432' title='bbox 2828 2997 2933 3050; x_wconf 87' lang='grc' dir='ltr'>τις,</span> <span class='ocrx_word' id='word_1_433' title='bbox 2981 2976 3224 3055; x_wconf 80' lang='grc' dir='ltr'>ζήσεται,</span> <span class='ocrx_word' id='word_1_434' title='bbox 3256 2975 3354 3032; x_wconf 69' lang='grc' dir='ltr'><strong>κᾶν</strong></span> <span class='ocrx_word' id='word_1_435' title='bbox 3385 2975 3437 3031; x_wconf 80' lang='grc' dir='ltr'>ἐν</span> <span class='ocrx_word' id='word_1_436' title='bbox 3483 2976 3653 3054; x_wconf 78' lang='grc' dir='ltr'>βόθρῳ</span> <span class='ocrx_word' id='word_1_437' title='bbox 3679 2975 3855 3052; x_wconf 78' lang='grc' dir='ltr'>βληθῇ</span> 
     </span>
    </p>
   </div>
   <div class='ocr_carea' id='block_1_60' title="bbox 474 3064 2111 3149">
    <p class='ocr_par' dir='ltr' id='par_1_60' title="bbox 474 3066 2111 3149">
     <span class='ocr_line' id='line_1_60' title="bbox 474 3066 2111 3149; baseline -0.002 -19"><span class='ocrx_word' id='word_1_438' title='bbox 474 3066 633 3149; x_wconf 91' lang='lat' dir='ltr'><strong>quod</strong></span> <span class='ocrx_word' id='word_1_439' title='bbox 667 3066 907 3130; x_wconf 88' lang='lat' dir='ltr'><strong>etiamsi</strong></span> <span class='ocrx_word' id='word_1_440' title='bbox 933 3068 1065 3149; x_wconf 90' lang='lat' dir='ltr'><strong>quis</strong></span> <span class='ocrx_word' id='word_1_441' title='bbox 1092 3074 1361 3131; x_wconf 89' lang='lat' dir='ltr'><strong>mortuus</strong></span> <span class='ocrx_word' id='word_1_442' title='bbox 1416 3067 1618 3140; x_wconf 86' lang='lat' dir='ltr'><strong>fuerit,</strong></span> <span class='ocrx_word' id='word_1_443' title='bbox 1654 3067 1832 3145; x_wconf 83' lang='lat' dir='ltr'><strong>vivet,</strong></span> <span class='ocrx_word' id='word_1_444' title='bbox 1900 3068 2008 3128; x_wconf 91' lang='lat' dir='ltr'><strong>etsi</strong></span> <span class='ocrx_word' id='word_1_445' title='bbox 2062 3066 2111 3127; x_wconf 84' lang='lat' dir='ltr'><strong>in</strong></span> 
     </span>
    </p>
   </div>
   <div class='ocr_carea' id='block_1_61' title="bbox 2202 3064 3856 3149">
    <p class='ocr_par' dir='ltr' id='par_1_61' title="bbox 2207 3064 3856 3144">
     <span class='ocr_line' id='line_1_61' title="bbox 2207 3064 3856 3144; baseline -0.001 -23"><span class='ocrx_word' id='word_1_446' title='bbox 2207 3067 2294 3122; x_wconf 85' lang='grc' dir='ltr'><strong>καὶ</strong></span> <span class='ocrx_word' id='word_1_447' title='bbox 2381 3064 2545 3130; x_wconf 86' lang='grc' dir='ltr'>λίθοις</span> <span class='ocrx_word' id='word_1_448' title='bbox 2630 3068 2961 3144; x_wconf 78' lang='grc' dir='ltr'>καταχωσθῇ</span> <span class='ocrx_word' id='word_1_449' title='bbox 2994 3111 3010 3139; x_wconf 88' lang='grc'><strong>,</strong></span> <span class='ocrx_word' id='word_1_450' title='bbox 3071 3066 3169 3122; x_wconf 78' lang='grc' dir='ltr'>κᾶν</span> <span class='ocrx_word' id='word_1_451' title='bbox 3238 3066 3490 3122; x_wconf 81' lang='grc' dir='ltr'>ὑποκάτω</span> <span class='ocrx_word' id='word_1_452' title='bbox 3560 3072 3760 3144; x_wconf 82' lang='grc' dir='ltr'>πετρῶν</span> <span class='ocrx_word' id='word_1_453' title='bbox 3820 3066 3856 3134; x_wconf 75' lang='grc' dir='ltr'><strong>ἢ</strong></span> 
     </span>
    </p>
   </div>
   <div class='ocr_carea' id='block_1_62' title="bbox 473 3152 2111 3239">
    <p class='ocr_par' dir='ltr' id='par_1_62' title="bbox 473 3154 2111 3239">
     <span class='ocr_line' id='line_1_62' title="bbox 473 3154 2111 3239; baseline -0.002 -20"><span class='ocrx_word' id='word_1_454' title='bbox 473 3156 696 3219; x_wconf 72' lang='lat' dir='ltr'><strong>fassam</strong></span> <span class='ocrx_word' id='word_1_455' title='bbox 724 3156 902 3219; x_wconf 84' lang='lat' dir='ltr'><strong>fuerit</strong></span> <span class='ocrx_word' id='word_1_456' title='bbox 926 3157 1491 3239; x_wconf 84' lang='lat' dir='ltr'><strong>projectus,etiamsi</strong></span> <span class='ocrx_word' id='word_1_457' title='bbox 1523 3156 1824 3237; x_wconf 82' lang='lat' dir='ltr'><strong>lapidibus</strong></span> <span class='ocrx_word' id='word_1_458' title='bbox 1845 3154 2111 3229; x_wconf 75' lang='lat' dir='ltr'><strong>obrutus,</strong></span> 
     </span>
    </p>
   </div>
   <div class='ocr_carea' id='block_1_63' title="bbox 2202 3152 3856 3239">
    <p class='ocr_par' dir='ltr' id='par_1_63' title="bbox 2208 3152 3856 3235">
     <span class='ocr_line' id='line_1_63' title="bbox 2208 3152 3856 3235; baseline -0.002 -23"><span class='ocrx_word' id='word_1_459' title='bbox 2208 3155 2371 3235; x_wconf 77' lang='grc' dir='ltr'>ὁρέων</span> <span class='ocrx_word' id='word_1_460' title='bbox 2428 3156 2485 3231; x_wconf 72' lang='grc' dir='ltr'>ᾗ,</span> <span class='ocrx_word' id='word_1_461' title='bbox 2534 3154 2631 3211; x_wconf 80' lang='grc' dir='ltr'><strong>κᾶν</strong></span> <span class='ocrx_word' id='word_1_462' title='bbox 2677 3157 2809 3229; x_wconf 79' lang='grc' dir='ltr'>ὁμοῦ</span> <span class='ocrx_word' id='word_1_463' title='bbox 2867 3153 3022 3211; x_wconf 74' lang='grc' dir='ltr'>πείθοι</span> <span class='ocrx_word' id='word_1_464' title='bbox 3067 3154 3132 3210; x_wconf 79' lang='grc' dir='ltr'>τὰ</span> <span class='ocrx_word' id='word_1_465' title='bbox 3176 3152 3320 3211; x_wconf 75' lang='grc' dir='ltr'>δεινὰ</span> <span class='ocrx_word' id='word_1_466' title='bbox 3367 3154 3600 3233; x_wconf 75' lang='grc' dir='ltr'>ἅπαντα,</span> <span class='ocrx_word' id='word_1_467' title='bbox 3636 3152 3856 3210; x_wconf 80' lang='grc' dir='ltr'>δυνατὸν</span> 
     </span>
    </p>
   </div>
   <div class='ocr_carea' id='block_1_64' title="bbox 476 3240 2111 3326">
    <p class='ocr_par' dir='ltr' id='par_1_64' title="bbox 476 3242 2111 3326">
     <span class='ocr_line' id='line_1_64' title="bbox 476 3242 2111 3326; baseline -0.002 -18"><span class='ocrx_word' id='word_1_468' title='bbox 476 3244 711 3308; x_wconf 86' lang='lat' dir='ltr'><strong>etiamsi</strong></span> <span class='ocrx_word' id='word_1_469' title='bbox 737 3246 811 3307; x_wconf 91' lang='lat' dir='ltr'><strong>sit</strong></span> <span class='ocrx_word' id='word_1_470' title='bbox 831 3242 941 3307; x_wconf 91' lang='lat' dir='ltr'><strong>sub</strong></span> <span class='ocrx_word' id='word_1_471' title='bbox 973 3246 1181 3326; x_wconf 82' lang='lat' dir='ltr'><strong>petris,</strong></span> <span class='ocrx_word' id='word_1_472' title='bbox 1215 3247 1447 3310; x_wconf 87' lang='lat' dir='ltr'><strong>etiamsi</strong></span> <span class='ocrx_word' id='word_1_473' title='bbox 1504 3246 1706 3311; x_wconf 89' lang='lat' dir='ltr'><strong>omnia</strong></span> <span class='ocrx_word' id='word_1_474' title='bbox 1739 3245 1914 3307; x_wconf 89' lang='lat' dir='ltr'><strong>simul</strong></span> <span class='ocrx_word' id='word_1_475' title='bbox 1945 3243 2111 3306; x_wconf 86' lang='lat' dir='ltr'><strong>fueril</strong></span> 
     </span>
    </p>
   </div>
   <div class='ocr_carea' id='block_1_65' title="bbox 2202 3240 3852 3326">
    <p class='ocr_par' dir='ltr' id='par_1_65' title="bbox 2207 3240 3852 3320">
     <span class='ocr_line' id='line_1_65' title="bbox 2207 3240 3852 3320; baseline -0.002 -19"><span class='ocrx_word' id='word_1_476' title='bbox 2207 3246 2350 3320; x_wconf 67' lang='grc' dir='ltr'>αὐτῷ</span> <span class='ocrx_word' id='word_1_477' title='bbox 2408 3244 2566 3301; x_wconf 80' lang='grc' dir='ltr'>πάλιν</span> <span class='ocrx_word' id='word_1_478' title='bbox 2625 3242 2685 3300; x_wconf 78' lang='grc' dir='ltr'>ἐκ</span> <span class='ocrx_word' id='word_1_479' title='bbox 2731 3243 2941 3300; x_wconf 84' lang='grc' dir='ltr'>πάντων</span> <span class='ocrx_word' id='word_1_480' title='bbox 2998 3243 3384 3309; x_wconf 85' lang='grc' dir='ltr'>ἀνασωθῆναι·</span> <span class='ocrx_word' id='word_1_481' title='bbox 3437 3241 3521 3300; x_wconf 80' lang='grc' dir='ltr'><strong>διὰ</strong></span> <span class='ocrx_word' id='word_1_482' title='bbox 3550 3244 3599 3299; x_wconf 91' lang='grc' dir='ltr'><strong>τί</strong></span> <span class='ocrx_word' id='word_1_483' title='bbox 3626 3240 3692 3310; x_wconf 74' lang='grc' dir='ltr'>δὴ</span> <span class='ocrx_word' id='word_1_484' title='bbox 3722 3248 3852 3300; x_wconf 86' lang='grc' dir='ltr'>τοῦ-</span> 
     </span>
    </p>
   </div>
   <div class='ocr_carea' id='block_1_66' title="bbox 475 3330 2111 3416">
    <p class='ocr_par' dir='ltr' id='par_1_66' title="bbox 475 3332 2111 3416">
     <span class='ocr_line' id='line_1_66' title="bbox 475 3332 2111 3416; baseline -0.002 -19"><span class='ocrx_word' id='word_1_485' title='bbox 475 3353 691 3416; x_wconf 86' lang='lat' dir='ltr'><strong>passus</strong></span> <span class='ocrx_word' id='word_1_486' title='bbox 707 3332 927 3414; x_wconf 88' lang='lat' dir='ltr'><strong>gravia,</strong></span> <span class='ocrx_word' id='word_1_487' title='bbox 960 3334 1145 3415; x_wconf 90' lang='lat' dir='ltr'><strong>possit</strong></span> <span class='ocrx_word' id='word_1_488' title='bbox 1173 3352 1381 3399; x_wconf 89' lang='lat' dir='ltr'><strong>rursus</strong></span> <span class='ocrx_word' id='word_1_489' title='bbox 1434 3335 1658 3399; x_wconf 89' lang='lat' dir='ltr'><strong>servari</strong></span> <span class='ocrx_word' id='word_1_490' title='bbox 1688 3354 1760 3398; x_wconf 81' lang='lat' dir='ltr'><strong>ex</strong></span> <span class='ocrx_word' id='word_1_491' title='bbox 1791 3333 2070 3397; x_wconf 91' lang='lat' dir='ltr'><strong>omnibus</strong></span> <span class='ocrx_word' id='word_1_492' title='bbox 2104 3350 2111 3393; x_wconf 92' lang='lat'>:</span> 
     </span>
    </p>
   </div>
   <div class='ocr_carea' id='block_1_67' title="bbox 2202 3330 3853 3416">
    <p class='ocr_par' dir='ltr' id='par_1_67' title="bbox 2207 3330 3853 3412">
     <span class='ocr_line' id='line_1_67' title="bbox 2207 3330 3853 3412; baseline -0.003 -20"><span class='ocrx_word' id='word_1_493' title='bbox 2207 3357 2295 3392; x_wconf 87' lang='grc' dir='ltr'><strong>τον</strong></span> <span class='ocrx_word' id='word_1_494' title='bbox 2345 3333 2525 3411; x_wconf 80' lang='grc' dir='ltr'>ὥσπερ</span> <span class='ocrx_word' id='word_1_495' title='bbox 2566 3330 2685 3388; x_wconf 68' lang='grc' dir='ltr'>τινά</span> <span class='ocrx_word' id='word_1_496' title='bbox 2728 3331 2832 3388; x_wconf 82' lang='grc' dir='ltr'><strong>τῶν</strong></span> <span class='ocrx_word' id='word_1_497' title='bbox 2891 3332 3202 3410; x_wconf 78' lang='grc' dir='ltr'>κακούργων</span> <span class='ocrx_word' id='word_1_498' title='bbox 3247 3332 3504 3412; x_wconf 80' lang='grc' dir='ltr'>ἀφεθῆναι</span> <span class='ocrx_word' id='word_1_499' title='bbox 3562 3332 3698 3388; x_wconf 86' lang='grc' dir='ltr'><strong>κατά</strong></span> <span class='ocrx_word' id='word_1_500' title='bbox 3752 3333 3853 3387; x_wconf 80' lang='grc' dir='ltr'>θα-</span> 
     </span>
    </p>
   </div>
   <div class='ocr_carea' id='block_1_68' title="bbox 478 3421 2111 3505">
    <p class='ocr_par' dir='ltr' id='par_1_68' title="bbox 478 3422 2111 3505">
     <span class='ocr_line' id='line_1_68' title="bbox 478 3422 2111 3505; baseline 0 -20"><span class='ocrx_word' id='word_1_501' title='bbox 478 3440 739 3485; x_wconf 89' lang='lat' dir='ltr'><strong>cureum</strong></span> <span class='ocrx_word' id='word_1_502' title='bbox 766 3430 1043 3503; x_wconf 88' lang='lat' dir='ltr'><strong>tanquam</strong></span> <span class='ocrx_word' id='word_1_503' title='bbox 1068 3423 1401 3486; x_wconf 88' lang='lat' dir='ltr'><strong>maleﬁcum</strong></span> <span class='ocrx_word' id='word_1_504' title='bbox 1436 3425 1775 3505; x_wconf 89' lang='lat' dir='ltr'><strong>quempiam</strong></span> <span class='ocrx_word' id='word_1_505' title='bbox 1803 3422 2038 3504; x_wconf 89' lang='lat' dir='ltr'><strong>jussisti</strong></span> <span class='ocrx_word' id='word_1_506' title='bbox 2063 3424 2111 3485; x_wconf 77' lang='lat' dir='ltr'><strong>in</strong></span> 
     </span>
    </p>
   </div>
   <div class='ocr_carea' id='block_1_69' title="bbox 2202 3421 3853 3505">
    <p class='ocr_par' dir='ltr' id='par_1_69' title="bbox 2207 3421 3853 3497">
     <span class='ocr_line' id='line_1_69' title="bbox 2207 3421 3853 3497; baseline -0.002 -17"><span class='ocrx_word' id='word_1_507' title='bbox 2207 3423 2413 3491; x_wconf 77' lang='grc' dir='ltr'>λάσσης</span> <span class='ocrx_word' id='word_1_508' title='bbox 2459 3421 2742 3485; x_wconf 77' lang='grc' dir='ltr'>ἐκέλευσας</span> <span class='ocrx_word' id='word_1_509' title='bbox 2778 3442 2795 3493; x_wconf 83' lang='grc'>;</span> <span class='ocrx_word' id='word_1_510' title='bbox 2830 3423 2933 3477; x_wconf 83' lang='grc' dir='ltr'><strong>Σὺν</strong></span> <span class='ocrx_word' id='word_1_511' title='bbox 2964 3423 3109 3495; x_wconf 75' lang='grc' dir='ltr'>αὒτῷ</span> <span class='ocrx_word' id='word_1_512' title='bbox 3156 3423 3247 3477; x_wconf 81' lang='grc' dir='ltr'><strong>οὗν</strong></span> <span class='ocrx_word' id='word_1_513' title='bbox 3297 3424 3385 3478; x_wconf 87' lang='grc' dir='ltr'><strong>καὶ</strong></span> <span class='ocrx_word' id='word_1_514' title='bbox 3434 3421 3603 3497; x_wconf 79' lang='grc' dir='ltr'>ἡμεῖς</span> <span class='ocrx_word' id='word_1_515' title='bbox 3637 3421 3853 3484; x_wconf 79' lang='grc' dir='ltr'>ἑαυτοὺς</span> 
     </span>
    </p>
   </div>
   <div class='ocr_carea' id='block_1_70' title="bbox 476 3508 2111 3596">
    <p class='ocr_par' dir='ltr' id='par_1_70' title="bbox 476 3509 2111 3596">
     <span class='ocr_line' id='line_1_70' title="bbox 476 3509 2111 3596; baseline 0.002 -23"><span class='ocrx_word' id='word_1_516' title='bbox 476 3529 645 3574; x_wconf 83' lang='lat' dir='ltr'><strong>mare</strong></span> <span class='ocrx_word' id='word_1_517' title='bbox 665 3511 885 3592; x_wconf 79' lang='lat' dir='ltr'><strong>dejici?</strong></span> <span class='ocrx_word' id='word_1_518' title='bbox 912 3509 1057 3575; x_wconf 89' lang='lat' dir='ltr'><strong>Cum</strong></span> <span class='ocrx_word' id='word_1_519' title='bbox 1080 3511 1209 3595; x_wconf 89' lang='lat' dir='ltr'><strong>ipso</strong></span> <span class='ocrx_word' id='word_1_520' title='bbox 1233 3532 1373 3593; x_wconf 87' lang='lat' dir='ltr'><strong>ergo</strong></span> <span class='ocrx_word' id='word_1_521' title='bbox 1406 3533 1514 3576; x_wconf 90' lang='lat' dir='ltr'><strong>nos</strong></span> <span class='ocrx_word' id='word_1_522' title='bbox 1546 3532 1784 3596; x_wconf 91' lang='lat' dir='ltr'><strong>quoque</strong></span> <span class='ocrx_word' id='word_1_523' title='bbox 1821 3532 1931 3575; x_wconf 92' lang='lat' dir='ltr'><strong>nos</strong></span> <span class='ocrx_word' id='word_1_524' title='bbox 1958 3512 2111 3595; x_wconf 72' lang='lat' dir='ltr'><strong>ipso:</strong></span> 
     </span>
    </p>
   </div>
   <div class='ocr_carea' id='block_1_71' title="bbox 2202 3508 3852 3596">
    <p class='ocr_par' dir='ltr' id='par_1_71' title="bbox 2208 3508 3852 3592">
     <span class='ocr_line' id='line_1_71' title="bbox 2208 3508 3852 3592; baseline -0.003 -21"><span class='ocrx_word' id='word_1_525' title='bbox 2208 3513 2615 3592; x_wconf 78' lang='grc' dir='ltr'>ἐμπαρέχομεν,</span> <span class='ocrx_word' id='word_1_526' title='bbox 2668 3508 2909 3588; x_wconf 84' lang='grc' dir='ltr'>δεόμενοι</span> <span class='ocrx_word' id='word_1_527' title='bbox 2961 3512 3053 3568; x_wconf 75' lang='grc' dir='ltr'><strong>τόν</strong></span> <span class='ocrx_word' id='word_1_528' title='bbox 3084 3512 3205 3567; x_wconf 81' lang='grc' dir='ltr'>ἴσον</span> <span class='ocrx_word' id='word_1_529' title='bbox 3250 3509 3436 3585; x_wconf 83' lang='grc' dir='ltr'>ἐκείνῳ</span> <span class='ocrx_word' id='word_1_530' title='bbox 3464 3511 3689 3567; x_wconf 87' lang='grc' dir='ltr'>θάνατον</span> <span class='ocrx_word' id='word_1_531' title='bbox 3718 3512 3852 3568; x_wconf 80' lang='grc' dir='ltr'>ὑπο·</span> 
     </span>
    </p>
   </div>
   <div class='ocr_carea' id='block_1_72' title="bbox 476 3598 2111 3684">
    <p class='ocr_par' dir='ltr' id='par_1_72' title="bbox 476 3600 2111 3684">
     <span class='ocr_line' id='line_1_72' title="bbox 476 3600 2111 3684; baseline 0.001 -22"><span class='ocrx_word' id='word_1_532' title='bbox 476 3600 838 3683; x_wconf 69' lang='lat' dir='ltr'><strong>prasbemus,</strong></span> <span class='ocrx_word' id='word_1_533' title='bbox 871 3607 931 3663; x_wconf 88' lang='lat' dir='ltr'><strong>et</strong></span> <span class='ocrx_word' id='word_1_534' title='bbox 952 3612 1324 3680; x_wconf 79' lang='lat' dir='ltr'><strong>rogamus,ut</strong></span> <span class='ocrx_word' id='word_1_535' title='bbox 1354 3604 1625 3666; x_wconf 87' lang='lat' dir='ltr'><strong>eamdem</strong></span> <span class='ocrx_word' id='word_1_536' title='bbox 1658 3610 2111 3684; x_wconf 89' lang='lat' dir='ltr'><strong>mortem,quam</strong></span> 
     </span>
    </p>
   </div>
   <div class='ocr_carea' id='block_1_73' title="bbox 2202 3598 3856 3684">
    <p class='ocr_par' dir='ltr' id='par_1_73' title="bbox 2207 3598 3856 3680">
     <span class='ocr_line' id='line_1_73' title="bbox 2207 3598 3856 3680; baseline -0.004 -19"><span class='ocrx_word' id='word_1_537' title='bbox 2207 3607 2420 3672; x_wconf 83' lang='grc' dir='ltr'>στῆναι,</span> <span class='ocrx_word' id='word_1_538' title='bbox 2464 3601 2790 3677; x_wconf 85' lang='grc' dir='ltr'>Πιστεύομεν</span> <span class='ocrx_word' id='word_1_539' title='bbox 2821 3602 2921 3680; x_wconf 83' lang='grc' dir='ltr'><strong>γὰρ</strong></span> <span class='ocrx_word' id='word_1_540' title='bbox 2964 3602 3036 3665; x_wconf 81' lang='grc' dir='ltr'>ὡς</span> <span class='ocrx_word' id='word_1_541' title='bbox 3086 3602 3113 3656; x_wconf 87' lang='grc' dir='ltr'>ὁ</span> <span class='ocrx_word' id='word_1_542' title='bbox 3144 3598 3422 3678; x_wconf 80' lang='grc' dir='ltr'>Ἀῤῥιανοῦ</span> <span class='ocrx_word' id='word_1_543' title='bbox 3455 3604 3582 3662; x_wconf 81' lang='grc' dir='ltr'>Θεὸς</span> <span class='ocrx_word' id='word_1_544' title='bbox 3640 3603 3668 3656; x_wconf 81' lang='grc' dir='ltr'>ὁ</span> <span class='ocrx_word' id='word_1_545' title='bbox 3723 3602 3856 3656; x_wconf 76' lang='grc' dir='ltr'><strong>τοῦ-</strong></span> 
     </span>
    </p>
   </div>
   <div class='ocr_carea' id='block_1_74' title="bbox 475 3689 2111 3776">
    <p class='ocr_par' dir='ltr' id='par_1_74' title="bbox 475 3689 2111 3776">
     <span class='ocr_line' id='line_1_74' title="bbox 475 3689 2111 3776; baseline 0.001 -24"><span class='ocrx_word' id='word_1_546' title='bbox 475 3689 975 3772; x_wconf 87' lang='lat' dir='ltr'><strong>ipse,subeamus.</strong></span> <span class='ocrx_word' id='word_1_547' title='bbox 1012 3689 1330 3755; x_wconf 87' lang='lat' dir='ltr'><strong>Credimus</strong></span> <span class='ocrx_word' id='word_1_548' title='bbox 1353 3693 1513 3756; x_wconf 91' lang='lat' dir='ltr'><strong>enim</strong></span> <span class='ocrx_word' id='word_1_549' title='bbox 1536 3692 1726 3757; x_wconf 91' lang='lat' dir='ltr'><strong>Deum</strong></span> <span class='ocrx_word' id='word_1_550' title='bbox 1754 3693 2111 3776; x_wconf 79' lang='lat' dir='ltr'><strong>Arriani,qui</strong></span> 
     </span>
    </p>
   </div>
   <div class='ocr_carea' id='block_1_75' title="bbox 2202 3689 3853 3776">
    <p class='ocr_par' dir='ltr' id='par_1_75' title="bbox 2204 3689 3853 3772">
     <span class='ocr_line' id='line_1_75' title="bbox 2204 3689 3853 3772; baseline -0.001 -23"><span class='ocrx_word' id='word_1_551' title='bbox 2204 3715 2297 3749; x_wconf 86' lang='grc' dir='ltr'><strong>τον</strong></span> <span class='ocrx_word' id='word_1_552' title='bbox 2342 3692 2401 3749; x_wconf 77' lang='grc' dir='ltr'>ἐκ</span> <span class='ocrx_word' id='word_1_553' title='bbox 2431 3698 2609 3772; x_wconf 83' lang='grc' dir='ltr'>μυχοῦ</span> <span class='ocrx_word' id='word_1_554' title='bbox 2638 3694 2740 3770; x_wconf 83' lang='grc' dir='ltr'><strong>γῆς</strong></span> <span class='ocrx_word' id='word_1_555' title='bbox 2774 3692 2860 3747; x_wconf 80' lang='grc' dir='ltr'><strong>καὶ</strong></span> <span class='ocrx_word' id='word_1_556' title='bbox 2912 3690 3123 3767; x_wconf 79' lang='grc' dir='ltr'>δεσμῶν</span> <span class='ocrx_word' id='word_1_557' title='bbox 3167 3692 3254 3747; x_wconf 77' lang='grc' dir='ltr'><strong>καὶ</strong></span> <span class='ocrx_word' id='word_1_558' title='bbox 3309 3689 3466 3748; x_wconf 87' lang='grc' dir='ltr'>λίθων</span> <span class='ocrx_word' id='word_1_559' title='bbox 3524 3689 3853 3757; x_wconf 78' lang='grc' dir='ltr'>τηλικούτων</span> 
     </span>
    </p>
   </div>
   <div class='ocr_carea' id='block_1_76' title="bbox 480 3778 2111 3862">
    <p class='ocr_par' dir='ltr' id='par_1_76' title="bbox 480 3780 2111 3862">
     <span class='ocr_line' id='line_1_76' title="bbox 480 3780 2111 3862; baseline 0.001 -19"><span class='ocrx_word' id='word_1_560' title='bbox 480 3797 621 3843; x_wconf 85' lang='lat' dir='ltr'><strong>eum</strong></span> <span class='ocrx_word' id='word_1_561' title='bbox 638 3780 842 3843; x_wconf 84' lang='lat' dir='ltr'><strong>eduxit</strong></span> <span class='ocrx_word' id='word_1_562' title='bbox 862 3798 931 3842; x_wconf 82' lang='lat' dir='ltr'><strong>ex</strong></span> <span class='ocrx_word' id='word_1_563' title='bbox 950 3780 1242 3862; x_wconf 83' lang='lat' dir='ltr'><strong>profundo</strong></span> <span class='ocrx_word' id='word_1_564' title='bbox 1267 3794 1471 3859; x_wconf 68' lang='lat' dir='ltr'><strong>terras,</strong></span> <span class='ocrx_word' id='word_1_565' title='bbox 1507 3791 1565 3846; x_wconf 90' lang='lat' dir='ltr'><strong>et</strong></span> <span class='ocrx_word' id='word_1_566' title='bbox 1594 3781 1873 3856; x_wconf 85' lang='lat' dir='ltr'><strong>vinculis,</strong></span> <span class='ocrx_word' id='word_1_567' title='bbox 1907 3791 1966 3846; x_wconf 87' lang='lat' dir='ltr'><strong>et</strong></span> <span class='ocrx_word' id='word_1_568' title='bbox 1989 3791 2111 3844; x_wconf 87' lang='lat' dir='ltr'><strong>tan-</strong></span> 
     </span>
    </p>
   </div>
   <div class='ocr_carea' id='block_1_77' title="bbox 2202 3778 3854 3862">
    <p class='ocr_par' dir='ltr' id='par_1_77' title="bbox 2208 3778 3854 3861">
     <span class='ocr_line' id='line_1_77' title="bbox 2208 3778 3854 3861; baseline -0.004 -22"><span class='ocrx_word' id='word_1_569' title='bbox 2208 3781 2504 3861; x_wconf 80' lang='grc' dir='ltr'>ἐξαγαγὼν,</span> <span class='ocrx_word' id='word_1_570' title='bbox 2568 3781 2722 3846; x_wconf 72' lang='grc' dir='ltr'>αὐτὸς</span> <span class='ocrx_word' id='word_1_571' title='bbox 2807 3778 3023 3843; x_wconf 85' lang='grc' dir='ltr'>δυνατὸς</span> <span class='ocrx_word' id='word_1_572' title='bbox 3096 3778 3243 3836; x_wconf 83' lang='grc' dir='ltr'>ἔσται</span> <span class='ocrx_word' id='word_1_573' title='bbox 3299 3780 3512 3843; x_wconf 84' lang='grc' dir='ltr'>πάντως</span> <span class='ocrx_word' id='word_1_574' title='bbox 3570 3780 3657 3835; x_wconf 77' lang='grc' dir='ltr'>καὶ</span> <span class='ocrx_word' id='word_1_575' title='bbox 3710 3780 3854 3853; x_wconf 78' lang='grc' dir='ltr'>ἡμᾶς</span> 
     </span>
    </p>
   </div>
   <div class='ocr_carea' id='block_1_78' title="bbox 479 3868 2111 3956">
    <p class='ocr_par' dir='ltr' id='par_1_78' title="bbox 479 3869 2111 3956">
     <span class='ocr_line' id='line_1_78' title="bbox 479 3869 2111 3956; baseline 0.002 -25"><span class='ocrx_word' id='word_1_576' title='bbox 479 3869 557 3932; x_wconf 89' lang='lat' dir='ltr'><strong>tis</strong></span> <span class='ocrx_word' id='word_1_577' title='bbox 586 3869 907 3952; x_wconf 87' lang='lat' dir='ltr'><strong>lapidibus,</strong></span> <span class='ocrx_word' id='word_1_578' title='bbox 940 3889 1115 3951; x_wconf 91' lang='lat' dir='ltr'><strong>posse</strong></span> <span class='ocrx_word' id='word_1_579' title='bbox 1172 3890 1279 3935; x_wconf 92' lang='lat' dir='ltr'><strong>nos</strong></span> <span class='ocrx_word' id='word_1_580' title='bbox 1327 3891 1566 3956; x_wconf 89' lang='lat' dir='ltr'><strong>quoque</strong></span> <span class='ocrx_word' id='word_1_581' title='bbox 1616 3873 1929 3949; x_wconf 89' lang='lat' dir='ltr'><strong>suscitare,</strong></span> <span class='ocrx_word' id='word_1_582' title='bbox 1966 3882 2023 3936; x_wconf 89' lang='lat' dir='ltr'><strong>et</strong></span> <span class='ocrx_word' id='word_1_583' title='bbox 2051 3872 2111 3935; x_wconf 78' lang='lat' dir='ltr'><strong>ad</strong></span> 
     </span>
    </p>
   </div>
   <div class='ocr_carea' id='block_1_79' title="bbox 2202 3868 3858 3956">
    <p class='ocr_par' dir='ltr' id='par_1_79' title="bbox 2208 3868 3858 3949">
     <span class='ocr_line' id='line_1_79' title="bbox 2208 3868 3858 3949; baseline -0.005 -21"><span class='ocrx_word' id='word_1_584' title='bbox 2208 3872 2504 3938; x_wconf 76' lang='grc' dir='ltr'>ἀναστῆσαι</span> <span class='ocrx_word' id='word_1_585' title='bbox 2533 3871 2621 3927; x_wconf 84' lang='grc' dir='ltr'><strong>καὶ</strong></span> <span class='ocrx_word' id='word_1_586' title='bbox 2657 3871 2729 3933; x_wconf 79' lang='grc' dir='ltr'>εἷς</span> <span class='ocrx_word' id='word_1_587' title='bbox 2778 3872 3051 3949; x_wconf 84' lang='grc' dir='ltr'>κρείττονα</span> <span class='ocrx_word' id='word_1_588' title='bbox 3106 3868 3251 3939; x_wconf 72' lang='grc' dir='ltr'>ζωὴν</span> <span class='ocrx_word' id='word_1_589' title='bbox 3296 3869 3384 3925; x_wconf 82' lang='grc' dir='ltr'><strong>καὶ</strong></span> <span class='ocrx_word' id='word_1_590' title='bbox 3437 3868 3858 3946; x_wconf 83' lang='grc' dir='ltr'>μακαριωτάτην</span> 
     </span>
    </p>
   </div>
   <div class='ocr_carea' id='block_1_80' title="bbox 480 3960 2111 4043">
    <p class='ocr_par' dir='ltr' id='par_1_80' title="bbox 480 3960 2111 4043">
     <span class='ocr_line' id='line_1_80' title="bbox 480 3960 2111 4043; baseline 0.001 -21"><span class='ocrx_word' id='word_1_591' title='bbox 480 3960 769 4042; x_wconf 79' lang='lat' dir='ltr'><strong>Optimam</strong></span> <span class='ocrx_word' id='word_1_592' title='bbox 798 3962 981 4025; x_wconf 90' lang='lat' dir='ltr'><strong>vitam</strong></span> <span class='ocrx_word' id='word_1_593' title='bbox 1036 3960 1351 4026; x_wconf 88' lang='lat' dir='ltr'><strong>traducere</strong></span> <span class='ocrx_word' id='word_1_594' title='bbox 1383 3973 1442 4025; x_wconf 93' lang='lat' dir='ltr'><strong>et</strong></span> <span class='ocrx_word' id='word_1_595' title='bbox 1489 3964 1663 4043; x_wconf 88' lang='lat' dir='ltr'><strong>longe</strong></span> <span class='ocrx_word' id='word_1_596' title='bbox 1696 3962 2111 4027; x_wconf 87' lang='lat' dir='ltr'><strong>beatissimam.</strong></span> 
     </span>
    </p>
   </div>
   <div class='ocr_carea' id='block_1_81' title="bbox 2202 3960 2525 4043">
    <p class='ocr_par' dir='ltr' id='par_1_81' title="bbox 2210 3962 2525 4039">
     <span class='ocr_line' id='line_1_81' title="bbox 2210 3962 2525 4039; baseline 0.01 -21"><span class='ocrx_word' id='word_1_597' title='bbox 2210 3962 2502 4039; x_wconf 73' lang='grc' dir='ltr'>ἀναγαγεῖν</span> <span class='ocrx_word' id='word_1_598' title='bbox 2512 4006 2525 4021; x_wconf 91' lang='grc'><strong>.</strong></span> 
     </span>
    </p>
   </div>
   <div class='ocr_carea' id='block_1_82' title="bbox 562 4044 2111 4133">
    <p class='ocr_par' dir='ltr' id='par_1_82' title="bbox 562 4048 2111 4133">
     <span class='ocr_line' id='line_1_82' title="bbox 562 4048 2111 4133; baseline 0.003 -22"><span class='ocrx_word' id='word_1_599' title='bbox 562 4048 763 4112; x_wconf 81' lang='lat' dir='ltr'><strong>XLIV.</strong></span> <span class='ocrx_word' id='word_1_600' title='bbox 797 4050 887 4113; x_wconf 85' lang='lat' dir='ltr'><strong>Ad</strong></span> <span class='ocrx_word' id='word_1_601' title='bbox 945 4051 1073 4114; x_wconf 73' lang='lat' dir='ltr'><strong>haec</strong></span> <span class='ocrx_word' id='word_1_602' title='bbox 1130 4052 1230 4115; x_wconf 88' lang='lat' dir='ltr'><strong>ille</strong></span> <span class='ocrx_word' id='word_1_603' title='bbox 1283 4052 1604 4115; x_wconf 90' lang='lat' dir='ltr'><strong>admodum</strong></span> <span class='ocrx_word' id='word_1_604' title='bbox 1660 4052 1939 4116; x_wconf 89' lang='lat' dir='ltr'><strong>ironice:</strong></span> <span class='ocrx_word' id='word_1_605' title='bbox 2003 4055 2111 4133; x_wconf 76' lang='lat' dir='ltr'><strong>Egc</strong></span> 
     </span>
    </p>
   </div>
   <div class='ocr_carea' id='block_1_83' title="bbox 2202 4044 3859 4133">
    <p class='ocr_par' dir='ltr' id='par_1_83' title="bbox 2294 4044 3859 4129">
     <span class='ocr_line' id='line_1_83' title="bbox 2294 4044 3859 4129; baseline -0.005 -22"><span class='ocrx_word' id='word_1_606' title='bbox 2294 4050 2438 4110; x_wconf 78' lang='lat' dir='ltr'><strong>MA&#39;.</strong></span> <span class='ocrx_word' id='word_1_607' title='bbox 2489 4052 2626 4129; x_wconf 82' lang='grc' dir='ltr'>Πρὸς</span> <span class='ocrx_word' id='word_1_608' title='bbox 2682 4055 2846 4106; x_wconf 79' lang='grc' dir='ltr'>ταῦτα</span> <span class='ocrx_word' id='word_1_609' title='bbox 2884 4047 3019 4123; x_wconf 79' lang='grc' dir='ltr'>μετὰ</span> <span class='ocrx_word' id='word_1_610' title='bbox 3075 4044 3283 4111; x_wconf 82' lang='grc' dir='ltr'>πολλῆς</span> <span class='ocrx_word' id='word_1_611' title='bbox 3327 4045 3533 4107; x_wconf 72' lang='grc' dir='ltr'>ἰκεῖνος</span> <span class='ocrx_word' id='word_1_612' title='bbox 3566 4048 3662 4111; x_wconf 85' lang='grc' dir='ltr'><strong>τῆς</strong></span> <span class='ocrx_word' id='word_1_613' title='bbox 3709 4045 3859 4122; x_wconf 83' lang='grc' dir='ltr'>εἰρω-</span> 
     </span>
    </p>
   </div>
   <div class='ocr_carea' id='block_1_84' title="bbox 482 4132 2111 4224">
    <p class='ocr_par' dir='ltr' id='par_1_84' title="bbox 482 4132 2111 4224">
     <span class='ocr_line' id='line_1_84' title="bbox 482 4132 2111 4224; baseline 0 -20"><span class='ocrx_word' id='word_1_614' title='bbox 482 4140 661 4204; x_wconf 87' lang='lat' dir='ltr'><strong>etiam</strong></span> <span class='ocrx_word' id='word_1_615' title='bbox 694 4139 879 4221; x_wconf 90' lang='lat' dir='ltr'><strong>prius,</strong></span> <span class='ocrx_word' id='word_1_616' title='bbox 918 4139 1131 4222; x_wconf 90' lang='lat' dir='ltr'><strong>inquit,</strong></span> <span class='ocrx_word' id='word_1_617' title='bbox 1153 4140 1392 4223; x_wconf 89' lang='lat' dir='ltr'><strong>quando</strong></span> <span class='ocrx_word' id='word_1_618' title='bbox 1425 4161 1661 4206; x_wconf 89' lang='lat' dir='ltr'><strong>eramus</strong></span> <span class='ocrx_word' id='word_1_619' title='bbox 1692 4143 1965 4224; x_wconf 85' lang='lat' dir='ltr'><strong>ejusdem</strong></span> <span class='ocrx_word' id='word_1_620' title='bbox 1984 4132 2111 4205; x_wconf 87' lang='lat' dir='ltr'><strong>sen-</strong></span> 
     </span>
    </p>
   </div>
   <div class='ocr_carea' id='block_1_85' title="bbox 2202 4132 3860 4224">
    <p class='ocr_par' dir='ltr' id='par_1_85' title="bbox 2210 4132 3860 4218">
     <span class='ocr_line' id='line_1_85' title="bbox 2210 4132 3860 4218; baseline -0.006 -19"><span class='ocrx_word' id='word_1_621' title='bbox 2210 4141 2376 4214; x_wconf 87' lang='grc' dir='ltr'>νείας,</span> <span class='ocrx_word' id='word_1_622' title='bbox 2425 4132 2568 4218; x_wconf 75' lang='grc' dir='ltr'>Ἐγὼ</span> <span class='ocrx_word' id='word_1_623' title='bbox 2622 4140 2712 4194; x_wconf 72' lang='grc' dir='ltr'>καὶ</span> <span class='ocrx_word' id='word_1_624' title='bbox 2768 4137 3045 4214; x_wconf 87' lang='grc' dir='ltr'>πρότερον,</span> <span class='ocrx_word' id='word_1_625' title='bbox 3096 4135 3277 4215; x_wconf 77' lang='grc' dir='ltr'>εἶπεν,</span> <span class='ocrx_word' id='word_1_626' title='bbox 3343 4135 3500 4203; x_wconf 78' lang='grc' dir='ltr'>ἡνίκα</span> <span class='ocrx_word' id='word_1_627' title='bbox 3557 4138 3650 4201; x_wconf 81' lang='grc' dir='ltr'><strong>τῆς</strong></span> <span class='ocrx_word' id='word_1_628' title='bbox 3695 4136 3860 4200; x_wconf 75' lang='grc' dir='ltr'>αὐτῆς</span> 
     </span>
    </p>
   </div>
   <div class='ocr_carea' id='block_1_86' title="bbox 479 4224 2111 4314">
    <p class='ocr_par' dir='ltr' id='par_1_86' title="bbox 479 4230 2111 4314">
     <span class='ocr_line' id='line_1_86' title="bbox 479 4230 2111 4314; baseline 0.001 -22"><span class='ocrx_word' id='word_1_629' title='bbox 479 4230 708 4311; x_wconf 62' lang='lat' dir='ltr'><strong>tentias,</strong></span> <span class='ocrx_word' id='word_1_630' title='bbox 736 4238 796 4292; x_wconf 89' lang='lat' dir='ltr'><strong>et</strong></span> <span class='ocrx_word' id='word_1_631' title='bbox 821 4231 1000 4294; x_wconf 86' lang='lat' dir='ltr'><strong>eratis</strong></span> <span class='ocrx_word' id='word_1_632' title='bbox 1029 4232 1377 4311; x_wconf 89' lang='lat' dir='ltr'><strong>studiosi,ut</strong></span> <span class='ocrx_word' id='word_1_633' title='bbox 1408 4251 1503 4295; x_wconf 91' lang='lat' dir='ltr'><strong>me</strong></span> <span class='ocrx_word' id='word_1_634' title='bbox 1534 4232 1954 4314; x_wconf 88' lang='lat' dir='ltr'><strong>observaretis,</strong></span> <span class='ocrx_word' id='word_1_635' title='bbox 1988 4232 2111 4294; x_wconf 87' lang='lat' dir='ltr'><strong>nul-</strong></span> 
     </span>
    </p>
   </div>
   <div class='ocr_carea' id='block_1_87' title="bbox 2202 4224 3864 4314">
    <p class='ocr_par' dir='ltr' id='par_1_87' title="bbox 2212 4224 3864 4307">
     <span class='ocr_line' id='line_1_87' title="bbox 2212 4224 3864 4307; baseline -0.004 -17"><span class='ocrx_word' id='word_1_636' title='bbox 2212 4230 2546 4290; x_wconf 77' lang='grc' dir='ltr'>ἐκοινωνεϊτὲ</span> <span class='ocrx_word' id='word_1_637' title='bbox 2589 4252 2679 4305; x_wconf 89' lang='grc' dir='ltr'><strong>μοι</strong></span> <span class='ocrx_word' id='word_1_638' title='bbox 2730 4229 2954 4307; x_wconf 81' lang='grc' dir='ltr'>γνώμης</span> <span class='ocrx_word' id='word_1_639' title='bbox 3005 4228 3096 4283; x_wconf 86' lang='grc' dir='ltr'><strong>καὶ</strong></span> <span class='ocrx_word' id='word_1_640' title='bbox 3158 4228 3277 4306; x_wconf 78' lang='grc' dir='ltr'>περὶ</span> <span class='ocrx_word' id='word_1_641' title='bbox 3333 4227 3433 4293; x_wconf 69' lang='grc' dir='ltr'><strong>τήν</strong></span> <span class='ocrx_word' id='word_1_642' title='bbox 3492 4225 3629 4301; x_wconf 79' lang='grc' dir='ltr'>ἐμὴν</span> <span class='ocrx_word' id='word_1_643' title='bbox 3664 4224 3864 4284; x_wconf 79' lang='grc' dir='ltr'>ἐσπου-</span> 
     </span>
    </p>
   </div>
   <div class='ocr_carea' id='block_1_88' title="bbox 484 4314 2111 4403">
    <p class='ocr_par' dir='ltr' id='par_1_88' title="bbox 484 4319 2111 4403">
     <span class='ocr_line' id='line_1_88' title="bbox 484 4319 2111 4403; baseline 0.001 -21"><span class='ocrx_word' id='word_1_644' title='bbox 484 4320 702 4397; x_wconf 89' lang='lat' dir='ltr'><strong>lam,ut</strong></span> <span class='ocrx_word' id='word_1_645' title='bbox 729 4319 1188 4397; x_wconf 87' lang='lat' dir='ltr'><strong>scitis,vestram</strong></span> <span class='ocrx_word' id='word_1_646' title='bbox 1219 4322 1412 4403; x_wconf 89' lang='lat' dir='ltr'><strong>repuli</strong></span> <span class='ocrx_word' id='word_1_647' title='bbox 1448 4322 1941 4402; x_wconf 90' lang='lat' dir='ltr'><strong>petitionem,sed</strong></span> <span class='ocrx_word' id='word_1_648' title='bbox 1964 4339 2111 4384; x_wconf 88' lang='lat' dir='ltr'><strong>sem-</strong></span> 
     </span>
    </p>
   </div>
   <div class='ocr_carea' id='block_1_89' title="bbox 2202 4314 3864 4403">
    <p class='ocr_par' dir='ltr' id='par_1_89' title="bbox 2211 4314 3864 4397">
     <span class='ocr_line' id='line_1_89' title="bbox 2211 4314 3864 4397; baseline -0.004 -18"><span class='ocrx_word' id='word_1_649' title='bbox 2211 4322 2393 4392; x_wconf 81' lang='grc' dir='ltr'>δάζετε</span> <span class='ocrx_word' id='word_1_650' title='bbox 2442 4319 2727 4397; x_wconf 83' lang='grc' dir='ltr'>θεραπείαν</span> <span class='ocrx_word' id='word_1_651' title='bbox 2764 4365 2780 4394; x_wconf 93' lang='grc'><strong>,</strong></span> <span class='ocrx_word' id='word_1_652' title='bbox 2843 4320 2939 4376; x_wconf 73' lang='grc' dir='ltr'><strong>οὐκ</strong></span> <span class='ocrx_word' id='word_1_653' title='bbox 3008 4316 3253 4395; x_wconf 75' lang='grc' dir='ltr'>ἀγνοεῖτε</span> <span class='ocrx_word' id='word_1_654' title='bbox 3335 4318 3543 4380; x_wconf 84' lang='grc' dir='ltr'>πάντως</span> <span class='ocrx_word' id='word_1_655' title='bbox 3613 4318 3687 4381; x_wconf 83' lang='grc' dir='ltr'><strong>ὡς</strong></span> <span class='ocrx_word' id='word_1_656' title='bbox 3747 4314 3864 4374; x_wconf 69' lang='grc' dir='ltr'>οὐδὲ</span> 
     </span>
    </p>
   </div>
   <div class='ocr_carea' id='block_1_90' title="bbox 481 4404 2111 4493">
    <p class='ocr_par' dir='ltr' id='par_1_90' title="bbox 481 4408 2111 4493">
     <span class='ocr_line' id='line_1_90' title="bbox 481 4408 2111 4493; baseline -0.001 -21"><span class='ocrx_word' id='word_1_657' title='bbox 481 4426 595 4493; x_wconf 89' lang='lat' dir='ltr'><strong>per</strong></span> <span class='ocrx_word' id='word_1_658' title='bbox 620 4427 724 4472; x_wconf 89' lang='lat' dir='ltr'><strong>vos</strong></span> <span class='ocrx_word' id='word_1_659' title='bbox 755 4408 1050 4491; x_wconf 81' lang='lat' dir='ltr'><strong>exeudivi,</strong></span> <span class='ocrx_word' id='word_1_660' title='bbox 1087 4417 1146 4471; x_wconf 91' lang='lat' dir='ltr'><strong>et</strong></span> <span class='ocrx_word' id='word_1_661' title='bbox 1176 4418 1239 4471; x_wconf 89' lang='lat' dir='ltr'><strong>ut</strong></span> <span class='ocrx_word' id='word_1_662' title='bbox 1272 4420 1436 4491; x_wconf 86' lang='lat' dir='ltr'><strong>pater</strong></span> <span class='ocrx_word' id='word_1_663' title='bbox 1485 4411 1769 4487; x_wconf 87' lang='lat' dir='ltr'><strong>ﬁliorum,</strong></span> <span class='ocrx_word' id='word_1_664' title='bbox 1828 4412 1912 4472; x_wconf 90' lang='lat' dir='ltr'><strong>sic</strong></span> <span class='ocrx_word' id='word_1_665' title='bbox 1944 4410 2111 4472; x_wconf 72' lang='lat' dir='ltr'><strong>vestri</strong></span> 
     </span>
    </p>
   </div>
   <div class='ocr_carea' id='block_1_91' title="bbox 2202 4404 3864 4493">
    <p class='ocr_par' dir='ltr' id='par_1_91' title="bbox 2212 4404 3864 4487">
     <span class='ocr_line' id='line_1_91' title="bbox 2212 4404 3864 4487; baseline -0.004 -20"><span class='ocrx_word' id='word_1_666' title='bbox 2212 4412 2335 4487; x_wconf 87' lang='grc' dir='ltr'>μίαν</span> <span class='ocrx_word' id='word_1_667' title='bbox 2393 4412 2499 4465; x_wconf 79' lang='grc' dir='ltr'>τῶν</span> <span class='ocrx_word' id='word_1_668' title='bbox 2549 4407 2815 4486; x_wconf 78' lang='grc' dir='ltr'>ὑμετέρων</span> <span class='ocrx_word' id='word_1_669' title='bbox 2861 4404 3139 4482; x_wconf 80' lang='grc' dir='ltr'>διωσάμην</span> <span class='ocrx_word' id='word_1_670' title='bbox 3188 4408 3483 4481; x_wconf 78' lang='grc' dir='ltr'>αἰτήσεων,</span> <span class='ocrx_word' id='word_1_671' title='bbox 3546 4404 3669 4462; x_wconf 84' lang='grc' dir='ltr'>ἀλλ’</span> <span class='ocrx_word' id='word_1_672' title='bbox 3728 4404 3864 4472; x_wconf 76' lang='grc' dir='ltr'>ἐπή-</span> 
     </span>
    </p>
   </div>
   <div class='ocr_carea' id='block_1_92' title="bbox 483 4494 2111 4582">
    <p class='ocr_par' dir='ltr' id='par_1_92' title="bbox 483 4496 2111 4582">
     <span class='ocr_line' id='line_1_92' title="bbox 483 4496 2111 4582; baseline 0 -22"><span class='ocrx_word' id='word_1_673' title='bbox 483 4516 687 4561; x_wconf 85' lang='lat' dir='ltr'><strong>euram</strong></span> <span class='ocrx_word' id='word_1_674' title='bbox 709 4498 894 4577; x_wconf 86' lang='lat' dir='ltr'><strong>gessi.</strong></span> <span class='ocrx_word' id='word_1_675' title='bbox 928 4496 1083 4570; x_wconf 87' lang='lat' dir='ltr'><strong>Quin</strong></span> <span class='ocrx_word' id='word_1_676' title='bbox 1106 4498 1280 4562; x_wconf 86' lang='lat' dir='ltr'><strong>etiam</strong></span> <span class='ocrx_word' id='word_1_677' title='bbox 1315 4519 1473 4563; x_wconf 91' lang='lat' dir='ltr'><strong>nunc</strong></span> <span class='ocrx_word' id='word_1_678' title='bbox 1504 4519 1766 4582; x_wconf 91' lang='lat' dir='ltr'><strong>quoque,</strong></span> <span class='ocrx_word' id='word_1_679' title='bbox 1792 4500 1905 4563; x_wconf 90' lang='lat' dir='ltr'><strong>etsi</strong></span> <span class='ocrx_word' id='word_1_680' title='bbox 1935 4498 1996 4560; x_wconf 89' lang='lat' dir='ltr'><strong>in</strong></span> <span class='ocrx_word' id='word_1_681' title='bbox 2031 4518 2111 4580; x_wconf 23' lang='lat' dir='ltr'><strong>pa!</strong></span> 
     </span>
    </p>
   </div>
   <div class='ocr_carea' id='block_1_93' title="bbox 2202 4494 3859 4582">
    <p class='ocr_par' dir='ltr' id='par_1_93' title="bbox 2210 4494 3859 4575">
     <span class='ocr_line' id='line_1_93' title="bbox 2210 4494 3859 4575; baseline -0.002 -19"><span class='ocrx_word' id='word_1_682' title='bbox 2210 4521 2339 4557; x_wconf 88' lang='grc' dir='ltr'>κοον</span> <span class='ocrx_word' id='word_1_683' title='bbox 2391 4499 2621 4571; x_wconf 67' lang='grc' dir='ltr'>ἒμαυτὸθ</span> <span class='ocrx_word' id='word_1_684' title='bbox 2664 4496 2744 4553; x_wconf 87' lang='grc' dir='ltr'><strong>ἀεὶ</strong></span> <span class='ocrx_word' id='word_1_685' title='bbox 2788 4509 3056 4575; x_wconf 76' lang='grc' dir='ltr'>παρεῖχον</span> <span class='ocrx_word' id='word_1_686' title='bbox 3087 4497 3216 4570; x_wconf 79' lang='grc' dir='ltr'>ὑμῖν</span> <span class='ocrx_word' id='word_1_687' title='bbox 3247 4497 3335 4553; x_wconf 87' lang='grc' dir='ltr'><strong>καὶ</strong></span> <span class='ocrx_word' id='word_1_688' title='bbox 3393 4494 3572 4574; x_wconf 84' lang='grc' dir='ltr'>ὥσπερ</span> <span class='ocrx_word' id='word_1_689' title='bbox 3616 4516 3696 4558; x_wconf 80' lang='grc' dir='ltr'><strong>τις</strong></span> <span class='ocrx_word' id='word_1_690' title='bbox 3748 4517 3859 4552; x_wconf 79' lang='grc' dir='ltr'>πα-</span> 
     </span>
    </p>
   </div>
   <div class='ocr_carea' id='block_1_94' title="bbox 484 4584 2111 4669">
    <p class='ocr_par' dir='ltr' id='par_1_94' title="bbox 484 4586 2111 4669">
     <span class='ocr_line' id='line_1_94' title="bbox 484 4586 2111 4669; baseline 0.001 -21"><span class='ocrx_word' id='word_1_691' title='bbox 484 4590 633 4649; x_wconf 89' lang='lat' dir='ltr'><strong>trios</strong></span> <span class='ocrx_word' id='word_1_692' title='bbox 662 4586 807 4649; x_wconf 89' lang='lat' dir='ltr'><strong>deos</strong></span> <span class='ocrx_word' id='word_1_693' title='bbox 830 4587 1021 4669; x_wconf 85' lang='lat' dir='ltr'><strong>impii,</strong></span> <span class='ocrx_word' id='word_1_694' title='bbox 1044 4598 1103 4650; x_wconf 91' lang='lat' dir='ltr'><strong>et</strong></span> <span class='ocrx_word' id='word_1_695' title='bbox 1122 4587 1184 4650; x_wconf 91' lang='lat' dir='ltr'><strong>in</strong></span> <span class='ocrx_word' id='word_1_696' title='bbox 1215 4607 1324 4651; x_wconf 88' lang='lat' dir='ltr'><strong>nos</strong></span> <span class='ocrx_word' id='word_1_697' title='bbox 1350 4590 1627 4652; x_wconf 86' lang='lat' dir='ltr'><strong>inﬁdeles</strong></span> <span class='ocrx_word' id='word_1_698' title='bbox 1656 4588 2031 4665; x_wconf 82' lang='lat' dir='ltr'><strong>exstiteritis,</strong></span> <span class='ocrx_word' id='word_1_699' title='bbox 2057 4608 2111 4650; x_wconf 70' lang='lat' dir='ltr'><strong>nt</strong></span> 
     </span>
    </p>
   </div>
   <div class='ocr_carea' id='block_1_95' title="bbox 2202 4584 3864 4669">
    <p class='ocr_par' dir='ltr' id='par_1_95' title="bbox 2212 4584 3864 4668">
     <span class='ocr_line' id='line_1_95' title="bbox 2212 4584 3864 4668; baseline -0.002 -23"><span class='ocrx_word' id='word_1_700' title='bbox 2212 4590 2313 4668; x_wconf 80' lang='grc' dir='ltr'><strong>τὴρ</strong></span> <span class='ocrx_word' id='word_1_701' title='bbox 2355 4585 2554 4644; x_wconf 85' lang='grc' dir='ltr'>παίδων</span> <span class='ocrx_word' id='word_1_702' title='bbox 2604 4586 2841 4664; x_wconf 87' lang='grc' dir='ltr'>γνησίων</span> <span class='ocrx_word' id='word_1_703' title='bbox 2914 4585 3048 4641; x_wconf 72' lang='grc' dir='ltr'>οὕτω</span> <span class='ocrx_word' id='word_1_704' title='bbox 3104 4584 3467 4665; x_wconf 77' lang='grc' dir='ltr'>περιειχόμην</span> <span class='ocrx_word' id='word_1_705' title='bbox 3523 4586 3655 4659; x_wconf 71' lang='grc' dir='ltr'>ὑμῖν</span> <span class='ocrx_word' id='word_1_706' title='bbox 3694 4601 3707 4614; x_wconf 81' lang='grc'><strong><em>⁸</em></strong></span> <span class='ocrx_word' id='word_1_707' title='bbox 3770 4585 3864 4641; x_wconf 83' lang='grc' dir='ltr'><strong>καὶ</strong></span> 
     </span>
    </p>
   </div>
   <div class='ocr_carea' id='block_1_96' title="bbox 485 4674 2111 4760">
    <p class='ocr_par' dir='ltr' id='par_1_96' title="bbox 485 4674 2111 4760">
     <span class='ocr_line' id='line_1_96' title="bbox 485 4674 2111 4760; baseline -0.001 -21"><span class='ocrx_word' id='word_1_708' title='bbox 485 4676 577 4739; x_wconf 86' lang='lat' dir='ltr'><strong>sic</strong></span> <span class='ocrx_word' id='word_1_709' title='bbox 592 4674 832 4757; x_wconf 88' lang='lat' dir='ltr'><strong>quidem</strong></span> <span class='ocrx_word' id='word_1_710' title='bbox 856 4694 959 4738; x_wconf 89' lang='lat' dir='ltr'><strong>vos</strong></span> <span class='ocrx_word' id='word_1_711' title='bbox 980 4677 1419 4758; x_wconf 88' lang='lat' dir='ltr'><strong>repellam.Sed</strong></span> <span class='ocrx_word' id='word_1_712' title='bbox 1456 4679 1735 4760; x_wconf 87' lang='lat' dir='ltr'><strong>quoniam</strong></span> <span class='ocrx_word' id='word_1_713' title='bbox 1768 4678 1946 4741; x_wconf 90' lang='lat' dir='ltr'><strong>sititis</strong></span> <span class='ocrx_word' id='word_1_714' title='bbox 1961 4696 2111 4740; x_wconf 91' lang='lat' dir='ltr'><strong>eam-</strong></span> 
     </span>
    </p>
   </div>
   <div class='ocr_carea' id='block_1_97' title="bbox 2202 4674 3953 4760">
    <p class='ocr_par' dir='ltr' id='par_1_97' title="bbox 2215 4674 3953 4754">
     <span class='ocr_line' id='line_1_97' title="bbox 2215 4674 3953 4754; baseline -0.003 -19"><span class='ocrx_word' id='word_1_715' title='bbox 2215 4687 2302 4736; x_wconf 83' lang='grc' dir='ltr'><strong>νῦν</strong></span> <span class='ocrx_word' id='word_1_716' title='bbox 2359 4675 2414 4733; x_wconf 74' lang='grc' dir='ltr'>δὲ</span> <span class='ocrx_word' id='word_1_717' title='bbox 2473 4674 2685 4738; x_wconf 80' lang='grc' dir='ltr'>ἀσεϐεῖς</span> <span class='ocrx_word' id='word_1_718' title='bbox 2735 4696 2793 4731; x_wconf 89' lang='grc' dir='ltr'><strong>τε</strong></span> <span class='ocrx_word' id='word_1_719' title='bbox 2863 4678 2981 4754; x_wconf 86' lang='grc' dir='ltr'>περὶ</span> <span class='ocrx_word' id='word_1_720' title='bbox 3034 4674 3154 4739; x_wconf 70' lang='grc' dir='ltr'>τοὺς</span> <span class='ocrx_word' id='word_1_721' title='bbox 3234 4674 3505 4753; x_wconf 86' lang='grc' dir='ltr'>πατρῴους</span> <span class='ocrx_word' id='word_1_722' title='bbox 3566 4674 3716 4738; x_wconf 81' lang='grc' dir='ltr'>θεοὺς</span> <span class='ocrx_word' id='word_1_723' title='bbox 3772 4674 3864 4730; x_wconf 85' lang='grc' dir='ltr'><strong>καὶ</strong></span> <span class='ocrx_word' id='word_1_724' title='bbox 3952 4718 3953 4721; x_wconf 59' lang='grc' dir='ltr'><strong>η</strong></span> 
     </span>
    </p>
   </div>
   <div class='ocr_carea' id='block_1_98' title="bbox 486 4748 2111 4849">
    <p class='ocr_par' dir='ltr' id='par_1_98' title="bbox 486 4748 2111 4849">
     <span class='ocr_line' id='line_1_98' title="bbox 486 4748 2111 4849; baseline -0.001 -20"><span class='ocrx_word' id='word_1_725' title='bbox 486 4748 631 4829; x_wconf 69' lang='lat' dir='ltr'><strong>deni</strong></span> <span class='ocrx_word' id='word_1_726' title='bbox 647 4773 925 4844; x_wconf 90' lang='lat' dir='ltr'><strong>mortem,</strong></span> <span class='ocrx_word' id='word_1_727' title='bbox 954 4748 1130 4847; x_wconf 76' lang='lat' dir='ltr'><strong>quam</strong></span> <span class='ocrx_word' id='word_1_728' title='bbox 1187 4748 1522 4845; x_wconf 57' lang='lat' dir='ltr'><strong>Arrianus,</strong></span> <span class='ocrx_word' id='word_1_729' title='bbox 1557 4787 1668 4847; x_wconf 91' lang='lat' dir='ltr'><strong>ego</strong></span> <span class='ocrx_word' id='word_1_730' title='bbox 1724 4786 1853 4829; x_wconf 91' lang='lat' dir='ltr'><strong>eam</strong></span> <span class='ocrx_word' id='word_1_731' title='bbox 1892 4784 2111 4849; x_wconf 66' lang='lat' dir='ltr'><strong>quoque</strong></span> 
     </span>
    </p>
   </div>
   <div class='ocr_carea' id='block_1_99' title="bbox 2202 4748 3862 4849">
    <p class='ocr_par' dir='ltr' id='par_1_99' title="bbox 2216 4748 3862 4848">
     <span class='ocr_line' id='line_1_99' title="bbox 2216 4748 3862 4848; baseline -0.005 -22"><span class='ocrx_word' id='word_1_732' title='bbox 2216 4768 2332 4848; x_wconf 81' lang='grc' dir='ltr'>περὶ</span> <span class='ocrx_word' id='word_1_733' title='bbox 2386 4767 2529 4842; x_wconf 69' lang='grc' dir='ltr'>τημᾶς</span> <span class='ocrx_word' id='word_1_734' title='bbox 2589 4765 2837 4831; x_wconf 80' lang='grc' dir='ltr'>ἀπίστους</span> <span class='ocrx_word' id='word_1_735' title='bbox 2899 4748 3258 4841; x_wconf 65' lang='grc' dir='ltr'>ἀναφανέντας</span> <span class='ocrx_word' id='word_1_736' title='bbox 3317 4748 3429 4820; x_wconf 70' lang='grc' dir='ltr'>οὐδὲ</span> <span class='ocrx_word' id='word_1_737' title='bbox 3495 4761 3664 4827; x_wconf 67' lang='grc' dir='ltr'>οὕτως</span> <span class='ocrx_word' id='word_1_738' title='bbox 3722 4764 3862 4838; x_wconf 80' lang='grc' dir='ltr'>ὑμᾶς</span> 
     </span>
    </p>
   </div>
   <div class='ocr_carea' id='block_1_100' title="bbox 483 4849 2111 4939">
    <p class='ocr_par' dir='ltr' id='par_1_100' title="bbox 483 4854 2102 4939">
     <span class='ocr_line' id='line_1_100' title="bbox 483 4854 2102 4939; baseline 0.001 -23"><span class='ocrx_word' id='word_1_739' title='bbox 483 4854 652 4916; x_wconf 89' lang='lat' dir='ltr'><strong>vobis</strong></span> <span class='ocrx_word' id='word_1_740' title='bbox 675 4855 1002 4918; x_wconf 89' lang='lat' dir='ltr'><strong>concedam</strong></span> <span class='ocrx_word' id='word_1_741' title='bbox 1033 4856 1457 4921; x_wconf 87' lang='lat' dir='ltr'><strong>libentissime.</strong></span> <span class='ocrx_word' id='word_1_742' title='bbox 1496 4858 1875 4939; x_wconf 82' lang='lat' dir='ltr'><strong>Theotychus</strong></span> <span class='ocrx_word' id='word_1_743' title='bbox 1904 4865 2102 4919; x_wconf 90' lang='lat' dir='ltr'><strong>autem</strong></span> 
     </span>
    </p>
   </div>
   <div class='ocr_carea' id='block_1_101' title="bbox 2202 4849 3864 4939">
    <p class='ocr_par' dir='ltr' id='par_1_101' title="bbox 2216 4849 3864 4933">
     <span class='ocr_line' id='line_1_101' title="bbox 2216 4849 3864 4933; baseline -0.005 -19"><span class='ocrx_word' id='word_1_744' title='bbox 2216 4858 2527 4933; x_wconf 87' lang='grc' dir='ltr'>ἀπώσομαι.</span> <span class='ocrx_word' id='word_1_745' title='bbox 2589 4851 2739 4911; x_wconf 81' lang='grc' dir='ltr'>Ἀλλ’</span> <span class='ocrx_word' id='word_1_746' title='bbox 2785 4854 2899 4911; x_wconf 70' lang='grc' dir='ltr'>ἐπεὶ</span> <span class='ocrx_word' id='word_1_747' title='bbox 2972 4855 3063 4910; x_wconf 81' lang='grc' dir='ltr'>τὸν</span> <span class='ocrx_word' id='word_1_748' title='bbox 3137 4853 3296 4909; x_wconf 68' lang='grc' dir='ltr'>αὐτὸν</span> <span class='ocrx_word' id='word_1_749' title='bbox 3347 4852 3604 4930; x_wconf 79' lang='grc' dir='ltr'>Ἀρριανῷ</span> <span class='ocrx_word' id='word_1_750' title='bbox 3674 4849 3864 4926; x_wconf 82' lang='grc' dir='ltr'>διψᾶτε</span> 
     </span>
    </p>
   </div>
   <div class='ocr_carea' id='block_1_102' title="bbox 485 4942 2111 5030">
    <p class='ocr_par' dir='ltr' id='par_1_102' title="bbox 485 4944 2111 5030">
     <span class='ocr_line' id='line_1_102' title="bbox 485 4944 2111 5030; baseline 0 -23"><span class='ocrx_word' id='word_1_751' title='bbox 485 4944 591 5027; x_wconf 87' lang='lat' dir='ltr'><strong>qui</strong></span> <span class='ocrx_word' id='word_1_752' title='bbox 620 4951 748 5007; x_wconf 86' lang='lat' dir='ltr'><strong>erat</strong></span> <span class='ocrx_word' id='word_1_753' title='bbox 774 4945 1006 5030; x_wconf 90' lang='lat' dir='ltr'><strong>primus</strong></span> <span class='ocrx_word' id='word_1_754' title='bbox 1029 4946 1611 5029; x_wconf 81' lang='lat' dir='ltr'><strong>illorum,excipiens</strong></span> <span class='ocrx_word' id='word_1_755' title='bbox 1646 4964 1660 5007; x_wconf 89' lang='lat'><strong>:</strong></span> <span class='ocrx_word' id='word_1_756' title='bbox 1699 4946 1880 5023; x_wconf 90' lang='lat' dir='ltr'><strong>Deus,</strong></span> <span class='ocrx_word' id='word_1_757' title='bbox 1912 4945 2111 5024; x_wconf 87' lang='lat' dir='ltr'><strong>inquit</strong></span> 
     </span>
    </p>
   </div>
   <div class='ocr_carea' id='block_1_103' title="bbox 2202 4942 3865 5030">
    <p class='ocr_par' dir='ltr' id='par_1_103' title="bbox 2214 4942 3865 5030">
     <span class='ocr_line' id='line_1_103' title="bbox 2214 4942 3865 5030; baseline -0.004 -25"><span class='ocrx_word' id='word_1_758' title='bbox 2214 4949 2461 5018; x_wconf 79' lang='grc' dir='ltr'>θάνατον,</span> <span class='ocrx_word' id='word_1_759' title='bbox 2508 4944 2617 5024; x_wconf 66' lang='grc' dir='ltr'><strong>ἑγὼ</strong></span> <span class='ocrx_word' id='word_1_760' title='bbox 2663 4944 2756 5001; x_wconf 87' lang='grc' dir='ltr'>καὶ</span> <span class='ocrx_word' id='word_1_761' title='bbox 2804 4951 2960 5001; x_wconf 93' lang='grc' dir='ltr'>τοῦτο</span> <span class='ocrx_word' id='word_1_762' title='bbox 3017 4944 3147 5018; x_wconf 76' lang='grc' dir='ltr'>ὑμῖν</span> <span class='ocrx_word' id='word_1_763' title='bbox 3206 4942 3575 5021; x_wconf 84' lang='grc' dir='ltr'>προθυμότατα</span> <span class='ocrx_word' id='word_1_764' title='bbox 3616 4948 3865 5030; x_wconf 65' lang='grc' dir='ltr'>χαριοῦ-</span> 
     </span>
    </p>
   </div>
   <div class='ocr_carea' id='block_1_104' title="bbox 484 5028 2111 5117">
    <p class='ocr_par' dir='ltr' id='par_1_104' title="bbox 484 5028 2111 5117">
     <span class='ocr_line' id='line_1_104' title="bbox 484 5028 2111 5117; baseline -0.001 -20"><span class='ocrx_word' id='word_1_765' title='bbox 484 5052 521 5097; x_wconf 90' lang='grc' dir='ltr'><strong>ο</strong></span> <span class='ocrx_word' id='word_1_766' title='bbox 544 5028 975 5116; x_wconf 85' lang='lat' dir='ltr'><strong>imperator,sd</strong></span> <span class='ocrx_word' id='word_1_767' title='bbox 1007 5054 1183 5117; x_wconf 91' lang='lat' dir='ltr'><strong>quem</strong></span> <span class='ocrx_word' id='word_1_768' title='bbox 1214 5028 1629 5117; x_wconf 85' lang='lat' dir='ltr'><strong>migramus,et</strong></span> <span class='ocrx_word' id='word_1_769' title='bbox 1656 5037 1718 5098; x_wconf 91' lang='lat' dir='ltr'><strong>in</strong></span> <span class='ocrx_word' id='word_1_770' title='bbox 1742 5056 1921 5117; x_wconf 90' lang='lat' dir='ltr'><strong>quem</strong></span> <span class='ocrx_word' id='word_1_771' title='bbox 1946 5035 2111 5098; x_wconf 21' lang='lat' dir='ltr'><strong>resol‘</strong></span> 
     </span>
    </p>
   </div>
   <div class='ocr_carea' id='block_1_105' title="bbox 2202 5028 3869 5117">
    <p class='ocr_par' dir='ltr' id='par_1_105' title="bbox 2216 5028 3869 5114">
     <span class='ocr_line' id='line_1_105' title="bbox 2216 5028 3869 5114; baseline -0.007 -19"><span class='ocrx_word' id='word_1_772' title='bbox 2216 5060 2331 5113; x_wconf 86' lang='grc' dir='ltr'>μαι.</span> <span class='ocrx_word' id='word_1_773' title='bbox 2387 5035 2652 5114; x_wconf 53' lang='grc' dir='ltr'>Θεότυλος</span> <span class='ocrx_word' id='word_1_774' title='bbox 2698 5032 2752 5089; x_wconf 78' lang='grc' dir='ltr'>δὲ</span> <span class='ocrx_word' id='word_1_775' title='bbox 2796 5034 2823 5088; x_wconf 76' lang='grc' dir='ltr'><strong>ὃ</strong></span> <span class='ocrx_word' id='word_1_776' title='bbox 2881 5033 3088 5112; x_wconf 80' lang='grc' dir='ltr'>πρῶτος</span> <span class='ocrx_word' id='word_1_777' title='bbox 3151 5031 3362 5088; x_wconf 77' lang='grc' dir='ltr'>ἐκείνων</span> <span class='ocrx_word' id='word_1_778' title='bbox 3424 5028 3735 5106; x_wconf 78' lang='grc' dir='ltr'>ὖπολαϐὼν,</span> <span class='ocrx_word' id='word_1_779' title='bbox 3800 5030 3869 5089; x_wconf 88' lang='grc' dir='ltr'><strong>Ὀ</strong></span> 
     </span>
    </p>
   </div>
   <div class='ocr_carea' id='block_1_106' title="bbox 479 5118 2111 5208">
    <p class='ocr_par' dir='ltr' id='par_1_106' title="bbox 479 5122 2108 5208">
     <span class='ocr_line' id='line_1_106' title="bbox 479 5122 2108 5208; baseline 0.002 -24"><span class='ocrx_word' id='word_1_780' title='bbox 479 5122 723 5188; x_wconf 81' lang='lat' dir='ltr'><strong>vimur:</strong></span> <span class='ocrx_word' id='word_1_781' title='bbox 756 5123 857 5206; x_wconf 88' lang='lat' dir='ltr'><strong>qui</strong></span> <span class='ocrx_word' id='word_1_782' title='bbox 887 5124 1062 5186; x_wconf 91' lang='lat' dir='ltr'><strong>nobis</strong></span> <span class='ocrx_word' id='word_1_783' title='bbox 1111 5144 1330 5189; x_wconf 90' lang='lat' dir='ltr'><strong>nomen</strong></span> <span class='ocrx_word' id='word_1_784' title='bbox 1370 5125 1623 5208; x_wconf 63' lang='lat' dir='ltr'><strong>praebuit</strong></span> <span class='ocrx_word' id='word_1_785' title='bbox 1660 5125 2041 5206; x_wconf 89' lang='lat' dir='ltr'><strong>admirabile,</strong></span> <span class='ocrx_word' id='word_1_786' title='bbox 2075 5144 2108 5187; x_wconf 94' lang='lat' dir='ltr'><strong>e</strong></span> 
     </span>
    </p>
   </div>
   <div class='ocr_carea' id='block_1_107' title="bbox 2202 5118 3873 5208">
    <p class='ocr_par' dir='ltr' id='par_1_107' title="bbox 2218 5118 3873 5203">
     <span class='ocr_line' id='line_1_107' title="bbox 2218 5118 3873 5203; baseline -0.004 -20"><span class='ocrx_word' id='word_1_787' title='bbox 2218 5130 2371 5203; x_wconf 87' lang='grc' dir='ltr'>Θεὸς,</span> <span class='ocrx_word' id='word_1_788' title='bbox 2406 5124 2586 5200; x_wconf 78' lang='grc' dir='ltr'>εἶπεν,</span> <span class='ocrx_word' id='word_1_789' title='bbox 2616 5128 2662 5179; x_wconf 86' lang='grc' dir='ltr'>ὦ</span> <span class='ocrx_word' id='word_1_790' title='bbox 2692 5122 2934 5201; x_wconf 87' lang='grc' dir='ltr'>βασιλεῦ,</span> <span class='ocrx_word' id='word_1_791' title='bbox 2980 5122 3111 5199; x_wconf 78' lang='grc' dir='ltr'>πρὸς</span> <span class='ocrx_word' id='word_1_792' title='bbox 3154 5121 3213 5176; x_wconf 84' lang='grc' dir='ltr'>’ὁν</span> <span class='ocrx_word' id='word_1_793' title='bbox 3244 5118 3579 5196; x_wconf 83' lang='grc' dir='ltr'>ἐκδημοῦμεν</span> <span class='ocrx_word' id='word_1_794' title='bbox 3636 5121 3729 5177; x_wconf 80' lang='grc' dir='ltr'><strong>καί</strong></span> <span class='ocrx_word' id='word_1_795' title='bbox 3792 5121 3873 5187; x_wconf 83' lang='grc' dir='ltr'><strong>είς</strong></span> 
     </span>
    </p>
   </div>
   <div class='ocr_carea' id='block_1_108' title="bbox 484 5210 2111 5296">
    <p class='ocr_par' dir='ltr' id='par_1_108' title="bbox 484 5213 2111 5296">
     <span class='ocr_line' id='line_1_108' title="bbox 484 5213 2111 5296; baseline -0.001 -20"><span class='ocrx_word' id='word_1_796' title='bbox 484 5213 585 5276; x_wconf 91' lang='lat' dir='ltr'><strong>cui</strong></span> <span class='ocrx_word' id='word_1_797' title='bbox 615 5213 835 5295; x_wconf 88' lang='lat' dir='ltr'><strong>placuit</strong></span> <span class='ocrx_word' id='word_1_798' title='bbox 863 5222 928 5275; x_wconf 92' lang='lat' dir='ltr'><strong>ut</strong></span> <span class='ocrx_word' id='word_1_799' title='bbox 955 5233 1064 5277; x_wconf 89' lang='lat' dir='ltr'><strong>nos</strong></span> <span class='ocrx_word' id='word_1_800' title='bbox 1094 5224 1343 5277; x_wconf 90' lang='lat' dir='ltr'><strong>mortem</strong></span> <span class='ocrx_word' id='word_1_801' title='bbox 1370 5233 1475 5294; x_wconf 88' lang='lat' dir='ltr'><strong>pro</strong></span> <span class='ocrx_word' id='word_1_802' title='bbox 1516 5234 1586 5277; x_wconf 90' lang='lat' dir='ltr'><strong>eo</strong></span> <span class='ocrx_word' id='word_1_803' title='bbox 1609 5214 1976 5296; x_wconf 90' lang='lat' dir='ltr'><strong>subiremus,</strong></span> <span class='ocrx_word' id='word_1_804' title='bbox 2004 5215 2111 5295; x_wconf 69' lang='lat' dir='ltr'><strong>ip51</strong></span> 
     </span>
    </p>
   </div>
   <div class='ocr_carea' id='block_1_109' title="bbox 2202 5210 3874 5296">
    <p class='ocr_par' dir='ltr' id='par_1_109' title="bbox 2216 5210 3874 5290">
     <span class='ocr_line' id='line_1_109' title="bbox 2216 5210 3874 5290; baseline -0.004 -18"><span class='ocrx_word' id='word_1_805' title='bbox 2216 5217 2274 5272; x_wconf 85' lang='grc' dir='ltr'>ὃν</span> <span class='ocrx_word' id='word_1_806' title='bbox 2314 5213 2630 5290; x_wconf 67' lang='grc' dir='ltr'>ἄναλύομεν,</span> <span class='ocrx_word' id='word_1_807' title='bbox 2679 5213 2707 5268; x_wconf 84' lang='grc' dir='ltr'>ὃ</span> <span class='ocrx_word' id='word_1_808' title='bbox 2758 5212 2821 5268; x_wconf 81' lang='grc' dir='ltr'>τὸ</span> <span class='ocrx_word' id='word_1_809' title='bbox 2874 5210 3178 5285; x_wconf 65' lang='grc' dir='ltr'>θαυμαστὸν</span> <span class='ocrx_word' id='word_1_810' title='bbox 3208 5211 3345 5285; x_wconf 74' lang='grc' dir='ltr'>ἡμῖν</span> <span class='ocrx_word' id='word_1_811' title='bbox 3376 5211 3874 5289; x_wconf 81' lang='grc' dir='ltr'>περιποιησάμενος</span> 
     </span>
    </p>
   </div>
   <div class='ocr_carea' id='block_1_110' title="bbox 484 5297 2111 5386">
    <p class='ocr_par' dir='ltr' id='par_1_110' title="bbox 484 5303 2111 5386">
     <span class='ocr_line' id='line_1_110' title="bbox 484 5303 2111 5386; baseline 0.001 -20"><span class='ocrx_word' id='word_1_812' title='bbox 484 5308 546 5366; x_wconf 84' lang='lat' dir='ltr'><strong>te</strong></span> <span class='ocrx_word' id='word_1_813' title='bbox 576 5303 1059 5367; x_wconf 89' lang='lat' dir='ltr'><strong>remunerabitur</strong></span> <span class='ocrx_word' id='word_1_814' title='bbox 1093 5323 1199 5386; x_wconf 90' lang='lat' dir='ltr'><strong>pro</strong></span> <span class='ocrx_word' id='word_1_815' title='bbox 1228 5305 1459 5367; x_wconf 90' lang='lat' dir='ltr'><strong>meritis</strong></span> <span class='ocrx_word' id='word_1_816' title='bbox 1486 5316 1602 5369; x_wconf 59' lang='lat' dir='ltr'><strong>tua;</strong></span> <span class='ocrx_word' id='word_1_817' title='bbox 1630 5305 1692 5367; x_wconf 92' lang='lat' dir='ltr'><strong>in</strong></span> <span class='ocrx_word' id='word_1_818' title='bbox 1715 5323 1827 5368; x_wconf 92' lang='lat' dir='ltr'><strong>nos</strong></span> <span class='ocrx_word' id='word_1_819' title='bbox 1860 5304 2111 5367; x_wconf 74' lang='lat' dir='ltr'><strong>aﬂ‘ectio-</strong></span> 
     </span>
    </p>
   </div>
   <div class='ocr_carea' id='block_1_111' title="bbox 2202 5297 3872 5386">
    <p class='ocr_par' dir='ltr' id='par_1_111' title="bbox 2217 5297 3872 5382">
     <span class='ocr_line' id='line_1_111' title="bbox 2217 5297 3872 5382; baseline -0.004 -19"><span class='ocrx_word' id='word_1_820' title='bbox 2217 5305 2386 5382; x_wconf 77' lang='grc' dir='ltr'>ὄνομα</span> <span class='ocrx_word' id='word_1_821' title='bbox 2434 5305 2525 5362; x_wconf 82' lang='grc' dir='ltr'><strong>καὶ</strong></span> <span class='ocrx_word' id='word_1_822' title='bbox 2577 5304 2667 5359; x_wconf 78' lang='grc' dir='ltr'>τὸν</span> <span class='ocrx_word' id='word_1_823' title='bbox 2696 5300 2827 5380; x_wconf 80' lang='grc' dir='ltr'>ὒπὲρ</span> <span class='ocrx_word' id='word_1_824' title='bbox 2888 5301 3046 5358; x_wconf 72' lang='grc' dir='ltr'>αὐτοῦ</span> <span class='ocrx_word' id='word_1_825' title='bbox 3103 5297 3391 5371; x_wconf 72' lang='grc' dir='ltr'>εὐδοκήσας</span> <span class='ocrx_word' id='word_1_826' title='bbox 3443 5297 3666 5357; x_wconf 77' lang='grc' dir='ltr'>θάνατον</span> <span class='ocrx_word' id='word_1_827' title='bbox 3721 5301 3872 5375; x_wconf 75' lang='grc' dir='ltr'>ἡμᾶς</span> 
     </span>
    </p>
   </div>
   <div class='ocr_carea' id='block_1_112' title="bbox 482 5388 2111 5477">
    <p class='ocr_par' dir='ltr' id='par_1_112' title="bbox 482 5392 2111 5477">
     <span class='ocr_line' id='line_1_112' title="bbox 482 5392 2111 5477; baseline -0.001 -21"><span class='ocrx_word' id='word_1_828' title='bbox 482 5392 582 5456; x_wconf 87' lang='lat' dir='ltr'><strong>nis</strong></span> <span class='ocrx_word' id='word_1_829' title='bbox 614 5410 628 5453; x_wconf 90' lang='lat'>:</span> <span class='ocrx_word' id='word_1_830' title='bbox 664 5393 772 5456; x_wconf 88' lang='lat' dir='ltr'><strong>sed</strong></span> <span class='ocrx_word' id='word_1_831' title='bbox 804 5394 851 5455; x_wconf 90' lang='lat' dir='ltr'><strong>si</strong></span> <span class='ocrx_word' id='word_1_832' title='bbox 881 5394 996 5456; x_wconf 92' lang='lat' dir='ltr'><strong>hoc</strong></span> <span class='ocrx_word' id='word_1_833' title='bbox 1028 5413 1264 5477; x_wconf 87' lang='lat' dir='ltr'><strong>quoque</strong></span> <span class='ocrx_word' id='word_1_834' title='bbox 1286 5412 1320 5456; x_wconf 89' lang='lat' dir='ltr'><strong>a</strong></span> <span class='ocrx_word' id='word_1_835' title='bbox 1345 5403 1400 5458; x_wconf 92' lang='lat' dir='ltr'><strong>te</strong></span> <span class='ocrx_word' id='word_1_836' title='bbox 1419 5402 1612 5476; x_wconf 88' lang='lat' dir='ltr'><strong>potest</strong></span> <span class='ocrx_word' id='word_1_837' title='bbox 1632 5394 1970 5476; x_wconf 86' lang='lat' dir='ltr'><strong>impetrari,</strong></span> <span class='ocrx_word' id='word_1_838' title='bbox 1992 5412 2111 5474; x_wconf 70' lang='lat' dir='ltr'><strong>rogi</strong></span> 
     </span>
    </p>
   </div>
   <div class='ocr_carea' id='block_1_113' title="bbox 2202 5388 3875 5477">
    <p class='ocr_par' dir='ltr' id='par_1_113' title="bbox 2216 5388 3875 5473">
     <span class='ocr_line' id='line_1_113' title="bbox 2216 5388 3875 5473; baseline -0.005 -20"><span class='ocrx_word' id='word_1_839' title='bbox 2216 5398 2535 5473; x_wconf 73' lang='grc' dir='ltr'>ὑποστῆναι,</span> <span class='ocrx_word' id='word_1_840' title='bbox 2598 5392 2755 5455; x_wconf 75' lang='grc' dir='ltr'>αὖτός</span> <span class='ocrx_word' id='word_1_841' title='bbox 2815 5411 2872 5447; x_wconf 88' lang='grc' dir='ltr'><strong>σε</strong></span> <span class='ocrx_word' id='word_1_842' title='bbox 2925 5395 3023 5457; x_wconf 90' lang='grc' dir='ltr'><strong>τῆς</strong></span> <span class='ocrx_word' id='word_1_843' title='bbox 3069 5391 3201 5468; x_wconf 78' lang='grc' dir='ltr'>πρὸς</span> <span class='ocrx_word' id='word_1_844' title='bbox 3252 5391 3396 5466; x_wconf 77' lang='grc' dir='ltr'>ἡμᾶς</span> <span class='ocrx_word' id='word_1_845' title='bbox 3449 5388 3605 5456; x_wconf 82' lang='grc' dir='ltr'>ἀξίως</span> <span class='ocrx_word' id='word_1_846' title='bbox 3635 5390 3875 5465; x_wconf 80' lang='grc' dir='ltr'>ἀμείψε-</span> 
     </span>
    </p>
   </div>
   <div class='ocr_carea' id='block_1_114' title="bbox 484 5478 2111 5565">
    <p class='ocr_par' dir='ltr' id='par_1_114' title="bbox 484 5483 2111 5565">
     <span class='ocr_line' id='line_1_114' title="bbox 484 5483 2111 5565; baseline -0.001 -20"><span class='ocrx_word' id='word_1_847' title='bbox 484 5486 568 5564; x_wconf 85' lang='lat' dir='ltr'><strong>te,</strong></span> <span class='ocrx_word' id='word_1_848' title='bbox 602 5502 636 5545; x_wconf 92' lang='grc' dir='ltr'><strong>ο</strong></span> <span class='ocrx_word' id='word_1_849' title='bbox 665 5483 1013 5565; x_wconf 85' lang='lat' dir='ltr'><strong>imperator,</strong></span> <span class='ocrx_word' id='word_1_850' title='bbox 1048 5491 1111 5545; x_wconf 86' lang='lat' dir='ltr'><strong>ut</strong></span> <span class='ocrx_word' id='word_1_851' title='bbox 1140 5503 1304 5547; x_wconf 90' lang='lat' dir='ltr'><strong>meas</strong></span> <span class='ocrx_word' id='word_1_852' title='bbox 1334 5484 1648 5547; x_wconf 88' lang='lat' dir='ltr'><strong>facultates</strong></span> <span class='ocrx_word' id='word_1_853' title='bbox 1695 5484 1868 5547; x_wconf 83' lang='lat' dir='ltr'><strong>liceat</strong></span> <span class='ocrx_word' id='word_1_854' title='bbox 1894 5484 1955 5545; x_wconf 91' lang='lat' dir='ltr'><strong>in</strong></span> <span class='ocrx_word' id='word_1_855' title='bbox 1989 5483 2111 5545; x_wconf 82' lang='lat' dir='ltr'><strong>due:</strong></span> 
     </span>
    </p>
   </div>
   <div class='ocr_carea' id='block_1_115' title="bbox 2202 5478 3872 5565">
    <p class='ocr_par' dir='ltr' id='par_1_115' title="bbox 2218 5478 3872 5559">
     <span class='ocr_line' id='line_1_115' title="bbox 2218 5478 3872 5559; baseline -0.005 -16"><span class='ocrx_word' id='word_1_856' title='bbox 2218 5508 2309 5543; x_wconf 85' lang='grc' dir='ltr'><strong>ται</strong></span> <span class='ocrx_word' id='word_1_857' title='bbox 2369 5482 2672 5545; x_wconf 77' lang='grc' dir='ltr'>διαθέσεως.</span> <span class='ocrx_word' id='word_1_858' title='bbox 2707 5479 2854 5548; x_wconf 70' lang='grc' dir='ltr'>Πλὴν</span> <span class='ocrx_word' id='word_1_859' title='bbox 2888 5479 2940 5536; x_wconf 83' lang='grc' dir='ltr'><strong>εἴ</strong></span> <span class='ocrx_word' id='word_1_860' title='bbox 2989 5502 3070 5545; x_wconf 86' lang='grc' dir='ltr'><strong>τις</strong></span> <span class='ocrx_word' id='word_1_861' title='bbox 3101 5481 3189 5537; x_wconf 85' lang='grc' dir='ltr'><strong>καὶ</strong></span> <span class='ocrx_word' id='word_1_862' title='bbox 3242 5481 3384 5557; x_wconf 80' lang='grc' dir='ltr'>παρὰ</span> <span class='ocrx_word' id='word_1_863' title='bbox 3434 5478 3633 5537; x_wconf 80' lang='grc' dir='ltr'>τοιοῦδε</span> <span class='ocrx_word' id='word_1_864' title='bbox 3680 5481 3872 5559; x_wconf 78' lang='grc' dir='ltr'>χάρις,</span> 
     </span>
    </p>
   </div>
   <div class='ocr_carea' id='block_1_116' title="bbox 485 5568 2111 5658">
    <p class='ocr_par' dir='ltr' id='par_1_116' title="bbox 485 5572 2111 5658">
     <span class='ocr_line' id='line_1_116' title="bbox 485 5572 2111 5658; baseline 0.001 -24"><span class='ocrx_word' id='word_1_865' title='bbox 485 5580 685 5658; x_wconf 88' lang='lat' dir='ltr'><strong>partes</strong></span> <span class='ocrx_word' id='word_1_866' title='bbox 707 5572 1065 5655; x_wconf 84' lang='lat' dir='ltr'><strong>dividere,et</strong></span> <span class='ocrx_word' id='word_1_867' title='bbox 1088 5592 1208 5637; x_wconf 90' lang='lat' dir='ltr'><strong>una</strong></span> <span class='ocrx_word' id='word_1_868' title='bbox 1224 5574 1466 5656; x_wconf 91' lang='lat' dir='ltr'><strong>quidem</strong></span> <span class='ocrx_word' id='word_1_869' title='bbox 1492 5592 1631 5656; x_wconf 87' lang='lat' dir='ltr'><strong>pars</strong></span> <span class='ocrx_word' id='word_1_870' title='bbox 1653 5573 1802 5637; x_wconf 86' lang='lat' dir='ltr'><strong>aulae</strong></span> <span class='ocrx_word' id='word_1_871' title='bbox 1824 5592 2111 5637; x_wconf 90' lang='lat' dir='ltr'><strong>consecre</strong></span> 
     </span>
    </p>
   </div>
   <div class='ocr_carea' id='block_1_117' title="bbox 2202 5568 3871 5658">
    <p class='ocr_par' dir='ltr' id='par_1_117' title="bbox 2217 5568 3871 5655">
     <span class='ocr_line' id='line_1_117' title="bbox 2217 5568 3871 5655; baseline -0.002 -22"><span class='ocrx_word' id='word_1_872' title='bbox 2217 5576 2326 5655; x_wconf 77' lang='grc' dir='ltr'><strong>ἐγὼ</strong></span> <span class='ocrx_word' id='word_1_873' title='bbox 2355 5575 2444 5630; x_wconf 87' lang='grc' dir='ltr'><strong>καὶ</strong></span> <span class='ocrx_word' id='word_1_874' title='bbox 2471 5573 2627 5629; x_wconf 88' lang='grc' dir='ltr'>τοῦτό</span> <span class='ocrx_word' id='word_1_875' title='bbox 2684 5592 2779 5629; x_wconf 85' lang='grc' dir='ltr'><strong>σου</strong></span> <span class='ocrx_word' id='word_1_876' title='bbox 2835 5568 3043 5651; x_wconf 80' lang='grc' dir='ltr'>δέομαι,</span> <span class='ocrx_word' id='word_1_877' title='bbox 3105 5568 3345 5646; x_wconf 81' lang='grc' dir='ltr'>βασιλεῦ,</span> <span class='ocrx_word' id='word_1_878' title='bbox 3377 5568 3515 5627; x_wconf 81' lang='grc' dir='ltr'>ὥστε</span> <span class='ocrx_word' id='word_1_879' title='bbox 3561 5570 3659 5637; x_wconf 73' lang='grc' dir='ltr'>τὴν</span> <span class='ocrx_word' id='word_1_880' title='bbox 3689 5571 3871 5629; x_wconf 74' lang='grc' dir='ltr'>οὐσίαν</span> 
     </span>
    </p>
   </div>
   <div class='ocr_carea' id='block_1_118' title="bbox 480 5659 2111 5757">
    <p class='ocr_par' dir='ltr' id='par_1_118' title="bbox 480 5662 2111 5757">
     <span class='ocr_line' id='line_1_118' title="bbox 480 5662 2111 5757; baseline -0.002 -28"><span class='ocrx_word' id='word_1_881' title='bbox 480 5670 583 5757; x_wconf 60' lang='lat' dir='ltr'><strong>tur</strong></span> <span class='ocrx_word' id='word_1_882' title='bbox 609 5664 817 5749; x_wconf 69' lang='lat' dir='ltr'><strong>regiae,</strong></span> <span class='ocrx_word' id='word_1_883' title='bbox 848 5662 1040 5731; x_wconf 85' lang='lat' dir='ltr'><strong>altera</strong></span> <span class='ocrx_word' id='word_1_884' title='bbox 1061 5683 1203 5730; x_wconf 90' lang='lat' dir='ltr'><strong>vero</strong></span> <span class='ocrx_word' id='word_1_885' title='bbox 1237 5663 1631 5731; x_wconf 89' lang='lat' dir='ltr'><strong>distribuatur</strong></span> <span class='ocrx_word' id='word_1_886' title='bbox 1649 5664 1931 5749; x_wconf 84' lang='lat' dir='ltr'><strong>orphanis</strong></span> <span class='ocrx_word' id='word_1_887' title='bbox 1952 5671 2011 5727; x_wconf 92' lang='lat' dir='ltr'><strong>et</strong></span> <span class='ocrx_word' id='word_1_888' title='bbox 2044 5663 2111 5726; x_wconf 83' lang='lat' dir='ltr'><strong>vi-</strong></span> 
     </span>
    </p>
   </div>
   <div class='ocr_carea' id='block_1_119' title="bbox 2202 5659 3870 5757">
    <p class='ocr_par' dir='ltr' id='par_1_119' title="bbox 2216 5659 3870 5744">
     <span class='ocr_line' id='line_1_119' title="bbox 2216 5659 3870 5744; baseline -0.003 -22"><span class='ocrx_word' id='word_1_889' title='bbox 2216 5665 2316 5734; x_wconf 76' lang='grc' dir='ltr'>τὴν</span> <span class='ocrx_word' id='word_1_890' title='bbox 2349 5663 2487 5742; x_wconf 76' lang='grc' dir='ltr'>ἔμῆν</span> <span class='ocrx_word' id='word_1_891' title='bbox 2532 5663 2740 5744; x_wconf 67' lang='grc' dir='ltr'>ἐφεῖναι</span> <span class='ocrx_word' id='word_1_892' title='bbox 2801 5659 2911 5719; x_wconf 82' lang='grc' dir='ltr'>δυσὶ</span> <span class='ocrx_word' id='word_1_893' title='bbox 2961 5662 3169 5741; x_wconf 86' lang='grc' dir='ltr'>μοίραις</span> <span class='ocrx_word' id='word_1_894' title='bbox 3222 5659 3563 5739; x_wconf 86' lang='grc' dir='ltr'>διαιρεθῆνοι,</span> <span class='ocrx_word' id='word_1_895' title='bbox 3612 5664 3709 5717; x_wconf 65' lang='grc' dir='ltr'><strong>καὶ</strong></span> <span class='ocrx_word' id='word_1_896' title='bbox 3766 5662 3870 5733; x_wconf 77' lang='grc' dir='ltr'><strong>τὴν</strong></span> 
     </span>
    </p>
   </div>
  </div>
