4148 6394
301 333 428 407 557

1250 332 1728 405 MARTYRIUM
1773 336 1830 398 S.
1891 335 2184 401 THYBSI
2227 341 2325 404 ET
2371 337 2774 404 SOCIOBUM.

3572 345 3705 410 558

301 476 412 552 μὲν
469 474 782 542 ἀνατεθῆναι
810 479 888 549 τῷ
942 474 1204 551 ϐασιλικῷ
1246 475 1490 550 ταμιείῳ,
1527 471 1628 540 τῆν
1675 468 1729 527 δὲ
1787 471 1957 550 ὀρφα-

2069 467 2202 535 luis.
2238 475 2388 538 Cum
2422 475 2551 556 ipse
2581 481 2781 536 autem
2828 473 3022 537 adhuc
3057 473 3230 556 plura
3257 475 3440 538 vellet
3470 476 3694 554 dicere,

307 565 436 628 νοῖς
509 564 602 620 καΐ
665 566 863 646 χήραις
935 563 1264 633 διαδοθῆναι.
1323 562 1454 621 ’Ἔτι
1501 561 1554 616 δὲ
1588 560 1748 616 αὐτοῦ
1801 558 1977 638 λέγειν

309 652 648 731 ὡρμημένου
725 657 772 711 οἱ
829 655 922 710 σὺν
981 655 1123 730 αῦτῷ
1198 667 1370 734 τρεῖς,
1434 649 1654 730 Ἀδελφὲ
1715 651 1974 728 Θεότυχε,

307 745 504 823 εἶπον,
565 744 662 812 τὴν
727 745 822 820 μὲν
881 745 1078 802 τούτων
1123 745 1368 825 φρόνοιαν
1425 748 1502 816 τῷ
1561 745 1816 822 φροτιστῇ
1870 744 1977 795 τῶν

312 833 591 912 ἡμετέρων
643 834 919 910 ἀναθῶμεν
969 843 1105 909 Θεῷ·
1156 832 1304 890 τὸδὲ
1361 841 1448 892 νῦν
1476 831 1604 911 ἕλον
1648 831 1741 886 τοῦ
1784 828 1974 884 οἰκείου

303 923 500 985 τέλους
573 923 720 981 αὐτοὶ
785 929 1178 1003 φροντίσωμεν,
1249 920 1368 1002 Ἐφ’
1425 924 1509 984 οἷς
1595 918 1678 975 ἐπὶ
1734 916 1971 979 συννοίας

299 1012 444 1078 ἔστη
507 1010 672 1091 μέχρι
704 1011 834 1068 πολ)
849 1015 908 1069 οὗ
967 1011 1372 1084 Διοκλητιανὸς,
1405 1008 1594 1071 ἐοικὼς
1626 1014 1729 1064 τῶν
1773 1004 1971 1083 ἀνδρῶν

301 1102 598 1177 θαυμάζειν
631 1103 690 1158 τὺ
733 1105 864 1181 πρὸς
919 1104 1010 1158 τὸν
1067 1103 1290 1160 θάνατον
1347 1099 1580 1179 εὔψυχόν
1637 1119 1694 1153 τε
1753 1097 1839 1153 καὶ
1871 1117 1967 1171 μευ

302 1189 674 1268 γαλότολμον.

396 1269 537 1352 ME',
574 1279 722 1338 Οὕτω
748 1278 804 1336 δὲ.
853 1280 1009 1337 αὐτὸν
1072 1281 1099 1333 ὀ
1154 1292 1398 1358 γενναῖος
1461 1276 1731 1356 Ἀῤῥιανὸς
1773 1276 1971 1356 ἔχοντα

305 1371 668 1444 θεασάμενος,
727 1368 895 1426 Ἀλλὰ
953 1370 1032 1444 μὴ
1091 1368 1167 1425 ’έτι
1227 1367 1443 1446 βούλου,
1489 1369 1670 1446 φησὶν,
1718 1365 1972 1444 παρατεί-

310 1481 426 1517 νειν
486 1460 622 1534 ἡμῖν
664 1460 762 1525 τὴν
824 1459 1127 1536 μετάθεσιν,
1187 1459 1423 1534 βασιλεῦ’
1477 1456 1623 1537 τάχα
1667 1457 1764 1534 γὰρ
1809 1459 1972 1530 μεθο-

312 1549 431 1605 ὂεία
490 1550 578 1606 καὶ
621 1558 776 1606 τοῦτο
827 1556 918 1606 τοῦ
961 1557 1196 1622 πονηροῦ
1239 1547 1375 1604 ὥστε
1423 1547 1514 1603 τὸν
1545 1552 1642 1614 τῆς
1701 1545 1972 1614 ἀθλήσεως

313 1640 460 1712 ἡμῖν
533 1637 787 1713 ἐπικόψαι
859 1637 1077 1716 δρόμον.
1141 1636 1394 1694 Ἐνταῦθα
1454 1637 1552 1703 τὴν
1616 1642 1722 1693 τῶν
1775 1633 1975 1714 ἀνδρῶν

311 1724 624 1803 μεταϐολὴν
701 1727 1083 1794 Διοκλητιαιιὸς
1159 1726 1492 1783 παντάπασιν
1565 1725 1848 1804 ἆπογνους,
1893 1725 1976 1780 καὶ

2061 563 2160 641 qui
2185 573 2501 627 erantcum
2528 584 2598 626 eo
2621 565 3084 641 tres,dixerunt:
3108 567 3314 628 Frater
3334 567 3694 648 Theotyche,

2059 650 2268 714 harum
2295 654 2541 732 quidem
2569 673 2768 716 rerum
2791 673 2994 717 curam
3013 656 3427 738 relinquamus
3444 655 3704 739 Deo,qui

2058 754 2226 803 curat
2248 761 2346 805 res
2369 751 2603 806 nostras
2629 763 2642 804 :
2669 747 2725 805 in
2753 745 3072 825 praesentia
3093 764 3232 808 vero
3255 765 3364 808 nos
3387 745 3576 808 nostri
3599 747 3707 810 de-

2057 848 2260 893 cessus
2282 850 2484 894 curam
2506 851 2705 911 geram
2718 837 3066 916 us.Propter
3085 855 3223 914 quae
3243 834 3343 896 diu
3356 835 3704 914 cogitabun-

2057 919 2168 982 dus
2197 924 2351 985 stetit
2388 922 2811 1000 Diocletianus,
2841 931 2904 986 ut
2932 925 3034 1006 qui
3077 925 3385 988 videretur
3413 925 3700 988 admirari

2056 1028 2264 1072 eorum
2289 1012 2348 1073 in
2394 1020 2583 1076 morte
2624 1015 3064 1077 contemnenda
3105 1033 3380 1094 magnum
3415 1024 3472 1077 et
3492 1017 3702 1080 excel-

2054 1117 2515 1165 suntanununn

2135 1278 2302 1342 XLV.
2339 1281 2482 1343 Cum
2508 1298 2644 1342 eum
2667 1288 2861 1343 autem
2886 1281 2973 1342 sic
3009 1281 3254 1345 vidisset
3274 1285 3550 1348 effectum
3584 1287 3697 1350 Ar-

2053 1367 2258 1431 rianus
2293 1389 2307 1430 :
2342 1369 2458 1432 Sed
2493 1371 2638 1451 noli,
2690 1371 2906 1448 inquit,
2958 1390 2992 1433 0
3045 1373 3397 1454 imperator,
3431 1387 3696 1440 nostram

2059 1459 2316 1540 amplius
2347 1459 2586 1521 differre
2611 1461 3023 1541 migrationem
3055 1480 3071 1537 ;
3103 1462 3353 1526 fortasse
3372 1465 3532 1526 enim
3565 1477 3703 1530 sunt

2061 1548 2154 1610 ha:
2185 1549 2426 1627 maligni
2457 1549 2711 1626 insidiae,
2747 1559 2809 1611 ut
2833 1551 3002 1612 nobis
3034 1551 3428 1634 interrumpat
3458 1572 3700 1619 cursum

2060 1637 2680 1702 decertationis.Tunc
2697 1658 2830 1701 cum
2857 1640 2930 1701 de
2953 1660 3162 1703 eorum
3184 1641 3510 1706 mutatione
3529 1663 3700 1726 spem

2060 1746 2297 1789 omnem
2322 1727 2639 1806 abjecisset
2659 1729 3261 1812 Diocletianus,jubet
3279 1732 3428 1795 alios
3450 1743 3708 1815 quatuor

315 1815 532 1895 ἐτέρους
591 1817 726 1892 μετὰ
799 1817 1021 1892 ψάμμου
1077 1815 1335 1893 τέσσαρας
1407 1814 1690 1894 ἐνεχθῆναι
1750 1814 1973 1878 σάκκους

2069 1835 2264 1878 saccos
2289 1816 2488 1878 afferri
2519 1836 2648 1879 cum
2683 1828 2954 1900 arena,et
2985 1821 3243 1882 similem
3261 1814 3516 1885 Arriano
3537 1844 3706 1888 mor-

311 1905 550 1982 κελεύει,
595 1907 682 1962 καὶ
749 1907 840 1961 τὸν
891 1904 1078 1980 ὅμοιον
1130 1903 1390 1983 Ἀῤῥιανῴ
1433 1905 1654 1960 θάνατον
1713 1905 1800 1959 καὶ
1855 1904 1975 1966 τοὺς

309 1995 1066 2073 προτέκτωρας¹ὒποστῆναι,
1114 1995 1278 2071 μέρας
1337 1993 1476 2051 οὕτω
1548 1992 1813 2068 Φιλήμονι
1876 1998 1975 2062 τῆς

309 2084 656 2165 προῤῥήσεως
733 2084 1047 2161 δεξαμένης.
1129 2076 1405 2165 Ῥιφέντων
1477 2084 1531 2140 δὲ
1590 2083 1759 2140 αὐτῶν
1841 2083 1978 2139 κατὰ

311 2180 419 2242 τῆς
494 2174 792 2255 θαλάσσης,
844 2175 1027 2232 αὐτίκα
1098 2172 1271 2254 δελφὶς
1345 2171 1646 2244 προσελθὼν
1728 2173 1978 2252 κρείττων

310 2265 352 2334 ἣ
414 2264 556 2322 κατὰ
591 2261 810 2344 δελφῖνα
861 2265 948 2320 καὶ
977 2264 1075 2332 τὴν
1133 2264 1289 2344 ἰσχὺν
1324 2264 1408 2320 καὶ
1451 2264 1512 2320 τὸ
1543 2263 1764 2340 μέγεθος
1825 2263 1977 2330 κήτει

313 2356 383 2412 τὰ
452 2352 626 2412 πολλὰ
685 2351 1058 2433 παραπλήσιος
1106 2352 1200 2410 καὶ
1243 2354 1340 2422 τὴν
1387 2354 1538 2434 φύσιν
1570 2357 1686 2418 οἷος
1745 2349 1978 2408 ἀλλόκο-

316 2468 411 2509 τος
475 2444 600 2508 τοὺς
658 2443 818 2500 πέντε
887 2446 1020 2518 ὁμοῦ
1077 2441 1381 2522 παραδόξως
1446 2444 1672 2505 σάκκους
1733 2441 1817 2498 ἐπὶ
1871 2440 1978 2498 τῶν

328 2535 510 2592 νώτων
573 2532 828 2614 ἀσφαλῶς
869 2532 1193 2608 ἒπωμίζεται
1248 2533 1337 2590 καὶ
1406 2533 1498 2590 οἷά
1545 2555 1626 2598 τις
1677 2539 1797 2596 ναῦς
1844 2532 1978 2612 φόρ-

320 2647 414 2683 τον
449 2625 520 2682 εἱς
583 2621 976 2702 Ἀλεξάνδρειαν
1006 2621 1150 2700 ἄγει.
1185 2625 1244 2680 Οἱ
1302 2621 1355 2678 δὲ
1416 2620 1597 2686 παίδες
1658 2621 1980 2701 (ἐτύγχανον

323 2715 428 2790 γὰρ
502 2713 636 2791 πρὸς
698 2713 840 2786 αῦτῷ
881 2711 960 2767 ἔτι
1019 2719 1098 2787 τῷ
1159 2711 1383 2790 αἰγιαλῷ
1453 2711 1847 2790 περιμένοντες,
1907 2712 1982 2774 ὼς

324 2803 513 2865 αὐτοῖς
582 2802 684 2857 ὑπὸ
753 2799 1029 2879 Ἀῤῥιανοῦ
1108 2799 1200 2867 εἴη
1272 2801 1654 2880 προειρημένον
1725 2802 1820 2857 καῖ
1882 2823 1979 2871 την

329 2892 475 2969 ὥραν
545 2889 893 2969 φυλάττοντες
950 2888 1236 2971 ἀκριϐῶς),
1271 2889 1383 2946 ἐπεὶ
1440 2892 1530 2947 τὸν
1581 2887 1800 2970 δελφῖνα
1845 2889 1980 2964 μετᾶ

335 2987 436 3036 τοῦ
488 2980 671 3056 φόρτου
718 2980 1025 3056 θεάσαιντο,
1079 2979 1468 3049 ἐκπλήττονται
1526 2979 1621 3053 μὲν
1675 2982 1771 3034 καὶ
1823 2983 1981 3036 αὺτοῦ

385 3068 398 3085 \
503 3068 516 3087 ρ
625 3066 652 3090 ρ
724 3071 736 3090 \
877 3067 949 3092 ’ἢκ
1041 3066 1080 3086 κς
1139 3072 1162 3089 γ
1438 3068 1451 3089 \
1520 3069 1531 3086 \
1672 3068 1699 3078 η·
1819 3067 1830 3086 ν

343 3089 443 3134 την
500 3068 805 3145 υπεροολην,
841 3083 987 3125 ουοεν
1036 3085 1090 3125 οε
1135 3091 1298 3135 ηττον
1355 3092 1448 3126 και
1481 3091 1576 3136 την
1628 3090 1735 3124 των
1769 3089 1978 3124 σακκων

339 3155 601 3235 ἀσφαλείᾳ
656 3157 1011 3236 παραγωγὴν,
1045 3157 1181 3215 ὥστε
1234 3156 1435 3228 μηδένα
1487 3158 1591 3214 τῶν
1623 3157 1806 3214 νώτων
1861 3155 1980 3212 δια-

325 3260 512 3303 πεσεῖν
576 3245 731 3303 λείων
761 3249 911 3326 φῦσει
955 3249 1042 3304 καὶ
1085 3247 1379 3328 ὀλισθηρῶν
1435 3247 1810 3327 ὑπαρχόντων,
1851 3255 1981 3302 Δια-

319 3340 690 3414 πορουμένους
748 3336 804 3393 δὲ
861 3350 982 3402 τοῖς
1041 3338 1218 3395 παισὶν
1278 3337 1422 3402 ὅπως
1465 3339 1492 3394 ὁ
1566 3338 1663 3412 μὲν
1720 3333 1982 3404 δεσπότης

320 3431 507 3488 αὐτοῖς
590 3425 864 3506 Ἀρριανὸς
924 3427 1042 3506 περὶ
1121 3427 1367 3503 σώματος
1429 3427 1594 3502 μόνου
1650 3433 1742 3483 τοῦ
1800 3428 1984 3483 ἑαυτοῦ

318 3518 422 3584 τὴν
480 3517 581 3572 ὑπὸ
651 3523 744 3573 τοῦ
801 3514 1047 3597 δελφῖνος
1107 3515 1470 3593 μετακομιδὴν
1530 3515 1741 3593 εἴρηκε,
1800 3523 1888 3572 νῦν
1929 3515 1983 3572 δὲ

320 3605 557 3686 τέσσαρα
617 3607 704 3662 καὶ
762 3604 899 3663 ἄλλα
957 3609 1088 3685 πρὸς
1160 3608 1300 3681 αὑτῷ
1359 3604 1631 3682 βλέπουσι,
1679 3607 1829 3685 φωνή
1901 3628 1981 3669 τις

325 3695 514 3758 αὐτοῖς
592 3695 815 3762 ἠκούετο
874 3695 1132 3772 θειοτέρα,
1193 3694 1413 3752 ’Ἔλθετε
1484 3697 1660 3770 ὅμεϊς,
1728 3693 1981 3773 λέγουσα,

328 3787 418 3843 καὶ
463 3787 622 3842 αῦτοῦ
673 3807 731 3842 τε
789 3793 880 3843 τοῦ
911 3784 1166 3843 δεσπότου
1217 3788 1300 3842 καὶ
1361 3786 1425 3841 τὰ
1455 3787 1560 3842 τῶν
1604 3787 1987 3863 προτεκτώρων

330 3876 676 3953 κομιούμενοι
723 3876 969 3950 σώματα.
1022 3866 1078 3933 Ὀ
1137 3876 1236 3956 γὰρ
1287 3875 1494 3933 ἐκεῖνον
1553 3877 1626 3938 εἷς
1657 3875 1755 3943 τὴν
1803 3875 1990 3932 ἑαυτοῦ

331 3966 481 4036 ζωὴν
538 3964 1065 4041 μετακαλεσάμενος,
1098 3965 1185 4022 καὶ
1224 3968 1434 4028 τούτους
1487 3965 1682 4041 ὁμοίως
1713 3965 1803 4022 σὺν
1850 3964 1992 4039 αὒτῷ

333 4052 594 4120 κέκληκε,
646 4051 908 4116 Λαϐόντες
940 4053 1029 4110 οὖν
1087 4061 1251 4112 ταῦτα
1280 4054 1416 4130 μετὰ
1467 4053 1670 4111 Ἀσκ)ἆ
1699 4055 1785 4110 καὶ
1836 4059 1989 4110 Λεω-

335 4143 478 4200 νίδου
509 4142 734 4219 ἐντίμως
779 4144 1087 4208 κατάθεσθε.
1124 4145 1229 4202 Καῖ
1257 4145 1292 4212 ἡ
1325 4145 1422 4220 μὲν
1466 4143 1617 4223 φωνὴ
1647 4143 1837 4209 οὕτως,

411 4223 572 4306 mg".
631 4224 690 4292 Ὀ
724 4232 906 4309 μέντοι
960 4231 1136 4313 δελφὶς
1192 4233 1312 4296 τοὺς
1372 4231 1602 4297 σάκκους
1634 4240 1709 4307 τῷ
1766 4232 1990 4312 αἰγιαλῷ

327 4323 580 4401 παραθεὶς
615 4322 748 4380 εἵσω
784 4321 1052 4390 θαλάττης
1083 4321 1244 4379 πάλιν
1290 4323 1448 4386 αὐτὸς
1485 4321 1794 4403 ἐξενήχετο,
1843 4326 1902 4381 O't
1937 4323 1989 4379 δὲ

319 4409 514 4477 παῖδες
546 4410 777 4478 εῦλαϐὦς
808 4413 939 4468 αὐτὰ
967 4411 1278 4488 ἆνελόμενοι
1334 4414 1422 4469 καὶ
1455 4413 1529 4476 εἱς
1561 4412 1754 4469 πλοῖον
1784 4411 1988 4488 ἐμϐάν-

317 4524 410 4566 τες
445 4499 530 4558 διόι
560 4512 654 4562 τοῦ
684 4512 929 4578 ποταμοῦ
980 4501 1320 4576 ἐκομίζοντο.
1371 4503 1606 4582 Ἡμέρας
1638 4500 1691 4558 δὲ
1723 4516 1867 4582 τρεῖς
1900 4525 1967 4559 κα

318 4593 422 4658 τὰς
495 4589 620 4656 ἴσας
705 4589 1120 4655 διαπλεύσαντες
1204 4591 1393 4654 νύ-ιτας
1467 4597 1534 4669 τῇ
1630 4592 1986 4660 Ἀντινοητῶν

324 4680 594 4760 ἐγγίζουσι
660 4679 1182 4763 μτιτροπόλτι,“ἔνθα
1225 4681 1310 4737 καὶ
1383 4678 1485 4736 ἔδει
1541 4682 1606 4738 τὰ
1665 4681 1776 4759 ἱερὰ
1828 4684 1990 4738 ταῦτα

324 4771 683 4840 κατατεθῆναι
735 4756 1224 4848 λείψαδα.ἬΥπνου
1271 4769 1324 4828 δὲ
1359 4772 1545 4836 αὐτοὺς
1606 4771 1926 4851 ἐπισχόντος
1956 4773 1990 4840 ἡ

327 4863 458 4926 ναῦς
514 4864 767 4942 πλήρεσιν
824 4863 1009 4928 ἱστίοις
1068 4861 1438 4942 ἐφιπταμάνη,
1468 4859 1588 4919 κατ’
1622 4863 1780 4918 αὐτὸν
1840 4861 1990 4919 ἐκεῖ·

330 4975 422 5011 νον
472 4954 564 5008 τὸν
602 4955 767 5010 τόπον
828 4952 880 5009 ἐν
938 4952 1131 5030 ἀκαρεῖ
1173 4951 1327 5026 ἔστη,
1363 4951 1513 5030 φωνή
1571 4972 1628 5007 τε
1685 4949 1994 5031 παραδόξως

329 5042 581 5112 ἠκούετοο
650 5041 938 5101 Θεοδοτίων
972 5045 1149 5122 (τοῦτο
1181 5043 1280 5122 γὰρ
1328 5041 1496 5118 ὄνομα
1538 5041 1712 5117 δήμοο
1763 5047 1840 5116 τῷ
1894 5065 1994 5100 κυ-

332 5129 625 5212 ϐερνήτῃ),
659 5135 806 5196 οὗτός
842 5132 984 5189 ἔστιν
1040 5134 1068 5188 ὃ
1098 5132 1260 5197 τόπος
1311 5130 1366 5196 ὅς
1397 5153 1458 5210 γε
1491 5129 1675 5207 μέλλει
1699 5137 1804 5187 τῶν
1833 5131 1996 5210 ἁγίων

333 5222 678 5301 κληρωθῆναι
723 5223 790 5279 τὰ
821 5223 1071 5298 σώματα.
1137 5220 1416 5288 ’Ἒξυπνος
1450 5223 1537 5278 οῦν
1583 5220 1795 5286 ἐκεῖνος
1838 5221 1996 5301 γενό-

332 5334 492 5388 μενος
542 5313 628 5369 καὶ
685 5313 784 5380 τὴν
841 5314 964 5368 ναῦν
1015 5315 1107 5369 οἷα
1165 5310 1544 5386 πεπεδημένην
1601 5311 1787 5390 εὑρὼν,
1848 5311 1990 5372 ἄπο-

332 5397 498 5460 ϐαίνει
550 5402 652 5480 μὲν
706 5401 799 5460 τοῦ
855 5402 1063 5477 πλοίου,
1110 5401 1268 5482 τάχει
1328 5399 1382 5457 δὲ
1453 5400 1598 5480 παρὰ
1667 5400 1767 5467 τὴν
1833 5399 1988 5457 πόλιν

332 5494 594 5573 χωρήσας
659 5491 902 5569 μηνυτὴς
945 5493 1036 5547 τοῦ
1090 5491 1359 5565 θαύματος
1418 5491 1641 5568 γίνεται.
1696 5488 1801 5546 Καὶ
1859 5486 1988 5567 συῤ-

328 5583 535 5663 ῥὲουσιν
621 5580 810 5641 αὐτίκα
917 5577 1179 5656 πανδημεὶ
1264 5578 1456 5646 πάντες
1556 5577 1991 5660 λαμπαδηφόροι,

329 5673 761 5759 στεφανηφόροι,
831 5671 997 5736 θείους
1069 5670 1260 5747 ὕμνους
1330 5667 1638 5743 ὁπᾴδοντες,
1709 5669 1806 5728 Καὶ
1859 5668 1998 5726 οὕτω

2057 1911 2175 1967 tem
2208 1905 2408 1967 subire
2438 1915 2896 1986 protectores,et
2918 1909 3002 1971 sic
3030 1909 3104 1971 ad
3137 1909 3414 1971 effectum
3447 1911 3708 1978 deducta

2061 2003 2152 2057 est
2181 1994 2489 2074 praedictio
2522 1995 3076 2079 Philemonis.[psis
3106 2016 3245 2060 vero
3279 2000 3340 2061 in
3379 2019 3542 2065 mare
3573 2022 3707 2084 pro-

2051 2084 2252 2165 jectis,
2313 2085 2515 2174 statim
2571 2085 2868 2148 accedens
2898 2087 3242 2170 delphinus,
3291 2091 3481 2170 major
3524 2111 3704 2174 quam

2062 2174 2249 2236 soleat
2300 2192 2433 2236 esse
2463 2173 2805 2256 delphinus,
2839 2184 2898 2238 et
2930 2177 3149 2240 robore
3179 2187 3238 2242 et
3271 2181 3701 2261 magnitudine,

2065 2271 2122 2326 et
2149 2272 2281 2326 ceto
2315 2282 2524 2343 magna
2575 2282 2642 2326 ex
2705 2274 2870 2346 parte
2913 2265 3148 2342 similis,
3207 2276 3265 2347 et
3293 2279 3502 2332 natura
3535 2271 3709 2352 plane

2063 2353 2261 2416 aliena
2282 2361 2341 2415 et
2356 2353 3003 2436 admiranda,quinque
3025 2356 3204 2419 simul
3226 2376 3433 2422 saccos
3453 2360 3710 2423 admira-

2063 2441 2265 2504 biliter
2292 2461 2504 2506 secure
2539 2443 2650 2506 fert
2700 2445 2992 2518 humeris,
3030 2456 3087 2506 et
3120 2452 3400 2528 tanquam
3435 2450 3707 2531 quaedam

2066 2531 2252 2608 navis,
2288 2550 2440 2594 onus
2472 2531 2631 2594 vehit
2655 2534 3100 2598 Alexandriam.
3138 2538 3318 2598 Pueri
3349 2546 3546 2600 autem
3581 2548 3709 2617 (ex-

2063 2621 2413 2702 spectabant
2442 2623 2600 2683 enim
2639 2624 2833 2685 adhuc
2861 2625 2921 2685 in
2956 2625 3084 2705 ipso
3119 2625 3410 2702 littore,ut
3435 2628 3522 2690 eis
3550 2647 3709 2710 prat-

2064 2711 2286 2773 dictum
2319 2711 2511 2774 fuerat
2545 2710 2619 2774 ab
2655 2714 2930 2788 Arriano,
2964 2723 3024 2777 et
3047 2715 3253 2777 horam
3287 2725 3562 2779 accurate
3595 2717 3708 2781 ob-

2046 2799 2403 2880 servabant)
2460 2810 2771 2880 postquam
2831 2803 3180 2884 delphinum
3248 2805 3525 2869 viderunt
3574 2827 3709 2870 cum

2065 2907 2271 2964 onere,
2330 2899 2570 2970 stupent
2625 2892 2870 2969 quidem
2922 2892 3111 2972 ipsius
3177 2896 3704 2975 magnitudinem:

2064 2979 2451 3040 nihilominus
2477 2999 2636 3056 vero,
2673 2981 2826 3062 quod
2850 2981 3008 3044 sacci
3037 3003 3274 3064 quoque
3307 2993 3426 3048 tuto
3459 2985 3713 3049 fuissent

2065 3067 2327 3144 adducti,
2365 3070 2513 3130 adeo
2546 3081 2608 3131 ut
2659 3070 2712 3131 ei
2763 3069 2968 3134 nullus
3014 3071 3258 3136 cederet
3314 3093 3380 3136 ex
3416 3075 3709 3158 humeris,

2066 3176 2200 3220 cum
2226 3166 2435 3219 natura
2467 3167 2668 3220 essent
2707 3158 2883 3220 laevos
2929 3170 2990 3221 et.
3020 3159 3257 3223 lubrici.
3293 3162 3712 3227 Dubitantibus

2065 3256 2263 3310 autem
2316 3247 2539 3327 poetis,
2591 3247 3092 3328 quemadmodum
3147 3251 3425 3314 dominus
3466 3253 3709 3334 quidem

2065 3337 2356 3400 Arrianus
2385 3337 2460 3398 de
2489 3337 2616 3398 solo
2645 3355 2753 3399 suo
2787 3357 3039 3420 corpore
3070 3341 3316 3403 dixisset
3369 3341 3517 3416 fore,
3554 3351 3614 3404 ut
3648 3343 3708 3406 id

2067 3434 2483 3507 apportaretur
2512 3444 2546 3487 a
2577 3425 2887 3507 delphino,
2922 3447 3081 3490 nunc
3105 3448 3243 3491 vero
3270 3441 3483 3512 praeter
3515 3431 3712 3512 ipsum

2068 3515 2272 3578 vident
2301 3516 2414 3578 alia
2443 3523 2721 3597 quatuor,
2758 3535 2866 3578 vox
2930 3519 3199 3599 quaedam
3229 3519 3488 3582 divinior
3516 3522 3592 3584 ab
3627 3521 3716 3584 eis

2068 3614 2161 3668 est
2189 3605 2390 3668 audita
2424 3621 2437 3664 :
2472 3603 2685 3668 Venite
2717 3625 2844 3681 vos,
2871 3607 3100 3683 dicens,
3161 3617 3220 3670 et
3250 3609 3478 3672 domini
3511 3611 3713 3688 vestri,

2069 3703 2127 3756 et
2156 3703 2560 3776 protectorum
2593 3697 2896 3776 accepturi
2930 3697 3324 3778 corpora.Qui
3358 3699 3517 3761 enim
3547 3699 3714 3761 illum

2070 3785 2144 3846 ad
2172 3803 2339 3846 suam
2374 3783 2549 3846 vitam
2606 3785 2888 3860 evocavit,
2924 3805 3028 3848 eos
3058 3806 3296 3866 quoque
3325 3795 3554 3850 vocavit
3581 3808 3717 3852 cum

2075 3893 2144 3937 eo
2169 3873 2467 3938 similiter.
2502 3875 2648 3938 Cum
2704 3893 2772 3937 ea
2829 3893 2970 3955 ergo
3003 3877 3374 3957 acceperitis,
3410 3896 3546 3940 cum
3595 3880 3716 3940 As-

2074 3964 2166 4028 cla
2197 3971 2254 4026 et
2283 3963 2551 4026 Leonida
2571 3963 2898 4028 honorifice
2926 3965 3226 4047 deponite.
3257 3966 3328 4028 Et
3353 3967 3440 4029 sic
3473 3967 3716 4050 quidem

2073 4073 2208 4118 VOX.

2153 4233 2702 4315 XLVIDelphinus
2725 4241 2920 4295 autem
2945 4253 3079 4296 cum
3104 4253 3312 4297 saccos
3347 4236 3640 4316 posuisset
3662 4237 3723 4300 in

2071 4311 2292 4399 littore,
2323 4311 2532 4386 rursus
2559 4325 2814 4385 enatavit
2845 4323 2906 4385 in
2962 4341 3148 4386 mare.
3202 4311 3380 4386 Pueri
3411 4343 3552 4388 vero
3585 4344 3722 4388 cum

2071 4431 2141 4476 ea
2170 4413 2498 4476 honoriﬁce
2532 4413 2939 4495 sustulissent,
2975 4423 3034 4475 et
3084 4415 3142 4476 in
3185 4432 3394 4476 navem
3427 4414 3720 4476 immisis-

2070 4513 2226 4585 sent,
2260 4522 2368 4584 per
2400 4503 2645 4566 fluvium
2682 4503 3168 4583 portabant.Cum
3203 4513 3401 4566 autem
3438 4513 3558 4566 tres
3589 4503 3724 4566 dies

2073 4601 2130 4656 et
2154 4594 2399 4656 totidem
2436 4601 2644 4656 noctes
2667 4593 3562 4675 navigassant,appropinquant
3596 4612 3728 4657 me-

2075 4682 2290 4765 tropoli
2317 4683 2909 4759 Antinoetarum,ubi
2945 4682 3257 4764 oportebat
3279 4702 3382 4745 eas
3404 4702 3604 4745 sacras
3626 4683 3728 4745 de-

2076 4773 2215 4854 poni
2245 4773 2705 4854 reliquias.Cum
2731 4791 2832 4834 eos
2864 4791 3001 4836 vero
3029 4792 3276 4835 somnus
3300 4773 3725 4855 oppressisset,

2077 4862 2243 4926 navis
2268 4863 2460 4944 plenis
2479 4863 2626 4925 velis
2647 4862 3266 4935 advolans,momento
3295 4863 3584 4943 temporis
3615 4871 3733 4924 ste-

2080 4952 2150 5014 tit
2179 4953 2239 5014 in
2295 4951 2393 5013 illo
2426 4953 2582 5033 loco,
2617 4961 2673 5014 et
2703 4970 2812 5013 vox
2845 4952 3047 5014 audita
3087 4953 3194 5013 fuit
3246 4951 3724 5014 admirabiliter:

2081 5041 2507 5104 Theodorition
2535 5041 2670 5122 (hoc
2690 5039 2848 5103 enim
2869 5051 2994 5103 erat
3019 5059 3237 5103 nomen
3257 5041 3732 5122 gubernatoris),

2079 5132 2178 5195 hic
2199 5139 2288 5194 est
2308 5131 2606 5212 locus,qui
2634 5139 2722 5192 est
2741 5139 3082 5194 sanctorum
3104 5149 3355 5213 corpora
3386 5131 3730 5193 sortiturus.

2079 5220 2189 5284 Ille
2221 5240 2363 5300 ergo
2395 5224 2715 5295 excitatus,
2748 5238 2883 5281 cum
2929 5220 3251 5282 invenisset
3302 5239 3513 5282 navem
3545 5221 3734 5284 veluti

2076 5310 2340 5374 vinctam
2366 5307 2786 5389 compedibus,
2817 5309 3134 5372 descendit
3155 5310 3411 5390 quidem
3448 5311 3522 5372 de
3552 5329 3728 5374 nave:

2077 5399 2360 5463 celeriter
2389 5406 2586 5460 autem
2622 5398 2925 5479 profectus
2979 5397 3040 5459 in
3074 5397 3409 5476 civitatem,
3442 5399 3738 5477 signiﬁcat

2079 5487 2744 5551 miraculum.Pr0tinus
2760 5505 2901 5548 vero
2919 5487 3160 5568 publice
3175 5489 3482 5550 conﬂuunt
3495 5507 3733 5563 omnes,

2080 5586 2386 5660 gestantes
2418 5577 2724 5659 lampades
2755 5585 2812 5640 et
2837 5596 3111 5653 coronas,
3144 5587 3198 5640 et
3229 5579 3465 5640 divinos
3485 5578 3735 5658 hymnos

2084 5675 2395 5734 canentes.
2429 5667 2507 5731 Et
2559 5685 2696 5731 cum
2731 5666 2818 5729 sic
2850 5684 2949 5730 eas
2995 5668 3282 5748 praclare
3335 5675 3395 5730 et
3423 5667 3735 5747 magnifice
