4148 6406
293 370 408 436 561
1467 373 1651 439 VITA
1697 377 1757 438 S.
1804 373 1931 438 ΤΗ(

2057 374 2098 437 E
2142 375 2532 442 APOSTOLI.
3578 388 3695 456 562

299 508 478 582 dere,
513 514 572 570 et
597 508 998 600 rursusvadis
1018 509 1247 577 illuci?
1276 534 1302 567 ι
1326 513 1472 576 Cum
1495 520 1691 576 autem
1711 511 1798 575 illi
1832 530 1948 576 non
1969 515 2006 565 Α
2033 511 2195 574 cruci
2225 511 2542 574 afﬁxerunt
2572 518 2600 574 ?
2631 512 2741 585 Qui
2797 511 3046 578 Thomae
3079 535 3200 580 non
3238 533 3698 600 persuaserunt,

299 608 548 680 possent
573 598 1086 680 persuadere(non
1102 601 1262 663 enim
1290 602 1598 683 oportebat
1618 603 1948 678 infamiam,
2038 605 2328 678 quomodo
2354 604 2778 674 reputabuntur
2799 605 3091 680 digni,qui
3123 598 3498 671 admittantur
3520 630 3549 674 a
3572 630 3702 687 gen-

298 707 438 768 quae
458 697 600 749 tunc
628 698 775 763 erat,
805 690 1444 772 discipulorum,morti
1477 711 1648 774 opem
1673 693 1831 757 ferre
1853 693 1951 756 ad-
2038 689 2234 752 tibus?
2266 688 2393 750 Non
2427 699 2484 751 te
2515 691 2745 770 pudore
2796 691 3091 774 afﬁciunt,
3122 705 3180 756 et
3200 695 3272 757 ad
3306 696 3484 760 ﬁdem
3513 707 3698 762 attra-

293 796 508 840 versus
536 778 1044 860 Lazarum,neque
1067 781 1560 862 impedimentum
1587 783 1953 845 liherationis
2037 778 2207 853 bunt,
2243 779 2709 860 praecedentium
2737 780 3012 858 ingentes
3031 785 3218 847 turbm
3247 787 3696 854 miraculorum:

292 887 364 928 ex
425 868 746 947 sepulcris,
785 869 1020 930 illorum
1052 870 1217 932 cerni
1247 872 1665 950 timiditatem),
1702 881 1862 935 metu
1897 880 1956 934 et
2038 869 2312 950 leprosus
2347 869 2699 947 mundatus;
2737 871 3092 952 paralyticus
3124 873 3372 953 integris
3403 879 3703 943 membro-

291 957 601 1019 desiderio
637 958 934 1021 distractis
970 979 1175 1021 eorum
1208 962 1957 1035 animis,convertebantur
2036 977 2166 1021 rum
2187 959 2574 1039 compagibus
2607 959 2954 1036 restitutus;
3003 981 3195 1025 caecus
3225 965 3467 1029 videndi
3506 969 3696 1032 facul-

289 1048 360 1108 ad
425 1048 611 1110 animi
644 1049 1078 1128 aegritudinem.
1115 1050 1232 1114 Sed
1280 1051 1540 1114 Thomas
1572 1061 1844 1134 prompte
1895 1062 1959 1115 et
2041 1050 2143 1113 tati
2190 1049 2461 1111 redditus
2498 1070 2514 1126 ;
2549 1067 2758 1112 manus
2813 1057 3003 1113 morte
3036 1053 3269 1130 affecta,
3307 1075 3440 1137 quae
3485 1077 3695 1122 rursus

289 1138 578 1200 alacriter
606 1138 845 1201 solvens
870 1141 1154 1220 apostolis
1180 1141 1519 1204 molestiam
1549 1163 1562 1203 :
1597 1170 1615 1197 ο
1652 1143 1868 1205 Eamus
1895 1151 1953 1205 et
2037 1140 2142 1201 fuit
2169 1138 2238 1200 ad
2267 1141 2438 1200 vitam
2460 1146 2775 1220 revocata;
2809 1141 3051 1217 fluctus,
3080 1161 3186 1223 per
3216 1163 3365 1225 quos
3394 1147 3696 1213 inceditur

294 1247 433 1304 nt-s,
464 1228 690 1320 inquit,
728 1241 785 1292 et
810 1319 819 1320 ί
843 1230 1170 1293 moriamur
1199 1249 1332 1293 cum
1384 1234 1536 1312 ipso.
1580 1258 1607 1288 ι»
1661 1238 1763 1296 Est
1795 1233 1953 1294 enim
2040 1227 2340 1320 pedibus;
2375 1236 2431 1290 et
2462 1228 2713 1320 Lazarus
2745 1230 3087 1309 sepulcrum
3127 1252 3375 1308 exuens,
3412 1244 3685 1320 tanquam

293 1319 511 1400 quavis
555 1318 675 1380 vita
711 1319 940 1393 melior,
977 1339 1108 1401 quae
1163 1340 1297 1382 cum
1331 1321 1585 1384 Domino
1638 1323 1952 1403 accipitur,
2036 1325 2262 1381 vestem
2303 1319 2330 1378 ‘i
2384 1319 2707 1408 quomodo,
2745 1320 2914 1398 cujus
2970 1321 3290 1386 admiraris
3321 1318 3694 1408 epera,'ejus

293 1409 546 1470 occisio.
599 1410 794 1485 Atque
849 1411 975 1472 hmc
1009 1409 1248 1490 quidem
1301 1411 1388 1472 sic
1433 1431 1498 1474 se
1544 1412 1863 1486 habebant,
1897 1421 1956 1474 et
2038 1417 2376 1488 suspectam
2403 1406 2590 1469 habes
2614 1411 3152 1472 resurrectionem?
3172 1411 3301 1474 Non
3328 1416 3528 1478 credat
3551 1406 3691 1481 Cai-

287 1497 700 1579 apostolorum
741 1499 971 1560 animos
994 1500 1658 1575 detinebatadmiratio,
1682 1503 1953 1578 cogitan-
2042 1499 2190 1578 phas
2225 1516 2239 1569 ;
2274 1497 2511 1558 curiose
2542 1506 2840 1559 scrutetur
2865 1497 3263 1584 Nicodamus;
3297 1503 3694 1570 calumnietur

293 1597 387 1650 tes
413 1589 814 1670 condiscipuli
837 1590 1143 1652 audaciam
1169 1590 1241 1651 ad
1270 1599 1519 1653 mortem
1553 1591 1948 1653 subeundam.
2041 1587 2301 1650 Iudaeus.
2327 1587 2443 1650 Cur
2463 1586 2966 1650 dubitatThomas
2989 1588 3062 1649 de
3086 1593 3556 1658 resurrectione?
3577 1599 3692 1661 Sed

375 1679 479 1740 IV.
507 1678 626 1739 Sed
649 1698 782 1738 cum
809 1696 948 1740 crux
981 1681 1088 1741 ﬁxa
1114 1680 1343 1753 fuisset,
1369 1689 1425 1741 et
1447 1700 1608 1743 mors
1625 1689 1782 1744 esset
1817 1699 1950 1742 sus-
2041 1684 2246 1739 contra
2272 1676 2598 1756 discipulus
2621 1677 2859 1739 videtur
2878 1677 3080 1740 dicere
3099 1681 3389 1760 justiora:
3419 1686 3539 1750 Cur
3561 1705 3694 1749 mea

287 1785 509 1849 pensa.
558 1776 615 1828 et
647 1767 920 1830 infernus
966 1770 1300 1831 traheretur
1327 1771 1610 1848 captivus,
1648 1779 1709 1834 et
1735 1779 1956 1832 mutata
2040 1765 2331 1827 dubitatio
2355 1775 2493 1827 esta
2517 1765 2685 1827 vobis
2707 1768 3275 1850 reprehendenda,o
3291 1775 3575 1853 apostoli?
3595 1777 3687 1839 Ad

285 1867 454 1919 esset
506 1858 600 1918 lex
632 1859 916 1938 sepulcri,
956 1868 1016 1920 et
1068 1878 1228 1921 mors
1283 1861 1504 1923 Christi
1534 1863 1742 1922 effecta
1791 1854 2273 1933 essetBJudaeos
2326 1856 2563 1916 emittor
2593 1873 2784 1934 praeco
2815 1857 3318 1936 resurrectionis;
3377 1861 3533 1928 sicut
3561 1883 3686 1945 vos,

284 1965 456 2007 mors
477 1948 712 2021 mortis,
741 1967 986 2028 surgens
1001 1948 1270 2012 Salvator
1300 1958 1432 2030 post
1457 1959 1658 2012 erecta
1679 1950 1832 2030 apud
1855 1950 1943 2010 in-
2034 1945 2378 2024 proﬁciscor
2426 1946 2731 2024 apostolus
2762 1945 2834 2006 ad
2867 1946 3202 2008 docendum
3237 1957 3446 2028 gentes
3476 1971 3684 2016 resur-

279 2037 448 2098 feros
469 2037 760 2098 adversus
775 2046 1022 2101 mortem
1043 2046 1284 2116 tropaea,
1314 2047 1558 2118 apparet
1581 2039 1705 2099 suis
1731 2039 1942 2099 amicis
2025 2034 2379 2096 rectionem.
2417 2033 2727 2106 Quomodo
2762 2053 2926 2114 ergo,
2957 2035 3175 2112 quibus
3226 2056 3344 2100 non
3375 2039 3458 2101 fui
3488 2043 3688 2108 socius

280 2125 640 2203 lugentibus
662 2137 719 2188 et
739 2127 1109 2201 ﬁentibus,in
1137 2129 1248 2189 hoc
1268 2147 1502 2207 quoque
1522 2129 1696 2190 ﬁdem
1718 2128 1944 2190 faciens
2026 2123 2704 2204 spectaculi,suscipiam
2730 2142 2900 2204 aeque
2925 2133 3103 2206 atque
3124 2125 3238 2207 ipsi
3271 2127 3680 2207 legationem?

279 2215 556 2277 victoria;
593 2237 607 2278 :
641 2217 744 2292 qui
777 2236 976 2278 rerum
1021 2226 1184 2280 recte
1214 2229 1516 2296 gestarum
1552 2218 1685 2279 illos
1716 2217 1942 2279 faciens
2028 2212 2362 2287 Quomodo,
2387 2231 2642 2292 quorum
2669 2232 2788 2275 non
2812 2213 3002 2276 habeo
3031 2215 3458 2296 cognitionem,
3485 2240 3556 2282 ea
3575 2241 3685 2301 ego

277 2311 683 2382 spectatores,
714 2315 876 2367 certe
899 2324 1008 2369 nec
1028 2306 1224 2386 ipsum
1253 2307 1492 2387 quidem
1521 2307 1785 2387 permisit
1814 2324 1946 2368 esse
2030 2303 2258 2365 docebo
2279 2303 2427 2364 alios
2448 2301 2788 2392 ?Quomodo
2807 2304 3006 2383 lingua
3026 2323 3094 2366 ea
3115 2305 3271 2368 dicet
3292 2309 3686 2392 conﬁdenter,

278 2404 609 2472 expertem
638 2394 964 2473 primorum
1002 2397 1449 2460 miraculorum.
1484 2399 1547 2460 ln
1576 2397 1824 2478 quadam
1849 2396 1950 2458 do-
2032 2411 2283 2473 quorum
2322 2399 2500 2453 testes
2529 2411 2648 2454 non
2694 2391 2873 2454 habet
2901 2394 3106 2456 oculos
3138 2393 3164 2456 ?
3209 2395 3424 2460 Verbis
3449 2391 3689 2464 credam

283 2483 582 2544 muncula
614 2483 940 2564 discipulos
966 2486 1025 2546 in
1050 2496 1275 2548 arctum
1310 2496 1448 2549 tunc
1480 2497 1672 2549 metus
1703 2486 1951 2566 cogebat
2033 2482 2204 2544 solis?
2228 2480 2342 2543 Sed
2371 2482 2592 2545 .ludaeis
2625 2501 2727 2544 ero
2758 2483 2818 2544 in
2847 2483 2966 2545 ﬁde
2995 2494 3332 2566 suspectus,
3362 2506 3577 2570 meque
3604 2491 3695 2552 fa-

280 2573 636 2635 Judaeorum
676 2596 688 2634 :
723 2593 856 2654 quae
883 2576 1126 2652 quidem
1161 2583 1220 2637 in
1254 2577 1406 2647 loco,
1443 2577 1770 2657 periculum
1806 2595 1954 2656 prae-
2035 2573 2272 2635 cilitatis
2301 2571 2672 2634 damnabunt
2715 2573 3083 2636 et-levitatis.
3142 2576 3406 2638 Gentiles
3459 2599 3696 2662 quoque

283 2663 939 2740 videntes,manebant.
964 2663 1028 2726 In
1057 2665 1317 2727 medium
1343 2685 1482 2746 ergo
1515 2685 1719 2729 eorum
1755 2666 1950 2729 laten-
2033 2662 2209 2724 verba
2255 2681 2370 2724 non
2403 2662 2722 2724 admittent
2760 2683 2776 2738 ;
2812 2666 3009 2744 potius
3059 2672 3258 2728 autem
3292 2685 3491 2730 meum
3525 2670 3694 2734 ride-

288 2759 439 2814 tium
491 2757 707 2814 accedit
736 2757 920 2824 .lesus,
953 2773 1071 2816 non
1115 2774 1310 2816 vocem
1344 2762 1614 2818 eminens
1644 2769 1952 2831 antequam
2035 2752 2644 2833 bunttestimonium,
2681 2752 2781 2833 qui
2815 2771 2890 2815 ex
2922 2754 3048 2816 solo
3072 2754 3276 2816 auditu
3311 2757 3569 2837 praedico
3599 2779 3696 2824 re-

287 2841 684 2920 aSpiceretur,
723 2861 842 2903 non
895 2844 1227 2922 pulsatione
1270 2844 1407 2906 ostii
1459 2844 1682 2906 territis
1733 2863 1946 2906 eorum
2034 2841 2502 2904 surrectionem.

299 2929 563 3018 animis:
594 2931 690 2992 sed
722 2932 926 3012 pedes,
961 2933 1061 3013 qui
1095 2951 1201 3013 per
1251 2952 1412 2995 mare
1455 2942 1613 3009 sunt,
1649 2933 1942 3014 ingressi,
2115 2929 2213 2994 Vl.
2251 2932 2383 2992 Non
2412 2930 2661 2992 multum
2695 2930 3040 2994 intercessit
3063 2936 3372 3018 temporis,
3402 2943 3460 3000 et
3488 2956 3697 3002 rursus

310 3017 488 3077 ostiis
514 3037 730 3100 quoque
763 3041 881 3083 non
914 3023 1137 3102 apertis
1164 3023 1751 3102 intraruntinegabat
1783 3023 1946 3084 enim
2035 3026 2108 3084 ad
2127 3025 2232 3081 fuit
2256 3025 2557 3090 Dominus.
2592 3025 2890 3096 ingressus
2913 3026 3258 3086 miraculum
3292 3017 3448 3087 nunc
3467 3046 3697 3104 quoque

310 3126 450 3168 suas
490 3108 636 3188 leges
664 3120 872 3174 natura
897 3114 1065 3192 jussa
1093 3132 1126 3174 a
1179 3113 1474 3193 Domino),
1509 3120 1566 3174 et
1598 3114 1695 3194 qui
1748 3113 1950 3174 omnia
2035 3109 2316 3172 similiter
2345 3109 2693 3185 ostendens,
2732 3117 2796 3170 ut
2827 3127 2958 3189 quae
2983 3111 3116 3173 aliis
3148 3112 3326 3175 simul
3357 3114 3694 3196 discipulis,

292 3197 602 3270 feceratin
625 3219 794 3294 suum
821 3203 1108 3282 templum
1133 3203 1468 3282 ingreditur
1492 3202 1710 3265 clausis
1760 3202 1948 3265 ostiis:
1971 3243 2011 3294 α
2037 3219 2104 3294 ea
2136 3200 2243 3261 soli
2278 3217 2515 3294 quoque
2543 3197 2791 3294 Thomae
2823 3198 3131 3294 largiatur.
3165 3199 3440 3294 Ostendit
3471 3223 3610 3286 ergo
3643 3207 3700 3270 ei

282 3297 344 3378 et
369 3294 471 3378 qui
503 3308 605 3378 per
634 3293 855 3366 lignum
880 3310 1122 3353 mortem
1151 3296 1442 3359 contrivit.
1466 3311 1624 3354 nunc
1646 3298 1760 3354 vim
1783 3296 1945 3354 aﬂert
1977 3287 2010 3294 ⁷
2035 3291 2206 3370 signa
2257 3288 2477 3366 crucis,
2513 3307 2578 3350 ac
2623 3287 2896 3378 vulneris
2925 3289 3082 3370 quod
3133 3293 3364 3372 accepit
3392 3291 3455 3354 in
3485 3295 3696 3378 latere,

276 3373 400 3454 ipsi
431 3373 575 3450 ligni
609 3384 854 3439 naturae.
894 3378 1068 3439 Venit
1095 3395 1236 3456 ergo
1269 3378 1538 3440 Christus
1570 3379 1628 3440 in
1664 3379 1929 3440 medium
2034 3379 2300 3443 ostendit
2331 3378 2731 3457 signaculum.
2766 3377 2986 3441 deinde
3019 3400 3033 3440 :
3099 3401 3125 3438 α
3159 3379 3306 3453 Quia
3337 3382 3534 3446 vidisti
3578 3373 3697 3463 me,

278 3485 524 3539 eorum,
548 3468 831 3530 miraculo
860 3470 1164 3548 ingressus
1193 3471 1555 3533 conﬁrmans
1589 3470 1945 3532 miraculum
2031 3471 2252 3551 inquit,
2287 3468 2622 3532 credidisti.
2656 3468 2823 3530 Beati
2857 3470 2958 3549 qui
2992 3489 3110 3533 non
3141 3470 3441 3548 viderunt,
3474 3481 3700 3544 etcre-

275 3559 776 3621 resurrectinnis.
806 3558 878 3620 Et
902 3560 988 3621 sic
1019 3561 1258 3640 quidem
1280 3559 1560 3640 discipuli
1582 3559 1730 3640 ipsis
1759 3559 1947 3622 oculis
2031 3560 2312 3622 diderunt
2347 3561 2398 3640 ι,
2437 3585 2462 3615 n
2503 3577 2776 3638 magnam
2812 3559 2990 3622 nobis
3017 3561 3344 3642 repositam
3378 3564 3704 3630 ostendens

277 3647 438 3725 ejus,
478 3667 652 3728 quem
713 3649 1157 3724 desiderabant,
1192 3649 1446 3711 fructum
1507 3648 1934 3730 percipientes,
2025 3649 2485 3723 beatitudinem,
2558 3649 2661 3728 qui
2733 3647 3111 3713 credidimus
3181 3669 3290 3732 per
3355 3671 3696 3720 sermonem

277 3736 487 3798 lmtitia
516 3737 948 3800 aiiiciebantur.
981 3740 1156 3800 Solus
1177 3747 1374 3800 autem
1401 3738 1667 3800 Thomas
1692 3737 1883 3799 abfuit
1907 3755 1942 3798 a
2026 3739 2488 3817 discipulorum.
2548 3737 2700 3798 Illud
2747 3756 2888 3817 ergo
2935 3739 3207 3801 divinum
3240 3747 3300 3802 et
3345 3741 3700 3807 admirabile

277 3826 1941 3909 spectaculo:quidivinoquodam,utvidetur,eonsilio
2025 3827 2437 3909 spectaculum
2491 3845 2625 3889 cum
2662 3835 3024 3890 consecutus
3079 3837 3243 3891 esset
3278 3828 3560 3907 Thomas,
3590 3833 3698 3894 fuit

279 3934 406 3976 non
433 3915 891 3996 aderat,utcom
919 3917 1271 3978 miraculum
1299 3916 1486 3996 magis
1519 3915 1938 3996 cxaminasset,
2035 3917 2210 3979 etiam
2244 3935 2420 3978 causa
2451 3916 2760 3997 apostolis,
2789 3925 2851 3978 ut
2880 3918 2981 3979 illa
3008 3916 3335 3997 discerent,
3361 3937 3492 4000 quae
3527 3921 3695 4000 prius

281 4013 447 4067 esset
476 4006 817 4085 praeclarior
832 4025 1026 4086 praeco
1049 4007 1518 4069 resurrectionis
1549 4005 1666 4069 Sed
1683 4003 1952 4068 Salvator
2035 4026 2151 4068 non
2170 4013 2455 4069 noverant
2475 4029 2492 4081 ;
2516 4023 2686 4068 suum
2711 4007 2870 4068 enim
2890 4005 3077 4068 Deum
3096 4015 3154 4068 et
3186 4008 3510 4071 Dominum
3544 4029 3696 4072 con-

279 4094 533 4171 quidem
561 4113 691 4157 cum
717 4096 812 4158 sui
831 4097 1171 4177 Spectaculo
1203 4096 1591 4176 impertiisset
1624 4094 1944 4175 apostolos,
2031 4096 2224 4158 fessus
2255 4104 2344 4156 est
2374 4112 2510 4157 eum
2555 4113 2731 4174 quem
2763 4103 3100 4175 aspexerat.
3131 4095 3359 4159 Revera
3395 4099 3554 4161 enim
3585 4098 3695 4164 Dei

278 4184 537 4246 recessit
600 4185 893 4262 protinus.
951 4186 1366 4266 perfectiorem
1430 4184 1948 4264 contemplationis
2033 4193 2123 4248 est
2153 4184 2466 4266 pulchrum
2522 4183 2750 4246 facinus
2781 4185 3263 4248 resurrectionis.
3318 4185 3461 4250 Cum
3494 4196 3691 4252 autem

276 4273 570 4336 visionem
603 4274 846 4336 Thomae
875 4275 1092 4350 amico,
1129 4283 1191 4336 ut
1233 4274 1491 4346 videtur,
1525 4291 1858 4336 reservans.
2033 4283 2166 4356 post
2197 4275 2322 4336 haec
2354 4273 2623 4336 Christus
2654 4293 2686 4335 a
2719 4273 3032 4354 discipulis
3067 4293 3276 4354 magna
3307 4294 3382 4338 ex
3416 4285 3579 4357 parte
3608 4279 3694 4338 vi-

361 4362 430 4424 V.
490 4363 632 4426 Cum
668 4372 866 4425 autem
918 4381 1194 4426 reversus
1228 4372 1386 4427 esset
1435 4363 1715 4437 Thomas,
1751 4373 1809 4426 et
1838 4382 1942 4426 ve-
2029 4365 2158 4427 deri
2191 4385 2308 4428 non
2345 4371 2567 4445 posset,
2598 4371 2662 4424 ut
2692 4365 2790 4443 qui
2827 4371 2986 4427 esset
3009 4364 3376 4444 gloriﬁcatus
3409 4367 3688 4428 incorru-

272 4453 467 4515 nisset
495 4452 556 4514 in
592 4462 850 4516 mentem
884 4453 1197 4535 discipulis
1227 4456 1282 4516 ei
1315 4455 1519 4516 dicere
1548 4476 1560 4516 :
1608 4479 1630 4510 ιι
1671 4455 1944 4516 Vidimus
2029 4458 2230 4535 ptione
2260 4453 2552 4535 corporis,
2580 4462 2640 4514 et
2673 4473 2786 4514 non
2813 4467 3016 4534 posset
3039 4456 3308 4534 conspici
3338 4455 3687 4518 mortalibus

269 4543 620 4652 Dmominum,
657 4568 679 4600 ι
717 4545 820 4652 ille
853 4546 1176 4652 propter‘id
1211 4545 1376 4652 quod
1397 4544 1709 4652 audiebat,
1739 4543 1942 4606 laetitia
1960 4546 2238 4652 Dficulis,
2267 4547 2528 4652 seipsum
2559 4543 2940 4652 manifestuﬂm
2971 4544 3284 4652 reddebat,
3317 4545 3556 4647 quando
3588 4564 3684 4647 ve-

268 4633 546 4705 aﬂ'ectus,
582 4634 740 4714 queri
774 4633 904 4695 ﬁeri
948 4635 1361 4710 desiderabat,
1397 4637 1507 4696 hoc
1552 4635 1774 4695 factum
1807 4633 2204 4706 esse”lebat,
2233 4645 2292 4698 et
2324 4635 2562 4717 quando
2598 4642 2840 4696 noverat
2864 4633 3125 4696 futurum
3150 4635 3391 4698 utileiis
3411 4633 3512 4715 qui
3531 4635 3686 4716 aspi-

269 4723 683 4793 audiens,non
709 4723 1012 4785 credebat.
1043 4725 1250 4786 Solent
1272 4721 1704 4802 enimingentis
1729 4723 1941 4786 laetitiae
2025 4725 2492 4805 ciebant.ltaque
2511 4740 2642 4786 cum
2665 4722 2905 4784 Domini
2930 4723 3018 4785 eis
3033 4723 3276 4787 deesset
3297 4733 3678 4804 conspectus,

270 4811 768 4890 exsuperationes
800 4831 933 4874 esse
967 4812 1259 4875 tardiores
1279 4815 1352 4874 ad
1389 4832 1459 4875 ea
1478 4813 1779 4877 credenda
1809 4831 1940 4894 quae
2021 4834 2224 4877 curam
2271 4815 2556 4892 gerebant
2581 4811 2798 4874 veteris
2829 4816 2995 4889 artis,
3028 4814 3084 4873 in
3114 4833 3230 4895 qua
3261 4813 3497 4875 fuerant
3525 4813 3682 4876 edu-

269 4900 583 4964 dicuntur.
616 4900 938 4980 Diseipulis
979 4903 1198 4981 igitur:
1241 4925 1264 4959 (ς
1299 4902 1448 4979 Nisi,
1481 4900 1696 4983 inquit,
1731 4902 1938 4966 videro
2021 4907 2160 4969 cati.
2215 4905 2321 4966 Illa
2365 4911 2562 4965 autem
2613 4910 2762 4976 erat,
2790 4903 3072 4982 scapham
3125 4903 3478 4977 ascendere,
3514 4911 3575 4964 et
3618 4903 3680 4966 in

267 4991 336 5052 in
371 4990 651 5054 manibus
668 4993 797 5072 ejus
829 4992 1098 5054 ﬁssuram
1135 4995 1459 5066 clavorum,
1488 5001 1543 5054 et
1579 4992 1804 5054 mittam
1837 4993 1932 5054 di-
2020 4995 2377 5076 profundum
2433 4992 2614 5054 maris
2643 4993 2790 5052 retia
2839 4991 3180 5056 demittere.
3212 4993 3479 5065 Quodam
3539 5010 3680 5055 vero

266 5085 458 5156 gitum
487 5099 677 5141 mrum
708 5087 764 5141 in
800 5084 987 5142 locum
1021 5085 1338 5156 clavorum,
1362 5097 1415 5142 et
1448 5087 1664 5142 mittam
1699 5099 1929 5142 manum
2017 5085 2140 5166 die,
2173 5085 2314 5145 dum
2344 5082 2456 5163 ipsi
2493 5082 2699 5142 intenti
2733 5088 2902 5141 erant
2923 5080 3261 5161 piscationi,
3287 5082 3561 5161 apparuit
3589 5081 3677 5144 eis

265 5188 472 5231 meum
508 5170 564 5232 in
593 5171 744 5231 latus
767 5171 922 5249 ejus,
958 5189 1073 5232 non
1106 5172 1345 5233 credam
1361 5173 1414 5232 5.
1448 5196 1470 5228 ν
1499 5171 1586 5235 Ad
1626 5173 1748 5234 haec
1776 5171 1931 5234 forte
2014 5174 2387 5236 desideratus
2436 5173 2630 5246 Jesus,
2667 5178 2828 5231 stans
2874 5170 2936 5231 in
2995 5172 3210 5247 littore,
3246 5179 3304 5234 et
3325 5169 3550 5250 jubens
3597 5170 3673 5232 ad

261 5259 544 5339 apostoli:
579 5259 733 5332 Quid
760 5259 874 5321 sibi
904 5260 1044 5332 vult,
1081 5279 1114 5321 o
1145 5262 1394 5338 Thema,
1417 5281 1616 5324 sermo
1641 5261 1925 5324 incredu-
2012 5263 2316 5326 dexteram
2369 5268 2592 5342 partem
2623 5259 2786 5322 navis
2815 5268 2944 5322 rete
2971 5259 3312 5325 demittere.
3347 5262 3530 5341 Capta
3579 5268 3671 5322 est

260 5349 497 5412 litatis?
532 5349 594 5412 Si
629 5368 748 5410 non
783 5349 973 5411 credit
1001 5349 1355 5431 discipulus,
1390 5351 1693 5432 quomodo
1725 5352 1925 5414 credi-
2009 5364 2199 5414 autem
2225 5353 2528 5412 multitudo
2561 5352 2802 5424 piscium
2839 5354 3322 5422 innumerabilis;
3359 5361 3480 5411 erat
3509 5353 3667 5411 enim

259 5438 462 5500 derint
487 5439 726 5502 Judaei?
760 5437 822 5500 Si
845 5439 1150 5532 apostolus
1179 5448 1237 5500 et
1260 5446 1638 5532 amicusinon
1663 5441 1922 5532 admittit
2010 5442 2420 5532 divini‘iussus
2453 5443 2742 5532 operatio.
2776 5437 2943 5532 Tunc
2966 5439 3150 5532 Asimul
3179 5439 3426 5532 cumiis
3455 5438 3668 5532 aderat

257 5536 798 5608 resurrectionem,
829 5528 1127 5608 quomodo
1186 5548 1314 5590 eam
1351 5530 1700 5593 admiserint
1743 5530 1787 5592 ii
1819 5531 1922 5611 qui
2005 5528 2495 5610 etiam'Thomas,
2533 5537 2588 5591 et
2619 5528 2798 5590 simul
2851 5529 3174 5609 navigabat,
3211 5539 3270 5591 et
3298 5528 3477 5591 simul
3509 5545 3661 5608 ope-

347 5709 377 5760 2
402 5708 573 5774 Joan.
610 5723 676 5789 ll,
708 5707 768 5770 8.
852 5708 884 5756 5
909 5709 1080 5769 Joan.
1111 5705 1280 5770 Joan.
1315 5725 1414 5789 xx,
1445 5707 1546 5771 ‘25.
1635 5710 1664 5760 ι
1689 5711 1841 5796 lbid.
1875 5712 1979 5778 29.
