4148 6404
402 363 521 431 563
540 410 549 421 .

1724 367 2005 431 MENSIS
2048 366 2479 428 DECEMBER.

3683 372 3802 436 564

402 500 672 582 rebatur,
707 508 764 563 et
796 500 1108 580 diligenter
1139 499 1390 563 curabat
1411 501 1584 582 retia,
1620 508 1678 563 et
1704 518 1769 561 se
1801 498 2060 580 paratis-
2084 505 2122 554 Δ
2148 496 2325 578 longo
2352 504 2624 582 tempero
2656 501 3025 578 conﬁrmata,
3052 500 3380 564 inducebat
3408 506 3805 568 consuetudi-

405 591 627 652 simum
684 590 1036 652 ostendebat
1085 590 1156 651 ad
1210 590 1636 652 obediendum.
1685 589 2069 669 Experientia
2154 608 2314 663 nem,
2348 592 2576 653 ratione
2628 590 2833 672 quavis
2888 592 3311 673 potentiorem.
3346 601 3411 657 ln
3458 594 3611 655 hanc
3664 614 3805 673 ergo

405 681 564 742 enim
605 680 894 742 didicerat
926 679 999 740 iis
1029 679 1300 753 credere,
1337 696 1475 759 qum
1518 679 1675 742 Deus
1703 677 1881 740 fuerit
1914 696 2064 758 ope~

404 779 568 832 ratus
606 790 619 830 :
657 779 715 831 et
744 769 878 830 ideo
912 787 1029 830 una
1062 768 1389 847 navigabat,
1419 777 1476 831 et
1502 767 1676 829 simul
1710 767 2067 848 operabatur

404 878 540 922 cum
573 858 880 938 discipulis
911 861 964 917 5.

486 946 610 1012 VlI.
638 946 782 1011 Cum
813 956 1003 1010 autem
1022 950 1146 1029 jam
1170 948 1405 1011 adesset
1427 958 1663 1029 tempus
1683 949 2060 1028 Assumptio-

404 1039 520 1118 nis,
550 1056 664 1118 quo
703 1056 838 1100 cum
881 1056 950 1099 eo
980 1038 1136 1119 quod
1168 1058 1234 1100 ex
1262 1038 1432 1100 nobis
1455 1047 2062 1119 assumpserat,0por-

403 1126 566 1190 tebat
598 1128 896 1190 Christum
932 1129 1260 1190 ascendere
1296 1128 1368 1189 ad
1406 1131 1668 1200 Patrem,
1703 1129 1827 1207 ipse
1861 1126 2062 1188 educit

402 1224 620 1298 mystas
678 1226 841 1279 extra
869 1220 1216 1280 Bethaniam
1253 1236 1437 1299 usque
1494 1218 1563 1279 ad
1596 1216 1888 1280 Olivetum
1929 1238 1943 1297 ;
1999 1225 2061 1277 et

400 1306 520 1368 illic
552 1306 628 1369 de
656 1325 721 1370 se
751 1308 1083 1383 disserens,
1120 1317 1177 1369 et
1228 1327 1295 1369 ex
1327 1306 1654 1388 Scripturis
1686 1307 2059 1386 conjungens

400 1398 760 1472 testimonia,
792 1417 926 1460 cum
964 1406 1023 1460 et
1052 1416 1250 1459 coram
1280 1397 1366 1459 eis
1396 1397 1776 1471 comedisset,
1816 1403 1875 1457 et
1909 1413 2055 1457 con-

402 1486 696 1549 firmasset
719 1508 785 1549 se
808 1507 927 1549 non
958 1506 1089 1550 esse
1111 1487 1408 1569 spiritum,
1436 1495 1497 1547 ut
1528 1486 1642 1567 ipsi
1675 1487 2053 1547 existimave-

400 1584 556 1654 rant,
583 1586 638 1637 et
661 1576 878 1639 deinde
908 1576 1138 1640 sublata
1165 1595 1347 1637 manu
1379 1577 1463 1637 eis
1485 1575 1834 1636 immisisset
1864 1576 2053 1637 bene-

403 1664 749 1741 dictionem,
775 1666 875 1727 ille
897 1665 1139 1747 quidem
1168 1665 1441 1727 ascendit
1463 1665 1521 1726 in
1544 1664 1754 1726 caelos:
1785 1664 1927 1744 ipsis
1952 1683 2056 1726 au-

403 1764 520 1816 tem
541 1775 673 1817 cum
698 1774 907 1835 magno
932 1756 1147 1835 gaudio
1171 1756 1279 1818 fuit
1305 1755 1532 1817 reditus
1564 1755 1622 1815 in
1640 1754 1968 1817 Jerusalem
2002 1756 2056 1835 3,

2150 679 2456 758 regionem
2524 698 2772 760 magnus
2827 681 3173 759 ingrediens
3212 681 3540 760 apostolus,
3573 685 3802 746 nullum

2151 787 2271 849 prae
2301 788 2364 831 se
2397 771 2528 832 tulit
2560 771 2771 832 fastum
2793 778 2852 831 et
2875 771 3500 853 arrogantiam,nequ’e
3529 773 3682 835 elate
3702 784 3805 837 aut

2148 858 2405 935 gloriose
2450 860 2754 941 quippiam
2809 869 2897 921 est
2950 860 3211 940 locutus,
3245 880 3442 942 neque
3471 862 3630 924 aliud
3666 864 3807 925 fecit

2148 947 2405 1028 superbe
2437 960 2496 1011 et
2525 949 2854 1011 insolenter
2900 950 2972 1011 ad
3006 950 3465 1012 ostentationem
3505 974 3517 1015 :
3564 953 3664 1015 sed
3699 973 3802 1015 or-

2146 1050 2322 1099 natus
2353 1039 2571 1101 Christi
2628 1038 3059 1121 moderatione,
3094 1047 3149 1101 et
3180 1059 3286 1120 pro
3324 1041 3532 1121 quovis
3565 1042 3680 1102 alio
3712 1062 3804 1103 or-

2145 1142 2414 1189 namento
2446 1143 2498 1191 et
2530 1134 2725 1197 lorica.
2755 1149 2816 1190 ea
2844 1134 3099 1203 indutus,
3130 1147 3293 1191 coma
3327 1135 3560 1192 sordido
3592 1144 3644 1193 et
3678 1137 3805 1194 tiito

2142 1215 2420 1296 pallidus,
2452 1226 2607 1279 totus
2634 1218 2838 1279 aridus
2862 1226 2918 1279 et
2949 1217 3286 1297 exsanguis,
3322 1228 3387 1280 et
3414 1219 3589 1300 plane
3624 1238 3806 1283 succo

2143 1323 2377 1379 carens,
2414 1315 2472 1367 et
2503 1317 2567 1368 ut
2600 1306 2787 1368 semel
2818 1306 3043 1381 dicam,
3073 1326 3193 1369 non
3226 1316 3339 1369 tam
3373 1327 3805 1390 corpus,quam

2141 1394 2415 1457 umbram
2467 1398 2739 1477 corporis
2771 1397 3232 1466 circumferens,
3270 1397 3513 1461 sordido
3561 1406 3620 1459 et
3671 1400 3806 1460 trito

2141 1489 2388 1547 amictus
2410 1489 2603 1561 pallio,
2636 1491 2873 1548 morbus
2924 1491 3095 1559 lenis,
3131 1505 3397 1548 sermone
3431 1490 3609 1561 utilis,
3645 1492 3807 1549 factis

2143 1573 2313 1635 valde
2331 1574 2726 1656 admirabilis,
2751 1575 3169 1637 humilioribus
3185 1594 3252 1636 se
3282 1576 3796 1641 accommodabat.

2141 1662 2388 1744 spiritus
2418 1664 2692 1726 altiorum
2726 1664 3098 1746 deprimens.

2223 1750 2318 1815 IX.
2347 1753 2493 1816 Cum
2532 1753 2749 1816 talibus
2774 1754 3040 1815 moribus
3070 1762 3127 1816 et
3156 1760 3270 1816 vita
3301 1754 3580 1836 praeditus
3609 1755 3679 1816 ad
3710 1757 3801 1817 ln-

403 1843 621 1917 Quidni
652 1845 811 1906 enim
844 1845 1150 1925 gauderet,
1184 1854 1241 1905 et
1271 1863 1404 1906 cum
1457 1843 1589 1905 aliis
1619 1843 1920 1906 laetaretur
1960 1842 2056 1905 di-
2083 1868 2119 1917 Β
2142 1842 2251 1903 dos
2281 1844 2567 1919 venisset,
2604 1844 2915 1925 visumque
2946 1844 3000 1905 ei
3033 1852 3191 1906 esset
3218 1844 3412 1923 gentis
3444 1844 3669 1923 ingredi
3704 1844 3802 1904 in-

401 1934 670 2015 scipulis,
702 1942 1119 1996 sacrosanctus
1172 1935 1283 1995 iste
1337 1942 1394 1995 et
1428 1951 1673 2012 magnus
1723 1932 2047 2013 apostolus,

401 2022 609 2084 videns
640 2022 817 2084 verba
846 2022 1099 2084 deducta
1129 2041 1261 2085 esse
1291 2022 1361 2083 ad
1418 2022 1719 2101 effectum,
1753 2029 1812 2082 et
1841 2039 2053 2083 susce-

401 2119 514 2192 ptae
544 2112 741 2175 carnis
774 2130 976 2175 verum
1012 2131 1143 2174 esse
1199 2112 1564 2192 mysterium,
1607 2130 1802 2191 neque
1834 2111 2055 2172 frustra

398 2204 457 2265 in
489 2220 559 2266 eo
592 2210 880 2264 versatam
914 2203 1097 2264 fuisse
1129 2202 1605 2264 incredulitatem
1638 2200 1668 2260 ?
1700 2205 1890 2280 Atque
1924 2200 2056 2263 dies

399 2292 641 2374 quidem
673 2292 774 2353 ille
803 2310 837 2352 a
860 2290 1112 2353 Domino
1149 2292 1529 2371 praestitutus,
1548 2291 1673 2370 jam
1700 2290 1877 2350 ﬁnem
1904 2292 2059 2352 acci-

400 2381 602 2464 piebat
636 2381 1063 2443 convenienter
1116 2382 1212 2461 iis,
1247 2399 1379 2461 qua;
1411 2381 1511 2441 ille
1544 2380 1769 2441 dicerat
1804 2400 1817 2441 :
1874 2388 1930 2439 et
1959 2378 2055 2441 di-

401 2473 574 2532 vinus
624 2470 882 2551 Spiritus
918 2470 992 2531 ad
1050 2489 1157 2532 eos
1214 2471 1515 2551 advolans,
1551 2479 1828 2549 tanquam
1878 2487 2061 2530 sonus

400 2561 645 2638 quidam
671 2562 841 2621 ﬂatus
861 2559 1255 2635 vehementis,
1285 2560 1479 2621 statim
1506 2560 1565 2620 in
1600 2559 1828 2637 linguas
1858 2558 2061 2637 igneas

401 2648 921 2722 dividebatur.Qui
946 2668 1080 2711 cum
1107 2649 1312 2711 fuisset
1336 2667 1512 2730 super
1542 2666 2057 2728 unumquemque,

400 2738 652 2801 faciebat
684 2756 790 2800 eos
820 2739 982 2819 loqui
1005 2738 1223 2815 linguis
1248 2738 1481 2813 alienis,
1514 2736 1664 2799 adeo
1699 2745 1783 2816 ut,
1821 2736 1924 2815 qui
1949 2755 2061 2798 au-

402 2828 669 2907 diebant,
703 2828 1089 2891 afﬁcerentur
1124 2846 1339 2906 magna
1372 2826 1840 2889 admiratione?
1894 2824 2062 2887 Tunc

402 2936 542 2995 ergo
563 2923 655 2979 hic
681 2936 909 2994 quoque
933 2935 1183 2993 magnus
1216 2919 1512 2992 apostolus
1542 2933 1673 2977 cum
1697 2918 1919 2976 sederet
1948 2932 2061 2975 una

401 3027 536 3070 cum
568 3007 817 3089 reliquis
844 3006 1179 3088 discipulis,
1216 3006 1345 3087 ipse
1373 3022 1613 3087 quoque
1646 3004 1703 3064 in
1740 3003 1932 3083 igneis
1956 3003 2063 3065 lin-

400 3097 532 3178 guis
562 3097 793 3179 accepit
824 3096 1071 3176 gratiam
1111 3118 1124 3159 :
1161 3105 1220 3158 et
1265 3114 1399 3158 cum
1433 3096 1492 3156 in
1542 3113 1715 3157 suum
1750 3092 2061 3155 habitacu-

2142 1932 2381 2007 teriora,
2416 1942 2730 2014 postquam
2764 1933 2906 1995 vidit
2942 1934 3149 1995 falsam
3193 1934 3529 1996 daemonum
3560 1934 3802 2012 religio--

2140 2039 2271 2081 nem
2301 2040 2397 2082 eos
2425 2026 2955 2097 comprehendisse.
2993 2035 3047 2082 et
3077 2027 3207 2082 imis
3239 2039 3435 2083 eorum
3470 2026 3678 2081 animis
3708 2028 3799 2082 in-

2141 2108 2393 2189 sedisse,
2429 2128 2550 2170 non
2593 2110 2789 2172 statim
2825 2110 3122 2193 processit
3148 2110 3219 2172 ad
3254 2130 3356 2171 eos
3412 2110 3797 2185 refellendos,

2143 2219 2261 2261 non
2284 2199 2517 2262 induxit
2548 2200 3205 2281 reprehensiones,non
3233 2208 3507 2281 tanquam
3539 2202 3806 2264 medica-

2144 2297 2345 2350 mento
2381 2309 2523 2352 usus
2573 2298 2661 2351 est
2691 2290 3082 2369 austeritate;
3138 2289 3363 2352 sciebat
3412 2291 3598 2363 enim,
3640 2292 3797 2371 quod

2144 2397 2276 2459 quae
2302 2378 2475 2457 longa
2494 2380 2931 2442 consuetudine
2956 2381 3017 2441 in
3050 2380 3268 2442 nostris
3293 2381 3640 2443 conﬁrmata
3664 2393 3801 2441 sunt

2145 2468 2362 2529 animis
2412 2487 2529 2529 non
2562 2478 2807 2549 possunt
2839 2470 3009 2531 facile
3040 2470 3254 2544 deleri,
3290 2479 3348 2530 et
3408 2469 3799 2549 persuasione

2147 2557 2359 2637 magis,
2384 2576 2557 2637 quam
2593 2558 2647 2619 vi
2682 2566 3008 2622 mutantur.
3036 2561 3360 2639 Propterea
3406 2560 3589 2639 magis
3616 2559 3801 2620 utitur

2148 2646 2631 2722 mansuetudine,
2662 2656 2720 2709 et
2740 2646 3289 2722 bonismoribus,et
3310 2648 3545 2711 blandis
3573 2650 3791 2724 verbis,

2148 2753 2400 2814 magnus
2444 2741 2502 2797 et
2532 2736 2770 2815 dignus,
2806 2737 2909 2817 qui
2938 2737 2998 2798 in
3030 2738 3259 2800 honore
3317 2737 3643 2802 haberetur
3674 2759 3792 2800 non

2148 2842 2218 2886 ex
2248 2823 2401 2885 fastu
2431 2833 2487 2886 et
2511 2831 2836 2901 tumore,et
2856 2824 3057 2888 verbis
3091 2825 3443 2905 magniﬁcis,
3473 2827 3577 2888 sed
3603 2845 3670 2888 ex
3703 2827 3793 2887 fa-

2147 2913 2258 2974 ctis
2274 2921 2333 2975 et
2352 2913 2541 2993 signis
2565 2914 2653 2977 eis
2672 2925 3059 2997 apparens,et
3074 2916 3295 2995 insigni
3317 2916 3557 2991 Christi,
3578 2934 3800 2996 nempe

2147 3002 2510 3082 humilitate,
2541 3005 2711 3069 valde
2738 3013 2983 3067 ornatus
3010 3027 3023 3066 :
3059 3024 3175 3086 quo
3200 3005 3445 3086 quidem
3476 3025 3580 3068 eos
3611 3006 3799 3083 magis

2146 3093 2419 3174 capiebat
2449 3102 2505 3155 et
2538 3094 2875 3157 attrahebat
2913 3095 2987 3157 ad
3016 3098 3403 3174 agnitionem,
3438 3096 3598 3175 quod
3642 3104 3801 3155 esset

402 3188 524 3248 lum
562 3196 745 3248 totum
777 3185 1203 3248 intromisisset
1232 3184 1545 3265 Spiritum,
1581 3192 1737 3244 totus
1768 3182 1876 3243 fuit
1906 3182 2120 3265 illius“
2148 3182 2430 3263 operibus
2462 3184 2705 3265 quidem
2739 3183 3129 3263 admirabilis,
3167 3184 3379 3263 spiritu
3408 3195 3606 3245 autem
3641 3181 3798 3243 mitis

404 3274 1061 3350 instrumentum,valde
1084 3274 1387 3354 sapienter
1411 3281 1471 3333 et
1502 3279 1834 3352 opportune
1867 3271 2123 3350 pulsa-“
2146 3285 2199 3333 ct
2227 3278 2575 3337 moderatus.
2606 3278 2800 3349 Itaque
2827 3278 2965 3335 moti
3007 3276 3385 3334 admiratione
3415 3276 3559 3342 Indi,
3595 3290 3800 3347 rogare

404 3375 552 3429 tum.
607 3364 704 3428 Sic
736 3383 880 3443 ergo
932 3362 1192 3425 Thomas
1241 3362 1315 3423 ab
1343 3363 1458 3423 alto
1509 3362 1918 3433 conﬁrmatus,
1952 3359 2061 3420 fuit
2144 3370 2457 3442 coeperunt
2486 3362 2757 3443 quisnam
2793 3369 2969 3437 esset,
3004 3370 3062 3422 et
3092 3362 3253 3439 cujas
3279 3378 3520 3438 genere,
3550 3370 3609 3423 et
3636 3379 3801 3438 quas-

404 3462 688 3535 perpetuo
743 3452 1072 3527 accinctus,
1108 3460 1502 3532 promptuque
1534 3460 1595 3513 et
1644 3449 1827 3511 alacri
1859 3450 2056 3511 animo
2141 3468 2273 3511 nam
2305 3462 2453 3513 esset
2482 3455 2607 3527 eius
2636 3455 2858 3527 religio,
2896 3464 2948 3512 et
2977 3455 3129 3527 quod
3158 3453 3432 3512 studium.
3478 3454 3580 3512 [tle
3610 3467 3796 3513 autem

399 3544 473 3605 ad
508 3542 1017 3623 praedicationem,
1052 3540 1198 3601 nihil
1252 3542 1473 3602 timens
1502 3557 1714 3601 eorum
1765 3557 1895 3619 quae
1921 3547 2061 3600 sunt
2138 3539 2397 3603 habebat
2447 3542 2607 3604 enim
2640 3542 2701 3602 in
2746 3559 2811 3604 se
2840 3541 3135 3603 Christum
3192 3543 3540 3621 magistrum
3588 3542 3804 3605 leniter

400 3632 712 3707 terribilia,
750 3650 862 3694 nec
914 3638 1160 3711 stupens
1209 3629 1428 3710 aliquid
1483 3647 1686 3691 eorum
1742 3646 1872 3709 quae
1921 3635 2058 3691 sunt
2141 3637 2200 3691 et
2249 3632 2515 3695 modeste
2544 3630 2880 3713 respondit,
2918 3631 3074 3712 quod
3110 3640 3267 3695 esset
3296 3649 3518 3711 genere
3556 3631 3797 3712 quidem

404 3725 565 3785 clara
595 3731 653 3784 et
682 3723 958 3784 illustria.

484 3811 790 3876 VIIl.Cum
817 3829 957 3891 ergo
985 3828 1084 3873 res
1118 3809 1404 3891 apostolis
1427 3827 1490 3871 se
1514 3808 1806 3871 haberent
1834 3827 1905 3871 ex
1934 3809 2058 3870 ani-

398 3902 481 3964 mi
503 3902 821 3981 sententia,
855 3905 1162 3982 oporteret
1188 3907 1385 3961 autem
1418 3899 1657 3963 Domini
1696 3899 1929 3980 jussum
1982 3899 2054 3960 ﬁ-

398 4010 535 4055 nem
563 3992 863 4072 accipere,
885 3990 984 4072 qui
1017 3989 1262 4067 quidem
1295 4000 1423 4053 erat
1451 4011 1463 4054 :
1503 3988 1760 4053 «Euntes
1788 3988 1849 4050 in
1876 4007 2055 4050 mun-

397 4082 782 4157 dum,docete
806 4099 1014 4142 omnes
1034 4088 1240 4159 gentes
1257 4080 1309 4153 8,
1327 4106 1346 4137 n
1381 4079 1532 4140 alius
1552 4079 1792 4160 quidem
1817 4096 1886 4139 ex
1910 4096 2060 4157 apo-

396 4171 562 4233 stolis
591 4171 768 4233 aliam
800 4170 963 4233 orbis
1027 4180 1199 4232 terrae
1232 4178 1457 4250 partem
1490 4169 1735 4231 sortitus
1768 4174 1876 4239 est,
1909 4166 2061 4229 sicut

396 4262 503 4336 eis,
555 4262 658 4343 qui
709 4260 1056 4337 advenerat,
1112 4259 1400 4340 Spiritus,
1435 4267 1658 4319 sortem
1713 4256 2053 4317 deﬁnierat.

396 4349 656 4413 Thomas
686 4350 864 4430 igitur
886 4350 1104 4411 missus
1131 4347 1709 4423 estinlndiam,quae
1728 4352 1855 4404 erat
1884 4344 2058 4424 plane

396 4440 670 4517 barbara,
708 4449 767 4501 et
822 4440 878 4499 in
904 4438 1148 4499 nefariis
1172 4437 1520 4499 versabatur
1541 4431 1896 4496 actionibus.
1927 4431 2059 4510 Ipsa

394 4540 593 4593 autem
618 4535 730 4590 sita
753 4536 843 4588 est
864 4525 1217 4603 longissime
1239 4524 1315 4585 ab
1348 4526 1625 4604 Aigypto;
1651 4521 1890 4582 alluitur
1918 4537 2056 4581 vero

2138 3720 2403 3799 Judazus,
2438 3720 2771 3803 discipulus
2821 3727 3020 3785 autem
3058 3721 3304 3801 insignis
3359 3720 3517 3782 illius
3560 3720 3798 3803 Moysis,

2141 3813 2297 3874 illius
2327 3816 2565 3889 inquam
2620 3816 2844 3889 Moysis,
2883 3816 2981 3888 qui
3015 3830 3147 3873 cum
3179 3816 3296 3872 Deo
3326 3823 3414 3871 est
3462 3815 3802 3881 collocutus.

2143 3896 2348 3959 deinde
2379 3902 2553 3958 etiam
2580 3898 2791 3958 Christi
2844 3898 2969 3955 Filii
3007 3898 3103 3954 Dei
3143 3897 3486 3966 discipulus,
3516 3898 3613 3966 qui
3651 3902 3806 3956 venit

2142 3989 2215 4051 ad
2250 3987 2461 4050 mundi
2492 3986 2766 4061 salutem,
2801 3992 2862 4045 et
2891 3982 3050 4063 quod
3080 3982 3254 4041 vitam
3291 3988 3573 4040 aeternam
3603 3989 3661 4043 et
3680 3984 3804 4042 ani-

2143 4100 2375 4145 marum
2408 4080 2659 4143 salutem
2694 4077 2924 4138 veniret
2954 4073 3374 4135 annuntiatum
3403 4091 3416 4136 :
3455 4074 3670 4156 quibus
3700 4075 3802 4156 qui

2143 4170 2531 4241 crediderint,
2568 4174 2745 4228 erunt
2777 4162 3167 4226 ineﬁ‘abilium
3227 4163 3525 4226 bonorum
3560 4166 3796 4245 partici-

2150 4277 2275 4340 pes.
2314 4262 2609 4321 Praeterea
2639 4262 2839 4317 narrat
2869 4253 3085 4316 Christi
3126 4252 3230 4316 Dei
3263 4253 3446 4317 Verbi
3478 4253 3798 4316 demissio-

2142 4366 2304 4421 nem,
2332 4346 2634 4425 refertque
2666 4343 2948 4405 miracula
2978 4361 3109 4425 quae
3137 4344 3296 4419 fecit,
3334 4343 3474 4404 dum
3510 4344 3570 4404 in
3607 4342 3795 4405 terris

2143 4443 2201 4497 in
2233 4453 2413 4497 carne
2442 4446 2676 4513 ageret;
2705 4433 3014 4515 ipsamque
3046 4433 3407 4515 passionem,
3435 4452 3566 4514 quas
3598 4434 3799 4494 multis

2144 4524 2375 4588 videtur
2405 4524 2695 4606 probrosa
2729 4544 2743 4606 ;
2799 4524 3076 4585 virtutem
3121 4522 3600 4598 resurrectionis,
3636 4530 3693 4584 et
3724 4522 3797 4583 ad

398 4619 545 4680 mari
576 4617 745 4679 valde
780 4614 1117 4692 navigabili,
1153 4622 1209 4674 et
1240 4622 1331 4674 est
1360 4614 1603 4693 quidem
1639 4626 1827 4686 egena
1855 4626 2055 4670 rerum
2080 4604 2329 4677 DctBlOS
2360 4604 2773 4677 ascensionem
2804 4635 2818 4674 :
2854 4614 3037 4695 Cujus
3071 4612 3424 4693 discipulus,
3452 4611 3666 4693 inquit,
3686 4631 3797 4690 ego

398 4701 1170 4778 necessariorum,abundat
1202 4710 1393 4763 autem
1410 4700 1591 4763 rebus
1607 4697 1881 4781 pretiosis
1904 4707 1962 4760 et
1982 4698 2052 4760 ad
2142 4713 2202 4768 et
2233 4705 2507 4768 minister
2534 4702 3002 4783 admirabilium,
3035 4722 3166 4784 qua;
3195 4704 3322 4783 ipse
3350 4702 3507 4775 fecit,
3547 4703 3799 4765 miracu-

397 4798 604 4859 luxum
639 4791 1130 4858 accommodatis.
1159 4791 1300 4853 Eam
1320 4791 1543 4853 habitat
1574 4790 1632 4851 id
1656 4806 1867 4869 genus,
1897 4789 2054 4869 quod
2140 4794 2357 4876 lorum,
2384 4802 2564 4873 atque
2593 4793 2965 4869 ceconomiae,
3000 4812 3131 4874 quae
3163 4792 3272 4853 fuit
3318 4795 3475 4853 Deus
3507 4802 3564 4853 et
3593 4792 3791 4864 homo,

397 4886 621 4949 dictum
655 4894 767 4962 est,
796 4884 952 4965 quod
976 4890 1067 4944 est
1090 4880 1665 4962 frequentissimum,
1697 4886 1755 4940 et
1785 4877 2052 4941 deditum
2139 4894 2373 4949 creatus
2399 4903 2528 4946 sum
2562 4902 2754 4965 praeco
2791 4904 2807 4961 ;
2839 4884 3010 4964 cujus
3041 4881 3401 4944 annuntians
3431 4881 3491 4942 in
3525 4882 3798 4944 homines

400 4984 777 5051 mercaturae,
814 4981 872 5035 et
926 4989 1138 5050 magna
1166 4989 1235 5033 ex
1278 4978 1441 5051 parte
1474 4969 1721 5043 nudum,
1759 4975 1817 5029 et
1868 4967 2057 5030 instar
2139 4979 2570 5049 benignitatem,
2594 4986 2650 5033 et
2678 4978 3020 5034 immensam
3054 4976 3283 5047 inipsos
3314 4974 3794 5038 misericordiam.

396 5064 671 5139 fetarum,
707 5082 842 5145 quas
891 5062 1111 5140 degunt
1142 5061 1202 5122 in
1260 5060 1581 5134 montibus,
1616 5058 1793 5119 vitam
1844 5075 2050 5137 agens.
2138 5067 2211 5129 ad
2242 5082 2346 5127 vos
2374 5068 2564 5143 usque
2603 5061 2830 5124 accessi
2866 5081 2882 5138 ;
2916 5061 3088 5140 cujus
3115 5060 3302 5122 factus
3343 5077 3474 5119 sum
3507 5067 3692 5139 mysta
3740 5069 3797 5120 et

397 5158 586 5229 Quam
614 5154 691 5217 ob
724 5170 959 5215 causam
997 5169 1313 5231 corporum
1346 5149 1721 5230 superﬁciem
1772 5147 1921 5238 radii
1953 5165 2051 5208 so-
2134 5153 2464 5238 apostolus.
2514 5149 2585 5211 Et
2615 5168 2747 5211 cum
2794 5150 2941 5231 ipsis
2964 5149 3150 5210 oculis
3183 5149 3335 5209 facta
3364 5146 3445 5209 sit
3473 5148 3615 5209 mihi
3647 5147 3795 5238 ﬁdes

395 5246 549 5308 lares
584 5244 868 5307 invadunt
909 5240 1236 5321 ardentius,
1269 5239 1557 5320 valdeque
1608 5236 1960 5310 incendunt,
1992 5243 2052 5297 et
2135 5236 2341 5310 ein-um
2369 5260 2503 5320 quae
2532 5240 2835 5319 dicuntur,
2872 5257 2989 5299 non
3021 5238 3073 5299 vi
3106 5256 3209 5300 eos
3238 5238 3337 5319 qui
3368 5245 3650 5317 renuunt,
3689 5236 3795 5298 sed

394 5335 735 5415 denigrant,
765 5342 824 5396 et
860 5330 1126 5394 efﬁciunt
1154 5331 1278 5392 visu
1311 5328 1723 5392 deformiores.
1765 5325 2052 5389 Colebant
2132 5338 2293 5398 omni
2345 5331 2630 5394 charitate
2659 5328 2990 5409 amplector
3031 5347 3131 5390 eos
3162 5329 3264 5410 qui
3324 5326 3784 5407 persuadeatur.

395 5434 592 5488 autem
626 5425 723 5486 isti
758 5423 1074 5485 simulacra
1097 5422 1247 5483 facta
1270 5438 1341 5483 ex
1364 5437 1541 5482 omne
1564 5436 1751 5496 genus
1777 5416 2045 5501 materiai
2210 5422 2424 5497 X.His,
2452 5430 2509 5482 et
2537 5416 2808 5501 pluribus
2832 5418 2963 5479 aliis
2981 5419 3262 5480 divinitus
3292 5416 3541 5499 prolatis
3570 5416 3788 5495 verbis,

393 5524 453 5578 εί
501 5515 657 5596 (μιοά
692 5514 752 5575 in
803 5531 874 5575 ea
906 5510 1325 5573 conferebam?
1377 5508 1666 5581 δίυάίυιη,
1701 5515 1757 5568 θί
1790 5506 2045 5581 enim“,
2132 5515 2421 5577 Indorum
2454 5507 2710 5591 populus
2740 5506 2811 5569 ad
2864 5510 3203 5588 mysterium
3238 5506 3631 5587 introductus,
3668 5511 3792 5569 suis

468 5704 690 5772 5Joan.
725 5723 847 5782 XXI,
888 5714 907 5767 l
944 5723 1115 5789 seqq.
1201 5704 1394 5767 6Luc.
1430 5717 1597 5779 xxnv,
1640 5699 1717 5763 36
1748 5716 1925 5780 seqq.
2012 5697 2045 5749 ’1
2070 5697 2209 5760 Act.
2248 5709 2316 5771 ιι,
2350 5690 2375 5751 1
2416 5706 2585 5771 seqq.
2672 5688 2704 5739 8
2728 5685 2927 5750 Matth.
2962 5702 3163 5770 xxvm,
3205 5686 3302 5749 18.
