4148 6404
299 379 431 445 565

1348 385 1819 447 MARTYRIUM
1865 384 1967 446 SS.
2013 383 2071 446 X
2113 384 2256 447 MM.
2302 378 2823 447 CRETENSIUM.

3584 380 3700 449 566

297 514 532 577 animis
561 516 830 597 suscepit
878 517 1041 579 verbi
1094 535 1324 583 semen.
1386 516 1617 583 Deinde
1647 518 1737 598 (ut
1767 515 1959 579 dicam
1981 524 2020 575 Α
2045 515 2453 597 pus,lidelium
2474 513 2753 578 manibus
2773 514 3061 580 decenter
3093 515 3700 600 compositum,sepe-

299 625 451 668 cum
480 604 681 667 divino
703 605 1049 688 Evangelia)
1090 607 1343 671 Domino
1377 607 1719 687 adjuvante,
1755 613 1966 669 etser-

302 713 561 756 moncm
587 696 977 760 conﬁrmante
996 716 1101 778 per
1121 698 1290 775 signa
1303 695 1968 779 consequentia,paula-

299 783 417 844 tim
455 785 700 864 quidem
733 785 974 848 abducti
994 795 1134 848 sunt
1160 788 1232 849 ab
1261 787 1559 849 idolorum
1584 786 1966 850 libaminibus

298 884 363 936 et
400 874 976 957 abnminationibus,
1011 876 1082 938 ad
1109 894 1302 940 veram
1331 886 1527 939 autem
1552 878 1730 939 ﬁdem
1750 895 1960 939 acces-

299 973 548 1034 serunt.
584 974 642 1026 et
670 965 757 1027 sic
805 966 1149 1046 apostolicis
1206 967 1613 1029 transformati
1646 966 1960 1043 doctrinis,

300 1054 553 1118 Christo
576 1054 899 1117 familiares
919 1065 1234 1118 evaserunt
1259 1074 1365 1138 per
1381 1054 1763 1137 baptismum:
1787 1056 1960 1131 adeo,

302 1152 373 1204 ut
406 1144 586 1205 etiam
615 1162 804 1226 usque
828 1143 898 1206 ad
930 1146 1124 1228 ipsum
1152 1164 1352 1225 regem
1376 1145 1721 1225 pervenerit
1751 1145 1965 1224 praedi-

305 1233 742 1313 catio,etiamsi
777 1254 894 1296 non
928 1234 1252 1317 penetrarit
1284 1252 1470 1316 usque
1496 1235 1569 1296 ad
1607 1233 1965 1314 profundum

306 1324 450 1404 ejus
486 1325 721 1386 mentis.
768 1322 972 1405 Itaque
1004 1323 1108 1405 qui
1138 1342 1358 1404 genere
1387 1324 1633 1406 quidem
1667 1325 1739 1385 ad
1764 1342 1967 1403 regem

305 1412 816 1486 attinebant,cum
849 1432 911 1476 se
933 1423 1083 1477 totos
1105 1414 1811 1476 dedissentsermonibus
1831 1433 1970 1495 apo-

306 1502 478 1577 stoli,
514 1501 588 1563 ab
620 1520 691 1564 eo
717 1503 888 1566 avelli
932 1523 1049 1565 non
1098 1512 1412 1584 poterant:
1456 1521 1563 1564 rex
1610 1511 1806 1566 autem
1839 1503 1970 1584 ipse

309 1592 601 1654 detentus
623 1610 655 1653 a
688 1592 981 1671 profunda
1006 1593 1261 1673 caligine
1293 1590 1737 1672 ignorantim,et
1764 1610 1798 1653 a
1827 1591 1966 1673 qui-

306 1680 427 1743 bus
459 1680 762 1744 miraculis
795 1682 1104 1764 oportebat
1132 1681 1204 1743 ad
1237 1682 1430 1744 lucem
1487 1680 1743 1757 traduci,
1777 1680 1850 1742 ab
1879 1680 1968 1743 eis

308 1771 647 1834 voluntaria
663 1772 930 1836 caecitate
952 1773 1026 1835 ad
1042 1774 1326 1854 majorem
1342 1791 1628 1836 accensus
1645 1772 1934 1835 insaniam
1947 1822 1961 1849 ,

2051 607 2192 670 litur
2216 628 2229 671 :
2257 612 2412 687 regis
2434 613 2629 670 autem
2656 605 2815 669 ﬁlius
2837 606 3046 669 incidit
3063 606 3123 669 in
3142 625 3380 688 gravem
3399 605 3700 687 morbum,

2050 706 2111 758 et
2130 695 2233 778 qui
2257 704 2381 759 erat
2404 705 2530 758 arte
2550 696 2809 758 humana
2829 696 3287 761 validior.Pater
3309 714 3450 774 ergo
3466 695 3704 777 (quidni

2050 788 2234 868 enim,
2270 788 2318 849 si
2351 786 2587 867 pater?)
2620 786 2994 848 inﬂectitnra
3018 794 3229 849 natura
3260 786 3623 868 ﬂetibusque
3641 797 3705 851 et

2048 875 2327 958 lacrymis
2359 875 2658 955 irrigatur,
2694 875 3220 939 lamentationibus
3266 876 3566 954 laniatur;
3594 877 3704 940 sed

2045 966 2264 1027 nullam
2300 965 2612 1027 inveniens
2645 964 2784 1027 mali
2827 965 3212 1042 solutionem,
3277 965 3701 1029 miraculorum

2046 1055 2296 1135 apostoli
2326 1055 2696 1131 recordatur,
2732 1062 2791 1116 et
2832 1054 3137 1137 quaerebat
3169 1074 3407 1135 parvam
3437 1055 3702 1136 aliquam

2052 1153 2275 1226 partem
2300 1162 2368 1206 ex
2394 1145 2525 1223 ejus
2546 1144 2817 1225 reliquiis
2835 1143 2908 1206 ad
2941 1145 3305 1208 medendum
3331 1147 3385 1208 ei
3412 1145 3514 1227 qui
3535 1144 3699 1208 labo-

2051 1235 2238 1296 rabat.
2274 1233 2592 1315 Postquam
2626 1244 2826 1296 autem
2876 1235 3122 1297 rescivit
3175 1255 3295 1298 non
3342 1254 3700 1318 comparere

2051 1341 2269 1405 corpus
2287 1323 2706 1405 apostolicum,
2731 1323 2942 1386 saltem
2976 1325 3309 1406 pulverem,
3336 1343 3516 1407 quem
3547 1326 3700 1390 illud

2053 1415 2261 1493 tetigit,
2288 1412 2474 1495 jussit
2528 1414 2771 1477 atl‘erre.
2831 1412 2997 1486 Quod
3031 1414 3275 1495 quidem
3310 1433 3444 1477 cum
3477 1417 3699 1480 factum

2053 1513 2232 1579 esset,
2264 1513 2456 1585 pater,
2482 1503 2792 1581 aegrotanti
2818 1502 2941 1565 tilio
2993 1504 3234 1584 pulvere
3256 1502 3559 1585 imposito,
3595 1525 3697 1569 sa-

2053 1613 2194 1655 num
2222 1594 2370 1655 vidit
2395 1611 2743 1674 eum,quem
2776 1592 3018 1675 putabat
3048 1595 3434 1669 moriturum,
3460 1596 3702 1659 etiamsi

2053 1683 2151 1745 ille
2172 1683 2465 1745 modicam
2487 1681 2682 1744 lucem
2703 1682 3231 1764 agnitionis,quam
3250 1694 3702 1765 acceperat,sua

2048 1782 2259 1853 sponte
2288 1772 2617 1852 repulerat,
2652 1780 2711 1833 et
2770 1790 2914 1835 vere
2967 1780 3095 1834 erat
3157 1781 3448 1850 mortuus,
3482 1787 3547 1837 ut
3597 1779 3701 1858 qui

304 1861 689 1924 consultabat
716 1865 792 1925 de
820 1872 1011 1926 morte
1039 1862 1316 1944 apostoli.
1353 1862 1756 1935 Quamobrem
1800 1861 1960 1924 dicto
1988 1861 2319 1937 Bacerbam
2354 1869 2605 1923 mortem
2642 1863 3009 1942 suscepisset
3062 1860 3410 1943 impietatis.
3453 1866 3525 1927 Et
3569 1867 3701 1930 haec

304 1951 492 2014 citius
514 1952 575 2012 in
598 1971 732 2014 eum
759 1953 871 2015 fert
900 1953 1256 2016 sententiam
1287 1970 1301 2015 :
1325 1961 1384 2015 et
1413 1952 1636 2014 lanceis
1656 1953 1730 2014 de
1764 1950 1962 2013 medio

304 2040 543 2103 tollitur
566 2059 812 2122 magnus
826 2044 921 2106 hic
935 2042 1372 2123 apostolus,qui
1400 2049 1641 2124 pr0pter
1659 2040 1960 2103 Christum

308 2139 569 2192 mortem
594 2131 852 2194 libenter
873 2133 1315 2214 suscepit.Eum
1342 2132 1582 2193 beatum
1602 2130 1844 2211 quidem
1865 2132 1965 2212 jn-

304 2219 527 2282 dicavit
556 2223 774 2284 chorus
798 2241 1001 2285 eorum
1036 2222 1137 2303 qui
1163 2240 1269 2304 per
1298 2221 1497 2303 ipsum
1534 2221 1959 2284 crediderunt:

311 2309 557 2372 beatum
586 2321 781 2374 autem
816 2312 1055 2375 censuit
1087 2329 1324 2393 quoque
1377 2311 1597 2372 chorus
1625 2328 1836 2372 eorum
1864 2316 1965 2393 qut

308 2408 455 2462 sunt
486 2400 549 2462 in
581 2401 840 2464 excelsis
875 2424 887 2460 :
924 2401 1264 2482 plausitque
1308 2404 1613 2482 justorum
1650 2400 1966 2462 multitudo

309 2509 450 2552 cum
484 2491 794 2571 apostolis,
829 2490 1097 2553 videntes
1147 2509 1376 2553 sacram
1412 2491 1575 2552 illam
1610 2498 1667 2552 et
1700 2489 1962 2552 divinam

298 2586 563 2643 animam
590 2581 647 2642 in
674 2582 856 2645 melos
876 2581 1292 2656 asendentem,
1318 2588 1375 2642 et
1404 2581 1685 2662 stipatam
1712 2582 1961 2661 angelo-

298 2687 437 2732 rum
472 2670 813 2735 ordinibus.

384 2760 490 2825 Xl.
526 2761 675 2835 Quid
709 2770 905 2824 autem
940 2762 1225 2844 deinceps
1242 2760 1723 2840 consequitur,et
1751 2761 1894 2842 quid
1927 2779 1960 2824 e

301 2851 544 2931 superis
600 2853 872 2933 providet
923 2861 982 2914 et
1034 2852 1345 2933 dispensat
1375 2850 1636 2925 bonitas,
1682 2849 1960 2915 homines

306 2941 611 3003 attratiens
627 2942 693 3004 ad
731 2944 1014 3026 pietatem
1033 2947 1061 3005 ?
1088 2940 1332 3005 Sacrum
1365 2937 1606 3022 quidem
1644 2937 1792 3003 illud
1815 2959 1957 3004 cor-

2047 1952 2288 2034 quidem
2322 1958 2607 2034 quantum
2641 1950 2810 2012 licuit
2844 1969 2962 2013 non
2988 1950 3329 2013 aberrando
3362 1971 3397 2014 a
3418 1955 3695 2033 veritate,

2048 2042 2379 2122 composita
2409 2041 2740 2122 fuerunt,et
2768 2040 3139 2121 conscripta,
3165 2048 3226 2103 et
3255 2043 3507 2123 apostoli
3537 2044 3700 2108 laudi

2049 2140 2188 2193 sunt
2218 2130 2506 2194 dedicata.
2536 2130 2737 2193 Tantas
2760 2128 2935 2192 nobis
2957 2129 3175 2192 laetitias
3191 2149 3369 2193 causa
3398 2140 3488 2195 est
3516 2134 3700 2199 hodie

2049 2221 2331 2284 Thomas.
2352 2219 2464 2283 Per
2485 2238 2664 2298 quem
2700 2224 2875 2283 etiam
2898 2220 3178 2283 Indorum
3204 2219 3471 2285 barbarae
3490 2234 3700 2302 gentes

2050 2310 2388 2374 didicerunt
2418 2329 2549 2372 eam
2579 2311 2756 2388 viam,
2783 2328 2916 2392 quae
2941 2309 3056 2373 fert
3087 2309 3161 2372 ad
3195 2310 3381 2374 caelos
3413 2332 3427 2373 :
3464 2321 3700 2396 etquo-

2048 2419 2182 2464 rum
2216 2419 2468 2483 corpora
2498 2408 2669 2463 erant
2696 2401 2843 2462 solis
2871 2399 3056 2462 radiis
3102 2400 3435 2479 denigrata,
3487 2421 3698 2468 evase-

2047 2500 2187 2553 runt
2226 2491 2498 2553 candidis
2522 2490 2793 2573 laetisque
2827 2499 2887 2552 et
2915 2489 3215 2553 alacribus
3243 2490 3484 2567 animis,
3513 2495 3613 2576 qui
3635 2496 3705 2560 in

2046 2581 2503 2662 intelligentiam
2537 2581 2716 2654 cadit,
2744 2580 2872 2644 sole
2894 2598 3044 2662 pure
3064 2598 3135 2643 ac
3157 2582 3421 2644 suaviter
3442 2584 3531 2646 eis
3554 2585 3701 2649 illu-

2045 2681 2326 2735 cescente
2362 2690 2375 2735 :
2411 2670 2483 2733 ad
2523 2670 2773 2752 gloriam
2806 2669 3020 2747 Patris,
3054 2679 3114 2733 et
3158 2670 3319 2749 Filii,
3353 2682 3412 2734 et
3440 2675 3702 2756 Spiritus

2043 2761 2254 2841 sancti,
2295 2760 2497 2837 unius,
2533 2768 2590 2822 et
2620 2778 2756 2838 quae
2788 2759 2971 2824 dividi
3018 2779 3135 2823 non
3172 2769 3386 2842 potest,
3413 2762 3698 2830 divinita-

2043 2852 2118 2913 tis
2152 2869 2165 2913 :
2206 2867 2383 2931 quam
2418 2850 2593 2913 decet
2623 2849 2833 2930 gloria,
2869 2850 3064 2940 honor
3097 2856 3157 2913 et
3202 2851 3470 2915 adoratio
3510 2873 3696 2940 nunc,

2041 2958 2304 3022 semper,
2331 2949 2393 3003 et
2424 2940 2486 3002 in
2512 2941 2732 3002 saecula
2760 2938 3140 3004 saeculorum.
3176 2942 3397 3005 Amen.

812 3264 1459 3351 ΜΑΡΤΥΡΙΟΝ
1530 3264 1756 3348 ΤΩΝ
1825 3264 2163 3350 ΑΓΙΩΝ
2239 3263 2528 3348 ΔΕΚΑ
2598 3263 3203 3351 ΜΑΡΤΥΡΩΝ

710 3841 1555 3955 MARTYRIUM
1655 3843 1847 3954 SS.
1941 3841 2408 3953 DECEM
2515 3839 3305 3953 MARTYRUM

1147 4098 1338 4199 QUI
1434 4100 1547 4184 IN
1646 4094 2009 4183 CRETA
2110 4091 2421 4181 PASSI
2517 4092 2844 4187 SUNT.

626 4294 803 4355 Graece
821 4298 954 4373 apud
976 4297 1287 4373 Cornelium,
1311 4301 1474 4360 Creta
1491 4314 1674 4366 sacra,
1709 4300 1770 4357 4ο
1797 4297 2028 4357 Venetiis
2057 4297 2193 4355 1745
2216 4313 2230 4363 ;
2258 4295 2438 4353 Latine
2461 4294 2591 4370 apud
2615 4293 2822 4352 Surium
2843 4293 2904 4350 ad
2931 4290 3004 4350 23
3025 4292 3367 4367 Decembris.)

382 4565 470 4628 A'.
548 4557 759 4632 ’Ἄλλος
792 4568 890 4643 μὲν
928 4564 1059 4625 ἄλλο
1088 4591 1137 4625 τι
1186 4568 1283 4637 τῆς
1314 4567 1671 4649 θρυλουμένης
1721 4566 1987 4634 διεξιέτω(

2116 4565 2159 4630 Ι.
2196 4565 2363 4631 Alius
2387 4564 2627 4646 quidem
2671 4563 2903 4646 aliquid
2936 4562 3099 4627 aliud
3138 4569 3537 4645 persequatur
3568 4579 3701 4625 ora-

297 4659 549 4731 Κρήτης,
583 4657 612 4711 6
649 4657 748 4729 μὲν
778 4657 838 4712 τὸ
896 4655 1117 4730 κάλλος,
1165 4662 1192 4714 6
1223 4654 1278 4712 δὲ
1314 4658 1377 4712 τὸ
1408 4656 1655 4735 μέγεθος,
1693 4658 1777 4712 καὶ
1807 4658 1835 4712 ὁ
1866 4657 1962 4732 μὲν

287 4747 462 4825 τείχη
488 4747 578 4801 καὶ
640 4742 880 4822 λιμένας,
915 4748 942 4802 6
1001 4744 1055 4802 δὲ
1097 4751 1201 4803 τῶν
1231 4747 1384 4824 ὡρῶν
1413 4746 1512 4813 τὴν
1569 4752 1755 4826 κρᾶσιν
1787 4747 1874 4803 καὶ
1905 4746 1965 4801 τὸ

294 4836 406 4892 τῶν
473 4841 694 4903 καρπῶν
738 4834 981 4914 εὔφοροΨ
1056 4834 1164 4914 ἐγὼ
1220 4833 1275 4891 δὲ
1319 4835 1347 4891 ὃ
1408 4833 1579 4892 πάντα
1621 4834 1789 4891 τᾶλλα
1847 4841 1966 4908 νικᾷ

291 4929 386 4982 καὶ
449 4924 520 4993 ἢν
569 4924 741 5001 μόνην
791 4923 934 4992 ἀξίαν
981 4922 1192 5001 εἴπωμι
1252 4935 1344 4984 τοῦ
1385 4926 1583 4992 ταύτης
1644 4923 1967 5003 δημιουργοῦ

292 5014 494 5095 φορὰν,
529 5018 726 5082 ταύτην
786 5018 886 5094 πρὸ
948 5021 1051 5071 τῶν
1104 5013 1280 5071 ἄλλων
1338 5014 1463 5093 ἐρῶ.
1525 5015 1611 5077 Τίς
1645 5014 1697 5069 δὲ
1744 5013 1891 5078 οὗτος
1941 5017 1968 5070 6

291 5104 513 5182 καρπὸς
583 5105 680 5161 καί
733 5105 809 5169 τίς
869 5106 894 5160 6
952 5110 1202 5170 τοσοῦτος
1255 5101 1350 5171 δῆς
1385 5105 1547 5173 νήσου
1578 5104 1832 5181 κόσμος;
1879 5103 1968 5167 Τίς

297 5194 485 5270 ἕτερος
548 5193 637 5262 ἢὸ
686 5197 827 5259 Octo;
856 5195 963 5250 τῶν
1012 5196 1291 5274 μαρτύρων
1339 5193 1592 5274 χορὸς,ὀ
1638 5191 1965 5267 ἐπαινούμε-

297 5305 387 5349 νος
468 5283 716 5364 ἀριθμὸς,
773 5285 831 5340 τὸ
912 5284 1124 5340 πάντων
1208 5284 1307 5359 μὲν
1375 5282 1653 5345 θεαμάτων
1724 5280 1962 5357 ἥδιστον,

606 5371 654 5429 δὲ
739 5372 1089 5448 ἄκουσμᾶτων
1163 5371 1637 5453 ὠτελιμώτατονδ
1709 5373 1756 5428 οἱ
1815 5369 1963 5445 δέκα,

298 5466 466 5545 φημὶ,
526 5471 618 5520 τοῦ
679 5470 909 5541 Χριστοῦ
978 5476 1315 5543 στεφανϊται,
1371 5464 1417 5519 (οἱ
1493 5462 1551 5518 ἐκ
1602 5462 1800 5529 ταύτης
1872 5462 1968 5538 μὲν

298 5552 685 5633 προελθόντες,
742 5550 1089 5631 γενναιότατα
1148 5549 1203 5607 δὲ
1262 5551 1348 5608 καὶ
1408 5551 1535 5630 ὑπὲρ
1567 5558 1798 5630 Χριστοῦ
1828 5574 1969 5630 παρη

298 5645 654 5723 τυρήςτπιντες²
703 5643 757 5697 οἳ
811 5643 897 5698 καὶ
957 5640 1096 5698 καλὰ
1126 5662 1188 5719 γε
1260 5640 1424 5705 ὄντως
1482 5639 1848 5699 ἀποδεδώκασι
1906 5643 1973 5698 τὰ

297 5733 531 5814 τροφεῖα
583 5730 752 5808 τιμῆς
798 5729 931 5800 ὅσης
992 5731 1156 5799 αὐτὴν
1218 5729 1539 5798 ἀξιώσαντες
1591 5734 1651 5788 τὸ
1712 5752 1967 5812 μαρτυρι-

297 5373 519 5431 πέντων
600 5373 654 5429 δὲ

2049 4656 2235 4731 tione,
2268 4655 2429 4718 illius
2450 4673 2582 4736 quae
2617 4654 2788 4733 vulgo
2806 4655 3088 4734 jactatur,
3115 4652 3346 4726 Cretae;
3382 4652 3535 4714 alius
3559 4652 3700 4734 qui-

2049 4747 2185 4808 dem
2216 4743 2762 4825 pulchritudinem,
2790 4743 2943 4807 alius
2964 4761 3101 4807 vero
3133 4741 3704 4820 magnitudinem,et

2049 4835 2202 4897 alius
2232 4834 2476 4916 quidem
2512 4834 2734 4897 moenia
2767 4842 2824 4895 et
2877 4842 3109 4914 portus,
3144 4832 3295 4895 alius
3320 4841 3516 4895 autem
3545 4834 3707 4897 aeris

2054 4924 2555 5005 temperationem
2590 4932 2649 4985 et
2678 4924 2976 4986 fructuum
3012 4920 3536 5003 l‘ertilitatem.Ego
3558 4940 3702 4987 vero

2053 5015 2135 5089 id,
2170 5014 2324 5095 quod
2358 5013 2474 5075 alia
2533 5012 2716 5076 vincit
2774 5013 2998 5093 omnia,
3034 5020 3093 5074 et
3145 5029 3321 5092 quam
3354 5014 3541 5075 solam
3574 5013 3705 5093 ejus

2048 5103 2267 5186 opiﬁce
2298 5103 2533 5183 dignam
2596 5101 2849 5165 dixerim
2909 5100 3308 5175 feracitatem,
3345 5120 3476 5163 eam
3507 5102 3702 5165 dicam

2050 5202 2184 5254 ante
2205 5192 2639 5265 alia.Quisnam
2672 5198 2763 5254 est
2787 5190 2885 5254 hic
2906 5190 3159 5271 fructus,
3187 5199 3246 5253 et
3284 5190 3588 5272 quodnam
3614 5198 3707 5255 est

2050 5289 2274 5345 tantum
2298 5283 2508 5345 insulze
2551 5280 3015 5343 ornamentum?
3045 5278 3199 5353 Quid
3235 5280 3418 5357 aliud,
3455 5280 3574 5342 nisi
3605 5280 3705 5343 di-

2051 5372 2222 5433 vinus
2250 5373 2469 5435 chorus
2496 5382 2847 5452 martyrum,
2875 5378 2934 5431 et
2956 5370 3060 5452 qui
3083 5370 3363 5432 laudatur
3391 5388 3703 5448 numerus,

2054 5469 2111 5522 et
2134 5461 2289 5543 quod
2316 5463 2582 5523 omnium
2606 5459 2851 5541 quidem
2875 5469 2964 5522 est
2986 5460 3468 5541 spectaculorum
3488 5460 3707 5540 jucun-

2055 5550 2388 5626 dissimum,
2424 5570 2493 5613 ac
2535 5556 2938 5613 acroamatum
2971 5550 3241 5612 omnium
3272 5549 3656 5613 utilissimum
3677 5554 3708 5611 ?

2056 5639 2301 5722 Decem,
2335 5641 2601 5723 inquam,
2650 5639 2735 5702 illi
2768 5657 2873 5722 pro
2907 5637 3141 5702 Christo
3174 5639 3432 5719 martyrii
3465 5638 3705 5702 coronis

2056 5728 2325 5794 redimiti
2359 5749 2372 5795 :
2405 5731 2507 5815 qui
2538 5749 2608 5794 ex
2641 5749 2713 5794 ea
2742 5728 2982 5813 quidem
3016 5737 3461 5811 processerunt,
3494 5727 3700 5791 fortis-
