  <div class='ocr_page' id='page_1' title='image "/cluster/home/n/w/nwhite01/storage/ocr_20150623/116:no.3/coo.31924054870203/291.png"; bbox 0 0 4148 6400; ppageno 0'>
   <div class='ocr_carea' id='block_1_1' title="bbox 431 329 2065 405">
    <p class='ocr_par' dir='ltr' id='par_1_1' title="bbox 431 329 2023 398">
     <span class='ocr_line' id='line_1_1' title="bbox 431 329 2023 398; baseline 0.001 -3"><span class='ocrx_word' id='word_1_1' title='bbox 431 329 548 396; x_wconf 85' lang='grc'><strong>567</strong></span> <span class='ocrx_word' id='word_1_2' title='bbox 1742 334 1907 398; x_wconf 85' lang='grc' dir='ltr'><strong>ΜΕΝ</strong></span> <span class='ocrx_word' id='word_1_3' title='bbox 1911 333 2023 397; x_wconf 89' lang='lat' dir='ltr'><strong>SIS</strong></span> 
     </span>
    </p>
   </div>
   <div class='ocr_carea' id='block_1_2' title="bbox 2155 329 3812 405">
    <p class='ocr_par' dir='ltr' id='par_1_2' title="bbox 2155 333 3812 405">
     <span class='ocr_line' id='line_1_2' title="bbox 2155 333 3812 405; baseline 0.005 -8"><span class='ocrx_word' id='word_1_4' title='bbox 2155 333 2493 399; x_wconf 73' lang='lat' dir='ltr'><strong>ICEMBER.</strong></span> <span class='ocrx_word' id='word_1_5' title='bbox 3695 339 3812 405; x_wconf 77' lang='grc'><strong>568</strong></span> 
     </span>
    </p>
   </div>
   <div class='ocr_carea' id='block_1_3' title="bbox 432 455 2065 552">
    <p class='ocr_par' dir='ltr' id='par_1_3' title="bbox 432 467 2065 552">
     <span class='ocr_line' id='line_1_3' title="bbox 432 467 2065 552; baseline -0.004 -19"><span class='ocrx_word' id='word_1_6' title='bbox 432 470 586 533; x_wconf 92' lang='lat' dir='ltr'><strong>sime</strong></span> <span class='ocrx_word' id='word_1_7' title='bbox 606 475 804 533; x_wconf 89' lang='lat' dir='ltr'><strong>autem</strong></span> <span class='ocrx_word' id='word_1_8' title='bbox 839 487 943 552; x_wconf 89' lang='lat' dir='ltr'><strong>pro</strong></span> <span class='ocrx_word' id='word_1_9' title='bbox 988 469 1218 533; x_wconf 81' lang='lat' dir='ltr'><strong>Christo</strong></span> <span class='ocrx_word' id='word_1_10' title='bbox 1251 469 1494 532; x_wconf 82' lang='lat' dir='ltr'><strong>subiere</strong></span> <span class='ocrx_word' id='word_1_11' title='bbox 1544 469 1891 549; x_wconf 82' lang='lat' dir='ltr'><strong>martyrium</strong></span> <span class='ocrx_word' id='word_1_12' title='bbox 1923 487 1937 528; x_wconf 89' lang='lat'><strong>:</strong></span> <span class='ocrx_word' id='word_1_13' title='bbox 1977 467 2065 548; x_wconf 84' lang='lat' dir='ltr'><strong>qui</strong></span> 
     </span>
    </p>
   </div>
   <div class='ocr_carea' id='block_1_4' title="bbox 2155 455 3812 552">
    <p class='ocr_par' dir='ltr' id='par_1_4' title="bbox 2162 455 3812 550">
     <span class='ocr_line' id='line_1_4' title="bbox 2162 455 3812 550; baseline 0.005 -25"><span class='ocrx_word' id='word_1_14' title='bbox 2162 474 2270 534; x_wconf 84' lang='grc' dir='ltr'><strong>κῶς</strong></span> <span class='ocrx_word' id='word_1_15' title='bbox 2328 471 2382 528; x_wconf 70' lang='grc' dir='ltr'>ἐν</span> <span class='ocrx_word' id='word_1_16' title='bbox 2413 473 2581 550; x_wconf 73' lang='grc' dir='ltr'>ταύτῃ</span> <span class='ocrx_word' id='word_1_17' title='bbox 2639 470 3007 540; x_wconf 87' lang='grc' dir='ltr'>τελειωθῆναι.</span> <span class='ocrx_word' id='word_1_18' title='bbox 3069 455 3250 538; x_wconf 66' lang='grc' dir='ltr'><strong>⁸1Οπως</strong></span> <span class='ocrx_word' id='word_1_19' title='bbox 3309 472 3362 529; x_wconf 80' lang='grc' dir='ltr'><strong>δὲ</strong></span> <span class='ocrx_word' id='word_1_20' title='bbox 3423 473 3654 532; x_wconf 84' lang='grc' dir='ltr'>συνελὼν</span> <span class='ocrx_word' id='word_1_21' title='bbox 3707 474 3812 544; x_wconf 79' lang='grc' dir='ltr'>ἢδη</span> 
     </span>
    </p>
   </div>
   <div class='ocr_carea' id='block_1_5' title="bbox 434 557 2065 642">
    <p class='ocr_par' dir='ltr' id='par_1_5' title="bbox 434 557 2065 642">
     <span class='ocr_line' id='line_1_5' title="bbox 434 557 2065 642; baseline -0.005 -18"><span class='ocrx_word' id='word_1_22' title='bbox 434 579 563 624; x_wconf 90' lang='lat' dir='ltr'><strong>eam</strong></span> <span class='ocrx_word' id='word_1_23' title='bbox 587 579 691 642; x_wconf 88' lang='lat' dir='ltr'><strong>pro</strong></span> <span class='ocrx_word' id='word_1_24' title='bbox 713 560 1013 623; x_wconf 89' lang='lat' dir='ltr'><strong>alimentis</strong></span> <span class='ocrx_word' id='word_1_25' title='bbox 1028 579 1234 622; x_wconf 88' lang='lat' dir='ltr'><strong>revera</strong></span> <span class='ocrx_word' id='word_1_26' title='bbox 1253 560 1506 641; x_wconf 81' lang='lat' dir='ltr'><strong>pulchre</strong></span> <span class='ocrx_word' id='word_1_27' title='bbox 1531 571 1668 621; x_wconf 89' lang='lat' dir='ltr'><strong>sunt</strong></span> <span class='ocrx_word' id='word_1_28' title='bbox 1687 557 2065 633; x_wconf 68' lang='lat' dir='ltr'><strong>remunerati,</strong></span> 
     </span>
    </p>
   </div>
   <div class='ocr_carea' id='block_1_6' title="bbox 2155 557 2560 642">
    <p class='ocr_par' dir='ltr' id='par_1_6' title="bbox 2165 558 2560 641">
     <span class='ocr_line' id='line_1_6' title="bbox 2165 558 2560 641; baseline 0.015 -28"><span class='ocrx_word' id='word_1_29' title='bbox 2165 559 2192 613; x_wconf 86' lang='grc' dir='ltr'>ὀ</span> <span class='ocrx_word' id='word_1_30' title='bbox 2235 558 2393 639; x_wconf 80' lang='grc' dir='ltr'>λόγος</span> <span class='ocrx_word' id='word_1_31' title='bbox 2427 561 2560 641; x_wconf 78' lang='grc' dir='ltr'>ἐρεῖ.</span> 
     </span>
    </p>
   </div>
   <div class='ocr_carea' id='block_1_7' title="bbox 430 649 3812 733">
    <p class='ocr_par' dir='ltr' id='par_1_7' title="bbox 430 649 3812 733">
     <span class='ocr_line' id='line_1_7' title="bbox 430 649 3812 733; baseline 0.001 -20"><span class='ocrx_word' id='word_1_32' title='bbox 430 670 566 714; x_wconf 91' lang='lat' dir='ltr'><strong>cum</strong></span> <span class='ocrx_word' id='word_1_33' title='bbox 626 670 755 713; x_wconf 90' lang='lat' dir='ltr'><strong>eam</strong></span> <span class='ocrx_word' id='word_1_34' title='bbox 791 660 950 712; x_wconf 91' lang='lat' dir='ltr'><strong>tanto</strong></span> <span class='ocrx_word' id='word_1_35' title='bbox 1001 651 1228 712; x_wconf 87' lang='lat' dir='ltr'><strong>honore</strong></span> <span class='ocrx_word' id='word_1_36' title='bbox 1257 649 1588 722; x_wconf 79' lang='lat' dir='ltr'><strong>atl‘ecerint,</strong></span> <span class='ocrx_word' id='word_1_37' title='bbox 1638 665 1700 709; x_wconf 83' lang='lat' dir='ltr'><strong>u&#39;.</strong></span> <span class='ocrx_word' id='word_1_38' title='bbox 1735 655 1793 709; x_wconf 91' lang='lat' dir='ltr'><strong>in</strong></span> <span class='ocrx_word' id='word_1_39' title='bbox 1851 666 1920 709; x_wconf 91' lang='lat' dir='ltr'><strong>ea</strong></span> <span class='ocrx_word' id='word_1_40' title='bbox 1965 665 2071 728; x_wconf 91' lang='lat' dir='ltr'><strong>per</strong></span> <span class='ocrx_word' id='word_1_41' title='bbox 2131 650 2480 730; x_wconf 70' lang='lat' dir='ltr'><strong>martyrihm</strong></span> <span class='ocrx_word' id='word_1_42' title='bbox 2540 649 2766 714; x_wconf 77' lang='lat' dir='ltr'><strong>fuerint</strong></span> <span class='ocrx_word' id='word_1_43' title='bbox 2826 651 3244 716; x_wconf 79' lang='lat' dir='ltr'><strong>consummati.</strong></span> <span class='ocrx_word' id='word_1_44' title='bbox 3280 652 3590 726; x_wconf 89' lang='lat' dir='ltr'><strong>Quomodo</strong></span> <span class='ocrx_word' id='word_1_45' title='bbox 3651 673 3812 733; x_wconf 82' lang='lat' dir='ltr'><strong>vero,</strong></span> 
     </span>
    </p>
   </div>
   <div class='ocr_carea' id='block_1_8' title="bbox 432 740 1030 823">
    <p class='ocr_par' dir='ltr' id='par_1_8' title="bbox 432 740 1030 823">
     <span class='ocr_line' id='line_1_8' title="bbox 432 740 1030 823; baseline -0.003 -21"><span class='ocrx_word' id='word_1_46' title='bbox 432 740 638 823; x_wconf 83' lang='lat' dir='ltr'><strong>paucis</strong></span> <span class='ocrx_word' id='word_1_47' title='bbox 661 742 783 821; x_wconf 89' lang='lat' dir='ltr'><strong>jam</strong></span> <span class='ocrx_word' id='word_1_48' title='bbox 820 741 1030 802; x_wconf 88' lang='lat' dir='ltr'><strong>oratio.</strong></span> 
     </span>
    </p>
   </div>
   <div class='ocr_carea' id='block_1_9' title="bbox 511 828 2065 908">
    <p class='ocr_par' dir='ltr' id='par_1_9' title="bbox 511 828 2065 908">
     <span class='ocr_line' id='line_1_9' title="bbox 511 828 2065 908; baseline -0.003 -17"><span class='ocrx_word' id='word_1_49' title='bbox 511 833 585 894; x_wconf 89' lang='lat' dir='ltr'><strong>ll.</strong></span> <span class='ocrx_word' id='word_1_50' title='bbox 621 830 840 893; x_wconf 89' lang='lat' dir='ltr'><strong>Decius</strong></span> <span class='ocrx_word' id='word_1_51' title='bbox 864 829 1099 904; x_wconf 88' lang='lat' dir='ltr'><strong>ille,qui</strong></span> <span class='ocrx_word' id='word_1_52' title='bbox 1129 848 1340 906; x_wconf 86' lang='lat' dir='ltr'><strong>magno</strong></span> <span class='ocrx_word' id='word_1_53' title='bbox 1373 829 1482 890; x_wconf 83' lang='lat' dir='ltr'><strong>fuit</strong></span> <span class='ocrx_word' id='word_1_54' title='bbox 1506 828 1703 890; x_wconf 77' lang='lat' dir='ltr'><strong>furore</strong></span> <span class='ocrx_word' id='word_1_55' title='bbox 1731 828 2065 908; x_wconf 75' lang='lat' dir='ltr'><strong>percitus,et</strong></span> 
     </span>
    </p>
   </div>
   <div class='ocr_carea' id='block_1_10' title="bbox 2155 828 3816 908">
    <p class='ocr_par' dir='ltr' id='par_1_10' title="bbox 2247 830 3816 908">
     <span class='ocr_line' id='line_1_10' title="bbox 2247 830 3816 908; baseline 0.003 -19"><span class='ocrx_word' id='word_1_56' title='bbox 2247 831 2327 894; x_wconf 80' lang='lat' dir='ltr'><strong>B&#39;.</strong></span> <span class='ocrx_word' id='word_1_57' title='bbox 2393 832 2578 895; x_wconf 78' lang='grc' dir='ltr'><strong>Δέκιος</strong></span> <span class='ocrx_word' id='word_1_58' title='bbox 2633 833 2660 888; x_wconf 90' lang='grc' dir='ltr'><strong>ό</strong></span> <span class='ocrx_word' id='word_1_59' title='bbox 2718 830 2882 896; x_wconf 78' lang='grc' dir='ltr'>πολὺς</span> <span class='ocrx_word' id='word_1_60' title='bbox 2940 833 3040 900; x_wconf 78' lang='grc' dir='ltr'>τὴν</span> <span class='ocrx_word' id='word_1_61' title='bbox 3085 834 3275 908; x_wconf 90' lang='grc' dir='ltr'>μανίαν</span> <span class='ocrx_word' id='word_1_62' title='bbox 3320 836 3406 891; x_wconf 68' lang='grc' dir='ltr'><strong>καὶ</strong></span> <span class='ocrx_word' id='word_1_63' title='bbox 3461 837 3522 892; x_wconf 80' lang='grc' dir='ltr'><strong>τὸ</strong></span> <span class='ocrx_word' id='word_1_64' title='bbox 3572 834 3816 908; x_wconf 72' lang='grc' dir='ltr'>κολάζειν</span> 
     </span>
    </p>
   </div>
   <div class='ocr_carea' id='block_1_11' title="bbox 430 917 2065 1001">
    <p class='ocr_par' dir='ltr' id='par_1_11' title="bbox 430 917 2065 1001">
     <span class='ocr_line' id='line_1_11' title="bbox 430 917 2065 1001; baseline -0.005 -16"><span class='ocrx_word' id='word_1_65' title='bbox 430 921 505 986; x_wconf 87' lang='lat' dir='ltr'><strong>ad</strong></span> <span class='ocrx_word' id='word_1_66' title='bbox 534 919 981 1001; x_wconf 90' lang='lat' dir='ltr'><strong>persequendos</strong></span> <span class='ocrx_word' id='word_1_67' title='bbox 1010 919 1380 981; x_wconf 87' lang='lat' dir='ltr'><strong>Christianos</strong></span> <span class='ocrx_word' id='word_1_68' title='bbox 1422 921 1685 980; x_wconf 92' lang='lat' dir='ltr'><strong>omnium</strong></span> <span class='ocrx_word' id='word_1_69' title='bbox 1712 917 1824 978; x_wconf 88' lang='lat' dir='ltr'><strong>fuit</strong></span> <span class='ocrx_word' id='word_1_70' title='bbox 1846 917 2065 978; x_wconf 88' lang='lat' dir='ltr'><strong>violen-</strong></span> 
     </span>
    </p>
   </div>
   <div class='ocr_carea' id='block_1_12' title="bbox 2155 917 3814 1001">
    <p class='ocr_par' dir='ltr' id='par_1_12' title="bbox 2162 923 3814 1000">
     <span class='ocr_line' id='line_1_12' title="bbox 2162 923 3814 1000; baseline 0.001 -20"><span class='ocrx_word' id='word_1_71' title='bbox 2162 923 2531 1000; x_wconf 80' lang='grc' dir='ltr'>Χριστιανοὺς,</span> <span class='ocrx_word' id='word_1_72' title='bbox 2589 923 2838 978; x_wconf 79' lang='grc' dir='ltr'>ἁπάντων</span> <span class='ocrx_word' id='word_1_73' title='bbox 2897 924 2924 979; x_wconf 87' lang='grc' dir='ltr'>ὀ</span> <span class='ocrx_word' id='word_1_74' title='bbox 2967 923 3273 1000; x_wconf 72' lang='grc' dir='ltr'><strong>βιαιότατος</strong></span> <span class='ocrx_word' id='word_1_75' title='bbox 3332 924 3482 989; x_wconf 82' lang='grc' dir='ltr'>οὗτος</span> <span class='ocrx_word' id='word_1_76' title='bbox 3542 928 3631 983; x_wconf 89' lang='grc' dir='ltr'><strong>καὶ</strong></span> <span class='ocrx_word' id='word_1_77' title='bbox 3674 932 3814 996; x_wconf 76' lang='grc' dir='ltr'>σκῆ-</span> 
     </span>
    </p>
   </div>
   <div class='ocr_carea' id='block_1_13' title="bbox 431 1001 2065 1090">
    <p class='ocr_par' dir='ltr' id='par_1_13' title="bbox 431 1006 2065 1090">
     <span class='ocr_line' id='line_1_13' title="bbox 431 1006 2065 1090; baseline -0.004 -18"><span class='ocrx_word' id='word_1_78' title='bbox 431 1011 718 1084; x_wconf 89' lang='lat' dir='ltr'><strong>tissimus,</strong></span> <span class='ocrx_word' id='word_1_79' title='bbox 757 1009 808 1071; x_wconf 93' lang='lat' dir='ltr'><strong>is</strong></span> <span class='ocrx_word' id='word_1_80' title='bbox 839 1017 976 1069; x_wconf 91' lang='lat' dir='ltr'><strong>tunc</strong></span> <span class='ocrx_word' id='word_1_81' title='bbox 1008 1016 1246 1090; x_wconf 89' lang='lat' dir='ltr'><strong>sceptra</strong></span> <span class='ocrx_word' id='word_1_82' title='bbox 1277 1019 1488 1072; x_wconf 90' lang='lat' dir='ltr'><strong>tenens</strong></span> <span class='ocrx_word' id='word_1_83' title='bbox 1519 1006 1754 1088; x_wconf 89' lang='lat' dir='ltr'><strong>imperii</strong></span> <span class='ocrx_word' id='word_1_84' title='bbox 1786 1009 2065 1068; x_wconf 83' lang='lat' dir='ltr'><strong>Romano</strong></span> 
     </span>
    </p>
   </div>
   <div class='ocr_carea' id='block_1_14' title="bbox 2155 1001 3812 1090">
    <p class='ocr_par' dir='ltr' id='par_1_14' title="bbox 2164 1001 3812 1090">
     <span class='ocr_line' id='line_1_14' title="bbox 2164 1001 3812 1090; baseline 0.003 -22"><span class='ocrx_word' id='word_1_85' title='bbox 2164 1034 2300 1090; x_wconf 78' lang='grc' dir='ltr'>πτρα</span> <span class='ocrx_word' id='word_1_86' title='bbox 2358 1011 2480 1068; x_wconf 88' lang='grc' dir='ltr'>τότε</span> <span class='ocrx_word' id='word_1_87' title='bbox 2535 1001 2812 1086; x_wconf 40' lang='grc' dir='ltr'>*Ῥωμαίοις</span> <span class='ocrx_word' id='word_1_88' title='bbox 2871 1009 3092 1086; x_wconf 82' lang='grc' dir='ltr'>διέπων,</span> <span class='ocrx_word' id='word_1_89' title='bbox 3123 1012 3216 1081; x_wconf 89' lang='grc' dir='ltr'><strong>τῆς</strong></span> <span class='ocrx_word' id='word_1_90' title='bbox 3272 1014 3435 1084; x_wconf 74' lang='grc' dir='ltr'>νήσου</span> <span class='ocrx_word' id='word_1_91' title='bbox 3466 1017 3660 1083; x_wconf 88' lang='grc' dir='ltr'>ταύτης</span> <span class='ocrx_word' id='word_1_92' title='bbox 3714 1019 3812 1072; x_wconf 77' lang='grc' dir='ltr'><strong>ἄν·</strong></span> 
     </span>
    </p>
   </div>
   <div class='ocr_carea' id='block_1_15' title="bbox 427 1097 2065 1180">
    <p class='ocr_par' dir='ltr' id='par_1_15' title="bbox 427 1097 2065 1180">
     <span class='ocr_line' id='line_1_15' title="bbox 427 1097 2065 1180; baseline -0.005 -16"><span class='ocrx_word' id='word_1_93' title='bbox 427 1118 588 1175; x_wconf 83' lang='lat' dir='ltr'><strong>rum,</strong></span> <span class='ocrx_word' id='word_1_94' title='bbox 623 1100 801 1179; x_wconf 88' lang='lat' dir='ltr'><strong>hujus</strong></span> <span class='ocrx_word' id='word_1_95' title='bbox 832 1098 1043 1160; x_wconf 83' lang='lat' dir='ltr'><strong>insulae</strong></span> <span class='ocrx_word' id='word_1_96' title='bbox 1089 1098 1402 1160; x_wconf 87' lang='lat' dir='ltr'><strong>constituit</strong></span> <span class='ocrx_word' id='word_1_97' title='bbox 1434 1097 1854 1180; x_wconf 83' lang='lat' dir='ltr'><strong>proconsulem</strong></span> <span class='ocrx_word' id='word_1_98' title='bbox 1887 1097 2065 1157; x_wconf 72' lang='lat' dir='ltr'><strong>viruit</strong></span> 
     </span>
    </p>
   </div>
   <div class='ocr_carea' id='block_1_16' title="bbox 2155 1097 3814 1180">
    <p class='ocr_par' dir='ltr' id='par_1_16' title="bbox 2161 1101 3814 1180">
     <span class='ocr_line' id='line_1_16' title="bbox 2161 1101 3814 1180; baseline 0.001 -22"><span class='ocrx_word' id='word_1_99' title='bbox 2161 1102 2391 1158; x_wconf 83' lang='grc' dir='ltr'>θύπατον</span> <span class='ocrx_word' id='word_1_100' title='bbox 2448 1104 2668 1172; x_wconf 86' lang='grc' dir='ltr'>καθιστᾷ</span> <span class='ocrx_word' id='word_1_101' title='bbox 2725 1101 2886 1180; x_wconf 72' lang='grc' dir='ltr'>ἄνδρα</span> <span class='ocrx_word' id='word_1_102' title='bbox 2940 1102 3081 1174; x_wconf 78' lang='grc' dir='ltr'>τινὰ,</span> <span class='ocrx_word' id='word_1_103' title='bbox 3146 1101 3332 1160; x_wconf 79' lang='grc' dir='ltr'>Δέκιον</span> <span class='ocrx_word' id='word_1_104' title='bbox 3389 1104 3486 1179; x_wconf 81' lang='grc' dir='ltr'>μὲν</span> <span class='ocrx_word' id='word_1_105' title='bbox 3525 1105 3613 1162; x_wconf 86' lang='grc' dir='ltr'><strong>καὶ</strong></span> <span class='ocrx_word' id='word_1_106' title='bbox 3661 1107 3814 1162; x_wconf 79' lang='grc' dir='ltr'>αὐτὸν</span> 
     </span>
    </p>
   </div>
   <div class='ocr_carea' id='block_1_17' title="bbox 429 1185 2065 1272">
    <p class='ocr_par' dir='ltr' id='par_1_17' title="bbox 429 1185 2065 1272">
     <span class='ocr_line' id='line_1_17' title="bbox 429 1185 2065 1272; baseline -0.004 -21"><span class='ocrx_word' id='word_1_107' title='bbox 429 1189 772 1272; x_wconf 86' lang='lat' dir='ltr'><strong>quemdam,</strong></span> <span class='ocrx_word' id='word_1_108' title='bbox 800 1189 900 1269; x_wconf 92' lang='lat' dir='ltr'><strong>qui</strong></span> <span class='ocrx_word' id='word_1_109' title='bbox 931 1189 1144 1251; x_wconf 91' lang='lat' dir='ltr'><strong>eodem</strong></span> <span class='ocrx_word' id='word_1_110' title='bbox 1179 1207 1419 1270; x_wconf 90' lang='lat' dir='ltr'><strong>quoque</strong></span> <span class='ocrx_word' id='word_1_111' title='bbox 1453 1187 1693 1260; x_wconf 90' lang='lat' dir='ltr'><strong>nomine</strong></span> <span class='ocrx_word' id='word_1_112' title='bbox 1725 1185 2065 1267; x_wconf 83' lang='lat' dir='ltr'><strong>appellaba-</strong></span> 
     </span>
    </p>
   </div>
   <div class='ocr_carea' id='block_1_18' title="bbox 2155 1185 3814 1272">
    <p class='ocr_par' dir='ltr' id='par_1_18' title="bbox 2164 1191 3814 1271">
     <span class='ocr_line' id='line_1_18' title="bbox 2164 1191 3814 1271; baseline 0.002 -23"><span class='ocrx_word' id='word_1_113' title='bbox 2164 1192 2461 1269; x_wconf 74' lang='grc' dir='ltr'>ὁμωνύμως</span> <span class='ocrx_word' id='word_1_114' title='bbox 2505 1191 2857 1268; x_wconf 80' lang='grc' dir='ltr'>καλούμενον,</span> <span class='ocrx_word' id='word_1_115' title='bbox 2923 1191 3025 1270; x_wconf 70' lang='grc' dir='ltr'>οὔχ</span> <span class='ocrx_word' id='word_1_116' title='bbox 3071 1194 3234 1258; x_wconf 78' lang='grc' dir='ltr'>ἧττον</span> <span class='ocrx_word' id='word_1_117' title='bbox 3293 1191 3347 1248; x_wconf 81' lang='grc' dir='ltr'><strong>δὲ</strong></span> <span class='ocrx_word' id='word_1_118' title='bbox 3405 1195 3497 1251; x_wconf 77' lang='grc' dir='ltr'><strong>τοῦ</strong></span> <span class='ocrx_word' id='word_1_119' title='bbox 3553 1195 3814 1271; x_wconf 70' lang='grc' dir='ltr'>ὀνόματος</span> 
     </span>
    </p>
   </div>
   <div class='ocr_carea' id='block_1_19' title="bbox 428 1275 2065 1364">
    <p class='ocr_par' dir='ltr' id='par_1_19' title="bbox 428 1275 2065 1360">
     <span class='ocr_line' id='line_1_19' title="bbox 428 1275 2065 1360; baseline -0.005 -16"><span class='ocrx_word' id='word_1_120' title='bbox 428 1291 546 1357; x_wconf 87' lang='lat' dir='ltr'><strong>tur,</strong></span> <span class='ocrx_word' id='word_1_121' title='bbox 599 1297 819 1360; x_wconf 88' lang='lat' dir='ltr'><strong>nempe</strong></span> <span class='ocrx_word' id='word_1_122' title='bbox 845 1278 1086 1352; x_wconf 90' lang='lat' dir='ltr'><strong>Decius,</strong></span> <span class='ocrx_word' id='word_1_123' title='bbox 1124 1297 1242 1339; x_wconf 91' lang='lat' dir='ltr'><strong>non</strong></span> <span class='ocrx_word' id='word_1_124' title='bbox 1303 1279 1498 1340; x_wconf 89' lang='lat' dir='ltr'><strong>minus</strong></span> <span class='ocrx_word' id='word_1_125' title='bbox 1543 1287 1769 1356; x_wconf 85' lang='lat' dir='ltr'><strong>autem,</strong></span> <span class='ocrx_word' id='word_1_126' title='bbox 1802 1295 1981 1359; x_wconf 87' lang='lat' dir='ltr'><strong>quam</strong></span> <span class='ocrx_word' id='word_1_127' title='bbox 2016 1275 2065 1336; x_wconf 81' lang='lat' dir='ltr'><strong>in</strong></span> 
     </span>
    </p>
   </div>
   <div class='ocr_carea' id='block_1_20' title="bbox 2155 1275 3813 1364">
    <p class='ocr_par' dir='ltr' id='par_1_20' title="bbox 2165 1281 3813 1364">
     <span class='ocr_line' id='line_1_20' title="bbox 2165 1281 3813 1364; baseline 0.004 -28"><span class='ocrx_word' id='word_1_128' title='bbox 2165 1282 2251 1337; x_wconf 82' lang='grc' dir='ltr'><strong>καὶ</strong></span> <span class='ocrx_word' id='word_1_129' title='bbox 2301 1294 2418 1346; x_wconf 77' lang='grc' dir='ltr'>τοῖς</span> <span class='ocrx_word' id='word_1_130' title='bbox 2452 1281 2668 1359; x_wconf 69' lang='grc' dir='ltr'>τρόποις</span> <span class='ocrx_word' id='word_1_131' title='bbox 2729 1282 3186 1358; x_wconf 80' lang='grc' dir='ltr'>συνηρμοσμένονο</span> <span class='ocrx_word' id='word_1_132' title='bbox 3218 1284 3274 1348; x_wconf 78' lang='grc' dir='ltr'>ὃς</span> <span class='ocrx_word' id='word_1_133' title='bbox 3322 1285 3378 1339; x_wconf 71' lang='grc' dir='ltr'>ἓν</span> <span class='ocrx_word' id='word_1_134' title='bbox 3411 1285 3594 1363; x_wconf 73' lang='grc' dir='ltr'>Κρήτῃ</span> <span class='ocrx_word' id='word_1_135' title='bbox 3653 1286 3813 1364; x_wconf 84' lang='grc' dir='ltr'>γενό-</span> 
     </span>
    </p>
   </div>
   <div class='ocr_carea' id='block_1_21' title="bbox 426 1365 2065 1455">
    <p class='ocr_par' dir='ltr' id='par_1_21' title="bbox 426 1365 2065 1449">
     <span class='ocr_line' id='line_1_21' title="bbox 426 1365 2065 1449; baseline -0.007 -17"><span class='ocrx_word' id='word_1_136' title='bbox 426 1367 1106 1449; x_wconf 80' lang='lat' dir='ltr'><strong>nomine,conveniebat</strong></span> <span class='ocrx_word' id='word_1_137' title='bbox 1141 1368 1200 1428; x_wconf 94' lang='lat' dir='ltr'><strong>in</strong></span> <span class='ocrx_word' id='word_1_138' title='bbox 1234 1366 1521 1428; x_wconf 89' lang='lat' dir='ltr'><strong>moribus.</strong></span> <span class='ocrx_word' id='word_1_139' title='bbox 1559 1365 1667 1438; x_wconf 88' lang='lat' dir='ltr'><strong>Qui</strong></span> <span class='ocrx_word' id='word_1_140' title='bbox 1702 1385 1834 1427; x_wconf 92' lang='lat' dir='ltr'><strong>cum</strong></span> <span class='ocrx_word' id='word_1_141' title='bbox 1868 1365 2065 1427; x_wconf 75' lang='lat' dir='ltr'><strong>fuisset</strong></span> 
     </span>
    </p>
   </div>
   <div class='ocr_carea' id='block_1_22' title="bbox 2155 1365 3813 1455">
    <p class='ocr_par' dir='ltr' id='par_1_22' title="bbox 2165 1370 3813 1455">
     <span class='ocr_line' id='line_1_22' title="bbox 2165 1370 3813 1455; baseline 0.002 -30"><span class='ocrx_word' id='word_1_142' title='bbox 2165 1391 2325 1446; x_wconf 90' lang='grc' dir='ltr'>μενος</span> <span class='ocrx_word' id='word_1_143' title='bbox 2384 1371 2573 1449; x_wconf 81' lang='grc' dir='ltr'>μιιιρὸν</span> <span class='ocrx_word' id='word_1_144' title='bbox 2644 1370 2799 1450; x_wconf 73' lang='grc' dir='ltr'>ἔργον</span> <span class='ocrx_word' id='word_1_145' title='bbox 2849 1372 3093 1449; x_wconf 75' lang='grc' dir='ltr'>ἡγήσατο</span> <span class='ocrx_word' id='word_1_146' title='bbox 3143 1373 3232 1429; x_wconf 87' lang='grc' dir='ltr'><strong>καὶ</strong></span> <span class='ocrx_word' id='word_1_147' title='bbox 3287 1371 3431 1431; x_wconf 70' lang='grc' dir='ltr'>οὐδὲν</span> <span class='ocrx_word' id='word_1_148' title='bbox 3477 1372 3610 1455; x_wconf 66' lang='grc' dir='ltr'>ἔχοι</span> <span class='ocrx_word' id='word_1_149' title='bbox 3665 1375 3813 1448; x_wconf 60' lang='grc' dir='ltr'>ὠμὸν</span> 
     </span>
    </p>
   </div>
   <div class='ocr_carea' id='block_1_23' title="bbox 431 1455 2065 1546">
    <p class='ocr_par' dir='ltr' id='par_1_23' title="bbox 431 1455 2065 1546">
     <span class='ocr_line' id='line_1_23' title="bbox 431 1455 2065 1546; baseline -0.004 -25"><span class='ocrx_word' id='word_1_150' title='bbox 431 1460 493 1546; x_wconf 85' lang='lat' dir='ltr'><strong>in</strong></span> <span class='ocrx_word' id='word_1_151' title='bbox 524 1459 720 1538; x_wconf 86' lang='lat' dir='ltr'><strong>Creta,</strong></span> <span class='ocrx_word' id='word_1_152' title='bbox 751 1475 878 1520; x_wconf 92' lang='lat' dir='ltr'><strong>rem</strong></span> <span class='ocrx_word' id='word_1_153' title='bbox 910 1474 1146 1538; x_wconf 83' lang='lat' dir='ltr'><strong>parvam</strong></span> <span class='ocrx_word' id='word_1_154' title='bbox 1197 1456 1571 1532; x_wconf 80' lang='lat' dir='ltr'><strong>existimavit,</strong></span> <span class='ocrx_word' id='word_1_155' title='bbox 1607 1464 1665 1516; x_wconf 90' lang='lat' dir='ltr'><strong>et</strong></span> <span class='ocrx_word' id='word_1_156' title='bbox 1697 1473 1827 1532; x_wconf 58' lang='lat' dir='ltr'><strong>quas</strong></span> <span class='ocrx_word' id='word_1_157' title='bbox 1856 1455 2065 1517; x_wconf 83' lang='lat' dir='ltr'><strong>nullan</strong></span> 
     </span>
    </p>
   </div>
   <div class='ocr_carea' id='block_1_24' title="bbox 2155 1455 3813 1546">
    <p class='ocr_par' dir='ltr' id='par_1_24' title="bbox 2166 1459 3813 1542">
     <span class='ocr_line' id='line_1_24' title="bbox 2166 1459 3813 1542; baseline 0.002 -26"><span class='ocrx_word' id='word_1_158' title='bbox 2166 1459 2281 1518; x_wconf 68' lang='grc' dir='ltr'>οὐδὲ</span> <span class='ocrx_word' id='word_1_159' title='bbox 2331 1459 2535 1538; x_wconf 75' lang='grc' dir='ltr'>ἄγριον,</span> <span class='ocrx_word' id='word_1_160' title='bbox 2591 1462 2651 1517; x_wconf 82' lang='grc' dir='ltr'>τὸ</span> <span class='ocrx_word' id='word_1_161' title='bbox 2712 1461 2915 1525; x_wconf 79' lang='grc' dir='ltr'>πάντας</span> <span class='ocrx_word' id='word_1_162' title='bbox 2971 1461 3091 1528; x_wconf 80' lang='grc' dir='ltr'>τοὺς</span> <span class='ocrx_word' id='word_1_163' title='bbox 3148 1461 3200 1518; x_wconf 78' lang='grc' dir='ltr'>ὲν</span> <span class='ocrx_word' id='word_1_164' title='bbox 3248 1462 3414 1538; x_wconf 76' lang='grc' dir='ltr'>ταύτῃ</span> <span class='ocrx_word' id='word_1_165' title='bbox 3475 1465 3813 1542; x_wconf 74' lang='grc' dir='ltr'>Χριστιανοὺς</span> 
     </span>
    </p>
   </div>
   <div class='ocr_carea' id='block_1_25' title="bbox 426 1545 2065 1628">
    <p class='ocr_par' dir='ltr' id='par_1_25' title="bbox 426 1545 2065 1625">
     <span class='ocr_line' id='line_1_25' title="bbox 426 1545 2065 1625; baseline -0.007 -13"><span class='ocrx_word' id='word_1_166' title='bbox 426 1545 682 1612; x_wconf 82' lang='lat' dir='ltr'><strong>haberet</strong></span> <span class='ocrx_word' id='word_1_167' title='bbox 709 1546 1141 1608; x_wconf 83' lang='lat' dir='ltr'><strong>immanitatem</strong></span> <span class='ocrx_word' id='word_1_168' title='bbox 1177 1554 1234 1606; x_wconf 92' lang='lat' dir='ltr'><strong>et</strong></span> <span class='ocrx_word' id='word_1_169' title='bbox 1261 1545 1789 1614; x_wconf 69' lang='lat' dir='ltr'><strong>stnvitiam,omnes</strong></span> <span class='ocrx_word' id='word_1_170' title='bbox 1820 1545 1919 1625; x_wconf 87' lang='lat' dir='ltr'><strong>qui</strong></span> <span class='ocrx_word' id='word_1_171' title='bbox 1943 1557 2065 1605; x_wconf 74' lang='lat' dir='ltr'><strong>sunt</strong></span> 
     </span>
    </p>
   </div>
   <div class='ocr_carea' id='block_1_26' title="bbox 2155 1545 3813 1628">
    <p class='ocr_par' dir='ltr' id='par_1_26' title="bbox 2167 1549 3813 1628">
     <span class='ocr_line' id='line_1_26' title="bbox 2167 1549 3813 1628; baseline 0.002 -23"><span class='ocrx_word' id='word_1_172' title='bbox 2167 1551 2301 1620; x_wconf 82' lang='grc' dir='ltr'>μετὰ</span> <span class='ocrx_word' id='word_1_173' title='bbox 2355 1551 2414 1606; x_wconf 81' lang='grc' dir='ltr'>τὸ</span> <span class='ocrx_word' id='word_1_174' title='bbox 2463 1551 2670 1628; x_wconf 84' lang='grc' dir='ltr'>μύριαις</span> <span class='ocrx_word' id='word_1_175' title='bbox 2727 1549 2975 1607; x_wconf 79' lang='grc' dir='ltr'><strong>ὑπελθεῖν</strong></span> <span class='ocrx_word' id='word_1_176' title='bbox 3033 1551 3276 1627; x_wconf 75' lang='grc' dir='ltr'>βασάνων</span> <span class='ocrx_word' id='word_1_177' title='bbox 3337 1550 3519 1624; x_wconf 66' lang='grc' dir='ltr'>ἰδέαις,</span> <span class='ocrx_word' id='word_1_178' title='bbox 3554 1554 3677 1610; x_wconf 78' lang='grc' dir='ltr'>εἶτα</span> <span class='ocrx_word' id='word_1_179' title='bbox 3727 1556 3813 1609; x_wconf 86' lang='grc' dir='ltr'><strong>καὶ</strong></span> 
     </span>
    </p>
   </div>
   <div class='ocr_carea' id='block_1_27' title="bbox 425 1627 2141 1715">
    <p class='ocr_par' dir='ltr' id='par_1_27' title="bbox 425 1627 2141 1715">
     <span class='ocr_line' id='line_1_27' title="bbox 425 1627 2141 1715; baseline -0.004 -15"><span class='ocrx_word' id='word_1_180' title='bbox 425 1637 490 1700; x_wconf 87' lang='lat' dir='ltr'><strong>in</strong></span> <span class='ocrx_word' id='word_1_181' title='bbox 521 1655 590 1698; x_wconf 91' lang='lat' dir='ltr'><strong>ea</strong></span> <span class='ocrx_word' id='word_1_182' title='bbox 607 1635 1320 1715; x_wconf 87' lang='lat' dir='ltr'><strong>Christianos,postquam</strong></span> <span class='ocrx_word' id='word_1_183' title='bbox 1354 1634 1716 1714; x_wconf 88' lang='lat' dir='ltr'><strong>subjecisset</strong></span> <span class='ocrx_word' id='word_1_184' title='bbox 1739 1635 2080 1695; x_wconf 85' lang='lat' dir='ltr'><strong>innumera-</strong></span> <span class='ocrx_word' id='word_1_185' title='bbox 2104 1627 2141 1676; x_wconf 77' lang='grc' dir='ltr'><strong>Β</strong></span> 
     </span>
    </p>
   </div>
   <div class='ocr_carea' id='block_1_28' title="bbox 426 1723 2078 1804">
    <p class='ocr_par' dir='ltr' id='par_1_28' title="bbox 426 1723 2078 1804">
     <span class='ocr_line' id='line_1_28' title="bbox 426 1723 2078 1804; baseline -0.002 -16"><span class='ocrx_word' id='word_1_186' title='bbox 426 1725 648 1789; x_wconf 85' lang='lat' dir='ltr'><strong>bilibus</strong></span> <span class='ocrx_word' id='word_1_187' title='bbox 678 1725 1000 1804; x_wconf 80' lang='lat' dir='ltr'><strong>generibus</strong></span> <span class='ocrx_word' id='word_1_188' title='bbox 1060 1732 1518 1796; x_wconf 87' lang='lat' dir='ltr'><strong>tormentorum,</strong></span> <span class='ocrx_word' id='word_1_189' title='bbox 1584 1723 1805 1785; x_wconf 92' lang='lat' dir='ltr'><strong>deinde</strong></span> <span class='ocrx_word' id='word_1_190' title='bbox 1857 1723 2078 1785; x_wconf 87' lang='lat' dir='ltr'><strong>acerbe</strong></span> 
     </span>
    </p>
   </div>
   <div class='ocr_carea' id='block_1_29' title="bbox 424 1813 2073 1892">
    <p class='ocr_par' dir='ltr' id='par_1_29' title="bbox 424 1813 2073 1892">
     <span class='ocr_line' id='line_1_29' title="bbox 424 1813 2073 1892; baseline -0.004 -12"><span class='ocrx_word' id='word_1_191' title='bbox 424 1817 642 1880; x_wconf 81' lang='lat' dir='ltr'><strong>tollere</strong></span> <span class='ocrx_word' id='word_1_192' title='bbox 677 1815 752 1876; x_wconf 91' lang='lat' dir='ltr'><strong>de</strong></span> <span class='ocrx_word' id='word_1_193' title='bbox 785 1813 1452 1887; x_wconf 71' lang='lat' dir='ltr'><strong>medio.Quaerebantur</strong></span> <span class='ocrx_word' id='word_1_194' title='bbox 1485 1831 1623 1892; x_wconf 82' lang='lat' dir='ltr'><strong>ergo</strong></span> <span class='ocrx_word' id='word_1_195' title='bbox 1655 1822 1956 1888; x_wconf 88' lang='lat' dir='ltr'><strong>omnes,et</strong></span> <span class='ocrx_word' id='word_1_196' title='bbox 1981 1817 2073 1874; x_wconf 91' lang='lat' dir='ltr'><strong>in-</strong></span> 
     </span>
    </p>
   </div>
   <div class='ocr_carea' id='block_1_30' title="bbox 421 1903 2068 1984">
    <p class='ocr_par' dir='ltr' id='par_1_30' title="bbox 421 1903 2068 1984">
     <span class='ocr_line' id='line_1_30' title="bbox 421 1903 2068 1984; baseline -0.002 -18"><span class='ocrx_word' id='word_1_197' title='bbox 421 1904 903 1978; x_wconf 75' lang='lat' dir='ltr'><strong>veniebantur,et</strong></span> <span class='ocrx_word' id='word_1_198' title='bbox 923 1903 1343 1984; x_wconf 82' lang='lat' dir='ltr'><strong>comprehensi</strong></span> <span class='ocrx_word' id='word_1_199' title='bbox 1365 1903 1435 1963; x_wconf 89' lang='lat' dir='ltr'><strong>ad</strong></span> <span class='ocrx_word' id='word_1_200' title='bbox 1461 1903 1655 1982; x_wconf 88' lang='lat' dir='ltr'><strong>ipsum</strong></span> <span class='ocrx_word' id='word_1_201' title='bbox 1678 1903 2068 1965; x_wconf 83' lang='lat' dir='ltr'><strong>ducebantur.</strong></span> 
     </span>
    </p>
   </div>
   <div class='ocr_carea' id='block_1_31' title="bbox 421 1991 2072 2074">
    <p class='ocr_par' dir='ltr' id='par_1_31' title="bbox 421 1991 2072 2074">
     <span class='ocr_line' id='line_1_31' title="bbox 421 1991 2072 2074; baseline -0.005 -14"><span class='ocrx_word' id='word_1_202' title='bbox 421 1996 566 2060; x_wconf 87' lang='lat' dir='ltr'><strong>Cum</strong></span> <span class='ocrx_word' id='word_1_203' title='bbox 592 1991 807 2074; x_wconf 88' lang='lat' dir='ltr'><strong>quibus</strong></span> <span class='ocrx_word' id='word_1_204' title='bbox 829 1992 928 2054; x_wconf 89' lang='lat' dir='ltr'><strong>hic</strong></span> <span class='ocrx_word' id='word_1_205' title='bbox 952 2011 1193 2073; x_wconf 86' lang='lat' dir='ltr'><strong>quoque</strong></span> <span class='ocrx_word' id='word_1_206' title='bbox 1213 2010 1382 2054; x_wconf 90' lang='lat' dir='ltr'><strong>sacer</strong></span> <span class='ocrx_word' id='word_1_207' title='bbox 1417 1992 1660 2071; x_wconf 86' lang='lat' dir='ltr'><strong>chorus,</strong></span> <span class='ocrx_word' id='word_1_208' title='bbox 1698 1993 2072 2072; x_wconf 60' lang='lat' dir='ltr'><strong>praestantis-</strong></span> 
     </span>
    </p>
   </div>
   <div class='ocr_carea' id='block_1_32' title="bbox 423 2082 2070 2164">
    <p class='ocr_par' dir='ltr' id='par_1_32' title="bbox 423 2082 2070 2164">
     <span class='ocr_line' id='line_1_32' title="bbox 423 2082 2070 2164; baseline -0.002 -16"><span class='ocrx_word' id='word_1_209' title='bbox 423 2087 712 2148; x_wconf 86' lang='lat' dir='ltr'><strong>simorum</strong></span> <span class='ocrx_word' id='word_1_210' title='bbox 742 2083 1001 2144; x_wconf 89' lang='lat' dir='ltr'><strong>virorum</strong></span> <span class='ocrx_word' id='word_1_211' title='bbox 1039 2082 1531 2158; x_wconf 79' lang='lat' dir='ltr'><strong>denarius,veluti</strong></span> <span class='ocrx_word' id='word_1_212' title='bbox 1565 2101 1634 2144; x_wconf 81' lang='lat' dir='ltr'><strong>ex</strong></span> <span class='ocrx_word' id='word_1_213' title='bbox 1669 2083 1910 2164; x_wconf 85' lang='lat' dir='ltr'><strong>Optimis</strong></span> <span class='ocrx_word' id='word_1_214' title='bbox 1941 2084 2070 2146; x_wconf 49' lang='lat' dir='ltr'><strong>exi-</strong></span> 
     </span>
    </p>
   </div>
   <div class='ocr_carea' id='block_1_33' title="bbox 423 2171 2073 2254">
    <p class='ocr_par' dir='ltr' id='par_1_33' title="bbox 423 2171 2073 2254">
     <span class='ocr_line' id='line_1_33' title="bbox 423 2171 2073 2254; baseline -0.002 -17"><span class='ocrx_word' id='word_1_215' title='bbox 423 2173 530 2237; x_wconf 88' lang='lat' dir='ltr'><strong>mii</strong></span> <span class='ocrx_word' id='word_1_216' title='bbox 553 2172 761 2236; x_wconf 79' lang='lat' dir='ltr'><strong>selecti</strong></span> <span class='ocrx_word' id='word_1_217' title='bbox 785 2171 1124 2234; x_wconf 79' lang='lat' dir='ltr'><strong>civitatibus</strong></span> <span class='ocrx_word' id='word_1_218' title='bbox 1151 2192 1164 2233; x_wconf 91' lang='lat'><strong>:</strong></span> <span class='ocrx_word' id='word_1_219' title='bbox 1194 2191 1444 2254; x_wconf 90' lang='lat' dir='ltr'><strong>quorum</strong></span> <span class='ocrx_word' id='word_1_220' title='bbox 1498 2171 1647 2234; x_wconf 92' lang='lat' dir='ltr'><strong>alios</strong></span> <span class='ocrx_word' id='word_1_221' title='bbox 1676 2171 1916 2252; x_wconf 85' lang='lat' dir='ltr'><strong>quidem</strong></span> <span class='ocrx_word' id='word_1_222' title='bbox 1943 2192 2073 2235; x_wconf 89' lang='lat' dir='ltr'><strong>ma-</strong></span> 
     </span>
    </p>
   </div>
   <div class='ocr_carea' id='block_1_34' title="bbox 421 2261 2070 2343">
    <p class='ocr_par' dir='ltr' id='par_1_34' title="bbox 421 2261 2070 2343">
     <span class='ocr_line' id='line_1_34' title="bbox 421 2261 2070 2343; baseline -0.002 -16"><span class='ocrx_word' id='word_1_223' title='bbox 421 2264 587 2328; x_wconf 81' lang='lat' dir='ltr'><strong>xima</strong></span> <span class='ocrx_word' id='word_1_224' title='bbox 635 2263 928 2343; x_wconf 90' lang='lat' dir='ltr'><strong>omnium,</strong></span> <span class='ocrx_word' id='word_1_225' title='bbox 970 2281 1102 2343; x_wconf 64' lang='lat' dir='ltr'><strong>quas</strong></span> <span class='ocrx_word' id='word_1_226' title='bbox 1131 2261 1254 2324; x_wconf 91' lang='lat' dir='ltr'><strong>illic</strong></span> <span class='ocrx_word' id='word_1_227' title='bbox 1306 2271 1502 2335; x_wconf 86' lang='lat' dir='ltr'><strong>erant,</strong></span> <span class='ocrx_word' id='word_1_228' title='bbox 1541 2263 1792 2342; x_wconf 72' lang='lat' dir='ltr'><strong>praebuit</strong></span> <span class='ocrx_word' id='word_1_229' title='bbox 1822 2263 2070 2335; x_wconf 88' lang='lat' dir='ltr'><strong>civitas;</strong></span> 
     </span>
    </p>
   </div>
   <div class='ocr_carea' id='block_1_35' title="bbox 420 2351 2078 2426">
    <p class='ocr_par' dir='ltr' id='par_1_35' title="bbox 420 2351 2078 2426">
     <span class='ocr_line' id='line_1_35' title="bbox 420 2351 2078 2426; baseline -0.002 -9"><span class='ocrx_word' id='word_1_230' title='bbox 420 2354 524 2417; x_wconf 87' lang='lat' dir='ltr'><strong>alii</strong></span> <span class='ocrx_word' id='word_1_231' title='bbox 551 2362 748 2415; x_wconf 89' lang='lat' dir='ltr'><strong>autem</strong></span> <span class='ocrx_word' id='word_1_232' title='bbox 783 2352 897 2414; x_wconf 89' lang='lat' dir='ltr'><strong>orti</strong></span> <span class='ocrx_word' id='word_1_233' title='bbox 929 2360 1097 2414; x_wconf 87' lang='lat' dir='ltr'><strong>erant</strong></span> <span class='ocrx_word' id='word_1_234' title='bbox 1159 2371 1230 2414; x_wconf 81' lang='lat' dir='ltr'><strong>ex</strong></span> <span class='ocrx_word' id='word_1_235' title='bbox 1280 2351 1453 2426; x_wconf 84' lang='lat' dir='ltr'><strong>aliis;</strong></span> <span class='ocrx_word' id='word_1_236' title='bbox 1505 2352 1907 2414; x_wconf 88' lang='lat' dir='ltr'><strong>communiter</strong></span> <span class='ocrx_word' id='word_1_237' title='bbox 1935 2370 2078 2415; x_wconf 88' lang='lat' dir='ltr'><strong>vero</strong></span> 
     </span>
    </p>
   </div>
   <div class='ocr_carea' id='block_1_36' title="bbox 423 2441 2077 2522">
    <p class='ocr_par' dir='ltr' id='par_1_36' title="bbox 423 2441 2077 2522">
     <span class='ocr_line' id='line_1_36' title="bbox 423 2441 2077 2522; baseline -0.001 -17"><span class='ocrx_word' id='word_1_238' title='bbox 423 2443 602 2506; x_wconf 89' lang='lat' dir='ltr'><strong>simul</strong></span> <span class='ocrx_word' id='word_1_239' title='bbox 630 2460 840 2504; x_wconf 86' lang='lat' dir='ltr'><strong>omnes</strong></span> <span class='ocrx_word' id='word_1_240' title='bbox 872 2441 1232 2504; x_wconf 83' lang='lat' dir='ltr'><strong>festinabant</strong></span> <span class='ocrx_word' id='word_1_241' title='bbox 1255 2441 1325 2502; x_wconf 89' lang='lat' dir='ltr'><strong>ad</strong></span> <span class='ocrx_word' id='word_1_242' title='bbox 1359 2460 1561 2514; x_wconf 85' lang='lat' dir='ltr'><strong>unam,</strong></span> <span class='ocrx_word' id='word_1_243' title='bbox 1598 2460 1727 2522; x_wconf 69' lang='lat' dir='ltr'><strong>qua)</strong></span> <span class='ocrx_word' id='word_1_244' title='bbox 1753 2450 1840 2502; x_wconf 92' lang='lat' dir='ltr'><strong>est</strong></span> <span class='ocrx_word' id='word_1_245' title='bbox 1866 2443 1923 2502; x_wconf 91' lang='lat' dir='ltr'><strong>in</strong></span> <span class='ocrx_word' id='word_1_246' title='bbox 1959 2461 2077 2503; x_wconf 63' lang='lat' dir='ltr'><strong>cre-</strong></span> 
     </span>
    </p>
   </div>
   <div class='ocr_carea' id='block_1_37' title="bbox 417 2531 2068 2611">
    <p class='ocr_par' dir='ltr' id='par_1_37' title="bbox 417 2531 2068 2611">
     <span class='ocr_line' id='line_1_37' title="bbox 417 2531 2068 2611; baseline -0.002 -16"><span class='ocrx_word' id='word_1_247' title='bbox 417 2535 516 2607; x_wconf 89' lang='lat' dir='ltr'><strong>lis,</strong></span> <span class='ocrx_word' id='word_1_248' title='bbox 549 2531 866 2594; x_wconf 83' lang='lat' dir='ltr'><strong>civitatem.</strong></span> <span class='ocrx_word' id='word_1_249' title='bbox 907 2531 951 2590; x_wconf 92' lang='lat' dir='ltr'><strong>li</strong></span> <span class='ocrx_word' id='word_1_250' title='bbox 993 2548 1127 2591; x_wconf 92' lang='lat' dir='ltr'><strong>cum</strong></span> <span class='ocrx_word' id='word_1_251' title='bbox 1153 2543 1294 2591; x_wconf 89' lang='lat' dir='ltr'><strong>tunc</strong></span> <span class='ocrx_word' id='word_1_252' title='bbox 1319 2531 1620 2590; x_wconf 86' lang='lat' dir='ltr'><strong>stetissent</strong></span> <span class='ocrx_word' id='word_1_253' title='bbox 1645 2539 1783 2590; x_wconf 89' lang='lat' dir='ltr'><strong>ante</strong></span> <span class='ocrx_word' id='word_1_254' title='bbox 1812 2549 2068 2611; x_wconf 79' lang='lat' dir='ltr'><strong>procon-</strong></span> 
     </span>
    </p>
   </div>
   <div class='ocr_carea' id='block_1_38' title="bbox 419 2619 2077 2702">
    <p class='ocr_par' dir='ltr' id='par_1_38' title="bbox 419 2619 2077 2702">
     <span class='ocr_line' id='line_1_38' title="bbox 419 2619 2077 2702; baseline -0.002 -17"><span class='ocrx_word' id='word_1_255' title='bbox 419 2622 640 2702; x_wconf 85' lang='lat' dir='ltr'><strong>sulem,</strong></span> <span class='ocrx_word' id='word_1_256' title='bbox 675 2640 823 2702; x_wconf 92' lang='lat' dir='ltr'><strong>quos</strong></span> <span class='ocrx_word' id='word_1_257' title='bbox 848 2637 968 2682; x_wconf 93' lang='lat' dir='ltr'><strong>non</strong></span> <span class='ocrx_word' id='word_1_258' title='bbox 994 2627 1133 2681; x_wconf 91' lang='lat' dir='ltr'><strong>tunc</strong></span> <span class='ocrx_word' id='word_1_259' title='bbox 1159 2620 1400 2701; x_wconf 90' lang='lat' dir='ltr'><strong>quidem</strong></span> <span class='ocrx_word' id='word_1_260' title='bbox 1432 2637 1744 2681; x_wconf 89' lang='lat' dir='ltr'><strong>sermones</strong></span> <span class='ocrx_word' id='word_1_261' title='bbox 1770 2619 1957 2681; x_wconf 87' lang='lat' dir='ltr'><strong>libere</strong></span> <span class='ocrx_word' id='word_1_262' title='bbox 1979 2621 2077 2681; x_wconf 86' lang='lat' dir='ltr'><strong>ha-</strong></span> 
     </span>
    </p>
   </div>
   <div class='ocr_carea' id='block_1_39' title="bbox 2165 1639 3811 1720">
    <p class='ocr_par' dir='ltr' id='par_1_39' title="bbox 2165 1639 3811 1720">
     <span class='ocr_line' id='line_1_39' title="bbox 2165 1639 3811 1720; baseline 0.002 -25"><span class='ocrx_word' id='word_1_263' title='bbox 2165 1644 2366 1715; x_wconf 82' lang='grc' dir='ltr'>πικρῶς</span> <span class='ocrx_word' id='word_1_264' title='bbox 2437 1639 2672 1703; x_wconf 75' lang='grc' dir='ltr'><strong>ἀνελεῖν,</strong></span> <span class='ocrx_word' id='word_1_265' title='bbox 2763 1640 3140 1712; x_wconf 77' lang='grc' dir='ltr'>Ἀνεζητοῠντο</span> <span class='ocrx_word' id='word_1_266' title='bbox 3192 1644 3366 1698; x_wconf 87' lang='grc' dir='ltr'>τοίνυν</span> <span class='ocrx_word' id='word_1_267' title='bbox 3448 1645 3536 1700; x_wconf 82' lang='grc' dir='ltr'><strong>καὶ</strong></span> <span class='ocrx_word' id='word_1_268' title='bbox 3606 1643 3811 1720; x_wconf 72' lang='grc' dir='ltr'>ἀνευρί-</span> 
     </span>
    </p>
   </div>
   <div class='ocr_carea' id='block_1_40' title="bbox 2162 1730 3812 1809">
    <p class='ocr_par' dir='ltr' id='par_1_40' title="bbox 2162 1730 3812 1809">
     <span class='ocr_line' id='line_1_40' title="bbox 2162 1730 3812 1809; baseline 0.002 -25"><span class='ocrx_word' id='word_1_269' title='bbox 2162 1750 2352 1785; x_wconf 90' lang='grc' dir='ltr'>σκοντο</span> <span class='ocrx_word' id='word_1_270' title='bbox 2427 1731 2622 1793; x_wconf 82' lang='grc' dir='ltr'>πάντες</span> <span class='ocrx_word' id='word_1_271' title='bbox 2695 1732 2781 1788; x_wconf 85' lang='grc' dir='ltr'><strong>καὶ</strong></span> <span class='ocrx_word' id='word_1_272' title='bbox 2859 1732 2990 1809; x_wconf 80' lang='grc' dir='ltr'>πρὸς</span> <span class='ocrx_word' id='word_1_273' title='bbox 3077 1731 3231 1788; x_wconf 73' lang='grc' dir='ltr'>αὐτὸν</span> <span class='ocrx_word' id='word_1_274' title='bbox 3322 1730 3812 1808; x_wconf 78' lang='grc' dir='ltr'>συλλαμϐανόμενοι</span> 
     </span>
    </p>
   </div>
   <div class='ocr_carea' id='block_1_41' title="bbox 2125 1817 3813 1902">
    <p class='ocr_par' dir='ltr' id='par_1_41' title="bbox 2125 1817 3813 1902">
     <span class='ocr_line' id='line_1_41' title="bbox 2125 1817 3813 1902; baseline 0.001 -27"><span class='ocrx_word' id='word_1_275' title='bbox 2125 1817 2377 1895; x_wconf 69' lang='grc' dir='ltr'><strong>¹ἤγοντο⁹</strong></span> <span class='ocrx_word' id='word_1_276' title='bbox 2441 1817 2558 1894; x_wconf 79' lang='grc' dir='ltr'>μεθ’</span> <span class='ocrx_word' id='word_1_277' title='bbox 2615 1823 2690 1876; x_wconf 82' lang='grc' dir='ltr'>ὧν</span> <span class='ocrx_word' id='word_1_278' title='bbox 2749 1821 2836 1876; x_wconf 81' lang='grc' dir='ltr'><strong>καὶ</strong></span> <span class='ocrx_word' id='word_1_279' title='bbox 2893 1820 3100 1899; x_wconf 79' lang='grc' dir='ltr'>όῖερὸς</span> <span class='ocrx_word' id='word_1_280' title='bbox 3160 1823 3310 1884; x_wconf 72' lang='grc' dir='ltr'>οὗτος</span> <span class='ocrx_word' id='word_1_281' title='bbox 3370 1823 3558 1902; x_wconf 80' lang='grc' dir='ltr'>χορὸς,</span> <span class='ocrx_word' id='word_1_282' title='bbox 3611 1825 3645 1891; x_wconf 78' lang='grc' dir='ltr'>ἡ</span> <span class='ocrx_word' id='word_1_283' title='bbox 3708 1825 3813 1879; x_wconf 78' lang='grc' dir='ltr'>τῶν</span> 
     </span>
    </p>
   </div>
   <div class='ocr_carea' id='block_1_42' title="bbox 2159 1906 3812 1989">
    <p class='ocr_par' dir='ltr' id='par_1_42' title="bbox 2159 1906 3812 1989">
     <span class='ocr_line' id='line_1_42' title="bbox 2159 1906 3812 1989; baseline 0.003 -27"><span class='ocrx_word' id='word_1_284' title='bbox 2159 1906 2416 1985; x_wconf 80' lang='grc' dir='ltr'>ἀριστέων</span> <span class='ocrx_word' id='word_1_285' title='bbox 2490 1907 2671 1988; x_wconf 76' lang='grc' dir='ltr'>δεκὰς,</span> <span class='ocrx_word' id='word_1_286' title='bbox 2739 1906 2962 1988; x_wconf 79' lang='grc' dir='ltr'>λογάδες</span> <span class='ocrx_word' id='word_1_287' title='bbox 3030 1908 3210 1989; x_wconf 83' lang='grc' dir='ltr'>ὥσπερ</span> <span class='ocrx_word' id='word_1_288' title='bbox 3280 1909 3630 1988; x_wconf 78' lang='grc' dir='ltr'>ἱξειλεγμένοι</span> <span class='ocrx_word' id='word_1_289' title='bbox 3715 1911 3812 1967; x_wconf 78' lang='grc' dir='ltr'><strong>τῶν</strong></span> 
     </span>
    </p>
   </div>
   <div class='ocr_carea' id='block_1_43' title="bbox 2159 1996 3813 2078">
    <p class='ocr_par' dir='ltr' id='par_1_43' title="bbox 2159 1996 3813 2078">
     <span class='ocr_line' id='line_1_43' title="bbox 2159 1996 3813 2078; baseline 0.002 -28"><span class='ocrx_word' id='word_1_290' title='bbox 2159 1996 2382 2074; x_wconf 61' lang='grc' dir='ltr'>ἀρίστων</span> <span class='ocrx_word' id='word_1_291' title='bbox 2427 2000 2664 2078; x_wconf 88' lang='grc' dir='ltr'>πόλεων,</span> <span class='ocrx_word' id='word_1_292' title='bbox 2703 2002 2778 2054; x_wconf 82' lang='grc' dir='ltr'>ὧν</span> <span class='ocrx_word' id='word_1_293' title='bbox 2807 2001 2928 2064; x_wconf 83' lang='grc' dir='ltr'>τοὺς</span> <span class='ocrx_word' id='word_1_294' title='bbox 2975 2000 3073 2073; x_wconf 81' lang='grc' dir='ltr'>μὲν</span> <span class='ocrx_word' id='word_1_295' title='bbox 3129 2001 3420 2078; x_wconf 78' lang='grc' dir='ltr'>ἡμεγίστη</span> <span class='ocrx_word' id='word_1_296' title='bbox 3467 2007 3650 2058; x_wconf 80' lang='grc' dir='ltr'>πασῶν</span> <span class='ocrx_word' id='word_1_297' title='bbox 3708 2007 3813 2057; x_wconf 79' lang='grc' dir='ltr'>τῶν</span> 
     </span>
    </p>
   </div>
   <div class='ocr_carea' id='block_1_44' title="bbox 2156 2086 3812 2170">
    <p class='ocr_par' dir='ltr' id='par_1_44' title="bbox 2156 2086 3812 2170">
     <span class='ocr_line' id='line_1_44' title="bbox 2156 2086 3812 2170; baseline 0.003 -28"><span class='ocrx_word' id='word_1_298' title='bbox 2156 2088 2276 2144; x_wconf 80' lang='grc' dir='ltr'>ἒκεϊ</span> <span class='ocrx_word' id='word_1_299' title='bbox 2337 2100 2575 2167; x_wconf 76' lang='grc' dir='ltr'>παρεῖχε</span> <span class='ocrx_word' id='word_1_300' title='bbox 2628 2086 2803 2168; x_wconf 81' lang='grc' dir='ltr'>πόλις,</span> <span class='ocrx_word' id='word_1_301' title='bbox 2851 2091 2895 2144; x_wconf 80' lang='grc' dir='ltr'>οἱ</span> <span class='ocrx_word' id='word_1_302' title='bbox 2947 2086 3002 2144; x_wconf 78' lang='grc' dir='ltr'><strong>δὲ</strong></span> <span class='ocrx_word' id='word_1_303' title='bbox 3051 2086 3210 2154; x_wconf 68' lang='grc' dir='ltr'>ἄλλος</span> <span class='ocrx_word' id='word_1_304' title='bbox 3241 2091 3340 2164; x_wconf 79' lang='grc' dir='ltr'>μὲν</span> <span class='ocrx_word' id='word_1_305' title='bbox 3390 2089 3440 2156; x_wconf 66' lang='grc' dir='ltr'><strong>ἐξ</strong></span> <span class='ocrx_word' id='word_1_306' title='bbox 3483 2089 3651 2160; x_wconf 73' lang='grc' dir='ltr'>ἄλλης</span> <span class='ocrx_word' id='word_1_307' title='bbox 3705 2091 3812 2170; x_wconf 81' lang='grc' dir='ltr'><strong>ὥρ-</strong></span> 
     </span>
    </p>
   </div>
   <div class='ocr_carea' id='block_1_45' title="bbox 2160 2174 3811 2260">
    <p class='ocr_par' dir='ltr' id='par_1_45' title="bbox 2160 2174 3811 2260">
     <span class='ocr_line' id='line_1_45' title="bbox 2160 2174 3811 2260; baseline 0.003 -28"><span class='ocrx_word' id='word_1_308' title='bbox 2160 2198 2328 2255; x_wconf 87' lang='grc' dir='ltr'>μητο,</span> <span class='ocrx_word' id='word_1_309' title='bbox 2362 2179 2514 2253; x_wconf 81' lang='grc' dir='ltr'>κοινῇ</span> <span class='ocrx_word' id='word_1_310' title='bbox 2545 2174 2599 2232; x_wconf 81' lang='grc' dir='ltr'>δὲ</span> <span class='ocrx_word' id='word_1_311' title='bbox 2639 2176 2785 2252; x_wconf 80' lang='grc' dir='ltr'>ὅμως</span> <span class='ocrx_word' id='word_1_312' title='bbox 2815 2177 3010 2242; x_wconf 80' lang='grc' dir='ltr'>πάντες</span> <span class='ocrx_word' id='word_1_313' title='bbox 3061 2179 3190 2257; x_wconf 74' lang='grc' dir='ltr'>πρὸς</span> <span class='ocrx_word' id='word_1_314' title='bbox 3225 2179 3349 2254; x_wconf 83' lang='grc' dir='ltr'>μίαν</span> <span class='ocrx_word' id='word_1_315' title='bbox 3407 2181 3506 2248; x_wconf 80' lang='grc' dir='ltr'><strong>τῆν</strong></span> <span class='ocrx_word' id='word_1_316' title='bbox 3534 2180 3589 2236; x_wconf 72' lang='grc' dir='ltr'>ἐν</span> <span class='ocrx_word' id='word_1_317' title='bbox 3647 2181 3811 2260; x_wconf 75' lang='grc' dir='ltr'>οὖραο</span> 
     </span>
    </p>
   </div>
   <div class='ocr_carea' id='block_1_46' title="bbox 2160 2265 3812 2344">
    <p class='ocr_par' dir='ltr' id='par_1_46' title="bbox 2160 2265 3812 2344">
     <span class='ocr_line' id='line_1_46' title="bbox 2160 2265 3812 2344; baseline 0.003 -23"><span class='ocrx_word' id='word_1_318' title='bbox 2160 2279 2277 2330; x_wconf 83' lang='grc' dir='ltr'>νοϊς</span> <span class='ocrx_word' id='word_1_319' title='bbox 2340 2265 2496 2322; x_wconf 88' lang='grc' dir='ltr'>πόλιν</span> <span class='ocrx_word' id='word_1_320' title='bbox 2551 2266 2860 2344; x_wconf 79' lang='grc' dir='ltr'>ῆπειγοντο.</span> <span class='ocrx_word' id='word_1_321' title='bbox 2920 2266 3096 2343; x_wconf 80' lang='grc' dir='ltr'>Οὗτοι,</span> <span class='ocrx_word' id='word_1_322' title='bbox 3133 2271 3204 2331; x_wconf 88' lang='grc' dir='ltr'>ὡς</span> <span class='ocrx_word' id='word_1_323' title='bbox 3256 2275 3333 2343; x_wconf 76' lang='grc' dir='ltr'>τῷ</span> <span class='ocrx_word' id='word_1_324' title='bbox 3366 2269 3646 2342; x_wconf 77' lang='grc' dir='ltr'>ἀνθυπάτῳ</span> <span class='ocrx_word' id='word_1_325' title='bbox 3691 2274 3812 2326; x_wconf 82' lang='grc' dir='ltr'>τότε</span> 
     </span>
    </p>
   </div>
   <div class='ocr_carea' id='block_1_47' title="bbox 2163 2355 3811 2438">
    <p class='ocr_par' dir='ltr' id='par_1_47' title="bbox 2163 2355 3811 2438">
     <span class='ocr_line' id='line_1_47' title="bbox 2163 2355 3811 2438; baseline 0.003 -27"><span class='ocrx_word' id='word_1_326' title='bbox 2163 2355 2530 2432; x_wconf 71' lang='grc' dir='ltr'>παρέστησαν,</span> <span class='ocrx_word' id='word_1_327' title='bbox 2591 2357 2738 2420; x_wconf 76' lang='grc' dir='ltr'>τίνας</span> <span class='ocrx_word' id='word_1_328' title='bbox 2807 2358 2903 2432; x_wconf 73' lang='grc' dir='ltr'>μὲν</span> <span class='ocrx_word' id='word_1_329' title='bbox 2971 2359 3067 2414; x_wconf 69' lang='grc' dir='ltr'><strong>οὐκ</strong></span> <span class='ocrx_word' id='word_1_330' title='bbox 3138 2357 3449 2438; x_wconf 68' lang='grc' dir='ltr'><strong>ἐφθέγξαντο</strong></span> <span class='ocrx_word' id='word_1_331' title='bbox 3520 2358 3811 2438; x_wconf 82' lang='grc' dir='ltr'>παῤῥησίας</span> 
     </span>
    </p>
   </div>
   <div class='ocr_carea' id='block_1_48' title="bbox 2164 2443 3809 2527">
    <p class='ocr_par' dir='ltr' id='par_1_48' title="bbox 2164 2443 3809 2527">
     <span class='ocr_line' id='line_1_48' title="bbox 2164 2443 3809 2527; baseline 0.005 -28"><span class='ocrx_word' id='word_1_332' title='bbox 2164 2443 2380 2523; x_wconf 85' lang='grc' dir='ltr'>λόγους,</span> <span class='ocrx_word' id='word_1_333' title='bbox 2413 2448 2516 2502; x_wconf 88' lang='grc' dir='ltr'>τίσι</span> <span class='ocrx_word' id='word_1_334' title='bbox 2577 2444 2630 2502; x_wconf 74' lang='grc' dir='ltr'><strong>δὲ</strong></span> <span class='ocrx_word' id='word_1_335' title='bbox 2663 2448 2756 2504; x_wconf 73' lang='grc' dir='ltr'><strong>οὒκ</strong></span> <span class='ocrx_word' id='word_1_336' title='bbox 2817 2446 3128 2526; x_wconf 74' lang='grc' dir='ltr'>ἀπέκρυψαν</span> <span class='ocrx_word' id='word_1_337' title='bbox 3185 2448 3359 2527; x_wconf 72' lang='grc' dir='ltr'>ἔργοις</span> <span class='ocrx_word' id='word_1_338' title='bbox 3391 2450 3510 2514; x_wconf 77' lang='grc' dir='ltr'>τοὺς</span> <span class='ocrx_word' id='word_1_339' title='bbox 3569 2452 3756 2526; x_wconf 81' lang='grc' dir='ltr'>λόγους</span> <span class='ocrx_word' id='word_1_340' title='bbox 3793 2469 3809 2525; x_wconf 87' lang='grc'>;</span> 
     </span>
    </p>
   </div>
   <div class='ocr_carea' id='block_1_49' title="bbox 2162 2534 3816 2614">
    <p class='ocr_par' dir='ltr' id='par_1_49' title="bbox 2162 2534 3816 2614">
     <span class='ocr_line' id='line_1_49' title="bbox 2162 2534 3816 2614; baseline 0.005 -26"><span class='ocrx_word' id='word_1_341' title='bbox 2162 2535 2256 2590; x_wconf 84' lang='grc' dir='ltr'><strong>καί</strong></span> <span class='ocrx_word' id='word_1_342' title='bbox 2303 2536 2418 2591; x_wconf 86' lang='grc' dir='ltr'>τίνα</span> <span class='ocrx_word' id='word_1_343' title='bbox 2471 2534 2569 2610; x_wconf 78' lang='grc' dir='ltr'>μὲν</span> <span class='ocrx_word' id='word_1_344' title='bbox 2601 2537 2694 2592; x_wconf 73' lang='grc' dir='ltr'><strong>οὐκ</strong></span> <span class='ocrx_word' id='word_1_345' title='bbox 2753 2535 2982 2602; x_wconf 75' lang='grc' dir='ltr'>ἐπῆλθον</span> <span class='ocrx_word' id='word_1_346' title='bbox 3010 2537 3253 2613; x_wconf 76' lang='grc' dir='ltr'>βασάνων</span> <span class='ocrx_word' id='word_1_347' title='bbox 3297 2536 3416 2594; x_wconf 80' lang='grc' dir='ltr'>ὀδόν</span> <span class='ocrx_word' id='word_1_348' title='bbox 3450 2555 3466 2614; x_wconf 82' lang='grc'>;</span> <span class='ocrx_word' id='word_1_349' title='bbox 3499 2539 3612 2595; x_wconf 86' lang='grc' dir='ltr'>τίνα</span> <span class='ocrx_word' id='word_1_350' title='bbox 3645 2537 3698 2595; x_wconf 72' lang='grc' dir='ltr'><em>δὲ</em></span> <span class='ocrx_word' id='word_1_351' title='bbox 3757 2543 3816 2598; x_wconf 72' lang='lat'><strong>0-3</strong></span> 
     </span>
    </p>
   </div>
   <div class='ocr_carea' id='block_1_50' title="bbox 2168 2623 3816 2708">
    <p class='ocr_par' dir='ltr' id='par_1_50' title="bbox 2168 2623 3816 2708">
     <span class='ocr_line' id='line_1_50' title="bbox 2168 2623 3816 2708; baseline 0.005 -30"><span class='ocrx_word' id='word_1_352' title='bbox 2168 2623 2438 2698; x_wconf 80' lang='grc' dir='ltr'>παρῆλθον</span> <span class='ocrx_word' id='word_1_353' title='bbox 2522 2625 2779 2700; x_wconf 83' lang='grc' dir='ltr'>τιμωρίαν</span> <span class='ocrx_word' id='word_1_354' title='bbox 2861 2631 2930 2701; x_wconf 78' lang='grc' dir='ltr'><strong>τῇ</strong></span> <span class='ocrx_word' id='word_1_355' title='bbox 3013 2629 3301 2704; x_wconf 68' lang='grc' dir='ltr'>καρτερίὺ,</span> <span class='ocrx_word' id='word_1_356' title='bbox 3367 2627 3452 2684; x_wconf 79' lang='grc' dir='ltr'><strong>ἐπὶ</strong></span> <span class='ocrx_word' id='word_1_357' title='bbox 3534 2629 3816 2708; x_wconf 68' lang='grc' dir='ltr'>τριάκοντα</span> 
     </span>
    </p>
   </div>
   <div class='ocr_carea' id='block_1_51' title="bbox 417 2709 2065 2796">
    <p class='ocr_par' dir='ltr' id='par_1_51' title="bbox 417 2709 2056 2793">
     <span class='ocr_line' id='line_1_51' title="bbox 417 2709 2056 2793; baseline -0.002 -19"><span class='ocrx_word' id='word_1_358' title='bbox 417 2711 681 2775; x_wconf 89' lang='lat' dir='ltr'><strong>buerunt</strong></span> <span class='ocrx_word' id='word_1_359' title='bbox 702 2718 729 2774; x_wconf 68' lang='grc' dir='ltr'><em>ἲ</em></span> <span class='ocrx_word' id='word_1_360' title='bbox 751 2710 1108 2793; x_wconf 87' lang='lat' dir='ltr'><strong>quibusnam</strong></span> <span class='ocrx_word' id='word_1_361' title='bbox 1143 2718 1339 2771; x_wconf 90' lang='lat' dir='ltr'><strong>autem</strong></span> <span class='ocrx_word' id='word_1_362' title='bbox 1364 2709 1534 2770; x_wconf 80' lang='lat' dir='ltr'><strong>factis</strong></span> <span class='ocrx_word' id='word_1_363' title='bbox 1551 2727 1670 2769; x_wconf 83' lang='lat' dir='ltr'><strong>non</strong></span> <span class='ocrx_word' id='word_1_364' title='bbox 1690 2709 2056 2771; x_wconf 88' lang='lat' dir='ltr'><strong>obscurarun</strong></span> 
     </span>
    </p>
   </div>
   <div class='ocr_carea' id='block_1_52' title="bbox 2155 2709 3817 2796">
    <p class='ocr_par' dir='ltr' id='par_1_52' title="bbox 2166 2713 3817 2796">
     <span class='ocr_line' id='line_1_52' title="bbox 2166 2713 3817 2796; baseline 0.003 -28"><span class='ocrx_word' id='word_1_365' title='bbox 2166 2713 2259 2777; x_wconf 77' lang='grc' dir='ltr'><strong>τὰς</strong></span> <span class='ocrx_word' id='word_1_366' title='bbox 2319 2713 2495 2778; x_wconf 77' lang='grc' dir='ltr'>πάσας</span> <span class='ocrx_word' id='word_1_367' title='bbox 2557 2713 2756 2790; x_wconf 72' lang='grc' dir='ltr'>ἡμέρας</span> <span class='ocrx_word' id='word_1_368' title='bbox 2815 2715 3164 2796; x_wconf 79' lang='grc' dir='ltr'>αἰκιζόμενοι,</span> <span class='ocrx_word' id='word_1_369' title='bbox 3210 2715 3632 2795; x_wconf 82' lang='grc' dir='ltr'>στρεϐλούμενοι,</span> <span class='ocrx_word' id='word_1_370' title='bbox 3680 2717 3817 2775; x_wconf 80' lang='grc' dir='ltr'><strong>κατᾶ</strong></span> 
     </span>
    </p>
   </div>
   <div class='ocr_carea' id='block_1_53' title="bbox 415 2798 2065 2886">
    <p class='ocr_par' dir='ltr' id='par_1_53' title="bbox 415 2798 2065 2882">
     <span class='ocr_line' id='line_1_53' title="bbox 415 2798 2065 2882; baseline -0.001 -18"><span class='ocrx_word' id='word_1_371' title='bbox 415 2801 773 2864; x_wconf 76' lang='lat' dir='ltr'><strong>sermones?</strong></span> <span class='ocrx_word' id='word_1_372' title='bbox 802 2809 861 2863; x_wconf 88' lang='lat' dir='ltr'><strong>et</strong></span> <span class='ocrx_word' id='word_1_373' title='bbox 883 2801 1186 2882; x_wconf 89' lang='lat' dir='ltr'><strong>quodnam</strong></span> <span class='ocrx_word' id='word_1_374' title='bbox 1219 2798 1467 2875; x_wconf 88' lang='lat' dir='ltr'><strong>quidem</strong></span> <span class='ocrx_word' id='word_1_375' title='bbox 1507 2807 1942 2860; x_wconf 88' lang='lat' dir='ltr'><strong>tormentorum</strong></span> <span class='ocrx_word' id='word_1_376' title='bbox 1973 2802 2065 2864; x_wconf 83' lang='lat' dir='ltr'><strong>itei</strong></span> 
     </span>
    </p>
   </div>
   <div class='ocr_carea' id='block_1_54' title="bbox 2155 2798 3817 2886">
    <p class='ocr_par' dir='ltr' id='par_1_54' title="bbox 2166 2802 3817 2886">
     <span class='ocr_line' id='line_1_54' title="bbox 2166 2802 3817 2886; baseline 0.004 -29"><span class='ocrx_word' id='word_1_377' title='bbox 2166 2807 2267 2882; x_wconf 91' lang='grc' dir='ltr'><strong>γῆς</strong></span> <span class='ocrx_word' id='word_1_378' title='bbox 2327 2804 2632 2882; x_wconf 86' lang='grc' dir='ltr'>συρόμενοι,</span> <span class='ocrx_word' id='word_1_379' title='bbox 2667 2803 2829 2868; x_wconf 86' lang='grc' dir='ltr'>λίθοις</span> <span class='ocrx_word' id='word_1_380' title='bbox 2872 2802 3220 2881; x_wconf 88' lang='grc' dir='ltr'>βαλλόμενοι,</span> <span class='ocrx_word' id='word_1_381' title='bbox 3252 2807 3381 2884; x_wconf 82' lang='grc' dir='ltr'>πρὸς</span> <span class='ocrx_word' id='word_1_382' title='bbox 3413 2805 3466 2885; x_wconf 64' lang='grc' dir='ltr'><strong>δξ</strong></span> <span class='ocrx_word' id='word_1_383' title='bbox 3524 2806 3817 2886; x_wconf 69' lang='grc' dir='ltr'>γελώμενοί</span> 
     </span>
    </p>
   </div>
   <div class='ocr_carea' id='block_1_55' title="bbox 416 2887 2065 2975">
    <p class='ocr_par' dir='ltr' id='par_1_55' title="bbox 416 2887 2065 2972">
     <span class='ocr_line' id='line_1_55' title="bbox 416 2887 2065 2972; baseline -0.001 -18"><span class='ocrx_word' id='word_1_384' title='bbox 416 2909 538 2954; x_wconf 88' lang='lat' dir='ltr'><strong>non</strong></span> <span class='ocrx_word' id='word_1_385' title='bbox 598 2889 1045 2972; x_wconf 83' lang='lat' dir='ltr'><strong>pervaserunt?</strong></span> <span class='ocrx_word' id='word_1_386' title='bbox 1093 2887 1409 2962; x_wconf 88' lang='lat' dir='ltr'><strong>Quodnam</strong></span> <span class='ocrx_word' id='word_1_387' title='bbox 1461 2901 1665 2951; x_wconf 90' lang='lat' dir='ltr'><strong>autem</strong></span> <span class='ocrx_word' id='word_1_388' title='bbox 1723 2891 2065 2972; x_wconf 81' lang='lat' dir='ltr'><strong>suppliciun</strong></span> 
     </span>
    </p>
   </div>
   <div class='ocr_carea' id='block_1_56' title="bbox 2155 2887 3817 2975">
    <p class='ocr_par' dir='ltr' id='par_1_56' title="bbox 2166 2891 3817 2975">
     <span class='ocr_line' id='line_1_56' title="bbox 2166 2891 3817 2975; baseline 0.003 -26"><span class='ocrx_word' id='word_1_389' title='bbox 2166 2915 2223 2949; x_wconf 85' lang='grc' dir='ltr'><strong>τε</strong></span> <span class='ocrx_word' id='word_1_390' title='bbox 2283 2896 2370 2950; x_wconf 86' lang='grc' dir='ltr'>καὶ</span> <span class='ocrx_word' id='word_1_391' title='bbox 2429 2891 2788 2970; x_wconf 74' lang='grc' dir='ltr'>ἐμπτυόμενοι</span> <span class='ocrx_word' id='word_1_392' title='bbox 2856 2895 2943 2950; x_wconf 88' lang='grc' dir='ltr'><strong>καὶ</strong></span> <span class='ocrx_word' id='word_1_393' title='bbox 3020 2896 3163 2952; x_wconf 80' lang='grc' dir='ltr'>ἅπαν</span> <span class='ocrx_word' id='word_1_394' title='bbox 3227 2896 3371 2962; x_wconf 71' lang='grc' dir='ltr'>εἶδος</span> <span class='ocrx_word' id='word_1_395' title='bbox 3442 2904 3817 2975; x_wconf 82' lang='grc' dir='ltr'>μυκτηρισμοῦ</span> 
     </span>
    </p>
   </div>
   <div class='ocr_carea' id='block_1_57' title="bbox 412 2977 2065 3065">
    <p class='ocr_par' dir='ltr' id='par_1_57' title="bbox 412 2977 2065 3060">
     <span class='ocr_line' id='line_1_57' title="bbox 412 2977 2065 3060; baseline -0.002 -17"><span class='ocrx_word' id='word_1_396' title='bbox 412 2997 534 3045; x_wconf 89' lang='lat' dir='ltr'><strong>non</strong></span> <span class='ocrx_word' id='word_1_397' title='bbox 565 2989 924 3059; x_wconf 84' lang='lat' dir='ltr'><strong>superarunt</strong></span> <span class='ocrx_word' id='word_1_398' title='bbox 945 2979 1290 3060; x_wconf 78' lang='lat' dir='ltr'><strong>tolerantia,</strong></span> <span class='ocrx_word' id='word_1_399' title='bbox 1321 2977 1486 3051; x_wconf 59' lang='lat' dir='ltr'><strong>euasi,</strong></span> <span class='ocrx_word' id='word_1_400' title='bbox 1519 2985 1682 3060; x_wconf 72' lang='lat' dir='ltr'><strong>torti,</strong></span> <span class='ocrx_word' id='word_1_401' title='bbox 1717 2998 1824 3058; x_wconf 91' lang='lat' dir='ltr'><strong>per</strong></span> <span class='ocrx_word' id='word_1_402' title='bbox 1855 2992 2065 3042; x_wconf 85' lang='lat' dir='ltr'><strong>terram</strong></span> 
     </span>
    </p>
   </div>
   <div class='ocr_carea' id='block_1_58' title="bbox 2155 2977 3815 3065">
    <p class='ocr_par' dir='ltr' id='par_1_58' title="bbox 2160 2982 3815 3065">
     <span class='ocr_line' id='line_1_58' title="bbox 2160 2982 3815 3065; baseline 0.001 -27"><span class='ocrx_word' id='word_1_403' title='bbox 2160 2982 2466 3062; x_wconf 77' lang='grc' dir='ltr'>φέροντες;</span> <span class='ocrx_word' id='word_1_404' title='bbox 2528 2982 2696 3041; x_wconf 79' lang='grc' dir='ltr'>Ἀλλὰ</span> <span class='ocrx_word' id='word_1_405' title='bbox 2753 2995 2914 3044; x_wconf 80' lang='grc' dir='ltr'>ταῦτα</span> <span class='ocrx_word' id='word_1_406' title='bbox 2965 2985 3063 3061; x_wconf 77' lang='grc' dir='ltr'>μὲν</span> <span class='ocrx_word' id='word_1_407' title='bbox 3115 2983 3330 3052; x_wconf 71' lang='grc' dir='ltr'>ἐκείνοις</span> <span class='ocrx_word' id='word_1_408' title='bbox 3387 2989 3652 3065; x_wconf 63' lang='grc' dir='ltr'>γυμνάσια</span> <span class='ocrx_word' id='word_1_409' title='bbox 3709 2995 3815 3045; x_wconf 80' lang='grc' dir='ltr'><strong>τῶν</strong></span> 
     </span>
    </p>
   </div>
   <div class='ocr_carea' id='block_1_59' title="bbox 415 3068 2065 3152">
    <p class='ocr_par' dir='ltr' id='par_1_59' title="bbox 415 3068 2065 3151">
     <span class='ocr_line' id='line_1_59' title="bbox 415 3068 2065 3151; baseline -0.001 -19"><span class='ocrx_word' id='word_1_410' title='bbox 415 3069 611 3145; x_wconf 83' lang='lat' dir='ltr'><strong>tracti,</strong></span> <span class='ocrx_word' id='word_1_411' title='bbox 653 3068 956 3151; x_wconf 87' lang='lat' dir='ltr'><strong>lapidibus</strong></span> <span class='ocrx_word' id='word_1_412' title='bbox 1015 3068 1293 3150; x_wconf 90' lang='lat' dir='ltr'><strong>appetiti,</strong></span> <span class='ocrx_word' id='word_1_413' title='bbox 1359 3068 1550 3150; x_wconf 87' lang='lat' dir='ltr'><strong>irrisi,</strong></span> <span class='ocrx_word' id='word_1_414' title='bbox 1611 3076 1970 3150; x_wconf 85' lang='lat' dir='ltr'><strong>consputati,</strong></span> <span class='ocrx_word' id='word_1_415' title='bbox 2022 3083 2065 3132; x_wconf 83' lang='lat' dir='ltr'><strong>et</strong></span> 
     </span>
    </p>
   </div>
   <div class='ocr_carea' id='block_1_60' title="bbox 2155 3068 3813 3152">
    <p class='ocr_par' dir='ltr' id='par_1_60' title="bbox 2161 3073 3813 3152">
     <span class='ocr_line' id='line_1_60' title="bbox 2161 3073 3813 3152; baseline 0 -22"><span class='ocrx_word' id='word_1_416' title='bbox 2161 3073 2469 3147; x_wconf 87' lang='grc' dir='ltr'>μελλόντων</span> <span class='ocrx_word' id='word_1_417' title='bbox 2531 3076 2620 3130; x_wconf 83' lang='grc' dir='ltr'><strong>καὶ</strong></span> <span class='ocrx_word' id='word_1_418' title='bbox 2690 3075 2785 3131; x_wconf 74' lang='grc' dir='ltr'>οἵα</span> <span class='ocrx_word' id='word_1_419' title='bbox 2848 3075 3291 3152; x_wconf 78' lang='grc' dir='ltr'>προαγωνίσματα</span> <span class='ocrx_word' id='word_1_420' title='bbox 3359 3077 3444 3144; x_wconf 82' lang='grc' dir='ltr'>ἧν.</span> <span class='ocrx_word' id='word_1_421' title='bbox 3535 3077 3680 3133; x_wconf 87' lang='grc' dir='ltr'>Ἐπεὶ</span> <span class='ocrx_word' id='word_1_422' title='bbox 3759 3074 3813 3131; x_wconf 80' lang='grc' dir='ltr'><strong>δὲ</strong></span> 
     </span>
    </p>
   </div>
   <div class='ocr_carea' id='block_1_61' title="bbox 413 3158 2065 3240">
    <p class='ocr_par' dir='ltr' id='par_1_61' title="bbox 413 3158 2065 3238">
     <span class='ocr_line' id='line_1_61' title="bbox 413 3158 2065 3238; baseline -0.003 -15"><span class='ocrx_word' id='word_1_423' title='bbox 413 3178 594 3224; x_wconf 90' lang='lat' dir='ltr'><strong>omne</strong></span> <span class='ocrx_word' id='word_1_424' title='bbox 623 3176 818 3238; x_wconf 74' lang='lat' dir='ltr'><strong>genus</strong></span> <span class='ocrx_word' id='word_1_425' title='bbox 851 3161 1116 3222; x_wconf 79' lang='lat' dir='ltr'><strong>ferentes</strong></span> <span class='ocrx_word' id='word_1_426' title='bbox 1171 3158 1710 3221; x_wconf 80' lang='lat' dir='ltr'><strong>subsannationis?</strong></span> <span class='ocrx_word' id='word_1_427' title='bbox 1757 3159 1875 3220; x_wconf 89' lang='lat' dir='ltr'><strong>Sed</strong></span> <span class='ocrx_word' id='word_1_428' title='bbox 1909 3170 2065 3222; x_wconf 83' lang='lat' dir='ltr'><strong>erant</strong></span> 
     </span>
    </p>
   </div>
   <div class='ocr_carea' id='block_1_62' title="bbox 2155 3158 3813 3240">
    <p class='ocr_par' dir='ltr' id='par_1_62' title="bbox 2161 3161 3813 3240">
     <span class='ocr_line' id='line_1_62' title="bbox 2161 3161 3813 3240; baseline 0 -21"><span class='ocrx_word' id='word_1_429' title='bbox 2161 3162 2262 3219; x_wconf 72' lang='grc' dir='ltr'>ἔδει</span> <span class='ocrx_word' id='word_1_430' title='bbox 2319 3165 2538 3226; x_wconf 68' lang='grc' dir='ltr'>τούτους</span> <span class='ocrx_word' id='word_1_431' title='bbox 2611 3165 2699 3220; x_wconf 79' lang='grc' dir='ltr'><strong>καὶ</strong></span> <span class='ocrx_word' id='word_1_432' title='bbox 2756 3165 2822 3219; x_wconf 77' lang='grc' dir='ltr'><strong>τὰ</strong></span> <span class='ocrx_word' id='word_1_433' title='bbox 2875 3161 3082 3240; x_wconf 85' lang='grc' dir='ltr'>μεγάλα</span> <span class='ocrx_word' id='word_1_434' title='bbox 3147 3162 3369 3239; x_wconf 72' lang='grc' dir='ltr'>δραμεῖν</span> <span class='ocrx_word' id='word_1_435' title='bbox 3438 3163 3705 3238; x_wconf 88' lang='grc' dir='ltr'>Ὀλύμπια</span> <span class='ocrx_word' id='word_1_436' title='bbox 3747 3165 3813 3220; x_wconf 80' lang='grc' dir='ltr'><strong>τὰ</strong></span> 
     </span>
    </p>
   </div>
   <div class='ocr_carea' id='block_1_63' title="bbox 418 3246 2065 3330">
    <p class='ocr_par' dir='ltr' id='par_1_63' title="bbox 418 3246 2065 3330">
     <span class='ocr_line' id='line_1_63' title="bbox 418 3246 2065 3330; baseline -0.002 -18"><span class='ocrx_word' id='word_1_437' title='bbox 418 3249 547 3313; x_wconf 66' lang='lat' dir='ltr'><strong>haec</strong></span> <span class='ocrx_word' id='word_1_438' title='bbox 582 3249 828 3330; x_wconf 89' lang='lat' dir='ltr'><strong>quidem</strong></span> <span class='ocrx_word' id='word_1_439' title='bbox 888 3246 1009 3309; x_wconf 87' lang='lat' dir='ltr'><strong>illis</strong></span> <span class='ocrx_word' id='word_1_440' title='bbox 1057 3247 1392 3309; x_wconf 78' lang='lat' dir='ltr'><strong>futurorum</strong></span> <span class='ocrx_word' id='word_1_441' title='bbox 1446 3246 1767 3326; x_wconf 77' lang='lat' dir='ltr'><strong>gymnasia,</strong></span> <span class='ocrx_word' id='word_1_442' title='bbox 1805 3255 1864 3308; x_wconf 92' lang='lat' dir='ltr'><strong>et</strong></span> <span class='ocrx_word' id='word_1_443' title='bbox 1893 3249 2065 3310; x_wconf 86' lang='lat' dir='ltr'><strong>veluti</strong></span> 
     </span>
    </p>
   </div>
   <div class='ocr_carea' id='block_1_64' title="bbox 2155 3246 3810 3330">
    <p class='ocr_par' dir='ltr' id='par_1_64' title="bbox 2160 3250 3810 3330">
     <span class='ocr_line' id='line_1_64' title="bbox 2160 3250 3810 3330; baseline 0 -21"><span class='ocrx_word' id='word_1_444' title='bbox 2160 3255 2268 3309; x_wconf 78' lang='grc' dir='ltr'><strong>τῶν</strong></span> <span class='ocrx_word' id='word_1_445' title='bbox 2336 3254 2560 3330; x_wconf 83' lang='grc' dir='ltr'>καιρῶν,</span> <span class='ocrx_word' id='word_1_446' title='bbox 2625 3252 2897 3324; x_wconf 70' lang='grc' dir='ltr'>βασάνωδ,</span> <span class='ocrx_word' id='word_1_447' title='bbox 2947 3253 3106 3328; x_wconf 74' lang='grc' dir='ltr'>γημῖ,</span> <span class='ocrx_word' id='word_1_448' title='bbox 3152 3252 3345 3330; x_wconf 83' lang='grc' dir='ltr'>ὥριστο</span> <span class='ocrx_word' id='word_1_449' title='bbox 3403 3250 3456 3307; x_wconf 75' lang='grc' dir='ltr'><strong>δὲ</strong></span> <span class='ocrx_word' id='word_1_450' title='bbox 3510 3253 3599 3308; x_wconf 87' lang='grc' dir='ltr'><strong>καί</strong></span> <span class='ocrx_word' id='word_1_451' title='bbox 3639 3253 3810 3328; x_wconf 75' lang='grc' dir='ltr'>ἡμέρα</span> 
     </span>
    </p>
   </div>
   <div class='ocr_carea' id='block_1_65' title="bbox 417 3337 2067 3420">
    <p class='ocr_par' dir='ltr' id='par_1_65' title="bbox 417 3337 2067 3420">
     <span class='ocr_line' id='line_1_65' title="bbox 417 3337 2067 3420; baseline -0.002 -19"><span class='ocrx_word' id='word_1_452' title='bbox 417 3338 686 3420; x_wconf 53' lang='lat' dir='ltr'><strong>quaedam</strong></span> <span class='ocrx_word' id='word_1_453' title='bbox 716 3355 910 3418; x_wconf 71' lang='lat' dir='ltr'><strong>prmex</strong></span> <span class='ocrx_word' id='word_1_454' title='bbox 921 3337 1660 3415; x_wconf 85' lang='lat' dir='ltr'><strong>ercitationes.Postquam</strong></span> <span class='ocrx_word' id='word_1_455' title='bbox 1677 3344 1875 3398; x_wconf 89' lang='lat' dir='ltr'><strong>autem</strong></span> <span class='ocrx_word' id='word_1_456' title='bbox 1889 3354 2036 3418; x_wconf 93' lang='lat' dir='ltr'><strong>opor</strong></span> <span class='ocrx_word' id='word_1_457' title='bbox 2050 3372 2067 3384; x_wconf 86' lang='lat'><strong>-</strong></span> 
     </span>
    </p>
   </div>
   <div class='ocr_carea' id='block_1_66' title="bbox 413 3425 2062 3506">
    <p class='ocr_par' dir='ltr' id='par_1_66' title="bbox 413 3425 2062 3506">
     <span class='ocr_line' id='line_1_66' title="bbox 413 3425 2062 3506; baseline -0.002 -16"><span class='ocrx_word' id='word_1_458' title='bbox 413 3427 688 3490; x_wconf 89' lang='lat' dir='ltr'><strong>tebateos</strong></span> <span class='ocrx_word' id='word_1_459' title='bbox 701 3443 910 3505; x_wconf 75' lang='lat' dir='ltr'><strong>magna</strong></span> <span class='ocrx_word' id='word_1_460' title='bbox 925 3425 2062 3506; x_wconf 79' lang='lat' dir='ltr'><strong>currereOlympia,temporis,inquam,</strong></span> 
     </span>
    </p>
   </div>
   <div class='ocr_carea' id='block_1_67' title="bbox 412 3514 2067 3594">
    <p class='ocr_par' dir='ltr' id='par_1_67' title="bbox 412 3514 2067 3594">
     <span class='ocr_line' id='line_1_67' title="bbox 412 3514 2067 3594; baseline 0.001 -18"><span class='ocrx_word' id='word_1_461' title='bbox 412 3522 848 3578; x_wconf 86' lang='lat' dir='ltr'><strong>tormentorum</strong></span> <span class='ocrx_word' id='word_1_462' title='bbox 883 3533 899 3588; x_wconf 88' lang='lat'><strong>;</strong></span> <span class='ocrx_word' id='word_1_463' title='bbox 931 3523 1058 3575; x_wconf 89' lang='lat' dir='ltr'><strong>erat</strong></span> <span class='ocrx_word' id='word_1_464' title='bbox 1088 3532 1227 3575; x_wconf 87' lang='lat' dir='ltr'><strong>vero</strong></span> <span class='ocrx_word' id='word_1_465' title='bbox 1260 3514 1391 3576; x_wconf 91' lang='lat' dir='ltr'><strong>dies</strong></span> <span class='ocrx_word' id='word_1_466' title='bbox 1434 3517 1802 3594; x_wconf 66' lang='lat' dir='ltr'><strong>praestitutus</strong></span> <span class='ocrx_word' id='word_1_467' title='bbox 1833 3515 2067 3578; x_wconf 88' lang='lat' dir='ltr'><strong>decimo</strong></span> 
     </span>
    </p>
   </div>
   <div class='ocr_carea' id='block_1_68' title="bbox 410 3603 2063 3686">
    <p class='ocr_par' dir='ltr' id='par_1_68' title="bbox 410 3603 2063 3686">
     <span class='ocr_line' id='line_1_68' title="bbox 410 3603 2063 3686; baseline -0.001 -19"><span class='ocrx_word' id='word_1_468' title='bbox 410 3603 710 3667; x_wconf 85' lang='lat' dir='ltr'><strong>Kalendas</strong></span> <span class='ocrx_word' id='word_1_469' title='bbox 740 3603 1054 3666; x_wconf 85' lang='lat' dir='ltr'><strong>Januarias</strong></span> <span class='ocrx_word' id='word_1_470' title='bbox 1092 3620 1107 3677; x_wconf 89' lang='lat'><strong>;</strong></span> <span class='ocrx_word' id='word_1_471' title='bbox 1142 3611 1200 3664; x_wconf 94' lang='lat' dir='ltr'><strong>et</strong></span> <span class='ocrx_word' id='word_1_472' title='bbox 1239 3612 1504 3684; x_wconf 85' lang='lat' dir='ltr'><strong>paratum</strong></span> <span class='ocrx_word' id='word_1_473' title='bbox 1539 3604 1780 3686; x_wconf 86' lang='lat' dir='ltr'><strong>quidem</strong></span> <span class='ocrx_word' id='word_1_474' title='bbox 1809 3613 1936 3666; x_wconf 89' lang='lat' dir='ltr'><strong>erat</strong></span> <span class='ocrx_word' id='word_1_475' title='bbox 1958 3606 2063 3666; x_wconf 41' lang='lat' dir='ltr'><strong>tri:</strong></span> 
     </span>
    </p>
   </div>
   <div class='ocr_carea' id='block_1_69' title="bbox 411 3692 2064 3776">
    <p class='ocr_par' dir='ltr' id='par_1_69' title="bbox 411 3692 2064 3776">
     <span class='ocr_line' id='line_1_69' title="bbox 411 3692 2064 3776; baseline -0.001 -18"><span class='ocrx_word' id='word_1_476' title='bbox 411 3694 688 3776; x_wconf 88' lang='lat' dir='ltr'><strong>bunal,et</strong></span> <span class='ocrx_word' id='word_1_477' title='bbox 721 3692 1078 3775; x_wconf 71' lang='lat' dir='ltr'><strong>praasidebat</strong></span> <span class='ocrx_word' id='word_1_478' title='bbox 1115 3694 1460 3774; x_wconf 90' lang='lat' dir='ltr'><strong>proconsul,</strong></span> <span class='ocrx_word' id='word_1_479' title='bbox 1481 3693 1850 3757; x_wconf 87' lang='lat' dir='ltr'><strong>ducebantur</strong></span> <span class='ocrx_word' id='word_1_480' title='bbox 1868 3695 2064 3757; x_wconf 89' lang='lat' dir='ltr'><strong>athle-</strong></span> 
     </span>
    </p>
   </div>
   <div class='ocr_carea' id='block_1_70' title="bbox 406 3783 2061 3865">
    <p class='ocr_par' dir='ltr' id='par_1_70' title="bbox 406 3783 2061 3865">
     <span class='ocr_line' id='line_1_70' title="bbox 406 3783 2061 3865; baseline 0 -17"><span class='ocrx_word' id='word_1_481' title='bbox 406 3793 482 3848; x_wconf 71' lang='lat' dir='ltr'><strong>ta)</strong></span> <span class='ocrx_word' id='word_1_482' title='bbox 519 3806 532 3847; x_wconf 90' lang='lat'>:</span> <span class='ocrx_word' id='word_1_483' title='bbox 569 3784 729 3865; x_wconf 90' lang='lat' dir='ltr'><strong>pleni</strong></span> <span class='ocrx_word' id='word_1_484' title='bbox 751 3801 889 3845; x_wconf 85' lang='lat' dir='ltr'><strong>vero</strong></span> <span class='ocrx_word' id='word_1_485' title='bbox 925 3792 1097 3846; x_wconf 90' lang='lat' dir='ltr'><strong>erant</strong></span> <span class='ocrx_word' id='word_1_486' title='bbox 1126 3783 1329 3855; x_wconf 81' lang='lat' dir='ltr'><strong>ambo,</strong></span> <span class='ocrx_word' id='word_1_487' title='bbox 1363 3783 1421 3844; x_wconf 88' lang='lat' dir='ltr'><strong>hi</strong></span> <span class='ocrx_word' id='word_1_488' title='bbox 1461 3783 1705 3858; x_wconf 88' lang='lat' dir='ltr'><strong>quidem</strong></span> <span class='ocrx_word' id='word_1_489' title='bbox 1737 3783 1918 3846; x_wconf 87' lang='lat' dir='ltr'><strong>adimi</strong></span> <span class='ocrx_word' id='word_1_490' title='bbox 1948 3785 2061 3848; x_wconf 89' lang='lat' dir='ltr'><strong>ala-</strong></span> 
     </span>
    </p>
   </div>
   <div class='ocr_carea' id='block_1_71' title="bbox 409 3872 2060 3956">
    <p class='ocr_par' dir='ltr' id='par_1_71' title="bbox 409 3872 2060 3956">
     <span class='ocr_line' id='line_1_71' title="bbox 409 3872 2060 3956; baseline 0.001 -19"><span class='ocrx_word' id='word_1_491' title='bbox 409 3875 642 3948; x_wconf 85' lang='lat' dir='ltr'><strong>critate,</strong></span> <span class='ocrx_word' id='word_1_492' title='bbox 679 3874 782 3936; x_wconf 91' lang='lat' dir='ltr'><strong>ille</strong></span> <span class='ocrx_word' id='word_1_493' title='bbox 809 3891 946 3938; x_wconf 86' lang='lat' dir='ltr'><strong>vero</strong></span> <span class='ocrx_word' id='word_1_494' title='bbox 987 3874 1188 3935; x_wconf 80' lang='lat' dir='ltr'><strong>furore</strong></span> <span class='ocrx_word' id='word_1_495' title='bbox 1222 3882 1280 3934; x_wconf 91' lang='lat' dir='ltr'><strong>et</strong></span> <span class='ocrx_word' id='word_1_496' title='bbox 1311 3873 1562 3935; x_wconf 90' lang='lat' dir='ltr'><strong>insania.</strong></span> <span class='ocrx_word' id='word_1_497' title='bbox 1589 3873 1660 3935; x_wconf 92' lang='lat' dir='ltr'><strong>Et</strong></span> <span class='ocrx_word' id='word_1_498' title='bbox 1690 3872 1791 3936; x_wconf 90' lang='lat' dir='ltr'><strong>ille</strong></span> <span class='ocrx_word' id='word_1_499' title='bbox 1819 3875 2060 3956; x_wconf 89' lang='lat' dir='ltr'><strong>quidem</strong></span> 
     </span>
    </p>
   </div>
   <div class='ocr_carea' id='block_1_72' title="bbox 415 3961 2058 4047">
    <p class='ocr_par' dir='ltr' id='par_1_72' title="bbox 415 3961 2058 4047">
     <span class='ocr_line' id='line_1_72' title="bbox 415 3961 2058 4047; baseline 0 -21"><span class='ocrx_word' id='word_1_500' title='bbox 415 3972 548 4027; x_wconf 89' lang='lat' dir='ltr'><strong>erat</strong></span> <span class='ocrx_word' id='word_1_501' title='bbox 577 3982 913 4046; x_wconf 88' lang='lat' dir='ltr'><strong>propensus</strong></span> <span class='ocrx_word' id='word_1_502' title='bbox 943 3963 1014 4026; x_wconf 90' lang='lat' dir='ltr'><strong>ad</strong></span> <span class='ocrx_word' id='word_1_503' title='bbox 1053 3961 1419 4045; x_wconf 89' lang='lat' dir='ltr'><strong>puniendum</strong></span> <span class='ocrx_word' id='word_1_504' title='bbox 1455 3982 1642 4044; x_wconf 83' lang='lat' dir='ltr'><strong>usque</strong></span> <span class='ocrx_word' id='word_1_505' title='bbox 1673 3963 1743 4026; x_wconf 90' lang='lat' dir='ltr'><strong>ad</strong></span> <span class='ocrx_word' id='word_1_506' title='bbox 1781 3977 2058 4047; x_wconf 90' lang='lat' dir='ltr'><strong>mortem,</strong></span> 
     </span>
    </p>
   </div>
   <div class='ocr_carea' id='block_1_73' title="bbox 412 4052 2066 4135">
    <p class='ocr_par' dir='ltr' id='par_1_73' title="bbox 412 4052 2066 4135">
     <span class='ocr_line' id='line_1_73' title="bbox 412 4052 2066 4135; baseline 0.001 -19"><span class='ocrx_word' id='word_1_507' title='bbox 412 4054 476 4116; x_wconf 90' lang='lat' dir='ltr'><strong>bi</strong></span> <span class='ocrx_word' id='word_1_508' title='bbox 503 4072 641 4116; x_wconf 89' lang='lat' dir='ltr'><strong>vero</strong></span> <span class='ocrx_word' id='word_1_509' title='bbox 668 4054 854 4135; x_wconf 86' lang='lat' dir='ltr'><strong>parati</strong></span> <span class='ocrx_word' id='word_1_510' title='bbox 879 4064 1048 4116; x_wconf 89' lang='lat' dir='ltr'><strong>erant</strong></span> <span class='ocrx_word' id='word_1_511' title='bbox 1085 4052 1386 4115; x_wconf 85' lang='lat' dir='ltr'><strong>sustinere</strong></span> <span class='ocrx_word' id='word_1_512' title='bbox 1408 4072 1595 4134; x_wconf 90' lang='lat' dir='ltr'><strong>usque</strong></span> <span class='ocrx_word' id='word_1_513' title='bbox 1630 4054 1700 4114; x_wconf 89' lang='lat' dir='ltr'><strong>ad</strong></span> <span class='ocrx_word' id='word_1_514' title='bbox 1736 4063 2066 4118; x_wconf 81' lang='lat' dir='ltr'><strong>extremum</strong></span> 
     </span>
    </p>
   </div>
   <div class='ocr_carea' id='block_1_74' title="bbox 413 4143 2068 4227">
    <p class='ocr_par' dir='ltr' id='par_1_74' title="bbox 413 4143 2068 4227">
     <span class='ocr_line' id='line_1_74' title="bbox 413 4143 2068 4227; baseline 0.001 -21"><span class='ocrx_word' id='word_1_515' title='bbox 413 4143 689 4227; x_wconf 89' lang='lat' dir='ltr'><strong>spiritum</strong></span> <span class='ocrx_word' id='word_1_516' title='bbox 722 4162 734 4202; x_wconf 92' lang='lat'>:</span> <span class='ocrx_word' id='word_1_517' title='bbox 773 4143 1062 4206; x_wconf 87' lang='lat' dir='ltr'><strong>iracundo</strong></span> <span class='ocrx_word' id='word_1_518' title='bbox 1096 4152 1155 4206; x_wconf 94' lang='lat' dir='ltr'><strong>et</strong></span> <span class='ocrx_word' id='word_1_519' title='bbox 1206 4143 1427 4206; x_wconf 64' lang='lat' dir='ltr'><strong>caedem</strong></span> <span class='ocrx_word' id='word_1_520' title='bbox 1483 4143 1746 4223; x_wconf 91' lang='lat' dir='ltr'><strong>spirante</strong></span> <span class='ocrx_word' id='word_1_521' title='bbox 1773 4146 1932 4206; x_wconf 88' lang='lat' dir='ltr'><strong>vultu</strong></span> <span class='ocrx_word' id='word_1_522' title='bbox 1966 4165 2068 4208; x_wconf 91' lang='lat' dir='ltr'><strong>eos</strong></span> 
     </span>
    </p>
   </div>
   <div class='ocr_carea' id='block_1_75' title="bbox 2158 3337 3812 3419">
    <p class='ocr_par' dir='ltr' id='par_1_75' title="bbox 2158 3337 3812 3419">
     <span class='ocr_line' id='line_1_75' title="bbox 2158 3337 3812 3419; baseline -0.001 -23"><span class='ocrx_word' id='word_1_523' title='bbox 2158 3348 2265 3397; x_wconf 85' lang='grc' dir='ltr'><strong>τῶν</strong></span> <span class='ocrx_word' id='word_1_524' title='bbox 2323 3340 2650 3419; x_wconf 77' lang='grc' dir='ltr'>Ἰαννουρίων</span> <span class='ocrx_word' id='word_1_525' title='bbox 2702 3337 2978 3396; x_wconf 70' lang='grc' dir='ltr'>καλαιδῶν</span> <span class='ocrx_word' id='word_1_526' title='bbox 3035 3342 3070 3408; x_wconf 77' lang='grc' dir='ltr'>ἡ</span> <span class='ocrx_word' id='word_1_527' title='bbox 3129 3343 3230 3419; x_wconf 86' lang='grc' dir='ltr'>πρὸ</span> <span class='ocrx_word' id='word_1_528' title='bbox 3287 3341 3432 3413; x_wconf 82' lang='grc' dir='ltr'>δέκα,</span> <span class='ocrx_word' id='word_1_529' title='bbox 3465 3343 3552 3397; x_wconf 81' lang='grc' dir='ltr'><strong>καὶ</strong></span> <span class='ocrx_word' id='word_1_530' title='bbox 3598 3344 3659 3399; x_wconf 81' lang='grc' dir='ltr'>τὸ</span> <span class='ocrx_word' id='word_1_531' title='bbox 3716 3343 3812 3406; x_wconf 78' lang='grc' dir='ltr'>μὶν</span> 
     </span>
    </p>
   </div>
   <div class='ocr_carea' id='block_1_76' title="bbox 2150 3429 3810 3510">
    <p class='ocr_par' dir='ltr' id='par_1_76' title="bbox 2150 3429 3810 3510">
     <span class='ocr_line' id='line_1_76' title="bbox 2150 3429 3810 3510; baseline 0.002 -25"><span class='ocrx_word' id='word_1_532' title='bbox 2150 3433 2302 3507; x_wconf 69' lang='grc' dir='ltr'>βξ,μα</span> <span class='ocrx_word' id='word_1_533' title='bbox 2365 3431 2688 3508; x_wconf 70' lang='grc' dir='ltr'>ηὐτρέπιστο</span> <span class='ocrx_word' id='word_1_534' title='bbox 2747 3433 2843 3485; x_wconf 64' lang='grc' dir='ltr'>καὶ</span> <span class='ocrx_word' id='word_1_535' title='bbox 2919 3432 2945 3485; x_wconf 84' lang='grc' dir='ltr'>ὁ</span> <span class='ocrx_word' id='word_1_536' title='bbox 3002 3430 3294 3496; x_wconf 80' lang='grc' dir='ltr'>ἀνθύπατος</span> <span class='ocrx_word' id='word_1_537' title='bbox 3352 3431 3704 3510; x_wconf 70' lang='grc' dir='ltr'>προεκάθητο,</span> <span class='ocrx_word' id='word_1_538' title='bbox 3764 3429 3810 3489; x_wconf 78' lang='grc' dir='ltr'>οἷ</span> 
     </span>
    </p>
   </div>
   <div class='ocr_carea' id='block_1_77' title="bbox 2161 3518 3810 3602">
    <p class='ocr_par' dir='ltr' id='par_1_77' title="bbox 2161 3518 3810 3602">
     <span class='ocr_line' id='line_1_77' title="bbox 2161 3518 3810 3602; baseline 0.001 -26"><span class='ocrx_word' id='word_1_539' title='bbox 2161 3520 2214 3576; x_wconf 79' lang='grc' dir='ltr'><strong>δὲ</strong></span> <span class='ocrx_word' id='word_1_540' title='bbox 2267 3519 2489 3588; x_wconf 83' lang='grc' dir='ltr'>ἀθληταὶ</span> <span class='ocrx_word' id='word_1_541' title='bbox 2554 3520 2772 3598; x_wconf 74' lang='grc' dir='ltr'>ἤγοντοο</span> <span class='ocrx_word' id='word_1_542' title='bbox 2837 3518 3058 3596; x_wconf 72' lang='grc' dir='ltr'>πλήρεις</span> <span class='ocrx_word' id='word_1_543' title='bbox 3100 3522 3154 3577; x_wconf 77' lang='grc' dir='ltr'>δὲ</span> <span class='ocrx_word' id='word_1_544' title='bbox 3204 3525 3342 3590; x_wconf 76' lang='grc' dir='ltr'>ἦσαν</span> <span class='ocrx_word' id='word_1_545' title='bbox 3386 3522 3569 3602; x_wconf 75' lang='grc' dir='ltr'>ἄμφω,</span> <span class='ocrx_word' id='word_1_546' title='bbox 3604 3525 3651 3579; x_wconf 77' lang='grc' dir='ltr'>οἱ</span> <span class='ocrx_word' id='word_1_547' title='bbox 3711 3523 3810 3596; x_wconf 79' lang='grc' dir='ltr'>μὲν</span> 
     </span>
    </p>
   </div>
   <div class='ocr_carea' id='block_1_78' title="bbox 2158 3608 3808 3690">
    <p class='ocr_par' dir='ltr' id='par_1_78' title="bbox 2158 3608 3808 3690">
     <span class='ocr_line' id='line_1_78' title="bbox 2158 3608 3808 3690; baseline 0 -22"><span class='ocrx_word' id='word_1_548' title='bbox 2158 3612 2470 3690; x_wconf 76' lang='grc' dir='ltr'>προθυμίας,</span> <span class='ocrx_word' id='word_1_549' title='bbox 2504 3611 2531 3666; x_wconf 88' lang='grc' dir='ltr'>ὀ</span> <span class='ocrx_word' id='word_1_550' title='bbox 2562 3608 2613 3665; x_wconf 82' lang='grc' dir='ltr'><strong>δὲ</strong></span> <span class='ocrx_word' id='word_1_551' title='bbox 2651 3608 2816 3686; x_wconf 80' lang='grc' dir='ltr'><strong>Θυμοῦ</strong></span> <span class='ocrx_word' id='word_1_552' title='bbox 2846 3613 2941 3666; x_wconf 65' lang='grc' dir='ltr'><strong>καὶ</strong></span> <span class='ocrx_word' id='word_1_553' title='bbox 2981 3611 3182 3685; x_wconf 71' lang='grc' dir='ltr'>ἀνοίας,</span> <span class='ocrx_word' id='word_1_554' title='bbox 3229 3614 3316 3668; x_wconf 85' lang='grc' dir='ltr'><strong>καὶ</strong></span> <span class='ocrx_word' id='word_1_555' title='bbox 3376 3618 3450 3685; x_wconf 88' lang='grc' dir='ltr'>τῷ</span> <span class='ocrx_word' id='word_1_556' title='bbox 3494 3612 3592 3686; x_wconf 78' lang='grc' dir='ltr'>μὲν</span> <span class='ocrx_word' id='word_1_557' title='bbox 3641 3613 3808 3669; x_wconf 81' lang='grc' dir='ltr'>κολά-</span> 
     </span>
    </p>
   </div>
   <div class='ocr_carea' id='block_1_79' title="bbox 2150 3698 3812 3781">
    <p class='ocr_par' dir='ltr' id='par_1_79' title="bbox 2150 3698 3812 3781">
     <span class='ocr_line' id='line_1_79' title="bbox 2150 3698 3812 3781; baseline -0.001 -24"><span class='ocrx_word' id='word_1_558' title='bbox 2150 3711 2257 3775; x_wconf 85' lang='grc' dir='ltr'>ζειν</span> <span class='ocrx_word' id='word_1_559' title='bbox 2311 3701 2475 3781; x_wconf 81' lang='grc' dir='ltr'>μέχρι</span> <span class='ocrx_word' id='word_1_560' title='bbox 2541 3701 2630 3756; x_wconf 83' lang='grc' dir='ltr'>καὶ</span> <span class='ocrx_word' id='word_1_561' title='bbox 2671 3698 2925 3766; x_wconf 80' lang='grc' dir='ltr'>τελευτῆς</span> <span class='ocrx_word' id='word_1_562' title='bbox 2981 3702 3014 3768; x_wconf 80' lang='grc' dir='ltr'>ἡ</span> <span class='ocrx_word' id='word_1_563' title='bbox 3057 3701 3222 3780; x_wconf 77' lang='grc' dir='ltr'>ῥοπὴ,</span> <span class='ocrx_word' id='word_1_564' title='bbox 3256 3715 3375 3766; x_wconf 75' lang='grc' dir='ltr'>τοῖς</span> <span class='ocrx_word' id='word_1_565' title='bbox 3438 3700 3491 3758; x_wconf 79' lang='grc' dir='ltr'><strong>δὲ</strong></span> <span class='ocrx_word' id='word_1_566' title='bbox 3535 3702 3812 3777; x_wconf 81' lang='grc' dir='ltr'>ὑπομένείν</span> 
     </span>
    </p>
   </div>
   <div class='ocr_carea' id='block_1_80' title="bbox 2148 3789 3812 3871">
    <p class='ocr_par' dir='ltr' id='par_1_80' title="bbox 2148 3789 3812 3871">
     <span class='ocr_line' id='line_1_80' title="bbox 2148 3789 3812 3871; baseline -0.002 -20"><span class='ocrx_word' id='word_1_567' title='bbox 2148 3794 2236 3851; x_wconf 82' lang='grc' dir='ltr'><strong>καὶ</strong></span> <span class='ocrx_word' id='word_1_568' title='bbox 2279 3797 2378 3858; x_wconf 86' lang='grc' dir='ltr'><strong>τῆς</strong></span> <span class='ocrx_word' id='word_1_569' title='bbox 2431 3790 2672 3871; x_wconf 77' lang='grc' dir='ltr'>ἐσχάτης</span> <span class='ocrx_word' id='word_1_570' title='bbox 2705 3789 2834 3869; x_wconf 73' lang='grc' dir='ltr'>ἄχρι</span> <span class='ocrx_word' id='word_1_571' title='bbox 2901 3795 3070 3858; x_wconf 89' lang='grc' dir='ltr'>πνοῆς</span> <span class='ocrx_word' id='word_1_572' title='bbox 3127 3794 3160 3859; x_wconf 80' lang='grc' dir='ltr'><strong>ἡ</strong></span> <span class='ocrx_word' id='word_1_573' title='bbox 3213 3793 3551 3870; x_wconf 80' lang='grc' dir='ltr'>παρασκευή·</span> <span class='ocrx_word' id='word_1_574' title='bbox 3603 3792 3812 3870; x_wconf 78' lang='grc' dir='ltr'>ὀργίλον</span> 
     </span>
    </p>
   </div>
   <div class='ocr_carea' id='block_1_81' title="bbox 2149 3877 3805 3958">
    <p class='ocr_par' dir='ltr' id='par_1_81' title="bbox 2149 3877 3805 3958">
     <span class='ocr_line' id='line_1_81' title="bbox 2149 3877 3805 3958; baseline 0 -24"><span class='ocrx_word' id='word_1_575' title='bbox 2149 3885 2332 3944; x_wconf 71' lang='grc' dir='ltr'>αὖτοῐς</span> <span class='ocrx_word' id='word_1_576' title='bbox 2388 3877 2663 3955; x_wconf 70' lang='grc' dir='ltr'>ἐμϐλέψας</span> <span class='ocrx_word' id='word_1_577' title='bbox 2696 3881 2782 3936; x_wconf 83' lang='grc' dir='ltr'>καὶ</span> <span class='ocrx_word' id='word_1_578' title='bbox 2843 3881 3081 3958; x_wconf 54' lang='grc' dir='ltr'>φονικὸν,</span> <span class='ocrx_word' id='word_1_579' title='bbox 3119 3880 3207 3943; x_wconf 89' lang='grc' dir='ltr'>Τίς</span> <span class='ocrx_word' id='word_1_580' title='bbox 3268 3882 3302 3947; x_wconf 79' lang='grc' dir='ltr'>ἡ</span> <span class='ocrx_word' id='word_1_581' title='bbox 3335 3880 3592 3952; x_wconf 82' lang='grc' dir='ltr'>τοσαύτη,</span> <span class='ocrx_word' id='word_1_582' title='bbox 3640 3879 3805 3956; x_wconf 86' lang='grc' dir='ltr'>λέγει,</span> 
     </span>
    </p>
   </div>
   <div class='ocr_carea' id='block_1_82' title="bbox 2151 3967 3811 4049">
    <p class='ocr_par' dir='ltr' id='par_1_82' title="bbox 2151 3967 3811 4049">
     <span class='ocr_line' id='line_1_82' title="bbox 2151 3967 3811 4049; baseline -0.002 -21"><span class='ocrx_word' id='word_1_583' title='bbox 2151 3975 2257 4028; x_wconf 79' lang='grc' dir='ltr'>τῶν</span> <span class='ocrx_word' id='word_1_584' title='bbox 2314 3974 2518 4049; x_wconf 79' lang='grc' dir='ltr'>φρενῶν</span> <span class='ocrx_word' id='word_1_585' title='bbox 2579 3968 2850 4041; x_wconf 76' lang='grc' dir='ltr'>ἔκστασις,</span> <span class='ocrx_word' id='word_1_586' title='bbox 2899 3969 3019 4026; x_wconf 78' lang='grc' dir='ltr'>ὅστε</span> <span class='ocrx_word' id='word_1_587' title='bbox 3057 3970 3197 4043; x_wconf 73' lang='grc' dir='ltr'>μήτε</span> <span class='ocrx_word' id='word_1_588' title='bbox 3253 3967 3414 4046; x_wconf 88' lang='grc' dir='ltr'>λόγος</span> <span class='ocrx_word' id='word_1_589' title='bbox 3473 3968 3610 4040; x_wconf 76' lang='grc' dir='ltr'>μήτε</span> <span class='ocrx_word' id='word_1_590' title='bbox 3643 3967 3751 4042; x_wconf 60' lang='grc' dir='ltr'>μὴν</span> <span class='ocrx_word' id='word_1_591' title='bbox 3783 3968 3811 4024; x_wconf 85' lang='grc' dir='ltr'><strong>ό</strong></span> 
     </span>
    </p>
   </div>
   <div class='ocr_carea' id='block_1_83' title="bbox 2154 4055 3812 4142">
    <p class='ocr_par' dir='ltr' id='par_1_83' title="bbox 2154 4055 3812 4142">
     <span class='ocr_line' id='line_1_83' title="bbox 2154 4055 3812 4142; baseline -0.003 -24"><span class='ocrx_word' id='word_1_592' title='bbox 2154 4061 2350 4142; x_wconf 86' lang='grc' dir='ltr'>χρόνος</span> <span class='ocrx_word' id='word_1_593' title='bbox 2417 4061 2471 4115; x_wconf 78' lang='grc' dir='ltr'>τὸ</span> <span class='ocrx_word' id='word_1_594' title='bbox 2503 4071 2752 4114; x_wconf 78' lang='grc' dir='ltr'>συνοῖσον</span> <span class='ocrx_word' id='word_1_595' title='bbox 2810 4060 2954 4133; x_wconf 82' lang='grc' dir='ltr'>ἡμᾶς</span> <span class='ocrx_word' id='word_1_596' title='bbox 3001 4055 3277 4131; x_wconf 78' lang='grc' dir='ltr'>ἐδίδαξεν;</span> <span class='ocrx_word' id='word_1_597' title='bbox 3335 4065 3469 4114; x_wconf 73' lang='grc' dir='ltr'>Εἶτα</span> <span class='ocrx_word' id='word_1_598' title='bbox 3499 4056 3677 4136; x_wconf 78' lang='grc' dir='ltr'>ὥσπερ</span> <span class='ocrx_word' id='word_1_599' title='bbox 3735 4063 3812 4130; x_wconf 84' lang='grc' dir='ltr'>τῷ</span> 
     </span>
    </p>
   </div>
   <div class='ocr_carea' id='block_1_84' title="bbox 2151 4143 3810 4230">
    <p class='ocr_par' dir='ltr' id='par_1_84' title="bbox 2151 4143 3810 4230">
     <span class='ocr_line' id='line_1_84' title="bbox 2151 4143 3810 4230; baseline -0.002 -23"><span class='ocrx_word' id='word_1_600' title='bbox 2151 4151 2503 4230; x_wconf 56' lang='grc' dir='ltr'>προσχήματι</span> <span class='ocrx_word' id='word_1_601' title='bbox 2563 4149 2710 4222; x_wconf 85' lang='grc' dir='ltr'>μόνῳ</span> <span class='ocrx_word' id='word_1_602' title='bbox 2740 4147 2837 4212; x_wconf 71' lang='grc' dir='ltr'><strong>τῆς</strong></span> <span class='ocrx_word' id='word_1_603' title='bbox 2891 4147 3057 4225; x_wconf 85' lang='grc' dir='ltr'>ὀργῆς</span> <span class='ocrx_word' id='word_1_604' title='bbox 3114 4143 3458 4216; x_wconf 81' lang='grc' dir='ltr'>καταπλήξας</span> <span class='ocrx_word' id='word_1_605' title='bbox 3505 4145 3691 4210; x_wconf 73' lang='grc' dir='ltr'>αὐτούς</span> <span class='ocrx_word' id='word_1_606' title='bbox 3723 4149 3810 4203; x_wconf 86' lang='grc' dir='ltr'><strong>γαὶ</strong></span> 
     </span>
    </p>
   </div>
   <div class='ocr_carea' id='block_1_85' title="bbox 403 4233 2065 4322">
    <p class='ocr_par' dir='ltr' id='par_1_85' title="bbox 403 4233 2062 4315">
     <span class='ocr_line' id='line_1_85' title="bbox 403 4233 2062 4315; baseline 0.001 -20"><span class='ocrx_word' id='word_1_607' title='bbox 403 4234 655 4296; x_wconf 90' lang='lat' dir='ltr'><strong>intuens</strong></span> <span class='ocrx_word' id='word_1_608' title='bbox 691 4252 704 4297; x_wconf 92' lang='lat'>:</span> <span class='ocrx_word' id='word_1_609' title='bbox 744 4234 1029 4308; x_wconf 58' lang='lat' dir='ltr'><strong>Quanam</strong></span> <span class='ocrx_word' id='word_1_610' title='bbox 1058 4242 1172 4314; x_wconf 90' lang='lat' dir='ltr'><strong>est,</strong></span> <span class='ocrx_word' id='word_1_611' title='bbox 1198 4233 1584 4314; x_wconf 81' lang='lat' dir='ltr'><strong>inquit,tanta</strong></span> <span class='ocrx_word' id='word_1_612' title='bbox 1619 4236 2062 4315; x_wconf 88' lang='lat' dir='ltr'><strong>amentia,quod</strong></span> 
     </span>
    </p>
   </div>
   <div class='ocr_carea' id='block_1_86' title="bbox 2155 4233 3811 4322">
    <p class='ocr_par' dir='ltr' id='par_1_86' title="bbox 2155 4233 3811 4316">
     <span class='ocr_line' id='line_1_86' title="bbox 2155 4233 3811 4316; baseline -0.002 -20"><span class='ocrx_word' id='word_1_613' title='bbox 2155 4240 2254 4309; x_wconf 75' lang='grc' dir='ltr'>ἤδη</span> <span class='ocrx_word' id='word_1_614' title='bbox 2315 4237 2618 4305; x_wconf 84' lang='grc' dir='ltr'>πειθηνίους</span> <span class='ocrx_word' id='word_1_615' title='bbox 2676 4233 2876 4310; x_wconf 79' lang='grc' dir='ltr'>λαϐὼν,</span> <span class='ocrx_word' id='word_1_616' title='bbox 2940 4236 3165 4312; x_wconf 88' lang='grc' dir='ltr'>Θύσατε,</span> <span class='ocrx_word' id='word_1_617' title='bbox 3215 4238 3399 4316; x_wconf 73' lang='grc' dir='ltr'>φησὶν,</span> <span class='ocrx_word' id='word_1_618' title='bbox 3452 4239 3496 4290; x_wconf 78' lang='grc' dir='ltr'>ὦ</span> <span class='ocrx_word' id='word_1_619' title='bbox 3551 4245 3714 4295; x_wconf 82' lang='grc' dir='ltr'>οὗτοι·</span> <span class='ocrx_word' id='word_1_620' title='bbox 3768 4237 3811 4292; x_wconf 72' lang='grc' dir='ltr'><strong>εἰ</strong></span> 
     </span>
    </p>
   </div>
   <div class='ocr_carea' id='block_1_87' title="bbox 409 4323 2065 4406">
    <p class='ocr_par' dir='ltr' id='par_1_87' title="bbox 409 4323 2065 4406">
     <span class='ocr_line' id='line_1_87' title="bbox 409 4323 2065 4406; baseline 0.001 -20"><span class='ocrx_word' id='word_1_621' title='bbox 409 4341 612 4406; x_wconf 89' lang='lat' dir='ltr'><strong>neque</strong></span> <span class='ocrx_word' id='word_1_622' title='bbox 641 4324 812 4400; x_wconf 90' lang='lat' dir='ltr'><strong>ratio,</strong></span> <span class='ocrx_word' id='word_1_623' title='bbox 848 4342 1045 4405; x_wconf 91' lang='lat' dir='ltr'><strong>neque</strong></span> <span class='ocrx_word' id='word_1_624' title='bbox 1077 4333 1314 4404; x_wconf 89' lang='lat' dir='ltr'><strong>tempus</strong></span> <span class='ocrx_word' id='word_1_625' title='bbox 1344 4342 1445 4384; x_wconf 91' lang='lat' dir='ltr'><strong>vos</strong></span> <span class='ocrx_word' id='word_1_626' title='bbox 1470 4323 1526 4383; x_wconf 89' lang='lat' dir='ltr'><strong>id</strong></span> <span class='ocrx_word' id='word_1_627' title='bbox 1558 4325 1944 4405; x_wconf 89' lang='lat' dir='ltr'><strong>docuit,quod</strong></span> <span class='ocrx_word' id='word_1_628' title='bbox 1977 4336 2065 4387; x_wconf 91' lang='lat' dir='ltr'><strong>est</strong></span> 
     </span>
    </p>
   </div>
   <div class='ocr_carea' id='block_1_88' title="bbox 2155 4323 3807 4406">
    <p class='ocr_par' dir='ltr' id='par_1_88' title="bbox 2155 4323 3807 4404">
     <span class='ocr_line' id='line_1_88' title="bbox 2155 4323 3807 4404; baseline -0.002 -19"><span class='ocrx_word' id='word_1_629' title='bbox 2155 4331 2201 4386; x_wconf 74' lang='grc' dir='ltr'><strong>δὲ</strong></span> <span class='ocrx_word' id='word_1_630' title='bbox 2236 4330 2338 4404; x_wconf 82' lang='grc' dir='ltr'><strong>μῆ,</strong></span> <span class='ocrx_word' id='word_1_631' title='bbox 2388 4325 2507 4382; x_wconf 66' lang='grc' dir='ltr'>ἁλλ’</span> <span class='ocrx_word' id='word_1_632' title='bbox 2540 4325 2648 4402; x_wconf 80' lang='grc' dir='ltr'><strong>ἐγὼ</strong></span> <span class='ocrx_word' id='word_1_633' title='bbox 2682 4325 2779 4399; x_wconf 68' lang='grc' dir='ltr'>μὲι</span> <span class='ocrx_word' id='word_1_634' title='bbox 2811 4323 2960 4384; x_wconf 75' lang='grc' dir='ltr'>οὐδὲν</span> <span class='ocrx_word' id='word_1_635' title='bbox 3015 4324 3176 4382; x_wconf 85' lang='grc' dir='ltr'>πλέον</span> <span class='ocrx_word' id='word_1_636' title='bbox 3211 4324 3334 4404; x_wconf 75' lang='grc' dir='ltr'>ἐρῶ,</span> <span class='ocrx_word' id='word_1_637' title='bbox 3371 4327 3530 4402; x_wconf 81' lang='grc' dir='ltr'><strong>ὕμεῦς</strong></span> <span class='ocrx_word' id='word_1_638' title='bbox 3559 4325 3611 4380; x_wconf 74' lang='grc' dir='ltr'><strong>δὲ</strong></span> <span class='ocrx_word' id='word_1_639' title='bbox 3656 4326 3807 4382; x_wconf 76' lang='grc' dir='ltr'>εἴσε-</span> 
     </span>
    </p>
   </div>
   <div class='ocr_carea' id='block_1_89' title="bbox 411 4413 2065 4495">
    <p class='ocr_par' dir='ltr' id='par_1_89' title="bbox 411 4413 2060 4495">
     <span class='ocr_line' id='line_1_89' title="bbox 411 4413 2060 4495; baseline 0.002 -20"><span class='ocrx_word' id='word_1_640' title='bbox 411 4414 672 4477; x_wconf 78' lang='lat' dir='ltr'><strong>l&#39;uturum</strong></span> <span class='ocrx_word' id='word_1_641' title='bbox 725 4413 1156 4476; x_wconf 87' lang='lat' dir='ltr'><strong>conducibile?</strong></span> <span class='ocrx_word' id='word_1_642' title='bbox 1195 4414 1419 4476; x_wconf 88' lang='lat' dir='ltr'><strong>Deinde</strong></span> <span class='ocrx_word' id='word_1_643' title='bbox 1447 4414 1695 4495; x_wconf 88' lang='lat' dir='ltr'><strong>perinde</strong></span> <span class='ocrx_word' id='word_1_644' title='bbox 1727 4433 1793 4475; x_wconf 88' lang='lat' dir='ltr'><strong>ac</strong></span> <span class='ocrx_word' id='word_1_645' title='bbox 1831 4416 1880 4475; x_wconf 87' lang='lat' dir='ltr'><strong>si</strong></span> <span class='ocrx_word' id='word_1_646' title='bbox 1915 4417 2060 4493; x_wconf 90' lang='lat' dir='ltr'><strong>sola,</strong></span> 
     </span>
    </p>
   </div>
   <div class='ocr_carea' id='block_1_90' title="bbox 2155 4413 3628 4495">
    <p class='ocr_par' dir='ltr' id='par_1_90' title="bbox 2155 4415 3628 4492">
     <span class='ocr_line' id='line_1_90' title="bbox 2155 4415 3628 4492; baseline -0.001 -18"><span class='ocrx_word' id='word_1_647' title='bbox 2155 4425 2236 4477; x_wconf 81' lang='grc' dir='ltr'><strong>σθε</strong></span> <span class='ocrx_word' id='word_1_648' title='bbox 2265 4417 2383 4489; x_wconf 86' lang='grc' dir='ltr'>μετ’</span> <span class='ocrx_word' id='word_1_649' title='bbox 2414 4415 2592 4492; x_wconf 75' lang='grc' dir='ltr'>ὀλίγον</span> <span class='ocrx_word' id='word_1_650' title='bbox 2632 4416 2708 4478; x_wconf 87' lang='grc' dir='ltr'><strong>τίς</strong></span> <span class='ocrx_word' id='word_1_651' title='bbox 2745 4415 2804 4470; x_wconf 77' lang='grc' dir='ltr'>ἒσ</span> <span class='ocrx_word' id='word_1_652' title='bbox 2818 4437 2892 4471; x_wconf 91' lang='grc' dir='ltr'><strong>τιν</strong></span> <span class='ocrx_word' id='word_1_653' title='bbox 2921 4419 2966 4490; x_wconf 84' lang='grc' dir='ltr'>ᾧ</span> <span class='ocrx_word' id='word_1_654' title='bbox 2997 4422 3084 4470; x_wconf 82' lang='grc' dir='ltr'>νῦν</span> <span class='ocrx_word' id='word_1_655' title='bbox 3112 4415 3382 4472; x_wconf 67' lang='grc' dir='ltr'>ἆπειθεϊτε</span> <span class='ocrx_word' id='word_1_656' title='bbox 3420 4415 3628 4477; x_wconf 80' lang='grc' dir='ltr'>Δέκιος.</span> 
     </span>
    </p>
   </div>
   <div class='ocr_carea' id='block_1_91' title="bbox 414 4503 3811 4589">
    <p class='ocr_par' dir='ltr' id='par_1_91' title="bbox 414 4503 3811 4589">
     <span class='ocr_line' id='line_1_91' title="bbox 414 4503 3811 4589; baseline 0 -23"><span class='ocrx_word' id='word_1_657' title='bbox 414 4519 591 4589; x_wconf 81' lang='lat' dir='ltr'><strong>quam</strong></span> <span class='ocrx_word' id='word_1_658' title='bbox 640 4521 761 4585; x_wconf 62' lang='lat' dir='ltr'><strong>prie</strong></span> <span class='ocrx_word' id='word_1_659' title='bbox 789 4522 856 4565; x_wconf 89' lang='lat' dir='ltr'><strong>se</strong></span> <span class='ocrx_word' id='word_1_660' title='bbox 914 4503 1165 4582; x_wconf 80' lang='lat' dir='ltr'><strong>ferebat,</strong></span> <span class='ocrx_word' id='word_1_661' title='bbox 1215 4503 1304 4563; x_wconf 88' lang='lat' dir='ltr'><strong>ira</strong></span> <span class='ocrx_word' id='word_1_662' title='bbox 1361 4521 1462 4564; x_wconf 92' lang='lat' dir='ltr'><strong>eos</strong></span> <span class='ocrx_word' id='word_1_663' title='bbox 1508 4505 2042 4584; x_wconf 83' lang='lat' dir='ltr'><strong>perterrefecisset,</strong></span> <span class='ocrx_word' id='word_1_664' title='bbox 2081 4518 2138 4571; x_wconf 90' lang='lat' dir='ltr'><strong>et</strong></span> <span class='ocrx_word' id='word_1_665' title='bbox 2182 4509 2305 4589; x_wconf 86' lang='lat' dir='ltr'><strong>jam</strong></span> <span class='ocrx_word' id='word_1_666' title='bbox 2341 4506 2449 4581; x_wconf 88' lang='lat' dir='ltr'><strong>eis,</strong></span> <span class='ocrx_word' id='word_1_667' title='bbox 2483 4511 2551 4565; x_wconf 92' lang='lat' dir='ltr'><strong>ut</strong></span> <span class='ocrx_word' id='word_1_668' title='bbox 2613 4512 2917 4586; x_wconf 86' lang='lat' dir='ltr'><strong>parerent,</strong></span> <span class='ocrx_word' id='word_1_669' title='bbox 2953 4504 3404 4586; x_wconf 78' lang='lat' dir='ltr'><strong>persnasisset:</strong></span> <span class='ocrx_word' id='word_1_670' title='bbox 3469 4504 3811 4566; x_wconf 85' lang='lat' dir='ltr'><strong>Sacriﬁcate</strong></span> 
     </span>
    </p>
   </div>
   <div class='ocr_carea' id='block_1_92' title="bbox 404 4587 3809 4682">
    <p class='ocr_par' dir='ltr' id='par_1_92' title="bbox 404 4587 3809 4682">
     <span class='ocr_line' id='line_1_92' title="bbox 404 4587 3809 4682; baseline 0 -28"><span class='ocrx_word' id='word_1_671' title='bbox 404 4587 611 4682; x_wconf 78' lang='lat' dir='ltr'><strong>inquit</strong></span> <span class='ocrx_word' id='word_1_672' title='bbox 647 4611 662 4669; x_wconf 91' lang='lat'>;</span> <span class='ocrx_word' id='word_1_673' title='bbox 724 4593 816 4654; x_wconf 93' lang='lat' dir='ltr'><strong>sin</strong></span> <span class='ocrx_word' id='word_1_674' title='bbox 849 4593 1068 4666; x_wconf 90' lang='lat' dir='ltr'><strong>minus,</strong></span> <span class='ocrx_word' id='word_1_675' title='bbox 1105 4610 1212 4682; x_wconf 79' lang='lat' dir='ltr'><strong>ego</strong></span> <span class='ocrx_word' id='word_1_676' title='bbox 1267 4591 1508 4670; x_wconf 90' lang='lat' dir='ltr'><strong>quidem</strong></span> <span class='ocrx_word' id='word_1_677' title='bbox 1544 4593 1690 4653; x_wconf 87' lang='lat' dir='ltr'><strong>nihil</strong></span> <span class='ocrx_word' id='word_1_678' title='bbox 1753 4594 1946 4656; x_wconf 89' lang='lat' dir='ltr'><strong>dicam</strong></span> <span class='ocrx_word' id='word_1_679' title='bbox 1993 4587 2252 4682; x_wconf 81' lang='lat' dir='ltr'><strong>amplius</strong></span> <span class='ocrx_word' id='word_1_680' title='bbox 2292 4618 2308 4675; x_wconf 88' lang='lat'><strong>;</strong></span> <span class='ocrx_word' id='word_1_681' title='bbox 2362 4613 2468 4657; x_wconf 89' lang='lat' dir='ltr'><strong>vos</strong></span> <span class='ocrx_word' id='word_1_682' title='bbox 2503 4603 2702 4656; x_wconf 90' lang='lat' dir='ltr'><strong>autem</strong></span> <span class='ocrx_word' id='word_1_683' title='bbox 2765 4593 2966 4656; x_wconf 87' lang='lat' dir='ltr'><strong>scietis</strong></span> <span class='ocrx_word' id='word_1_684' title='bbox 2999 4594 3175 4677; x_wconf 89' lang='lat' dir='ltr'><strong>paulo</strong></span> <span class='ocrx_word' id='word_1_685' title='bbox 3234 4601 3396 4675; x_wconf 84' lang='lat' dir='ltr'><strong>post,</strong></span> <span class='ocrx_word' id='word_1_686' title='bbox 3429 4593 3698 4675; x_wconf 86' lang='lat' dir='ltr'><strong>quisnam</strong></span> <span class='ocrx_word' id='word_1_687' title='bbox 3758 4593 3809 4656; x_wconf 88' lang='lat' dir='ltr'><strong>si</strong></span> 
     </span>
    </p>
   </div>
   <div class='ocr_carea' id='block_1_93' title="bbox 411 4681 1980 4764">
    <p class='ocr_par' dir='ltr' id='par_1_93' title="bbox 411 4681 1980 4764">
     <span class='ocr_line' id='line_1_93' title="bbox 411 4681 1980 4764; baseline -0.004 -14"><span class='ocrx_word' id='word_1_688' title='bbox 411 4681 654 4764; x_wconf 84' lang='lat' dir='ltr'><strong>Decius,</strong></span> <span class='ocrx_word' id='word_1_689' title='bbox 686 4685 781 4745; x_wconf 91' lang='lat' dir='ltr'><strong>cui</strong></span> <span class='ocrx_word' id='word_1_690' title='bbox 810 4701 912 4743; x_wconf 87' lang='lat' dir='ltr'><strong>vos</strong></span> <span class='ocrx_word' id='word_1_691' title='bbox 943 4700 1062 4742; x_wconf 92' lang='lat' dir='ltr'><strong>non</strong></span> <span class='ocrx_word' id='word_1_692' title='bbox 1091 4681 1266 4744; x_wconf 84' lang='lat' dir='ltr'><strong>vultis</strong></span> <span class='ocrx_word' id='word_1_693' title='bbox 1297 4700 1455 4743; x_wconf 92' lang='lat' dir='ltr'><strong>nunc</strong></span> <span class='ocrx_word' id='word_1_694' title='bbox 1491 4701 1715 4743; x_wconf 90' lang='lat' dir='ltr'><strong>morem</strong></span> <span class='ocrx_word' id='word_1_695' title='bbox 1748 4701 1980 4760; x_wconf 80' lang='lat' dir='ltr'><strong>gerere.</strong></span> 
     </span>
    </p>
   </div>
   <div class='ocr_carea' id='block_1_94' title="bbox 490 4771 2056 4854">
    <p class='ocr_par' dir='ltr' id='par_1_94' title="bbox 490 4771 2056 4854">
     <span class='ocr_line' id='line_1_94' title="bbox 490 4771 2056 4854; baseline 0.003 -19"><span class='ocrx_word' id='word_1_696' title='bbox 490 4772 596 4835; x_wconf 93' lang='lat' dir='ltr'><strong>III.</strong></span> <span class='ocrx_word' id='word_1_697' title='bbox 626 4773 718 4835; x_wconf 85' lang='lat' dir='ltr'><strong>Ad</strong></span> <span class='ocrx_word' id='word_1_698' title='bbox 752 4773 878 4835; x_wconf 70' lang='lat' dir='ltr'><strong>haec</strong></span> <span class='ocrx_word' id='word_1_699' title='bbox 909 4781 1196 4853; x_wconf 87' lang='lat' dir='ltr'><strong>martyres</strong></span> <span class='ocrx_word' id='word_1_700' title='bbox 1231 4792 1244 4833; x_wconf 90' lang='lat'><strong><em>:</em></strong></span> <span class='ocrx_word' id='word_1_701' title='bbox 1281 4771 1398 4833; x_wconf 82' lang='lat' dir='ltr'><strong>Nos</strong></span> <span class='ocrx_word' id='word_1_702' title='bbox 1440 4773 1706 4853; x_wconf 89' lang='lat' dir='ltr'><strong>quidem,</strong></span> <span class='ocrx_word' id='word_1_703' title='bbox 1746 4793 1778 4834; x_wconf 94' lang='grc' dir='ltr'><strong>ο</strong></span> <span class='ocrx_word' id='word_1_704' title='bbox 1813 4793 2056 4854; x_wconf 62' lang='grc' dir='ltr'>ιιι-αδδεδ,</span> 
     </span>
    </p>
   </div>
   <div class='ocr_carea' id='block_1_95' title="bbox 409 4861 2061 4946">
    <p class='ocr_par' dir='ltr' id='par_1_95' title="bbox 409 4861 2061 4946">
     <span class='ocr_line' id='line_1_95' title="bbox 409 4861 2061 4946; baseline 0.001 -20"><span class='ocrx_word' id='word_1_705' title='bbox 409 4863 942 4945; x_wconf 89' lang='lat' dir='ltr'><strong>responderunt,et</strong></span> <span class='ocrx_word' id='word_1_706' title='bbox 974 4861 1170 4924; x_wconf 84' lang='lat' dir='ltr'><strong>verbis</strong></span> <span class='ocrx_word' id='word_1_707' title='bbox 1202 4869 1260 4924; x_wconf 92' lang='lat' dir='ltr'><strong>et</strong></span> <span class='ocrx_word' id='word_1_708' title='bbox 1290 4862 1546 4935; x_wconf 87' lang='lat' dir='ltr'><strong>factis,et</strong></span> <span class='ocrx_word' id='word_1_709' title='bbox 1580 4863 1756 4923; x_wconf 89' lang='lat' dir='ltr'><strong>etiam</strong></span> <span class='ocrx_word' id='word_1_710' title='bbox 1784 4873 2061 4946; x_wconf 85' lang='lat' dir='ltr'><strong>tempore</strong></span> 
     </span>
    </p>
   </div>
   <div class='ocr_carea' id='block_1_96' title="bbox 411 4952 2059 5036">
    <p class='ocr_par' dir='ltr' id='par_1_96' title="bbox 411 4952 2059 5036">
     <span class='ocr_line' id='line_1_96' title="bbox 411 4952 2059 5036; baseline 0.001 -20"><span class='ocrx_word' id='word_1_711' title='bbox 411 4956 555 5017; x_wconf 85' lang='lat' dir='ltr'><strong>satis</strong></span> <span class='ocrx_word' id='word_1_712' title='bbox 587 4970 857 5032; x_wconf 82' lang='lat' dir='ltr'><strong>magnam</strong></span> <span class='ocrx_word' id='word_1_713' title='bbox 882 4953 1162 5014; x_wconf 88' lang='lat' dir='ltr'><strong>dedimus</strong></span> <span class='ocrx_word' id='word_1_714' title='bbox 1194 4952 1652 5032; x_wconf 79' lang='lat' dir='ltr'><strong>experientiam,</strong></span> <span class='ocrx_word' id='word_1_715' title='bbox 1685 4955 1839 5028; x_wconf 82' lang='lat' dir='ltr'><strong>quod</strong></span> <span class='ocrx_word' id='word_1_716' title='bbox 1865 4973 2059 5036; x_wconf 89' lang='lat' dir='ltr'><strong>neque</strong></span> 
     </span>
    </p>
   </div>
   <div class='ocr_carea' id='block_1_97' title="bbox 414 5041 2058 5122">
    <p class='ocr_par' dir='ltr' id='par_1_97' title="bbox 414 5041 2058 5122">
     <span class='ocr_line' id='line_1_97' title="bbox 414 5041 2058 5122; baseline 0.001 -18"><span class='ocrx_word' id='word_1_717' title='bbox 414 5043 526 5105; x_wconf 91' lang='lat' dir='ltr'><strong>diis</strong></span> <span class='ocrx_word' id='word_1_718' title='bbox 557 5041 1252 5122; x_wconf 83' lang='lat' dir='ltr'><strong>sacriﬁcabimus,neque</strong></span> <span class='ocrx_word' id='word_1_719' title='bbox 1284 5042 1356 5101; x_wconf 90' lang='lat' dir='ltr'><strong>ad</strong></span> <span class='ocrx_word' id='word_1_720' title='bbox 1385 5042 1496 5102; x_wconf 91' lang='lat' dir='ltr'><strong>hoc</strong></span> <span class='ocrx_word' id='word_1_721' title='bbox 1529 5041 1780 5122; x_wconf 88' lang='lat' dir='ltr'><strong>alicujus</strong></span> <span class='ocrx_word' id='word_1_722' title='bbox 1811 5045 2058 5106; x_wconf 82' lang='lat' dir='ltr'><strong>alterius</strong></span> 
     </span>
    </p>
   </div>
   <div class='ocr_carea' id='block_1_98' title="bbox 409 5131 2056 5213">
    <p class='ocr_par' dir='ltr' id='par_1_98' title="bbox 409 5131 2056 5213">
     <span class='ocr_line' id='line_1_98' title="bbox 409 5131 2056 5213; baseline -0.001 -17"><span class='ocrx_word' id='word_1_723' title='bbox 409 5133 693 5196; x_wconf 88' lang='lat' dir='ltr'><strong>cedemus</strong></span> <span class='ocrx_word' id='word_1_724' title='bbox 726 5131 1260 5194; x_wconf 88' lang='lat' dir='ltr'><strong>sermonibus.Sed</strong></span> <span class='ocrx_word' id='word_1_725' title='bbox 1289 5150 1508 5212; x_wconf 92' lang='lat' dir='ltr'><strong>neque,</strong></span> <span class='ocrx_word' id='word_1_726' title='bbox 1538 5131 1929 5213; x_wconf 86' lang='lat' dir='ltr'><strong>interpellans</strong></span> <span class='ocrx_word' id='word_1_727' title='bbox 1961 5134 2056 5195; x_wconf 86' lang='lat' dir='ltr'><strong>di-</strong></span> 
     </span>
    </p>
   </div>
   <div class='ocr_carea' id='block_1_99' title="bbox 406 5219 2059 5302">
    <p class='ocr_par' dir='ltr' id='par_1_99' title="bbox 406 5219 2059 5302">
     <span class='ocr_line' id='line_1_99' title="bbox 406 5219 2059 5302; baseline 0 -18"><span class='ocrx_word' id='word_1_728' title='bbox 406 5224 494 5285; x_wconf 79' lang='lat' dir='ltr'><strong>xit</strong></span> <span class='ocrx_word' id='word_1_729' title='bbox 520 5219 1002 5302; x_wconf 85' lang='lat' dir='ltr'><strong>impius,vobis,o</strong></span> <span class='ocrx_word' id='word_1_730' title='bbox 1031 5221 1422 5301; x_wconf 90' lang='lat' dir='ltr'><strong>impii,erunt</strong></span> <span class='ocrx_word' id='word_1_731' title='bbox 1452 5239 1608 5282; x_wconf 63' lang='lat' dir='ltr'><strong>cura;</strong></span> <span class='ocrx_word' id='word_1_732' title='bbox 1641 5222 1762 5284; x_wconf 89' lang='lat' dir='ltr'><strong>ulla</strong></span> <span class='ocrx_word' id='word_1_733' title='bbox 1794 5232 2059 5284; x_wconf 92' lang='lat' dir='ltr'><strong>tormen-</strong></span> 
     </span>
    </p>
   </div>
   <div class='ocr_carea' id='block_1_100' title="bbox 407 5310 2058 5393">
    <p class='ocr_par' dir='ltr' id='par_1_100' title="bbox 407 5310 2058 5393">
     <span class='ocr_line' id='line_1_100' title="bbox 407 5310 2058 5393; baseline -0.001 -19"><span class='ocrx_word' id='word_1_734' title='bbox 407 5312 517 5375; x_wconf 87' lang='lat' dir='ltr'><strong>ta?</strong></span> <span class='ocrx_word' id='word_1_735' title='bbox 567 5310 975 5393; x_wconf 85' lang='lat' dir='ltr'><strong>Nequaquam,</strong></span> <span class='ocrx_word' id='word_1_736' title='bbox 1028 5311 1306 5372; x_wconf 85' lang='lat' dir='ltr'><strong>dixerunt</strong></span> <span class='ocrx_word' id='word_1_737' title='bbox 1355 5310 1587 5391; x_wconf 84' lang='lat' dir='ltr'><strong>sancti;</strong></span> <span class='ocrx_word' id='word_1_738' title='bbox 1625 5312 2058 5393; x_wconf 86' lang='lat' dir='ltr'><strong>propemodum</strong></span> 
     </span>
    </p>
   </div>
   <div class='ocr_carea' id='block_1_101' title="bbox 412 5400 2060 5483">
    <p class='ocr_par' dir='ltr' id='par_1_101' title="bbox 412 5400 2060 5483">
     <span class='ocr_line' id='line_1_101' title="bbox 412 5400 2060 5483; baseline -0.002 -17"><span class='ocrx_word' id='word_1_739' title='bbox 412 5401 574 5466; x_wconf 89' lang='lat' dir='ltr'><strong>enim</strong></span> <span class='ocrx_word' id='word_1_740' title='bbox 604 5403 718 5464; x_wconf 92' lang='lat' dir='ltr'><strong>hoc</strong></span> <span class='ocrx_word' id='word_1_741' title='bbox 753 5400 994 5464; x_wconf 91' lang='lat' dir='ltr'><strong>nomine</strong></span> <span class='ocrx_word' id='word_1_742' title='bbox 1026 5401 1133 5462; x_wconf 90' lang='lat' dir='ltr'><strong>tibi</strong></span> <span class='ocrx_word' id='word_1_743' title='bbox 1168 5400 1460 5462; x_wconf 88' lang='lat' dir='ltr'><strong>habemus</strong></span> <span class='ocrx_word' id='word_1_744' title='bbox 1485 5401 1727 5480; x_wconf 82' lang='lat' dir='ltr'><strong>gratias,</strong></span> <span class='ocrx_word' id='word_1_745' title='bbox 1763 5403 1920 5483; x_wconf 90' lang='lat' dir='ltr'><strong>quod</strong></span> <span class='ocrx_word' id='word_1_746' title='bbox 1948 5421 2060 5463; x_wconf 90' lang='lat' dir='ltr'><strong>no-</strong></span> 
     </span>
    </p>
   </div>
   <div class='ocr_carea' id='block_1_102' title="bbox 406 5490 2062 5571">
    <p class='ocr_par' dir='ltr' id='par_1_102' title="bbox 406 5490 2062 5571">
     <span class='ocr_line' id='line_1_102' title="bbox 406 5490 2062 5571; baseline -0.001 -17"><span class='ocrx_word' id='word_1_747' title='bbox 406 5492 501 5554; x_wconf 90' lang='lat' dir='ltr'><strong>bis</strong></span> <span class='ocrx_word' id='word_1_748' title='bbox 531 5491 871 5566; x_wconf 87' lang='lat' dir='ltr'><strong>dederis,ut</strong></span> <span class='ocrx_word' id='word_1_749' title='bbox 903 5491 994 5552; x_wconf 93' lang='lat' dir='ltr'><strong>his</strong></span> <span class='ocrx_word' id='word_1_750' title='bbox 1026 5491 1394 5570; x_wconf 85' lang='lat' dir='ltr'><strong>accipiamur</strong></span> <span class='ocrx_word' id='word_1_751' title='bbox 1427 5490 1774 5571; x_wconf 72' lang='lat' dir='ltr'><strong>epulisSed</strong></span> <span class='ocrx_word' id='word_1_752' title='bbox 1809 5510 1927 5552; x_wconf 92' lang='lat' dir='ltr'><strong>non</strong></span> <span class='ocrx_word' id='word_1_753' title='bbox 1954 5491 2062 5566; x_wconf 91' lang='lat' dir='ltr'><strong>sic,</strong></span> 
     </span>
    </p>
   </div>
   <div class='ocr_carea' id='block_1_103' title="bbox 405 5580 2071 5666">
    <p class='ocr_par' dir='ltr' id='par_1_103' title="bbox 405 5580 2071 5666">
     <span class='ocr_line' id='line_1_103' title="bbox 405 5580 2071 5666; baseline -0.001 -22"><span class='ocrx_word' id='word_1_754' title='bbox 405 5582 603 5666; x_wconf 91' lang='lat' dir='ltr'><strong>inquit</strong></span> <span class='ocrx_word' id='word_1_755' title='bbox 637 5599 887 5664; x_wconf 61' lang='lat' dir='ltr'><strong>praeses,</strong></span> <span class='ocrx_word' id='word_1_756' title='bbox 924 5585 1042 5643; x_wconf 88' lang='lat' dir='ltr'><strong>erit</strong></span> <span class='ocrx_word' id='word_1_757' title='bbox 1072 5581 1402 5661; x_wconf 86' lang='lat' dir='ltr'><strong>deinceps;</strong></span> <span class='ocrx_word' id='word_1_758' title='bbox 1439 5581 1542 5642; x_wconf 84' lang='lat' dir='ltr'><strong>sed</strong></span> <span class='ocrx_word' id='word_1_759' title='bbox 1588 5580 1814 5652; x_wconf 86' lang='lat' dir='ltr'><strong>scietis,</strong></span> <span class='ocrx_word' id='word_1_760' title='bbox 1851 5591 2071 5662; x_wconf 90' lang='lat' dir='ltr'><strong>quanta</strong></span> 
     </span>
    </p>
   </div>
   <div class='ocr_carea' id='block_1_104' title="bbox 407 5671 2068 5755">
    <p class='ocr_par' dir='ltr' id='par_1_104' title="bbox 407 5671 2068 5755">
     <span class='ocr_line' id='line_1_104' title="bbox 407 5671 2068 5755; baseline -0.002 -18"><span class='ocrx_word' id='word_1_761' title='bbox 407 5679 482 5737; x_wconf 86' lang='lat' dir='ltr'><strong>slt</strong></span> <span class='ocrx_word' id='word_1_762' title='bbox 514 5673 910 5738; x_wconf 84' lang='lat' dir='ltr'><strong>maximorum</strong></span> <span class='ocrx_word' id='word_1_763' title='bbox 972 5671 1221 5735; x_wconf 88' lang='lat' dir='ltr'><strong>deorum</strong></span> <span class='ocrx_word' id='word_1_764' title='bbox 1276 5672 1564 5755; x_wconf 88' lang='lat' dir='ltr'><strong>potentia,</strong></span> <span class='ocrx_word' id='word_1_765' title='bbox 1621 5689 1772 5755; x_wconf 90' lang='lat' dir='ltr'><strong>quos</strong></span> <span class='ocrx_word' id='word_1_766' title='bbox 1817 5690 1918 5732; x_wconf 93' lang='lat' dir='ltr'><strong>vos</strong></span> <span class='ocrx_word' id='word_1_767' title='bbox 1951 5680 2068 5733; x_wconf 91' lang='lat' dir='ltr'><strong>tam</strong></span> 
     </span>
    </p>
   </div>
   <div class='ocr_carea' id='block_1_105' title="bbox 2230 4764 3805 4855">
    <p class='ocr_par' dir='ltr' id='par_1_105' title="bbox 2230 4764 3805 4855">
     <span class='ocr_line' id='line_1_105' title="bbox 2230 4764 3805 4855; baseline -0.004 -21"><span class='ocrx_word' id='word_1_768' title='bbox 2230 4779 2304 4838; x_wconf 80' lang='lat' dir='ltr'><strong>l&quot;.</strong></span> <span class='ocrx_word' id='word_1_769' title='bbox 2383 4778 2520 4854; x_wconf 86' lang='grc' dir='ltr'>Πρὸς</span> <span class='ocrx_word' id='word_1_770' title='bbox 2581 4783 2744 4832; x_wconf 77' lang='grc' dir='ltr'>ταῦτα</span> <span class='ocrx_word' id='word_1_771' title='bbox 2791 4777 2837 4832; x_wconf 79' lang='grc' dir='ltr'>οἱ</span> <span class='ocrx_word' id='word_1_772' title='bbox 2891 4775 3177 4855; x_wconf 86' lang='grc' dir='ltr'>μάρτυρες,</span> <span class='ocrx_word' id='word_1_773' title='bbox 3233 4764 3448 4848; x_wconf 77' lang='grc' dir='ltr'>Ἠμεϊς,</span> <span class='ocrx_word' id='word_1_774' title='bbox 3495 4775 3540 4830; x_wconf 85' lang='grc' dir='ltr'><strong>ὦ</strong></span> <span class='ocrx_word' id='word_1_775' title='bbox 3597 4772 3805 4854; x_wconf 79' lang='grc' dir='ltr'>ἅρχων,</span> 
     </span>
    </p>
   </div>
   <div class='ocr_carea' id='block_1_106' title="bbox 2146 4861 3810 4948">
    <p class='ocr_par' dir='ltr' id='par_1_106' title="bbox 2146 4861 3810 4948">
     <span class='ocr_line' id='line_1_106' title="bbox 2146 4861 3810 4948; baseline -0.002 -26"><span class='ocrx_word' id='word_1_776' title='bbox 2146 4867 2514 4948; x_wconf 74' lang='grc' dir='ltr'>ἀπεκρίναντο,</span> <span class='ocrx_word' id='word_1_777' title='bbox 2550 4867 2638 4922; x_wconf 83' lang='grc' dir='ltr'><strong>καὶ</strong></span> <span class='ocrx_word' id='word_1_778' title='bbox 2693 4864 2842 4942; x_wconf 86' lang='grc' dir='ltr'>λόγῳ</span> <span class='ocrx_word' id='word_1_779' title='bbox 2897 4863 3083 4939; x_wconf 86' lang='grc' dir='ltr'>πολλῳ</span> <span class='ocrx_word' id='word_1_780' title='bbox 3133 4865 3220 4920; x_wconf 84' lang='grc' dir='ltr'><strong>καὶ</strong></span> <span class='ocrx_word' id='word_1_781' title='bbox 3282 4862 3439 4940; x_wconf 76' lang='grc' dir='ltr'>ἔργῳ,</span> <span class='ocrx_word' id='word_1_782' title='bbox 3474 4861 3576 4931; x_wconf 72' lang='grc' dir='ltr'><strong>ἤδη</strong></span> <span class='ocrx_word' id='word_1_783' title='bbox 3627 4861 3681 4919; x_wconf 81' lang='grc' dir='ltr'><strong>δὲ</strong></span> <span class='ocrx_word' id='word_1_784' title='bbox 3724 4867 3810 4919; x_wconf 75' lang='grc' dir='ltr'>καὶ</span> 
     </span>
    </p>
   </div>
   <div class='ocr_carea' id='block_1_107' title="bbox 2145 4951 3804 5035">
    <p class='ocr_par' dir='ltr' id='par_1_107' title="bbox 2145 4951 3804 5035">
     <span class='ocr_line' id='line_1_107' title="bbox 2145 4951 3804 5035; baseline -0.004 -21"><span class='ocrx_word' id='word_1_785' title='bbox 2145 4957 2328 5035; x_wconf 81' lang='grc' dir='ltr'>χρόνῳ</span> <span class='ocrx_word' id='word_1_786' title='bbox 2383 4957 2480 5024; x_wconf 72' lang='grc' dir='ltr'><strong>τὴν</strong></span> <span class='ocrx_word' id='word_1_787' title='bbox 2514 4958 2707 5034; x_wconf 63' lang='grc' dir='ltr'>πέτραν</span> <span class='ocrx_word' id='word_1_788' title='bbox 2737 4952 3044 5030; x_wconf 85' lang='grc' dir='ltr'>δεδώκσμεν</span> <span class='ocrx_word' id='word_1_789' title='bbox 3102 4955 3176 5012; x_wconf 82' lang='grc' dir='ltr'>ὡς</span> <span class='ocrx_word' id='word_1_790' title='bbox 3208 4951 3324 5009; x_wconf 66' lang='grc' dir='ltr'>οὔτε</span> <span class='ocrx_word' id='word_1_791' title='bbox 3380 4956 3522 5014; x_wconf 76' lang='grc' dir='ltr'>Θεοῖς</span> <span class='ocrx_word' id='word_1_792' title='bbox 3555 4954 3804 5028; x_wconf 82' lang='grc' dir='ltr'>θύσομεν,</span> 
     </span>
    </p>
   </div>
   <div class='ocr_carea' id='block_1_108' title="bbox 2143 5041 3810 5123">
    <p class='ocr_par' dir='ltr' id='par_1_108' title="bbox 2143 5041 3810 5123">
     <span class='ocr_line' id='line_1_108' title="bbox 2143 5041 3810 5123; baseline -0.003 -20"><span class='ocrx_word' id='word_1_793' title='bbox 2143 5047 2262 5104; x_wconf 72' lang='grc' dir='ltr'>οὔτε</span> <span class='ocrx_word' id='word_1_794' title='bbox 2321 5047 2465 5110; x_wconf 81' lang='grc' dir='ltr'>τινὸς</span> <span class='ocrx_word' id='word_1_795' title='bbox 2500 5043 2664 5103; x_wconf 71' lang='grc' dir='ltr'>ἄλλου</span> <span class='ocrx_word' id='word_1_796' title='bbox 2725 5045 2855 5123; x_wconf 79' lang='grc' dir='ltr'>πρὸς</span> <span class='ocrx_word' id='word_1_797' title='bbox 2890 5051 3046 5101; x_wconf 85' lang='grc' dir='ltr'>τοῦτο</span> <span class='ocrx_word' id='word_1_798' title='bbox 3097 5041 3287 5120; x_wconf 87' lang='grc' dir='ltr'>λόγους</span> <span class='ocrx_word' id='word_1_799' title='bbox 3319 5043 3620 5117; x_wconf 81' lang='grc' dir='ltr'>ὑπείξομεν,</span> <span class='ocrx_word' id='word_1_800' title='bbox 3680 5042 3810 5099; x_wconf 74' lang='grc' dir='ltr'>Οὔτε</span> 
     </span>
    </p>
   </div>
   <div class='ocr_carea' id='block_1_109' title="bbox 2144 5131 3808 5216">
    <p class='ocr_par' dir='ltr' id='par_1_109' title="bbox 2144 5131 3808 5216">
     <span class='ocr_line' id='line_1_109' title="bbox 2144 5131 3808 5216; baseline -0.004 -24"><span class='ocrx_word' id='word_1_801' title='bbox 2144 5136 2241 5208; x_wconf 79' lang='grc' dir='ltr'>μὲν</span> <span class='ocrx_word' id='word_1_802' title='bbox 2275 5135 2419 5216; x_wconf 77' lang='grc' dir='ltr'>ἀλλ’,</span> <span class='ocrx_word' id='word_1_803' title='bbox 2455 5135 2693 5215; x_wconf 80' lang='grc' dir='ltr'>ἐγκόψας</span> <span class='ocrx_word' id='word_1_804' title='bbox 2749 5135 2776 5190; x_wconf 89' lang='grc' dir='ltr'><strong>ό</strong></span> <span class='ocrx_word' id='word_1_805' title='bbox 2804 5131 3089 5208; x_wconf 79' lang='grc' dir='ltr'>δυσσεϐὴς,</span> <span class='ocrx_word' id='word_1_806' title='bbox 3124 5131 3239 5188; x_wconf 70' lang='grc' dir='ltr'>οὔδε</span> <span class='ocrx_word' id='word_1_807' title='bbox 3284 5132 3390 5188; x_wconf 81' lang='grc' dir='ltr'><strong>τῶν</strong></span> <span class='ocrx_word' id='word_1_808' title='bbox 3421 5132 3668 5208; x_wconf 70' lang='grc' dir='ltr'>βασάνων</span> <span class='ocrx_word' id='word_1_809' title='bbox 3716 5131 3808 5186; x_wconf 71' lang='grc' dir='ltr'>ού-</span> 
     </span>
    </p>
   </div>
   <div class='ocr_carea' id='block_1_110' title="bbox 2143 5216 3810 5301">
    <p class='ocr_par' dir='ltr' id='par_1_110' title="bbox 2143 5216 3810 5301">
     <span class='ocr_line' id='line_1_110' title="bbox 2143 5216 3810 5301; baseline -0.002 -20"><span class='ocrx_word' id='word_1_810' title='bbox 2143 5216 2228 5281; x_wconf 77' lang='grc' dir='ltr'>δὲν</span> <span class='ocrx_word' id='word_1_811' title='bbox 2315 5226 2542 5300; x_wconf 80' lang='grc' dir='ltr'>ἀνόσιοι,</span> <span class='ocrx_word' id='word_1_812' title='bbox 2633 5223 2795 5300; x_wconf 86' lang='grc' dir='ltr'>μέλον</span> <span class='ocrx_word' id='word_1_813' title='bbox 2881 5225 3058 5300; x_wconf 74' lang='grc' dir='ltr'>ὕμϊνς</span> <span class='ocrx_word' id='word_1_814' title='bbox 3146 5223 3436 5301; x_wconf 72' lang='grc' dir='ltr'>Οὖμενοῦν,</span> <span class='ocrx_word' id='word_1_815' title='bbox 3522 5221 3680 5279; x_wconf 72' lang='grc' dir='ltr'>εἶπον</span> <span class='ocrx_word' id='word_1_816' title='bbox 3763 5225 3810 5277; x_wconf 78' lang='grc' dir='ltr'><strong>οἰ</strong></span> 
     </span>
    </p>
   </div>
   <div class='ocr_carea' id='block_1_111' title="bbox 2145 5309 3806 5394">
    <p class='ocr_par' dir='ltr' id='par_1_111' title="bbox 2145 5309 3806 5394">
     <span class='ocr_line' id='line_1_111' title="bbox 2145 5309 3806 5394; baseline -0.004 -24"><span class='ocrx_word' id='word_1_817' title='bbox 2145 5315 2311 5393; x_wconf 74' lang='grc' dir='ltr'>ἅγιοι·</span> <span class='ocrx_word' id='word_1_818' title='bbox 2384 5314 2577 5394; x_wconf 74' lang='grc' dir='ltr'>μικροῦ</span> <span class='ocrx_word' id='word_1_819' title='bbox 2635 5314 2736 5393; x_wconf 81' lang='grc' dir='ltr'><strong>γάρ</strong></span> <span class='ocrx_word' id='word_1_820' title='bbox 2793 5335 2875 5368; x_wconf 89' lang='grc' dir='ltr'><strong>σοι</strong></span> <span class='ocrx_word' id='word_1_821' title='bbox 2929 5313 3016 5368; x_wconf 86' lang='grc' dir='ltr'><strong>καὶ</strong></span> <span class='ocrx_word' id='word_1_822' title='bbox 3073 5312 3306 5394; x_wconf 80' lang='grc' dir='ltr'>χάριτασ</span> <span class='ocrx_word' id='word_1_823' title='bbox 3365 5309 3806 5389; x_wconf 70' lang='grc' dir='ltr'>προσοφείλομεν,</span> 
     </span>
    </p>
   </div>
   <div class='ocr_carea' id='block_1_112' title="bbox 2149 5399 3804 5482">
    <p class='ocr_par' dir='ltr' id='par_1_112' title="bbox 2149 5399 3804 5482">
     <span class='ocr_line' id='line_1_112' title="bbox 2149 5399 3804 5482; baseline -0.003 -22"><span class='ocrx_word' id='word_1_824' title='bbox 2149 5403 2229 5460; x_wconf 79' lang='grc' dir='ltr'><strong>ὅτι</strong></span> <span class='ocrx_word' id='word_1_825' title='bbox 2290 5405 2504 5467; x_wconf 82' lang='grc' dir='ltr'>ταύταις</span> <span class='ocrx_word' id='word_1_826' title='bbox 2538 5406 2676 5480; x_wconf 74' lang='grc' dir='ltr'>ἡμῖν</span> <span class='ocrx_word' id='word_1_827' title='bbox 2727 5406 3141 5482; x_wconf 71' lang='grc' dir='ltr'>ὶνευωχηθῆναι</span> <span class='ocrx_word' id='word_1_828' title='bbox 3187 5399 3442 5466; x_wconf 75' lang='grc' dir='ltr'>δέδωκας.</span> <span class='ocrx_word' id='word_1_829' title='bbox 3489 5399 3639 5456; x_wconf 80' lang='grc' dir='ltr'>Ἀλλ’</span> <span class='ocrx_word' id='word_1_830' title='bbox 3672 5399 3804 5472; x_wconf 67' lang='grc' dir='ltr'>ούτι,</span> 
     </span>
    </p>
   </div>
   <div class='ocr_carea' id='block_1_113' title="bbox 2149 5490 3807 5575">
    <p class='ocr_par' dir='ltr' id='par_1_113' title="bbox 2149 5490 3807 5575">
     <span class='ocr_line' id='line_1_113' title="bbox 2267 5490 3803 5514; baseline -0.002 -2"><span class='ocrx_word' id='word_1_831' title='bbox 2267 5493 2284 5512; x_wconf 73' lang='lat'><strong>.\</strong></span> <span class='ocrx_word' id='word_1_832' title='bbox 2361 5495 2373 5514; x_wconf 67' lang='lat'><strong>9</strong></span> <span class='ocrx_word' id='word_1_833' title='bbox 2412 5493 2436 5512; x_wconf 81' lang='grc' dir='ltr'><strong><em>ν</em></strong></span> <span class='ocrx_word' id='word_1_834' title='bbox 2670 5494 2679 5506; x_wconf 78' lang='grc'>⁸</span> <span class='ocrx_word' id='word_1_835' title='bbox 2746 5491 2806 5512; x_wconf 61' lang='grc' dir='ltr'><strong>γε</strong></span> <span class='ocrx_word' id='word_1_836' title='bbox 2909 5492 2932 5510; x_wconf 71' lang='grc' dir='ltr'><strong><em>ν</em></strong></span> <span class='ocrx_word' id='word_1_837' title='bbox 3077 5490 3101 5512; x_wconf 59' lang='grc' dir='ltr'><strong><em>ν</em></strong></span> <span class='ocrx_word' id='word_1_838' title='bbox 3261 5490 3286 5512; x_wconf 67' lang='lat'><strong>7‘</strong></span> <span class='ocrx_word' id='word_1_839' title='bbox 3431 5491 3442 5510; x_wconf 71' lang='grc' dir='ltr'><strong>Ι</strong></span> <span class='ocrx_word' id='word_1_840' title='bbox 3575 5491 3601 5510; x_wconf 66' lang='grc' dir='ltr'><strong>τ’</strong></span> <span class='ocrx_word' id='word_1_841' title='bbox 3791 5491 3803 5509; x_wconf 63' lang='grc' dir='ltr'>ἱ</span> 
     </span>
     <span class='ocr_line' id='line_1_114' title="bbox 2149 5490 3807 5575; baseline -0.004 -27"><span class='ocrx_word' id='word_1_842' title='bbox 2149 5515 2317 5575; x_wconf 74' lang='grc' dir='ltr'>φησιν</span> <span class='ocrx_word' id='word_1_843' title='bbox 2349 5517 2375 5549; x_wconf 89' lang='grc' dir='ltr'><strong>ο</strong></span> <span class='ocrx_word' id='word_1_844' title='bbox 2407 5517 2614 5573; x_wconf 78' lang='grc' dir='ltr'>αρχων,</span> <span class='ocrx_word' id='word_1_845' title='bbox 2635 5515 2696 5549; x_wconf 88' lang='grc' dir='ltr'><strong>το</strong></span> <span class='ocrx_word' id='word_1_846' title='bbox 2717 5494 2846 5558; x_wconf 78' lang='grc' dir='ltr'>ἐςως</span> <span class='ocrx_word' id='word_1_847' title='bbox 2879 5514 3044 5554; x_wconf 88' lang='grc' dir='ltr'>ουτως</span> <span class='ocrx_word' id='word_1_848' title='bbox 3079 5513 3223 5548; x_wconf 86' lang='grc' dir='ltr'>εσται</span> <span class='ocrx_word' id='word_1_849' title='bbox 3255 5513 3316 5546; x_wconf 90' lang='grc' dir='ltr'><strong>αν</strong></span> <span class='ocrx_word' id='word_1_850' title='bbox 3347 5490 3455 5568; x_wconf 82' lang='grc' dir='ltr'>ἐγω</span> <span class='ocrx_word' id='word_1_851' title='bbox 3477 5510 3531 5546; x_wconf 89' lang='grc' dir='ltr'><strong>τε</strong></span> <span class='ocrx_word' id='word_1_852' title='bbox 3562 5512 3608 5544; x_wconf 92' lang='grc' dir='ltr'><strong>ω</strong></span> <span class='ocrx_word' id='word_1_853' title='bbox 3631 5494 3697 5562; x_wconf 68' lang='grc'><strong>(⁸2)</strong></span> <span class='ocrx_word' id='word_1_854' title='bbox 3721 5510 3807 5543; x_wconf 89' lang='grc' dir='ltr'><strong>και</strong></span> 
     </span>
    </p>
   </div>
   <div class='ocr_carea' id='block_1_114' title="bbox 2151 5577 3803 5661">
    <p class='ocr_par' dir='ltr' id='par_1_114' title="bbox 2151 5577 3803 5661">
     <span class='ocr_line' id='line_1_115' title="bbox 2151 5577 3803 5661; baseline -0.004 -22"><span class='ocrx_word' id='word_1_855' title='bbox 2151 5585 2186 5651; x_wconf 78' lang='grc' dir='ltr'>ἡ</span> <span class='ocrx_word' id='word_1_856' title='bbox 2230 5589 2342 5639; x_wconf 82' lang='grc' dir='ltr'><strong>τῶν</strong></span> <span class='ocrx_word' id='word_1_857' title='bbox 2376 5584 2642 5660; x_wconf 83' lang='grc' dir='ltr'>μεγίστῶν</span> <span class='ocrx_word' id='word_1_858' title='bbox 2699 5585 2830 5639; x_wconf 83' lang='grc' dir='ltr'>θεῶν</span> <span class='ocrx_word' id='word_1_859' title='bbox 2859 5580 3102 5661; x_wconf 86' lang='grc' dir='ltr'>δύναμις,</span> <span class='ocrx_word' id='word_1_860' title='bbox 3135 5581 3225 5643; x_wconf 76' lang='grc' dir='ltr'>οἷς</span> <span class='ocrx_word' id='word_1_861' title='bbox 3285 5584 3421 5655; x_wconf 77' lang='grc' dir='ltr'>ἡμῖν</span> <span class='ocrx_word' id='word_1_862' title='bbox 3464 5577 3679 5645; x_wconf 76' lang='grc' dir='ltr'>ἂναὶδην</span> <span class='ocrx_word' id='word_1_863' title='bbox 3709 5578 3803 5633; x_wconf 70' lang='grc' dir='ltr'><strong>οὒ-</strong></span> 
     </span>
    </p>
   </div>
   <div class='ocr_carea' id='block_1_115' title="bbox 2156 5668 3804 5754">
    <p class='ocr_par' dir='ltr' id='par_1_115' title="bbox 2156 5668 3804 5754">
     <span class='ocr_line' id='line_1_116' title="bbox 2156 5668 3804 5754; baseline 0 -24"><span class='ocrx_word' id='word_1_864' title='bbox 2156 5674 2292 5732; x_wconf 88' lang='grc' dir='ltr'>τωσὶ</span> <span class='ocrx_word' id='word_1_865' title='bbox 2351 5670 2758 5754; x_wconf 74' lang='grc' dir='ltr'>διαλοιδορεῐσθε</span> <span class='ocrx_word' id='word_1_866' title='bbox 2817 5670 2953 5748; x_wconf 75' lang='grc' dir='ltr'>μηδὲ</span> <span class='ocrx_word' id='word_1_867' title='bbox 3007 5672 3128 5736; x_wconf 83' lang='grc' dir='ltr'>τοὺς</span> <span class='ocrx_word' id='word_1_868' title='bbox 3189 5674 3532 5748; x_wconf 79' lang='grc' dir='ltr'>παρεστῶτας</span> <span class='ocrx_word' id='word_1_869' title='bbox 3591 5668 3804 5730; x_wconf 77' lang='grc' dir='ltr'>τούτους</span> 
     </span>
    </p>
   </div>
  </div>
