4148 6398
301 360 427 429 569
1257 356 1726 421 MARTYRIUM
1773 353 1875 418 SS.
1923 355 1974 418 X
2019 356 2156 417 MM.
2210 350 2728 419 CRETENSEUM.
3566 357 3684 425 570

302 497 634 578 αἰδούμενοι,
682 493 909 560 πολλούς
950 517 1008 552 τε
1064 494 1176 570 ἅμα
1219 493 1308 552 καὶ
1365 491 1558 570 σοφοὺς
1585 492 1952 572 ὑπάρχοντας,

2045 489 2428 571 impudenter
2453 489 2783 553 maledictis
2803 489 3414 570 insectamini,neque
3444 494 3552 557 hos
3582 495 3683 576 qui

302 589 364 646 οῗ
408 589 496 645 καὶ
537 593 748 663 πρῶτον
792 586 891 663 μὲν
946 585 1001 641 ἐν
1069 588 1210 649 θεοῖς
1274 583 1390 658 Δία⁹
1438 581 1624 640 ἔπειτα
1680 581 1853 660 ’Ἥραν
1898 603 1955 639 τε

2045 581 2762 662 adsunt,revereutes,qui
2785 581 2960 644 simul
2985 589 3124 645 sunt
3154 582 3321 645 multi
3354 592 3412 646 et
3441 585 3684 666 sapien-

303 679 398 736 καὶ
459 668 606 736 Ῥέαν
669 678 760 734 καὶ
800 676 920 739 τοῦς
985 674 1202 736 λοιποὺς
1259 670 1656 751 πρεσϐεύουσιν.
1719 672 1789 728 "A
1856 672 1955 750 γὰρ

2045 678 2128 733 les
2163 689 2176 730 :
2215 671 2315 752 qui
2347 672 2506 733 inter
2534 671 2678 734 deos
2714 672 2955 750 quidem
2993 673 3273 752 primum,
3307 673 3536 749 Jovem,
3571 675 3683 737 de-

301 769 371 825 τὸ
426 772 636 847 πρῶτον
667 765 932 833 ὕπέστητε
989 765 1149 822 οἱονεὶ
1191 763 1339 819 σκιαὶ
1383 761 1547 836 μόνον
1590 761 1726 829 ἦσαν
1783 762 1949 820 κολά-

2045 761 2181 824 inde
2211 763 2500 824 lunonem
2536 770 2593 823 et
2624 761 2944 838 Rheam,et
2974 762 3240 840 reliquos
3281 764 3504 828 colunt.
3541 767 3687 840 Quas

299 879 467 933 σεων,
529 857 638 913 νυνὶ
696 855 751 912 δὲ
818 855 1100 918 τοσαύταις
1159 851 1590 922 ὅποϐληθήσεσθε
1675 856 1953 933 τιμωρίαις

2045 851 2199 912 enim
2221 851 2478 932 primum
2508 851 3082 927 sustinuistis,erant
3114 853 3295 916 veluti
3327 855 3519 916 solum
3555 875 3686 918 um-

297 949 381 1011 ὡς
425 947 505 1022 μὴ
535 947 596 1002 τὸ
624 946 774 1022 ὑμῶν
821 945 1012 1023 θράσος
1064 945 1149 1000 ὑπ’
1185 942 1356 998 αὖτιῦν
1402 941 1726 1010 σύσταλῆναι
1768 941 1953 1018 μόνον,

2045 944 2163 1004 bras
2188 943 2648 1024 suppliciorum.
2674 945 2846 1008 Nunc
2864 955 3062 1006 autem
3082 954 3202 1006 tam
3231 945 3429 1008 multis
3451 947 3683 1028 suppli-

296 1035 445 1093 ἀλλὰ
491 1037 580 1093 καὶ
629 1035 825 1114 ἑτέροις
859 1031 1114 1108 ἐμϐαλεῖν
1158 1031 1318 1113 φόϐον
1362 1046 1480 1097 τοῖς
1530 1031 1659 1100 ἴσην
1687 1032 1817 1108 ὑμῖν
1860 1034 1956 1102 τὴν

2045 1031 2149 1094 ciis
2183 1033 2698 1110 cruciabimini,ut
2727 1052 2846 1098 non
2876 1043 3070 1096 vestra
3087 1035 3335 1098 audacia
3364 1035 3439 1098 ab
3473 1037 3561 1099 eis
3590 1056 3686 1099 so-

296 1127 598 1203 ἆπείθειαν,
647 1125 766 1204 εἴγε
824 1123 919 1182 καί
979 1123 1208 1182 τοιοῦτοί
1266 1144 1404 1188 τινες
1456 1127 1591 1202 εἷεν,
1654 1121 1953 1180 ἐπιδεικνυ-

2045 1121 2164 1184 lum
2197 1125 2650 1204 comprimatur,
2677 1122 2784 1185 sed
2815 1123 2946 1185 aliis
2979 1144 3216 1202 quoque
3249 1135 3476 1187 metum
3505 1126 3684 1189 ineu-

297 1215 512 1292 μένοις.

393 1395 485 1456 Δ’.
533 1394 670 1473 Πρὸς
727 1395 891 1450 ταῦτα
936 1391 1094 1450 πάλιν
1154 1396 1202 1450 οἱ
1251 1393 1487 1468 ἀριστεῖς
1523 1411 1536 1425 ·
1573 1394 1696 1472 Περὶ
1729 1394 1828 1470 μὲν
1868 1396 1960 1450 τοῦ

300 1487 464 1561 Διὸς,
510 1488 556 1540 ὦ
589 1481 799 1564 ἅρχων,
843 1485 1062 1550 καὶτῆς
1111 1482 1310 1540 ἐκείνου
1359 1484 1560 1561 μητρὸς
1590 1484 1738 1550 Ῥέας
1793 1482 1957 1560 μηδὲν

295 1576 442 1652 πρὸς
491 1577 634 1650 ἡμᾶς
671 1590 686 1605 ⁸
749 1573 862 1630 ἐπεὶ
915 1572 991 1648 μὴ
1061 1573 1190 1652 πρὸς
1262 1572 1585 1651 ἀγνοοῦντας
1643 1575 1671 1630 6
1743 1572 1901 1652 λόγος
1939 1595 1951 1608 ·

295 1664 474 1740 ἴσμεν
527 1664 627 1743 γὰρ
669 1662 731 1720 ἐκ
788 1662 1029 1742 πατέρων
1090 1662 1386 1730 ἀκηκοότες
1443 1665 1539 1719 καί
1593 1664 1742 1741 γένος
1801 1666 1958 1722 αὐτοῦ

294 1755 398 1813 καὶ
455 1755 629 1833 τυχὴν
671 1754 757 1809 καὶ
816 1753 1010 1830 τρόπον
1050 1770 1062 1785 ·
1094 1753 1184 1808 τὸν
1229 1750 1283 1808 δὲ
1333 1755 1519 1831 τάφον,
1558 1754 1602 1809 εἰ
1630 1753 1834 1830 βούλει,
1868 1757 1956 1812 καὶ

294 1846 390 1901 σοὶ
444 1843 724 1921 παριόντες
783 1839 1037 1918 δείξομεν.
1092 1843 1189 1900 Καὶ
1250 1841 1350 1920 γὰρ
1408 1847 1507 1908 τῆς
1565 1843 1672 1900 τῶν
1733 1847 1954 1922 Κρητῶν

295 1935 396 1990 καὶ
453 1933 610 1995 αὐτὸς
653 1933 870 2006 ὡρμᾶτο
907 1950 920 1965 ·
967 1931 1153 2010 γέγονε
1212 1929 1267 1988 δὲ
1326 1937 1431 1988 τῶν
1490 1933 1800 2012 ἒπιχωρίων
1857 1935 1954 1990 τύ-

296 2023 510 2104 ραννὸς.
562 2020 713 2080 Οὕτω
743 2019 797 2077 δὲ
828 2021 1063 2100 ἀσελγὴς
1115 2021 1179 2090 ἦν
1229 2023 1316 2078 καὶ
1365 2023 1497 2098 πρὸς
1539 2021 1729 2091 ἡδονὰς
1763 2023 1955 2104 ἐπίτρο-

297 2135 422 2192 ρος,
455 2112 590 2168 ὥστε
621 2111 700 2187 μὴ
747 2111 945 2190 γυναιξὶ
1001 2111 1189 2185 μόνον,
1246 2109 1383 2168 ἀλλὰ
1441 2112 1528 2167 καὶ
1565 2110 1772 2190 ἅῤῥεσιν
1829 2112 1951 2170 ἑπι-

297 2204 583 2279 μαίνεσθαι
621 2219 640 2238 ⁸
671 2201 807 2278 γόης
836 2199 890 2256 δὲ
936 2199 1205 2277 ἅνθρωπος
1254 2202 1342 2258 καὶ
1397 2201 1752 2282 κακότεχνος,
1813 2226 1952 2260 παν-

300 2293 513 2371 ούργως
558 2291 744 2348 ἑαυτὸν
801 2289 1135 2356 ἐξαλλάττων
1191 2288 1258 2346 δι’
1318 2291 1604 2356 ἀκολασίας
1658 2290 1956 2371 ὑπερϐολὴν

297 2380 398 2438 καί
431 2380 554 2438 ὅσαι
583 2381 718 2456 ὧραι
763 2379 962 2455 μίξεσιν
1019 2381 1242 2443 ἀτόποις
1299 2380 1736 2456 ὲμμιαινόμενος,
1784 2381 1954 2458 Ἀμέ-

298 2471 387 2528 λει
431 2471 522 2528 καί
564 2491 704 2536 τινες
762 2471 1102 2544 ὁμοιοπαθῶς
1163 2469 1382 2550 ἔχοντες
1441 2470 1538 2526 καὶ
1599 2472 1698 2538 τὴν
1756 2471 1956 2532 ἐκείνου

297 2559 574 2640 βδελυρίαν
635 2557 974 2630 ζηλώσαντες
1033 2559 1108 2638 (τί
1151 2561 1250 2639 γὰρ
1312 2559 1450 2617 οὕτω
1481 2561 1603 2638 ῥᾷον
1651 2583 1725 2625 ως
1770 2564 1804 2631 ἡ
1863 2570 1956 2620 τοῦ

301 2658 476 2708 κακοῦ
520 2650 746 2726 μίμησις
779 2649 826 2727 ;)
880 2650 998 2706 θεόν
1041 2671 1100 2706 τε
1165 2657 1346 2708 τοῦτον
1407 2649 1814 2729 ἀναγορεύουσι,
1857 2658 1953 2710 καὶ

305 2742 439 2806 νεὼς
515 2739 767 2796 ἆνιστῶσι
839 2739 928 2795 καὶ
997 2739 1202 2796 θύουσιν
1261 2739 1354 2796 ’ίνα
1423 2741 1485 2796 τὸ
1541 2741 1676 2797 κατὰ
1733 2743 1954 2820 γνώμην

305 2831 494 2894 αὺτοῖς
550 2829 640 2886 καὶ
691 2832 795 2903 θεῷ
852 2829 986 2885 κατὰ
1047 2830 1271 2907 γνώμην
1327 2827 1485 2906 δοκῇ,
1534 2831 1620 2886 καὶ
1672 2830 1841 2900 οὕτως¹
1896 2836 1957 2892 οὗ

306 2917 559 2994 θεομισὲς
584 2919 766 2994 μόνον,
800 2915 938 2974 ἀλλὰ
964 2918 1055 2975 καὶ
1092 2921 1262 3000 θετον,
1297 2917 1449 2994 οἴμοι
1484 2916 1499 2980 l
1535 2920 1594 2976 τὸ
1625 2918 1957 2999 ἀσελγαίνειν

323 3008 621 3082 νομίζηται,

391 3277 472 3336 Ε’.
537 3284 710 3332 Ταυτα
774 3282 868 3332 τοῦ
938 3276 1076 3332 θείου
1133 3275 1490 3355 φθεγγομένου
1547 3284 1712 3356 χοροῦ
1771 3279 1798 3334 6
1857 3279 1957 3354 μὲν

305 3361 598 3426 ἀνθύπατος
652 3365 784 3441 πρὸς
835 3365 927 3421 τὸν
987 3363 1217 3445 ἔλεγχον
1268 3365 1656 3444 ἀπερρήγνυτο,
1703 3366 1838 3424 πολὺ
1902 3365 1957 3423 δὲ

303 3454 396 3508 καὶ
447 3452 645 3528 μᾶλλον
691 3456 779 3511 καὶ
809 3457 836 3511 6
881 3452 1050 3531 δῆμος
1104 3455 1346 3531 ἒκμανῆς
1404 3460 1470 3524 ἦν
1507 3457 1596 3513 καὶ
1625 3456 1778 3536 ὥρμα
1834 3461 1955 3521 τοὺς

304 3543 572 3621 μάρτυρας
630 3542 941 3616 συλλαϐεῖν,
979 3546 1062 3600 καὶ
1113 3552 1306 3622 μικροῦ
1347 3545 1410 3600 ἂν
1466 3547 1554 3602 καὶ
1612 3547 1797 3626 χερσὶν
1855 3547 1955 3603 αὖ·-

312 3634 431 3695 τοὺς
484 3631 864 3713 διεσπάσαντο,
897 3635 942 3691 εί
972 3635 1050 3710 μὴ
1080 3636 1107 3691 6
1143 3634 1326 3696 Δέκιος
1360 3636 1448 3692 καὶ
1479 3637 1622 3716 χειρὶ
1673 3639 1760 3693 καὶ
1804 3643 1957 3715 φωνῇ

306 3723 511 3792 στήσας
552 3723 735 3786 αὐτοῖς
791 3725 892 3792 τὴν
939 3725 1110 3803 ὁρμὴν
1150 3725 1238 3780 καὶ
1287 3726 1510 3803 ἠρεμεῖν
1540 3724 1956 3801 διακελευσάμε-

306 3833 424 3888 νος,
469 3814 780 3892 πικρότερον
812 3817 992 3880 αὐτοῖς
1019 3813 1227 3875 ἐκεῖνος
1279 3815 1368 3872 τὸν
1429 3817 1520 3871 τοῦ
1547 3816 1772 3872 θανάτου
1824 3816 1956 3893 τρό-

308 3925 410 3959 πον
455 3902 796 3983 ἐμηχανᾶτο,
847 3907 1018 3983 Εἷχον
1060 3905 1158 3980 μὲν
1203 3903 1292 3960 οὖν
1352 3906 1539 3960 αὖτίκα
1593 3906 1716 3969 τοὺς
1776 3905 1955 3982 ἁγίους

309 3995 362 4048 αἱ
408 3992 629 4068 βάσανοι
661 4009 675 4023 ⁶
744 3997 904 4073 εἶχον
962 3993 1017 4049 δὲ
1075 3992 1249 4059 ἄλλως
1309 3993 1407 4068 μὲν
1465 3993 1629 4067 ἄλλη,
1679 4001 1843 4052 πᾶσαι
1901 3993 1956 4050 δὲ

309 4081 508 4154 ὁμοίως
565 4089 634 4158 τῇ
697 4085 978 4160 πικρότητι
1031 4085 1117 4139 καὶ
1161 4085 1228 4151 τῆ
1282 4087 1384 4153 τῆς
1430 4082 1616 4150 ὀδύνης
1661 4082 1954 4161 ὑπερϐολῇ,

309 4169 373 4228 Ὀ
431 4169 530 4245 μὲν
601 4173 699 4249 γὰρ
755 4174 924 4229 αὗτῶν
985 4172 1293 4252 ἀναρτηθεὶς
1368 4171 1607 4252 σιδηροῖς
1664 4174 1761 4250 μὲν
1819 4174 1958 4241 ὄνυξι

306 4257 616 4336 διεξαίνετο,
680 4265 833 4339 νεῦρα
907 4259 962 4317 δέ
1020 4261 1311 4343 διεσπᾶτο,
1369 4261 1558 4343 σάρκες
1627 4262 1680 4319 δὲ
1759 4267 1959 4322 ἐκείνου

306 4352 442 4429 πρὸς
488 4355 590 4428 γῆν
648 4351 928 4430 κατέρρεον
963 4368 977 4382 ⁸
1027 4354 1054 4408 6
1098 4350 1152 4407 δὲ
1208 4351 1379 4418 ξύλοις
1451 4355 1537 4410 καὶ
1597 4353 1758 4412 λίθοις
1820 4354 1958 4421 ὀξέσι

305 4441 405 4503 τὰς
463 4439 690 4516 πλευρᾶς
765 4443 951 4507 αὐτοῖς
1010 4441 1214 4505 ὀστέοις
1274 4440 1674 4522 διετιτρώσκετο
1704 4491 1718 4518 ,
1799 4443 1957 4509 ἄλλος

2047 1211 2170 1292 tiat,
2214 1213 2314 1291 qui
2345 1231 2515 1293 aeque
2542 1231 2611 1275 ac
2643 1230 2749 1275 vos
2779 1221 2916 1275 sunt
2949 1213 3390 1291 inobedientes,
3426 1215 3476 1278 si
3509 1216 3685 1279 modo

2043 1302 2150 1364 ulli
2183 1313 2320 1365 sunt
2350 1302 2669 1384 ejusmodi.

2121 1393 2222 1455 IV.
2258 1392 2345 1456 Ad
2406 1395 2533 1455 haec
2589 1411 2802 1456 rursus
2860 1393 2968 1456 viri
3015 1394 3367 1459 fortissimi:
3421 1398 3506 1459 De
3541 1394 3688 1458 Jove

2042 1483 2310 1564 quidem,
2347 1503 2380 1546 o
2411 1493 2722 1563 praeses,et
2745 1483 2904 1546 illius
2932 1497 3123 1546 matre
3141 1484 3306 1547 Rhea
3337 1485 3486 1547 nihil
3515 1485 3689 1547 nobis

2039 1574 2282 1637 dixeris.
2319 1577 2532 1651 Neque
2565 1577 2724 1635 enim
2755 1573 2912 1654 apud
2938 1593 3039 1636 eos
3073 1577 3172 1656 qui
3197 1574 3690 1656 ignorant,verba

2038 1663 2206 1725 facis.
2242 1662 2478 1726 Scimus
2509 1664 2764 1744 enim,ut
2789 1665 2891 1744 qui
2921 1684 2954 1726 a
2983 1665 3250 1744 patribus
3279 1665 3500 1728 nostris
3523 1666 3687 1726 audi-

2041 1759 2523 1833 verimus,genus
2555 1755 2686 1832 ejus
2718 1761 2779 1814 et
2811 1755 3109 1817 fortunam
3143 1763 3201 1817 et
3226 1775 3445 1818 mores.
3479 1754 3690 1834 Sepul-

1981 1832 2016 1881 Β
2039 1861 2209 1906 crum
2236 1832 2456 1920 autem,
2484 1843 2535 1906 si
2567 1843 2673 1917 vis,
2711 1842 2886 1904 etiam
2910 1854 3238 1923 praesentes
3260 1832 3678 1909 indicabimus.

2038 1936 2188 1997 Nam
2209 1935 2336 2016 ipse
2355 1953 2596 2012 quoque
2619 1935 2679 1995 in
2701 1936 2875 1998 Creta
2903 1943 3066 1997 ortus
3088 1945 3204 1998 est.
3239 1935 3377 1998 Fuit
3406 1954 3543 1998 vero
3575 1955 3683 1998 eo-

2037 2042 2171 2086 rum
2201 2025 2304 2106 qui
2338 2024 2397 2085 in
2431 2043 2501 2086 ea
2554 2023 2925 2100 habitabant,
2978 2032 3281 2104 tyrannus.
3316 2025 3456 2087 Erat
3485 2034 3683 2087 autem

2039 2113 2188 2178 adeo
2211 2113 2618 2196 intemperans
2643 2121 2699 2175 et
2724 2113 3007 2194 proclivis
3027 2114 3099 2176 ad
3133 2114 3442 2189 libidines,
3474 2123 3538 2177 ut
3561 2135 3680 2178 non

2039 2203 2231 2265 solum
2257 2203 2314 2264 iu
2335 2203 2727 2276 feminas,sed
2755 2205 2931 2266 etiam
2957 2204 3251 2266 insaniret
3273 2205 3332 2266 in
3361 2206 3679 2282 masculos,

2041 2293 2354 2374 praestigiis
2383 2312 2520 2356 vero
2553 2295 2829 2356 utebatur
2883 2301 2942 2355 et
2973 2294 3144 2356 malis
3177 2294 3428 2368 artibus,
3463 2311 3530 2358 se
3559 2296 3680 2356 cal-

2039 2384 2162 2445 lide
2193 2390 2427 2444 mutans
2462 2393 2706 2465 propter
2736 2403 3032 2446 summam
3068 2383 3686 2465 intemperantiam,et

2039 2473 2289 2552 singulis
2321 2474 2486 2535 horis
2516 2493 2582 2536 se
2615 2473 2888 2554 polluens
2934 2474 3180 2536 nefariis
3234 2472 3680 2536 concubitibus.

2039 2562 2288 2637 Quidam
2339 2571 2562 2640 autem,
2600 2564 2702 2645 qui
2749 2563 2979 2626 eisdem
3035 2563 3385 2627 laborabant
3414 2563 3588 2638 vitiis,
3625 2579 3685 2625 et

2038 2653 2250 2715 imitati
2299 2654 2543 2716 fuerant
2601 2653 2761 2715 illius
2819 2653 3326 2716 abominationem
3379 2653 3548 2734 (quid
3596 2661 3688 2715 est

2041 2743 2202 2804 enim
2235 2751 2352 2804 tam
2414 2743 2608 2814 facile,
2669 2762 2844 2824 quam
2908 2744 3046 2805 mali
3095 2743 3421 2823 imitatio?)
3455 2752 3514 2806 et
3546 2761 3684 2804 eum

2041 2833 2218 2895 deum
2245 2851 2379 2896 esse
2408 2835 2819 2914 pronuntiant,
2864 2835 3007 2896 etei
3060 2835 3282 2915 templa
3339 2833 3597 2895 excitant
3629 2840 3687 2894 et

2042 2921 2402 2998 sacriﬁcant,
2436 2923 2681 3004 utquod
2713 2925 2799 2984 eis
2832 2924 3048 3004 placet,
3073 2924 3186 2985 deo
3210 2942 3449 3005 quoque
3479 2921 3686 2984 videa-

2041 3019 2134 3074 tur
2153 3011 2390 3092 placere
2414 3035 2428 3086 ;
2451 3021 2510 3076 et
2534 3012 2620 3075 sic
2646 3032 2764 3074 non
2785 3014 2980 3074 solum
3006 3012 3120 3074 deo
3143 3031 3262 3074 non
3282 3011 3684 3083 invisum,sed

2040 3103 2239 3177 etiam,
2276 3105 2424 3184 proh
2459 3103 2667 3164 dolor!
2701 3103 2966 3165 divinum
2991 3102 3364 3164 existimetur
3386 3121 3452 3164 se
3486 3100 3687 3163 libidi-

1975 3199 2016 3251 C
2043 3210 2188 3256 nose
2221 3202 2278 3254 et
2303 3193 2774 3273 intemperanter
2807 3211 3040 3274 gerere.

2121 3285 2192 3344 V.
2230 3283 2435 3346 Divino
2463 3285 2586 3345 haec
2618 3284 2900 3365 loquente
2941 3285 3148 3357 choro,
3189 3280 3508 3365 proconsul
3543 3279 3680 3357 qui--

2041 3373 2176 3436 dem
2209 3373 2800 3454 disrumpebatur,ut
2831 3374 2934 3454 qui
2965 3379 3462 3446 convinceretur;
3499 3371 3681 3431 multo

2040 3473 2239 3527 autem
2301 3465 2489 3543 magis
2547 3465 2780 3526 furebat
2827 3463 3004 3526 etiam
3060 3463 3334 3545 populus,
3370 3472 3428 3524 et
3460 3462 3682 3541 impetu

2039 3553 2387 3616 ferebantur
2416 3554 2489 3616 ad
2521 3554 3125 3635 comprehendendos
3157 3561 3466 3633 martyres,
3495 3560 3552 3613 et
3581 3568 3687 3612 eos

2042 3647 2307 3704 manibus
2345 3647 2759 3718 propemodum
2785 3648 3216 3717 discerpissent,
3241 3646 3353 3703 nisi
3386 3645 3595 3702 Decius
3632 3651 3688 3701 et

2041 3749 2183 3793 voce
2215 3738 2272 3791 et
2304 3749 2483 3791 manu
2519 3748 2620 3791 eus
2680 3729 3050 3792 cohibuisset
3082 3747 3095 3789 ε
3154 3738 3212 3790 et
3245 3747 3377 3790 cum
3407 3727 3687 3808 jussisset

2041 3839 2144 3882 eos
2174 3821 2511 3900 quiescere,
2545 3819 2822 3882 acerbius
2854 3820 2969 3882 illis
3006 3824 3211 3880 mortis
3241 3837 3430 3896 genus
3463 3815 3686 3878 machi-

2042 3909 2316 3972 nebatur.
2350 3907 2419 3970 Et
2449 3917 2688 3970 sanctos
2722 3908 2960 3989 quidem
2990 3907 3189 3968 statim
3220 3906 3531 3986 arripuere
3563 3912 3686 3965 tor-

2046 4005 2244 4061 menta
2269 4015 2283 4062 :
2307 3999 2456 4060 alios
2478 3997 2717 4078 quidem
2746 3997 2996 4069 alia,sed
3017 3995 3346 4058 acerbitate
3373 4005 3426 4056 et
3464 3992 3687 4072 magni-

2043 4087 2250 4151 tudine
2281 4087 2503 4150 doloris
2533 4087 2770 4150 similia.
2809 4086 2955 4148 Nam
2989 4085 3140 4148 alius
3171 4085 3414 4166 quidem
3448 4103 3516 4145 ex
3543 4083 3687 4163 ipsis

2041 4196 2386 4258 suspensus,
2415 4177 2630 4239 ferreis
2661 4175 3037 4240 lacerabatur
3067 4175 3303 4254 ungulis
3324 4191 3337 4236 :
3362 4173 3530 4236 nervi
3549 4190 3686 4233 vero

2043 4267 2726 4342 divellebantur,carnes
2745 4275 2941 4328 autem
2957 4263 3119 4328 illius
3139 4265 3198 4325 in
3223 4275 3440 4326 terram
3466 4261 3688 4323 detineo

2043 4356 2226 4434 bant;
2257 4357 2356 4419 alii
2388 4376 2525 4421 vero
2563 4357 2860 4438 lapidibus
2888 4364 2944 4418 et
2969 4361 3158 4417 acutis
3190 4353 3439 4415 sudilszus
3461 4351 3688 4413 saucia-

2045 4444 2259 4507 bantur
2287 4447 2473 4507 latera
2528 4464 2716 4527 usque
2745 4446 2817 4506 ad
2874 4464 3052 4519 ossa;
3112 4444 3210 4506 alii
3245 4441 3486 4523 quidem
3519 4442 3684 4518 gravi

307 4528 560 4604 μολίϐδου
610 4531 756 4610 βάρει
787 4531 1116 4606 τδπτόμενος
1150 4532 1244 4596 τὰς
1300 4533 1553 4612 ἁρμονίας
1615 4555 1671 4590 τε
1730 4533 1956 4592 διελύετο

2045 4535 2288 4616 plumbo
2311 4524 2632 4598 verberato
2659 4534 3134 4598 dissolvebantur
3163 4549 3684 4613 compages,os=a-

303 4623 394 4675 καὶ
454 4621 520 4676 τὰ
564 4621 692 4677 ὀστᾶ
751 4620 1036 4678 συνεθλᾶτο
1091 4623 1178 4678 καὶ
1238 4621 1570 4694 διεθρύπτετο
1605 4643 1619 4658 '
1667 4623 1844 4704 ἕτερος
1905 4624 1959 4680 δὲ

304 4708 502 4786 ἑτέρως
541 4727 552 4742 ·
601 4707 846 4787 ἀλγεινὸν
892 4712 992 4790 γὰρ
1046 4714 1135 4768 καὶ
1166 4711 1304 4779 ἀκοὴ
1335 4712 1475 4788 μόνη
1525 4715 1586 4769 τὸ
1641 4713 1800 4792 δριμὰ
1856 4722 1958 4772 τῶν

305 4797 606 4861 κολάσεων,
653 4799 804 4858 Ἐπεὶ
861 4801 1041 4881 ὥσπερ
1117 4801 1209 4858 καί
1270 4799 1404 4859 ἰδεῖν
1448 4812 1610 4861 ταῦτα
1655 4817 1773 4868 τοῖς
1817 4828 1956 4880 συμ-

305 4888 645 4967 παθεστέροις
703 4892 762 4947 οὗ
817 4896 1074 4970 φορητὸν,
1134 4889 1273 4949 οὕτω
1326 4893 1414 4949 καὶ
1475 4894 1536 4948 τὸ
1605 4895 1741 4950 κατᾶ
1798 4893 1957 4973 μέρος

305 4977 552 5044 διεξιέναι
594 5001 650 5036 τε
695 4982 780 5038 καὶ
812 4979 1024 5038 ἀκούειν
1056 4983 1172 5060 περὶ
1222 4982 1394 5038 αὖτῶν
1443 4985 1504 5042 οὐ
1558 4983 1782 5061 μετρίως
1834 4983 1959 5040 ὀδυ-

307 5071 496 5148 νηρόν.
560 5066 708 5126 Ἀλλ’
737 5071 786 5127 οἱ
815 5071 1071 5150 μάρτυρες
1099 5072 1188 5128 καὶ
1234 5073 1398 5129 ταῦτα
1453 5072 1760 5152 πάσχοντες
1821 5073 1960 5130 οὕτω

303 5158 518 5239 ῥᾳδίως,
578 5156 664 5226 ἤτ’
720 5158 1074 5238 ἀληθέστερον
1133 5162 1329 5234 εἰπεῖν,
1389 5161 1559 5229 ἡδέως
1621 5161 1830 5242 ἔφερον,
1886 5165 1958 5228 ὡς

302 5250 531 5320 εἰκάζειν
591 5249 712 5312 τοὺς
760 5271 1106 5323 παρεστωτας
1157 5273 1234 5325 μτ,
1288 5249 1493 5324 μᾶλλον
1525 5250 1611 5308 ἐπὶ
1641 5265 1759 5318 τοῖς
1805 5275 1957 5329 γινο-

301 5338 487 5412 μένοις
547 5337 740 5418 ἀλγεῖν
778 5338 813 5407 ﬁ
845 5337 927 5395 ὅτι
977 5339 1054 5413 μὴ
1084 5342 1180 5397 καὶ
1228 5339 1439 5406 πλείους
1491 5340 1626 5409 ἦσαν
1660 5345 1707 5398 αἱ
1738 5342 1958 5418 βάσανοι

299 5427 698 5508 δυσχεραίνειν,

381 5517 486 5593 ς’.
518 5518 806 5598 Συνέρῤεον
863 5519 952 5574 οὖν
1007 5518 1091 5576 ἐπ’
1152 5520 1340 5582 αὐτοὺς
1406 5520 1595 5584 πάντες
1639 5520 1819 5602 ὤτπερ
1875 5522 1961 5580 ἐπί

294 5632 345 5666 τι
395 5615 503 5666 τῶν
531 5615 730 5666 καινῶν
761 5630 817 5664 τε
848 5610 936 5666 καὶ
987 5607 1320 5690 παραδόξων,
1368 5611 1547 5666 πιστοί
1602 5633 1658 5668 τε
1716 5611 1829 5687 ἅμα
1874 5615 1959 5670 καὶ

292 5699 412 5763 ὅσοι
446 5700 579 5780 πρὸς
624 5699 728 5774 τὴν
793 5695 1060 5757 εὐσέϐειαν
1118 5699 1466 5786 ἐπεπήρωντο
1502 5715 1515 5728 ·
1575 5699 1692 5757 ἀλλ’
1742 5702 1788 5758 οἱ
1861 5703 1959 5780 μὲν

2043 4645 2159 4706 que
2193 4628 2722 4706 confringebantur
2743 4641 2800 4688 et
2832 4624 3296 4688 conterebantur
3325 4643 3340 4697 ;
3373 4621 3524 4683 alius
3547 4620 3686 4680 item

2042 4715 2254 4793 aliter;
2291 4728 2384 4777 est
2413 4717 2574 4778 enim
2607 4717 2698 4778 vel
2730 4716 2856 4777 solo
2888 4714 3096 4777 auditu
3132 4711 3494 4774 miserabilis
3516 4727 3687 4772 acer-

2045 4804 2194 4865 bitas
2217 4805 2672 4886 suppliciorum.
2703 4804 2935 4867 Etenim
2988 4803 3289 4884 quomodo
3319 4800 3394 4862 iis
3423 4800 3520 4880 qui
3553 4806 3694 4862 sunt

2045 4896 2217 4972 paulo
2242 4894 2916 4967 misericordiores,hsec
2940 4893 3142 4954 videre
3165 4900 3253 4953 est
3283 4889 3685 4963 intolerabile,

2042 4989 2121 5045 ita
2142 4986 2318 5046 etiam
2343 4984 2686 5064 singillatim
2724 4982 3003 5064 persequi
3035 4990 3094 5042 et
3125 4980 3361 5054 audire,
3396 4987 3486 5040 est
3515 4978 3691 5056 longe

2045 5075 2528 5136 molestissimum
2543 5072 2680 5137 .Sed
2710 5081 2922 5152 martyr
2937 5091 3000 5133 es
3021 5071 3148 5132 haec.
3171 5070 3347 5131 etiam
3369 5068 3686 5148 patientes,

2042 5165 2191 5225 adeo
2228 5164 2624 5242 facile,aut,ut
2652 5163 2845 5224 verius
2877 5157 3366 5240 dicam,jucuude
3392 5156 3687 5232 ferebant,

2043 5262 2108 5316 ut
2161 5254 2262 5334 qui
2310 5254 2580 5322 aderant,
2637 5251 3009 5332 conjicerent
3040 5269 3144 5313 eos
3177 5269 3292 5311 non
3331 5256 3445 5309 tam
3483 5246 3690 5308 dolere

2043 5353 2284 5423 propter
2311 5362 2381 5414 ea
2403 5361 2530 5424 qua:
2554 5341 3140 5420 sustinebant,quam
3169 5355 3322 5419 aegre
3341 5335 3686 5416 ferre,quod

2044 5452 2159 5494 non
2193 5443 2395 5496 essent
2427 5432 2596 5513 plura
2629 5439 2946 5492 tormenta.
2994 5427 3000 5436 ’

2123 5523 2221 5586 VI.
2256 5522 2481 5586 Omnes
2507 5521 2708 5599 itaque
2739 5522 2810 5583 ad
2849 5539 2950 5582 eos
2980 5515 3380 5588 confluebant,
3409 5521 3686 5592 tanquam

2041 5612 2113 5674 ad
2145 5631 2242 5674 res
2291 5629 2471 5672 novas
2505 5620 2566 5672 et
2624 5609 3032 5681 admirabiles,
3073 5616 3190 5668 tam
3242 5604 3472 5682 ﬁdeles,
3507 5619 3684 5681 quam

2041 5701 2258 5784 quibus
2289 5719 2498 5764 manca
2529 5707 2656 5762 erat
2686 5699 2903 5785 pietas.
2939 5696 3055 5762 Sed
3087 5695 3176 5760 illi
3204 5693 3545 5775 quidem,ut
3576 5688 3684 5752 ad-
