4148 6400
465 343 577 413 571

1780 355 1836 417 Μ
1846 355 1943 420 ΕΝ
1948 354 2060 416 SIS
2103 354 2530 421 DECEMBER.

3732 365 3850 431 572

465 492 830 559 mirarentur
856 495 1215 559 athletarum
1248 494 1635 570 contantiam,
1670 500 1730 555 et
1758 509 1926 554 suam
1955 509 2103 560 con-

2195 490 2324 550 ὥστε
2392 490 2658 570 θαυμάσαι
2720 497 2819 562 τῆς
2909 499 3183 575 καρτερίας
3267 497 3390 564 τοὺς
3462 496 3700 568 ἀθλητὰς
3757 500 3846 558 καὶ

466 582 773 647 ﬁrmarent
796 586 1077 664 pietatem
1108 607 1123 660 ;
1150 582 1214 647 hi
1246 590 1544 664 autem,ut
1566 582 1885 645 irriderent
1901 599 2109 644 eorum

468 674 843 738 tolerantiam
864 684 922 738 et
938 693 1145 738 eorum
1172 673 1360 754 plagis
1382 671 1822 753 quodammodo
1841 671 2112 735 laetaren-

468 770 562 826 tur
588 772 835 846 propter
891 764 1190 844 insignem
1236 763 1670 826 crudelitatem.
1709 761 2108 834 Quamobrem

469 872 588 915 non
643 854 816 916 modo
868 853 1028 915 nulla
1074 853 1466 915 movebantur
1509 851 1947 931 misericordia,
2003 851 2109 913 sed

468 942 648 1005 etiam
678 942 987 1024 praesidem
1013 951 1073 1006 et
1093 943 1338 1005 lictores
1363 943 1548 1020 magis
1569 940 1879 1004 irritabant
1901 942 1973 1004 ad
1992 959 2109 1003 sm-

466 1032 687 1096 vitiam.
721 1032 790 1094 Et
820 1032 883 1095 hi
914 1033 1156 1115 quidem
1191 1033 1281 1094 sic
1321 1030 1672 1108 incitabant,
1708 1031 1810 1093 ille
1841 1050 1978 1094 vero
2005 1032 2106 1113 ju-

464 1118 664 1201 bebat,
698 1121 937 1185 lictores
967 1129 1164 1184 autem
1194 1121 1888 1202 exsequebantur.Porro
1911 1130 2106 1184 autem

464 1227 659 1291 praeco
681 1230 920 1293 quoque
941 1211 1255 1273 clamabat:
1282 1212 1515 1274 Parcite
1529 1210 1695 1274 vobis
1715 1212 1884 1293 ipsis;
1904 1221 2110 1293 parete

464 1299 835 1383 principibus
857 1323 873 1379 ;
901 1301 1235 1365 sacriﬁcate
1258 1299 1391 1362 diis.
1406 1302 1688 1382 Martyres
1710 1310 1907 1364 autem
1929 1301 2108 1364 etiam

466 1388 526 1449 in
561 1397 724 1451 tanta
755 1393 928 1470 copia
974 1408 1175 1453 rerum
1226 1409 1599 1471 asperarum,
1633 1400 1803 1453 erant
1832 1390 2113 1454 omnibus

465 1479 643 1541 simul
674 1479 1041 1561 superiores,
1077 1478 1271 1554 turba,
1306 1497 1603 1561 praecone,
1638 1480 1975 1562 tormentis,
2011 1480 2108 1562 ip-

468 1585 535 1629 so
566 1569 843 1648 praaside,
878 1579 936 1630 et
967 1579 1105 1631 ante
1136 1587 1241 1631 eos
1273 1568 1541 1631 omnium
1570 1570 1839 1651 principe
1871 1568 2107 1645 Satana,

468 1664 527 1718 et
556 1658 847 1721 universis
876 1678 1008 1740 qua;
1038 1660 1126 1721 eis
1157 1658 1589 1742 subjiciuntur,
1622 1661 1833 1741 copiis.
1888 1658 2113 1724 Omnes

468 1747 653 1828 enim,
689 1748 873 1811 veluti
920 1750 1092 1828 signo
1144 1749 1302 1825 dato,
1337 1769 1514 1811 unam
1549 1750 1725 1811 simul
1757 1769 1961 1813 vocem
1996 1751 2112 1813 tol-

470 1836 598 1899 lunt
635 1855 648 1898 :
684 1836 903 1901 Sumus
948 1838 1297 1920 Christiani,
1356 1838 1574 1901 Christi
1624 1840 1862 1914 hostiae,
1896 1839 2113 1903 Christi

467 1926 755 2004 victimae;
788 1928 1019 1991 etiamsi
1070 1928 1289 1992 millies
1341 1929 1490 1991 mori
1522 1939 1818 2010 Oporteat,
1854 1929 2113 1994 libenter

471 2034 820 2079 moriemur.

548 2103 838 2171 Vll.Cum
863 2115 1060 2171 autem
1096 2117 1416 2191 martyrum
1449 2109 1684 2189 negitio
1717 2110 1916 2171 omnia
1945 2118 2115 2191 post-

473 2207 866 2275 ponerentur,
900 2198 1002 2280 qui
1027 2206 1155 2261 erat
1185 2198 1358 2262 valde
1389 2209 1701 2281 promptus
1735 2198 1969 2262 Satanae
2004 2201 2114 2263 mi-

474 2285 661 2349 nister
689 2288 1260 2370 Decius,desperans
1281 2289 1413 2352 ﬁeri
1436 2298 1703 2371 posse,ul
1729 2290 2118 2370 persuaderet

472 2378 665 2439 adhuc
694 2387 754 2440 et
780 2388 1042 2460 cogeret,
1083 2379 1195 2441 fert
1240 2380 1300 2441 in
1351 2398 1452 2441 eos
1484 2380 1693 2441 mortis
1724 2380 2109 2443 sententiam.

461 2465 846 2531 Ducebantur
877 2471 1078 2549 itaque
1102 2470 1312 2548 sancti,
1337 2478 1398 2531 ut
1429 2488 1572 2532 ense
1606 2470 2109 2547 interﬁcerentur,

461 2557 533 2619 ad
567 2556 794 2632 locum,
827 2558 929 2639 qui
964 2575 1172 2639 parum
1209 2557 1451 2639 quidem
1488 2558 1657 2620 abest
1685 2578 1718 2620 a
1741 2559 2000 2636 civitate,
2031 2561 2110 2623 ab

461 2645 678 2710 incolis
706 2666 843 2710 vero
876 2655 1119 2711 vocatur
1150 2648 1449 2711 Alonium.
1470 2649 1558 2711 Ad
1588 2667 1722 2711 cum
1755 2649 2112 2713 festinantes

464 2745 772 2818 martyres,
812 2738 1440 2801 ostenderuntnovum
1468 2738 1631 2819 quid,
1671 2748 1727 2801 et
1753 2739 1913 2819 quod
1942 2739 2111 2802 vide-

463 2832 629 2889 batur
659 2832 714 2888 in
727 2831 974 2890 solitum.
998 2832 1062 2889 In
1086 2839 1201 2891 toto
1221 2833 1373 2889 enim
1400 2847 1573 2889 cursu
1596 2835 2034 2905 martyrii,inter
2052 2850 2113 2893 se

462 2917 778 2980 unanimes
796 2927 855 2981 et
876 2917 1054 2980 simul
1078 2917 1590 2999 conspirantes,in
1610 2918 1723 2980 hoc
1755 2918 1947 2981 solum
1973 2939 2106 2982 con-

460 3006 808 3084 tendebant,
834 3008 1108 3089 quisnam
1138 3026 1346 3070 eorum
1380 3012 1606 3089 primus
1631 3026 1835 3070 ensem
1856 3007 2106 3092 subiret,

462 3104 522 3158 et
553 3096 783 3177 primus
814 3116 1096 3160 coronam
1131 3097 1455 3179 acciperet.
1507 3095 1674 3160 Hanc
1716 3106 1912 3161 autem
1946 3099 2108 3162 litem

459 3188 766 3268 componit
806 3187 1173 3260 Theodulus,
1235 3186 1336 3267 qui
1390 3196 1519 3249 erat
1574 3207 1730 3249 unus
1780 3208 1851 3250 ex
1908 3188 2108 3251 divino

460 3276 669 3351 choro,
693 3277 972 3340 dictitans
1004 3277 1165 3355 quod
1189 3277 1239 3339 is
1269 3277 1502 3339 futurus
1533 3286 1693 3341 esset
1718 3278 1972 3359 primus,
2004 3279 2112 3357 qui

459 3365 730 3428 omnium
764 3367 1011 3428 ultimus
1044 3366 1533 3447 excederet,cum
1568 3368 1719 3430 nihil
1750 3377 1927 3448 turpe
1945 3377 2002 3430 et
2024 3368 2110 3428 in-

460 3455 746 3518 decorum
766 3476 835 3519 ex
856 3458 1196 3538 spectaculo
1226 3456 1478 3519 aliorum
1512 3457 2001 3531 sustinuerit,sed
2023 3459 2111 3520 sic

457 3563 666 3608 revera
689 3546 871 3609 multa
891 3546 1217 3609 certamina
1240 3546 1514 3610 subierit.
1540 3545 1770 3609 Placuit
1801 3545 2103 3623 omnibus,

459 3635 618 3716 quod
643 3636 872 3700 dixerat
906 3660 919 3697 :
955 3645 1014 3698 et
1046 3638 1301 3719 primum
1335 3637 1580 3719 quidem
1612 3637 1685 3699 ad
1716 3638 1901 3700 Deum
1934 3654 2103 3699 com-

461 3743 702 3790 munem
727 3727 1012 3809 hymnum
1029 3736 1283 3790 canunt:
1309 3727 1710 3790 «Benedictus
1729 3726 2105 3809 es,Domine,

457 3814 745 3891 dicentes,
782 3816 883 3898 qui
913 3837 1036 3880 non
1065 3817 1286 3881 dedisti
1320 3836 1431 3880 nos
1456 3817 1514 3878 in
1547 3818 1882 3898 captionem
1905 3816 2105 3880 denti-

459 3904 569 3968 hus
594 3923 828 3984 eorum,
864 3934 877 3963 ι
922 3915 981 3970 et
1006 3926 1139 3989 quae
1159 3907 1450 3989 deinceps
1473 3906 1713 3988 scripsit
1739 3907 2111 3988 Psalmogra-

459 3995 611 4075 phus
628 3995 912 4059 LDeinde
932 3996 1111 4059 etiam
1135 3996 1209 4059 ad
1227 3999 1423 4060 locum
1441 3996 2110 4079 accedentes,fecerunt

460 4085 870 4167 unusquisque
899 4086 1229 4150 orationem
1265 4105 1279 4150 :
1343 4086 1553 4163 Parce,
1609 4087 1887 4169 Domine,
1918 4088 2108 4151 servis

459 4174 593 4247 tuis,
628 4173 922 4259 dicentes,
955 4184 1015 4240 et
1044 4179 1286 4258 suscipe
1311 4176 1669 4258 sanguinem
1695 4189 1965 4241 nostrum
2002 4196 2107 4258 pro

457 4264 651 4343 nobis,
687 4285 795 4348 pro
824 4271 1065 4344 nostris,
1104 4288 1212 4350 pro
1245 4276 1445 4330 nostra
1470 4268 1755 4348 patria,ut
1778 4286 1849 4330 ea
1878 4266 2105 4330 libere-

457 4365 553 4418 tur
578 4375 615 4419 a
645 4357 908 4420 tenebris
963 4357 1381 4436 ignorationis,
1417 4368 1478 4420 et
1532 4357 1698 4438 puris
1731 4356 1924 4419 oculis
1957 4375 2108 4418 con-

460 4446 781 4527 templetur
813 4446 1120 4528 pietatem,
1150 4455 1211 4509 et
1266 4455 1321 4509 te
1370 4464 1571 4509 veram
1606 4446 1830 4519 lucem,
1886 4464 1918 4507 o
1981 4446 2104 4507 Rex

456 4544 704 4600 aeterne.

541 4711 690 4776 \‘IIl.
720 4714 1043 4790 Postquam
1068 4713 1154 4777 sic
1180 4713 1404 4795 precati
1439 4721 1645 4776 essent
1671 4711 2105 4794 unusquisque,

452 4820 621 4865 sacra
657 4812 716 4865 et
736 4802 985 4866 victoria
1005 4803 1267 4883 insignia
1283 4803 1371 4866 eis
1395 4811 1533 4866 sunt
1552 4812 1859 4883 amputata
1881 4802 2102 4885 capita,

454 4910 590 4954 cum
610 4910 677 4955 se
700 4894 903 4972 patriai
916 4893 1383 4956 distribuissent:
1402 4902 1463 4955 et
1484 4892 1836 4972 sanguinem
1862 4892 2106 4974 quidem

454 4982 952 5065 infernzemempe
974 4983 1117 5047 illud
1143 4984 1300 5065 quod
1326 4981 2103 5064 interit,intereunti,5piri-

456 5086 574 5135 tum
601 5088 789 5135 autem
819 5077 1111 5136 dedissent
1134 5082 1470 5150 supernae,ei
1494 5093 1623 5152 quae
1642 5091 1867 5148 semper
1891 5088 2102 5142 manet.

452 5160 599 5223 illud
632 5161 792 5239 quod
822 5171 912 5225 est
938 5165 1477 5243 permanens.Cum
1503 5181 1640 5225 vero
1666 5170 1802 5242 post
1824 5179 2105 5223 consum-

454 5251 778 5314 mationem
810 5254 1210 5315 recessissent
1241 5253 1509 5329 lictores,
1529 5252 1768 5334 quidam
1792 5270 1861 5313 ex
1894 5269 2100 5313 eorum

453 5341 850 5423 cognatis,qui
877 5348 934 5404 in
957 5362 1028 5404 eo
1049 5342 1180 5404 loco
1210 5342 1875 5416 remanserant,horum
1904 5358 2103 5403 sacras

454 5430 875 5494 venerabiliter
906 5442 1271 5513 componunt
1295 5444 1356 5496 et
1377 5434 1685 5510 deponunt
1709 5429 2015 5507 reliquias.
2035 5429 2106 5492 Et

457 5528 597 5581 tunc
629 5520 869 5602 quidem
905 5531 1169 5585 mortuos
1230 5523 1461 5597 habuit,
1514 5541 1647 5607 quae
1697 5520 1832 5583 illos
1866 5520 2103 5582 tulerat.

543 5715 559 5765 l
607 5711 763 5779 Psal.
809 5730 1012 5794 cxnn,
1044 5718 1107 5784 6.

2196 581 2534 663 βεϐαιοτέραν
2591 584 2768 643 θέσθαι
2826 585 2954 666 παρ’
3010 589 3222 655 ἑαυτοῖς
3298 590 3398 658 τὴν
3458 589 3728 648 εὒσέϐειαν

2195 673 2250 731 δὲ
2306 676 2438 761 πρὸς
2495 676 2556 732 τὸ
2616 677 2934 755 μυκτηρίσαι
2985 678 3191 754 μᾶλλον
3234 680 3333 748 τὴν
3394 680 3609 737 ἐκείνων
3640 683 3843 758 ὑπομο-

2195 765 2292 832 νὴν
2323 765 2411 823 καὶ
2454 765 2551 822 οἶα
2580 777 2702 830 ταῖς
2736 766 2910 823 αὐτῶν
2941 766 3185 848 πληγαῖς
3222 769 3511 850 ἐφησθῆναι
3568 769 3652 828 διὰ
3683 794 3840 851 περι·-

2195 856 2372 910 ουσίαν
2426 855 2734 934 ὠμότητος,
2794 854 2862 911 δι’
2919 858 2984 925 ἣν
3062 860 3232 915 αἰτίαν
3311 859 3369 916 οὒ
3439 862 3601 927 μόνον
3658 861 3839 919 οὐδένα

2194 944 2381 1001 οἶκτον
2439 942 2737 1020 ἐλάμϐανον
2798 945 2936 1003 οὕτω
2991 949 3337 1028 πασχόντων,
3386 948 3521 1006 ἀλλὰ
3562 952 3649 1007 καὶ
3704 953 3837 1031 πρὸς

2192 1033 2483 1112 ἀγριότητα
2540 1033 2741 1110 μᾶλλον
2802 1035 2959 1093 αὐτόν
3004 1059 3061 1094 τε
3135 1040 3225 1095 τὸν
3290 1038 3528 1120 ἄρχοντα
3583 1042 3672 1097 καὶ
3718 1042 3838 1105 τοὺς

2193 1121 2412 1199 δημίους
2446 1124 2703 1195 ἠσὲθιζον.
2747 1124 2851 1183 Καί
2902 1128 2949 1182 οἱ
2994 1128 3091 1202 μὲν
3129 1128 3267 1185 οὕτω
3314 1129 3617 1209 παρέθηγον
3652 1150 3669 1166 ο
3717 1133 3745 1186 ὁ
3790 1129 3843 1186 δὲ

3733 593 3846 673 ,οἱ

2195 1212 2467 1270 ἐκέλευσεν
2507 1234 2519 1250 ⁸
2555 1217 2601 1270 οἱ
2632 1211 2685 1269 δὲ
2731 1214 3037 1280 ἐπετέλουν,
3079 1215 3311 1275 Ἐπεϐόα
3362 1218 3416 1275 δὲ
3452 1220 3535 1276 καὶ
3572 1222 3600 1277 ὁ
3630 1217 3790 1299 κῆρυξ
3828 1238 3841 1255 ·

2193 1304 2445 1361 Φείσασθε
2517 1305 2741 1379 ἑαυτῶν,
2805 1306 3054 1374 πείσθητε
3128 1321 3246 1374 τοῖς
3322 1318 3593 1387 κρατοῦσι,
3654 1310 3845 1366 θύσατε

2192 1407 2308 1459 τοῖς
2340 1397 2508 1458 θεοῖς.
2544 1398 2604 1453 Οἱ
2636 1393 2893 1474 μάρτυρες
2946 1393 3000 1452 δὲ
3058 1418 3152 1463 κας
3209 1400 3339 1477 πρὸς
3384 1401 3617 1477 τοσαύτῃ
3662 1397 3845 1479 χαλε-

2193 1483 2309 1540 πῶν
2339 1484 2556 1563 ἀφθονίᾳ
2588 1486 2788 1541 τούτων
2821 1489 2954 1561 ὁμοῦ
2985 1487 3253 1562 κρείττους
3301 1489 3461 1564 ἦσαν,
3511 1497 3605 1546 τοῦ
3648 1488 3844 1569 ὄχλου,

2194 1580 2287 1630 τοῦ
2317 1576 2567 1654 κήρυκος,
2602 1581 2708 1632 τῶν
2738 1576 3006 1652 βασάνων,
3040 1579 3197 1634 αὒτοῦ
3248 1584 3341 1635 τοῦ
3390 1577 3676 1658 ἄρχοντος,
3741 1580 3847 1656 πρὸ

2195 1660 2247 1718 δὲ
2308 1664 2507 1720 τοῦτων
2537 1664 2752 1720 πάντων
2781 1667 2875 1721 τοῦ
2904 1664 3163 1745 ἄρχοντος
3198 1674 3409 1724 Σατανᾶ
3460 1668 3546 1724 καὶ
3601 1673 3700 1734 τῆς
3752 1665 3848 1725 ὐπ’

2197 1754 2352 1813 αὐτὸν
2393 1754 2611 1822 ἁπάσης
2645 1753 2940 1829 δυνάμεως,
2972 1755 3193 1831 ’Ὥσπερ
3249 1760 3348 1835 γὰρ
3392 1757 3453 1813 ἐκ
3508 1760 3845 1833 συνθήματος

2195 1844 2387 1908 πάντες
2450 1844 2571 1916 μίαν
2627 1844 2865 1921 α’ἷρουσιν
2910 1847 3043 1921 ὁμοῦ
3104 1848 3202 1914 τὴν
3247 1849 3469 1928 φωνὴν,
3543 1848 3852 1927 Χριστιανοί

2199 1931 2379 2011 ἐσμεν,
2416 1932 2647 2007 Χριστοῦ
2689 1933 2881 2007 θυσίαι,
2918 1939 3145 2009 Χριστοῦ
3199 1934 3419 2013 σφάγια.
3458 1934 3565 1992 Κᾶν
3597 1933 3847 2012 μυριάκις

2198 2018 2290 2097 δὲῃ
2320 2025 2522 2100 θανεῖν,
2558 2019 2727 2090 ἡδέως
2759 2023 3178 2093 ἀποθανούμεθα,

2278 2109 2355 2171 Ζ’.
2416 2112 2510 2173 ’δὶς
2570 2110 2660 2167 οὖν
2716 2111 2888 2168 πάντα
2945 2114 3051 2168 τὼν
3096 2113 3373 2192 μαρτύρων
3416 2111 3629 2192 δεύτερα
3659 2116 3747 2187 ἦν,
3814 2115 3848 2168 ὁ

2198 2201 2331 2258 πάνυ
2393 2202 2654 2278 πρόθυμος
2698 2201 2972 2279 1Βπηρετης
3030 2210 3123 2258 τοῦ
3175 2209 3387 2275 Σατανᾷ
3432 2203 3641 2282 Δέκιος,
3678 2202 3846 2260 ἀπει-

2200 2292 2312 2347 πὼν
2370 2292 2464 2347 καί
2508 2292 2569 2348 τὸ
2626 2291 2821 2347 πείθειν
2877 2289 2952 2347 ἔτι
3012 2295 3100 2348 καὶ
3143 2294 3203 2348 τὸ
3259 2292 3550 2369 βιάζεσθαι,
3597 2293 3695 2360 τὴν
3746 2300 3848 2349 τοῦ

2196 2381 2419 2437 θανάτου
2474 2379 2591 2436 κατ’
2650 2382 2821 2437 αὐτῶν
2881 2380 3060 2461 ψῆφον
3115 2381 3345 2462 ἔκφερει.
3380 2381 3617 2460 ’Ήγοντο
3648 2381 3739 2438 οὖν
3798 2386 3850 2439 οἱ

2195 2470 2338 2548 ἅγιοι
2395 2468 2480 2528 διὰ
2537 2469 2711 2549 ξίφους
2786 2472 3155 2538 θανατωθῆναι
3211 2471 3354 2551 παρὰ
3410 2473 3501 2528 τὸν
3558 2473 3726 2529 τόπον
3783 2473 3848 2536 ὅς

2194 2560 2369 2639 βραχὺ
2426 2560 2524 2636 μὶν
2586 2559 2790 2639 ἀπεῖχε
2836 2560 2935 2628 τῆς
2993 2559 3224 2634 πόλεως,
3279 2573 3398 2625 τοῖς
3459 2560 3743 2640 ἐγχωρίοις
3790 2560 3849 2618 δὲ

2193 2648 2451 2706 Ἀλώνιον
2512 2650 2783 2710 ἐκα)εῖτο.
2846 2651 2994 2727 Παρὰ
3049 2660 3233 2709 τοῦτον
3284 2654 3331 2707 οἱ
3382 2652 3638 2730 μάρτυρες
3688 2650 3847 2709 ἐπει-

2192 2739 2409 2817 γόμενοι
2443 2737 2622 2796 καινόν
2682 2761 2732 2796 τι
2787 2740 2874 2795 καὶ
2922 2737 3105 2797 δοκοῦν
3157 2739 3413 2810 ἂσυνήθες
3449 2741 3665 2806 ἑαυτοῖς
3712 2742 3845 2798 ἑπε-

2194 2827 2480 2888 δείκνυντο.
2542 2829 2691 2908 Παρὰ
2734 2830 2905 2886 πάντα
2951 2830 3054 2909 γὰρ
3111 2830 3203 2886 τὸν
3248 2837 3340 2887 τοῦ
3384 2831 3668 2909 μαρτυρίου
3725 2828 3850 2909 δρό-

2196 2940 2296 2993 μον
2342 2920 2612 2996 σύμπνουν
2669 2942 2719 2976 τι
2777 2921 2864 2977 καὶ
2898 2922 3182 3000 ὁμόψυχον
3228 2918 3492 2991 ἀλλήλοις
3526 2921 3846 2982 πνεύσαντες

2193 3009 2329 3065 κατᾶ
2364 3017 2515 3066 τοῦτο
2544 3010 2707 3079 μόνον
2751 3008 3103 3089 ἐφιλονείκουν
3156 3010 3234 3073 τίς
3297 3011 3361 3066 ἄν
3406 3010 3580 3067 αὐτῶν
3634 3014 3844 3090 πρῶτος

2193 3098 2406 3157 ὑπέλθοι
2462 3100 2523 3155 τὸ
2614 3098 2755 3177 ξίφος
2836 3100 2923 3155 καὶ
2979 3103 3193 3176 πρῶτος
3248 3095 3349 3175 ἄρῃ
3405 3100 3497 3156 τὸν
3556 3099 3839 3179 στέφανον,

2195 3189 2356 3245 Παύει
2421 3186 2470 3242 δὲ
2531 3186 2630 3255 τὴν
2691 3187 2797 3265 ἔριν
2854 3187 3053 3253 ταύτην
3112 3185 3424 3265 Θεόδουλος,
3481 3187 3566 3251 εἶς
3623 3187 3699 3243 ὢν
3752 3192 3843 3243 τοῦ

2193 3276 2329 3333 θείου
2386 3274 2535 3335 τοῦδε
2595 3282 2784 3356 χοροῦ,
2818 3275 3051 3333 ἓπειπὼν
3083 3276 3156 3339 ὡς
3189 3275 3354 3341 Οὗτος
3386 3275 3448 3331 ἄν
3496 3274 3589 3343 εἴη
3638 3273 3844 3352 μᾶλλον

2191 3364 2410 3423 ἐνταῦθα
2439 3371 2647 3442 πρῶτος
2677 3366 2736 3428 ὃς
2776 3365 2838 3421 ἅν
2900 3362 3119 3422 ἀπέλθοι
3170 3371 3277 3421 τῶν
3334 3365 3545 3427 πάντων
3577 3364 3841 3447 ἔσχατος,

2192 3454 2359 3531 μηδὲν
2418 3455 2634 3533 ἀγεννὲς
2703 3455 2936 3520 ὑποστὰς
2997 3455 3058 3511 ὲκ
3113 3460 3213 3523 τῆς
3283 3458 3388 3513 τῶν
3454 3454 3630 3515 ἄλλων
3696 3455 3842 3535 θέας,

2191 3544 2327 3602 ἀλλὰ
2369 3546 2455 3602 καὶ
2515 3544 2812 3612 πολύαθλος
2871 3545 3037 3611 οὕτως
3105 3546 3353 3613 ἐπιεικῶς
3414 3546 3702 3625 γενόμενος
3759 3545 3846 3603 διὰ

2189 3641 2343 3693 τοῦτο
2418 3635 2506 3692 καὶ
2575 3634 2839 3693 πλειόνων
2895 3634 2993 3715 ἄρα
3089 3636 3360 3718 στεφάνων
3417 3634 3591 3702 ἄξιος,
3648 3635 3841 3716 "Epeo:

2190 3738 2308 3792 τοῖς
2352 3732 2512 3783 πᾶσιν
2544 3727 2571 3782 ὁ
2602 3724 2761 3806 λόγος
2797 3745 2813 3760 ·
2862 3727 2954 3783 καί
3018 3729 3205 3805 πρῶτα
3262 3726 3359 3803 μὲν
3391 3726 3574 3795 κοινὴν
3601 3728 3845 3784 πιοῦνται

2191 3817 2320 3897 πρὸς
2352 3817 2482 3874 Θεὸν
2514 3815 2612 3885 τὴν
2668 3815 2834 3893 ᾠδὴν,
2876 3841 2903 3872 ιι
2939 3815 3245 3895 Εὐλογητὸς
3298 3816 3376 3890 εἴ,
3416 3816 3594 3895 Κύριε,
3634 3837 3659 3873 a
3696 3814 3844 3889 ψάλ-

2190 3920 2394 3981 Αοντες,
2435 3930 2462 3962 α
2497 3908 2555 3972 ὃς
2587 3907 2682 3964 οὐκ
2712 3905 2912 3973 ἔδωκας
2954 3908 3105 3982 ἡμᾶς
3138 3906 3209 3966 είς
3263 3905 3430 3980 θήραν
3461 3916 3595 3994 ⁸τοῖς
3614 3901 3843 3994 ’ὀδοῦσιν

2192 3998 2383 4073 αὐτῶν,
2433 4019 2455 4053 ο
2506 3998 2595 4053 καὶ
2653 3996 2752 4053 ὅσα
2810 3996 2897 4052 ἐπὶ
2939 3994 3148 4055 τούτοις
3180 3993 3207 4048 ὁ
3239 3989 3569 4065 Ψαλμῳδός.
3614 3989 3841 4049 Ἐπειτα

2190 4088 2277 4144 καὶ
2333 4084 2611 4165 παριόντες
2671 4083 2757 4140 ἐπὶ
2816 4084 2907 4138 τὸν
2994 4079 3161 4138 τόπον
3246 4078 3467 4145 ἕκαστος
3533 4082 3842 4161 προσευχὴν

2191 4176 2489 4248 ἐποιοῦντο,
2523 4173 2740 4246 Φεῖσαι,
2782 4171 2957 4250 Κύριε,
2994 4176 3098 4227 τῶν
3156 4166 3357 4227 δούλων
3408 4190 3528 4250 σου,
3561 4168 3833 4248 λέγοντες,

2193 4264 2279 4321 καί
2321 4263 2460 4329 δέξαι
2504 4263 2566 4319 τὸ
2596 4261 2738 4336 αἷμα
2767 4262 2925 4336 ἡμῶν
2976 4260 3105 4338 ὗπὲρ
3133 4260 3312 4338 ἡμῶν,
3357 4259 3486 4337 ὒπὲρ
3531 4265 3637 4317 τῶν
3691 4258 3836 4334 ἠμε-

2191 4353 2380 4429 τέρων,
2412 4350 2543 4426 ὒπὲρ
2573 4347 2846 4429 πατρίδος,
2897 4349 3035 4407 ὥστε
3084 4356 3178 4407 τοῦ
3237 4348 3463 4406 σκότους
3512 4350 3678 4417 αὐτὴν
3735 4354 3836 4416 τῆς

2190 4441 2403 4519 ἀγνοίας
2461 4438 2837 4519 ἀπαλλαγῆναι
2893 4441 2981 4497 καὶ
3064 4442 3320 4518 καθαροῖς
3377 4437 3582 4515 ὄμμασι
3638 4436 3837 4496 θεάσα-

2190 4533 2308 4587 σθαι
2337 4529 2435 4598 τὴν
2468 4527 2735 4589 εὐσέϐειαν
2777 4530 2867 4587 καὶ
2922 4529 2981 4586 σὲ
3038 4529 3099 4585 τὸ
3153 4527 3404 4595 ἀληθινὸν
3461 4534 3597 4609 φῶς,
3661 4527 3838 4586 αίώνιε

2129 4601 2174 4652 D
2192 4617 2434 4698 βασιλεῦ.

2274 4708 2364 4771 Η’.
2402 4708 2580 4773 Οὕτως
2623 4708 2846 4773 ἕκαστος
2905 4707 3321 4787 προσευξάμενοι
3354 4707 3448 4773 τὰς
3497 4706 3839 4770 καλλινίκους

2193 4804 2334 4877 αὒτῷ
2376 4802 2463 4858 καὶ
2511 4800 2653 4879 ἱερὰς
2693 4800 3080 4875 ἀπετμήθησαν
3143 4796 3413 4878 καφαλὰς,
3475 4795 3838 4874 διανείμαντες

2190 4892 2406 4954 ἑαυτοὺς
2462 4904 2583 4956 ταῖς
2638 4890 2891 4968 πατρίσι·
2940 4891 3026 4945 καὶ
3084 4889 3145 4945 τό
3206 4889 3303 4962 μὲν
3364 4886 3507 4961 αἷμα
3564 4887 3633 4963 τῇ
3694 4887 3841 4944 κάτω

2189 4979 2390 5055 δόντες,
2424 4984 2493 5057 τῇ
2523 4979 2839 5059 φθειρομένη
2888 4980 2949 5035 τὸ
2993 4977 3361 5057 φθειρόμενον,
3397 4976 3457 5030 τὸ
3514 4982 3723 5051 πνεῦμα
3784 4976 3841 5033 δὲ

2187 5077 2254 5148 τῇ
2284 5070 2414 5145 ἅνω,
2445 5077 2513 5147 τῇ
2546 5069 2625 5125 ἀεὶ
2684 5069 2916 5144 μενούσῃ
2966 5069 3027 5122 τὸ
3081 5064 3354 5140 διαμένον.
3384 5064 3499 5122 ἰ’ὧν
3531 5062 3585 5121 δὲ
3629 5064 3836 5141 δημίων

2188 5161 2324 5236 μετὰ
2368 5163 2466 5225 τὴν
2503 5157 2775 5215 τελείωσιν
2828 5156 3329 5235 ὖποχωρησάντων,
3392 5159 3497 5209 τῶν
3563 5160 3839 5235 συγγενῶν

2189 5254 2373 5313 αὐτοῖς
2403 5271 2565 5321 τινες,
2612 5248 2730 5327 περὶ
2783 5247 2874 5302 τὸν
2920 5246 3085 5302 τόπον
3126 5243 3533 5325 ὔπολειφθέντες
3591 5246 3657 5302 τὰ
3721 5246 3838 5321 ἱερὰ

2188 5341 2386 5398 τούτων
2436 5338 2662 5413 λείψανα
2719 5333 3116 5414 περιστέλλουσί
3158 5355 3216 5390 τε
3259 5335 3449 5409 τιμίως
3512 5335 3600 5391 καὶ
3656 5356 3837 5391 κατα-

2187 5430 2435 5487 τίθενται.
2475 5428 2570 5485 Καὶ
2628 5424 2748 5481 τότε
2808 5425 2905 5500 μὲν
2964 5422 3098 5502 ἤπερ
3158 5423 3345 5487 αὖτοὺς
3376 5421 3628 5504 ἤτεγκεν,
3661 5423 3837 5491 ἐκείνη

2188 5522 2276 5577 καὶ
2334 5517 2657 5585 τεθνηκότας
2692 5518 2848 5594 εἶχεν
2883 5538 2896 5552 ι
2942 5513 3162 5594 ὕστερον
3193 5511 3246 5569 δὲ
3282 5515 3442 5570 ὁπότε
3487 5515 3521 5583 ἠ
3567 5518 3665 5581 τῆς
3694 5516 3838 5571 εὗσε-
