4148 6412
281 402 417 469 573

1148 407 1616 471 MARTYRIUM
1665 409 1725 470 S.
1782 409 2232 474 ANASTASI/E
2287 410 2382 472 ET
2428 405 2835 472 SOCIARUM.

3569 399 3684 465 574

282 539 446 605 ϐείας
478 539 635 622 ἰσχὺς
681 539 844 600 οἱονεί
901 563 982 606 τις
1036 543 1180 614 ζώνη
1239 544 1415 624 χρυ.)σῆ
1457 545 1520 601 τὸ
1551 543 1808 604 πλεῖστον
1851 545 1993 612 τῆςΑ

2039 543 2242 606 Postea
2262 551 2484 623 autem,
2508 540 2748 621 quando
2778 539 2865 603 vis
2895 535 3184 616 veritatis,
3209 534 3392 598 veluti
3414 533 3683 624 quaedam

285 631 622 707 οἰκουμένης
681 630 1014 712 περιείληφε,
1061 631 1266 696 Παῦλος
1311 633 1406 690 ἐπὶ
1457 637 1556 702 τὴν
1602 636 1762 702 νῆσον
1791 634 1954 691 στέλ-

288 721 455 778 λεταί
513 721 592 802 ἐφ’
649 725 696 795 ᾧ
737 729 901 778 ταῦτα
959 724 1087 799 πρὸς
1145 723 1240 789 τὴ)
1298 725 1418 780 νέαν
1450 725 1682 803 ἀγαγεῖν
1716 717 1949 801 Ῥώμην,

283 813 400 878 τὴν
443 808 692 886 βασιλίδα
735 813 872 891 φημὶ
917 818 1024 868 τῶν
1083 811 1292 869 πόλεων
1326 829 1340 844 °
1395 813 1604 878 Παῦλος
1654 813 1860 879 ἐκεῖνος
1894 813 1954 872 οὗ

285 901 437 958 πολὺ
468 903 531 958 τὸ
557 901 657 969 τῆς
689 901 993 978 ἁγιωσύνης
1052 901 1222 977 ὄνομα
1270 909 1368 970 τῆς
1422 903 1782 983 μεγαλοδόξου
1810 905 1951 962 Ῥώ-

293 1013 418 1065 μης
450 989 746 1070 ἀρχιερέως
801 991 885 1048 καὶ
943 997 1018 1064 τῷ
1075 992 1254 1070 τρόπῳ
1313 991 1516 1068 μᾶλλον
1573 994 1608 1061 ἢ
1663 1000 1740 1068 τῷ
1787 997 1956 1072 Θρόνῳ

285 1082 352 1136 τὸ
415 1080 680 1153 ἐπίσημον
729 1078 901 1159 ἔχων,
959 1079 1018 1136 οῦ
1063 1083 1153 1137 καὶ
1194 1080 1382 1149 κλῆσις
1445 1083 1608 1158 μόνον
1659 1083 1847 1156 μάστιξ
1890 1085 1956 1152 ἧν

286 1182 421 1232 τοῖς
452 1167 698 1244 δαίμοσιν
748 1167 1056 1248 ἑλατήριος,
1102 1170 1251 1233 οὗτος
1302 1169 1530 1249 λογάδας
1578 1171 1639 1228 ἐκ
1693 1172 1955 1250 βασιλέως

287 1256 482 1316 λαϐὼν
526 1266 618 1315 τοῦ
668 1257 1069 1338 ἐγχειρήματος
1119 1263 1424 1341 συνεργοὺς,
1473 1264 1558 1318 ἐπὶ
1611 1264 1671 1318 τὸ
1731 1265 1955 1341 Κρητῶν

288 1349 649 1426 παραγίνεται
695 1347 863 1419 ἔθνος,
916 1350 1004 1405 καὶ
1054 1351 1152 1417 τὴν
1186 1349 1531 1426 ἐπικειμένην
1574 1350 1785 1432 ἀφελὼν
1837 1365 1954 1418 τοῖς

290 1437 579 1513 λειψάνοις
609 1438 737 1516 γῆν,
797 1438 1025 1516 εὑρίσκει
1083 1446 1273 1514 ταῦτα,
1311 1443 1503 1519 Χριστὲ
1562 1440 1802 1518 βασιλεῦ,
1840 1447 1950 1514 ζῶ-

290 1550 386 1584 σιν
433 1525 646 1584 ἐοικότα
705 1527 792 1583 καὶ
849 1530 1038 1606 φθορᾶς
1094 1531 1369 1606 κρείττονα
1425 1531 1656 1609 καθάπερ
1732 1530 1952 1598 ἐνούσης

292 1618 381 1673 ἔτι
440 1620 611 1684 πνοῆς
644 1613 844 1680 νοτίδος
877 1637 932 1672 τε
989 1618 1177 1682 αὐτοῖς
1226 1623 1318 1676 οἷα
1371 1618 1435 1686 δὴ
1467 1618 1652 1697 δρόσου
1687 1621 1951 1687 ἐπικαθη-

295 1706 477 1782 μένης
507 1706 750 1772 ἑωθινῆς.
789 1706 1029 1763 Ἐκεῖθεν
1087 1708 1176 1764 οῦν
1236 1709 1368 1767 αὐτὰ
1418 1710 1510 1766 σὺν
1554 1711 1780 1784 θαύματι
1825 1711 1953 1766 ἁνε-

295 1795 534 1871 λόμενος
573 1800 640 1872 τῇ
698 1793 916 1872 λαμπρᾷ
960 1797 1046 1852 οιαὶ
1091 1795 1318 1874 βασιλίδι
1349 1805 1454 1854 τῶν
1513 1798 1722 1856 πόλεων
1786 1801 1957 1880 φέρων

2038 653 2186 696 zona
2214 653 2418 708 aurea,
2442 629 2900 711 comprehendit
2925 629 3236 690 maximam
3265 633 3492 707 partem
3527 623 3689 686 orbis

2039 733 2357 796 terrarum,
2421 710 2639 785 Paulus
2693 719 2946 780 mittitur
2976 718 3035 778 in
3068 715 3352 787 insulam,
3386 723 3448 776 ut
3485 731 3586 776 eas
3615 710 3690 774 ad

2039 831 2246 874 novam
2280 811 2529 874 Romam
2581 810 2927 882 deduceret,
2974 806 3048 868 ad
3094 805 3381 885 reginam,
3418 806 3683 884 inquam,

2037 900 2316 965 urbium:
2383 901 2593 962 Paulus
2644 899 2762 968 ille,
2800 899 2970 977 cujus
3001 906 3090 957 est
3132 912 3414 975 magnum
3469 909 3691 954 nomen

2037 990 2386 1065 sanctitatis,
2420 989 2686 1067 gloriosae
2719 988 2923 1050 Romae
2955 985 3240 1067 pontifex,
3271 991 3329 1045 et
3361 981 3462 1064 qui
3500 981 3690 1043 mori-

2040 1079 2150 1142 bus
2188 1081 2372 1160 magis
2404 1098 2579 1161 quam
2615 1079 2830 1140 throno
2864 1084 2994 1140 erat
3046 1074 3318 1154 insignis,
3357 1073 3532 1152 cujus
3591 1069 3691 1132 vel

2041 1173 2165 1231 sola
2187 1170 2508 1252 appellatio
2541 1178 2667 1231 erat
2696 1167 2994 1245 ﬂagellum
3028 1165 3100 1227 ad
3132 1162 3442 1252 pellendos
3468 1162 3694 1252 daemo-

2040 1277 2170 1323 nes.
2205 1251 2430 1323 Is’cum
2465 1258 2798 1339 accepisset
2827 1257 3054 1337 aliquos
3085 1254 3350 1315 delectos
3379 1251 3452 1315 ab
3490 1251 3688 1332 impe-

2036 1359 2255 1424 ratore,
2283 1353 2380 1431 qui
2415 1351 2543 1429 eius
2573 1357 2766 1428 erepto
2793 1366 2965 1427 opem
2988 1345 3236 1420 ferrent,
3263 1345 3426 1404 venit
3446 1341 3518 1402 ad
3547 1358 3692 1431 gen-

2038 1447 2155 1501 tem
2179 1430 2524 1502 Cretensem
2551 1460 2565 1500 :
2592 1449 2811 1502 etcum
2835 1437 3148 1498 amovisset
3170 1442 3387 1494 terram
3409 1430 3685 1508 reliquiis

2033 1529 2395 1609 impositam,
2428 1529 2653 1590 invenit
2678 1546 2802 1602 eas,
2837 1547 2870 1588 o
2902 1529 3027 1589 Rex
3061 1523 3314 1596 Christe,
3350 1519 3579 1582 similes
3609 1520 3692 1580 vi-

2037 1617 2333 1697 ventibus,
2369 1629 2426 1680 et
2456 1618 2701 1680 interitu
2732 1617 3096 1697 superiores,
3131 1613 3378 1693 perinde
3408 1630 3475 1672 ac
3521 1609 3570 1670 si
3599 1610 3694 1671 in-

2040 1716 2198 1769 esset
2229 1709 2424 1769 adhuc
2457 1707 2728 1788 spiritus,
2764 1717 2824 1768 et
2867 1707 2953 1767 eis
3005 1705 3222 1766 humor
3267 1711 3543 1781 tanquam
3592 1717 3692 1761 ros

2042 1797 2331 1858 insideret
2363 1798 2711 1858 matutinus.
2753 1794 2897 1858 Cum
2933 1813 3033 1855 eas
3057 1811 3196 1872 ergo
3229 1791 3393 1851 illinc
3424 1789 3696 1851 sustulis-

294 1883 507 1953 δίδωσι,
543 1885 628 1940 καὶ
658 1889 743 1939 νῦν
795 1885 924 1941 εἰσιν
981 1887 1040 1941 οὗ
1081 1888 1176 1943 καί
1219 1885 1284 1942 τοὶ
1339 1888 1453 1966 ἱερὰ
1484 1893 1590 1944 τῶν
1623 1879 1993 1972 μαρτυριειῶνι

2043 1897 2131 1949 set
2177 1905 2310 1947 cum
2361 1886 2671 1967 miraculo,
2705 1903 2805 1947 eas
2834 1883 3012 1945 tradit
3046 1881 3346 1962 praeclarae
3384 1888 3442 1972 et
3471 1879 3695 1972 regium

295 1975 513 2041 νηπίων
554 1971 962 2048 τεθησαόρισται
1019 1972 1268 2050 λείψανα,
1338 1979 1505 2034 κοινοὶ
1571 1983 1809 2055 σωτῆρες
1869 1980 1958 2035 καὶ

294 2063 590 2142 πολιοῦχοι
637 2064 726 2118 καὶ
779 2061 1006 2142 φύλακες
1067 2063 1120 2120 ἐν
1176 2072 1342 2122 πᾶσιν
1371 2066 1618 2144 ἀνιαροῖς
1674 2066 1954 2147 ἄγρυπνοι,

291 2158 376 2211 ὦν
419 2152 628 2230 γένοιτο
689 2164 810 2216 ταῖς
868 2153 1166 2230 πρεσϐείαις
1198 2155 1468 2236 μετόχους
1499 2158 1758 2233 καὶήμᾶς
1811 2158 1956 2237 γενέ-

296 2248 420 2301 σθαι
477 2249 579 2298 τῶν
667 2241 1035 2316 ἀποκειμένων
1103 2246 1286 2308 αὐτοῖς
1357 2245 1567 2324 ἀγαθῶν
1625 2247 1806 2327 χάριτι
1869 2258 1955 2304 καί

294 2331 665 2415 ᾳιλανθρωπίᾳ
752 2337 844 2386 τοῦ
940 2332 1126 2410 Κυρίου
1203 2334 1358 2409 ἡμῶν
1449 2335 1628 2403 Ἰησοῦ
1702 2337 1952 2417 Χριστοῦ,

296 2421 419 2500 μεθ’
478 2421 538 2478 οὗ
593 2425 675 2492 τῷ
732 2422 891 2499 Πατρὶ
950 2422 1062 2497 ἅμα
1115 2429 1191 2496 τῷ
1235 2424 1370 2502 ἁγίῳ
1408 2427 1672 2502 Πνεῦματι
1704 2426 1825 2492 δόξα
1869 2429 1956 2484 καὶ

297 2513 488 2589 κράτος
520 2517 610 2566 νῦν
640 2508 738 2566 καί
768 2507 871 2584 ἀεὶ,
903 2512 990 2566 καὶ
1023 2511 1094 2575 εἷς
1129 2512 1250 2576 τοὺς
1307 2515 1504 2579 αἰῶνας
1561 2522 1666 2572 τῶν
1722 2517 1954 2574 αἰώνων.

296 2602 492 2678 Ἀμήν.

2041 1975 2407 2038 urbium:et
2441 1995 2598 2037 nunc
2627 1985 2790 2048 sunt,
2854 1973 2954 2034 ubi
3014 1981 3153 2034 sunt
3211 1967 3491 2049 repositae
3546 1968 3694 2030 reli-

2041 2069 2194 2145 quiae
2223 2075 2543 2146 martyrum
2584 2064 2924 2139 infantium,
2971 2077 3322 2123 communes
3353 2067 3694 2120 servatores

2039 2165 2098 2218 et
2155 2155 2439 2236 praesides
2493 2156 2765 2230 civitatis,
2823 2165 2879 2216 et
2928 2152 3238 2230 vigilantes
3294 2148 3571 2210 custodes
3633 2147 3692 2236 in

2040 2235 2319 2308 omnibus
2368 2244 2546 2306 rebus
2591 2245 2891 2307 molestis:
2928 2260 3179 2324 quorum
3230 2235 3690 2301 intercessioni-

2040 2335 2154 2397 bus
2184 2336 2356 2398 detur
2388 2335 2558 2397 nobis
2581 2335 2863 2412 consequi
2888 2333 3041 2394 bona
3068 2330 3210 2412 ipsis
3238 2328 3522 2408 reposita,
3559 2345 3694 2408 gra-

2040 2426 2121 2486 tia
2150 2433 2208 2486 et
2236 2426 2551 2488 clementia
2578 2424 2815 2486 Domini
2853 2423 3037 2486 nostri
3069 2425 3212 2485 Jesu
3243 2417 3470 2484 Christi
3502 2439 3514 2481 :
3552 2436 3688 2480 eum

2041 2535 2156 2597 quo
2216 2514 2374 2576 Patri
2423 2525 2480 2576 et
2536 2525 2741 2578 sancto
2790 2513 3035 2594 Spiritui
3091 2509 3276 2591 gloria
3310 2517 3368 2571 et
3399 2507 3687 2588 potentia,

2043 2624 2201 2666 nunc
2225 2611 2285 2667 et
2305 2624 2568 2688 semper,
2594 2614 2652 2668 et
2677 2605 2737 2667 in
2769 2603 2988 2667 saecula
3014 2601 3397 2664 saeculorum.
3428 2599 3651 2660 Amen.

690 3191 912 3275 ΤΗΣ
985 3193 1306 3278 ΑΓΙΑΣ
1379 3194 1566 3280 ΚΑΙ
1657 3194 2197 3283 ΕΝΔΟΞΩΥ
2262 3191 3313 3281 ΜΕΓΑΛΟΜΑΡΤΥΡΩΣ

1431 3403 2553 3536 ΑΝΑΣΤΑΣΙΑΣ

963 3648 1074 3697 ΚΑΙ
1119 3649 1253 3700 ΤΩΝ
1301 3649 1505 3699 ΑΤΙΩΝ
1553 3648 1907 3701 ΜΑΡῙῪΡΩΝ
1956 3658 1991 3700 Α

2041 3651 2250 3718 ΑΠΗΣ,
2301 3650 2590 3702 EtPHNHz
2640 3642 2755 3702 ΚΑΙ
2789 3648 3063 3700 ΧιοΝιΑΣ

1703 3783 1814 3832 ΚΑΙ
1859 3785 1992 3834 ΤΩΝ
2040 3780 2294 3833 ΛΟΙΠιὶΝ
2307 3823 2322 3838 .

1589 4067 2431 4178 MARTYRIUM

527 4308 1072 4398 SANGTE
1199 4310 1351 4398 ET
1481 4309 2082 4400 INCLYTIE
2214 4309 2690 4399 MAGNIE
2803 4305 3488 4398 MART'YRIS

932 4472 2090 4678 ANASTASIAE
2211 4531 3093 4680 JUNIORIS

837 4783 932 4846 ET
1009 4781 1470 4849 SANCTARUM
1539 4781 1969 4846 MARTYRUM
2041 4782 2334 4848 AGAPES
2368 4832 2382 4858 ,
2453 4782 2722 4847 IRENES
2757 4832 2773 4864 ,
2845 4781 3184 4848 CHIONl/E

1720 4943 1826 5006 ET
1862 4942 2319 5008 SOCIARUM.

835 5107 1029 5180 (Graece
1057 5123 1122 5164 ex
1148 5104 1260 5163 cod.
1295 5120 1392 5162 ms.
1428 5104 1587 5164 Paris.
1622 5121 1674 5160 η.
1709 5104 1849 5162 1496
1881 5121 1896 5173 ;
1930 5105 2108 5162 Latine
2133 5107 2264 5176 apud
2289 5105 2496 5165 Sci-ium
2527 5106 2591 5163 ad
2620 5105 2750 5162 diem
2775 5105 2848 5164 25
2875 5103 3208 5178 Deucmbris.)

386 5321 481 5373 A’.
515 5313 843 5371 Ἀναστασία
897 5317 1159 5392 γυναικῶν
1210 5315 1243 5381 ἡ
1295 5311 1559 5379 καλλίστη
1594 5303 1808 5386 Ῥώμης
1870 5312 1993 5388 μὲνι

2135 5313 2177 5375 Ι.
2198 5313 2864 5387 Anastasia,mulierum
2882 5311 3710 5394 pulcherrima,iuclytaequi-

299 5411 405 5472 τῆς
440 5403 717 5480 περιδόξου
775 5405 958 5483 φυτὸν,
995 5405 1172 5479 γένεος
1232 5402 1286 5459 δὲ
1347 5403 1656 5481 περιφανείᾳ
1711 5403 1800 5458 καὶ
1833 5400 1965 5458 κάλ-

2050 5402 2186 5464 dem
2222 5405 2427 5466 Romae
2452 5414 2580 5466 erat
2600 5413 2733 5466 nata
2760 5425 2772 5466 ε
2800 5404 3040 5482 generis
3070 5411 3266 5465 autem
3301 5403 3626 5483 splendore
3651 5411 3710 5465 et

299 5496 390 5551 λει
437 5494 712 5571 σώματος⁷
777 5492 1011 5572 εὐγενείᾳ
1066 5515 1122 5549 τε
1178 5491 1362 5572 ψυχῆς
1420 5494 1508 5548 καὶ
1539 5491 1682 5559 ἠθῶν
1712 5493 1966 5566 εὐκοσμίᾳ

2047 5493 2318 5572 corporis
2349 5493 2813 5574 pulchritudine,
2842 5493 3133 5555 etanima)
3161 5491 3559 5572 nobilitate,et
3583 5508 3709 5552 mo-

299 5593 415 5642 τῶν
446 5591 635 5642 πασῶν
670 5583 880 5658 ἐκράτει
910 5583 996 5638 καὶ
1027 5596 1144 5646 τοῖς
1177 5583 1428 5645 ἁπάντων
1488 5579 1644 5661 ᾔδετο
1699 5580 1960 5661 χείλεσιν,

2047 5599 2179 5642 rum
2233 5583 2542 5645 honestate
2598 5591 2657 5645 et
2701 5581 3113 5644 moderatione
3142 5599 3352 5643 omnes
3406 5577 3703 5653 vincebat,

297 5673 497 5753 ἀνδρὸς
547 5675 646 5749 μὲν
709 5670 1086 5750 πρτιτεξτάτου
1135 5674 1277 5738 τινὸς
1329 5672 1563 5750 θυγάτηρ
1606 5670 1761 5751 οὖσα,
1821 5673 1963 5749 παρα

2047 5679 2105 5732 et
2137 5669 2316 5760 labris
2343 5673 2609 5734 omnium
2657 5672 3001 5734 cauebatur.
3057 5671 3131 5733 Et
3158 5679 3287 5760 erat
3314 5667 3559 5749 quidem
3593 5685 3701 5730 cu-

296 5787 409 5825 τινι
455 5761 512 5822 δὲ
540 5761 687 5846 ἀνδρὶ
734 5758 1053 5846 Χρυσογόνῳ
1081 5762 1312 5842 τοῦνομα
1356 5763 1419 5819 τὰ
1469 5764 1588 5820 θεῖα
1620 5769 1768 5844 σοφῷ
1821 5784 1960 5819 παι-

2040 5758 2280 5842 jusdam
2312 5760 2422 5825 viri
2449 5760 2775 5844 praetextati
2808 5760 2929 5824 filia
2958 5778 3025 5825 :a
3051 5759 3308 5842 quodam
3333 5765 3556 5834 autem,
3582 5773 3698 5818 no-
