4148 6410
432 346 550 419 575
1748 350 2029 417 MENSIS

2149 351 2492 418 BCEMBER.
3690 362 3809 433 576

430 485 593 551 mine
620 484 1024 569 Chrysogono,
1074 483 1270 548 fuitin
1319 483 1502 550 rebus
1531 484 1744 549 divinis
1770 484 2061 564 instituta,

2153 484 2416 572 δευθεῖσα,
2478 490 2535 554 ὅς
2596 491 2681 550 καί
2740 492 3024 573 μαρτυρίου
3101 494 3344 576 στεφάνῳ
3402 494 3503 566 τὴν
3561 497 3804 577 κεφαλὴν

429 577 525 640 cui
550 577 724 640 etiam
753 578 854 638 fuit
882 584 1083 658 postea
1105 583 1640 658 caputcoronatum
1666 595 1882 638 corona
1911 594 2061 638 mar-

2155 577 2371 668 iiatzpov
2415 580 2738 657 ἐκόσμησεν,
2798 584 2977 662 ὥσπερ
3019 581 3119 665 ἄρα
3162 587 3250 643 καὶ
3307 589 3512 666 προϊὼν
3565 587 3598 646 ὅ
3642 588 3803 668 λόγος

425 669 583 750 tyrii,
617 667 769 729 sicut
794 666 972 729 etiam
1001 666 1334 748 procedens
1357 664 1685 727 declarabit
1714 665 2061 747 oratio,cum

2156 667 2408 752 δηλώσει,
2461 672 2845 742 Διοκλητιανοῦ
2887 675 3008 733 τότε
3058 664 3164 735 τοῦ
3220 664 3500 743 δυσσεϐοῦς
3546 679 3613 735 τὰ
3671 664 3798 738 Ῥω-

434 757 657 838 impius
674 755 1076 821 Diocletianus
1100 756 1370 818 Romana
1391 762 1631 836 sceptra
1650 760 1790 816 tunc
1816 762 2069 819 teneret.

496 847 549 911 II
559 848 728 911 .Cum
746 864 883 926 ergo
900 845 1054 926 apud
1075 844 1518 926 Chrysogonum
1538 845 1849 907 Anastasia
1863 845 2068 907 falsam

423 937 731 1018 gentilium
796 935 1136 1015 Opinionem
1179 934 1375 997 verbis
1428 934 1746 997 luculentis
1802 934 2065 1018 eluisset,

426 1045 554 1088 eum
581 1030 675 1100 qui
703 1044 831 1086 vere
855 1029 1235 1099 εειῡυυεψτο
1255 1028 1320 1084 iis
1340 1030 1435 1097 qui
1460 1028 2067 1101 viderunt.cognoscit.

422 1109 493 1173 Et
523 1131 680 1174 nunc
712 1111 953 1194 quidem
981 1131 1099 1174 non
1130 1111 1322 1175 libere
1356 1113 1670 1193 proﬁtetur
1704 1113 2010 1193 pietatem,
2037 1133 2069 1175 a

421 1210 587 1283 patre
614 1219 761 1264 vero
793 1204 883 1265 vel
934 1202 1114 1263 invita
1173 1203 1232 1263 in
1291 1202 1742 1264 matrimonium
1777 1202 1914 1265 data
1939 1204 2068 1265 viro

416 1291 643 1373 gentili,
675 1294 917 1355 nomine
951 1291 1185 1367 Publio,
1243 1300 1521 1365 conante,
1572 1300 1634 1354 ut
1669 1291 1911 1369 dicitur,
1949 1294 2066 1355 mi-

419 1400 591 1445 scere
622 1400 691 1445 ea
721 1401 853 1465 quae
879 1382 1119 1444 misceri
1153 1390 1480 1465 nequeunt,
1531 1382 1632 1444 illa
1680 1381 1892 1462 partim
1926 1384 2066 1464 qui-

421 1471 557 1534 dem
592 1472 838 1534 omnino
871 1472 986 1534 sibi
1038 1471 1344 1534 vindicans
1395 1471 1815 1551 virginitatem,
1852 1473 2065 1553 partim

419 1568 617 1624 autem
642 1560 973 1623 abhorrens
994 1563 1122 1637 ejus
1150 1561 1523 1640 religionem,
1559 1579 1634 1623 ne
1665 1579 1800 1623 cum
1826 1580 1896 1623 eo
1928 1562 2063 1643 qui-

421 1650 557 1714 dem
585 1652 827 1713 omnino
851 1651 1191 1713 cohabitare
1214 1650 1273 1712 in
1297 1652 1559 1712 animum
1580 1649 1836 1725 induxit,
1862 1652 1966 1712 sed
2004 1661 2067 1713 ut

417 1758 568 1822 pura
598 1740 672 1802 ad
704 1741 1003 1805 Christum
1041 1740 1379 1814 accederet,
1435 1749 1492 1801 et
1544 1739 1769 1801 nullum
1807 1759 1875 1802 ex
1935 1740 2065 1822 ejus

2156 761 2324 833 μαίων
2359 766 2606 841 σκῆπτρα
2635 762 2929 829 διέποντος,

2236 848 2316 914 Β’,
2365 854 2513 931 Παρὰ
2546 855 2861 931 Χρυσογόνῳ
2915 857 3090 912 τοίνυν
3143 856 3464 914 Ἀναστασία
3496 857 3593 927 τὴν
3623 857 3799 930 ἁλμυ-

2153 940 2253 1016 ρὰν
2311 945 2416 996 τῶν
2476 932 2748 1014 Ἐλλήνων
2808 942 2957 1009 δόξαν
3018 946 3263 1020 ποτίμοις
3294 945 3527 1022 ῥήμασιν
3556 947 3799 1005 ἀποκλυ-

2154 1027 2362 1104 σαμένη
2419 1032 2511 1086 τὸν
2555 1030 2717 1098 ὅντως
2780 1029 2904 1090 ὄντα
2968 1035 3096 1091 Θεὸν
3163 1034 3276 1091 ἀντὶ
3345 1041 3449 1091 τῶν
3507 1033 3797 1094 δοκούντων

2153 1115 2513 1198 ἐπιγινώσκει,
2575 1122 2671 1178 Καὶ
2715 1128 2805 1178 νῦν
2851 1124 2949 1197 μὲν
2997 1126 3057 1181 οὗ
3088 1123 3501 1203 παρρησιάζεται
3550 1125 3649 1182 τὶν
3709 1130 3801 1185 εὒο

2153 1206 2382 1282 σέὅειαν,
2420 1210 2560 1289 παρα
2590 1208 2641 1267 δὲ
2700 1219 2795 1269 τοῦ
2851 1215 3049 1291 πατρὸς
3079 1214 3175 1270 καί
3210 1214 3405 1271 Ξίκουσα
3442 1217 3573 1291 πρὸς
3629 1216 3803 1294 γάμον

2152 1293 2292 1371 ἀνδρὶ
2327 1295 2552 1366 ’Έλληνι
2586 1297 2886 1375 ἐκδοθεῖσα,
2955 1299 3169 1376 Ποπλίῳ
3218 1301 3473 1379 τοῦνομα,
3522 1293 3801 1382 πειρωμέ-

2152 1408 2239 1443 νου
2292 1388 2562 1466 μιγνύειν,
2594 1391 2655 1447 τὸ
2686 1393 2779 1447 τοῦ
2810 1390 2996 1470 λόγου,
3044 1392 3110 1450 τὰ
3169 1389 3393 1468 ἄμικτα,
3431 1393 3608 1461 ἐκείνη
3651 1404 3805 1454 τοῦτο

2151 1476 2248 1551 μὲν
2279 1477 2374 1545 τὴν
2402 1481 2682 1557 παρθενίαν
2734 1484 2852 1555 περὶ
2906 1483 3102 1544 παντὸς
3154 1483 3474 1557 ποιουμένη,
3536 1490 3689 1540 τοῦτο
3748 1482 3801 1540 δὲ

2154 1567 2241 1621 καὶ
2297 1568 2394 1634 τὴν
2446 1572 2603 1627 αυτοῦ
2659 1571 2940 1647 θρησκείαν
3020 1569 3163 1646 μά)α
3239 1572 3641 1652 μυσαττομένη,
3693 1570 3801 1630 οὔδ’

2151 1654 2287 1721 ὅλως
2331 1656 2473 1732 αὒτῷ
2532 1674 2798 1715 συνοικεῖν
2828 1661 3036 1738 ἠγάπα,
3085 1660 3223 1717 ἀλλὰ
3279 1662 3339 1717 τὸ
3394 1662 3594 1740 καθαρὰ
3630 1684 3802 1741 προσ-

2148 1742 2323 1803 ελθεῖν
2378 1752 2588 1825 Χριστῷ
2645 1750 2730 1805 καὶ
2792 1746 2929 1823 μηδέ
3001 1753 3125 1825 μίαν
3188 1751 3293 1806 τῶν
3350 1750 3580 1807 ἐντολῶν
3640 1753 3802 1809 αὑτοῦ

419 1830 735 1911 praeceptis
766 1830 1125 1912 despiceret,
1159 1829 1260 1891 diu
1308 1837 1605 1912 noctuque
1637 1829 1954 1904 meditans,
1991 1831 2061 1893 ad

2150 1834 2414 1917 παριδεῖν,
2471 1845 2624 1895 τοῦτο
2687 1837 2965 1913 μελετῶσα
3027 1841 3087 1896 νύ
3107 1862 3186 1896 tu
3260 1842 3347 1897 καὶ
3415 1841 3533 1916 μεθ’
3600 1841 3802 1919 ἡμέραν

417 1939 550 1982 eum
581 1939 818 1981 omnem
854 1920 1073 1983 direxit
1104 1920 1797 1999 cogitationem.Vestem
1821 1920 2061 2001 quidem

419 2017 581 2072 certe
611 2028 769 2092 saepe
803 2017 1058 2085 mutans,
1095 2018 1152 2071 et
1184 2008 1283 2071 vili
1338 2028 1445 2090 pro
1503 2008 1819 2090 splendida
1849 2028 1915 2070 se
1966 2009 2064 2072 in-

416 2098 702 2172 duens,et
732 2117 793 2162 se
826 2098 1025 2162 habitu
1060 2098 1497 2181 quodammodo
1523 2098 1745 2174 celans,
1783 2117 1899 2160 una
1931 2118 2062 2161 eam

415 2196 705 2272 sequente
736 2189 973 2270 ancilla,
1007 2207 1219 2251 omnes
1249 2188 1455 2250 obibat
1483 2206 1780 2268 carceres,
1814 2197 1870 2248 et
1895 2208 1926 2250 a
1959 2208 2062 2251 cu-

417 2279 691 2343 stodibus
715 2296 921 2341 emens
946 2279 1278 2359 ingressum
1316 2277 1603 2358 pecuniis,
1632 2295 1732 2339 eos
1755 2278 1857 2359 qui
1880 2279 1939 2340 in
1975 2280 2060 2341 eis

416 2387 523 2451 pro
555 2370 788 2433 Christo
820 2379 990 2432 erant
1022 2369 1262 2445 inclusi,
1288 2377 1347 2429 et
1377 2386 1630 2449 corpore
1663 2376 1906 2449 propter
1937 2377 2057 2431 tor-

425 2466 625 2521 menta
650 2460 801 2521 male
825 2459 1225 2540 erantaﬂ‘ecti,
1257 2478 1391 2521 cum
1423 2467 1640 2540 quanta
1671 2458 1858 2537 potuit
1889 2477 2060 2520 reve-

423 2550 618 2611 rentia
642 2550 957 2613 ethonore
1016 2548 1283 2628 curabat,
1339 2547 1523 2629 pedes
1581 2546 1802 2627 lavaris,
1854 2567 2065 2611 manus

427 2638 698 2715 abluens,
725 2658 955 2702 comam
988 2639 1311 2717 sordidam,
1346 2636 1535 2719 quoad
1571 2637 1702 2717 ejus
1731 2635 1859 2697 ﬁeri
1895 2646 2065 2717 pote-

423 2738 536 2805 rat,
571 2748 937 2812 expurgans,
972 2729 1199 2812 etquod
1231 2728 1486 2810 pilorum
1512 2735 1639 2789 erat
1674 2728 2066 2807 superﬂuum,

420 2819 715 2901 prolixum
742 2831 935 2883 auten
970 2829 1095 2882 erat
1119 2829 1359 2901 propter
1382 2819 1616 2897 longam
1643 2816 1701 2877 in
1726 2834 1969 2878 carcere
1987 2822 2069 2878 in-

423 2910 779 2995 clusiouem,
800 2913 1063 2974 officiose
1086 2906 1718 2990 tondens,sanguinem
1744 2906 2063 2985 diligenter

416 2998 1068 3081 abstergebat,vulnera
1099 3000 1421 3063 muu'labat
1447 3018 1460 3061 :
1487 2996 1710 3059 deinde
1732 2999 1911 3060 etiam
1936 2997 2064 3058 alli-

418 3109 567 3171 gans
602 3092 823 3173 linteis,
859 3103 918 3158 et
961 3092 1182 3156 sanctis
1231 3087 1605 3171 amplexibus
1659 3106 1830 3149 suum
1870 3086 1929 3149 in
1962 3106 2065 3150 eos

416 3199 682 3245 amorem
718 3184 1013 3252 indicans,
1040 3194 1096 3245 et
1127 3181 1412 3244 alimenta
1432 3178 1759 3259 unicuique
1785 3179 2065 3256 [metens

418 3274 782 3356 necessaria,
815 3275 897 3336 sic
934 3272 1148 3337 exibat.

501 3361 747 3426 lILHaec
764 3384 832 3425 cu
845 3384 898 3425 m
918 3365 1128 3425 fierent
1144 3357 1693 3440 assidue,quoniam
1710 3357 1896 3419 virum
1924 3357 2066 3420 late-

418 3469 486 3513 re
516 3472 634 3514 non
659 3455 870 3535 potuit,
896 3452 1165 3515 resciscit
1186 3451 1362 3513 etiam
1396 3448 1645 3511 Publius
1676 3468 1689 3509 :
1716 3457 1775 3510 et
1796 3447 2064 3529 protinus

419 3541 591 3603 multi
622 3553 759 3604 sunt
788 3542 1039 3606 adhibiti
1098 3542 1373 3604 custodes
1420 3540 1770 3611 Anastasiaz,
1806 3540 1907 3618 qui
1943 3557 2059 3599 non

415 3631 691 3694 sinebant
724 3652 856 3695 eam
890 3634 1067 3695 domo
1095 3630 1321 3712 egredi,
1357 3646 1551 3710 neque
1581 3627 1766 3690 ullum
1795 3627 1867 3689 ad
1924 3644 2053 3689 eam

419 3719 653 3801 ingredi
687 3742 755 3785 ex
789 3723 862 3785 iis
892 3724 1017 3805 qui,
1047 3730 1108 3784 ut
1138 3721 1221 3784 illi
1247 3720 1751 3792 dicebant,mores
1778 3716 2053 3779 videban-

416 3817 513 3873 tur
535 3831 945 3895 corrumpere,
980 3820 1039 3876 et
1090 3819 1361 3893 poterant
1418 3811 1472 3872 ei
1508 3808 1892 3891 persuadere,
1926 3815 1990 3869 ut
2021 3826 2055 3870 a

412 3898 606 3963 Publii
663 3902 989 3966 abstineret
1042 3900 1495 3966 consuetudine.
1548 3899 1713 3962 Illam
1764 3907 1960 3960 autem
1995 3904 2055 3959 et

413 3989 527 4053 hoc
549 3993 787 4072 quidem
822 3993 977 4057 male
1008 3991 1287 4072 habebat,
1320 3991 1478 4069 quod
1512 3988 1660 4052 alios
1713 4006 1923 4050 omnes
1956 3992 2058 4068 qui

414 4087 588 4144 antea
645 4082 718 4144 ab
778 4084 902 4165 ipsa
927 4083 1309 4159 curabantur,
1370 4100 1564 4163 neque
1596 4087 1798 4161 posset
1829 4077 2056 4158 videre,

412 4187 528 4233 nec
556 4173 633 4234 ab
691 4173 840 4255 ipsis
897 4174 1085 4239 videri
1121 4195 1133 4238 :
1190 4172 1349 4257 quod
1404 4190 1541 4234 vero
1576 4170 1709 4251 plus
1740 4186 1913 4249 quam
1947 4166 2063 4228 alia

2149 1927 2278 2004 πρὸς
2340 1926 2479 2002 αύτῷ
2540 1933 2713 1984 πᾶσαν
2770 1928 3036 1995 ἀπηύθυνε
3096 1931 3194 1997 τὴν
3264 1928 3523 1993 διάνοιαν,
3584 1928 3802 2007 Ἀμέλει

2146 2017 2232 2072 καὶ
2290 2016 2387 2084 τὴν
2450 2017 2647 2084 ἐσθῆτα
2723 2018 2987 2084 πολλάκις
3076 2018 3367 2096 ἀμείϐουσα
3445 2022 3533 2077 καὶ
3593 2020 3807 2100 φαύλην

2148 2104 2269 2161 ἀντί
2330 2110 2428 2173 τῆς
2484 2105 2734 2186 λαμπρᾶς
2799 2106 3261 2187 περιϐαλλομένη,
3318 2110 3405 2167 καὶ
3463 2112 3537 2174 ὡς
3569 2110 3687 2166 οἷόν
3746 2131 3806 2167 τε

2146 2196 2445 2274 κρύπτουσα
2476 2198 2669 2266 ἑαυτὴν
2702 2198 2762 2255 ὲκ
2791 2201 2883 2255 τοῦ
2938 2198 3247 2280 σχήματος,
3294 2206 3420 2276 μιᾶς
3468 2198 3805 2279 ἐπεφυμένῆς

2142 2284 2507 2364 θεραπαινίδας
2542 2333 2556 2359 ,
2623 2288 2798 2352 πάσας
2860 2311 2918 2346 τε
2975 2290 3071 2352 τὰς
3158 2288 3394 2368 φυλακὰς
3448 2290 3658 2368 τεριῄει
3714 2290 3806 2346 καὶ

2146 2375 2419 2456 χρήμασιν
2480 2375 2584 2433 ἀπὸ
2641 2384 2745 2434 τῶν
2788 2376 3039 2458 φυλάκων
3096 2382 3198 2447 τὴν
3258 2377 3480 2436 εἴσοδον
3524 2378 3805 2446 ὠνουμένη

2145 2468 2265 2532 τοὺς
2305 2466 2359 2522 ἐν
2407 2468 2593 2531 αὗταῖς
2637 2469 2767 2543 ὑπὲρ
2827 2476 3049 2547 Χριστοῦ
3092 2469 3504 2550 καθειρχθέντας
3556 2470 3641 2526 καὶ
3695 2470 3803 2546 βα-

2151 2557 2332 2621 σάνοις
2386 2557 2448 2613 τὶ,
2509 2564 2666 2627 σῶμα
2720 2560 2967 2636 πονήρως
3020 2558 3278 2639 ἔχοντας,
3314 2556 3431 2634 μεθ’
3462 2557 3594 2626 ὅσης
3627 2557 3802 2621 αἰδοῦς

2152 2646 2429 2726 ἐθεράπευε
2484 2647 2572 2703 καὶ
2614 2652 2800 2727 τιμῆς,
2861 2646 3025 2711 πόδας
3084 2649 3376 2727 ῥύπτουσα,
3414 2661 3606 2728 χεῖρας
3637 2647 3803 2707 εὖλα-

2153 2734 2259 2799 ϐὡς
2293 2737 2675 2808 ἀπονίπτουσα,
2721 2739 2896 2811 κόμην
2932 2738 3177 2815 ῥυπῶσαν
3221 2740 3294 2800 ὡς
3349 2738 3472 2795 οἷόν
3522 2759 3581 2794 τε
3611 2735 3804 2795 διακα-

2151 2826 2420 2903 θαίρουσα,
2468 2827 2555 2884 καὶ
2590 2832 2697 2882 τῶν
2738 2829 2949 2907 τριχῶν
2980 2827 3038 2884 τὸ
3087 2825 3352 2906 παρίλκον
3382 2825 3511 2905 ὅπερ
3555 2829 3582 2882 ὁ
3639 2826 3805 2893 πολὺς

2146 2920 2243 2982 τῆς
2301 2914 2609 2994 καθείρξεως
2639 2916 2869 2992 ἐμῆκυνε
2922 2919 3123 2997 χρόνος
3182 2921 3577 2996 θεραπευτικῶς
3635 2938 3795 2995 περι-

2148 3006 2392 3083 κείρουσα
2450 3004 2761 3078 ἆπέκλυζεν,
2796 3006 2920 3063 εἶτα
2975 3009 3064 3063 καὶ
3120 3009 3339 3073 ὀθονίοις
3383 3005 3794 3081 γαταδεσμοῦσα

2147 3096 2236 3151 καὶ
2291 3095 2602 3171 ἀσπασμοῖς
2648 3096 2817 3174 ἁγίοις
2869 3096 2929 3150 τὸ
2968 3097 3097 3173 πρὸς
3144 3097 3334 3160 αὖτοὺς
3394 3092 3799 3169 ἐπιδεικνυμένη

2087 3183 2401 3279 (Ξιρίλτρον,⁸
2437 3184 2633 3279 τροςράς
2678 3206 2739 3241 τε
2778 3186 2873 3279 τας
2931 3183 3259 3252 ἐπιτηδείους
3303 3182 3514 3257 ἑκάστῳ
3548 3202 3796 3261 παρεχο-

2155 3274 2318 3353 μένη,
2345 3273 2511 3336 οὕτως
2544 3274 2747 3330 ἐκεῖθεν
2780 3272 2943 3349 ἐξῄει.

2233 3362 2320 3423 Γ¹.
2384 3371 2559 3422 Ταῦτα
2619 3369 2860 3443 συνεχῶς
2917 3362 3195 3441 γινόμενα,
3256 3361 3369 3419 ἐπεὶ
3421 3364 3500 3436 μὴ
3546 3366 3674 3441 εἶχε
3709 3360 3799 3416 τὶν

2150 3451 2308 3531 ἄνδρα
2378 3455 2602 3534 λαθεῖν,
2661 3454 2913 3528 μανθάνει
2973 3455 3061 3509 καὶ
3136 3450 3397 3527 Πόπλιος,
3460 3453 3551 3509 καὶ
3616 3451 3801 3508 αὖτίκα

2146 3543 2343 3623 φύλακε
2402 3543 2538 3611 ἦσαν
2596 3544 2915 3617 Ἀνκστκσίᾳ
2972 3543 3180 3623 συχνοὶ,
3254 3539 3385 3616 μήτ’
3433 3541 3599 3609 αδτὴν
3658 3538 3797 3605 ἐξιέ-

2140 3656 2223 3690 ναι
2281 3638 2381 3701 τῆς
2426 3635 2590 3697 οἰκίας
2620 3635 2839 3715 ἐῶντες,
2884 3634 3021 3708 μήτε
3052 3633 3159 3705 μὴν
3190 3631 3314 3711 παρ’
3348 3632 3510 3701 αὒτὴν
3543 3630 3784 3709 εἰσιέναι,

2138 3724 2256 3780 τινὰ
2308 3730 2414 3780 τῶν
2468 3722 2588 3781 κατ’
2647 3724 2880 3788 ἐκείνους
2937 3724 3316 3803 παραφθείρειν
3394 3723 3456 3778 τὸ
3513 3722 3641 3789 ἦθος
3697 3718 3793 3776 δο-

2138 3815 2368 3871 κούντων
2426 3815 2514 3871 καὶ
2557 3812 2866 3891 δυναμένων
2929 3815 3093 3875 αὐτὴν
3139 3812 3336 3869 πείθειν
3383 3811 3479 3878 τῆς
3535 3820 3628 3869 τοῦ
3686 3816 3798 3865 Πο-

2141 3903 2295 3961 πλίου
2348 3902 2640 3984 ἀπέχεσθαι
2698 3905 2996 3964 συνοικίας,
3059 3902 3167 3967 Τὴν
3220 3898 3274 3954 δὲ
3328 3899 3418 3954 καὶ
3490 3906 3648 3954 τοῦτο
3695 3898 3796 3972 μὲν

2144 3992 2348 4074 ἐλύπει,
2380 3994 2440 4049 τὸ
2496 3994 2619 4057 τούς
2662 3991 2853 4050 ἄλλους
2902 3990 3144 4049 ἅπαντας
3184 3987 3305 4049 τοὺς
3358 3985 3460 4062 πρὸ
3517 3994 3611 4043 τοῦ
3667 3986 3796 4064 παρ’

2146 4070 2820 4162 αὒτῆςνθεραπευομένους
2865 4075 2992 4151 μήθ’
3052 4077 3177 4151 ὁρᾷν
3226 4072 3301 4130 ἔτι
3362 4070 3606 4131 δύνασθαι
3666 4075 3797 4150 μήθ’

2144 4171 2231 4228 ὑπ’
2276 4171 2491 4227 ἐκείνων
2540 4170 2750 4246 δρᾶσθαι
2781 4184 2796 4199 ⁸
2834 4167 2863 4222 ὃ
2892 4164 2947 4220 δὲ
2991 4164 3169 4221 πλέων
3220 4169 3326 4220 τῶν
3358 4162 3534 4220 ἄλλων
3560 4164 3680 4231 ἠνία
3710 4165 3798 4221 καὶ

414 4277 545 4324 eam
576 4252 907 4345 cruciabat,
932 4275 985 4328 et
1016 4252 1275 4327 medium
1311 4264 1439 4342 ejus
1470 4279 1572 4323 cor
1605 4257 1903 4339 tangebat,
1936 4263 2061 4345 erat

2149 4260 2319 4337 μέσης
2384 4263 2549 4324 αὐτῆς
2607 4257 2809 4323 ἥπτετο
2861 4258 2959 4325 τῆς
3023 4253 3234 4332 καρδίας
3291 4256 3319 4310 ὁ
3377 4253 3692 4331 καθηγητὴς
3731 4252 3796 4321 ἦν

412 4362 746 4434 praeceptor
776 4342 1191 4437 Chrysogonus
1220 4374 1236 4427 ;
1296 4350 1399 4432 qui
1452 4368 1587 4412 cum
1621 4346 1860 4408 duobus
1889 4344 2061 4437 annis

2149 4349 2505 4425 Χρυσόγονος,
2555 4348 2612 4410 ὃς
2657 4343 2724 4401 δι’
2785 4343 2926 4402 ὅλων
2983 4344 3117 4401 ἐτῶν
3173 4342 3260 4401 δύο
3302 4342 3508 4408 πολλὰς
3550 4344 3640 4399 καὶ
3691 4345 3793 4419 βα-

412 4432 664 4522 integris
698 4444 881 4505 multa
900 4432 967 4505 vet
997 4432 1157 4504 varia
1176 4459 1283 4522 pro
1307 4438 1543 4503 Christo
1566 4442 1864 4522 tormenta
1879 4432 2061 4522 susti-

2149 4438 2287 4516 ρείσς
2343 4436 2473 4512 ὑπὲρ
2536 4443 2765 4515 Χριστοῦ
2820 4435 3083 4513 βασένους
3145 4435 3472 4512 ὕπενεγκὼν,
3532 4433 3659 4489 ε’ίτα
3708 4434 3797 4490 καὶ

415 4520 667 4611 nuisset,
702 4530 1003 4594 habitabat
1049 4532 1106 4591 in
1140 4520 1406 4608 carcere,
1439 4526 1518 4588 ita
1541 4523 1794 4603 jubente
1823 4520 2061 4581 Diocle-

2149 4525 2514 4601 δεσμωτήριον
2543 4528 2697 4606 ᾣκει,
2749 4525 2887 4584 οὕτω
2946 4524 3333 4593 Διοκλητιανοῦ
3375 4521 3791 4599 προστάξαντος.

412 4619 596 4682 tiano.
632 4590 718 4682 Ᾰά
753 4638 889 4682 eum
943 4619 1181 4696 crebro,
1215 4590 1452 4697 quando
1499 4590 1564 4676 in
1591 4631 1697 4674 sua
1730 4618 1854 4671 erat
1889 4618 2060 4690 pote-

2149 4616 2296 4695 Παρὰ
2353 4622 2540 4673 τοῦτον
2595 4617 2684 4673 καὶ
2740 4617 2805 4675 τὰ
2856 4614 3056 4690 πολλὰ,
3115 4614 3205 4671 ὅτε
3266 4615 3352 4671 καὶ
3398 4613 3464 4681 ἧν
3530 4612 3663 4689 αὒτῇ
3708 4610 3794 4669 ἐπ’

410 4718 590 4783 state,
652 4707 990 4771 ventitabat.
1056 4706 1222 4769 Tunc
1279 4713 1475 4767 autem
1524 4700 1886 4785 prohibita,
1953 4719 2060 4781 per

2149 4706 2400 4787 ἐξουσίας,
2460 4706 2664 4788 ἐφοίτα.
2713 4708 2844 4765 Τότε
2889 4705 2944 4763 δὲ
3001 4703 3285 4785 είργομένη
3335 4701 3422 4762 διά
3465 4724 3617 4767 τινος
3652 4706 3796 4776 αὐτῷ

410 4798 725 4881 quamdam
750 4816 927 4860 auum
953 4797 1007 4860 ei
1029 4795 1328 4874 signiﬁcat
1358 4812 1427 4856 ea
1459 4812 1591 4875 quin
1624 4798 1966 4865 evenerant,
2000 4801 2060 4853 et

2149 4797 2303 4875 γραὸς
2349 4797 2414 4852 τά
2464 4818 2519 4851 τε
2566 4792 2837 4871 συμϐάντα
2893 4796 3130 4875 γνωρίζει
3190 4797 3283 4849 καί
3341 4794 3472 4871 πρὸς
3520 4798 3619 4858 τὴν
3667 4790 3798 4868 ὑπὲρ

408 4879 513 4966 per
542 4907 666 4949 eam
690 4900 853 4965 rogat
873 4901 935 4949 ut
958 4907 1060 4964 pro
1078 4893 1198 4964 ipsa
1220 4895 1480 4962 precetur
1511 4909 1524 4951 ;
1550 4888 1897 4959 precationis
1923 4902 2055 4943 vero

2149 4885 2303 4954 ιύτῆς
2337 4886 2504 4966 εὐχὴν
2537 4883 2620 4942 διὰ
2659 4886 2854 4953 ταύτης
2908 4885 3055 4952 ἠξίου
3087 4904 3103 4920 ο
3139 4881 3425 4964 κεφάλαιον
3467 4879 3522 4936 δὲ
3568 4880 3794 4938 τίθεσθαι

412 4978 541 5039 haec
564 4977 637 5038 sit
658 4985 982 5045 summa,ut
1011 4975 1084 5038 ab
1107 4976 1289 5055 impio
1313 4972 1552 5055 quidem
1587 4972 1794 5033 evadat
1821 4970 2054 5052 Publio,

413 5074 767 5147 assequatur
821 5074 1019 5129 autem
1072 5063 1602 5146 opportunitatem,
1654 5071 1718 5124 ut
1757 5062 1914 5142 quod
1947 5062 2055 5123 ba-

412 5156 513 5219 bet
542 5156 601 5216 in
630 5161 831 5218 animo
863 5156 1116 5217 deducat
1157 5154 1229 5217 ad
1277 5153 1578 5228 effectum,
1613 5159 1671 5213 et
1718 5160 2058 5231 perseveret

2136 4982 2236 5043 τῆς
2295 4976 2486 5056 εὒχῆς,
2559 4975 2821 5035 Πουπλίου
2885 4976 2984 5050 μὲν
3042 4980 3136 5030 τοῦ
3179 4968 3458 5035 δυσσεϐοῦς
3513 4970 3793 5051 ἐκφυγεῖν,

2138 5072 2322 5140 καιροῦ
2353 5064 2407 5122 δὲ
2434 5078 2625 5145 τυχεῖν
2679 5066 2742 5122 τά
2790 5086 2845 5121 τε
2905 5064 3044 5121 κατὰ.
3099 5062 3323 5140 γνώμην
3355 5062 3427 5122 εἷς
3460 5060 3623 5141 πέρας
3655 5060 3795 5139 ἀγα-

2138 5167 2255 5234 γεῖν
2320 5158 2406 5212 καὶ
2461 5157 2584 5218 τοὺς
2628 5167 2747 5218 τοῖς
2793 5165 3138 5231 μαρτυρικοῖς
3196 5151 3489 5229 τραύμασιν
3549 5153 3792 5229 ὡραϊζοσ·

2139 5244 2322 5321 μένους
2370 5247 2443 5307 ὼς
2488 5244 2607 5301 οἷόν
2666 5264 2723 5299 τε
2779 5242 3168 5321 θεραπεύουσαν
3224 5238 3522 5315 διαμεῖναι,
3558 5242 3617 5298 οὒ
3680 5239 3792 5315 μὴν

411 5264 622 5309 curare
644 5264 747 5307 eos
786 5245 885 5326 qui
919 5244 1259 5324 martyricis
1289 5244 1653 5305 decorentur
1683 5240 2050 5315 vulneribus,

2136 5333 2273 5391 ἄλλα
2325 5336 2412 5391 καὶ
2472 5333 2636 5400 αὒτὴν
2665 5334 2722 5387 ἓν
2753 5331 3063 5407 ἀμεταθέτνμ
3119 5335 3215 5391 τῆς
3277 5326 3543 5395 εὒσεϐείας
3606 5334 3793 5400 σκοπῷ

409 5335 601 5417 quoad
634 5336 763 5416 ejus
795 5335 919 5397 linri
952 5336 1207 5416 poterit;
1235 5336 1376 5417 quin
1411 5336 1585 5394 etiam
1630 5342 1693 5393 ut
1716 5330 1845 5411 ipsa
1868 5329 2051 5391 vitam

409 5426 577 5489 ﬁniat
620 5427 677 5487 iu
731 5426 964 5507 pietatis
994 5444 1174 5502 εεορο
1208 5421 1564 5486 immutabili
1623 5420 1763 5483 [Iure
1803 5439 1935 5481 cum
1970 5421 2055 5481 si-

2149 5428 2237 5491 τὴν
2261 5424 2404 5495 ζωὴν
2434 5422 2755 5499 καταλῦσαί.
2793 5426 2968 5479 Ταῦτα
3026 5426 3102 5494 τῷ
3136 5419 3453 5499 Χρυσογόνιμ
3498 5420 3792 5494 σημήνασα

409 5506 748 5598 gniﬁcasset
779 5514 1182 5597 Chrysogono,
1212 5523 1511 5596 postremo
1545 5514 1720 5572 etiam
1755 5511 1828 5571 de
1862 5510 2057 5571 mariti

2149 5513 2447 5571 τελευταῖον
2482 5514 2568 5569 καὶ
2628 5513 2722 5579 τὴν
2783 5518 2872 5568 τοῦ
2927 5508 3113 5590 ἀνδρὸς
3171 5506 3478 5585 ἀποδημίαν
3528 5511 3790 5588 γνωρίζει,

412 5596 782 5689 profectione
840 5596 974 5669 eum
1036 5605 1233 5668 reddit
1261 5602 1862 5693 certioremaFuerat
1893 5601 2053 5662 enim

2149 5604 2438 5683 Ἐτύγχανε
2473 5602 2572 5681 γὰρ
2604 5600 2722 5657 κατ’
2774 5598 2953 5657 ἐκεῖνο
3005 5622 3189 5680 καιρου
3236 5598 3504 5693 Πούπλιος
3566 5596 3794 5677 πρέσϐυς

414 5687 514 5765 ilio
536 5704 807 5789 tempore
838 5695 1082 5765 Publius
1107 5694 1321 5763 missus
1343 5695 1569 5776 legatus
1595 5690 1667 5755 ab
1686 5691 2056 5777 imperatore

2149 5697 2205 5752 ὲκ
2248 5690 2514 5772 βασιλέως
2548 5692 2678 5768 πρὸς
2712 5689 2915 5775 Πέρσας
2964 5688 3306 5755 ἀποσταλείς.
3353 5687 3417 5751 ’Ἀ
3476 5690 3562 5749 καὶ
3612 5687 3795 5768 μαθὼν
