4148 6424
253 353 393 426 5'77
1135 361 1606 431 MARTYRIUM
1651 367 1712 432 S.
1760 355 2209 432 ANASTASIzE
2251 365 2348 428 ET
2393 364 2800 428 SOCIORUM.
3546 359 3667 429 578

257 498 288 552 ὁ
349 496 692 574 Χρυσόγονος
754 497 958 578 χαίρειν
1016 502 1150 566 αὖτῆ
1201 501 1286 556 καὶ
1340 500 1406 557 τὰ
1465 501 1633 580 ἀγαθὰ
1693 524 1942 580 πραττειν

2034 500 2097 561 ad
2125 499 2508 574 Persas.Qute
2542 520 2675 563 cum
2706 499 3012 562 didicisset
3041 496 3479 580 Chrysogonus,
3498 498 3668 578 jubet

258 584 476 656 ἐδήλου
521 587 584 642 τὰ
639 609 698 643 τε
749 586 983 667 παρόατα
1034 589 1286 668 γενναίως
1332 591 1506 670 φέρειν
1556 592 1645 648 καὶ
1693 595 1824 670 πρὸς
1880 592 1942 648 τὸ

2034 609 2155 652 eam
2187 592 2450 672 gaudere
2499 599 2558 654 et
2612 590 2769 652 bona
2826 589 3046 669 facere,
3099 599 3156 650 et
3188 589 3501 669 praesentia
3533 589 3668 650 forti

262 676 485 754 μέλλον
532 677 822 735 ἀκόλουθον
877 679 1062 735 καὶτὸ
1122 680 1283 759 πέρας
1316 681 1613 762 προσδοκᾷν
1671 690 1748 756 τῷ
1777 682 1940 754 θελή-

260 791 438 844 ματι.

359 855 460 918 Δ’.
524 857 808 916 Ῥώννυται
839 859 1039 924 τούτοις
1097 857 1418 918 ’Λναστασία
1466 863 1554 918 καὶ
1597 862 1728 919 αὐτὰ
1777 869 1942 919 ταῦτα

261 951 374 1014 τῆς
439 945 640 1014 ἡδονῆς
674 945 918 1005 ἐποιεῖτο
949 948 1211 1028 πρόφασιν
1267 951 1480 1018 καὶτῆς
1533 953 1735 1028 ἀγαθῆς
1785 952 1938 1009 ἐλπί-

269 1034 371 1100 δος
435 1035 600 1115 χάριν
643 1035 678 1090 ἃ
734 1037 835 1114 πρὸ
879 1042 972 1094 το]
1017 1040 1290 1119 συμφορὰν
1335 1039 1542 1116 ἐνόμιζε
1594 1040 1692 1108 τὴν
1737 1063 1794 1098 τε
1851 1041 1943 1099 τοῦ

269 1124 477 1203 ἀνδρὸς
510 1124 768 1198 ὠμότητα
811 1128 901 1184 καὶ
951 1128 1052 1197 τὴν
1101 1127 1309 1198 πολλὴν
1357 1130 1651 1209 ἀγριότητα
1679 1137 1785 1188 τῶν
1841 1154 1937 1212 φυ-

268 1215 494 1296 λάκων,
529 1216 582 1270 o'i
636 1216 832 1281 πάντες
892 1217 991 1294 μὲν
1035 1219 1234 1295 ὁμοίως
1265 1219 1562 1291 ἀμείλικτοι
1605 1223 1692 1278 καὶ
1739 1223 1939 1302 πικροὶ,

275 1303 566 1373 Κοδίσσιος
608 1303 664 1362 δὲ
709 1306 808 1376 τήν
840 1309 1092 1388 πονηρίον
1136 1307 1552 1390 διαφορώτατος,
1585 1312 1614 1367 ’6
1659 1309 1753 1369 διαί
1797 1316 1940 1370 Που-

273 1394 430 1470 πλίῳ
473 1396 742 1474 γνώριμον
787 1398 845 1453 ὃν
899 1398 1072 1473 τούτῳ
1121 1398 1354 1476 μάλιστα
1414 1399 1762 1478 στελλόμενος
1823 1401 1942 1458 ἐνε-

275 1484 534 1565 τέλλετο,
580 1487 719 1562 μήτε
783 1488 871 1544 τὸν
937 1486 1123 1553 ἔξωθεν
1192 1496 1284 1546 τοῦ
1340 1488 1580 1567 θαλάμου
1637 1491 1763 1571 ἀέρα
1821 1494 1944 1571 ὁρᾷν

321 1576 358 1630 ’ὅ
405 1573 420 1596 ν
483 1575 498 1595 9
844 1577 858 1594 9
1079 1580 1093 1600 \
1569 1580 1584 1603 ’
1841 1580 1852 1600 ί

277 1599 318 1651 μ
351 1597 402 1646 ιτ
472 1587 751 1656 αναπνετν,
818 1597 861 1634 ει
918 1575 1159 1654 δυνατον,
1222 1577 1521 1660 ἐλευθερίως
1590 1591 1941 1654 Αναστασιαν,

276 1666 477 1721 Δέινὸν
522 1665 620 1743 γὰρ
663 1667 907 1724 ἒποιεϊτο
963 1669 1132 1736 εἷτῆς
1184 1667 1463 1745 πρεσϐείας
1506 1671 1788 1741 ἐπανήκων
1842 1675 1946 1743 ζῶν

271 1753 478 1831 ὄψοιτο
524 1756 585 1810 τὸ
641 1755 856 1834 γύναιον
911 1757 1007 1821 τὰς
1061 1759 1185 1837 πρὸς
1218 1760 1372 1816 αὑτὸν
1402 1758 1506 1828 ἤδη
1539 1763 1800 1831 συνθήκας
1830 1764 1950 1830 ἡθεο

2025 679 2225 742 animo
2261 681 2443 757 ferre,
2477 695 2537 742 et
2571 681 2631 741 in
2666 681 2929 742 futurum
2963 675 3250 741 voluntati
3281 697 3671 762 quoquecon-

2024 778 2374 834 sentaneum
2407 779 2750 852 exspectare
2778 769 3023 838 exitum.

2106 859 2204 923 IV.
2239 859 2345 923 His
2368 861 2756 923 confirmatur
2775 859 3180 936 Anastasia,et
3202 859 3328 922 haec
3350 859 3480 941 ipsa
3506 858 3671 922 duxit

2025 968 2158 1012 esse
2189 951 2390 1030 gaudii
2424 951 2824 1025 occasionem,
2859 958 2916 1012 et
2945 948 3118 1011 bonae
3149 951 3274 1030 spei
3309 949 3669 1031 principium

2027 1040 2382 1104 existimavit
2405 1058 2537 1103 esse
2560 1040 3125 1113 calamitatem,nem
3138 1057 3208 1119 pe
3231 1047 3290 1100 et
3314 1039 3512 1102 mariti
3537 1058 3669 1102 cru-

2026 1128 2351 1206 delitatem,
2405 1137 2464 1192 et
2517 1129 2762 1192 nimiam
2825 1129 3138 1192 custodum
3192 1129 3500 1192 saevitiam.
3557 1127 3672 1202 Qui

2027 1227 2196 1284 erant
2226 1219 2505 1282 similiter
2533 1218 2777 1300 quidem
2811 1238 3018 1281 omnes
3048 1217 3254 1281 acerbi
3306 1227 3362 1281 et
3419 1219 3668 1280 immiti-

2027 1308 2294 1389 gabiles:
2323 1308 2629 1373 Codissius
2651 1318 2849 1372 autem
2877 1318 3004 1371 erat
3029 1307 3343 1371 excellenti
3376 1307 3668 1389 improbi-

2031 1409 2175 1476 tate,
2208 1402 2306 1483 qui
2339 1409 2398 1462 et
2428 1409 2602 1463 notus
2647 1407 2778 1463 erat
2827 1398 3128 1474 Publio,et
3155 1398 3252 1461 cui
3285 1399 3672 1481 proﬁciscens

2028 1490 2142 1554 hoc
2174 1490 2428 1553 maxime
2457 1489 2860 1566 mandaverat,
2904 1497 2964 1551 ut
2999 1509 3110 1552 nec
3142 1499 3306 1552 extra
3343 1489 3668 1551 thalamum

2029 1579 2232 1643 videre
2262 1599 2611 1656 aerem,nec
2636 1579 2846 1656 libere,
2874 1579 2924 1641 si
2956 1578 3086 1640 fieri
3119 1587 3342 1660 posset,
3372 1579 3673 1660 reSpirare

2030 1671 2258 1733 sineret
2289 1670 2888 1734 Anastasiam.Grave
2915 1669 3071 1730 enim
3099 1668 3376 1743 ducebat,
3395 1670 3442 1731 si
3475 1686 3676 1730 rever-

2030 1767 2165 1820 tens
2195 1779 2228 1821 a
2261 1760 2573 1842 legatione,
2637 1759 2824 1820 vivam
2882 1758 3111 1820 videret
3163 1758 3504 1833 mulierem,
3543 1775 3675 1840 quae

271 1845 478 1912 τηκός.
526 1846 664 1922 Πρὸς
697 1843 752 1902 δὲ
801 1848 887 1904 καὶ
919 1845 1137 1905 πολλῶν
1166 1849 1466 1928 χρημάτων
1517 1849 1650 1926 ὁμοῦ
1678 1851 1775 1909 καί
1805 1874 1906 1918 κτη
1927 1885 1941 1896 -

2034 1849 2221 1912 foedus
2252 1870 2386 1912 cum
2448 1869 2518 1914 eo
2580 1851 2791 1912 initum
2842 1851 2967 1931 jam
3002 1848 3343 1913 violaverat.
3379 1851 3679 1911 Praeterea

273 1935 474 2010 μάτων
535 1933 688 1999 οὗτος
746 1937 968 2016 ὀφθῆναι
1044 1938 1230 2018 κύριος
1277 1937 1486 2002 εὔελπις
1545 1942 1633 2010 ἦν.
1696 1942 1941 2006 Ἐκεῖνος

273 2026 387 2101 μὲν
417 2023 507 2081 οὖν
573 2026 710 2081 κατὰ
767 2027 866 2089 τὴν
906 2023 1024 2084 ὁδὸν
1057 2027 1348 2085 ἀκόλουθον
1393 2036 1460 2106 τῇ
1490 2031 1719 2107 πονηρίᾳ
1767 2033 1944 2088 καὶτὸ

274 2114 450 2191 πέρας
489 2114 769 2201 εὑρίσκει.
855 2117 1084 2187 Θνήσκει
1165 2119 1265 2197 γὰρ
1335 2118 1556 2194 κινδύνῳ
1626 2119 1942 2201 διαφθαρεὶς,

275 2203 421 2276 ἅπερ
479 2199 676 2269 ἤλπισε
723 2201 846 2283 δρᾷν
916 2207 1072 2270 αὐτὸς
1123 2209 1376 2287 πρότερον
1430 2210 1521 2264 σὺν
1579 2207 1696 2288 δίκῃ
1727 2199 1942 2284 παθὼν,

275 2296 372 2350 καὶ
403 2292 629 2373 χηρείας
688 2291 1006 2368 Ἀναστασία
1072 2296 1320 2375 πρόξενος
1381 2300 1644 2362 καταστὰς
1699 2305 1758 2359 οῦ
1808 2304 1943 2380 09n-

275 2397 420 2458 νεῖν,
479 2380 616 2438 ἀλλά
677 2389 892 2463 σκιρτᾷν
940 2385 1292 2460 ἐμποιούσης,
1350 2385 1671 2445 Ἀναστασία
1740 2388 1794 2445 δέ
1851 2401 1945 2450 τοῦ

275 2472 484 2548 δεσμοῦ
541 2472 627 2528 καὶ
685 2479 792 2528 τῶν
841 2476 1208 2553 ⁹φυλαττόντων
1268 2477 1430 2545 αὖτῆν
1488 2485 1658 2534 κυνῶν
1727 2479 1942 2538 ἐλευθε-

279 2566 522 2643 ρωθεῖσα
574 2559 736 2640 (οὕτω
787 2565 887 2642 γὰρ
963 2566 1146 2629 αὐτοὺς
1209 2571 1391 2624 ε“ιπεῖν
1453 2569 1795 2648 οἰκειόττρον)
1864 2571 1948 2628 ἐπὶ

277 2654 385 2720 τὴν
447 2654 710 2725 σύννομον
770 2653 970 2731 ἀγέλην
1005 2657 1091 2712 καὶ
1140 2657 1237 2724 τὴν
1283 2659 1482 2728 συνήθη
1526 2664 1626 2726 τῆς
1683 2658 1946 2718 εὗσεϐείας

281 2743 460 2818 νομὴν
509 2742 729 2822 ἐφέρετο
763 2745 958 2823 σχῆμά
1006 2766 1062 2801 τε
1111 2745 1321 2825 μέτριον
1376 2747 1607 2806 ὑποδῦσα
1662 2749 1823 2804 πάλιν
1853 2750 1947 2812 τάς

282 2856 347 2890 τε
391 2833 629 2913 φυλακὰς
688 2838 1016 2916 περιήρχετο
1073 2839 1160 2895 καὶ
1209 2840 1301 2894 σὺν
1356 2839 1562 2898 πλείονι
1621 2847 1688 2916 τῇ
1745 2839 1947 2918 σπουδῇ

289 2929 355 2980 οὔ
406 2926 475 2979 τα
517 2927 786 3003 τραύματα
833 2927 996 3002 μόνον
1056 2929 1142 2984 καὶ
1187 2929 1304 2994 τοὺς
1363 2931 1566 3009 ἰχῶρας
1603 2942 1721 2993 τοῖς
1776 2932 1942 3010 ἀγίυις

298 3011 678 3090 ἔξεθεράπευεν,
742 3013 881 3071 ἀλλα
943 3017 1043 3094 γὰρ
1113 3019 1198 3074 καὶ
1257 3019 1386 3097 πρὸς
1453 3021 1545 3075 τὸν
1604 3019 1782 3097 ἀγῶνα
1839 3027 1946 3076 τῶν

306 3104 640 3182 προκείμενον
699 3110 927 3185 εὖγενιρς
987 3106 1229 3187 4’τλλειτεψ
1283 3113 1416 3168 Οἴον
1478 3108 1532 3164 δὲ
1595 3111 1684 3166 τὸν
1744 3113 1947 3189 καρπὸν

2028 1958 2166 2002 vero
2192 1940 2466 2020 sperabat
2499 1940 2585 2002 sic
2619 1958 2861 2021 quoque
2891 1939 3113 2019 fore,ut
3141 1940 3454 1999 multarum
3487 1957 3675 2018 pecu-

2029 2031 2262 2092 niarum
2286 2039 2347 2092 et
2369 2031 2816 2110 possessionum
2855 2030 3198 2092 efﬁceretur
3231 2034 3536 2090 dominus.
3564 2029 3675 2090 Αι-

2034 2139 2148 2200 que
2179 2119 2280 2181 ille
2313 2119 2554 2201 quidem
2579 2121 2805 2183 invenit
2836 2119 2896 2182 in
2928 2117 3225 2198 via,quem
3261 2137 3366 2200 par
3399 2117 3678 2198 erat,exi-

2033 2220 2177 2272 tum.
2203 2209 2452 2272 Moritur
2474 2211 2632 2272 enim
2661 2210 2925 2292 periculo
2951 2209 3246 2290 perditus,
3274 2227 3405 2290 qua)
3435 2227 3498 2269 se
3530 2227 3675 2288 spe-

2028 2299 2194 2360 rabat
2218 2300 2673 2382 facturum,ipse
2706 2299 3044 2381 priusjuste
3071 2317 3276 2379 passus
3305 2316 3315 2358 :
3343 2305 3402 2358 et
3431 2296 3678 2360 effectus

2027 2389 2360 2452 Anastasiae
2384 2391 2740 2452 conciliator
2771 2390 3092 2464 viduitatis,
3138 2408 3270 2469 quae
3302 2408 3417 2450 non
3451 2387 3675 2448 luctum

2026 2478 2448 2554 ali‘erebat,sed
2478 2480 2940 2543 exsultationem
2955 2482 3022 2541 .A
3037 2477 3290 2540 nastasia
3309 2488 3506 2540 autem
3532 2475 3678 2538 libe-

2032 2579 2156 2630 rata
2187 2588 2221 2631 a
2253 2569 2487 2634 vinculo
2540 2579 2596 2632 et
2626 2589 2659 2631 a
2690 2570 2938 2632 canibus
2963 2569 3063 2650 qui
3096 2587 3224 2630 eam
3258 2565 3676 2630 custodiebant

2036 2659 2144 2741 (sic
2169 2659 2326 2721 enim
2355 2679 2454 2722 eos
2477 2661 2754 2722 convenit
2785 2658 3141 2741 appellare),
3170 2658 3242 2720 ad
3273 2657 3509 2720 solitum
3545 2675 3678 2736 gre-

2033 2767 2164 2826 gem
2199 2749 2523 2824 ferebatur,
2552 2758 2608 2811 et
2637 2749 2710 2812 ad
2745 2758 3030 2810 consueta
3058 2747 3287 2828 pietatis
3317 2765 3534 2828 pascua
3570 2763 3582 2805 :
3618 2753 3678 2808 et

2032 2838 2363 2900 modestum
2395 2857 2605 2901 rursus
2636 2839 2890 2901 induens
2915 2837 3206 2910 habitum,
3245 2835 3447 2898 obibat
3475 2853 3675 2898 carce-

2028 2937 2216 3008 res,et
2241 2947 2455 3007 magna
2478 2947 2621 2990 cura
2646 2947 2714 2990 ac
2738 2927 3044 3008 diligentia
3070 2945 3187 2987 non
3213 2925 3404 2987 solum
3429 2925 3676 2987 vulnera

2029 3036 2096 3078 ac
2127 3016 2354 3078 saniem
2414 3017 2635 3080 sanctis
2695 3017 2964 3090 curabat,
3029 3016 3135 3078 sed
3192 3014 3263 3075 ad
3295 3015 3673 3096 propositum

2031 3125 2265 3188 quoque
2289 3123 2593 3170 certamen
2614 3127 2717 3169 eos
2750 3107 3035 3188 praeclare
3059 3104 3341 3168 incitabat
3364 3113 3421 3166 et
3453 3121 3676 3185 praepa-

297 3193 532 3251 ἐντεῦθεν
578 3202 740 3274 τρυγᾷ
772 3198 833 3254 τὸ
875 3198 1073 3264 ταύτης
1104 3197 1334 3267 δηλώσει
1368 3197 1558 3280 τέλως,
1605 3198 1748 3256 τὸδὲ
1798 3199 1944 3267 τέλος

2034 3185 2478 3269 ιίειὸδὶΩιιιιΙειη
2513 3215 2652 3261 vero
2685 3185 2938 3259 fructum
2962 3197 3100 3258 hinc
3126 3194 3436 3276 percipiat,
3469 3194 3675 3257 decla-

289 3284 506 3347 πάντως
539 3287 565 3340 ὁ
596 3283 753 3364 λόγος
784 3287 843 3343 τὸ
877 3285 941 3355 δὴ
975 3295 1061 3344 νῦν
1094 3287 1248 3368 ἔχον,

373 3373 464 3436 E'.
519 3378 897 3444 Διοκλητιανὸς
948 3381 1045 3453 μὲν
1081 3381 1107 3434 ὁ
1149 3377 1403 3447 δυσσεϐὴς
1450 3379 1504 3436 ἐν
1537 3383 1794 3455 Ακουΐλίᾳ
1825 3379 1944 3441 διά-

282 3487 396 3543 γων
458 3464 546 3532 ἦν·
611 3464 779 3540 τούτῳ
836 3463 890 3521 δὲ
944 3467 1011 3522 τὰ
1071 3467 1168 3543 μὲν
1226 3466 1360 3525 ἄλλα
1436 3467 1680 3548 δευτέρας
1736 3470 1947 3538 ἠξιοῦτο

282 3552 587 3635 φροντίδος,
651 3559 711 3612 τὸ
771 3553 1126 3638 διαφερόντως
1191 3555 1246 3613 δὲ
1305 3557 1725 3636 σπουδαξόμενον
1799 3561 1943 3624 ὅπως

279 3643 477 3719 μηδεὶς
593 3647 750 3703 αῦτὶν
836 3646 1035 3726 ἐκφύγῃ
1138 3651 1468 3728 Χριστιανῦν
1553 3651 1940 3728 κρυπτόμενος.

280 3733 636 3816 Ἀναφέρεται
691 3738 816 3814 γοῦν
861 3740 1002 3810 αῦτῷ
1049 3738 1137 3794 καὶ
1168 3738 1292 3817 περί
1323 3746 1428 3795 τῶν
1481 3739 1534 3795 ἐν
1571 3730 1752 3816 Ῥώμῃ
1806 3741 1942 3797 πάνυ

282 3847 395 3880 των
460 3827 534 3890 ὡς
591 3825 847 3903 πάμπολυ
903 3825 1105 3896 πλῆθος
1171 3834 1500 3907 Χριστιανῶν
1559 3828 1820 3908 φυλακαῖς
1890 3851 1947 3886 τε

283 3913 578 3992 ποραδοθέν
635 3917 730 3973 καί
758 3915 1010 3993 βασάνοις
1063 3917 1212 3982 ὅσαις
1268 3916 1564 3986 ὁποϐληθὲν
1597 3917 1803 3975 οὗόέπω
1860 3921 1945 3977 καὶ

285 4011 380 4060 νῦν
425 4005 730 4080 ἀπομαθεῖν
773 4005 1038 4087 ἠνέσχετο
1080 4007 1178 4074 τὴν
1223 4005 1515 4083 εὖσεϐειαν,
1557 4009 1630 4062 ὧν
1691 4005 1946 4076 ἀλείπτην

287 4095 439 4152 εἶναι
524 4096 857 4175 Χρυσόγονον
942 4097 1284 4172 πειθομένους
1369 4098 1506 4172 οὒτῴ
1591 4099 1790 4162 πάντας
1862 4100 1948 4154 καὶ

285 4183 431 4249 ὅλως
464 4188 562 4252 τῆς
621 4190 774 4244 οὖτοῦ
803 4184 1050 4264 γλώττης
1097 4185 1476 4265 ἐξηρτομένους
1522 4185 1744 4268 ἔχοντα,
1780 4179 1838 4247 Ὀ
1894 4185 1948 4243 δὲ

284 4275 589 4354 παραυτίκα
652 4277 775 4338 τοὺς
831 4276 930 4350 μὲν
987 4273 1180 4342 ἄλλους
1235 4278 1436 4344 πάντας
1497 4279 1748 4355 βασάνοις
1790 4276 1943 4335 ἔκδο-

279 4368 471 4446 θῆναι,
517 4367 642 4422 εἶτα
679 4369 764 4422 καὶ
818 4366 1018 4443 θανάτῃ
1079 4367 1156 4442 μὴ
1201 4368 1542 4442 πειθομένους
1603 4368 1944 4448 προσέταττε,

279 4456 622 4534 Χρυσόγονον
705 4453 758 4511 δὲ
834 4457 996 4532 μόνον
1069 4458 1204 4533 πρὸς
1284 4458 1441 4514 αὐτὸν
1517 4459 1944 4538 ἀναπεμφθῆναι,

2029 3287 2183 3350 rabit
2215 3289 2346 3369 ejus
2379 3290 2512 3351 linis
2548 3307 2561 3352 :
2602 3290 2780 3350 finem
2814 3297 3037 3369 autem,
3073 3286 3282 3348 oratio.

2099 3381 2291 3440 V.Hoc
2314 3393 2568 3454 tempore
2591 3385 2804 3454 impius
2827 3382 3058 3455 quidem
3081 3380 3474 3439 Diocletianus
3497 3380 3675 3454 dege-

2030 3465 2129 3529 bat
2156 3467 2472 3549 Aquileim.
2507 3468 2576 3530 Ei
2613 3488 2745 3531 vero
2805 3468 3061 3530 aliorum
3094 3465 3341 3548 quidem
3375 3484 3516 3527 cura
3548 3472 3676 3528 erat

2030 3559 2329 3637 posterior
2363 3576 2376 3620 :
2409 3559 2521 3620 hoc
2545 3577 2682 3620 vero
2710 3559 3008 3639 praecipue
3029 3565 3155 3620 erat
3180 3575 3362 3634 curae,
3389 3563 3450 3617 ut
3478 3554 3676 3617 nullus

2029 3647 2401 3710 Christianus
2435 3654 2534 3728 qui
2567 3648 2814 3722 latebat,
2851 3667 2986 3710 eum
3051 3647 3362 3724 effugeret.
3415 3645 3503 3708 Ad
3537 3663 3674 3707 eum

2032 3755 2170 3815 ergo
2201 3737 2470 3801 defertur
2495 3737 2568 3800 ab
2601 3738 2903 3814 omnibus,
2931 3738 3029 3818 qui
3059 3736 3264 3798 Romae
3293 3745 3486 3809 erant,
3515 3732 3676 3816 quod

2033 3831 2274 3887 maxima
2308 3831 2611 3888 multitudo
2653 3831 3132 3894 Christianorum,
3168 3827 3423 3900 conjecta
3451 3827 3506 3883 in
3541 3841 3676 3884 car-

2031 3932 2223 3990 ceres,
2255 3925 2314 3976 et
2347 3916 2616 3995 plurimis
2650 3918 2862 3978 ali'ecta
2892 3913 3226 3996 suppliciis,
3261 3912 3524 3974 nondum
3559 3929 3668 3992 po-

2032 4010 2141 4064 tuit
2163 4005 2475 4067 dediscere
2492 4007 3062 4086 pietatem.Quorum
3089 4023 3218 4066 esse
3244 4010 3670 4084 praeceptorem

2034 4103 2094 4158 et
2120 4094 2518 4157 institutorem
2545 4096 3014 4176 Chrysogonum,
3050 4093 3152 4175 qui
3182 4091 3438 4155 habebat
3464 4108 3676 4154 omnes

2031 4187 2140 4243 sibi
2175 4199 2439 4258 parentes
2469 4197 2525 4246 et
2559 4188 2872 4259 pendentes
2887 4187 2960 4244 ab
2987 4189 3114 4258 ejus
3136 4183 3464 4257 lingua.llle
3484 4194 3678 4242 autem

2029 4274 2176 4337 alios
2207 4275 2446 4355 quidem
2495 4275 2908 4355 omnesjussit
2935 4272 3074 4334 dedi
3110 4270 3446 4346 tormentis,
3482 4279 3543 4332 et
3574 4269 3677 4331 de-

2031 4363 2172 4426 inde
2191 4365 2364 4428 etiam
2397 4364 2656 4440 morti,si
2679 4384 2795 4426 non
2817 4358 3676 4444 persuaderentur,Chrysogo-

2029 4473 2170 4516 num
2203 4463 2398 4517 autem
2432 4455 2625 4516 solum
2687 4456 2761 4517 ad
2811 4456 3005 4536 ipsum
3043 4451 3196 4513 mitti
3232 4472 3244 4512 :
3279 4452 3391 4512 hoc
3422 4448 3577 4529 apud
3611 4467 3677 4511 se

277 4553 442 4602 τοῦτο
496 4545 612 4602 καθ’
670 4547 857 4603 ἑαυτὸν
899 4546 1232 4622 σκεψάμενος
1288 4551 1363 4612 ὡς
1429 4547 1628 4606 ἐκείνου
1672 4551 1942 4625 κρατήσας

2034 4543 2606 4625 considerans,quod
2634 4547 2683 4606 si
2710 4544 2878 4606 illum
2905 4543 3381 4623 vicisset,omnes
3400 4541 3677 4621 protinus

279 4637 490 4698 πάντας
536 4637 681 4701 εὐθὺς
726 4637 875 4694 ἔσται
932 4637 1251 4704 νενικηκώς,
1288 4639 1468 4712 Τούτῳ
1528 4639 1626 4714 μὲν
1672 4639 1757 4696 οὖν
1813 4642 1947 4718 ἀγο-

282 4727 440 4804 μένῳ
496 4727 629 4806 πρὸς
659 4726 882 4804 βασιλέα
933 4732 1018 4786 καὶ
1049 4732 1082 4798 ἡ
1134 4729 1416 4805 θαυμαστὴ
1461 4726 1734 4800 συνείπετο
1787 4728 1950 4786 Ἀνα-

285 4814 506 4884 στασία,
563 4815 819 4874 πάντοθεν
875 4825 1240 4896 συγκροτοῦσα
1296 4819 1383 4874 καὶ
1433 4819 1496 4874 τὰ
1555 4820 1681 4897 πρὸς
1742 4816 1950 4897 ἀνδρίαν

287 4904 605 4982 ἀλείφουσα,
665 4907 761 4963 καί
830 4904 1072 4967 δεικνῦσα
1131 4909 1314 4988 γένους
1387 4907 1659 4966 ἀσθένειαν
1719 4910 1950 4988 εὐγενείᾳ

287 4995 633 5076 αρονήπατος
683 4995 1002 5066 νικωμένην,

371 5083 485 5158 ς’.
539 5073 631 5149 Ὠς
666 5082 719 5141 δὲ
749 5086 840 5144 καὶ
885 5086 1122 5166 παρέστη
1156 5093 1231 5162 τῷ
1260 5087 1476 5164 βασιλεῖ
1534 5086 1886 5166 Χρυσόγονος,
1920 5087 1948 5143 ὁ

287 5175 392 5252 μὲν
466 5175 651 5234 αὐτίκα
706 5176 939 5253 ῥήμασιν
997 5177 1314 5255 ἧπιωτέροις
1386 5176 1614 5257 ἐχρῆτο,
1672 5176 1945 5250 Πείσθητι,

287 5263 490 5342 λέγων,
527 5267 572 5320 ὧ
632 5265 958 5345 Χρυσόγονε,
1015 5266 1284 5325 συνθέσθαι
1330 5281 1446 5332 νοῖς
1503 5266 1810 5345 ἡμετέροις,
1863 5269 1948 5323 καὶ

285 5357 438 5417 θεοῖς
496 5354 592 5431 μὲν
651 5356 994 5436 χαρίσασθαι,
1031 5363 1207 5430 σαυτῷ
1269 5354 1322 5412 δὲ
1356 5357 1422 5412 τὰ
1463 5355 1650 5424 ἥδιστα
1693 5358 1801 5412 τῶν
1846 5355 1950 5411 ἀλ-

285 5445 614 5523 γεινοτάτων
688 5449 777 5503 καὶ
853 5447 913 5504 τὰ
974 5446 1307 5526 συμφέροντα
1379 5445 1485 5503 τῶν
1548 5448 1608 5504 οῦ
1663 5445 1951 5503 λυσιτελῶν

285 5532 615 5595 ἀνθελέσθαι.
652 5535 725 5594 Εὖ
769 5537 871 5617 ea?
902 5535 1008 5594 ἴσθι
1068 5539 1140 5602 ὡς
1171 5535 1231 5594 οὐ
1289 5538 1450 5613 μόνον
1481 5559 1563 5594 σοι
1616 5537 1707 5602 τάς
1740 5559 1795 5594 τε
1844 5538 1948 5615 βα-

284 5625 481 5690 σάνους
538 5626 834 5702 ἀνήσομεν,
868 5627 928 5682 τό
985 5648 1040 5683 τε
1086 5624 1377 5684 κάλλιστον
1437 5629 1591 5685 τοῦτο
1648 5625 1742 5684 καί
1793 5633 1950 5684 πᾶσιν

281 5713 386 5787 ἡδὺ
437 5717 771 5798 χαριούμεθα
822 5722 956 5798 φῶς,
989 5715 1109 5774 ἀλλ’
1157 5718 1341 5778 αὐτίκα
1385 5739 1443 5775 σε
1487 5717 1576 5774 καὶ
1608 5707 1822 5795 Ῥώμης
1851 5716 1947 5786 τῆς

2033 4642 2158 4696 erat
2189 4634 2806 4716 superaturns.Atque
2839 4635 2891 4696 ei
2919 4631 3332 4714 quidem,cum
3354 4629 3680 4692 duceretur

2033 4726 2108 4787 ad
2139 4723 2588 4804 imperatorem,
2625 4743 2830 4788 comes
2858 4724 2970 4786 fuit
3018 4723 3348 4796 Anastasia,
3414 4719 3678 4800 undique

2035 4814 2350 4876 conferens
2369 4822 2428 4877 et
2448 4833 2804 4896 comparans
2826 4833 2896 4877 ea
2920 4830 3055 4891 quae
3075 4810 3457 4892 pertinebant
3477 4808 3549 4870 ad
3572 4826 3678 4870 au-

2032 4905 2288 4984 gendam
2311 4904 2492 4966 animi
2518 4903 3016 4984 magnitudinem,
3051 4911 3111 4964 et
3140 4900 3469 4964 ostendens
3501 4915 3678 4961 sexus

2032 4998 2480 5056 imbecillitatem
2503 5000 2708 5056 vincia
2734 4996 3124 5068 magnitudine
3147 4995 3322 5052 animi
3340 5003 3391 5050 et
3416 4995 3673 5064 spiritus.

2102 5084 2193 5140 Vl.
2228 5083 2538 5156 Postquam
2564 5098 2696 5141 vero
2719 5093 2849 5141 ante
2876 5084 3277 5154 imperatorem
3304 5079 3482 5137 astitit
3502 5080 3678 5150 Chry-

2031 5188 2311 5248 sogonus,
2345 5169 2444 5230 ille
2461 5169 2700 5249 quidem
2727 5167 2924 5229 statim
2960 5165 3158 5228 verbis
3174 5183 3312 5227 usus
3327 5173 3416 5226 est
3431 5163 3677 5226 mitiori-

2031 5263 2142 5326 bus
2177 5285 2188 5322 :
2225 5261 2697 5338 Persuadeare,o
2726 5257 3363 5342 Chrysogone,nostris
3397 5254 3678 5337 conjungi

2033 5351 2321 5436 partibus,
2349 5361 2405 5414 et
2430 5351 2542 5415 diis
2574 5349 2814 5433 quidem
2851 5349 3198 5429 gratificari,
3236 5349 3340 5410 tibi
3375 5357 3574 5411 autem
3608 5364 3680 5407 ea

2033 5461 2165 5526 quae
2189 5449 2326 5506 sunt
2351 5439 2811 5522 jucundissima,
2847 5440 3125 5521 praeferre
3185 5437 3567 5526 tristissimis,
3619 5443 3678 5498 et

2033 5523 2164 5614 quae
2192 5541 2328 5594 sunt
2350 5529 2776 5612 conducibilia,
2808 5530 3053 5590 minime
3080 5523 3490 5590 utilibus.Scio
3513 5526 3674 5589 enim

2031 5623 2253 5700 fore,ut
2272 5621 2377 5684 tibi
2393 5641 2510 5685 non
2525 5621 2719 5684 solum
2734 5628 3026 5682 tormenta
3042 5617 3508 5699 remittamus,et
3523 5618 3676 5678 hanc

2036 5712 2500 5798 pulcherrimam
2525 5710 2924 5793 omnibusque
2945 5707 3444 5792 jucundissimatn
3477 5708 3671 5771 lucem
