4148 6398
457 291 574 372 579
1776 279 2058 362 MENSIS
2097 291 2526 361 DECEMBEB.
3723 301 3844 369 530

462 437 923 522 largiamur,sed
944 445 1001 500 te
1024 437 1198 500 etiam
1217 435 1410 498 statim
1429 433 1680 497 efﬁciam
1698 450 1924 512 magnae
1935 432 2105 494 urbis

2199 455 2451 511 ιεγιστης
2497 435 2736 516 ἔπαρχον
2780 433 3061 501 ἀποδείξω.
3124 425 3182 493 Q0
3227 433 3283 492 δε
3329 437 3468 512 μήτε
3512 441 3612 504 τῆς
3678 440 3842 515 βασι-

455 533 663 596 Romae
695 526 1180 611 praefectumllle
1211 534 1409 586 autem
1437 543 1548 586 nec
1573 523 1975 604 imperatoriae
1997 541 2099 604 po-

2199 529 2337 589 ιικῆς
2392 523 2625 588 ἐξουσίας
2684 527 2776 581 τὸν
2830 522 2987 602 ὄγκον
3046 525 3435 603 καταπλαγεὶς,
3497 528 3635 601 μήτε
3706 531 3840 606 πρὸς

460 619 688 684 testatis
723 616 1175 699 obstupefactus
1208 613 1649 693 magnitudine,
1685 629 1883 692 neque
1910 612 2100 673 dono-

2199 615 2240 668 ςὸ
2301 618 2399 679 τῆς
2445 611 2642 690 δωρεᾶς
2704 613 2924 691 μέγεθος
2985 617 3255 694 καθυφεὶς,
3305 615 3469 692 Ἐγώ,
3505 617 3641 690 μετά
3697 618 3840 696 παῤ-

454 717 589 773 rum
621 710 814 770 ﬂexus
866 705 1095 782 ingenti
1155 701 1483 774 oblatione,
1521 701 1709 762 libere
1743 701 1892 762 dixit
1930 719 1942 763 :
1979 699 2097 780 Ego

2199 701 2365 767 inuia:
2427 701 2550 781 ἔφη,
2585 701 2678 758 ἕνα
2733 700 2895 777 μόνον
2953 701 3077 760 οῖδα
3111 706 3241 760 Θεὸν
3284 705 3369 760 καῖ
3403 714 3587 764 τοῦτον
3642 710 3840 772 παντὸς

453 817 642 861 unum
677 796 869 859 solum
903 794 1033 854 novi
1067 795 1284 870 Deum,
1319 799 1377 851 et
1407 808 1542 851 eum
1605 789 1846 869 quidem
1888 789 2096 869 judico

2199 790 2280 846 ιὲν
2339 791 2496 868 κρίνω
2553 792 2731 868 φωτὸς
2803 789 3075 868 ἡδύτερον,
3139 794 3352 850 πάντων
3422 792 3476 849 δὲ
3539 796 3841 874 χρημάτων

460 887 667 970 quavis
695 887 826 946 luce
857 882 1216 955 suaviorem,
1251 879 1456 960 quavis
1486 896 1625 970 vero
1657 879 1772 938 vita
1802 877 2102 938 desidera-

2199 877 2628 957 ιερδαλεώτερον⁸
2675 887 2861 937 τοῦτον
2906 883 2993 937 καὶ
3024 888 3180 962 ψυχῇ
3232 882 3466 963 λατρεύω
3508 886 3592 940 καὶ
3651 885 3838 964 χείλε-

455 967 1041 1054 biliorem,omnibus
1063 977 1260 1030 autem
1287 967 1560 1049 pecuniis
1574 967 2098 1049 quaestuosiorem.

452 1068 604 1130 Eum
629 1073 686 1125 et
713 1063 914 1124 anima
944 1060 1175 1133 colo,et
1206 1059 1388 1119 labris
1415 1058 1792 1128 confiteor-,et
1824 1057 2104 1118 omnibus

451 1154 796 1218 videntibus
824 1150 1007 1212 adoro
1030 1147 1576 1226 genibusDeorum
1613 1156 1809 1208 autem
1843 1147 2105 1207 multitu-

455 1245 653 1308 dinem
690 1251 742 1304 et
763 1239 996 1303 fabulas
1027 1247 1083 1300 et
1113 1239 1678 1308 dmmones,tantum
1705 1236 1879 1296 abest
1911 1243 1976 1295 ut
2007 1254 2100 1296 co-

459 1335 673 1409 lam,ut
701 1332 812 1394 sim
848 1330 1118 1410 ejusdem
1152 1347 1286 1388 cum
1313 1327 1555 1390 Socrate
1588 1328 2104 1407 sententiae,opor-

461 1434 588 1487 tere
619 1441 722 1486 eos
752 1422 960 1499 fugere
988 1437 1091 1498 pro
1123 1419 1372 1493 viribus,
1406 1426 1475 1476 ut
1504 1415 1605 1497 qui
1633 1417 1753 1477 sint
1783 1416 2100 1476 hominum

457 1514 758 1594 deceptio,
814 1519 876 1571 et
929 1509 1265 1570 animarum
1326 1515 1530 1586 aperta
1589 1505 1908 1584 pernicies.
1961 1503 2104 1576 Qum

457 1623 595 1665 vero
627 1621 661 1662 a
692 1611 752 1664 te
785 1598 928 1660 mihi
962 1605 1378 1677 proponuntur
1427 1613 1675 1656 munera
1728 1604 1788 1656 et
1819 1595 2100 1672 honores,

459 1693 607 1756 nihil
640 1691 854 1752 melius
887 1688 1110 1749 habere
1131 1687 1597 1764 arhitror,quam
1633 1684 1864 1745 somnia
1897 1693 1954 1744 et
1975 1703 2104 1744 um-

460 1783 618 1857 bras,
655 1789 712 1843 et
741 1798 811 1842 ea
842 1777 1013 1838 nihili
1039 1777 1210 1838 facio.

540 1870 800 1936 VII.Non
827 1867 964 1929 tulit
997 1865 1235 1927 dicendi
1264 1867 1594 1927 libertatem
1630 1863 1978 1942 imperator,
2000 1863 2101 1924 sed
2131 1858 2166 1907 Β

458 1962 710 2047 perinde
729 1978 796 2021 ac
815 1957 874 2017 in
901 1956 1091 2036 prima
1114 1963 1484 2047 prostratum
1511 1957 2102 2047 congressioneeum

457 2041 719 2133 abripuit
745 2054 1100 2128 impetus,ut
1132 2045 1242 2106 soli
1275 2044 1380 2105 ira:
1407 2041 2102 2133 gratificaretur(rjubet-

456 2161 574 2224 que
594 2132 660 2202 ut
690 2156 825 2202 cum
861 2136 924 2197 in
951 2136 1257 2196 desertum
1282 2133 1476 2195 locum
1513 2132 1826 2193 duxissent
1859 2132 2107 2224 Chrysa:

455 2219 702 2313 gonum,
736 2229 788 2289 ei
819 2234 996 2306 caput
1025 2231 1432 2304 amputarent,
1479 2224 1698 2282 invitus
1729 2239 1864 2281 eum
1901 2219 2108 2296 majori

455 2310 729 2384 afﬁciens
759 2313 1260 2393 beneﬁcio,quam
1295 2313 1534 2392 quando
1561 2312 1750 2372 libens
1782 2310 1937 2370 dona
1959 2310 2106 2370 offe-

459 2407 1001 2489 rebat,existimans
1029 2403 1179 2483 fore,
1205 2412 1270 2463 ut
1304 2420 1441 2464 eum
1477 2401 1538 2460 in
1564 2418 1732 2460 suam
1767 2399 2108 2460 traduceret

460 2497 844 2563 sententiam.
896 2497 1094 2574 Atque
1136 2493 1250 2554 hoc
1283 2491 1526 2572 quidem
1563 2489 1779 2551 factum
1815 2497 1905 2549 est
1934 2497 2108 2569 prout

459 2591 589 2672 ipse
620 2589 883 2650 decrevit
909 2604 923 2646 :
951 2591 1008 2644 et
1030 2600 1265 2644 sacrum
1292 2580 1435 2656 illud
1463 2597 1681 2659 corpus
1713 2578 2024 2672 projicitur
2046 2583 2105 2638 in

469 2667 669 2741 littore
695 2675 874 2737 maris
904 2673 1004 2734 ubi
1038 2675 1215 2734 etiam
1269 2680 1390 2733 tres
1419 2686 1658 2730 sorores
1692 2676 1750 2729 et
1777 2667 2019 2746 animis,
2053 2673 2110 2728 et

462 2770 820 2843 corporibus,
851 2776 902 2824 et
921 2765 1131 2838 pietate
1153 2767 1213 2820 in
1239 2764 1613 2831 Deum,suam
1641 2761 1923 2818 habebant
1948 2760 2110 2816 habi-

467 2855 747 2919 tationem
764 2871 897 2915 cuin
925 2849 1182 2931 quodam
1202 2847 1362 2909 Zoilo
1385 2847 1508 2908 viro
1535 2845 1631 2927 pio
1657 2857 1715 2908 et
1741 2844 2102 2926 presbytero.

462 2945 783 3009 Sororibus
803 2949 1002 3003 autem
1030 2945 1200 3001 erant
1221 2938 1486 3015 nomina,
1522 2937 1724 3015 Agape
1745 2945 1805 2996 et
1833 2934 2109 3015 Chionia,

462 3035 724 3098 etIrene.
755 3030 864 3094 Hic
881 3049 1019 3092 vero
1033 3029 1252 3105 Zoilus,
1283 3045 1418 3090 cum
1445 3025 1862 3088 sibirevelatas
1890 3034 2109 3104 marty-

459 3127 545 3188 ris
566 3121 933 3205 Chrysogoni
949 3119 1238 3200 reliquias
1251 3117 1596 3180 sustulisset
1613 3133 1732 3176 una
1745 3113 2111 3205 cumcapite,

2187 991 2268 1024 σιν
2330 969 2581 1048 ὁμολογῶ
2630 971 2716 1026 καὶ
2743 971 2956 1028 πάντων
3029 973 3273 1051 ὁρώντων
3305 987 3422 1038 τοῖς
3453 973 3635 1051 γόνασι
3667 997 3836 1052 προσ-

2187 1067 2351 1121 κυνῶ,
2406 1067 2550 1117 Θεῶν
2622 1061 2676 1117 δὲ
2738 1062 2950 1140 πλῆγος
3011 1065 3098 1120 καὶ
3170 1067 3361 1139 μύθους
3434 1069 3520 1122 καὶ
3591 1063 3840 1140 δαίμονας

2191 1162 2434 1210 τοσοῦτον
2493 1151 2686 1230 ἀπέχω
2743 1151 3038 1231 λατρεύειν,
3107 1154 3245 1211 ὣστε
3308 1156 3395 1211 καὶ
3427 1159 3502 1229 τῷ
3557 1155 3635 1228 σῷ
3662 1157 3840 1232 κράτει

2187 1239 2634 1315 συμϐουλεύσαιμι
2721 1240 2782 1296 ἂν
2867 1245 3079 1322 φεύγειν
3197 1246 3381 1306 αὖτοὺς
3466 1245 3565 1299 ἀνᾶ
3651 1245 3842 1322 κράτος

2186 1333 2261 1394 ὡς
2332 1331 2542 1397 ἀπάτην
2597 1331 2884 1410 ἀνθρώπων
2957 1334 3040 1389 καὶ
3109 1338 3300 1414 ψυχῶν
3364 1334 3539 1408 Mm
3618 1335 3845 1414 φανερὰν

2186 1418 2682 1498 ἀποδεδειγμένουε.
2722 1423 2797 1479 Τὰ
2853 1421 2905 1477 δέ
2968 1444 3029 1500 γε
3082 1425 3222 1496 παρά
3281 1431 3374 1480 σοῦ
3426 1446 3515 1500 μοι
3562 1427 3841 1500 προτεινό-

2188 1532 2323 1584 μενα
2373 1509 2512 1577 δῶρα
2545 1512 2631 1565 καὶ
2687 1511 2780 1573 τὰς
2813 1513 2969 1586 τιμὰς
3027 1511 3172 1568 οὖδὲν
3205 1515 3488 1589 ὁνειρατων
3519 1512 3632 1569 οὒδὲ
3690 1520 3842 1578 σκιᾶς

2189 1597 2406 1675 ἄμεινον
2450 1598 2596 1678 ἕχείν
2634 1598 2861 1676 ἡγοῦμαι
2893 1604 2980 1657 καὶ
3022 1600 3140 1678 παρ’
3172 1600 3318 1657 ὠδὶν
3350 1602 3576 1678 τίθεμαι,

2271 1867 2353 1929 Ζ¹,
2419 1869 2527 1924 Οὔκ
2586 1868 2776 1946 ἤνεγκε
2821 1870 2918 1936 τὴν
2977 1869 3274 1948 παῤῥησίαν
3333 1873 3360 1925 ὁ
3418 1870 3688 1946 βασιλεὺς,
3723 1869 3842 1927 ἀλλ’

2189 1958 2368 2036 ὥσπερ
2423 1960 2534 2034 ἅμα
2606 1961 2682 2034 τῷ
2739 1959 3118 2034 συμπλακῆναι
3195 1959 3566 2030 καταϐληθεῖς,
3623 1959 3844 2039 ὥρμησε

2191 2049 2337 2122 μόνῳ
2381 2056 2505 2126 γοῦν
2563 2053 2640 2122 τῷ
2703 2052 2854 2123 θυμῷ
2907 2052 3251 2129 χαρίσασθαι,
3315 2052 3402 2106 καὶ
3473 2049 3680 2107 κελεύει
3753 2052 3845 2107 τὸν

2190 2139 2518 2216 Χρυσόγονον
2581 2141 2636 2194 ἒν
2691 2139 2876 2215 ἐρήμῳ
2927 2140 3075 2214 τόπῳ
3129 2137 3387 2198 λαϐόντας
3448 2144 3546 2208 τὴν
3603 2139 3845 2220 κεφαλὴν

2190 2227 2460 2302 ἐκτεμεῖν,
2520 2225 2662 2284 ἄκων
2719 2230 2861 2302 αὒτῷ
2923 2230 3135 2299 μεὲζονα
3175 2227 3292 2293 δοὺς
3323 2230 3423 2296 τὴν
3481 2229 3846 2308 εὖεργεσίανῆ

2190 2319 2277 2373 ὅτε
2335 2320 2473 2374 ἑκὼν
2517 2318 2826 2398 ἐχραρίζετό
2886 2323 3239 2393 μεταπαίσειν
3283 2319 3696 2396 ὑπολαμϐάνων.
3745 2321 3851 2377 Τοῦ

2190 2407 2287 2481 μὲν
2355 2409 2442 2462 οὖν
2517 2409 2650 2464 κατά
2708 2409 2768 2463 τὸ
2819 2406 3081 2487 διαταχάν
3127 2408 3413 2487 ἐπράττετο
3473 2410 3654 2466 mit?)
3709 2409 3848 2487 ἱερὸν

2190 2496 2366 2552 ἐκεῖνο
2410 2503 2566 2572 σῶμα
2623 2498 2752 2574 πρὸς
2795 2503 2872 2570 τῷ
2930 2497 3156 2574 αἰγιαλῷ
3215 2499 3313 2566 τῆς
3344 2497 3619 2566 θαλάσσης
3663 2499 3849 2576 ῥίπτε-

2192 2607 2299 2664 ται³
2334 2585 2424 2641 ἴνα
2485 2588 2572 2642 καὶ
2628 2598 2775 2665 τρεῖς
2820 2584 3037 2663 ἀδελφαὶ
3073 2589 3160 2643 καὶ
3203 2588 3423 2664 γνώμας
3485 2589 3571 2643 καῗ
3626 2589 3850 2663 σώματα

2192 2675 2287 2730 καί
2348 2675 2444 2742 τὴν
2475 2676 2606 2753 πρὸς
2668 2677 2798 2731 Θεὸν
2835 2673 3103 2733 εὐσέϐειαν
3163 2677 3297 2750 μετά
3329 2677 3535 2734 Ζωίλου
3585 2680 3725 2743 τινὸς
3754 2679 3848 2734 εὗ-

2192 2762 2383 2825 λαϐοὖς
2437 2766 2530 2821 καί
2562 2762 2913 2841 πρεσϐυτέρου
2956 2764 3054 2830 τὴν
3114 2765 3330 2832 οἴκησιν
3361 2766 3660 2831 ἐποιοῦντο,
3717 2776 3850 2830 Ταῖς

2196 2853 2451 2934 ἀδελφαῖς
2484 2852 2535 2909 δὲ
2587 2854 2651 2909 τὰ
2703 2854 2940 2927 ὀνόματα
2973 2851 3187 2932 Ἀγάπη
3223 2857 3308 2912 καὶ
3356 2858 3537 2913 Χιονία
3571 2861 3714 2936 γημλι
3761 2857 3850 2912 καὶ

2199 2946 2419 3022 Εἰρήνη.
2455 2944 2617 3006 Οὗτος
2650 2943 2831 3017 μέντοι
2866 2947 2892 3000 ὃ
2948 2943 3150 3009 Ζωίλος
3184 2945 3551 3026 ἀποκαλσδορθέν
3613 2946 3753 3020 αὒτῷ
3783 2947 3844 3001 τὸ

2195 3040 2286 3090 τοῦ
2333 3033 2592 3110 μάρτυρος
2655 3035 2986 3112 Χρτσογόνου
3043 3035 3291 3110 λείψανον
3356 3034 3676 3110 ἀνελόμενος
3737 3035 3850 3109 ἅμα

2195 3129 2265 3198 τῇ
2325 3121 2535 3202 κεφαλῇ
2565 3143 2653 3179 και
2704 3125 2846 3200 θήκῃ
2892 3125 2994 3180 τινὶ
3044 3123 3158 3198 μεθ’
3217 3123 3349 3188 ὅσης
3393 3121 3493 3178 ἔδει
3541 3129 3702 3198 τιμῆς
3745 3143 3846 3178 κα-

463 3215 608 3278 etin
641 3203 892 3294 quadam
927 3227 1105 3289 capse
1138 3226 1271 3269 cum
1332 3213 1554 3294 quanto
1587 3203 1848 3294 oportuit
1883 3204 2109 3263 honore

2199 3213 2504 3288 ταθέμενος,
2571 3212 2623 3268 ἐν
2683 3219 2760 3286 τῷ
2802 3212 3053 3289 δωματὶῳ
3104 3219 3180 3286 τῷ
3225 3213 3410 3269 ἑαυτοῦ
3469 3212 3847 3289 κατακρύπτει,

464 3293 870 3385 deposuisset,
903 3297 1216 3360 abscondit
1245 3295 1447 3385 insua
1486 3293 2109 3385 domunc_ula._Atque

465 3382 810 3458 tricesimus
839 3388 1078 3469 quidem
1112 3394 1240 3447 erat
1268 3384 1423 3464 dies,
1458 3402 1525 3445 ex
1565 3401 1680 3463 quo
1713 3382 1846 3441 sitae
1879 3382 2113 3442 fuerant

467 3480 833 3562 reliquiae,in
858 3476 1085 3538 somnis
1107 3483 1304 3536 autem
1332 3473 1674 3555 presbytero
1708 3472 2113 3562 Zoiloimartyr

468 3561 762 3653 apparens
810 3567 1246 3646 Chrysogonus,
1281 3564 1405 3625 haec
1438 3565 1492 3624 ei
1529 3563 1710 3653 visus
1740 3569 1828 3622 est
1859 3561 2108 3653 dicere:

470 3650 638 3726 Scias
657 3658 908 3740 impium
929 3658 1351 3737 imperatorem
1379 3651 1838 3725 Diocletianum,
1878 3669 2011 3712 cum
2040 3650 2114 3712 de

470 3750 692 3816 Christi
715 3747 951 3810 ancillis
973 3754 1033 3806 et
1055 3743 1389 3818 sororibus,
1405 3741 1815 3822 lrene,Agape
1843 3749 1902 3802 et
1926 3740 2112 3802 Chio-

469 3845 570 3908 nia
598 3840 778 3904 fuerit
825 3837 1012 3899 factus
1064 3835 1308 3908 certior,
1367 3834 1524 3894 intra
1576 3850 1786 3894 novem
1823 3831 1953 3893 dies
1985 3829 2116 3893 illas

473 3935 708 4017 quoque
728 3928 879 3990 velle
900 3927 1439 4017 comprehendere.
1457 3925 1548 3982 'I‘u
1578 3921 2000 4017 autem_effice,
2053 3928 2117 4017 ut

471 4010 787 4086 Anastasia
812 4017 916 4080 Dei
946 4015 1160 4078 ancilla
1190 4033 1289 4076 eas
1341 4023 1508 4076 curet
1543 4031 1645 4094 pro
1677 4011 1925 4082 viribus,
1952 4020 2012 4072 et
2041 4010 2114 4071 ad

472 4123 777 4176 certamen
798 4105 1243 4187 suscipiendum
1282 4103 1369 4166 eis
1401 4103 1576 4166 addat
1604 4102 1895 4178 animum,
1923 4099 2118 4162 donec

473 4204 695 4268 fuerint
713 4197 1005 4265 redimitae
1017 4213 1240 4259 corona
1263 4191 1536 4274 martyrii
1556 4213 1571 4272 ;
1588 4193 1716 4274 ipse
1741 4209 1878 4253 vero
1898 4189 2112 4251 bonam

471 4318 632 4376 spem
655 4297 965 4370 concipias,
986 4297 1100 4354 fore
1125 4305 1184 4352 ut
1207 4295 1580 4376 suavissimos
1609 4291 1825 4346 fructus
1852 4289 2114 4376 laborum

472 4368 755 4467 accipias.
783 4368 933 4444 Nam
962 4396 1082 4439 non
1117 4375 1304 4467 multo
1328 4381 1458 4467 post
1482 4381 1776 4467 tempore,
1808 4378 1866 4467 et
1896 4388 1930 4429 a
1959 4368 2120 4467 labo-

471 4457 774 4554 ribu's,qui
805 4471 905 4532 hic
930 4458 1648 4554 sunt,liberaberis,et_ad
1680 4459 1981 4520 Christum
2018 4457 2122 4517 ad-

473 4549 714 4629 duceris
743 4578 874 4622 cum
908 4559 982 4618 iis
1010 4559 1107 4637 qui
1144 4573 1247 4634 pro
1280 4553 1513 4614 Christo
1546 4549 1952 4609 decertarunt.

554 4652 714 4716 VIII.
746 4635 1190 4710 Fuerunt—hmo
1237 4659 1472 4722 quoque
1503 4637 1738 4716 cognita
1767 4635 2119 4697 venerandae

475 4740 775 4824 imprimis
804 4735 1154 4815 Anastasite,
1185 4743 1247 4794 et
1277 4732 1475 4794 divino
1506 4728 1728 4824 Spiritu
1755 4737 1933 4802 mota,
1963 4729 2122 4788 venit

475 4819 674 4898 statim
704 4830 776 4891 ad
801 4825 1245 4898 domunculam,
1271 4839 1448 4902 quam
1481 4819 1747 4880 nondum
1781 4824 2116 4898 aspexerat,

478 4931 538 4986 et
567 4920 862 4984 accedens
885 4917 954 4978 ad
984 4914 1393 4996 presbyterum
1426 4906 1987 4989 Zoilum,quaarebat
2015 4926 2119 4968 so-

479 5029 674 5094 rores,
709 5018 766 5072 et
794 5005 1036 5086 rogabat
1085 5004 1158 5065 de
1216 5001 1290 5062 iis
1339 5018 1475 5094 quae
1517 4999 1577 5094 in
1605 4997 1970 5094 somnissibi
1999 4997 2124 5058 visa

477 5087 736 5166 fuerant.
773 5098 918 5161 Cum
942 5104 1145 5158 autem
1167 5091 1410 5153 vidisset
1429 5088 1716 5169 virgines,
1750 5096 1809 5148 et
1835 5087 2028 5149 locum
2064 5089 2120 5149 in

479 5211 596 5275 quo
620 5191 748 5253 sitm
769 5194 938 5250 erant
959 5180 1631 5275 Chrysogonireliquim,
1667 5197 1800 5240 cum
1824 5178 1957 5240 illas
1985 5176 2124 5275 qui-

479 5265 616 5345 dem
638 5295 847 5358 magna
869 5265 1184 5338 aﬂ‘ectiOne
1202 5281 1260 5334 el
1283 5271 1502 5353 pietate
1527 5270 1854 5344 adorasset,
1883 5287 2015 5330 cum
2036 5265 2125 5327 eis

480 5385 680 5435 autem
707 5385 882 5431 unam
909 5375 1146 5427 noctem
1173 5358 1796 5440 transegisset,eisque
1816 5363 2125 5438 congratu-

478 5463 618 5538 lata,
653 5459 724 5523 ad
760 5455 1022 5537 martyrii
1048 5453 1278 5516 fortiter
1309 5449 1622 5512 subeunda
1653 5449 1979 5512 certamina
1993 5446 2127 5538 ani-

2193 3308 2486 3381 Τριακοστῇ
2560 3303 2658 3377 μὲν
2743 3302 2832 3358 οὖν
2916 3303 3089 3381 ἡμέρᾳ
3166 3305 3241 3375 τῷ
3312 3301 3551 3376 λειψᾶνῳ
3616 3301 3853 3378 κειμένῳ

2194 3390 2371 3464 Ζολιλῳ
2415 3391 2542 3467 ὅναρ
2604 3395 2630 3448 ὁ
2689 3393 2890 3470 μάρτυς
2961 3392 3231 3469 ἐπιφανεὶς
3290 3394 3620 3469 Χρυσόγονος
3691 3392 3855 3448 ταῦτά

2195 3483 2240 3538 οἱ
2293 3480 2470 3559 λέγειν
2501 3479 2693 3537 ἒδόκει’
2757 3479 2900 3538 ’Ὶσθι
2932 3484 3024 3537 τὸν
3067 3478 3294 3548 δυσσεϐῆ
3351 3479 3582 3558 βασιλέα
3616 3479 3851 3547 Διοκλη-

2194 3573 2398 3648 τιανὸν,
2432 3571 2666 3648 γνωσθὲς
2717 3571 2858 3644 αὗτῷ
2915 3573 3035 3649 περὶ
3086 3573 3192 3627 τῶν
3254 3577 3346 3627 τοῦ
3378 3571 3601 3650 Χριστοῦ
3656 3569 3857 3628 δούλων

2195 3664 2282 3717 καὶ
2354 3659 2594 3742 ἀδελφῶν
2671 3663 2927 3739 Εἰρήνης,
2991 3661 3240 3740 Ἀγάπης
3290 3662 3378 3718 καὶ
3426 3663 3664 3736 Χιονίας,
3725 3660 3859 3717 εἴσω

2194 3753 2410 3829 ἡμερῶν
2466 3751 2616 3808 ἐννέα
2687 3750 3038 3808 συλλαϐέσθαι
3070 3751 3166 3807 καῖ
3215 3752 3375 3814 αὒτάς
3420 3750 3721 3828 βούλεσθαι,
3786 3751 3859 3806 Σὺ

2198 3843 2250 3901 δὲ
2283 3839 2404 3898 ἀλλ’
2465 3841 2815 3898 Ἀναστασίαν
2844 3841 2945 3908 τὴν
2999 3847 3091 3896 τοῦ
3123 3848 3253 3898 Θεοῦ
3281 3839 3474 3905 δούλην
3519 3841 3856 3916 παρασκεύα-

2197 3952 2289 3986 σον
2359 3930 2553 3992 ταύτας
2617 3930 2756 3985 κατά
2821 3930 2882 3983 τὸ
2957 3925 3175 3982 δυνατὸν
3232 3927 3316 3979 καὶ
3383 3925 3699 4002 θεραπεῦσαι
3771 3928 3859 3984 καὶ

2198 4021 2328 4100 πρὸς
2387 4035 2475 4076 τον
2507 4021 2688 4097 ἀγῶνα
2746 4014 3076 4092 ἐπιθαρρῦναι
3122 4013 3254 4091 ἄχρι
3298 4011 3393 4067 καί
3452 4013 3543 4067 τὸν
3603 4035 3853 4092 μαρτυρι.

2197 4098 2291 4165 xcv
2365 4105 2721 4172 ἀναδᾶσονται
2782 4102 3063 4180 στέφανον,
3133 4102 3293 4166 Αὐτὸς
3345 4098 3400 4155 δὲ
3443 4102 3565 4166 τοὺς
3621 4103 3857 4182 καρπούς

2199 4219 2280 4254 σοι
2332 4203 2439 4253 τῶν
2502 4195 2680 4251 πόνων
2740 4189 2979 4259 ἠδίστους
3009 4187 3303 4247 ἀπολαϐεῖν
3336 4189 3546 4255 εὔελπις
3578 4191 3690 4254 ἔσο.
3729 4190 3859 4250 Μετ’

2199 4289 2258 4344 οὔ
2317 4284 2452 4341 πολὺ
2509 4285 2608 4360 γὰρ
2639 4283 2744 4337 τῶν
2790 4280 3012 4337 ἐνταυθοὶ
3055 4303 3112 4336 τε
3168 4279 3437 4338 ἐπιπόνων
3493 4281 3858 4363 ἀπαλλαγήσῃ

2199 4375 2287 4432 καὶ
2362 4374 2496 4448 μετὰ
2551 4376 2659 4426 τῶν
2735 4370 2862 4443 ὅπερ
2925 4369 3149 4450 Χριστοῧ
3227 4370 3574 4439 ἀθλησάντων
3649 4375 3860 4452 Χριστῷ

2205 4461 2548 4540 παραστήσῃ.

2285 4642 2380 4702 Η’.
2439 4641 2718 4719 Ἐγνώσθη
2776 4647 2939 4697 τᾶὗτα
2983 4642 3075 4698 γαὶ
3129 4645 3198 4719 τῇ
3259 4641 3560 4719 σεμνοτάτῃ
3601 4639 3862 4699 Ἀναστα-

2203 4735 2310 4808 σίᾳ,
2364 4731 2458 4789 καί
2517 4732 2781 4806 Πνεύματι
2842 4737 2974 4788 Θεοῦ
3015 4735 3297 4800 κινηθεῖσα
3350 4733 3441 4787 τὸν
3492 4732 3751 4812 οἰκίσκον,
3801 4733 3860 4786 ὃν

2204 4822 2409 4881 οὒδὲπω
2476 4819 2710 4884 τεθέατο.
2757 4821 3097 4899 παραχρῆμα
3165 4817 3589 4900 καταλαμϐάνει,
3634 4821 3730 4877 καί
3787 4825 3864 4895 τῷ

2203 4910 2537 4992 πρεσϐυτέρῷ
2599 4916 2916 4989 παραστᾶσα
2979 4909 3170 4983 Ζωΐλῳ
3249 4911 3340 4972 τὺς
3402 4907 3627 4988 ἀδελφὰς
3689 4909 3864 4980 ἐζήτει

2207 5005 2296 5059 καὶ
2347 5003 2464 5079 περὶ
2508 5006 2612 5058 τῶν
2674 4999 2800 5078 ὄναρ
2873 4999 3004 5068 αὒτῇ
3061 4999 3404 5077 γνωσθέντων
3459 4998 3862 5059 ἀνεπυνθάνετο.

2207 5091 2408 5152 ’ἰδοῦσα
2457 5089 2512 5146 δὲ
2554 5091 2646 5155 τὰς
2703 5090 2986 5167 παρθένους
3046 5090 3135 5145 καὶ
3183 5089 3276 5144 τὸν
3333 5087 3496 5145 τόπον
3557 5087 3678 5144 ἔνθα
3737 5111 3866 5145 κατ-

2209 5204 2379 5239 εκειτο
2426 5184 2486 5236 τὸ
2528 5186 2620 5235 τοῦ
2679 5179 3014 5255 Χρυσογόνου
3073 5177 3350 5253 λείψανον,
3384 5179 3445 5234 τὸ
3488 5178 3588 5254 μὲν
3631 5199 3867 5257 περιπα-

2205 5273 2307 5333 θῶς
2357 5268 2470 5343 ἅμα
2527 5268 2620 5322 καί
2679 5263 2915 5329 εὐλαϐῶς
2976 5267 3411 5344 προσκυνήσασα,
3459 5280 3579 5333 ταῖς
3637 5265 3692 5322 δέ
3741 5268 3866 5342 μίαν

2211 5359 2371 5414 νύκτα
2416 5354 2834 5434 συνδιαγαγοῦσα
2891 5355 2978 5411 καὶ
3034 5359 3358 5422 συνησθεϊσα
3410 5359 3499 5413 καὶ
3554 5358 3684 5423 πρὸς
3745 5355 3869 5421 τοὺς

2211 5447 2561 5527 μαρτυρικοὺς
2647 5443 2833 5508 ἄθλους
2917 5446 3112 5510 ἱκανῶς
3198 5445 3539 5522 ὑπαλείψασα
3623 5447 3696 5508 εἰς
3769 5446 3868 5512 τὴν

482 5531 649 5617 mum
681 5550 824 5612 satis
853 5531 1206 5624 addidisset,
1240 5541 1503 5625 profecta
1529 5547 1622 5601 est
1647 5537 2112 5619 Aquileiam.Ea:

2209 5532 2520 5593 Ἀκουΐλίαν
2551 5531 2832 5610 ἐπορεύθη,
2890 5533 3093 5598 Ταύτας
3125 5555 3183 5591 τε
3237 5535 3336 5615 γὰρ
3393 5536 3529 5611 μετὰ
3577 5537 3668 5592 καὶ
3726 5533 3868 5590 πόλ-

483 5644 645 5714 enim
669 5659 803 5705 cum
829 5636 1029 5701 multis
1061 5635 1193 5697 aliis
1241 5632 1472 5696 sciebat
1502 5647 1745 5694 cursum
1780 5636 2128 5710 peracturas

2210 5625 2319 5683 λῶν
2359 5621 2536 5679 ἄλλων
2565 5624 2746 5680 ἒκεϊσε
2795 5624 2886 5679 τὸν
2945 5621 3138 5704 δρόμον
3197 5622 3312 5701 ᾔδει
3361 5622 3728 5705 δραμουμένας
3776 5630 3871 5681 τοῦ
