4148 6396
264 332 384 400 581

1154 333 1627 401 MARTYRIUM
1672 332 1730 397 S.
1781 325 2230 399 ANAS'I‘ASLE
2273 327 2371 393 ET
2421 327 2827 391 SOCIARUM.

3543 317 3660 393 582

261 471 558 550 μαρτυρίου
610 473 700 528 καὶ
759 471 867 548 ἆίμα
929 475 1026 540 τῆς
1077 471 1322 550 προνοίας
1371 471 1464 529 καί
1496 471 1659 539 αύτὴν
1691 471 1913 551 εὒαφόρ-
1942 480 1973 528 Α

2038 467 2292 548 nartyrii,
2328 463 2702 546 providentia
2747 480 2983 545 quoque
3037 460 3213 523 simul
3268 459 3478 540 ipsam,
3518 481 3653 526 cum

263 584 396 636 μως
439 561 532 618 sit?
578 565 670 620 τὸν
716 562 895 641 ἀγῶνα
954 564 1440 640 παραπεμπούσης.
1499 562 1642 629 Αὕτη
1699 562 1796 637 μὲν
1842 560 1928 617 οὖν

2038 576 2169 619 tona
2189 556 2413 620 etfacili
2431 551 3222 634 occasione,transmittente
3235 552 3304 612 ad
3332 562 3660 641 certamen.

261 651 585 730 ἐπορεύετο,
635 654 722 708 καὶ
762 640 824 709 τὸ
853 650 1139 730 προῤῥηθὲν
1186 650 1240 708 δὲ
1299 651 1490 728 Ζωίλῳ
1546 652 1712 725 πέρας
1757 651 1929 726 ἐλάμ-

2038 645 2627 728 ltqueipsaquidem
2665 642 3180 724 proﬁciscebatur,
3218 649 3276 703 et
3305 645 3408 722 qui
3441 640 3660 721 praedi-

259 739 428 801 ϐανε.
478 744 564 815 Τῷ
601 741 702 819 γὰρ
753 749 868 816 Θεῷ
923 748 1077 798 τοῦτο
1125 740 1308 800 δοκοῦν
1341 748 1445 798 τῶν
1478 743 1753 822 παρόντων
1798 745 1931 817 μεθ-

2038 744 2144 798 :tus
2175 737 2333 798 Zoilo
2365 735 2717 816 fuerat,vitae
2747 733 2882 795 ﬁnis
2904 733 3178 813 contigit.
3215 730 3362 794 Nam
3388 750 3534 822 cum,
3553 731 3665 793 hoc

265 831 282 885 ί
537 832 552 854 9
644 835 684 866 ,ἱ
751 833 772 864 λ
817 830 869 850 ΙΝ
1037 829 1082 864 ἢ).
1155 831 1168 848 \
1321 832 1332 848 ἵ
1445 833 1457 850 \
1555 832 1569 852 ν
1666 831 1688 850 .’
1847 855 1858 864 ι
1916 832 1931 852 \

290 853 486 888 στατο.
563 840 687 888 Erret
721 830 773 887 δε
817 845 916 887 εοει
949 845 1085 906 μηοε
1119 853 1182 887 τα
1212 853 1347 887 κατα
1404 854 1504 900 την
1575 843 1801 910 Αγαπηι
1850 854 1934 888 και

271 921 518 999 Εἰρήνην
591 921 676 977 καὶ
733 922 943 977 Χιονίαν
1001 922 1117 987 εἰκῆ
1175 927 1252 993 τῷ
1310 921 1628 1000 Χρυσογόνῳ
1683 921 1932 1001 ῥηθῆναι,

268 1012 466 1085 μαθὼν
523 1012 611 1068 καὶ
641 1012 706 1067 τὰ
737 1010 859 1067 κατ’
889 1009 1047 1072 αὗτάς
1080 1012 1108 1066 ὁ
1136 1011 1349 1066 πάντων
1383 1010 1436 1066 ἐν
1480 1009 1752 1084 δσσσεϐείᾳ
1797 1034 1932 1088 κρα-

267 1101 453 1170 τήσας
504 1099 888 1168 Διοκλητιανὸς
920 1098 1288 1175 μετακλήτους
1315 1099 1500 1157 αιῖιτίκα
1549 1115 1716 1174 ποιεῖ,
1752 1099 1936 1168 ἵστησί

271 1211 335 1246 τε
372 1191 535 1254 αύτάς
581 1191 680 1268 πρὸ
725 1198 818 1249 τοῦ
859 1191 1130 1266 βήματος.
1199 1187 1496 1268 Ἀγάμενος
1549 1189 1603 1246 δὲ
1643 1198 1736 1247 τοῦ
1789 1192 1935 1269 σχή-

275 1302 458 1355 ματος
518 1285 608 1338 καὶ
669 1277 1013 1361 φρονήματος
1073 1280 1162 1335 καὶ
1227 1284 1356 1359 πρὸς
1413 1282 1620 1345 τούτοις
1669 1286 1764 1348 τῆς
1796 1283 1939 1358 ὁιρας

277 1372 519 1437 καὶτῆς
575 1371 902 1436 ἒπανθούσης
961 1372 1150 1433 αὒταῖς
1221 1376 1296 1444 τῷ
1369 1371 1640 1448 προσώπῳ
1690 1370 1937 1450 χάριτος,

279 1459 468 1524 ἄλλως
500 1483 555 1516 τε
605 1459 659 1516 δὲ
704 1462 794 1516 καὶ
837 1467 992 1516 τοῦτο
1029 1459 1235 1522 ἐκεῖνος
1293 1458 1442 1522 εἰδὼς
1488 1461 1562 1524 ὠς
1593 1459 1750 1527 ἤθους
1783 1461 1939 1540 βάρος

279 1551 378 1606 καὶ
421 1555 610 1629 ψυχῆς
657 1549 863 1625 ἀξίωμα
905 1551 994 1604 καὶ
1039 1549 1274 1629 εὒγένεια
1324 1551 1417 1606 οὒκ
1448 1548 1511 1604 ἄν
1560 1573 1687 1607 ποτε
1729 1553 1937 1630 τραχύ-

276 1660 454 1704 τητος
486 1639 767 1711 ἡττηθείη,
803 1637 924 1694 ἀλλ’
954 1638 1134 1704 ἠπίοις
1179 1636 1382 1713 μᾶλλον
1431 1637 1609 1716 λόγοις
1655 1640 1792 1697 εἴκει
1851 1633 1939 1696 καὶ

279 1727 577 1786 κλέπτεται
608 1731 932 1808 θεραπείαις,
963 1730 1162 1797 ταύτην
1195 1727 1260 1796 δὴ
1297 1732 1383 1786 καὶ
1417 1730 1568 1794 αὐτός
1599 1729 1710 1806 ᾓει.

375 1906 462 1969 Θ’.
523 1909 618 1965 Καὶ
675 1912 860 1985 πρῶτα
907 1908 1005 1979 μὲν
1069 1909 1204 1984 ὁμοῦ
1287 1915 1391 1964 τῶν
1453 1910 1610 1988 τριῶν
1669 1908 1939 1988 διάπειραν

282 1998 554 2076 ἐποιεῖτο,
615 1998 846 2055 ἐπαινῶν
889 2020 944 2054 τε
1014 1997 1126 2074 ἅμα
1186 2001 1273 2056 καὶ
1321 2007 1614 2079 παραινῶν,
1673 1991 1838 2079 Ὀρῶν
1889 2000 1942 2055 ἐν

281 2089 447 2163 ὑμῖν,
510 2087 706 2166 λέγων,
767 2088 916 2154 ἀνθος
980 2110 1034 2144 τε
1075 2091 1288 2156 ἡλικίας
1333 2093 1421 2146 καὶ
1463 2091 1604 2169 ὥραν
1667 2091 1940 2170 σώματος,

285 2178 395 2254 πρὸ
445 2176 499 2232 δέ
543 2178 746 2234 τούτων
791 2183 977 2258 ψυχῆς
1036 2179 1364 2258 παράστημα
1418 2179 1625 2257 εὐγενὲς
1676 2181 1762 2236 καὶ
1807 2179 1940 2259 φρό-

286 2288 444 2341 νημα
492 2271 590 2333 τῆς
644 2265 830 2331 ἔξωθεν
873 2269 977 2348 οὔχ
1020 2268 1180 2335 ἧττον
1237 2269 1459 2348 χάριτος
1511 2267 1838 2344 διαλάμπον,
1886 2273 1945 2326 0-3

284 2356 400 2431 μὴν
448 2354 582 2412 ἀλλά
613 2359 699 2412 καὶ
732 2357 925 2435 ἀγαθὰς
960 2359 1042 2414 καὶ
1090 2357 1140 2422 ἐξ
1199 2358 1408 2435 ἀγαθῶν
1463 2359 1738 2436 γεγονυίας
1785 2359 1945 2414 ἀκού-

286 2467 414 2517 σας,
463 2447 594 2520 πρὸς
627 2444 680 2500 δὲ
725 2448 930 2510 τούτοις
974 2448 1063 2504 καὶ
1099 2445 1276 2525 λόγων
1320 2450 1512 2512 ἱκανῶς
1544 2450 1944 2528 μετασχούσας,

285 2535 482 2593 οἶκτον
510 2536 681 2614 ὑμῶν,
731 2536 806 2609 μὰ
837 2537 955 2599 τοὺς
1001 2537 1176 2614 θεοὺς,
1221 2540 1312 2594 οὐκ
1374 2536 1554 2616 ὀλίγον
1588 2535 1867 2617 λαμϐάνω,
1906 2540 1948 2594 εἰ

289 2627 413 2704 περὶ
476 2625 644 2680 ταῦτα
699 2625 874 2682 πάντα
929 2629 1016 2683 καὶ
1063 2627 1159 2693 τὴν
1202 2625 1456 2705 ὗμετέραν
1508 2629 1652 2698 ζωὴν
1710 2629 1800 2683 τὸν
1832 2629 1950 2683 κίν-

291 2713 446 2771 δυνον
488 2715 818 2784 ῦποτήσεσθε
875 2718 960 2772 καὶ
1006 2731 1082 2790 μὴ
1143 2738 1192 2772 τι
1248 2719 1490 2796 χρηστὸν
1551 2718 1788 2796 φθέσητε
1819 2719 1950 2794 βου-

295 2803 580 2860 λεύσασθαι
638 2806 756 2883 περὶ
802 2805 1022 2864 ἑαυτῶν.
1073 2805 1269 2863 Τούτου
1326 2807 1425 2884 γὰρ
1487 2805 1640 2862 ἕνεκα
1689 2809 1772 2862 καὶ
1831 2806 1950 2862 κατ’

301 2893 433 2968 ὄψιν
460 2893 592 2968 ὕμάς
637 2894 768 2968 ἐμοῦ
802 2895 988 2962 στῆναι
1033 2897 1118 2951 καὶ
1153 2894 1327 2973 λόγων
1361 2893 1672 2971 μεταδοῦναι
1725 2895 1951 2969 ἠξίωσα,

307 2982 412 3035 ’ίνα
456 2983 540 3036 καὶ
579 2983 696 3060 παρ’
742 2983 872 3059 ἐμοῦ
916 2986 1002 3042 καὶ
1065 2984 1188 3063 παρ’
1251 2986 1449 3040 ἑαυτῶν
1495 2985 1560 3040 τὰ
1605 2982 1793 3041 δέοντα
1826 3007 1953 3039 συν-

320 3067 458 3127 ιδεῖν
502 3071 793 3140 δυνηθεῖσαι
847 3075 1161 3154 ἀπόσχησθε
1214 3075 1310 3150 μὲν
1354 3073 1630 3152 λογισμῶν
1680 3074 1950 3154 ἀφρόνων,

314 3161 490 3216 θυσίαν
542 3161 595 3218 δὲ
637 3176 756 3228 τοῖς
788 3167 933 3226 θεοῖς
989 3164 1381 3243 προσενέγκητε
1418 3180 1430 3193 ⁸

2022 828 2142 888 Deo
2163 827 2241 888 ita
2264 827 2452 887 visum
2487 823 2933 906 esset,excessit
2961 843 2994 886 a
3025 824 3139 884 vita
3174 821 3478 904 praesenti.
3502 821 3666 894 Quo-

2020 915 2177 978 niam
2202 925 2400 978 autem
2427 934 2626 995 neque
2657 915 2731 976 de
2762 916 2965 994 Agape
3009 922 3066 974 et
3098 915 3270 975 [rene
3313 921 3372 972 et
3420 910 3667 973 Chionia

2019 1005 2327 1087 oportebat
2361 1014 2586 1068 temere
2611 1005 2837 1067 dictum
2883 1023 3015 1065 esse
3040 1022 3074 1065 ει
3097 1001 3502 1084 Chrysogono,
3530 1019 3667 1062 curn

2020 1096 2096 1158 de
2127 1096 2198 1157 iis
2231 1094 2589 1171 rescivisset,
2625 1096 2728 1176 qui
2757 1113 2967 1155 omnes
2994 1093 3302 1174 impietate
3339 1091 3663 1172 superavit,

2020 1185 2558 1257 Diocletianus,eas
2580 1185 2778 1247 statim
2804 1187 3084 1258 accersit,
3117 1192 3176 1246 et
3208 1182 3365 1245 sistit
3388 1191 3526 1242 ante
3557 1179 3669 1240 tri-

2022 1277 2246 1338 bunal:
2286 1284 2342 1338 et
2373 1275 2677 1338 admirans
2706 1291 2907 1336 earum
2963 1273 3230 1336 habitum
3263 1280 3320 1333 et
3369 1274 3666 1351 spiritum,

2024 1375 2082 1428 et
2106 1375 2390 1446 pratterea
2419 1366 2708 1448 speciem,
2746 1373 2801 1426 et
2825 1383 2960 1442 quae
2991 1364 3050 1425 in
3083 1381 3288 1424 earum
3322 1362 3483 1421 vultu
3518 1360 3674 1436 vige-

2022 1456 2722 1536 bat,gratiam,etalioqui
2749 1473 2884 1515 cum
2913 1455 3026 1516 hoc
3050 1450 3411 1533 sciret,quod
3439 1467 3671 1510 morum

2021 1547 2295 1626 gravitas,
2329 1555 2386 1607 et
2418 1546 2705 1625 dignitate
2739 1543 3022 1625 praeditus
3075 1562 3142 1604 ac
3175 1557 3508 1621 generosus
3539 1540 3673 1600 ani-

2025 1654 2158 1697 mus
2192 1654 2494 1716 nunquam
2530 1635 2785 1696 vincitur
2845 1633 2917 1694 ab
2971 1635 3318 1713 asperitate,
3378 1629 3482 1691 sed
3517 1629 3678 1691 cedit

2025 1725 2222 1805 potius
2253 1725 2450 1787 verbis
2487 1725 2766 1788 mollibus
2817 1733 2873 1786 et
2929 1723 3199 1802 placidis,
3256 1732 3314 1784 et
3365 1719 3681 1782 attrahitur

1965 1851 2001 1900 Β
2025 1815 2261 1889 ofﬁciis,
2296 1835 2363 1876 va
2395 1816 2486 1876 via
2522 1815 2650 1895 ipse
2674 1833 2910 1894 quoque
2937 1812 3291 1891 ingreditur.

2106 1904 2204 1969 IX.
2239 1905 2310 1967 Et
2345 1907 2600 1985 primum
2630 1905 2874 1985 quidem
2913 1904 3089 1964 trium
3126 1903 3303 1964 simul
3348 1905 3489 1969 facit
3519 1904 3681 1982 peri-

2026 1996 2442 2075 culum,simul
2478 1994 2728 2056 laudans
2755 2002 2810 2054 et
2840 1994 3211 2055 admonens:
3251 1993 3392 2056 Cum
3429 1997 3487 2057 in
3518 1995 3681 2056 vobis

2024 2084 2527 2164 videam,dicens,
2563 2092 2619 2146 et
2658 2085 2870 2144 ﬂorem
2905 2087 3116 2162 aetatis,
3156 2091 3213 2144 et
3248 2085 3508 2164 speciem
3543 2105 3679 2146 cor-

2026 2176 2284 2256 poris,et
2318 2192 2643 2252 generosos
2669 2183 2953 2253 praeterea
2979 2173 3252 2252 spiritus,
3288 2177 3387 2254 qui
3416 2193 3530 2236 non
3564 2175 3680 2235 mi-

2029 2283 2140 2326 nus
2167 2263 2768 2344 resplendent,quam
2790 2270 3033 2324 externa
3064 2263 3249 2341 gratia
3285 2281 3297 2322 :
3335 2264 3475 2344 quin
3505 2265 3678 2325 etiam

2028 2353 2358 2415 audiverim
2395 2372 2494 2413 vos
2524 2372 2658 2414 esse
2709 2351 2921 2432 bonas,
2960 2358 3018 2412 et
3049 2351 3220 2412 bonis
3254 2363 3591 2433 prognatas,
3626 2363 3686 2415 et

2032 2453 2318 2526 praterea
2351 2443 2624 2504 doctrina
2652 2459 2889 2524 quoque
2921 2461 3043 2502 non
3071 2441 3454 2505 mediocriter
3475 2443 3682 2507 excul-

2035 2543 2144 2608 tas,
2183 2553 2286 2615 per
2326 2535 2496 2613 deos,
2558 2550 2802 2594 moveor
2855 2552 2971 2592 non
3007 2550 3182 2612 parva
3216 2535 3391 2594 vestri
3448 2533 3685 2595 miseri.

2035 2625 2265 2699 cordia,
2298 2623 2348 2684 si
2381 2624 2454 2684 de
2489 2623 2584 2685 his
2615 2621 2895 2682 omnibus
2951 2629 3010 2682 et
3061 2621 3137 2682 de
3198 2632 3393 2684 vestra
3451 2642 3688 2704 quoque

2033 2713 2152 2773 vita
2183 2713 2435 2774 venietis
2468 2713 2529 2771 in
2569 2710 2928 2790 periculum,
2963 2719 3021 2771 et
3067 2731 3183 2771 non
3235 2712 3399 2792 prius
3449 2712 3689 2794 aliquod

2036 2802 2260 2862 bonum
2286 2802 2360 2862 de
2387 2799 2554 2861 vobis
2579 2801 2721 2880 ipsis
2753 2799 3002 2881 capietis
3029 2801 3498 2864 consilium.Hac
3531 2803 3688 2864 enim

2035 2896 2107 2952 de
2127 2909 2297 2952 causa
2323 2909 2419 2951 vos
2439 2908 2665 2965 quoque
2687 2896 2837 2950 volui
2868 2903 2998 2950 ante
3015 2910 3206 2951 meum
3226 2906 3597 2966 conspectum
3614 2897 3692 2953 si-

2036 2987 2196 3041 stere
2217 2987 2278 3040 et
2298 2997 2398 3041 vos
2421 2978 2839 3057 convenire,ut
2861 2996 2992 3037 cum
3009 2997 3078 3038 ex
3096 2997 3191 3039 me
3205 2990 3261 3040 et
3278 2999 3345 3042 ex
3363 2979 3530 3042 vobis
3549 2980 3694 3060 ipsis

2037 3087 2107 3130 ea
2130 3089 2264 3150 quae
2287 3078 2545 3150 oportet,
2585 3070 2897 3149 potueritis
2948 3067 3307 3148 intelligere,
3344 3069 3694 3132 abstineatis

1486 3166 1574 3220 καὶ
1605 3162 1690 3220 διὰ
1720 3171 1876 3221 τοῦτο
1907 3165 1957 3221 τί

2041 3161 2284 3236 quidem
2319 3161 2391 3220 ab
2421 3157 2844 3259 insipientibus
2867 3157 3470 3259 cogitationibus,diis
3493 3169 3690 3222 autem

306 3251 387 3324 μὴ
447 3257 552 3307 τῶν
607 3252 818 3330 ἀγαθῶν
878 3254 1092 3319 ἑαυταῖς
1150 3254 1638 3332 πραγματεύσεσθε,
1674 3258 1807 3310 θεῶν
1867 3277 1957 3335 φι-

2043 3251 2304 3311 offeratis
2333 3247 2716 3321 sacriﬁcium,
2754 3257 2811 3309 et
2862 3266 2970 3328 per
3028 3249 3140 3310 hoc
3195 3250 3338 3330 quid
3400 3269 3518 3311 non
3551 3250 3693 3310 boni

302 3340 449 3415 λίαν,
509 3343 647 3417 ὶμὴν
712 3343 942 3418 εὔνοιαν,
1002 3343 1155 3410 δόξης
1208 3344 1480 3425 ἀφθονίαν,
1541 3344 1793 3424 νυμφίους
1867 3351 1960 3401 τοῦ

301 3428 538 3497 κάλλους
585 3434 736 3508 ὑμῶν
793 3432 986 3514 ἀξίους,
1035 3434 1265 3491 πλοῦτον
1314 3438 1398 3491 καὶ
1457 3433 1648 3503 ἡδονὰς
1698 3437 1790 3492 καί
1856 3440 1959 3491 πᾶν

303 3519 334 3575 ὅ
381 3543 435 3576 τι
467 3542 564 3600 περ
594 3521 844 3598 εὔδαιμον
905 3531 996 3581 τοῦ
1048 3523 1163 3601 βίου
1218 3525 1305 3580 καὶ
1365 3523 1562 3602 ἀγαθόν
1621 3523 1729 3580 ἔστι
1759 3545 1816 3580 τε
1874 3527 1960 3579 καὶ

305 3608 465 3667 δοκεῖ
471 3657 484 3670 .

394 3699 435 3757 ι’
468 3703 606 3780 Πρὸς
635 3713 799 3762 ταῦτα
831 3705 866 3772 ἡ
899 3703 994 3769 τὴν
1027 3701 1237 3771 ἡλικίαν
1269 3703 1481 3784 πρώτη,
1514 3705 1614 3771 τὴν
1655 3702 1710 3759 δὲ
1769 3703 1964 3770 κλῆσιν

303 3790 556 3869 Ἀγαπη,
617 3791 834 3872 πρώτην
877 3795 965 3848 καὶ
1027 3793 1120 3860 τὴν
1181 3795 1252 3858 είς
1301 3795 1432 3849 Θεὸν
1493 3793 1710 3870 ἀγάπην
1737 3792 1962 3873 ὀφθῆναι

311 3879 615 3938 σπεύδουσα
673 3880 816 3938 αἰδοῖ
867 3881 1058 3957 μίξασα
1099 3882 1416 3961 παρρησίαν,
1467 3881 1742 3957 εὐκόσμως
1797 3903 1854 3938 τε
1899 3883 1965 3937 τξι

311 3971 480 4049 χείλη
525 3969 768 4049 διάρασα,
819 3970 1016 4040 Μηδείς
1066 3995 1183 4046 σου,
1231 3974 1383 4053 φησὶ,
1448 3973 1672 4028 πειθέτω
1701 3971 1885 4050 λόγος,
1918 3974 1965 4026 ὦ

312 4057 564 4135 βασιλερ,
626 4062 699 4124 ὡς
741 4063 885 4136 ἡμᾶς
919 4063 954 4129 ἢ
997 4060 1154 4141 φόϐος
1189 4063 1470 4132 πτοήσειεν
1501 4062 1536 4130 ἢ
1567 4062 1733 4118 πειθὼ
1776 4060 1964 4116 δελεά-

315 4169 459 4204 σειεν
516 4150 550 4215 ἢ
612 4149 854 4215 κολάσεις
910 4149 1333 4226 διαπειλούμενει
1377 4151 1412 4220 ἢ
1463 4151 1632 4228 ἀγαθά
1685 4151 1966 4229 προτεινό-

314 4260 452 4314 μενα
496 4239 532 4308 ἦ
576 4241 830 4308 νεότητος
876 4243 1062 4305 οἶκτος
1094 4242 1130 4310 ἢ
1162 4241 1390 4306 γάλλους
1417 4241 1564 4304 ἕλεος
1595 4240 1631 4310 ἢ
1663 4243 1754 4297 τοῦ
1783 4240 1967 4319 γένους

313 4328 636 4408 λαμπρότης
697 4330 939 4406 μαλακόν
997 4354 1046 4388 τι
1089 4332 1318 4388 πείσειεν
1377 4331 1514 4396 ὅλως
1569 4332 1965 4401 ὑπονοήσασθαι

2046 3340 2212 3401 vobis
2235 3339 2384 3420 ipsis
2403 3337 2792 3418 comparetis,
2827 3337 3078 3399 deorum
3118 3339 3470 3417 amicitiam,
3505 3357 3696 3400 meam

2045 3429 2549 3501 benevolentiam,
2583 3427 2784 3506 gloria:
2825 3427 3284 3510 abundantiam,
3313 3447 3570 3510 sponsos
3602 3429 3699 3490 di-

2044 3537 2194 3599 gnos
2224 3528 2418 3581 vestra
2454 3517 3162 3599 pulchritudine,divitias
3184 3527 3245 3580 et
3278 3519 3706 3599 voluptates,et

2046 3608 2340 3690 quidquid
2376 3609 2436 3668 in
2468 3607 2584 3667 vita
2609 3606 2748 3668 felix
2774 3606 3122 3688 bonumque
3153 3616 3243 3670 est
3274 3617 3332 3668 et
3361 3609 3616 3671 videtur.

2127 3698 2202 3761 X.
2235 3699 2324 3760 Ad
2357 3699 2482 3759 haec
2514 3706 2715 3758 autem
2751 3715 2821 3758 ea
2851 3715 2980 3777 quae
3003 3709 3132 3758 erat
3150 3697 3342 3777 major
3359 3709 3705 3775 natu,voca—

2051 3791 2224 3851 batur
2251 3805 2394 3850 vero
2425 3790 2651 3868 Agape,
2703 3804 2837 3866 quae
2885 3785 3166 3848 studebat
3218 3807 3459 3868 quoque
3508 3789 3697 3851 videri

2050 3881 2240 3961 prima
2292 3877 2618 3938 dilectione
2667 3875 2728 3936 in
2780 3875 2988 3951 Deum,
3029 3895 3164 3937 cum
3197 3879 3554 3941 verecundia
3586 3878 3704 3940 mi-

2049 3988 2225 4032 scens
2255 3966 2497 4030 dicendi
2556 3965 2915 4043 libertatem,
2955 3973 3012 4027 et
3070 3966 3237 4028 labra
3269 3968 3518 4031 honeste
3553 3988 3700 4050 ape-

2053 4060 2218 4122 riens
2246 4079 2258 4122 :
2287 4056 2483 4130 Nulla,
2521 4055 2738 4136 inquit,
2764 4055 2916 4116 ratio
2943 4055 3043 4116 tibi
3069 4057 3495 4135 persuadeat,o
3519 4059 3709 4140 impe-

2054 4158 2239 4230 rator,
2274 4147 2435 4226 quod
2468 4164 2576 4207 nos
2610 4145 2701 4208 vel
2738 4153 2931 4206 metus
2984 4147 3398 4225 perterrucrit,
3427 4157 3527 4209 aut
3558 4168 3699 4230 per-

2053 4238 2252 4301 suasio
2309 4238 2683 4310 inescaverit,
2737 4247 2836 4294 aut
2894 4232 3206 4296 intentatae
3264 4237 3698 4317 suppliciorum

2055 4328 2253 4403 minae,
2287 4336 2385 4389 aut
2416 4325 2572 4388 bona
2601 4324 2928 4406 proposita,
2963 4332 3066 4385 aut
3090 4324 3427 4403 juventutis
3459 4327 3703 4390 miseri-

314 4419 396 4494 μὴ
459 4417 540 4476 ὅτι
585 4441 647 4498 γε
704 4422 790 4476 καὶ
822 4422 1018 4495 εἰπεῖν,
1051 4420 1169 4478 ἀλλ’
1220 4423 1350 4481 αὐτὰ
1381 4420 1445 4491 δὴ
1475 4431 1642 4480 ταῦτα
1671 4422 1836 4478 πείθει
1880 4425 1970 4478 καὶ

2055 4419 2300 4493 cordia,
2375 4428 2476 4479 aut
2542 4412 2986 4477 commiseratio
3069 4414 3535 4494 pulchritudinis
3607 4428 3710 4480 aut

315 4507 552 4585 μάλιστα
608 4510 831 4566 θανάτου
888 4524 1265 4591 καταφρονεῖν,
1329 4512 1409 4567 ὃτι
1482 4510 1758 4575 τοσούταις
1828 4512 1970 4591 παρά

2056 4508 2342 4590 splendor
2399 4505 2661 4586 generis,
2715 4502 2887 4564 nobis
2940 4503 3184 4565 omnino
3224 4506 3605 4585 persuaserit,
3645 4516 3711 4569 ut

318 4605 454 4654 Θεοῦ
505 4603 864 4675 κοσμηθεῖσαι
926 4615 1045 4666 τοῖς
1119 4600 1342 4680 ἀγαθοῖς
1401 4603 1490 4657 καὶ
1543 4599 1682 4657 οὕτω
1741 4599 1969 4666 πολλοῖς

2056 4598 2277 4679 aliquid
2336 4597 2516 4658 molle
2571 4604 2631 4658 et
2683 4594 3005 4656 delicatum
3060 4596 3308 4656 omnino
3356 4597 3709 4676 cogitemus,

316 4687 755 4765 πλεονεκτήμασι
832 4688 1166 4772 διαφέρουσαι
1250 4691 1462 4747 πάντων
1550 4691 1610 4746 ἃν
1663 4688 1973 4767 ἀτοπώτερα

2060 4689 2282 4747 nedum
2319 4694 2384 4747 ut
2413 4683 2828 4746 dicamus.Sed
2862 4686 2986 4745 haec
3016 4683 3258 4765 quidem
3294 4686 3420 4766 ipsa
3460 4687 3546 4748 vel
3583 4706 3710 4749 ma-

319 4775 670 4846 διανοηθῆσαι
715 4779 991 4859 φανῶμεν,
1048 4782 1092 4836 εἰ
1148 4782 1240 4837 τὸν
1301 4777 1569 4836 δεδωκότα
1632 4781 1761 4836 Θεὸν
1807 4783 1972 4856 ἡμεῖς

2062 4776 2220 4838 xime
2271 4775 2632 4856 persuadent
2684 4782 2940 4835 mortem
2991 4781 3403 4852 contemnere,
3439 4779 3595 4857 quod
3629 4787 3716 4840 tot

320 4867 678 4947 ἀρνηθείημεν
727 4866 965 4934 ἀϐούλως
1026 4869 1223 4951 σφόδρα
1299 4871 1389 4927 καὶ
1471 4870 1824 4948 ἀγνωμόνως,
1887 4871 1973 4925 καὶ

2062 4866 2234 4928 bonis
2264 4885 2298 4926 a
2328 4867 2452 4928 Deo
2504 4875 2746 4938 ornatae,
2787 4873 2903 4924 tam
2959 4862 3163 4924 multis
3193 4867 3525 4928 commodis
3557 4886 3714 4949 prae-

323 4958 405 5033 μὴ
464 4959 522 5013 τὲ
570 4956 694 5038 παρ’
739 4963 896 5019 αιῖιτοῦ
940 4959 1146 5036 μᾶλλον
1171 4961 1226 5016 ἐν
1258 4964 1444 5024 αὐτοῖς
1475 4960 1606 5038 ὑπὲρ
1637 4961 1794 5016 αὐτοῦ
1837 4958 1968 5038 πρός

2061 4955 2582 5030 stantes,omnium
2605 4952 3037 5016 absurdissima
3065 4953 3411 5015 videremur
3431 4957 3714 5036 cogitare,

321 5068 484 5128 φασιν
514 5050 714 5112 εὐνοίας
741 5051 827 5105 καὶ
858 5052 1086 5115 πίστεως
1117 5051 1385 5131 ἀσφαλοῦς
1419 5051 1778 5126 ποιησόμεθα,

2061 5047 2110 5108 si
2135 5045 2457 5126 Deum,qui
2491 5063 2559 5106 ea
2590 5042 2895 5117 dedit,nos
2927 5041 3374 5106 inconsiderate
3393 5045 3716 5109 admodum

319 5144 385 5198 et
416 5135 642 5214 ingrate
685 5139 1102 5217 negaverimus
1133 5147 1191 5201 et
1246 5158 1364 5201 non
1399 5156 1468 5199 ea
1514 5156 1645 5220 qua
1685 5137 1760 5200 ab
1819 5157 1890 5200 eo
1923 5136 2289 5217 accepimus,
2323 5134 2386 5195 in
2441 5133 2517 5196 iis
2548 5151 2679 5215 quae
2725 5150 2828 5213 pro
2873 5131 3002 5212 ipso
3035 5148 3299 5212 passurae
3342 5151 3572 5212 sumus,
3609 5156 3717 5199 oc-

321 5223 626 5288 casionem
660 5226 1116 5310 benevolentiae,
1144 5238 1444 5310 certaeque
1488 5235 1546 5291 et
1570 5226 1800 5289 stabilis
1821 5227 1965 5290 ﬁdei
1996 5227 2365 5291 duxerimus.

410 5315 516 5376 IA’.
576 5319 782 5386 Ταύτην
840 5322 865 5375 ὁ
910 5320 1158 5399 τύραννος
1215 5322 1315 5389 τὴν
1349 5309 1684 5399 Ῠπαῤῥησίαν
1743 5318 1973 5385 ἐκτόπως

2148 5314 2250 5378 XI.
2285 5314 2448 5376 Hanc
2481 5311 2767 5393 loquendi
2789 5309 3126 5373 libertatem
3151 5330 3332 5394 supra
3350 5313 3589 5377 modum
3621 5315 3720 5377 ad-

320 5407 596 5482 θαυμάσας
629 5412 719 5466 καὶ
783 5412 1002 5485 νομίσας
1047 5410 1192 5468 εἶναι
1252 5411 1468 5491 μανίαν,
1505 5412 1578 5474 ὼς
1610 5407 1664 5465 δὲ
1694 5409 1780 5465 καὶ
1811 5409 1973 5466 καλέ-

2071 5405 2319 5468 miratus
2353 5413 2662 5486 tyrannus,
2699 5411 2757 5466 et
2786 5409 2949 5463 ratus
2982 5419 3117 5464 esse
3149 5402 3467 5479 insaniam,
3505 5413 3562 5466 et
3593 5423 3724 5467 eam

322 5519 447 5570 σας,
500 5499 710 5556 οἴκοθεν
744 5503 990 5580 ἀτεχνῶς
1026 5501 1122 5568 τὴν
1167 5502 1344 5580 κρίσινδ
1385 5499 1699 5574 ποιούμενος
1729 5498 1826 5565 τῆς
1887 5499 1973 5574 μὲη

2072 5498 2155 5558 ita
2181 5495 2514 5577 appellans,
2552 5512 2621 5555 ex
2649 5512 2712 5554 se
2747 5492 2926 5572 plane
2956 5492 3182 5554 faciens
3217 5493 3536 5573 judicium,
3570 5497 3727 5575 Aga-

324 5585 575 5666 ’Λγάπης
633 5592 694 5647 ού
746 5588 910 5647 πλέον
958 5590 1303 5672 ἀπεπειρᾶτο,
1364 5588 1611 5668 δευτέραν
1648 5586 1702 5644 δὲ
1733 5587 1833 5655 τὴν
1866 5585 1973 5644 δευ-

2082 5604 2196 5667 peu
2249 5586 2492 5667 quidem
2546 5602 2666 5646 non
2725 5582 2968 5644 tentavit
3009 5583 3286 5665 amplius,
3321 5585 3588 5646 secundo
3619 5603 3730 5645 au-

320 5680 484 5758 τέραν
520 5685 746 5760 παριστᾷ
777 5681 866 5736 καὶ
897 5682 1017 5746 τοὺς
1073 5680 1262 5760 λόγους
1290 5670 1608 5761 προσῆγεν.
1659 5670 1751 5742 Ὠς
1811 5676 1865 5734 δὲ
1906 5701 1973 5734 κα

2087 5683 2206 5738 tem
2256 5676 2438 5755 jussit
2493 5673 2621 5736 sisti
2679 5672 3029 5750 secundam,
3093 5679 3152 5733 et
3201 5673 3400 5736 verbis
3456 5691 3584 5736 eam
3643 5678 3732 5732 est
