4148 6404
444 313 561 386 583
1757 324 1919 389 ΜΕΝ
1926 323 2038 386 SIS
2077 324 2092 386 ]

2180 318 2504 389 GEMBER.
3713 323 3828 396 584

452 455 714 518 adortus.
752 451 1069 534 Postquam
1099 473 1238 517 vero
1269 455 1447 536 hujus
1476 474 1714 536 quoque
1737 455 2092 530 similiter,el

2184 459 2346 527 αὐτῆς
2405 460 2629 536 ὁμοίως,
2675 460 2800 517 εἶτα
2840 461 2928 517 καὶ
2975 465 3073 528 τῆς
3131 463 3313 541 τρίτης
3372 464 3472 522 τὶν
3521 463 3830 539 μεταϐολὴν

456 543 678 633 deinde
711 541 904 633 tertiae
953 543 1292 624 desperavit
1348 546 1761 627 mutationem,
1795 556 2092 626 postremo

2184 549 2420 629 ἀπέγνω,
2484 549 2792 608 τελευταῖον
2842 549 3028 616 αὖταϊς
3080 553 3315 609 ἒπειπὼν
3371 555 3442 618 ὡς
3491 555 3553 611 Αἱ
3586 557 3827 633 θρασεῖαι

457 631 669 694 dicens
699 649 712 694 :
744 629 884 693 Haec
912 633 1157 694 audacia
1180 642 1371 695 vestra
1396 652 1684 715 responsa
1715 635 1875 696 nulla
1899 653 1963 697 re
1984 635 2092 698 alia

2184 639 2330 710 ὑμῶν
2382 639 2686 716 ἀποκρίσεις
2744 643 2895 696 αὗται
2960 638 3204 716 οΜαμῶς
3270 641 3443 705 ἄλλως
3507 644 3540 711 ἢ
3586 629 3828 721 βασάνων

457 740 632 802 quem
667 722 903 783 inﬂictis
933 724 1244 784 tormentis
1274 723 1660 803 curabuntur,
1696 724 1824 786 illas
1857 725 2096 806 quidem

455 811 697 890 conjicit
752 816 809 870 in
865 828 1165 874 carcerem
1205 833 1218 872 :
1267 813 1401 894 ipse
1447 822 1646 875 autem
1697 813 1756 874 in
1802 814 2098 895 supplicio

454 898 892 962 considerando
947 918 1014 961 ac
1047 901 1414 982 exquirendo
1470 902 1815 965 versabatur
1871 904 2094 980 animo,

454 1007 664 1050 novam
687 989 946 1070 aliquam
1001 999 1059 1051 et
1083 991 1258 1072 longe
1289 993 1694 1072 gravissimam
1729 994 1814 1054 eis
1847 1001 2096 1056 mortem

454 1079 728 1140 invenire
746 1080 1132 1142 contendens.
1147 1083 1290 1155 Quae
1308 1101 1453 1144 vero
1471 1083 1562 1145 vel
1587 1091 1724 1145 ante
1746 1089 2095 1158 certamina,

452 1169 650 1230 animo
683 1177 741 1230 et
771 1168 1037 1232 instituto
1085 1181 1214 1234 erat
1246 1191 1456 1234 eorum
1509 1172 1854 1235 certationis
1906 1177 2089 1248 socia,

451 1259 870 1334 Anastasia,ea
891 1279 1022 1340 quae
1037 1270 1450 1339 consueverat,
1472 1281 1590 1324 non
1615 1263 2097 1325 cessabatadhuc

449 1349 668 1423 facere,
705 1347 901 1410 verbis
931 1349 1172 1429 quidem
1207 1352 1503 1414 accedens
1530 1351 1600 1414 ad
1629 1360 1954 1427 certamen,
1989 1371 2095 1414 re-

449 1438 578 1518 ipsa
608 1447 805 1500 autem
839 1456 1043 1499 earum
1078 1459 1278 1504 curam
1315 1461 1529 1520 gerens
1565 1464 1576 1501 :
1637 1451 1696 1504 et
1730 1462 1846 1504 non
1880 1445 2092 1504 harum

449 1527 666 1600 solum,
703 1545 898 1607 neque
930 1528 1297 1608 reliquorum
1350 1532 1616 1593 omnium
1668 1533 1767 1612 qui
1820 1531 2099 1594 similiter

449 1615 858 1690 decertabant,
917 1616 1199 1680 similiter
1254 1639 1460 1682 curam
1510 1620 1776 1700 gerebat,
1833 1621 1940 1682 sed
1994 1640 2098 1682 eos

449 1706 760 1787 etiam,qui
783 1706 1004 1787 alioqui
1024 1723 1193 1769 erant
1225 1710 1865 1790 inopes,Christianam
1899 1719 2095 1773 autem

2184 727 2468 807 ἐπιφοραῖς
2512 731 2840 808 ἰαθήσονται,
2893 729 3096 794 ἐκείνας
3141 731 3240 805 μὲν
3292 739 3360 808 τῇ
3415 733 3598 810 εἰρκτῇ
3653 755 3830 812 παρα-

2183 815 2416 893 δίδωσιν,
2473 821 2627 884 αὐτὸς
2673 817 2726 875 δὲ
2785 820 2904 896 περὶ
2964 819 3060 887 τὴν
3116 817 3394 896 διάσκεψιν
3423 830 3527 878 τῶν
3561 829 3832 902 τιμωριῶν

2181 905 2486 988 ἀπησχόλει
2518 911 2608 965 τὸν
2667 918 2808 988 νοῦν,
2859 909 3173 965 καινότατὸν
3219 932 3336 966 τινα
3369 913 3456 967 καὶ
3501 912 3828 991 χαλεπώτα-

2181 1019 2272 1052 τον
2316 1002 2504 1063 αὐταῖς
2563 999 2784 1056 θάνατον
2849 997 3076 1074 ἑξευρεϊν
3135 999 3508 1077 ἐπειγόμενος.
3544 1002 3609 1057 Ἦ
3671 1000 3724 1057 δέ
3767 1023 3830 1078 γε

2181 1087 2269 1142 καὶ
2319 1090 2420 1167 πρὸ
2465 1095 2570 1145 τῶν
2635 1088 2856 1166 ἀγώνων
2911 1093 2978 1164 τῇ
3033 1090 3333 1167 προαιρέσει
3392 1089 3642 1155 σύναθλος
3699 1091 3831 1146 ταύ-

2181 1198 2297 1238 ταις
2341 1176 2673 1234 Ἀναστασία
2703 1185 2768 1234 τὰ
2814 1177 3035 1234 εἰωθότα
3064 1180 3153 1234 καὶ
3184 1177 3261 1236 ἔτι
3296 1192 3472 1236 ποιεῖν
3504 1183 3599 1238 οὐκ
3641 1178 3827 1257 ἔληγε,

2180 1263 2359 1346 λόγοις
2403 1268 2502 1342 μὲν
2568 1269 2699 1343 πρὸς
2747 1268 2838 1324 τὸν
2889 1267 3072 1346 ἀγῶνα
3131 1268 3588 1348 διαθερμαίνουσα,
3653 1269 3828 1348 ἔργοις

2179 1355 2232 1411 δὲ
2290 1358 2354 1412 τὰ
2408 1361 2500 1426 τῆς
2579 1358 2824 1428 προνοίας
2912 1356 3248 1432 ἐπιτελούσα,
3311 1360 3396 1414 καὶ
3448 1358 3571 1438 οὐχὶ
3627 1357 3827 1416 τούτων

2181 1444 2357 1520 μόνων
2403 1444 2520 1501 ούδὲ
2564 1447 2669 1502 τῶν
2731 1444 2932 1502 λοιπῶν
2975 1447 3188 1503 πάντων
3240 1453 3344 1503 τῶν
3376 1448 3572 1523 ὁμοίῶς
3597 1446 3824 1504 ἀθλούν-

2181 1556 2286 1589 των
2331 1535 2528 1610 ὁμοίως
2575 1534 2787 1614 εἴχετο,
2835 1533 2970 1593 ἀλλά
3012 1537 3104 1592 καί
3138 1541 3243 1592 τῶν
3279 1535 3451 1599 άλλως
3487 1537 3824 1616 ἀπορούντων

2181 1621 2414 1681 ὅσοιτά
2485 1629 2813 1702 Χριστιανῶν
2899 1623 3278 1702 πρεσϐεύοντες
3361 1626 3496 1693 ἦσαν
3580 1624 3829 1701 ούδαμῶς

2181 1713 2372 1788 ἡμέλει
2431 1727 2546 1780 τοῖς
2593 1714 2688 1788 μὲν
2736 1716 2953 1794 τροφας,
2989 1728 3105 1778 τοῖς
3141 1715 3195 1771 δὲ.
3232 1718 3450 1796 στολὰς,
3498 1730 3617 1782 τοῖς
3649 1715 3702 1772 δὲ
3734 1717 3829 1772 καί

450 1795 968 1877 amplectebantur
995 1797 1374 1881 religionem,
1410 1799 1657 1861 minime
1710 1799 2045 1880 negligebat
2081 1822 2092 1863 :

2186 1802 2345 1882 ἄμφω
2403 1803 2695 1882 φιλοτίμως
2743 1805 3076 1884 παρέχουσα,
3111 1808 3185 1860 ὧν
3246 1795 3477 1880 ἀμοιϐὴν
3530 1807 3653 1880 μίαν
3686 1805 3830 1863 ἐκεί-

449 1885 566 1946 illis
599 1885 840 1966 quidem
875 1885 1179 1969 alimenta,
1215 1890 1308 1950 his
1341 1908 1482 1951 vero
1539 1891 1915 1964 vestimenta,
1966 1891 2099 1951 aliis

448 1985 646 2037 autem
680 1983 931 2054 utraque
963 1976 1238 2056 praebens
1270 1978 1622 2055 liberaliter,
1648 1999 1902 2058 quorum
1939 1987 1997 2042 et
2024 1979 2097 2040 ab

447 2063 564 2126 illis
590 2082 765 2126 unam
801 2064 1041 2145 petebat
1070 2067 1646 2145 remunerationem,
1695 2078 1751 2130 et
1783 2070 1911 2150 ipsa
1943 2088 2092 2151 quo-

447 2174 560 2237 que
596 2153 977 2235 precabatur,
1033 2165 1095 2219 ut
1127 2157 1215 2219 eis
1243 2176 1489 2220 aureum
1515 2159 1858 2239 imponeret
1889 2160 2096 2240 signa-

445 2245 670 2314 culum,
710 2245 975 2324 martyrii
1007 2263 1313 2309 coronam.
1364 2247 1434 2309 Et
1485 2249 1646 2326 quod
1697 2250 1825 2330 ipsa
1853 2249 2092 2330 quidem

445 2353 553 2415 spe
582 2353 701 2396 non
733 2334 806 2395 sit
839 2334 1004 2410 falsa,
1037 2339 1230 2397 statim
1267 2337 1597 2400 declarabit
1626 2341 1840 2402 oratio.

527 2422 654 2486 ΧΠ.
693 2423 1096 2487 Diocletianus
1143 2435 1365 2507 autem,
1416 2447 1549 2490 cum
1605 2429 1680 2491 de
1739 2427 2094 2509 martyribus

449 2514 636 2575 multa
689 2515 890 2576 animo
945 2517 1242 2596 agitasset,
1279 2527 1336 2578 et
1390 2517 1451 2580 in
1506 2518 1690 2579 dubio
1740 2519 1868 2598 ejus
1898 2519 2094 2580 adhuc

448 2613 605 2665 esset
627 2603 953 2677 animus,et
976 2605 1151 2666 simul
1197 2615 1258 2668 ut
1291 2606 1770 2686 proﬁcisceretur
1801 2608 1859 2667 in
1896 2607 2092 2669 Mace-

446 2693 686 2754 doniam
719 2712 753 2754 a
782 2694 1134 2773 quibusdam
1179 2695 1434 2776 publicis
1466 2707 1784 2774 urgeretur
1817 2697 2091 2775 negotiis,

447 2802 579 2844 cum
617 2783 867 2844 Dulcitio
915 2785 1199 2864 praefecto
1257 2804 1458 2847 earum
1495 2787 1834 2850 mandasset
1865 2787 2093 2848 exami-

444 2874 772 2948 nationem,
804 2873 957 2954 quod
991 2892 1091 2934 eas
1125 2883 1428 2954 Oporteret
1463 2876 1695 2956 punire,
1725 2876 1911 2938 multa
1939 2895 2095 2958 prae-

445 2966 620 3044 cepit.
657 2963 763 3025 llle
793 2981 934 3024 vero
963 2981 1097 3024 cum
1137 2965 1307 3026 mala:
1350 2973 1575 3028 naturae
1607 2967 1929 3046 adjecisset
1961 2985 2092 3027 ma-

443 3051 563 3113 lum
583 3053 958 3132 imperatoris
993 3053 1363 3134 mandatum,
1401 3064 1457 3116 et
1479 3055 1626 3116 iram
1661 3056 1917 3117 maxime
1949 3074 2091 3118 exa-

2184 1915 2301 1956 νους
2333 1915 2390 1949 τε
2422 1895 2643 1970 ἀπῄτει,
2678 1895 2765 1950 καὶ
2815 1896 2948 1961 αὕτη
2994 1892 3063 1950 δι’
3113 1896 3282 1975 ενῦχῆς
3339 1895 3578 1953 ἐποιεῖτο
3607 1897 3668 1952 τὸ
3697 1901 3826 1951 πᾶσι

2181 1984 2384 2048 τούτοις
2437 1990 2643 2063 χρυσῆν
2700 1983 2962 2042 ἐπιΊεϊναι
3030 1982 3297 2065 σφραγῖδα
3363 1986 3454 2040 τὸν
3511 1986 3829 2064 μαρτυρικὺν

2181 2071 2460 2151 στέφανον.
2501 2075 2595 2132 Καὶ
2628 2073 2760 2140 αὕτη
2793 2075 2894 2149 μὲν
2927 2075 3006 2133 ὅτι
3052 2079 3152 2141 τῆς
3213 2072 3421 2138 ἐλπίδος
3455 2078 3513 2134 οὐ
3543 2074 3827 2150 διεψεύσθη

2181 2160 2306 2220 ὅσον
2338 2162 2486 2220 οὔπω
2517 2163 2603 2220 καὶ
2635 2163 2845 2242 ὁλόγος
2876 2162 3131 2231 δηλώσει,

2263 2429 2364 2488 IB’.
2435 2431 2816 2500 Διοκλητιανὸς
2865 2431 2919 2488 δὲ
2964 2432 3136 2490 πολλὰ
3197 2436 3316 2509 περὶ
3377 2435 3484 2490 τῶν
3545 2435 3825 2514 μαρτύρων

2177 2517 2617 2598 διασκεψάμενος,
2668 2522 2721 2578 ὲν
2751 2523 2934 2596 ἀπόρῳ
2977 2545 3033 2580 τε
3087 2523 3164 2580 ἔτι
3225 2524 3321 2589 την
3383 2523 3604 2601 γνώμην
3649 2523 3822 2605 ἔχων,

2176 2612 2261 2665 καὶ
2329 2609 2441 2684 ἅμα
2524 2614 2622 2678 την
2682 2613 2734 2676 ἐς
2817 2611 3138 2669 Μακεδονίαν
3220 2612 3452 2669 ἐλαύνειν
3512 2615 3612 2670 ύπὸ
3669 2637 3826 2670 τινων

2177 2697 2544 2780 ἐπειγόμενος,
2578 2700 2849 2777 δημοσίων
2884 2700 3177 2776 Δουλκιτίῳ
3226 2702 3452 2782 ἐπάρχῳ
3501 2704 3598 2770 τὴν
3628 2706 3827 2761 τούτων

2179 2786 2412 2853 ἐξέτασιν
2458 2789 2766 2869 ἐπιτρέψας,
2831 2789 3003 2847 πολλὰ
3063 2794 3182 2870 περὶ
3240 2800 3331 2850 τοῦ
3362 2791 3472 2849 δεῖν
3506 2793 3667 2856 αύτάς
3725 2817 3827 2852 κο-

2179 2877 2355 2949 λάζειν
2440 2877 2798 2960 ἐπήγγελλεν.
2861 2871 2919 2938 Ὀ
2977 2879 3031 2936 δὲ
3113 2888 3322 2961 πονηρᾷ
3381 2883 3528 2962 φύσει
3590 2884 3828 2962 πονηρὰν

2178 2969 2420 3046 προσθεὶς
2455 2969 2719 3044 βασιλέως
2769 2968 3022 3044 διάταξιν,
3060 2973 3147 3027 καὶ
3192 2973 3284 3028 τὸν
3339 2974 3504 3048 θυμὸν
3534 2975 3609 3037 ὡς
3658 2973 3826 3048 μαλι-

2178 3081 2277 3114 στα
2329 3061 2632 3137 παραθήξας
2691 3059 2902 3134 ἕτοιμος
2982 3060 3046 3127 ἦν
3136 3059 3426 3131 ἀπλήστως
3504 3067 3572 3137 τῇ
3630 3066 3821 3140 γνώμῃ

447 3142 686 3218 cuisset,
718 3153 953 3222 paratus
982 3153 1112 3204 erat
1141 3161 1314 3206 suum
1352 3145 1769 3226 inexplebilem
1825 3145 2090 3207 animum

2180 3149 2504 3228 χρήσασθαι,
2568 3145 2664 3213 Ὠς
2709 3147 2761 3204 δὲ
2805 3151 2894 3206 καὶ
2947 3148 3264 3228 ηὐτρέπιστο
3295 3151 3360 3206 τὰ
3408 3149 3550 3207 δεινὰ
3601 3153 3686 3207 καὶ
3728 3153 3825 3212 τὰς

451 3231 924 3294 exsatiare.Cum
951 3241 1146 3294 autem
1167 3235 1288 3312 jam
1318 3244 1514 3313 parata
1551 3245 1751 3298 essent
1772 3243 2088 3308 tormenta,

2180 3235 2461 3316 παρθένους
2492 3238 2720 3318 παρίστη
2779 3240 2856 3313 τῷ
2898 3237 3125 3315 βήματι,
3175 3242 3202 3296 ὁ
3252 3241 3347 3306 τὴν
3399 3236 3632 3295 διάνοιαν
3662 3238 3822 3317 ἀκρι-

445 3331 502 3383 et
525 3339 630 3402 pro
663 3320 945 3383 tribunali
977 3331 1205 3384 starent
1257 3323 1543 3402 virgines,
1577 3331 1675 3406 qui
1735 3334 1935 3387 monte
1969 3332 2092 3388 erat

2180 3323 2280 3385 ϐὡς
2335 3325 2654 3406 τυφλώττων
2711 3327 2904 3407 τυφλὸς
2960 3327 3176 3394 ἑξάπινα
3233 3329 3320 3384 καὶ
3378 3329 3472 3390 τὰς
3529 3326 3678 3403 ὄψεις
3729 3328 3818 3408 ἧν,

446 3411 618 3490 plane
649 3412 1020 3486 caecutiente,
1046 3422 1296 3493 repente
1327 3415 1505 3495 coepit
1538 3421 1712 3476 etiam
1740 3434 1873 3477 esse
1898 3432 2092 3476 caicus

444 3499 672 3581 oculis;
703 3501 790 3561 vel
823 3499 1018 3580 potius
1050 3519 1184 3561 cum
1217 3502 1519 3564 videretur
1551 3505 1845 3585 aspicere,
1883 3514 1940 3566 et
1971 3523 2090 3566 non

444 3589 678 3652 clausos
709 3589 958 3653 haberet
988 3591 1214 3674 oculos,
1260 3594 1566 3657 neminem
1612 3593 1848 3658 videbat
1899 3614 1968 3657 ex
2019 3595 2089 3655 iis

442 3679 543 3759 qui
571 3679 844 3742 aderant.
898 3681 1024 3752 Quo
1073 3681 1289 3744 factum
1338 3690 1447 3758 est,
1483 3693 1547 3746 ut
1582 3685 1839 3747 maxima
1871 3685 1958 3747 ira
1992 3691 2087 3746 in-

444 3789 680 3846 census,
707 3778 828 3833 tum
858 3772 1098 3852 quidem
1163 3773 1251 3834 vel
1316 3774 1532 3836 invitus
1573 3793 1674 3838 eas
1702 3776 2089 3838 abducereta

445 3859 762 3937 tribunali;
816 3861 1015 3923 timuit
1047 3862 1208 3924 enim
1239 3882 1316 3926 ne
1373 3865 1602 3945 aliquid
1633 3866 1890 3946 amplius
1919 3874 2087 3947 pate-

441 3958 634 4026 retur,
670 3951 720 4011 si
750 3952 1054 4034 adessent.
1092 3955 1300 4016 Postea
1324 3973 1463 4016 vero
1495 3974 1631 4017 cum
1661 3974 1868 4017 rursus
1891 3963 2092 4018 essent

445 4042 738 4121 conjectae
770 4043 827 4104 in
861 4060 1191 4120 carcerem,
1228 4053 1285 4106 et
1309 4045 1433 4124 jam
1491 4045 1564 4106 ad
1621 4047 1804 4108 Deum
1840 4047 2090 4127 hymnos

441 4132 637 4193 dicere
656 4138 714 4192 et
742 4131 970 4194 cantica
1000 4133 1256 4214 psallere
1281 4153 1582 4214 aggressaa
1608 4145 1833 4216 essent,
1869 4143 1927 4196 in
1951 4137 2088 4198 ani-

443 4240 538 4283 mo
561 4220 803 4301 quidem
831 4221 1412 4305 habuitirrumpere,
1447 4233 1504 4286 et
1535 4245 1601 4287 ex
1629 4227 1952 4306 improviso
1983 4245 2087 4289 ac-

440 4313 683 4386 cedens,
720 4311 955 4374 illarum
989 4313 1214 4389 venari,
1252 4323 1314 4374 ut
1373 4318 1634 4394 putabat,
1673 4317 2001 4396 praestigias
2033 4326 2091 4378 et

2176 3414 2377 3491 μᾶλλον
2437 3414 2487 3472 δὲ
2533 3416 2749 3494 βλέπειν
2807 3415 2976 3474 δοκῶν
3041 3420 3125 3475 καὶ
3176 3419 3296 3481 τοὺς
3343 3417 3645 3497 ὀφθαλμοὺς
3675 3417 3825 3498 ’έχων

2175 3506 2506 3581 ἀκλείστους,
2568 3506 2749 3564 οὐδένα
2802 3513 2905 3564 τῶν
2968 3509 3242 3587 παρόντων
3281 3508 3420 3588 ἐώρα
3453 3527 3469 3546 ο
3523 3509 3569 3583 ᾦ
3611 3506 3676 3575 δὴ
3733 3508 3824 3565 καὶ

2173 3595 2406 3671 μάλιστα
2463 3599 2555 3652 τὸν
2612 3599 2775 3672 θυμὸν
2836 3597 3113 3664 ἐκκαυθείς
3169 3599 3287 3656 τότε
3345 3598 3444 3674 μὲν
3503 3597 3664 3661 αὐτὰς
3735 3598 3824 3654 καὶ

2174 3685 2316 3742 ἄκων
2361 3685 2555 3764 ἀπάγει
2611 3688 2706 3744 τού
2765 3688 3010 3764 βήματος
3043 3705 3057 3720 ⁸
3132 3685 3311 3745 ἒδεδίει
3356 3689 3456 3768 γὰρ
3518 3689 3594 3764 μή
3640 3709 3691 3744 τι
3735 3687 3824 3744 καὶ

2173 3774 2338 3833 πλέον
2395 3776 2806 3855 παρισταμένων
2865 3778 3006 3853 αὒτῷ
3050 3779 3206 3836 πάθοι
3242 3796 3259 3812 ⁸
3312 3778 3527 3857 ὕστερον
3559 3775 3611 3832 δὲ
3642 3779 3714 3842 ὡς
3757 3781 3829 3853 τῇ

2174 3867 2355 3944 εἰρκτῇ
2397 3865 2733 3944 παρεδίδοντο
2764 3867 2853 3926 καὶ
2882 3866 2986 3934 ἤδη
3018 3873 3124 3923 τῶν
3179 3868 3251 3931 εἰς
3315 3868 3446 3921 Θεὸν
3502 3865 3680 3939 ὕμνων
3737 3867 3826 3921 καὶ

2173 3954 2321 4030 ᾠδῶν
2368 3956 2616 4037 εἴχοντο,
2654 3960 2791 4036 ὁρμᾷ
2846 3957 2945 4030 μὲν
2997 3953 3317 4022 εἰσπηδῆσαι
3361 3954 3448 4009 καὶ
3489 3954 3716 4031 θηράσαι
3747 3959 3825 4026 τῷ

2173 4047 2460 4126 ἀπριιόπτῳ
2514 4049 2612 4114 τὴν
2676 4046 2890 4102 ἐκείνων
2966 4044 3188 4124 φθάσας,
3255 4044 3329 4105 ὡς
3391 4043 3528 4116 ᾢετο
3602 4048 3823 4120 μᾰγγα-

2173 4137 2314 4193 νείαν
2352 4154 2364 4168 ·
2398 4137 2509 4208 θείᾳ
2535 4135 2588 4191 δὲ
2619 4135 2785 4212 βουλῇ
2839 4134 2932 4189 καί
2981 4133 3182 4200 ταύτης
3229 4131 3435 4196 ἐκεῖνος
3481 4138 3578 4201 τῆς
3623 4131 3823 4209 βουλῆς

2174 4225 2434 4304 εἴργεται.
2513 4227 2623 4291 Τῆς
2679 4225 2779 4302 γαρ
2871 4224 3071 4285 εύθείας
3133 4225 3494 4302 παρατραπεὶς
3553 4224 3644 4281 καί
3707 4245 3824 4288 πως

2176 4317 2303 4392 πρὸς
2359 4337 2475 4371 τινα
2520 4313 2749 4381 πλησίον
2781 4315 3011 4371 οἰκίσκον
3067 4315 3436 4394 παρενεχθεὶς,
3471 4314 3530 4378 ὃς
3584 4313 3650 4381 δὴ
3706 4324 3845 4378 τοϊς,

443 4401 900 4465 incantationes.
962 4401 1168 4464 Divina
1233 4411 1435 4465 autem
1503 4406 1804 4467 voluntate
1860 4406 1963 4468 ille
2013 4405 2088 4467 ab

2180 4403 2387 4484 φύλαξιν
2433 4405 2503 4469 εἷς
2535 4404 2821 4461 ὀπτάνεϊον
2861 4404 3054 4486 ετέλει,
3092 4406 3310 4464 ἐνταῦθα
3368 4401 3431 4471 δὴ
3487 4415 3825 4483 μαγειρικοῖς

440 4492 554 4554 hoc
584 4511 819 4574 quoque
847 4500 1086 4554 arcetur
1115 4493 1390 4556 consilio.
1425 4496 1569 4558 Cum
1631 4495 1790 4556 enim
1836 4513 1869 4557 a
1926 4503 2090 4556 recta

2180 4495 2408 4572 ἀγγείοις
2455 4495 2539 4550 καὶ
2599 4493 2822 4574 χύτραις
2871 4497 3201 4576 περιτυχὼν,
3247 4492 3453 4574 ἔκφρων
3504 4514 3561 4550 τε
3603 4495 3665 4550 τὸ
3695 4494 3826 4549 σύν-

441 4581 823 4659 declinasset,
861 4591 920 4642 et
949 4581 1021 4642 ad
1053 4587 1372 4663 quamdam
1430 4587 1821 4666 propinquam
1857 4584 2088 4647 delatus

2180 4585 2294 4640 ολον
2342 4583 2573 4661 γεγονὼς
2619 4585 2704 4640 καὶ
2764 4583 2924 4647 αόλὰς
2971 4587 3212 4662 οἰόμενος
3263 4585 3356 4646 τὰς
3430 4582 3714 4660 παρθένους
3769 4584 3826 4640 ἣν

443 4679 600 4733 esset
629 4670 1077 4748 domunculam,
1113 4691 1244 4753 qua:
1289 4675 1532 4752 quidem
1585 4674 1932 4737 custodibus
1965 4683 2091 4736 erat

2180 4674 2357 4754 χερσὶν
2406 4673 2580 4754 ἔχειν,
2641 4671 2878 4742 ἀσϐόλης
2937 4674 3034 4750 μὲν
3078 4675 3178 4742 τὴν
3221 4672 3368 4748 ὄψιν,
3403 4670 3613 4748 λιγνύος
3643 4669 3696 4727 δὲ
3727 4671 3826 4739 τὴν

445 4762 574 4822 loco
604 4761 840 4836 culinae,
875 4763 969 4824 hic
1002 4781 1135 4824 cum
1162 4763 1222 4823 in
1254 4782 1389 4826 vasa
1419 4756 1709 4828 culinaria
1737 4775 1796 4827 et
1823 4765 1972 4827 ollas
2001 4765 2092 4826 in-

2180 4766 2372 4832 ἒσθῆτα
2403 4767 2489 4821 καὶ
2519 4772 2723 4822 καπνοῦ
2755 4764 2966 4845 πλήρης
2999 4767 3086 4822 καὶ
3114 4761 3364 4828 δυσωδίας
3395 4759 3680 4824 ἐδείκνυτο,

441 4850 708 4932 cidisset,
739 4859 797 4913 et
843 4861 1001 4914 esset
1031 4852 1274 4916 omnino
1318 4867 1533 4918 emotae
1590 4856 1828 4930 mentis,
1863 4863 1921 4918 et
1965 4863 2204 4937 putaret
2255 4873 2319 4916 se
2375 4853 2538 4935 ipsas
2583 4855 2842 4934 virgines
2891 4853 3118 4916 habere
3174 4853 3235 4913 in
3298 4849 3596 4928 manibus,
3633 4849 3834 4910 vultus

439 4941 680 5022 quidem
711 4943 766 5003 ei
797 4941 904 5004 fuit
933 4945 1200 5024 repletus
1227 4945 1495 5024 fuligine,
1531 4946 1709 5007 vestis
1739 4956 1938 5007 autem
1965 4947 2142 5027 plena
2172 4945 2391 5024 favilis,
2426 4946 2590 5007 fumo
2622 4953 2680 5007 et
2712 4953 2864 5007 tetro
2895 4944 3100 5006 odore.

519 5030 672 5094 Xlll.
706 5034 854 5094 Cum
885 5043 1085 5096 autem
1115 5053 1248 5115 quae
1278 5037 1477 5098 animo
1505 5033 1789 5109 habebat,
1823 5035 2092 5112 fecisset,

2263 5035 2374 5099 II".
2419 5033 2580 5093 Ἐπεί
2610 5034 2664 5091 δὲ
2697 5037 2763 5092 τὰ
2796 5036 2929 5092 κατὰ
2973 5041 3113 5104 νοῦν,
3175 5035 3250 5096 ὡς
3310 5030 3592 5111 ὑπείληφε,
3642 5027 3838 5110 δράσας

441 5132 506 5186 ιιι
549 5121 924 5197 existimavit,
986 5124 1152 5185 illinc
1199 5133 1289 5187 est
1341 5143 1641 5205 egressus,
1708 5125 1984 5186 omnibus
2042 5126 2092 5186 ei

2180 5128 2384 5184 ἐκεῖθεν
2429 5125 2594 5202 ἐξῄει,
2652 5126 2758 5182 τῶν
2813 5126 2914 5181 ὑπὸ
2971 5135 3139 5202 χεῖρα
3197 5123 3410 5183 πάντων
3461 5120 3561 5187 ἔξω
3589 5121 3708 5200 περὶ
3734 5120 3837 5186 τὴν

445 5211 729 5291 subjectis
741 5220 910 5273 extra
923 5213 1086 5276 fores
1110 5233 1244 5275 eum
1263 5213 2092 5296 exSpectantibus.Postquam

2180 5217 2332 5295 θύραν
2386 5214 2782 5291 ἀναμενόντων,
2816 5217 2889 5280 ὡς
2949 5211 3094 5270 εἶδον
3154 5215 3311 5272 αὖτὸν
3355 5212 3554 5270 ἐκεῖνοι
3612 5231 3840 5292 φασμα-

443 5321 581 5365 vero
616 5301 703 5363 illi
727 5321 861 5364 eum
893 5303 1194 5381 viderunt,
1223 5324 1356 5368 esse
1380 5305 1619 5387 aliquod
1663 5312 1963 5386 spectrutn
1994 5312 2092 5366 aut

2181 5304 2324 5373 τώδη
2382 5306 2500 5362 τινὰ
2563 5306 2650 5362 καὶ
2705 5304 2984 5381 τεράστιον
3059 5301 3416 5369 ὒπολαϐόντες
3475 5303 3646 5381 εἶναι,
3705 5300 3840 5379 πρὸς

447 5402 780 5455 monstrum
837 5393 1085 5474 opinati,
1116 5395 1175 5457 in
1233 5395 1429 5475 fugam
1481 5384 1627 5458 sunt
1657 5384 1950 5457 conversi.
1982 5393 2090 5457 Ille

2180 5396 2348 5474 φυγὴν
2394 5394 2654 5474 ἐχώρουν.
2711 5384 2768 5451 Ὀ
2823 5391 2878 5448 δὲ
2924 5395 3304 5473 περιφρόνησιν
3336 5393 3484 5450 εἶναι
3518 5394 3578 5448 τὸ
3608 5391 3839 5470 γεγονὸς

443 5492 638 5546 autem
665 5502 730 5544 se
761 5495 1168 5566 contemptum
1196 5486 1621 5566 putans,utqui
1655 5485 1919 5546 nondum
1955 5503 2087 5547 sen-

2180 5483 2404 5561 >ίόμενος
2460 5486 2547 5541 καὶ
2604 5483 2750 5540 οὔπω
2790 5486 2891 5539 τῶν
2943 5483 3016 5540 ὧν
3062 5483 3322 5541 πέπονθεν
3381 5482 3635 5550 αἴσθησιν
3675 5479 3836 5546 εἰλη-

442 5575 618 5637 sisset
643 5593 714 5636 ea
743 5593 874 5655 qua;
894 5575 1009 5638 sibi
1040 5576 1672 5650 acciderantmondum
1705 5575 1945 5656 quidem
1972 5575 2085 5637 do-

2180 5577 2275 5655 ρὼς
2305 5577 2401 5633 οὒκ
2429 5573 2507 5629 ἔτι
2554 5573 2650 5650 μὲν
2695 5573 2779 5630 ἐπὶ
2823 5573 2922 5642 τὴν
2965 5574 3158 5650 οἰκίαν,
3196 5573 3316 5630 ἀλλ’
3364 5572 3449 5630 ἐπὶ
3500 5574 3564 5628 τὰ
3593 5570 3839 5648 βασίλεια

442 5684 630 5745 mum,
664 5665 774 5728 sed
808 5666 868 5727 in
901 5666 1123 5747 regiam
1153 5683 1362 5748 magna
1391 5665 1479 5728 ira
1505 5677 1562 5729 et
1594 5665 1792 5729 studio
1834 5675 2083 5730 conten-

2180 5668 2298 5748 ἰργῇ
2326 5662 2506 5741 πολλῇ
2549 5666 2636 5722 καὶ
2678 5663 2883 5744 σπουδῇ
2911 5664 3106 5748 ἐχώρει
3139 5663 3306 5722 πολὺν
3353 5675 3469 5730 τοῖς
3528 5662 3689 5744 ὁρῶσι
3740 5660 3834 5717 τὸν
