4148 6414
289 359 422 424 585

1184 362 1653 428 MARTYRIUM
1699 366 1758 428 S.
1807 366 2256 431 ANASTASLE
2303 372 2400 433 ET
2446 372 2853 436 SOCIARUM.

3571 380 3690 446 586

293 491 524 568 γέλωτα
575 497 862 571 συγκινῶν.
897 499 1006 562 Τῆς
1065 493 1120 549 δέ
1172 496 1456 572 βασιλικῆς
1514 497 1682 566 αὖλῆς
1713 500 1800 556 καὶ
1858 503 1964 554 τῶν

2048 499 2158 577 dit,
2190 521 2466 582 magnum
2492 505 2680 568 risum
2707 524 2952 568 movens
2983 505 3060 569 iis
3089 507 3194 584 qui
3224 506 3523 574 videbant.
3543 511 3686 576 Cum

292 579 609 660 δορυφόρων
656 585 732 646 εἷς
791 585 952 656 μέσον
998 583 1164 640 ἐλθὼν
1212 583 1427 663 θορύϐου
1477 590 1670 661 μεστὸς
1707 588 1780 645 ὢν
1835 587 1960 657 ἐξή-

291 691 383 724 τει
416 673 508 725 τὸν
540 670 785 746 βασιλέα,
820 671 908 727 ἅτε
963 671 1026 738 δὴ
1058 674 1144 728 καὶ
1176 675 1310 730 κατὰ
1340 681 1444 731 τῶν
1503 677 1602 732 ὑπὸ
1632 691 1798 756 χεῖρα
1861 684 1962 733 τῶν

291 760 497 814 ἑαυτοῦ
543 761 886 839 ἐντυγχάνειν
919 760 1130 835 μέλλων
1181 765 1253 825 ὡς
1296 761 1384 819 ὑπ’
1444 765 1616 821 αὐτῶν
1648 767 1713 821 τὰ
1757 766 1962 846 ἔσχατα

290 847 769 927 περιυϐρισμένος·
817 851 864 906 οἱ
933 850 986 905 δέ
1049 852 1332 930 ὑπόμωρόν
1388 876 1506 909 τινα
1577 856 1664 912 καὶ
1721 866 1958 932 γελωτο-

292 939 461 993 ποιὸν
519 940 606 994 καὶ
636 938 938 1018 παράφορον
993 941 1081 995 καὶ
1115 939 1285 997 πάντα
1337 941 1540 1016 μᾶλλον
1593 945 1748 1003 αὐτὸν
1805 944 1840 1012 ἢ
1870 947 1960 1000 τὸν

293 1026 551 1106 ἔπαρχον
623 1029 964 1091 δπονοοῦντες
1039 1028 1349 1087 Δουλκίτιον
1423 1047 1660 1110 πυγμαῖς
1746 1055 1803 1088 τε
1872 1036 1959 1090 καὶ

290 1117 575 1189 ὠθισμοῖς
637 1116 858 1181 ἐξώθουν
915 1118 1001 1173 καὶ
1047 1117 1304 1196 ἀπεῖργον
1368 1119 1509 1194 αὒτῷ
1565 1122 1662 1188 τὴν
1721 1121 1952 1182 εἴσοδον.

290 1202 456 1260 Ἐπεὶ
517 1204 571 1259 δέ
601 1227 741 1267 τινες
799 1205 906 1261 τῶν
967 1204 1162 1286 σφόδρα
1210 1210 1469 1283 συνήθων,
1505 1210 1604 1284 ὀψέ
1662 1212 1749 1267 καὶ
1799 1211 1953 1286 μόλις

287 1294 620 1369 ἀναγνόντες
675 1301 783 1349 τῶν
815 1292 972 1371 ἄνδρα
1018 1298 1103 1351 καὶ
1151 1298 1212 1351 τὸ
1255 1297 1542 1373 γενόμενον
1583 1297 1953 1374 συμϐαλόντες

288 1382 394 1437 καὶ
453 1387 552 1449 τῆς
611 1389 914 1460 παραγορᾶς
975 1382 1312 1458 ὲλεήσαντες,
1363 1389 1436 1451 εἰς
1497 1389 1592 1454 τῆν
1651 1390 1797 1444 οἰκαν
1841 1390 1951 1445 ἀπ-

294 1473 530 1548 ήγαγον,
594 1471 746 1550 ὤφθη
778 1472 876 1545 μέν
930 1472 1093 1529 κάκεῖ
1150 1477 1357 1550 γυναικί
1399 1496 1456 1531 τε
1514 1478 1601 1532 καὶ
1659 1481 1812 1536 παισὶ
1866 1481 1952 1535 καὶ

287 1574 418 1623 τοῖς
473 1561 525 1616 ἐν
557 1561 876 1634 οῗκῳπασιν
935 1563 1186 1641 αἰσχύνη.
1250 1563 1397 1630 Πλὴν
1469 1563 1587 1620 ἀλλ’
1621 1567 1694 1630 εἷς
1725 1569 1786 1622 τὸ
1842 1573 1953 1646 φῶς

288 1648 596 1724 ἀναϐλέψαι
651 1655 738 1706 καὶ
795 1652 895 1717 τὴν
971 1651 1218 1718 ἀλήθειαν
1278 1653 1567 1731 ἐπιγνῶναι
1629 1654 1745 1714 οὖδέ
1788 1655 1953 1721 οὕτως

287 1741 457 1796 αἰετὸν
529 1739 648 1804 νοῦς
703 1740 964 1819 εἰσῆλθεν,
1010 1739 1129 1796 ἀλλ’
1205 1744 1278 1805 εἰς
1325 1745 1572 1820 γοητείαν
1627 1747 1688 1800 τὸ
1732 1747 1952 1824 γεγονὸς

285 1830 598 1908 ἀναφέρων,
653 1828 994 1909 σφοδρότερον
1080 1830 1156 1886 ἔτι
1236 1834 1319 1888 καὶ
1386 1834 1746 1912 μανικώτερον
1815 1836 1951 1891 κατὰ

281 1925 402 1973 τῶν
467 1919 738 1997 παρθένών
796 1919 962 1976 ἔπνει·
1016 1918 1200 1994 ἀμέλει
1257 1925 1344 1977 καί
1401 1924 1644 1998 βήματος
1704 1924 1946 2003 εὖτρεπι-

280 2009 508 2072 σθέντος
540 2013 682 2080 αὐτῷ
713 2010 948 2088 ἀχθῆναι
978 2010 1071 2074 τὰς
1103 2011 1388 2088 παρθένους
1427 2011 1659 2071 κελεύει.

377 2277 484 2334 ιΔ³.
547 2278 675 2333 Επεὶ
705 2275 760 2332 δέ
817 2280 903 2334 καὶ
933 2278 1205 2359 ἤχθησαν,
1241 2279 1442 2356 γυμνὰς
1492 2279 1742 2338 ἐπέταττε
1774 2301 1948 2358 παρα-

283 2369 506 2433 στῆναι,
577 2359 667 2429 Ὠς
699 2366 751 2421 δέ
784 2369 877 2433 τὰς
906 2384 1099 2449 χεῖρας
1135 2372 1181 2427 οἱ
1214 2367 1396 2444 δήμιοι
1447 2383 1562 2433 τοῖς
1607 2374 1948 2449 παρθενικοῖς

285 2456 558 2513 ἐπέϐαλον
629 2458 897 2530 σώμασιν,
963 2460 1031 2534 (ὢ
1089 2457 1394 2536 παραδόξων
1444 2462 1772 2536 πραγμάτων
1844 2458 1947 2525 δη-

283 2545 512 2623 μιουργὲ
549 2546 698 2623 Κύριε
737 2545 805 2625 ί)
891 2551 938 2603 οἱ
1010 2556 1238 2628 χιτῶνες
1309 2551 1382 2612 ὡς
1454 2546 1685 2626 δεύτεραι
1757 2549 1946 2628 σάρκες

280 2637 375 2692 καὶ
445 2633 678 2711 δέρματα
735 2649 856 2698 ταῖς
916 2638 1193 2716 παρθένοις
1267 2639 1632 2715 περιταθέντες
1688 2651 1948 2716 συμφυεῖς

281 2738 411 2789 ταῖς
463 2724 700 2802 πρώταις
733 2725 878 2800 σαρξὶ
909 2727 998 2782 καὶ
1041 2739 1160 2789 τοῖς
1211 2726 1414 2788 ὀστέοις
1447 2726 1730 2788 ἐνέκειντο,
1790 2728 1948 2801 Θάμ-

280 2811 378 2876 ϐος
411 2812 496 2868 ἐπὶ
545 2817 622 2886 τῷ
649 2812 926 2892 παραδόξῳ
961 2817 1084 2880 τοὺς
1139 2818 1372 2892 ὁρῶντας
1404 2816 1532 2894 εἶχε
1575 2818 1663 2871 καὶ
1693 2814 1946 2882 ἔκπληξις

2047 598 2244 652 autem
2280 595 2541 655 venisset
2570 595 2630 655 in
2679 595 2939 655 medium
2975 597 3124 658 aulae
3168 600 3347 677 regiae
3378 608 3436 661 et
3465 602 3690 662 satelli-

2048 684 2196 760 tum,
2231 690 2289 741 et
2321 690 2475 743 totus
2499 683 2888 746 conturbatus
2919 694 3212 764 quaereret
3243 689 3688 768 imperatorem,

2046 775 2108 859 ut
2141 769 2238 847 qui
2270 769 2344 832 de
2373 772 2444 832 iis
2476 773 2576 852 qui
2606 772 2719 833 sibi
2747 773 3002 853 subjecti
3046 785 3238 849 erant,
3275 785 3434 840 esset
3465 779 3689 859 aliquid

2044 856 2337 948 dicturus,
2375 869 2650 940 tanquam
2707 862 2779 924 ab
2813 869 2900 924 eis
2951 875 3212 927 extrema
3243 866 3488 929 affectus
3527 856 3706 948 inju-,

2042 947 2154 1020 ria,
2189 947 2273 1009 illi
2327 951 2662 1010 morionem
2717 953 2975 1029 aliquem
3030 963 3087 1014 et
3119 973 3352 1016 scuram
3385 964 3444 1017 et
3489 947 3690 1020 mente

2043 1044 2299 1114 captum,
2335 1045 2391 1100 et
2439 1040 2700 1118 quemvis
2735 1041 2928 1119 potius
2989 1042 3204 1121 ipsum,
3241 1061 3417 1124 quam
3471 1047 3687 1125 praefe-

2042 1132 2200 1185 ctum
2255 1127 2661 1189 existimantes
2689 1127 3034 1208 Dulcitium,
3071 1133 3284 1210 pugnis
3334 1142 3390 1194 et
3419 1134 3690 1198 calcibus

2039 1231 2172 1274 eum
2207 1216 2624 1297 extrudebant,
2661 1226 2719 1279 et
2752 1218 3038 1281 arcebant
3077 1221 3149 1280 ab
3182 1222 3476 1300 ingressu.
3509 1223 3684 1288 Post-

2038 1321 2214 1378 quam
2249 1322 2385 1366 vero
2412 1305 2650 1386 quidam
2681 1326 2750 1368 ex
2783 1311 2869 1369 eis
2898 1309 3000 1388 qui
3032 1318 3200 1370 erant
3231 1312 3283 1372 ei
3315 1311 3482 1373 valde
3514 1314 3688 1375 fami-

2038 1390 2380 1468 liares,cum
2414 1413 2549 1456 sero
2577 1397 2814 1458 tandem
2846 1405 2904 1458 et
2929 1398 3019 1459 vix
3035 1398 3229 1460 virum
3247 1401 3682 1480 agnovisssent,

2038 1489 2096 1542 et
2126 1481 2185 1542 id
2218 1484 2377 1558 quod
2410 1485 2710 1547 acciderat
2740 1487 3165 1565 conjecissent,
3200 1497 3258 1549 et
3287 1488 3536 1552 insania:
3565 1493 3684 1553 mi-

2037 1571 2186 1631 serti
2211 1582 2433 1653 essent,
2458 1592 2591 1635 eum
2625 1575 2872 1636 domum
2898 1574 3294 1651 abduxerunt,
3329 1578 3522 1639 visum
3545 1582 3686 1656 qui-

2037 1657 2174 1720 dem
2207 1669 2294 1722 est
2323 1661 2446 1723 illic
2476 1682 2715 1743 quoque
2768 1664 2936 1724 uxori
2967 1674 3024 1725 et
3056 1664 3288 1739 liberis,
3321 1673 3381 1728 et
3409 1669 3687 1732 omnibus

2037 1747 2137 1825 qui
2169 1748 2336 1810 domi
2384 1759 2575 1831 erant,
2610 1752 2890 1814 dedecus.
2927 1751 3042 1814 Sed
3086 1753 3277 1816 lucem
3308 1755 3598 1835 aspicere,
3629 1767 3690 1819 et

1975 1873 2010 1921 Β
2034 1838 2341 1899 veritatem
2376 1856 2742 1918 cognoscere
2797 1860 2873 1902 ne
2905 1843 2989 1902 sic
3025 1843 3265 1921 quidem
3321 1843 3377 1904 ei
3413 1846 3570 1906 venit
3620 1847 3683 1908 in

2032 1935 2292 1988 mentem
2329 1948 2346 2004 ;
2406 1929 2509 1988 sed
2543 1928 2600 1990 id
2654 1929 2809 2009 quod
2860 1930 3079 1991 factum
3114 1930 3306 1992 fuerat
3351 1932 3685 1997 attribuens

2027 2012 2442 2090 incantationi,
2478 2017 2890 2080 vehementius
2920 2019 3116 2080 adhuc
3152 2027 3210 2080 et
3241 2019 3508 2081 insanius
3550 2025 3680 2102 spi-

2026 2103 2194 2164 rabat
2225 2107 2282 2165 in
2313 2106 2595 2184 virgines.
2629 2105 2696 2167 Ei
2733 2107 2930 2187 itaque
2954 2118 3156 2186 parato
3188 2107 3683 2190 tribunali,jubet

2032 2192 2244 2254 adduci
2278 2194 2566 2272 virgines.

2111 2281 2264 2343 XIV.
2304 2283 2619 2364 Postquam
2663 2293 2857 2348 autem
2889 2285 3159 2348 adductae
3189 2296 3348 2362 sunt,
3371 2287 3552 2367 jussit
3581 2306 3682 2351 eas

2031 2381 2222 2433 astare
2255 2373 2470 2435 nudas.
2505 2373 2820 2455 Postquam
2856 2393 2992 2438 vero
3029 2374 3303 2452 virgineis
3331 2376 3452 2438 illis
3472 2396 3683 2456 corpo-

2030 2459 2198 2521 ribus
2231 2479 2441 2524 manus
2471 2463 2789 2526 admovere
2819 2463 3059 2526 lictores
3088 2467 3151 2544 (o
3176 2465 3451 2542 Domine,
3485 2465 3683 2547 opifex

2029 2568 2231 2612 rerum
2265 2551 2765 2632 admirabilium),
2803 2554 3040 2634 tunicas,
3084 2562 3358 2634 tanquam
3405 2556 3690 2620 secunda)

2029 2658 2239 2700 carnes
2271 2650 2328 2702 et
2361 2641 2572 2720 pelles,
2607 2643 2998 2705 circumcirca
3026 2653 3288 2705 extensae
3323 2643 3685 2724 virginibus,

2029 2727 2403 2790 inhaerebant
2429 2731 2836 2793 coalescentes
2867 2744 2927 2792 et
2957 2733 3294 2811 conjunctae
3329 2733 3537 2813 primis
3557 2751 3685 2796 car-

2029 2816 2203 2877 nibus
2234 2825 2291 2878 et
2311 2817 2570 2881 ossibus.
2611 2819 2778 2899 Cepit
2803 2837 2905 2882 eos
2934 2821 3034 2901 qui
3061 2819 3338 2882 videbant
3364 2821 3679 2886 admiratio

282 2904 415 2964 τοὺς
463 2902 770 2966 ἀκούοντας.
809 2905 908 2961 Τὸν
964 2903 1018 2961 δέ
1049 2905 1299 2981 τύραννον
1349 2903 1499 2981 ἑτέρα
1547 2903 1707 2960 πάλιν
1753 2903 1940 2981 πληγὴ

2029 2912 2269 2984 pr0pter
2290 2923 2416 2966 rem
2430 2907 2871 2984 admirabilem,
2899 2918 2958 2970 et
2991 2927 3123 2988 qua:
3153 2917 3280 2970 erat
3306 2917 3521 2989 praeter
3541 2911 3676 2990 opi-

287 2989 710 3064 κατελάμϐανεν,
749 2990 901 3058 ’Ἤδη
958 2995 1054 3071 γὰρ
1080 2993 1176 3049 καὶ
1206 2993 1312 3048 τῶν
1366 2990 1632 3066 ὁμοδόξων
1665 2992 1822 3049 αὐτὸν
1867 2995 1940 3055 εἰς

2029 2993 2292 3074 nionem,
2321 3003 2378 3054 et
2398 3002 2605 3075 stupor
2629 2997 2843 3056 invasit
2865 3015 2968 3057 eos
2988 3000 3084 3076 qui
3108 2989 3649 3078 audiebant.Tyran
3668 3037 3682 3048 -

299 3079 554 3152 ὠμότητα
603 3079 951 3160 διασυρόντων
1010 3084 1098 3138 καὶ
1157 3082 1351 3146 πάσαις
1405 3081 1644 3158 γνώμαις
1695 3081 1938 3160 αὐθαίρε-

2029 3100 2134 3144 nus
2163 3092 2360 3146 autem
2389 3084 2562 3144 aliam
2587 3103 2792 3146 rursus
2817 3086 3048 3164 accepit
3079 3088 3333 3165 plagam.
3361 3088 3506 3148 Nam
3540 3105 3674 3150 cum

292 3186 387 3222 τον
452 3170 600 3225 αὑτοῦ
655 3171 922 3250 τύφλωσιν
991 3176 1079 3228 καὶ
1155 3171 1344 3227 πανίαν
1421 3170 1938 3250 καταψηφιζομένων

2029 3173 2140 3252 iam
2173 3174 2212 3235 ii
2237 3174 2413 3234 etiam
2447 3175 2550 3253 qui
2594 3183 2760 3236 erant
2789 3173 3061 3254 ejusdem
3094 3176 3424 3251 sententias,
3457 3193 3672 3256 repre-

283 3259 375 3312 καὶ
436 3258 470 3318 ἦ
533 3256 727 3316 ἄνωθεν
787 3262 1066 3339 συνηγόρει
1144 3259 1347 3338 ψῆφος.
1415 3259 1605 3315 Αὐτίκα
1675 3278 1774 3338 γαρ
1830 3261 1965 3332 θείᾳε

2029 3263 2361 3324 lienderent
2386 3263 2515 3342 ejus
2539 3264 3406 3344 crudelitatem,etdamnarent
3423 3279 3544 3326 uno
3567 3283 3672 3327 ore

277 3348 394 3402 τινί
429 3350 518 3404 καὶ
573 3349 784 3426 οὐρανίᾳ
815 3348 1031 3424 δυνάμει
1062 3349 1283 3424 ἆὸρασίᾳ
1325 3347 1640 3422 πλήττεται,
1675 3351 1761 3404 καὶ
1810 3353 1941 3406 καθ-

2030 3353 2158 3433 ejus
2189 3352 2572 3414 voluntariam
2603 3353 2925 3415 caecitatem
2969 3361 3026 3414 et
3055 3352 3372 3434 insaniam,
3403 3354 3489 3414 eis
3519 3372 3670 3433 quo-

277 3437 420 3513 ἀπερ
499 3435 773 3512 βαθυτάτῳ
833 3439 1170 3516 κατενεχθεὶς
1255 3437 1402 3509 ὕπνῳ
1459 3439 1547 3492 καὶ
1615 3436 1781 3511 μηδέν
1839 3445 1945 3495 τῶν

2029 3460 2146 3521 que
2202 3449 2291 3502 est
2339 3441 2652 3519 suffragata
2705 3459 2965 3521 superna
3020 3442 3336 3504 sententia.
3397 3441 3674 3506 Protinus

277 3528 668 3604 πραττομένων
715 3529 904 3600 συνεὶς,
953 3527 1119 3591 οὕτως
1177 3526 1392 3582 ἐκάθντο
1450 3524 1710 3582 καθεύδων
1765 3527 1944 3605 ὥσπερ

2029 3529 2188 3591 enim
2221 3529 2472 3611 quadam
2515 3529 2714 3593 divina
2748 3538 2805 3591 et
2835 3531 3060 3591 coclesti
3092 3537 3379 3609 potestate
3407 3530 3672 3611 privatur

274 3616 373 3672 ἐπὶ
433 3615 619 3682 κλίνης
682 3618 770 3673 καὶ
813 3617 1048 3696 ῥέγχων.
1083 3615 1326 3694 ’Ἂγουσι
1381 3617 1466 3672 οὖν
1496 3617 1650 3672 αὐτὸν
1683 3620 1730 3672 οἱ
1780 3639 1947 3694 προσ-

2030 3619 2269 3680 videndi
2299 3619 2593 3681 facultate:
2630 3628 2689 3682 et
2721 3620 2969 3700 perinde
3000 3637 3070 3680 ac
3101 3637 3312 3682 somno
3344 3638 3668 3699 oppressus

271 3707 506 3774 ἥκοντες
562 3707 647 3761 καὶ
698 3705 860 3761 πάλιν
908 3707 980 3769 εἷς
1040 3705 1140 3771 τὴν
1211 3705 1378 3761 οἰκίαν
1426 3705 1500 3766 ὡς
1561 3701 1777 3785 ἄψυχόν
1819 3728 1938 3762 τινα

2029 3708 2513 3787 profundissimo,
2564 3719 2621 3770 et
2679 3709 2828 3770 nihil
2875 3707 3215 3785 intelligens
3273 3725 3479 3769 eorum
3535 3727 3672 3786 quin

272 3795 473 3874 φόρτον
553 3793 1012 3860 διαϐαστάξοντες,
1096 3795 1234 3852 Εἶτα
1290 3793 1537 3868 μανθάνει
1595 3802 1760 3851 ταῦτα
1841 3795 1938 3852 καῖ

2029 3797 2267 3873 ﬁebant,
2303 3798 2384 3858 ita
2439 3797 2685 3859 sedebat
2714 3797 3042 3877 dormiens,
3077 3805 3352 3878 tanquam
3403 3797 3462 3858 in
3513 3796 3666 3860 lecto

271 3883 528 3961 βασιλεὺς
608 3887 696 3941 καὶ
761 3885 944 3941 τούτου
1021 3885 1116 3959 μέν
1202 3882 1449 3962 ἐλαφρίαν
1531 3885 1933 3963 κατογινώσκει·

271 3975 530 4046 Σισιννίῳ
608 3973 664 4029 θέ
720 3997 822 4031 τινι
880 3975 1080 4051 κόμητι
1135 3973 1232 4040 τὴν
1309 3973 1443 4029 κατὰ
1489 3978 1595 4029 τῶν
1670 3974 1939 4053 παρθένων

271 4063 514 4129 ἐξέτασιν
547 4063 840 4140 ἐπιτρέπει.

2022 3895 2081 3948 et
2117 3893 2398 3950 stertens.
2458 3885 2605 3946 Eum
2664 3886 2860 3965 itaque
2907 3904 3115 3949 rursus
3145 3887 3386 3948 domum
3445 3885 3671 3948 ducunt

2021 3975 2372 4056 propinqui,
2399 3980 2677 4054 tanquam
2713 3976 3040 4036 inanimum
3073 3975 3315 4054 aliquod
3344 3993 3495 4037 onus
3526 3993 3668 4056 por-

2022 4073 2235 4127 tantes.
2287 4063 2517 4128 Deinde
2549 4064 2674 4125 haec
2717 4068 2892 4124 etiam
2944 4064 3181 4126 rescivit
3228 4064 3574 4144 imperator,
3609 4076 3669 4128 et

275 4153 419 4230 ejus
448 4151 687 4232 quidem
745 4150 1105 4214 condemnat
1134 4149 1462 4226 levitatem,
1497 4149 1760 4215 Sisinnio
1787 4162 1985 4220 autem
2032 4154 2267 4219 cuidam
2304 4152 2508 4214 comiti
2557 4151 2852 4231 permittit
2902 4153 3186 4214 adversus
3215 4153 3477 4232 virgines
3520 4172 3662 4216 exa-

268 4242 691 4315 minationem,

359 4332 466 4392 lE’.
515 4323 575 4390 Ὀ
628 4331 683 4387 δέ
711 4331 811 4393 τὴν
869 4331 1034 4399 αὐτὴν
1077 4330 1164 4407 ᾔει
1223 4355 1300 4406 τῳ
1355 4331 1572 4408 βασιλεῦ
1609 4335 1747 4390 κατὰ
1808 4337 1932 4412 μίαν

2095 4336 2226 4397 XV.
2260 4333 2369 4395 Ille
2397 4350 2535 4395 vero
2567 4333 2876 4412 ingressus
2907 4339 2995 4393 est
3025 4331 3233 4394 eadem
3270 4330 3383 4411 via,
3411 4349 3527 4412 qua
3553 4331 3665 4392 im-

268 4444 335 4480 ιτε
373 4421 613 4500 διαιρῶν,
648 4423 735 4479 καὶ
794 4426 870 4488 πῆ
901 4420 998 4496 μέν
1054 4427 1398 4501 τυραννικῶς,
1431 4426 1508 4488 πῆ
1553 4421 1608 4476 δέ
1666 4425 1965 4482 θωπευτι-Ι

2029 4438 2280 4505 perator,
2321 4422 2637 4503 aliquando
2690 4421 2930 4502 quidem
2984 4421 3308 4502 tyrannica,
3341 4421 3664 4498 aliquando

266 4514 384 4575 κῶς
433 4511 619 4572 αόταῖς
682 4511 1135 4589 προσφερόμενος.
1193 4510 1341 4568 Ἐπεὶ
1384 4509 1438 4566 δέ
1477 4511 1651 4567 πάντα
1693 4516 1780 4570 καὶ
1837 4515 1932 4570 λέο

267 4624 387 4680 γων
437 4603 525 4657 καὶ
566 4601 816 4678 πράττων
875 4601 1097 4675 σώματα
1153 4599 1252 4675 μέν
1297 4598 1436 4676 ἑώρα
1482 4605 1588 4656 σῶν
1655 4604 1932 4680 παρθένων

263 4694 406 4771 πρὸς
459 4689 669 4756 ἄλληλα
716 4688 1051 4768 διαφέροντα,
1081 4689 1304 4767 γνώμην
1336 4687 1389 4744 δέ
1441 4690 1566 4765 μίαν
1624 4692 1709 4746 καὶ
1740 4693 1794 4747 ἐν
1843 4697 1931 4750 καὶ

264 4784 334 4838 τὸ
383 4782 512 4837 αὒτὸ
560 4781 734 4844 πάσας
787 4778 1068 4856 λεγούσας,
1119 4781 1194 4842 ὡς
1247 4777 1374 4835 Οὔτε
1409 4778 1642 4836 ἀπειλῶν
1693 4781 1929 4860 ἐκφοϐή-

265 4893 416 4945 σεις,
472 4870 588 4927 οὔτε
660 4869 912 4925 θωπεύων
968 4869 1297 4932 ἀναπείσεις·
1345 4867 1484 4943 ἡμῖν
1543 4869 1641 4946 γὰρ
1708 4870 1769 4926 τό
1832 4872 1928 4946 μέν

263 4968 458 5020 θανεῖν
509 4959 636 5038 ὑπέρ
697 4966 924 5036 Χριστοῦ
974 4958 1108 5037 ζωὴ,
1143 4960 1202 5013 τὸ
1261 4956 1314 5012 δέ
1345 4963 1442 5033 ζῇν
1482 4957 1574 5012 οὖν
1607 4957 1659 5014 ἐν
1719 4967 1931 5038 Χριστῷ

262 5053 522 5114 θάνατος·
611 5049 727 5104 ἒπεί
797 5057 961 5106 ταῦτα
1045 5046 1256 5125 διέγνω,
1329 5053 1428 5112 τῆς
1505 5046 1604 5120 μέν
1674 5049 1929 5128 νεωτέρας

265 5138 446 5198 αὖτῶν
496 5139 724 5215 Εἰρήνης
756 5134 865 5195 οὔδ’
931 5135 1097 5200 οὕτως
1129 5136 1370 5213 ἀπέγνω,
1405 5133 1541 5191 ἀλλὰ
1571 5140 1677 5191 τῶν
1729 5137 1930 5194 λοιπῶν

263 5230 437 5297 αὐτὴν
507 5226 822 5305 διακτήσας,
895 5224 1141 5303 ’Λγάπης
1212 5224 1458 5301 ἐπειρᾶτό
1518 5224 1585 5281 τὰ
1651 5224 1934 5284 τελευταῖα

262 5323 359 5376 καί
420 5317 686 5396 Χριονίας,
749 5307 841 5378 Ὧς
902 5313 955 5370 δέ
1009 5314 1098 5370 καί
1153 5315 1295 5378 αὖθις
1365 5311 1594 5376 πολλοὺς
1651 5313 1932 5382 ἀναλώσας

263 5410 462 5488 λόγους
537 5406 766 5462 ἀδύνατα
818 5407 983 5480 θηρᾷν
1039 5404 1157 5468 καίς
1188 5404 1259 5468 εἷς
1318 5401 1446 5482 ἀέρα
1475 5400 1644 5482 δέρειν
1698 5402 1929 5482 ἀκριϐῶς

261 5500 616 5578 ἐγινώσκετο,
663 5496 755 5552 τὸν
813 5491 897 5550 διὰ
937 5493 1098 5571 πυρὸς
1153 5492 1340 5556 αὗταῖς
1386 5493 1770 5571 ἐπιψηφίζεται
1825 5495 1925 5551 θά-

258 5609 451 5649 νατον.
510 5578 571 5642 Ἣ
603 5584 702 5662 μέν
763 5583 852 5639 οὖν
912 5583 1135 5658 κάμινος
1192 5581 1446 5660 εὐτρεπής
1491 5583 1582 5647 ἦν·
1622 5585 1671 5638 αἱ
1725 5584 1924 5663 παρθέ-

259 5701 345 5738 νοι
379 5676 439 5735 δέ
484 5683 560 5751 τῷ
617 5672 890 5748 καλλίστῳ
918 5677 1023 5728 τῶν
1076 5669 1258 5730 ὅπλων
1288 5671 1356 5746 τῇ
1409 5673 1548 5750 εὐχῇ
1577 5669 1921 5752 φραξάμεναι,

509 5797 774 5863 PATROL.
814 5795 928 5860 Gs.
975 5794 1182 5859 CXVI.

2018 4533 2158 4577 vero
2192 4512 2408 4575 blande
2433 4531 2568 4573 cum
2601 4512 2688 4573 eis
2717 4530 2919 4589 ageus.
2955 4511 3271 4591 Postquam
3294 4519 3490 4572 autem
3523 4528 3660 4572 om-

2017 4605 2116 4666 nia
2137 4605 2342 4666 dicens
2379 4610 2437 4663 et
2456 4601 2706 4681 faciens,
2730 4602 2878 4662 vidit
2905 4601 3150 4682 quidem
3182 4600 3476 4680 virginum
3502 4599 3660 4662 inter

2017 4711 2081 4754 se
2111 4694 2350 4756 differre
2380 4709 2651 4771 corpora,
2683 4707 2861 4752 unam
2893 4699 3090 4752 autem
3119 4709 3249 4753 esse
3281 4701 3566 4766 mentem,
3601 4699 3662 4752 et

2015 4800 2223 4844 omnes
2253 4798 2440 4842 unum
2475 4789 2534 4840 et
2556 4779 2715 4841 idem
2749 4779 2972 4854 dicere,
3009 4797 3262 4859 nempe:
3301 4779 3530 4840 Minans
3551 4797 3662 4841 nos

2015 4889 2133 4931 non
2169 4869 2444 4944 terrebis,
2471 4886 2666 4948 neque
2695 4868 3010 4929 blandiens
3035 4868 3455 4947 persuadebis:
3487 4865 3662 4931 nobis

2015 4962 2172 5022 enim
2231 4977 2336 5038 pro
2397 4959 2632 5019 Christo
2694 4957 2960 5019 moriest
3013 4958 3178 5033 vita;
3239 4959 3432 5019 vivere
3459 4963 3655 5018 autem

2014 5050 2226 5111 nonin
2252 5049 2512 5121 Christo,
2542 5065 2702 5108 mors
2738 5069 2751 5110 :
2785 5061 3100 5126 postquam
3127 5047 3253 5108 haec
3281 5046 3659 5125 cognovit,de

2014 5138 2247 5218 juniori
2276 5137 2515 5218 quidem
2544 5136 2716 5199 Irene
2748 5155 2822 5198 ne
2844 5138 2930 5198 sic
2959 5137 3201 5215 quidem
3227 5155 3395 5217 spem
3416 5155 3654 5198 omnem

2017 5228 2256 5308 abjecit,
2294 5227 2398 5289 sed
2458 5246 2588 5298 cum
2637 5244 2766 5288 eam
2819 5234 3152 5306 separasset
3197 5244 3230 5287 a
3277 5226 3548 5308 reliquis,
3579 5224 3654 5287 ab

2014 5319 2242 5398 Agape,
2277 5316 2544 5396 inquam,
2580 5325 2638 5378 et
2685 5315 2947 5393 Cbionia,
2983 5333 3086 5378 eas
3133 5323 3427 5395 postremo
3460 5324 3656 5378 tenta-

2012 5405 2115 5472 vit.
2170 5405 2290 5469 Sed
2319 5424 2454 5467 cum
2511 5405 2714 5467 multis
2743 5406 3112 5486 consumptis
3163 5404 3560 5482 sermonibus,
3592 5424 3659 5470 se

2012 5495 2186 5577 plane
2239 5495 2402 5557 novit
2459 5513 2529 5558 ea
2571 5496 2795 5572 venari,
2833 5513 2965 5576 quae
3015 5495 3146 5575 capi
3175 5514 3293 5557 non
3355 5503 3652 5576 poterant,

2010 5593 2068 5646 et
2093 5585 2268 5664 plane
2297 5584 2615 5647 verberare
2646 5603 2879 5661 aerem,
2912 5603 3012 5647 eas
3033 5585 3393 5646 condemnat
3425 5592 3489 5646 ut
3514 5584 3652 5664 igne

2011 5679 2262 5736 mortem
2318 5673 2619 5738 subirent.
2653 5672 2725 5736 Et
2765 5682 2968 5756 parata
2994 5673 3236 5754 quidem
3266 5679 3392 5735 erat
3443 5673 3652 5735 fornax

2984 5794 3056 5858 19
