4148 6408
436 334 552 408 587

1741 341 1901 408 ΜΕΝ
1913 338 2023 404 SIS
2068 339 2496 405 DECEMBER.

3706 341 3824 412 588

435 475 785 541 luculenta:
846 472 1104 557 virgines
1161 492 1301 539 vero
1360 475 1602 538 munitae
1655 475 2075 554 pulcherrimis

2164 484 2257 553 μιᾷ
2301 479 2422 576 μὶν,
2449 484 2601 557 φωνῇ
2660 479 2802 576 πρὸς⁸
2842 476 3139 575 ᾠδὴνῖχμιᾷ
3181 478 3237 533 δὲ
3290 482 3552 558 προθυμίᾳ
3584 483 3715 558 πρὸς
3764 484 3824 538 τὸ

2217 566 2229 573 ς
2316 561 2327 576 1
2683 560 2694 575 κ
2803 557 2813 573 Ι
2980 559 2991 576 ἳ
3177 559 3189 576 Ι
3238 558 3259 575 Ἰ
3426 566 3446 575 ν
3523 560 3541 576 ἢ
3624 563 3636 576 ι
3692 561 3706 576 9
3767 564 3778 576 ι

434 567 619 629 armis
679 565 986 641 orationis,
1022 585 1138 627 una
1189 564 1430 646 quidem
1465 583 1609 626 voce
1640 566 1710 625 ad
1761 568 2084 635 canticum,

436 674 556 717 uno
587 665 782 717 autem
815 664 1091 736 prompto
1139 663 1199 715 et
1227 653 1407 714 alacri
1440 653 1638 713 animo
1688 652 2090 732 procedebant

435 744 514 807 ad
530 744 765 824 ignem:
803 753 863 805 et
893 744 980 805 sic
1000 743 1175 803 simul
1208 741 1580 821 canentes,in
1607 742 1801 820 ignem
1834 741 2087 801 insilue-

436 841 601 898 runt.
640 833 797 913 Ignis
828 851 971 895 vero
1006 850 1123 892 non
1186 840 1311 893 erat
1341 830 1594 909 amplius
1642 831 1817 906 ignis,
1854 831 1957 890 sed
1990 847 2089 891 ros

435 932 607 985 tener
623 930 681 984 et
711 920 1097 985 mollis.Deus
1123 927 1315 982 autem
1336 920 1538 980 dividit
1568 920 1853 980 miraculu
1868 936 2091 997 m:par-

441 1012 542 1072 tim
576 1011 817 1091 quidem
878 1010 1117 1071 illarum
1150 1010 1408 1089 implens
1470 1009 1838 1088 petitionem,
1874 1007 2086 1087 partim

435 1117 573 1162 vero
597 1118 763 1161 suam
791 1099 1122 1161 ostendens
1140 1097 1483 1179 potentiam.
1523 1100 1673 1161 Nam
1701 1097 1816 1157 illa;
1846 1096 2085 1176 quidem

433 1188 567 1250 sine
596 1189 804 1250 dolore
837 1206 972 1250 suas
1016 1188 1253 1250 animas
1287 1187 1348 1247 in
1382 1204 1594 1247 manus
1647 1188 1753 1248 Dei
1788 1186 2087 1265 deposue-

433 1285 597 1352 runt,
631 1278 789 1356 ignis
807 1285 1011 1338 autem
1030 1276 1139 1338 fuit
1162 1275 1510 1337 exstinctus:
1545 1283 1601 1335 et
1622 1293 1870 1352 corpora
1902 1273 2086 1351 virgi-

432 1384 546 1428 nea
569 1367 722 1428 adeo
765 1365 951 1427 illaesa
986 1373 1045 1425 et
1075 1365 1293 1425 intacta
1325 1372 1534 1443 aperte
1564 1373 1700 1424 sunt
1735 1362 1992 1439 cognita,
2023 1370 2088 1422 ut

436 1473 635 1536 neque
666 1455 786 1517 ulla
810 1472 947 1534 pars
977 1453 1177 1529 vestis,
1206 1470 1400 1533 neque
1428 1452 1584 1513 ullus
1613 1452 1875 1530 denique
1905 1450 2081 1531 pilus,

436 1544 563 1606 ullo
593 1543 771 1605 modo
801 1543 987 1604 ferret
1015 1541 1253 1622 aliquod
1284 1542 1514 1620 signum
1549 1540 1897 1602 exustionis.
1933 1538 2092 1601 Bur-

440 1652 543 1695 sus
574 1650 715 1694 vero
768 1632 977 1694 harum
1012 1647 1434 1710 generosarum
1486 1628 1776 1709 virginum
1811 1628 2081 1707 reliquias

2176 1628 2496 1691 κοινωνῆσαι
2582 1626 2792 1685 ταύταις

2171 566 2272 634 πὺρ
2316 558 2555 636 ἓλώρουν
2612 560 2699 613 καὶ
2757 557 2920 619 οῧτιοιξ
2973 556 3189 614 ἄδουσαί
3229 556 3340 632 ᾄμσί
3392 566 3453 635 τῇ
3484 556 3640 639 φλογὶ
3688 561 3819 632 ἐνή-

2171 644 2349 708 λαντο.
2414 649 2484 703 Τὸ
2516 644 2568 701 δὲ
2620 649 2717 723 πδρ
2748 648 2843 701 οὒκ
2896 646 2970 702 ἔτι
3017 653 3213 718 παρῆν,
3252 648 3387 703 ἀλλὰ
3416 648 3631 721 μαλακὴ
3690 650 3818 726 δρό-

2172 756 2288 795 σοσ,
2350 736 2556 810 Μερίζει
2602 732 2655 789 δὲ
2707 737 2766 789 τὸ
2795 737 2969 807 θαῦμα
3026 737 3181 807 Θεὸς,
3214 738 3274 791 τὸ
3320 738 3417 809 μὲν
3467 740 3563 803 τὴν
3608 739 3818 794 ἐκείνων

2173 825 2341 900 εὐχὴν
2391 822 2631 899 πληρων,
2671 825 2731 878 το
2783 820 2835 877 δὲ
2886 824 2981 889 τὴν
3027 824 3221 879 οἰκείαν
3277 832 3545 902 παριστών
3576 825 3818 901 δύναμιν.

2174 915 2233 968 Αἱ
2286 912 2380 985 μὲν
2438 912 2537 988 γὰρ
2597 910 2812 976 ἀλύπως
2869 913 2962 974 τὰς
3013 913 3214 967 ἑαυτῶν
3259 916 3442 991 ψυχὰς
3490 917 3563 979 εἱς
3626 931 3819 995 χεῖρας

2175 1009 2304 1058 Θεού
2362 1004 2717 1077 παρετίθεντο,
2781 1002 2840 1056 τὸ
2899 1000 2953 1056 δὲ
2984 1002 3083 1079 πῦρ
3134 1005 3199 1058 τὰ
3247 1007 3540 1071 παρθενικὰ
3597 1006 3822 1080 σώματα

2172 1097 2278 1146 τῶν
2336 1091 2614 1167 μαρτύρων
2677 1089 2842 1152 οὕτως
2904 1090 3082 1158 ἀπαθῆ
3142 1095 3230 1149 καὶ
3298 1093 3484 1150 ἄθικτα
3556 1092 3824 1174 διαφανῶς

2173 1179 2483 1257 ἐγνωρίζετο
2531 1181 2604 1241 ὡς
2650 1181 2786 1254 μήτε
2829 1202 2867 1235 τι
2899 1180 2992 1236 τού
3047 1180 3334 1255 ἐνδύματος
3391 1184 3527 1256 μῆτε
3558 1184 3668 1257 μὴν
3728 1184 3821 1250 τῆς

2170 1271 2354 1348 τριχὸς
2449 1281 2679 1342 σημεῖον
2769 1270 3008 1333 καύσεως
3093 1270 3354 1345 μηδαμῶς
3441 1273 3815 1352 ἀποφέρεσθαι.

2171 1358 2323 1420 Αὖθις
2354 1356 2409 1412 δὲ
2454 1358 2634 1412 καὶτὰ
2684 1356 2908 1432 λείψανα
2939 1364 3043 1413 τῶν
3105 1364 3358 1437 γενναίων
3415 1363 3595 1438 μύροις
3626 1384 3682 1419 τε
3733 1368 3822 1422 καὶ

2169 1447 2444 1524 ἀρώμασιν
2518 1449 2553 1513 ἡ
2638 1445 2960 1525 φιλόμαρτυς
3033 1450 3349 1505 Ἀναστασία
3421 1452 3681 1528 μυρίσασα
3766 1450 3821 1506 ἕν

2174 1558 2276 1591 τινι
2308 1538 2445 1611 θήκῃ
2500 1537 2591 1589 σὺν
2621 1534 2760 1591 αἰδοτ
2806 1536 2981 1612 πολλῇ
3015 1559 3071 1593 τε
3114 1540 3201 1597 καὶ
3246 1537 3488 1612 εὐλαϐείᾳ
3544 1540 3818 1612 κατέθετο,

2878 1633 2970 1682 τοῦ
3054 1629 3335 1703 μαρτυρίου
3417 1628 3585 1706 εὒχῆς
3671 1628 3824 1707 ἔργον

436 1741 571 1785 cum
620 1722 939 1800 unguentis
969 1729 1027 1781 et
1084 1719 1449 1781 aromatibus
1509 1729 1831 1797 martyrum
1887 1735 2081 1779 amant

2177 1715 2425 1771 ἑκάστοτε
2469 1713 2783 1788 ποιουμένη,

436 1810 759 1875 condiisset
804 1808 1139 1887 Anastasis,
1173 1808 1233 1867 in
1289 1806 1542 1888 quadam
1579 1825 1756 1888 capsa
1796 1806 2073 1887 deposuit
2127 1822 2260 1867 cum
2296 1802 2513 1880 pietate
2548 1819 2759 1880 magna
2808 1812 2864 1863 et
2912 1804 3276 1885 reverentia,
3306 1812 3370 1866 ut
3421 1824 3627 1869 earum
3668 1814 3828 1868 esset

444 1902 507 1962 in
538 1897 819 1976 martyrio
853 1897 1014 1959 socia
1043 1913 1284 1976 semper
1315 1914 1590 1978 precans.

464 2012 467 2015 '
511 1987 669 2052 XVI.
700 1990 794 2061 Sic
823 1986 1053 2048 duabus
1085 1983 1413 2062 virginibus
1446 1984 1505 2045 in
1537 1983 1771 2047 Christo
1810 2002 2085 2046 consum-
2113 1993 2148 2039 Β

442 2076 639 2154 matis,
656 2093 861 2138 comes
878 2073 1224 2155 productam
1248 2073 1539 2150 virginem
1549 2074 2087 2151 jussit_sacriticare

433 2164 798 2239 simulacris,
817 2162 903 2225 Ne
935 2179 1120 2239 mors,
1137 2160 1367 2237 dicens,
1384 2180 1519 2238 quae
1549 2174 1680 2223 tuas
1714 2179 2086 2241 praeoccupa-

429 2255 512 2316 vit
539 2271 802 2329 sorores,
838 2260 894 2312 te
923 2250 1420 2330 comprehendat.
1455 2249 1561 2312 Illa
1580 2259 1778 2313 autem
1804 2251 1856 2311 ei
1887 2250 2032 2311 dicit
2069 2271 2082 2312 :

431 2341 619 2404 Deum
655 2341 877 2414 meum,
910 2339 1130 2416 inquit,
1154 2356 1298 2417 rogo
1325 2348 1389 2399 ut
1414 2356 1513 2400 eas
1543 2358 1759 2419 sequar
1790 2345 1846 2398 in
1880 2340 2081 2399 omni-

433 2430 570 2493 bus.
630 2427 942 2507 Tyrannus
971 2445 1111 2489 vero
1143 2444 1276 2489 cum
1335 2435 1494 2489 esset
1520 2426 1689 2488 valde
1719 2427 1991 2501 callidus,
2027 2437 2085 2488 et

431 2520 615 2582 sciret
635 2536 809 2598 quam
843 2523 1000 2579 esset
1020 2534 1194 2593 grave
1216 2523 1275 2577 et
1297 2515 1736 2594 detestandum,
1761 2524 1820 2576 et
1845 2516 1937 2576 vel
1958 2517 2085 2595 ipsa

435 2615 626 2669 morte
651 2606 925 2669 acerbius
956 2604 1174 2667 Christi
1224 2603 1412 2665 servis
1438 2604 1896 2683 intemperantia
1924 2622 1936 2665 ε
1972 2603 2080 2684 Te,

430 2694 647 2774 inquit,
676 2696 737 2755 in
756 2693 994 2775 publico
1013 2702 1261 2755 statuam
1288 2693 1638 2773 prostibula,
1666 2693 1850 2754 cuivis
1872 2693 2086 2754 volenti

431 2784 820 2866 prostituens,
849 2792 913 2843 ut
935 2782 1133 2844 anima
1154 2790 1212 2843 et
1245 2800 1495 2862 corpore
1514 2783 1828 2862 polluta,ut
1853 2782 2086 2863 eloquia

431 2876 650 2937 docent
678 2880 793 2935 tuae
822 2872 1166 2953 Scripturae,
1203 2871 1356 2933 male
1381 2890 1611 2952 pereas.
1636 2871 1853 2950 Martyr
1881 2881 2079 2934 autem

429 2981 569 3027 cum
600 2964 799 3025 statim
836 2963 896 3023 in
927 2962 1143 3025 cmlum
1180 2960 1519 3023 sustulisset
1541 2961 1767 3033 oculos,
1798 2969 1855 3023 et
1882 2980 1914 3023 e
1939 2980 2081 3040 pro-

428 3053 612 3115 fundo
642 3050 1105 3113 lamentabiliter
1136 3050 1494 3130 suSpirasset
1519 3068 1533 3113 :
1560 3048 1830 3123 Conﬁdo,
1859 3050 2077 3129 inquit,

429 3142 492 3202 in
520 3144 641 3203 Deo
674 3140 985 3202 Servatore
1017 3156 1175 3213 meo,
1213 3141 1374 3218 quod
1400 3139 1584 3217 pedes
1617 3157 1782 3199 meos
1804 3138 2019 3200 evellet
2047 3156 2080 3198 e

428 3230 668 3311 laqueo,
705 3238 765 3292 et
792 3230 1049 3291 animam
1086 3245 1281 3288 meam
1324 3228 1601 3289 liberabit
1648 3226 1722 3289 ab
1755 3231 1914 3289 omni
1964 3228 2079 3288 im-

428 3319 743 3381 munditia.
776 3318 996 3379 Fidelis
1022 3325 1111 3377 est
1133 3317 1318 3396 enim,
1344 3317 1444 3396 qui
1468 3317 1932 3396 promisit,quod
1963 3335 2078 3377 non
2102 3346 2139 3396 ε

426 3408 583 3469 sinet
614 3412 949 3467 nostentari
978 3423 1366 3485 supra,quam
1397 3423 1709 3485 possumus
1736 3408 1780 3470 Ι.
1806 3405 1923 3484 Ego
1943 3424 2080 3468 vero

429 3497 574 3559 deos
605 3503 738 3557 tuos
779 3514 897 3557 non
930 3497 1144 3574 colam,
1179 3513 1371 3575 neque
1403 3495 1493 3556 eis
1522 3496 1763 3557 oiferam
1818 3515 2078 3573 unquam

428 3586 817 3646 sacriﬁcium.
851 3583 1021 3656 Quod
1044 3593 1239 3645 autem
1266 3585 1328 3644 ﬁt
1351 3602 1457 3664 per
1487 3586 1601 3645 vim
1631 3594 1687 3645 et
1708 3595 2081 3666 repugnante

426 3672 1001 3754 voluntate,quandn
1028 3681 1200 3753 turpe
1223 3672 1420 3745 fuerit,
1448 3673 1525 3735 iis
1545 3675 1786 3753 quidem
1814 3676 1914 3751 qui
1940 3684 2081 3735 sunt

427 3764 638 3837 coacti,
666 3763 903 3825 videtur
926 3760 1123 3840 potius
1151 3778 1283 3822 esse
1313 3762 1697 3841 supplicium,
1732 3781 1906 3844 quam
1933 3782 2078 3840 pec-

425 3865 621 3914 catum
657 3871 672 3911 :
707 3869 849 3913 reos
882 3859 1079 3911 autem
1110 3851 1417 3913 constituit
1445 3869 1550 3912 eos
1580 3853 1677 3931 qui
1711 3853 1823 3913 vim
1861 3852 2077 3914 attule-

425 3949 587 4002 runt.
623 3942 819 4002 Meum
854 3941 1050 4019 itaque
1082 3958 1201 4000 non
1256 3940 1431 4003 fuerit
1463 3941 1575 4003 hoc
1607 3951 1935 4021 peccatum,
1963 3961 2077 4022 quo

425 4030 601 4091 modo
634 4047 748 4091 nec
808 4028 882 4090 iis
915 4029 1016 4109 qui
1047 4047 1143 4090 me
1201 4040 1658 4109 praecesserunt,
1697 4033 2073 4113 martyribus,

422 4118 667 4199 polluta)
690 4136 900 4181 carnes
932 4119 1211 4179 etvinum
1239 4118 1613 4195 libaminum,
1647 4139 1752 4200 per
1782 4121 1977 4182 vimin
2011 4142 2076 4182 os

422 4227 621 4270 eorum
645 4212 1035 4283 interjtctum,
1058 4214 1296 4269 omnino
1316 4213 1523 4270 obfuit.
1547 4214 1603 4271 Si
1629 4215 1781 4271 enim
1808 4229 1921 4271 non
1946 4230 1993 4285 p:
2017 4228 2075 4271 r-

420 4298 825 4373 suadens,sed
857 4300 973 4358 vim
1004 4297 1288 4377 efferens,
1321 4299 1439 4359 vita
1472 4300 1709 4361 trahere
1737 4300 1812 4361 ad
1846 4300 2070 4361 cultum

423 4395 662 4448 tuorum
699 4387 973 4460 deorum,
1007 4402 1115 4446 cur
1144 4404 1262 4447 non
1295 4389 1413 4447 cito
1446 4397 1618 4448 utens
1649 4397 1963 4469 potestate,
1988 4390 2079 4450 vel

420 4476 640 4540 invitos
665 4474 1035 4537 Christianos
1053 4475 1383 4553 cogisgenu
1408 4476 1650 4539 ﬂectere
1671 4477 2078 4542 daemonibus?

499 4562 678 4627 XVII.
712 4562 849 4625 Haec
878 4571 1187 4644 postquam
1236 4563 1433 4625 audiit
1466 4566 1804 4645 praefectus,
1836 4568 2079 4630 tradens

419 4670 553 4716 eam
616 4652 924 4726 militibus,
973 4651 1154 4727 jussit
1210 4652 1511 4715 abducere
1541 4655 1602 4714 in
1649 4654 2067 4734 prostibulum.

418 4740 578 4804 Deus
609 4747 808 4802 autem
843 4756 961 4800 non
992 4738 1151 4821 sinit,
1183 4758 1427 4803 suorum
1458 4740 1702 4805 omnino
1733 4762 1932 4805 curam
1965 4762 2070 4821 ge-

417 4849 560 4892 rens
599 4846 613 4892 :
672 4829 775 4891 sed
810 4829 1084 4910 protinus
1114 4829 1188 4891 ad
1214 4830 1431 4893 milites
1462 4835 1818 4896 accedentes
1846 4833 2067 4915 angeli,

418 4919 521 5000 qui
572 4917 688 4999 ipsi
719 4928 889 4981 erant
936 4917 1127 4980 induti
1159 4920 1362 4982 habitu
1395 4930 1453 4983 et
1512 4931 1673 4985 veste
1724 4923 1984 4995 militari,
2017 4933 2074 4986 et

414 5021 688 5085 tanquam
719 5012 961 5069 secundi
986 5027 1016 5069 a
1040 5014 1303 5082 praelecto
1326 5017 1507 5083 missi,
1525 5026 1577 5073 et
1604 5032 1725 5073 eam
1752 5016 1865 5073 alio
1888 5026 2070 5074 trans-

414 5095 572 5158 ferre
595 5095 770 5175 jussi,
805 5095 1083 5158 auferunt
1114 5096 1353 5176 quidem
1388 5098 1463 5159 ab
1493 5099 1565 5160 iis
1616 5101 1714 5178 qui
1745 5118 1874 5161 eam
1908 5100 2065 5161 deti—

413 5183 653 5246 nebant.
692 5186 837 5247 Cum
886 5203 1023 5246 vero
1057 5205 1186 5246 ram
1241 5187 1633 5250 abduxissent
1664 5189 1720 5247 in
1775 5207 2063 5250 cacumen

412 5273 652 5351 montis,
681 5274 896 5335 mirum
922 5274 980 5334 in
1011 5276 1250 5336 modum
1279 5277 1404 5351 alti,
1442 5278 1563 5339 illic
1597 5284 1880 5354 statuunt,
1902 5287 2063 5341 metu

408 5361 647 5442 quidem
681 5371 739 5424 et
770 5363 1218 5445 perturbatione
1261 5367 1523 5444 plenam,
1559 5366 1715 5447 quod
1753 5367 1828 5427 ad
1861 5374 2060 5448 priora

405 5451 864 5515 attinemleinde
880 5452 1058 5516 etiam
1085 5452 1209 5516 Deo
1230 5455 1608 5535 eloquentem
1641 5459 1817 5517 verba
1838 5457 2058 5536 gratia-

480 5647 504 5739 ξ
536 5646 721 5715 ICor.
753 5664 813 5728 x,
848 5649 948 5712 15.

2280 1982 2340 2007 μ.

2254 1993 2317 2055 ιζ

2169 2073 2381 2144 θεισῶν,
2418 2071 2516 2137 τὴς
2584 2073 2808 2147 ὴίράνην
2867 2075 2894 2125 ὁ
2955 2074 3128 2146 κόμης
3180 2076 3656 2151 παραστησάμενος
3684 2078 3825 2131 θύειν

2343 1981 2386 2039 ¹.
2450 1981 2600 2037 Οὕτω
2630 1988 2733 2037 τῶν
2793 1981 2882 2038 δύο
2930 1984 3200 2060 παρθένιον
3246 1984 3301 2039 ἐν
3349 1992 3554 2059 Χριστῴ
3597 1987 3823 2042 τελειω-

2169 2160 2378 2215 ἐκελευε
2414 2173 2525 2220 τοῖς
2554 2159 2814 2231 εἰδώλοις,
2853 2159 2938 2225 Μή
2971 2181 3050 2231 σε,
3087 2160 3282 2238 λέγων,
3319 2165 3346 2218 ὁ
3387 2162 3669 2239 προλαϐὼν
3698 2177 3823 2228 ταῖς
3906 2164 3915 2173 ’

2167 2247 2421 2328 ἀδελφαῖς
2477 2250 2697 2309 θάνατος
2750 2248 3050 2326 καταλάϐῃ.
3112 2243 3178 2305 Ἠ
3222 2249 3275 2307 δὲ
3321 2254 3451 2328 πρὸς
3485 2256 3663 2327 αὐτὸν,
3714 2255 3816 2312 Εὔ-

2168 2360 2363 2416 χομαι,
2396 2337 2519 2416 ἔφη,
2556 2345 2631 2410 τῷ
2690 2343 2806 2406 Θεῷ
2855 2361 2957 2412 μου
2987 2339 3040 2393 ἐν
3100 2338 3286 2408 μηδενὶ
3337 2342 3538 2398 τούτων
3591 2342 3820 2400 ἀπολει-

2167 2428 2379 2505 φθῆναι.
2444 2428 2537 2483 Ταὶ
2583 2431 2609 2482 ὁ
2651 2428 2897 2502 τύραννος
2960 2426 3155 2507 σφόδρα
3212 2426 3381 2494 δεινὸς
3438 2431 3512 2489 ὢν
3543 2434 3632 2489 καὶ
3669 2431 3820 2497 εἰδὼς

2165 2515 2311 2577 ὅπως
2343 2516 2472 2592 βαρὺ
2534 2518 2619 2571 καὶ
2658 2517 2943 2590 ἀπώμοτον
3003 2519 3087 2572 καὶ
3144 2518 3302 2573 αὒτοῦ
3343 2522 3566 2577 θανάτου
3622 2540 3819 2595 πικρο-

2166 2626 2315 2681 τερον
2388 2617 2505 2667 τοῖς
2582 2612 2806 2667 Χριστοῦ
2860 2604 3064 2669 δούλοις
3128 2606 3406 2686 ἀκολασία,
3465 2618 3531 2667 Εν
3592 2612 3820 2689 πορνείῳ

2168 2716 2252 2772 σε,
2284 2693 2408 2771 ἔφη,
2442 2697 2843 2768 καταστήσομαι
2891 2693 3132 2769 δημοσίῳ
3182 2700 3335 2752 παντὶ
3391 2703 3468 2770 τῷ
3510 2698 3819 2775 βουλομένῳ

2168 2788 2401 2862 προθεὶς,
2433 2783 2509 2839 ’ἶν’
2561 2782 2670 2855 ἅμα
2726 2786 2815 2839 καὶ
2859 2784 3041 2863 ψυχὴν
3086 2786 3174 2841 καὶ
3230 2791 3386 2859 σῶμα
3442 2785 3815 2868 διαφθαρεῖσα,

2166 2875 2237 2937 ὡς
2265 2874 2331 2927 τὰ
2362 2873 2458 2940 τῆς
2490 2878 2589 2939 σῆς
2624 2875 2833 2950 Γραφής
2892 2872 3227 2931 ἐκδιδάκουσι
3256 2874 3436 2956 λόγια,
3464 2885 3640 2942 κακῶς
3674 2901 3815 2955 παρ-

2167 2960 2384 3020 απολεῖ.
2447 2964 2542 3020 Καὶ
2583 2964 2617 3028 ἡ
2672 2964 2871 3038 μάρτυς
2930 2964 3077 3025 εὐθὺς
3130 2964 3188 3019 τὸ
3246 2965 3397 3039 ὄμμα
3440 2968 3513 3031 εἰς
3559 2970 3809 3044 οὐρανοὺς

2164 3050 2331 3128 ἄρασα
2390 3054 2476 3107 καὶ
2528 3053 2703 3126 βύθιόν
2745 3074 2793 3107 τι
2842 3053 2927 3107 καὶ
2985 3055 3205 3129 τακερὸν
3254 3053 3567 3135 στενσίξιισα²
3609 3058 3813 3113 Πέποι-

2164 3141 2249 3211 θα,
2283 3138 2408 3218 ἔφη,
2443 3138 2535 3195 ἐπὶ
2578 3144 2655 3211 τῷ
2704 3144 2819 3211 Θεῷ
2868 3146 2944 3212 τῷ
2995 3141 3206 3219 Σωτῆρι
3259 3165 3385 3216 μου,
3420 3142 3500 3199 ὅτι
3557 3144 3810 3200 ἐκσπάσει

2163 3225 2381 3303 παγιδος
2439 3228 2558 3290 τοὺς
2592 3226 2754 3291 πόδας
2809 3251 2909 3300 μου
2941 3228 3032 3283 καί
3082 3230 3178 3297 τὴν
3236 3231 3420 3308 ψυχήν
3451 3253 3551 3305 μου
3599 3232 3809 3307 ῥύσεται

2164 3315 2340 3381 πάσης
2410 3316 2751 3392 ἀκαθαρσίας.
2826 3319 3015 3379 Πιστὸς
3085 3318 3184 3396 γὰρ
3254 3320 3303 3373 ὁς
3352 3317 3808 3397 ἐπαγγειλάμενος

2166 3404 2247 3459 ὅτι
2299 3406 2392 3460 οὐκ
2448 3405 2591 3461 ἐάσει
2653 3409 2995 3483 πειρασθῆναι
3053 3409 3194 3480 ἡμᾴς
3239 3406 3369 3486 ὑπὲρ
3424 3408 3452 3463 ὃ
3518 3406 3808 3483 δυναίμεθα,

2168 3493 2311 3570 Ἐγὼ
2366 3492 2420 3548 δὲ
2453 3493 2591 3549 ἀλλὰ
2647 3508 2762 3557 τοῖς
2814 3499 2958 3559 θεοῖς
3003 3518 3095 3553 σου
3136 3500 3196 3554 οὗ
3247 3495 3517 3575 λατρεύσιυ
3542 3495 3659 3555 οὐδὲ
3717 3503 3814 3556 θυ-

2164 3586 2281 3637 σίαν
2325 3588 2507 3647 αὐτοῖς
2540 3587 2807 3663 προσοίσω
2835 3586 2987 3645 ποτε.
3024 3588 3094 3642 Τὸ
3138 3584 3192 3640 δέ.
3248 3608 3309 3663 γε
3340 3589 3471 3665 πρὸς
3501 3589 3618 3665 βίαν
3647 3587 3814 3648 ἀϐου-

2163 3671 2339 3740 λήτως
2402 3673 2785 3750 πραττόμενον,
2836 3675 3033 3731 ὀπόται
3105 3677 3327 3754 αἰσχρὸν
3391 3678 3449 3751 ἦ,
3513 3691 3636 3740 τοῖς
3712 3680 3814 3753 μὲν

2162 3762 2594 3838 ἠναγκασμένοις
2649 3765 2877 3842 τιμωρία
2938 3763 3166 3838 μᾶλλον,
3198 3768 3301 3843 οὔχ
3345 3767 3575 3843 ἁμαρτία
3632 3767 3808 3844 δοκεῖ,

2162 3852 2287 3913 τοὺς
2343 3849 2397 3906 δὲ
2459 3852 2811 3928 βιασαμένους
2862 3854 3175 3917 ὑπευθύνους
3231 3868 3400 3913 ποιεῖ.
3451 3854 3557 3911 Οὔκ
3612 3855 3676 3911 ἂν
3717 3860 3806 3914 οὖν

2162 3939 2253 4005 εἴη
2313 3940 2465 3997 τοῦτο
2496 3940 2626 4015 ἐμὸν
2669 3942 2982 4019 ἁμάρτημα,
3030 3942 3208 4018 ὥσπερ
3243 3942 3330 3995 οὖν
3384 3940 3499 3998 οὐδὲ
3543 3956 3662 4007 τοῖς
3706 3948 3810 4023 πρὸ

2160 4030 2315 4104 ἡμῶν
2361 4029 2614 4106 μάρτυσιν
2672 4030 2760 4091 οἷς
2814 4031 2903 4103 βίᾳ
2952 4030 3017 4087 τὰ
3073 4029 3414 4101 μεμιασμένοι
3443 4030 3594 4109 κρέα,
3626 4034 3654 4087 ὁ
3700 4038 3807 4089 τῶν

2159 4116 2400 4175 σπονδῶν
2473 4132 2620 4181 οἶνος
2666 4141 2743 4190 τῳ
2785 4122 3006 4191 στόματι
3051 4117 3351 4196 ἐπηνέχθη,
3391 4118 3426 4173 ἇί
3468 4120 3613 4179 οὐδὲν
3663 4119 3807 4184 ὅλως

2158 4211 2344 4271 αὐτοὺς
2395 4206 2755 4283 παρέϐλαψεν,
2791 4208 2845 4261 Εἰ
2896 4224 2994 4285 γαρ
3028 4229 3106 4282 μη
3164 4210 3376 4281 πείθων,
3426 4206 3561 4264 ἀλλὰ
3618 4208 3807 4286 βιαζό-

2157 4318 2313 4371 μενος
2345 4295 2525 4352 ἕλκειν
2568 4294 2744 4371 βούλει
2777 4297 2905 4368 πρὸς
2952 4297 3049 4364 τὴν
3078 4302 3183 4353 τῶν
3233 4301 3365 4353 θεῶν
3396 4320 3487 4354 σου
3537 4297 3804 4376 λατρείαν⁹

2160 4386 2210 4441 τί
2248 4388 2327 4461 μὴ
2358 4385 2499 4463 ταχὺ
2554 4391 2623 4460 τῇ
2673 4383 2877 4458 ἐξουσίᾳ
2926 4389 3205 4466 χρώμενος
3250 4390 3337 4444 καὶ
3367 4388 3590 4452 ἀκοντας
3638 4395 3806 4467 Χρισ-

2162 4477 2408 4539 στιανοὺς
2465 4475 2592 4551 γόνυ
2641 4474 2842 4531 κλίνειν
2899 4476 3311 4554 παρασκεύάζεις
3370 4491 3486 4542 τοῖς
3542 4476 3804 4552 δαίμοσις

2241 4564 2341 4625 lZ'.
2379 4564 2591 4623 Τούτων
2620 4566 2647 4620 ὃ
2678 4564 2862 4645 ἅρχων
2893 4569 2965 4631 ὡς
3006 4566 3220 4641 ἤκουσε,
3259 4567 3605 4645 στρατιώταις
3638 4568 3803 4636 αὐτὴν

2159 4652 2424 4732 παραδοὺς
2470 4654 2698 4732 ἁπάγειν
2729 4654 2969 4713 ἐκέλευεν
3000 4657 3073 4718 εἷς
3137 4670 3409 4733 πορνεῖονο
3446 4657 3573 4718 Θεὸς
3602 4654 3656 4711 δὲ
3713 4658 3809 4715 οὐκ

2155 4743 2285 4799 ἀνίει
2347 4744 2559 4808 πάντως
2610 4751 2716 4800 τὼν
2772 4744 2957 4802 ἕαυτοῦ
3007 4746 3423 4822 προῖστάμενοςο
3485 4742 3621 4800 ἀλλὰ
3682 4758 3803 4809 τοῖς

2157 4833 2505 4909 στρατιώταις
2563 4831 2783 4911 ἄγγελοι
2850 4836 2993 4898 εὐθὺς
3053 4833 3387 4906 ἐπιστάντες,
3455 4832 3646 4913 σχῆμα
3716 4837 3803 4891 καὶ

2156 4921 2301 4978 αὐτοὶ
2355 4926 2732 5000 στρατιωτικὸν
2789 4924 2877 4979 καὶ
2945 4924 3134 4989 σκευὴν
3194 4920 3656 4999 περιϐεϐλημένοι⁹
3713 4925 3802 4981 καὶ

2155 5012 2226 5071 ὡς
2300 5009 2527 5087 δεύτεροι
2583 5014 2712 5089 πρὸς
2784 5018 2876 5068 τοῦ
2932 5010 3194 5090 ἄρχοντος
3261 5011 3648 5091 ἐκπεμφθέντες
3712 5015 3803 5070 καὶ

2148 5098 2421 5179 ἀλλαχόσε
2480 5102 2678 5165 ταύτην
2723 5100 3036 5178 μετεκέγάαι
3094 5100 3576 5179 προστεταγμένοι,
3632 5103 3798 5182 ἀφαι-

2146 5191 2352 5252 ροῦνται
2424 5188 2520 5262 μὲν
2580 5188 2639 5243 ἐκ
2700 5196 2804 5244 τῶν
2867 5186 3211 5267 κατεχόντων
3271 5192 3358 5247 καὶ
3414 5195 3504 5248 τοῦ
3555 5194 3799 5271 πορνείου

2145 5276 2440 5356 ἐξάγουσιν⁸
2502 5276 2584 5338 εἴς
2635 5298 2753 5332 τινα
2822 5274 2877 5333 δὲ
2936 5278 3228 5356 ἀκρώρειαν
3287 5278 3437 5357 ὅρους
3497 5284 3800 5356 θαυμαστοῦ

2144 5368 2205 5423 τὸ
2254 5365 2385 5440 ὕψος
2436 5364 2827 5443 ἀπαγαγόντες,
2891 5365 3069 5424 ἐκεῖσε
3132 5373 3330 5436 ταύτην
3389 5370 3573 5426 ἱστῶσι
3631 5368 3793 5450 φόϐου

2144 5457 2230 5513 καὶ
2289 5458 2534 5533 ταραχῆς
2580 5452 2705 5512 ὅσον
2748 5458 2833 5513 επὶ
2867 5470 2985 5521 τοῖς
3030 5459 3304 5538 προτέροις
3351 5458 3623 5542 ἕπμλεων,
3669 5459 3798 5521 εἶτα
