4148 6402
311 342 438 409 589

1166 340 1637 409 MARTYRIUM
1683 345 1743 408 S.
1791 340 2239 408 ANAS'I‘ASI/E
2284 344 2382 406 ET
2434 343 2842 408 SOCIARUM.

3585 347 3709 416 590

314 482 409 539 καὶ
465 487 580 554 Θεῷ
642 481 708 537 τὰ
761 482 858 550 τῆς
914 481 1253 561 εὐχαριστίας
1308 478 1680 540 ὁπολαὸοὕσαν
1724 481 2005 557 ῥήματαΛ

2072 495 2184 538 ἰιιῐι
2209 477 2811 560 actionisJ’ostquam
2836 479 3227 561 autem,quod
3255 480 3469 544 factum
3490 483 3700 559 fuerat,

322 562 419 634 ’δὶς
476 569 530 626 δὲ
587 572 649 627 τὸ
708 571 948 650 πραχθὲν
1006 573 1033 626 ὁ
1075 570 1253 644 κόμης
1287 569 1597 644 ἐμάνθανεν,
1634 571 1816 627 αὐτίκα
1860 569 1975 625 ἐπι-

318 657 418 720 ϐὰς
478 660 634 731 Ἵππῳ
678 666 753 732 τῷ
790 660 898 737 ὄρει
928 658 1289 737 προσήλαυνε.
1329 661 1426 716 Καὶ
1457 659 1553 736 ὅρα
1584 682 1678 732 μοι
1709 658 1972 715 κάνταῦθα

320 757 459 808 Θεοῦ
501 749 791 823 θαυμάσια,
848 747 1079 805 διάνοιαν
1141 748 1239 822 μὲν
1292 749 1364 811 εἰς
1397 746 1679 822 ἔκπληξιν,
1726 747 1972 826 γλῶτταν

318 837 379 893 δὲ
426 838 689 897 καλοῦντα
745 841 874 915 πρὸς
925 836 1236 917 εὔφημίανῑ
1297 836 1393 899 ἰὶς
1445 838 1545 916 γὰρ
1606 840 1845 914 προσῆγε
1897 841 1972 909 τῷ

317 930 499 1007 τόπῳ,
532 930 627 991 τὰς
667 927 855 1006 φρένας
888 926 1192 991 ἀλλοιωθεὶς
1236 929 1359 1003 ὁρᾷν
1398 931 1492 1001 μεν
1529 926 1658 1005 εἶχε
1691 927 1788 991 τὴν
1834 925 1974 1000 μάρ-

317 1038 457 1093 τυρα
510 1016 799 1095 πόρῤωθεν,
857 1017 1202 1095 προσεγγίσαι
1274 1014 1329 1070 δὲ
1386 1017 1471 1071 καὶ
1542 1016 1636 1082 τῆς
1696 1015 1973 1093 ὁρωμένης

318 1103 692 1178 ἐπιλαϐέσθαι,
727 1107 898 1162 καίτοι
929 1104 1127 1185 σφόδρα
1179 1103 1525 1180 βουλόμενος,
1588 1103 1838 1168 ἀδύνατος
1880 1103 1970 1182 ἦν,

320 1198 399 1259 ὡς
448 1197 509 1252 τὸ
551 1197 645 1251 τοῦ
670 1195 810 1252 θείου
874 1185 1099 1252 Ἠσαίου
1136 1196 1227 1251 καὶ
1270 1193 1355 1250 ἐπ’
1400 1199 1545 1268 αὒτῷ
1579 1193 1740 1270 πέρας
1801 1191 1971 1271 ἔχειν,

330 1303 362 1344 (
400 1283 806 1363 Ψελαφάσουσι,
844 1307 872 1339 ι
914 1282 1185 1361 λὲγοντος,
1228 1302 1256 1342 τ
1291 1287 1365 1347 ὡς
1413 1282 1608 1363 τυφλὸς
1638 1294 1855 1361 τοῖχον,
1891 1282 1977 1336 καὶ

323 1375 402 1438 ὠς
452 1373 556 1453 οὔχ
589 1375 944 1453 ὑπαρχόντων
973 1372 1259 1451 ὀφθαλμῶν
1305 1371 1710 1452 ψηλαφήσουσι,
1764 1393 1787 1427 ιι
1844 1380 1975 1427 Τοι-

326 1466 486 1521 οὖτον
544 1465 687 1537 αὐτῷ
742 1465 945 1542 τειχίον
976 1462 1173 1541 ὀχυρόν
1228 1483 1285 1517 τε
1336 1464 1426 1519 καὶ
1482 1459 1716 1539 ἀσφαλὲς
1747 1461 1849 1537 πρὸ
1881 1459 1975 1526 τῆς

325 1552 497 1625 κόρης
583 1550 963 1629 περιελήλατο,
1043 1552 1202 1609 ’Ὁθεν
1258 1552 1346 1607 καὶ
1425 1549 1606 1624 κύκλῳ
1664 1551 1756 1605 τὸν
1814 1547 1975 1627 λόφον

325 1644 552 1720 περιιὼν
620 1640 775 1715 ἔμενε
852 1640 1008 1696 ἔωθεν
1069 1637 1229 1719 ἄχρις
1294 1639 1443 1707 ἧλίοδ
1501 1638 1739 1718 δυσμῶν,
1803 1637 1978 1714 μάτην

328 1737 510 1788 πονῶν
543 1732 626 1786 καὶ
660 1730 1154 1807 περιπλανώμενος.

416 1819 529 1879 ω’.
570 1818 655 1875 Ἐν
709 1820 753 1893 ᾧ
812 1818 867 1874 δὲ
922 1825 1084 1874 ταῦτα
1138 1817 1450 1896 ἐπράττετο,
1480 1820 1542 1874 τὸ
1587 1817 1735 1883 τόξον
1766 1837 1843 1881 τις
1874 1821 1980 1871 τῶν
2005 1844 2041 1893 κ

329 1911 598 1965 συνόντων
656 1908 841 1980 ἐκείνῳ
896 1913 1237 1986 στρατιωτῶν
1281 1909 1490 1971 εὐθύνας
1540 1907 1676 1962 κατὰ
1706 1911 1803 1971 τῆς
1835 1905 1977 1981 μάρ-

329 2021 512 2079 τυρος,
545 2000 632 2054 καὶ
663 1997 814 2074 βέλος
848 1997 994 2076 ἀφεὶς
1026 1996 1251 2066 πλήττει
1301 1997 1399 2071 μὲν
1454 1996 1615 2063 αὕτὴν
1668 2001 1800 2052 Θεοῦ
1844 2016 1977 2070 συγ-

328 2090 685 2169 χωρήσαντος
720 2107 734 2121 ⁸
782 2085 959 2153 ἐκείνη
1004 2084 1057 2141 δέ
1112 2087 1204 2149 τὰς
1237 2098 1428 2164 χεῖρας
1476 2084 1839 2142 διαπετάσασα
1890 2082 1978 2137 καὶ

329 2181 406 2242 εἰς
442 2178 614 2257 εὐχὴν
645 2177 834 2243 ἑαυτὴν
879 2175 1292 2255 σχηματίσασα,
1333 2172 1469 2239 Δόξα
1529 2195 1637 2252 σοι,
1700 2173 1893 2250 Χριστὲ
1952 2172 1979 2226 ὁ

332 2268 489 2341 Θεὸς,
537 2266 934 2346 ἐπιφθέγγεται,
981 2262 1062 2321 ὅτι
1098 2285 1165 2338 με
1211 2265 1289 2340 μὴ
1339 2265 1500 2339 μόνοι
1531 2260 1866 2338 σεϐάσματος
1895 2284 1981 2336 μι-

330 2364 486 2435 αροῦ,
535 2354 674 2412 ἀλλὰ
701 2357 790 2411 καὶ
833 2356 1030 2419 παντὸς
1095 2352 1260 2412 ἄλλοι)
1292 2353 1522 2430 καθαρὰν
1579 2350 1856 2428 μολυσμοῦ
1898 2347 1981 2405 δι-

329 2448 633 2524 ετήρησας,
662 2454 757 2503 τοῦ
781 2453 874 2502 σοῦ
898 2464 956 2499 τε
1000 2440 1231 2511 ἠξίωσας
1278 2441 1646 2519 ὕπαραθλήσαι
1694 2441 1977 2510 ὀνόματος.

333 2536 518 2601 Οὕτως
582 2536 804 2590 εἰποῦσα
834 2535 1020 2613 χερσὶν
1052 2532 1297 2610 ἀγγέλων
1328 2532 1513 2611 ἀφίησι
1545 2531 1642 2597 τὴν
1670 2531 1879 2609 ψυχήν.
1916 2529 1985 2585 Τὸ

331 2626 390 2682 δέ
421 2629 580 2698 σῶμα
623 2624 843 2696 ταύτης,
887 2624 1001 2679 ἐπεὶ
1055 2624 1144 2679 καὶ
1196 2624 1223 2678 ὁ
1276 2622 1452 2698 κόμης
1510 2618 1748 2678 ἐκποδὼν
1801 2620 1889 2694 ἦν,
1950 2621 1985 2686 ἡ

335 2713 663 2773 Ἀναστασία
721 2713 925 2769 ἐκεῖθεν
979 2712 1275 2787 ἀνελομένη
1330 2712 1418 2768 καὶ
1476 2712 1659 2789 μύροις
1714 2712 1800 2767 καὶ
1860 2710 1981 2766 ὀθο-

335 2807 468 2866 νίοις
526 2802 749 2878 ἐντίμως
807 2803 895 2858 καὶ
965 2804 1175 2873 σεμνῶς
1231 2799 1606 2880 περιστείλασα
1677 2812 1797 2863 ταῖς
1858 2820 1981 2876 προσ

338 2892 622 2957 λαϐούσαις
679 2890 933 2972 ἀδελφοῖς
984 2894 1118 2967 ὁμοῦ
1178 2892 1264 2946 καὶ
1354 2889 1629 2953 συνάθλοις
1716 2909 1989 2963 συγκατα-

349 2984 554 3046 τίθησιν
566 3029 578 3042 ,

443 3067 522 3127 ιε’
576 3072 706 3128 Εἶτα
756 3068 894 3137 δῆλα
955 3077 1032 3144 τῷ
1079 3068 1294 3146 βασιλεῖ
1355 3070 1726 3140 Διοκλητιινῷ
1780 3066 1868 3122 καὶ
1925 3065 1990 3120 τὰ

352 3162 469 3238 περὶ
521 3162 615 3226 τῆς
660 3159 920 3238 μάρτυρος
984 3159 1183 3237 γίνεται
1258 3155 1544 3230 Θεοδότης,
1593 3154 1709 3222 ἥτις
1769 3155 1991 3233 ὥρμητο

344 3248 445 3322 μὲν
496 3248 556 3305 ἐκ
616 3253 841 3306 Βιθυνῶν
897 3249 1106 3311 πόλεως
1168 3247 1410 3326 Νικαίας,
1442 3247 1504 3303 τὸ
1558 3243 1610 3301 δὲ
1662 3243 1818 3309 σέϐας
1864 3244 1991 3299 οὖσα

344 3339 641 3415 Χριστιανὴ
700 3340 788 3396 καὶ
831 3345 908 3412 τῷ
937 3341 1058 3417 περὶ
1100 3340 1161 3394 τὸ
1205 3334 1363 3400 σέϐας
1394 3335 1542 3411 ζήλῳ
1572 3336 1767 3413 πολλὴ,
1803 3333 1989 3409 μέτοι-

341 3450 438 3491 κος
496 3429 585 3484 καὶ
642 3428 774 3494 αὐτὴ
831 3429 922 3483 σὺν
969 3423 1304 3497 Ἀναστασίᾳ
1347 3426 1436 3481 καὶ
1481 3426 1615 3504 τρισὶ
1672 3424 1875 3486 τέκνοις
1936 3422 1990 3478 ἐν

342 3514 643 3588 Μακεδονίᾳ
685 3517 908 3594 γίνεται.
942 3514 1297 3590 Παραστᾶίσης
1356 3516 1443 3570 οὖν
1493 3520 1569 3586 τῷ
1616 3512 1838 3570 Βασιλεῖ
1895 3510 1989 3567 καί

341 3610 516 3671 αὖτῆς
562 3603 843 3669 Λευκάδιός
901 3628 981 3668 τις
1044 3602 1274 3678 τοῦνομα
1323 3607 1422 3669 τῆς
1471 3602 1611 3680 ὥρας
1666 3598 1780 3658 κατ’
1827 3600 1991 3678 ἄκρας

342 3694 509 3756 ἁλοὺς
552 3694 646 3773 (ἦν
705 3695 805 3773 γὰρ
852 3696 941 3752 καὶ
997 3695 1094 3762 τὴν
1137 3692 1258 3767 ὄψιν
1309 3689 1539 3756 Θεοδότη
1570 3688 1766 3769 σφόδρα
1797 3709 1991 3768 χαριε-

342 3781 553 3861 στάτη)
606 3781 770 3848 πολὺς
828 3783 894 3851 ἦν
938 3792 1031 3842 τοῦ
1103 3780 1364 3855 βασιλέως
1429 3778 1676 3853 δεόμενος
1731 3776 1994 3847 οἰκτεῖραι

342 3884 445 3932 τοῦ
501 3871 729 3937 κάλλους
783 3875 948 3940 αὐτὴν
1012 3874 1099 3928 καὶ
1161 3873 1239 3946 μὴ
1292 3868 1457 3930 οὕτως
1517 3867 1691 3947 ἄωροι
1734 3865 1993 3922 ἀπολέσαι

344 3964 519 4041 κόρην
580 3959 713 4039 ἄγαν
770 3960 1092 4035 περικαλλῆ.
1150 3960 1304 4018 Ἐπεὶ
1377 3956 1431 4014 δὲ
1485 3960 1574 4013 καὶ
1639 3956 1767 4031 πρὸς
1838 3954 1994 4033 (σίμον

345 4052 568 4127 ᾐτεῖτο,
611 4048 840 4126 ἄσμενος
901 4053 928 4106 ὁ
972 4047 1217 4126 βασιλεὺς
1278 4045 1496 4122 ἀσμένῳ
1557 4042 1762 4101 δίδωσιν
1820 4041 1997 4122 ’ᾪετο

345 4141 456 4219 γὰρ
510 4139 617 4195 ἀπὸ
675 4140 770 4207 τῆς
831 4141 991 4197 αὑτοῦ
1066 4138 1306 4216 συζυγίας
1373 4134 1625 4206 διάζευξιν
1670 4134 1731 4189 ἐκ
1766 4131 1999 4199 τῆς·τοῦ

2055 568 2285 646 accepit
2315 570 2745 647 comes,statim
2783 569 3120 631 ascendens
3150 587 3392 649 equum.
3423 572 3710 652 equitavit

2054 656 2127 717 ad
2146 656 2553 718 montem.Hic
2577 675 2712 718 vero
2734 657 2867 719 vide
2893 658 3036 721 mihi
3057 675 3153 720 res
3176 659 3280 721 Dei
3295 659 3706 742 admirabiles,

2055 764 2187 824 quae
2218 755 2476 807 mentem
2506 746 2748 826 quidem
2771 758 2980 808 vocant
3007 748 3079 810 ad
3106 747 3713 831 admirationem,lin-

2059 852 2232 913 gnam
2265 845 2463 896 autem
2489 836 2560 896 ad
2586 836 2824 897 laudem
2855 837 2868 896 !
2896 835 3005 900 Ubi
3031 837 3193 898 enim
3229 839 3482 901 accessit
3513 839 3587 902 ad
3609 839 3707 901 lo-

2058 942 2218 998 cum,
2253 932 2451 986 mente
2484 924 2852 1001 immutatus,
2890 924 3199 988 videbatur
3233 926 3473 1008 quidem
3505 928 3710 992 videro

2061 1012 2267 1093 procul
2291 1013 2606 1093 virginem,
2641 1022 2699 1076 et
2728 1032 2856 1076 eam
2890 1016 3594 1097 appropinquare,visam
3610 1036 3712 1084 au-

2060 1110 2177 1163 tem
2212 1103 2691 1183 apprehendere,
2728 1106 2835 1166 etsi
2871 1104 3126 1166 maxime
3157 1106 3360 1182 vellet,
3383 1125 3503 1168 non
3532 1115 3707 1188 pote-

2057 1202 2148 1254 rat
2181 1213 2194 1255 :
2230 1193 2380 1253 adeo
2431 1202 2496 1255 ut
2549 1193 2698 1255 illud
2752 1192 2920 1256 Isaiae
2973 1194 3348 1274 impleretur,
3396 1196 3651 1260 dicentis
3686 1217 3723 1261 :.

2066 1305 2091 1337 α
2124 1281 2453 1362 Palpabunt
2476 1291 2754 1363 tanquam
2781 1302 2980 1346 caecus
3011 1284 3396 1363 parietem,et
3427 1293 3706 1368 tanquam

2060 1371 2264 1433 oculos
2287 1389 2404 1431 non
2442 1371 2721 1451 habeant,
2756 1372 3081 1452 palpabunt
3102 1371 3150 1435 9.
3175 1393 3203 1433 ›
3238 1372 3400 1435 Talis
3422 1374 3475 1435 ei
3499 1392 3709 1439 murus

2061 1460 2267 1521 firmus
2298 1469 2356 1522 et
2385 1460 2614 1522 validus
2667 1461 2937 1541 objectus
2989 1462 3179 1524 iuerat
3229 1469 3364 1524 ante
3390 1462 3707 1543 virginem.

2059 1548 2461 1621 Quamobrem
2498 1551 2787 1612 tumulum
2819 1551 2876 1612 in
2903 1552 3110 1614 orbem
3137 1550 3516 1631 circumiens,
3534 1570 3708 1616 man-

2060 1639 2133 1700 sit
2163 1658 2197 1700 a
2231 1639 2515 1701 matutino
2546 1659 2736 1720 usque
2765 1641 2839 1702 ad
2867 1659 3144 1704 occasum
3176 1642 3340 1719 solis,
3373 1642 3592 1706 frustra
3619 1643 3711 1708 la-

2061 1728 2279 1788 borans
2309 1736 2367 1789 et
2398 1729 2859 1791 circumerrans.

2144 1815 2349 1878 XVIII.
2384 1818 2627 1880 Interim
2660 1825 2858 1880 autem
2885 1818 3025 1879 dum
3055 1819 3181 1881 haec
3213 1819 3711 1899 fiebant,quidam

2063 1923 2133 1966 ex
2162 1905 2235 1966 iis
2266 1905 2367 1983 qui
2399 1914 2568 1967 erant
2597 1925 2730 1966 cum
2782 1925 2852 1968 eo
2886 1906 3179 1969 militibus
3208 1926 3411 1970 arcum
3443 1909 3725 1989 dirigens

2062 1993 2123 2054 in
2156 2001 2502 2074 martyrem,
2528 2003 2585 2055 et
2608 1994 2878 2074 jaculum
2916 1994 3222 2077 amittens,
3253 1996 3443 2077 ipsam
3465 1998 3709 2079 quidem

2064 2083 2226 2164 ferit,
2268 2081 2392 2144 Deo
2433 2083 2825 2146 concedente.
2861 2082 2967 2146 Illa
2988 2091 3186 2147 autem
3223 2086 3413 2166 passis
3438 2086 3712 2151 manibus

2065 2190 2200 2233 cum
2221 2189 2286 2234 se
2304 2172 2373 2235 ad
2397 2190 2605 2251 preces
2632 2174 3070 2252 composuisset
3097 2191 3110 2236 :
3136 2174 3338 2238 Gloria
3371 2175 3502 2252 tibi,
3531 2176 3713 2240 Chri-

2066 2269 2156 2322 ste
2184 2262 2369 2341 Dens,
2402 2262 2633 2336 ell‘atur,
2659 2262 2816 2343 quod
2837 2280 2955 2323 non
2978 2262 3170 2324 solum
3202 2263 3276 2324 ab
3305 2263 3491 2345 impio
3519 2264 3712 2345 cultu,

2066 2350 2171 2412 sed
2202 2349 2383 2414 etiam
2419 2370 2453 2412 a
2481 2351 2791 2432 quibusvis
2820 2351 2952 2412 aliis
2999 2351 3279 2415 sordibus
3325 2363 3386 2416 et
3431 2353 3715 2434 inquina-

2070 2440 2290 2501 mentis
2325 2458 2420 2502 me
2468 2459 2672 2520 puram
2713 2440 3183 2521 conservaveris,
3220 2448 3279 2504 et
3329 2460 3437 2523 pro
3467 2449 3570 2506 tuo
3596 2461 3712 2506 no-

2073 2530 2231 2591 mine
2266 2528 2580 2592 decertare
2610 2530 2892 2610 volueris.
2926 2534 3069 2595 Cum
3106 2530 3194 2593 sic
3223 2531 3496 2609 dixisset,
3526 2533 3588 2595 in
3610 2551 3712 2595 an-

2069 2621 2336 2698 gelorum
2367 2637 2576 2682 manus
2589 2619 3448 2700 emisitanimam.Ejusautem
3471 2639 3714 2704 corpus,

2070 2727 2204 2769 cum
2269 2709 2433 2770 illinc
2488 2718 2757 2771 remotus
2812 2717 2969 2771 esset
3016 2727 3242 2791 comes,
3276 2710 3492 2774 tollens
3549 2714 3718 2776 Ana-

2071 2800 2271 2869 stasia,
2300 2800 2620 2878 unguentis
2652 2799 2956 2861 conditum
3017 2805 3080 2862 et
3128 2799 3332 2863 linteis
3378 2801 3716 2865 honorifice

2073 2888 2498 2966 compositum,
2525 2888 2703 2948 simul
2755 2887 3003 2967 deponit
3050 2906 3186 2951 cum
3218 2888 3550 2967 sororibus,
3585 2908 3718 2973 qua

2073 2974 2307 3037 fuerant
2335 2976 2515 3037 sociae
2547 2976 2914 3037 certaminis.

2140 3063 2270 3127 XIX
2284 3064 2536 3127 .Deinde
2547 3064 2618 3125 ad
2634 3065 3056 3144 imperatorem
3074 3066 3504 3130 Diocletianum
3521 3067 3721 3131 defer-

2075 3165 2167 3212 tur
2198 3157 2368 3213 etiam
2400 3165 2615 3228 martyr
2637 3157 3075 3229 Theodote,quae
3104 3167 3223 3215 orta
3246 3159 3478 3230 quidem
3501 3167 3624 3219 erat
3644 3174 3719 3218 ex

2075 3238 2364 3319 Bithynia:
2387 3240 2620 3301 civitate
2646 3239 3204 3314 Nicmaﬁhristiana
3225 3248 3421 3304 autem
3456 3250 3585 3305 erat
3611 3260 3717 3306 re-

2076 3328 2320 3411 ligione,
2348 3339 2406 3391 et
2434 3332 2493 3392 in
2517 3332 2648 3410 ejus
2667 3331 2793 3392 zelo
2824 3332 3056 3393 fervens
3083 3349 3097 3394 :
3123 3331 3413 3411 inquilina
3436 3350 3577 3394 vero
3592 3339 3721 3395 erat

2074 3418 2203 3499 ipsa
2221 3437 2459 3499 quoque
2475 3438 2606 3481 cum
2623 3421 2940 3483 Anastasis
2954 3430 3006 3482 et
3024 3420 3211 3482 tribus
3231 3420 3440 3482 liberis
3454 3421 3516 3481 in
3532 3425 3725 3485 Mace-

2075 3511 2270 3571 donia.
2304 3512 2443 3569 Cum
2478 3528 2615 3586 ergo
2640 3516 2760 3585 ipsa
2782 3529 3011 3586 quoque
3032 3529 3093 3571 se
3115 3515 3350 3572 stitisset
3374 3524 3504 3574 ante
3533 3516 3725 3589 impe-

2076 3606 2357 3672 ratorem,
2392 3598 2631 3678 quidam
2665 3602 2904 3662 nomine
2936 3599 3286 3676 Leucadius,
3317 3601 3485 3664 valde
3514 3609 3724 3679 captus

2077 3688 2205 3766 ejus
2232 3687 2679 3768 pulchritudine
2699 3689 3028 3765 (erateuim
3052 3688 3360 3753 Theodote
3384 3709 3620 3772 quoque
3642 3692 3730 3753 fa-

2078 3779 2169 3838 cie
2193 3776 3500 3858 venustissima),vehementerinstabatapud
3522 3778 3726 3859 impe-

2076 3872 2436 3938 ratorem,ut
2463 3865 2851 3928 misereretur
2875 3867 3006 3947 ejus
3031 3867 3584 3946 pulchritudinis,et
3605 3886 3727 3930 non

2080 3953 2167 4014 sic
2195 3952 2572 4014 immaturam
2613 3954 2890 4034 perderet
2941 3956 3193 4035 puellam
3228 3955 3723 4036 pulcherrimam.

2081 4042 2369 4113 Quoniam
2391 4054 2587 4103 autem
2610 4061 2679 4105 ea
2703 4042 3014 4123 petebatur
3034 4044 3107 4104 ad
3130 4046 3732 4127 rariptias,imperator

2081 4131 2277 4192 libens
2308 4131 2478 4192 dedit
2511 4131 2763 4208 libenti;
2830 4132 3205 4194 existimabat
3264 4137 3422 4195 enim
3455 4134 3607 4210 fore,
3662 4142 3731 4197 ut

348 4236 586 4307 Χριστοῦ
631 4228 873 4307 γενέσθαι
930 4227 1095 4306 ταύτῃ
1153 4227 1452 4308 φιλοθείας,
1527 4219 1855 4304 Παραλαϐὼν
1913 4221 2001 4277 οὖν

2086 4240 2157 4282 ex
2188 4220 2318 4299 ejus
2349 4220 2626 4300 conjugio
2656 4222 2711 4282 ei
2744 4222 2914 4283 ﬁeret
2943 4222 3265 4300 disjunctio
3296 4241 3331 4284 a
3354 4223 3573 4285 Christi
3595 4223 3735 4297 relig

352 4323 383 4376 ὃ
445 4317 728 4380 Λευκάδιος
788 4321 886 4387 τὴν
952 4316 1237 4391 Θεοδότην,
1285 4316 1333 4372 τί
1392 4315 1488 4389 μέν
1520 4317 1613 4371 οὑκ
1656 4311 1827 4390 ἔλεγε,
1862 4312 1915 4367 τί
1951 4308 2005 4366 δέ

2087 4308 2442 4390 gione.Cum
2460 4329 2598 4386 ergo
2622 4310 2991 4373 Theodotem
3018 4317 3347 4391 accepisset
3371 4310 3728 4386 Leucadius,

352 4417 438 4477 μή
498 4407 664 4465 ἐποίει
694 4422 883 4467 πεῖσαι
914 4409 1111 4477 ταύτην
1162 4405 1467 4476 σπουδάζων
1520 4405 1610 4472 τὴν
1651 4403 1748 4478 μὲν
1791 4400 2005 4479 ἁγνείαν

2089 4400 2226 4480 quid
2260 4418 2376 4460 non
2417 4399 2677 4476 dicebat,
2711 4401 2852 4481 quid
2911 4419 3025 4463 non
3087 4401 3360 4473 faciebat,
3392 4400 3644 4463 studens
3674 4400 3735 4463 ei

352 4500 448 4556 καὶ
501 4499 600 4566 τὴν
658 4501 730 4563 εἰς
779 4499 1004 4577 Χριστὸν
1062 4495 1328 4556 εὐσέϐειαν
1386 4493 1761 4569 ἐξομόσασθαι,
1820 4489 2005 4547 συνθέ-

2092 4489 2478 4577 persuadere,
2512 4497 2578 4551 ut
2607 4491 2939 4552 castitatem
2994 4490 3238 4571 quidem
3270 4499 3330 4553 et
3362 4495 3639 4570 pietatem
3670 4489 3735 4553 in

353 4592 479 4645 σθαι
536 4585 589 4643 δέ
641 4594 709 4665 τῇ
764 4572 1002 4667 ἀσεϐείᾳ,
1058 4588 1144 4643 καὶ
1202 4587 1343 4660 αὑτῷ
1402 4587 1532 4664 πρὸς
1577 4583 1752 4661 γάμου
1800 4602 2003 4637 κοινωη

2091 4576 2387 4639 Christum
2421 4578 2742 4656 abjuraret,
2772 4578 3065 4658 impietati
3092 4586 3290 4641 autem
3314 4578 3732 4659 assentiretur,

355 4677 474 4735 νίαν
500 4676 681 4735 ἐλθεῖν
719 4698 736 4759 ;
989 4665 995 4667 ⁷
1760 4757 1777 4759 ,Α
1791 4756 1804 4759 Α
1992 4758 1995 4759 ν

2092 4674 2149 4727 et
2180 4665 2267 4726 sic
2307 4668 2685 4728 matrimonio
2715 4685 2850 4729 cum
2877 4686 2947 4729 eo
2977 4667 3497 4748 conjungeretur?

449 4765 534 4827 κ’.
578 4754 737 4824 Ἐπεί
779 4764 835 4823 δὲ
893 4773 1058 4824 ταῦτα
1100 4766 1348 4845 πράττων
1402 4762 1617 4842 γράφειν
1649 4761 1721 4823 εἷς
1754 4756 1891 4835 ὕδωρ
1920 4758 2005 4813 καὶ

2171 4756 2309 4818 XX.
2347 4754 2669 4835 Postquam
2728 4774 2867 4818 vero
2918 4759 3042 4819 haec
3090 4776 3273 4836 agens
3319 4757 3480 4820 visus
3531 4765 3623 4820 est
3676 4758 3742 4822 in

358 4856 524 4924 γενὴν
555 4855 778 4931 ψάλλειν
810 4856 990 4930 ἐῴκει,
1026 4855 1122 4912 οἶα
1148 4844 1250 4934 γάρ
1281 4854 1413 4932 πρὸς
1448 4853 1603 4911 αὐτὸν
1635 4850 1700 4906 τὰ
1741 4853 1840 4915 τῆς
1874 4855 2005 4903 Oeo—

2091 4863 2302 4924 aquam
2334 4844 2626 4925 scribere,
2661 4854 2719 4907 et
2750 4864 2967 4908 canere
2997 4845 3362 4922 inania,cum
3388 4856 3593 4910 essent
3619 4848 3741 4910 bu-

358 4944 527 5012 δότης
561 4961 574 4975 '
628 4947 683 5003 Εἰ
733 4947 831 5021 μὲν
862 4955 954 5005 τοῦ
980 4945 1110 5019 ἐμοῦ
1159 4942 1391 5000 πλούτου
1446 4941 1533 4997 καὶ
1577 4940 1681 4996 τῶν
1711 4938 2005 5015 γρῆμάτων

2086 4933 2355 5013 jusmodi
2388 4952 2521 5014 quae
2551 4936 2606 4997 ei
2636 4934 2875 4998 dicebat
2906 4936 3216 4999 Theodote
3244 4958 3258 5000 :
3316 4937 3376 4999 Si
3411 4955 3572 5000 meas
3601 4936 3745 5018 qui-

360 5034 672 5111 ἐπιθδμεῖς,
735 5038 821 5092 καὶ
895 5032 980 5091 διὰ
1037 5032 1203 5090 ταῦτα
1283 5053 1348 5107 με
1409 5027 1646 5093 σπεύδεις
1720 5025 2005 5105 ἀγαγέσθαι

2094 5023 2230 5085 dem
2265 5041 2409 5103 opes
2459 5024 2627 5104 cupis
2682 5032 2742 5086 et
2797 5031 3101 5106 pecunias,
3157 5035 3214 5087 et
3247 5044 3340 5087 me
3370 5026 3507 5089 ideo
3537 5026 3745 5090 studes

358 5125 498 5201 πρὸς
542 5124 739 5201 γάμον,
785 5122 894 5180 ἰδού
955 5145 1037 5180 σοι
1095 5121 1309 5178 πάντων
1360 5117 1652 5194 ἐξίσταμαι,
1713 5118 1874 5191 μόθον
1906 5115 2005 5193 ἐγὼ

2098 5130 2340 5175 uxorem
2374 5117 2771 5187 ducere,ecce
2804 5114 2908 5175 tibi
2942 5115 3092 5176 cedo
3122 5114 3429 5191 omnibus,
3466 5133 3573 5196 pro
3606 5134 3747 5178 om-

362 5215 592 5290 Χριστὸν
648 5213 762 5269 ἀντὶ
823 5215 1019 5277 παντὸς
1079 5208 1306 5268 πλούτου
1361 5204 1758 5287 κληρωσαμένη
1790 5220 1805 5234 '
1870 5205 1914 5259 εἰ
1958 5201 2005 5259 δέ

2096 5203 2274 5265 nibus
2304 5202 2520 5265 divitiis
2552 5205 2743 5266 solum
2777 5205 3079 5267 Christum
3114 5206 3370 5284 sortita;
3419 5208 3517 5268 sin
3544 5216 3747 5272 autem

362 5302 464 5359 καί
520 5308 614 5359 τοῦ
665 5301 975 5376 σωματικοῦ
1032 5299 1257 5361 κάλλους
1304 5297 1451 5378 ἐρᾷς,
1485 5294 1751 5353 ἀδυνάτων
1784 5292 1892 5349 ἴσθι
1954 5295 2005 5349 τὲ

2100 5292 2281 5355 etiam
2303 5312 2654 5374 corpoream
2677 5312 2840 5355 amas
2864 5294 3563 5378 pulchritudinem,scias
3590 5304 3649 5360 te
3679 5314 3752 5359 ea

363 5391 617 5470 παράπαν
672 5392 805 5472 ἱρῶν
841 5410 855 5425 ο
907 5391 1161 5471 πρότερον
1219 5388 1319 5467 γάρ
1361 5386 1422 5443 ἄν
1488 5407 1589 5462 μου
1649 5384 1745 5452 τὴν
1806 5382 2005 5462 μορφὴν

2098 5400 2492 5472 amare;qure
2544 5383 2789 5445 omnino
2823 5383 2954 5445 ﬁeri
3000 5398 3306 5466 nequeunt
3338 5407 3352 5443 :
3390 5386 3556 5466 prius
3586 5386 3747 5451 enim

364 5479 606 5558 ἀμείψῃς
634 5482 670 5550 ἢ
702 5481 799 5549 τὴν
840 5480 1064 5559 γνώμην
1109 5474 1436 5551 μεταϐαλεῖς
1472 5493 1485 5508 ⁶
1520 5475 1619 5533 κᾶν
1668 5474 1713 5529 εἷ
1757 5474 1876 5559 πυρὶ
1932 5473 2005 5528 καῖ

2104 5490 2297 5533 meam
2330 5471 2578 5534 formam
2625 5491 2805 5553 quam
2839 5480 3099 5536 mentem
3136 5476 3483 5550 mutaveris,
3511 5475 3754 5541 etiamsi

364 5566 575 5646 σιδήρῳ
602 5591 670 5649 με
732 5569 820 5626 καὶ
858 5558 1033 5626 πᾶσιν
1092 5568 1229 5644 ὁμοῦ
1288 5564 1661 5643 κολαστηρίοις
1713 5558 2005 5631 ἐκδαπανή·

2105 5579 2202 5623 me
2231 5561 2370 5641 igne
2399 5570 2457 5624 et
2488 5562 2674 5638 ferro,
2701 5570 2760 5625 et
2790 5561 3070 5625 omnibus
3101 5562 3277 5626 simul
3308 5561 3753 5651 consumpseris

450 5688 479 5734 ⁸
506 5690 621 5759 Isa.
646 5703 765 5766 ιιι,
800 5684 898 5752 10.
