4148 6412
373 360 483 428 591

1684 350 1966 418 MENSIS
2006 342 2257 414 DECEM
2264 346 2434 413 BER.

3633 331 3750 400 592

378 498 713 583 suppliciis.
735 495 848 561 Ubi
874 495 1005 559 haec
1035 511 1174 573 ergo
1226 492 1446 555 audivit
1473 490 1833 583 Leucadius,
1861 509 2009 572 quo-

2107 514 2235 555 ςαις.
2286 489 2377 553 ἰὶς
2431 486 2520 544 οὖν
2549 492 2716 543 ταῦτα
2747 482 2975 551 ἤκουσεν
3028 484 3056 537 'o
3111 477 3415 552 Λευκάδιος,
3465 475 3579 531 ἐπεὶ
3607 495 3750 551 παρ-

369 580 532 654 niam
573 601 815 672 paratus
866 593 993 648 erat
1019 602 1138 646 una
1167 601 1299 672 cum
1333 580 1677 663 egrediente
1705 580 1867 641 exire
1890 587 2007 641 im-

373 669 672 762 peratore,
707 676 868 739 domi
900 674 1139 756 quidem
1169 671 1414 762 mliquit
1455 670 1847 762 Theodutem,
1882 669 2010 749 ipse

372 758 514 834 vero
536 769 654 831 iter
682 773 775 829 est
821 765 1150 843 ingressus,
1182 760 1506 824 Theodotus
1535 758 1837 839 negotium
1891 776 2010 819 non

371 859 583 923 leviter
603 868 663 919 et
685 856 748 917 in
779 854 1034 915 transitu
1056 850 1432 913 tractandum
1465 867 1599 911 esse
1629 848 1879 919 ducens,
1906 846 2012 908 sed

370 948 436 1011 id
466 962 774 1010 reservans
804 942 879 1006 ad
901 941 1086 1003 otium
1111 948 1170 1003 et
1191 948 1424 1020 tempus
1445 936 1829 1001 conveniens.
1866 936 2011 999 Cum

373 1055 517 1115 ergo
544 1036 804 1099 relaxata
833 1032 1041 1095 fuisset
1068 1029 1400 1110 Theodote,
1426 1035 1485 1089 et
1516 1026 1772 1089 similem
1798 1025 1859 1088 in
1891 1026 2014 1115 vir-7

372 1114 498 1190 tute
525 1133 585 1188 et
613 1123 731 1188 ﬁde
756 1119 1183 1203 assumpsisset
1231 1118 1629 1192 Anastasiam,
1686 1135 1802 1177 una
1832 1114 2017 1177 animi

371 1214 676 1279 alacritate
703 1221 763 1275 et
796 1209 1219 1285 consensione,
1255 1216 1312 1269 et
1343 1206 1513 1287 quasi
1543 1205 2009 1286 conspiratione,

372 1305 623 1387 parique
650 1302 779 1365 zelo
830 1297 1191 1382 peragebant
1240 1297 1476 1387 solitum
1510 1312 1749 1387 cursum
1780 1293 2016 1387 pietatis

372 1383 859 1474 Cbriitianis,qui
877 1390 939 1452 in
953 1387 1291 1452 carceribus
1311 1384 1568 1466 publicis
1589 1383 1805 1474 inclusi
1821 1390 2010 1457 erant,

373 1484 603 1548 eﬂectaa
631 1473 854 1557 omnia,
888 1477 1109 1541 medici
1161 1475 1501 1549 vulnerum,
1535 1473 2018 1554 suppeditatores

374 1573 793 1657 pecuniarum,
826 1566 1261 1651 praeteritorum
1294 1564 1584 1627 malorum
1627 1561 1925 1635 solatium,
1961 1571 2019 1622 et

374 1650 732 1726 adfuturum
761 1650 1122 1722 validissima
1168 1654 1519 1717 consolatio.
1554 1653 1628 1716 Et
1658 1651 1743 1713 sic
1775 1650 2014 1731 quidem

374 1754 661 1833 virgines;

2093 581 2381 637 εσκεύαστο
2435 575 2728 651 ἓξορμῶντι
2795 574 2917 629 τότε
2974 576 3053 643 τῷ
3105 568 3323 645 βασιλεῖ
3380 565 3745 643 συνοίχεσθαι,

2092 672 2191 737 τὴν
2238 669 2336 743 μὲν
2389 664 2649 731 Θεοδότην
2700 662 2844 720 οἴκοι
2890 659 3223 737 καταλείπει,
3262 660 3289 713 ὁ
3323 655 3375 711 δέ
3408 661 3747 733 παραχρῆμα

2096 759 2215 816 ὁδοῦ
2275 756 2485 836 εἴχετο,
2519 757 2581 810 τὸ
2611 754 2727 830 περὶ
2759 748 3023 816 Θεοδότης
3055 747 3206 826 ἔργον
3239 750 3335 804 οὐκ
3390 744 3444 799 ἐν
3501 743 3749 819 παρέργῳ

2096 850 2275 917 τιθεὶς,
2313 842 2430 901 ἀλλ’
2464 843 2517 898 ἐν
2574 841 2754 922 σχολῇ
2814 841 2967 897 τοῦτο
2998 836 3380 912 ταμιευόμενος
3429 833 3516 887 καὶ
3577 835 3749 905 καιρῷ

2095 938 2441 1011 προσήκοντι.
2499 934 2775 989 Ἀνεθεῖσα
2844 929 3015 984 τοίνυν
3100 929 3133 993 ἡ
3216 921 3446 988 Θεοδότη
3504 921 3592 976 καὶ
3646 923 3745 985 τὴν

2097 1028 2281 1102 ὁμοίαν
2333 1026 2404 1089 εἷς
2452 1022 2645 1101 ἀρετὴν
2701 1019 2796 1076 καὶ
2840 1018 3017 1074 πίστιν
3076 1013 3429 1072 Ἀναστασίαν
3497 1007 3745 1087 παραλα-

2098 1095 2257 1173 ϐοῦσα
2314 1120 2412 1189 μιᾷ
2440 1096 2698 1187 προθυμίᾳ
2728 1131 2783 1165 τε
2816 1108 2900 1165 καὶ
2962 1105 3226 1180 σὺμπνοίᾳ
3284 1103 3371 1157 καὶ
3434 1100 3543 1171 ἴσῳ
3600 1095 3749 1169 ζήλῳ

2098 1208 2189 1262 τὸν
2259 1205 2459 1272 συνήθη
2517 1199 2710 1279 δρόμον
2770 1203 2868 1264 τῆς
2938 1192 3202 1256 εὐσεϐείας
3263 1190 3506 1268 ἔτρεχον,
3571 1186 3748 1242 πάντα

2097 1302 2217 1356 τοῦς
2275 1295 2329 1349 ἐν
2387 1291 2669 1366 δημοσίαις
2727 1287 2990 1368 φυλακαῖς
3046 1282 3372 1361 εἶργομένοις
3405 1285 3749 1357 Χριστιανοῖς

2098 1385 2393 1462 γινόμεναι,
2469 1379 2785 1456 τραυμάτων
2839 1376 3029 1452 ἰατροὶ,
3110 1371 3345 1453 χορηγοὶ
3416 1366 3743 1448 χρημάτων,

2098 1481 2204 1530 τῶν
2260 1495 2317 1529 τε
2373 1469 2739 1548 παρελθόντων
2794 1465 2978 1521 δεινῶν
3021 1460 3323 1540 παραψυχὴ
3379 1460 3467 1513 καὶ
3519 1456 3652 1533 πρὸς
3684 1455 3747 1510 τὸ

2101 1562 2296 1638 μέλλον
2338 1544 2665 1640 ἰσχυροτάτη
2694 1555 3053 1636 παράκλησις.
3092 1555 3152 1608 Αἱ
3213 1551 3311 1622 μὲν
3364 1549 3457 1603 οῦν
3501 1544 3748 1623 παρθένοι

2102 1652 2295 1717 οὕτως.

456 1814 616 1905 ἱΧῙ.
649 1840 796 1903 Cum
827 1843 1022 1900 autem
1051 1852 1261 1897 rursus
1279 1832 1668 1894 intellexisset
1696 1829 2016 1892 Diocletia-

2186 1830 2323 1892 KA’.
2361 1827 2741 1895 Διοκλητιανὸς
2774 1822 2828 1881 δὲ
2887 1822 3067 1896 μαθὼν
3118 1821 3208 1876 καὶ
3265 1821 3404 1882 οῧθις
3462 1816 3579 1892 περὶ
3639 1814 3747 1870 τῶν

376 1950 513 2006 nus,
559 1947 736 2012 quam
784 1933 987 1990 essent
1028 1924 1275 2003 quidem
1305 1922 1841 2012 angusti'carceres
1870 1937 2017 2012 pro—

2107 1923 2328 1981 εὒυεὸὦν
2387 1924 2460 1984 ὡς
2524 1922 2573 1977 αἱ
2630 1920 2728 1994 μὲν
2786 1916 3010 1996 φυλακλὶ
3082 1915 3157 1988 τῷ
3216 1911 3404 1981 πλήθει
3483 1915 3588 1965 τῶν
3646 1904 3748 1973 ἤδη

376 2028 511 2104 pter
534 2008 975 2082 multitudinem
1012 2012 1410 2104 piorum,_qui
1468 2009 1631 2104 in_iis
1660 2008 2019 2069 detineban-

375 2099 703 2192 iur,essent
727 2123 866 2169 vero
880 2103 1082 2166 inania
1102 2101 1329 2180 quaevis
1348 2099 1679 2178 excogitata
1704 2103 2019 2172 tormenta,

376 2185 814 2264 aconl'essione
842 2193 1084 2256 nemine
1116 2209 1321 2254 eorum
1371 2189 1719 2261 recedente,
1755 2204 1860 2248 eos
1889 2185 2021 2268 qui-

380 2289 521 2354 dem
547 2286 719 2370 jubet
744 2282 993 2370 diversis
1025 2280 1232 2343 mortis
1261 2279 1437 2370 illatis
1452 2276 1776 2370 generibus
1805 2277 1879 2339 de
1904 2294 2023 2370 me-

383 2378 484 2442 dio
508 2365 634 2439 tolli
665 2392 734 2437 ex
763 2369 1129 2446 hominibus,
1156 2376 1215 2431 et
1260 2368 1342 2430 ita
1370 2368 1567 2429 locum
1598 2365 1740 2428 dare
1771 2366 2024 2427 carceri-

383 2464 498 2530 bus
528 2487 543 2527 :
580 2463 727 2527 alios
755 2470 952 2526 autem
982 2456 1627 2540 comprehendere,qui
1652 2454 1858 2517 eadem
1892 2473 2023 2516 sen-

382 2556 612 2620 tiebant
645 2573 660 2619 :
694 2560 753 2616 et
775 2551 1034 2633 primum
1068 2548 1309 2630 quidem
1343 2547 1405 2608 in
1434 2545 1670 2608 vincula
1693 2543 2019 2625 conjicere,

385 2646 607 2710 deinde
625 2643 677 2705 si
696 2641 806 2708 sibi
827 2659 946 2702 non
970 2638 1397 2720 persuaderent
1418 2643 1481 2697 ut
1498 2653 1661 2697 suam
1677 2634 2023 2713 abjurarent

382 2735 759 2814 religionem,
795 2749 897 2793 eos
927 2727 1237 2791 tormentis
1286 2726 1613 2788 atﬁcerent.
1666 2723 1854 2786 Tanta
1899 2732 2024 2814 erat

382 2813 554 2907 impii
601 2821 907 2886 contentio
984 2818 1275 2881 adversus
1330 2814 1721 2907 Christianos,
1753 2813 2019 2907 _occulto

382 2902 657 2997 tyranno,
683 2907 1010 2983 communi,
1045 2908 1312 2987 inquam,
1350 2906 1521 2967 hoste
1551 2902 2021 2967 Christianorum

382 2991 553 3068 illum
581 2991 654 3065 ad
667 3002 779 3064 hoc
795 2999 1307 3076 incitante.Atque
1329 2993 1554 3057 sanctis
1576 2991 1812 3073 quidem
1837 2992 2024 3053 multa

386 3101 447 3158 et
473 3092 636 3155 varia
658 3089 866 3152 mortis
883 3103 1103 3167 genera
1118 3093 1260 3146 sunt
1277 3083 1587 3165 dispertita
1612 3100 1625 3142 :
1654 3091 1709 3145 et
1730 3081 1879 3144 alios
1896 3082 2025 3161 qui-

384 3184 520 3247 dem
545 3179 884 3274 iguis,alio_s
907 3194 1048 3274 vero
1068 3193 1241 3274 aqua,
1269 3175 1418 3274 alios
1438 3180 1635 3235 autem
1667 3172 1849 3274 ensis,
1874 3171 2021 3233 alios
2038 3222 2082 3274 ο

380 3290 525 3336 vero
546 3260 768 3350 aliquid
786 3266 944 3330 aliud
977 3284 1047 3327 ex
1079 3264 1243 3326 novis
1273 3262 1393 3324 illis
1423 3270 1639 3343 praeter
1671 3262 1794 3323 haec
1827 3260 2023 3323 inven-

385 3363 461 3426 tis
490 3367 740 3441 repente
761 3364 820 3419 et
848 3355 910 3416 in
941 3373 1060 3416 una
1090 3361 1260 3415 nocte
1294 3370 1503 3415 omnes
1533 3351 2019 3431 comprehendit.

462 3447 972 3525 XXII.Martyrum
1006 3451 1201 3505 autem
1233 3459 1600 3521 amans,quae
1635 3447 1763 3521 ipsa
1792 3459 2026 3521 quoque

386 3558 525 3604 mox
548 3544 765 3619 martyr
784 3542 910 3596 erat
930 3533 1148 3612 futura,
1173 3532 1504 3606 Anastasia,
1541 3548 1672 3592 cum
1699 3530 1777 3592 de
1806 3531 1900 3592 his
1928 3548 2027 3592 re-

380 3627 652 3694 scivisset
683 3637 875 3700 (mane
930 3629 1089 3684 enim
1147 3621 1490 3697 advenerat,
1525 3637 1595 3682 ex
1630 3637 1797 3682 more
1845 3619 2020 3682 solito

379 3714 817 3797 curatura),ubi
852 3712 1142 3774 intellexit
1162 3728 1410 3771 vacuum
1444 3727 1577 3771 esse
1606 3726 1935 3786 carcerem,
1964 3717 2023 3773 et

377 3823 580 3870 aerem
614 3800 885 3884 implevit
913 3798 1360 3873 vociferatione,
1412 3806 1469 3860 et
1504 3798 1720 3860 uberes
1751 3798 2021 3879 lacrymae

379 3898 605 3959 ﬂuxere
620 3912 691 3956 ex
720 3891 950 3954 oculis:
977 3907 1229 3970 eamque
1252 3887 1629 3969 opprimebat
1651 3888 1928 3971 gemitus,
1965 3897 2022 3950 et

378 3986 732 4051 lacerabant
760 3979 1271 4061 ejulatus.Rogata
1297 3995 1434 4039 vero
1460 3995 1568 4040 cur
1593 3977 1894 4051 ﬂeret,illa
1926 3977 2023 4040 ni-

379 4073 470 4136 hil
490 4073 696 4153 verita,
728 4086 925 4150 neque
953 4066 1163 4130 volens
1195 4084 1327 4131 esse
1358 4073 1648 4129 nocturna
1676 4066 1895 4129 Christi
1925 4068 2021 4129 di-

343 4175 347 4179 '
383 4162 639 4245 scipula,
668 4160 774 4223 sed
798 4159 1020 4222 timens
1042 4156 1239 4239 potius
1271 4176 1347 4219 ne
1369 4175 1477 4239 pro
1502 4175 1572 4219 eo
1589 4176 1707 4219 non
1728 4165 2026 4237 pateretur

380 4270 497 4317 nec
520 4259 880 4323 moreretur,
916 4247 1250 4309 vociferans
1283 4246 1435 4309 dixit
1473 4266 1487 4307 :
1522 4246 1732 4318 Quaero
1764 4247 1872 4309 Dei
1907 4252 2039 4308 mei-

378 4359 582 4404 servos
637 4337 934 4420 quimodo
953 4346 1124 4400 erant
1148 4336 1210 4397 in
1232 4335 1524 4397 custodia.
1564 4338 1877 4414 Postquam
1911 4354 2020 4396 au-

377 4436 498 4493 tem
519 4429 944 4492 intellexerunt
973 4442 1106 4487 eam
1139 4442 1273 4486 esse
1305 4423 1859 4498 Christianam,eam
1889 4443 2021 4503 pros

377 4525 540 4583 tinus
570 4517 1062 4598 comprehensam
1095 4514 1391 4604 duxerunt
1432 4513 1505 4573 ad
1524 4512 1775 4604 Florum
1811 4514 2020 4604 praife-
2046 4553 2086 4604 ο

379 4615 538 4671 ctum
568 4604 1093 4687 lllyrici,dicentes
1118 4623 1133 4662 :
1157 4600 1501 4663 Invenimus
1523 4602 1677 4662 hanc
1697 4602 1936 4663 ﬂentem
1961 4602 2021 4665 in

379 4700 718 4767 carcere,et
746 4708 881 4752 cum
914 4688 1419 4750 intellexissemus
1443 4707 1576 4766 esse
1594 4689 2017 4771 Christianam,

377 4787 439 4845 et
465 4782 614 4844 ﬂere
643 4788 886 4861 propter
906 4776 1438 4855 Christianos,eam
1457 4778 1530 4839 ad
1554 4786 1720 4840 tuum
1739 4779 2024 4860 judiciale

374 4870 637 4933 tribunal
668 4868 1048 4932 adduximus.
1082 4870 1231 4930 Cum
1255 4886 1396 4929 vero
1430 4869 1742 4948 praefectus
1775 4887 1902 4931 eam
1936 4870 2026 4929 in-

374 4967 742 5039 terrogasset
772 4976 909 5021 cum
958 4957 1355 5020 admiratione
1389 4979 1401 5015 :
1438 4957 1526 5019 Tu
1572 4976 1710 5037 ergo
1743 4977 1808 5019 es
1842 4958 2019 5021 Chri-

374 5049 571 5111 stiana
592 5053 619 5109 ?
646 5048 752 5110 illa
780 5047 941 5110 clara
970 5065 1116 5110 voce
1153 5065 1167 5109 :
1201 5048 1401 5127 Certe,
1435 5046 1649 5128 inquit,
1675 5067 1809 5108 sum
1842 5046 2016 5109 Chri-

376 5144 592 5201 stlana.
625 5139 777 5201 Nam
808 5136 971 5214 quod
1002 5136 1115 5198 tibi
1144 5136 1376 5198 videtur
1406 5154 1540 5198 esse
1561 5155 1744 5197 unum
1770 5155 1839 5197 ex
1862 5136 2022 5198 nefa-

372 5226 531 5303 riiis,
566 5227 679 5289 hoc
710 5234 802 5288 est
838 5225 983 5287 mihi
1009 5233 1427 5287 ornamentum
1461 5234 1519 5288 et
1551 5244 1769 5287 nomen
1803 5225 2018 5305 praeci-

371 5334 581 5398 puum.

454 5403 669 5468 XXIII.
706 5403 1024 5485 Postquam
1056 5413 1253 5467 autem
1287 5404 1389 5465 ille
1421 5413 1480 5466 et
1499 5405 1631 5468 vitae
1658 5404 1787 5483 ejus
1816 5404 2018 5465 condi-

373 5493 690 5570 tionem,et
718 5494 1063 5574 patriam,et
1084 5511 1275 5571 genus
1306 5494 1561 5574 accepit,
1597 5493 1751 5574 quod
1785 5493 2020 5557 scilicet

370 5582 436 5646 in
456 5583 650 5646 veteri
681 5583 832 5644 urbe
853 5585 1043 5644 Roma
1072 5582 1287 5644 illustri
1317 5581 1450 5644 loco
1479 5591 1640 5643 esset
1670 5591 1826 5643 nata.
1863 5581 2016 5655 Quid

368 5674 826 5767 yero,inquit,te
858 5672 1249 5756 persuasit,ut
1277 5672 1528 5735 Romam
1549 5671 1793 5751 quidem
1824 5672 2016 5736 relin-

2102 2011 2537 2092 κατασχεθέντων
2569 2009 2767 2080 στεναὶ,
2801 2006 2950 2063 κεναί
3002 2002 3055 2059 δὲ
3105 2008 3271 2059 πᾶσαι
3328 2007 3436 2056 τῶν
3493 1997 3751 2074 ἀλγεινῶν

2103 2109 2153 2161 αἱ
2187 2104 2437 2177 ἐπίνοιαι,
2488 2098 2712 2174 μηδενὸς
2765 2101 2936 2154 αὖτῶν
2989 2095 3087 2159 τῆς
3122 2091 3407 2168 ὁμολογίας
3441 2088 3742 2164 ἀφισταμέ-

2106 2217 2218 2267 νου,
2268 2193 2479 2253 τούτους
2524 2190 2622 2264 μὲν
2666 2186 2867 2243 κελεύει
2912 2183 3174 2262 διατόροις
3226 2179 3468 2236 θανάτων
3524 2180 3743 2252 ἐπαγω-

2106 2296 2233 2361 γαῖς
2278 2281 2329 2347 ἐξ
2388 2278 2677 2357 ἀνθρώπων
2722 2287 2924 2346 ποιεῖν,
2977 2274 3063 2328 καὶ
3118 2270 3257 2326 οὕτω
3313 2268 3499 2347 χώραν
3553 2262 3750 2320 διδόναι

2107 2389 2226 2437 ταῖς
2294 2370 2579 2452 φυλακαῖς,
2650 2364 2856 2444 ἐτέρους
2933 2363 2987 2417 δὲ
3059 2354 3447 2431 συλλαμϐανειν
3503 2355 3568 2409 τὰ
3620 2353 3751 2409 αὐτὰ

2107 2441 2451 2541 φρονοῦντας,
2483 2458 2572 2513 καὶ
2603 2441 2787 2528 πρῶτα
2844 2453 2942 2527 μὲν
2999 2463 3115 2511 τοῖς
3161 2444 3547 2523 δεσμωτηρίοις
3580 2441 3747 2519 ἐγκα-

2107 2549 2368 2624 τακλείεν,
2415 2548 2599 2604 ἔπειτα
2657 2542 2712 2600 δὲ
2772 2542 2846 2615 μή
2904 2538 3247 2613 πειθομένους
3304 2536 3364 2591 τὸ
3417 2536 3615 2590 οἰκεῖον
3661 2531 3749 2595 ἐξ·

2109 2641 2362 2712 όμνυσθαι
2408 2633 2564 2698 σέϐας
2609 2645 2730 2697 ταῖς
2761 2631 3016 2707 βασάνοις
3066 2622 3406 2703 παραδιδόναι
3443 2641 3456 2655 ·
3518 2619 3748 2689 τοσαύτη

2108 2726 2401 2809 ιριλονεικία
2426 2732 2501 2799 τῷ
2532 2722 2826 2802 παρανόμῳ
2879 2719 3014 2775 κατὰ
3067 2719 3418 2795 Χριστιανῶν,
3466 2717 3570 2768 Τοῦ
3622 2732 3747 2787 κρυ-

2107 2826 2241 2875 πτοῦ
2282 2816 2531 2895 τυράννου
2588 2818 2680 2869 τοῦ
2752 2815 2926 2864 κοινοῦ
2994 2812 3100 2862 τῶν
3178 2809 3503 2878 Χριστιανῶν
3559 2798 3748 2880 ἐχθροῦ

2108 2907 2315 2963 ἐκεῖνον
2348 2890 2764 2979 διερεθίζοντος,
2826 2899 2945 2958 τοὺς
3004 2895 3103 2971 μὲν
3169 2893 3347 2971 ἁγίους
3408 2890 3593 2949 πολλοὶ
3664 2890 3752 2979 καὶ

2108 2992 2341 3053 ποικίλοι
2394 2977 2617 3049 θανάτου
2672 2987 2859 3065 τρόποι
2920 2982 3271 3061 διεμερίζοντο
3309 2999 3320 3015 ·
3376 2983 3463 3036 καὶ
3508 2980 3595 3042 οὓς
3654 2977 3751 3052 μὲν

2107 3094 2230 3162 πῦρ,
2280 3084 2364 3148 οὒς
2395 3080 2449 3137 δὲ
2479 3079 2636 3156 ὕδωρ,
2675 3077 2763 3141 οὒς
2793 3072 2847 3131 δέ
2877 3072 3045 3153 ξίφος,
3092 3072 3178 3162 οῦς
3210 3068 3264 3125 δὲ
3312 3068 3444 3162 ἕιλλο
3498 3090 3550 3125 τι
3609 3068 3749 3145 παρὰ

2105 3156 2269 3230 ταῦτα
2341 3171 2449 3228 τῶν
2530 3172 2726 3225 καινῶν
2797 3164 2996 3221 ἐκείνου
3080 3156 3449 3238 ἐξευρημάτων
3543 3156 3744 3235 ἀθρόως

2106 3265 2193 3320 καὶ
2222 3261 2275 3318 ἐν
2309 3267 2404 3336 μιᾷ
2447 3256 2597 3315 νυκτί
2629 3256 2829 3316 πάντας
2858 3249 3174 3328 ἆλάμϐανεν.

2192 3333 2322 3413 KB’;
2372 3348 2434 3405 Ἦ
2477 3347 2531 3404 δὲ
2574 3346 2896 3426 φιλόμαρτυς
2969 3343 3056 3398 καὶ
3104 3340 3226 3397 ὅσον
3287 3338 3432 3394 οὔπω
3485 3335 3573 3392 καὶ
3618 3333 3750 3401 αὕτη

2112 3442 2308 3520 μάρτυς
2380 3424 2700 3495 Ἀναστασία
2771 3432 3004 3511 γνωσθὲν
3060 3429 3194 3506 αὐτῇ
3241 3426 3307 3483 τὰ
3390 3426 3507 3503 περὶ
3565 3424 3750 3488 αὑτοὺς

2113 3513 2340 3613 (ἐπέστη
2386 3529 2484 3605 γὰρ
2528 3525 2642 3603 ἄρτι
2674 3525 2790 3603 περὶ
2841 3524 2940 3589 τὴν
2996 3519 3069 3577 ἔω
3101 3568 3117 3598 ,
3179 3519 3269 3574 τὸν
3313 3513 3511 3582 συνήθη
3557 3515 3752 3590 τρόπον

2103 3622 2315 3685 τούτους
2374 3612 2842 3694 ἐκθεραπεύουσα),
2938 3614 3011 3675 ὡς
3083 3610 3183 3677 τὴν
3241 3606 3456 3684 εἱρκτὴν
3519 3603 3753 3680 ἐμάνθα-

2103 3734 2189 3769 νεν
2232 3710 2374 3766 εἶναι
2420 3691 2602 3779 κενὴν,
2659 3705 2791 3781 βοῆς
2851 3723 2905 3759 τε
2966 3702 3056 3757 τὸν
3099 3698 3228 3777 ἀέρα
3275 3695 3506 3772 ἐπλήρου
3537 3695 3623 3751 καὶ
3655 3691 3754 3750 δά-

2105 3822 2261 3878 κρυον
2304 3795 2526 3874 δαψιλὲς
2580 3800 2686 3851 τῶν
2764 3792 3025 3868 ὀμμάτων
3095 3785 3363 3878 κατέῤῥεε.
3430 3796 3755 3878 στεναγμοῖς

2104 3870 2163 3949 τε
2217 3870 2494 3966 συνείχετο
2538 3885 2627 3941 καὶ
2670 3882 2922 3962 ὀδυρμοῖς
2968 3880 3244 3936 ἐκόπτετυ.
3300 3871 3657 3951 Ἐρωτωμένη
3702 3870 3757 3926 δὲ

2107 3981 2206 4047 τὴν
2252 3958 2420 4034 αἰτίαν
2462 3982 2569 4031 τῶν
2599 3958 2859 4051 ὀδυρμῶν,
2907 3969 3082 4034 ἐκείνη
3141 3962 3308 4040 μηδὲν
3342 3960 3558 4016 δείσασα
3615 3958 3756 4033 μηδὲ

2107 4068 2380 4146 νυκτερινὴ
2453 4066 2716 4142 μαθήτρια
2800 4059 3083 4137 τυγχάνειν
3172 4051 3421 4108 ἐθέλουσα
3477 4055 3571 4104 τοῦ
3631 4055 3754 4126 Χρι·

2108 4136 2273 4231 στοῦ,¹
2304 4136 2532 4211 ἀλλὰ-τὸ
2564 4154 2641 4228 μή
2671 4173 2718 4207 τι
2749 4136 2938 4206 παθεῒν
2989 4142 3194 4221 μᾶλλον
3223 4140 3359 4217 μηδὲ
3412 4143 3592 4195 θανετν
3621 4136 3750 4215 ὑπὲρ

2108 4248 2266 4305 αἰ)τοῦ
2309 4243 2597 4316 δεδοικυῖα,
2638 4242 2728 4296 σὺν
2758 4240 2881 4315 βοῇ,
2936 4236 3067 4300 Τοὺς
3125 4240 3217 4290 τοῦ
3249 4236 3381 4289 Θεοῦ
3436 4250 3560 4308 μου,
3618 4227 3751 4307 ἔφα-

2107 4357 2224 4409 σκε,
2295 4333 2531 4407 δούλους,
2580 4330 2816 4400 ἐπιζητῶ
2884 4326 3007 4389 τοὺς
3051 4324 3167 4402 ἄρτι
3232 4322 3373 4399 παρὰ
3414 4324 3483 4394 τῇ
3540 4315 3750 4392 φυλακῇ

2104 4425 2281 4491 ὄντας,
2331 4423 2483 4481 Ἐπεὶ
2528 4419 2578 4476 δέ
2624 4416 2943 4499 Χριστιανὴν
2995 4414 3138 4471 εἶναι
3183 4412 3379 4478 ταύτην
3435 4408 3747 4484 ἐμάνθανον,

2106 4516 2288 4574 αὖτίκα
2358 4512 2648 4592 συσχόντες
2710 4510 2838 4587 προς
2913 4504 3135 4584 Φλῶρον
3196 4504 3289 4559 τὸν
3362 4499 3600 4578 ἔπαρχον
3657 4502 3750 4552 τοῦ

2108 4604 2395 4684 Ἰλλυρικοῦ
2459 4586 2817 4678 Ἰπαρήγαγον,
2902 4597 3109 4663 Ταύτην
3196 4591 3438 4670 εὕρομεν,
3512 4586 3755 4664 λέγοντες

2107 4676 2350 4771 πρὸς-τῇ
2380 4676 2590 4771 φυλακῇ
2634 4688 2938 4767 κλαίουσαν,
3003 4688 3099 4741 καὶ
3162 4680 3418 4758 μαθόντες
3476 4676 3556 4731 ὅτι
3617 4683 3750 4753 Χρι-

2107 4784 2295 4849 στιανὴ
2354 4782 2439 4837 καὶ
2501 4784 2831 4859 Χριστιανῶν
2888 4764 3049 4856 χάριν
3105 4772 3237 4847 αῦτῇ
3268 4770 3328 4826 τὸ
3370 4764 3617 4840 δακρύεεν
3676 4767 3755 4836 τῷ

2108 4872 2396 4945 δικαστικῷ
2472 4851 2563 4928 σου
2625 4869 2826 4945 βήματι
2884 4851 3313 4942 παρεστήσαμεν.
3370 4851 3753 4945 ῖὈῌὲπαρχος

2108 4963 2277 5019 τοίνυν
2337 4941 2410 5024 ὥς
2443 4941 2759 5036 ἤρετολιέϐ
2828 4951 3133 5023 ἐκπλήξεως
3167 4966 3181 4981 '
3240 4948 3311 5003 Σὺ
3363 4944 3419 5036 δέ
3465 4941 3564 5015 ἄρα
3620 4948 3747 5021 Χρι-

2105 5051 2347 5123 στιανή;
2412 5032 2587 5115 ἐκείνη
2645 5032 2864 5122 λαμπρᾷ
2923 5048 2991 5117 τῇ
3049 5044 3222 5118 φωνῇ,
3282 5035 3379 5094 Ναὶ
3436 5032 3747 5111 Χριστιανὴ,

2105 5140 2204 5221 ἔφη
2237 5156 2250 5170 ⁸
2315 5140 2403 5196 καὶ
2462 5136 2561 5216 γάρ
2623 5134 2752 5212 ὅπερ
2809 5131 2896 5187 σοί
2960 5129 3013 5185 ἕν
3049 5132 3233 5184 τιτῶν
3291 5124 3551 5199 ἀθεμίτων
3609 5124 3751 5179 εἶναι

2104 5228 2278 5310 δοκεῖ,
2308 5235 2463 5285 τοῖτο
2494 5227 2612 5302 ἐμοὶ
2652 5223 2853 5298 κόσμος
2889 5220 2973 5275 καὶ
3003 5217 3169 5292 ὄνομα
3197 5214 3544 5291 κυριώτατον.

2187 5407 2318 5467 ΚΓ¹.
2355 5404 2506 5464 Ἐπεὶ
2563 5400 2617 5458 δέ
2672 5401 2763 5457 καὶ
2821 5399 2993 5478 τύχην
3036 5399 3242 5459 ἐκεῖνος
3273 5394 3360 5450 καὶ
3388 5394 3485 5459 τὴν
3516 5388 3744 5468 ἐνεγκα-

2102 5498 2269 5574 μένην
2314 5496 2403 5551 καὶ
2435 5496 2496 5549 τὸ
2530 5490 2677 5569 γένος
2707 5488 2963 5565 ἒμάνθανε
3023 5487 3111 5543 καὶ
3165 5484 3245 5541 ὅτι
3300 5483 3394 5551 τῆς
3454 5476 3747 5559 πρεσϐυτέ-

2102 5609 2193 5667 ρας
2221 5585 2437 5658 Ῥώμης
2471 5582 2581 5638 ἐστὶ
2611 5579 2698 5636 καὶ
2739 5584 2842 5635 τῶν
2900 5576 3207 5656 ἐπισήμων,
3242 5573 3301 5632 Τί
3361 5572 3450 5629 οὗν
3492 5571 3553 5627 τὸ
3615 5581 3746 5625 πεῖ-

2100 5658 2222 5755 σαν,
2283 5675 2427 5739 αὖθις
2478 5668 2666 5750 εἴρηκε
2744 5670 2876 5751 πρὸς
2936 5668 3097 5735 αὒτὴν
3133 5713 3149 5746 ,
3217 5666 3320 5731 τὴν
3371 5664 3470 5739 μὲν
3526 5658 3742 5737 Ῥώμην
