4148 6412
354 350 472 418 593

1199 349 1669 413 MARTYRIUM
1715 349 1776 412 S.
1821 348 2271 414 ANASTASI/E
2328 349 2428 412 ET
2473 347 2884 412 SOCIARUM.

3619 354 3738 422 594

354 487 643 547 ἀπολιπεῖν
701 510 783 563 σε,
845 487 910 545 τὰ
965 486 1020 544 δὲ
1079 487 1296 543 ἐνταῦθα
1326 480 1704 558 καταλαϐεϊν;
1761 486 1829 540 Ἣ
1858 483 2027 561 μοίρ-⁴

2096 499 2328 562 queres,
2361 482 2477 544 huc
2506 488 2703 543 autem
2726 482 2993 546 venires?
3013 484 3232 567 Martyr
3248 502 3414 564 vero,
3438 488 3734 561 Quidnam

358 602 475 652 τυς,
535 580 632 638 Καὶ
690 582 741 636 τί
794 578 893 656 γᾶρ
950 575 1106 656 ὂίλλο⁷
1156 577 1337 655 φησὶν,
1397 571 1517 630 ἀλλ’
1548 572 1584 641 ἦ
1614 573 1774 648 μόνον
1806 575 1839 642 ἡ
1875 580 2005 632 Θεοῦ

356 692 463 745 μου
522 670 795 727 Δεσπότου
841 667 1042 748 φωνάς
1102 666 1268 741 ταύτῃ
1324 665 1422 741 γὰρ
1473 661 1708 738 ἑπομένη
1758 664 1848 721 καὶ
1903 686 2002 741 γο-

355 758 490 814 νέων
545 757 657 835 ἅμα
709 758 796 814 καὶ
855 760 1122 834 συγγενῶν
1172 755 1258 811 ιιαὶ
1288 752 1514 810 πλούτου
1558 754 2004 833 καταφρονήσασα

350 848 443 903 καὶ
500 844 748 926 πατρίδος
805 844 953 926 φίλον
1011 842 1198 920 ἔδαφος
1251 841 1538 898 ἐκλιποῦσα
1593 843 1685 897 τὸν
1732 848 1826 898 τοῦ
1874 841 2004 913 ἐμοῦ

350 940 582 1013 Χριστοῦ
629 937 850 1014 σταυρὸν
906 934 1031 1007 ἦρα,
1086 933 1175 990 καὶ
1224 933 1349 989 ποσὶ
1379 931 1664 1008 προθύμοις
1696 931 1838 1005 αὐτῷ
1865 931 2004 997 τηκο-

349 1026 612 1092 λούθησα.
678 1028 775 1084 Καὶ
830 1028 858 1081 ὁ
908 1026 1173 1104 ἔπαρχος·
1231 1029 1338 1079 Ποῦ
1380 1020 1435 1078 δέ
1467 1021 1604 1078 ἐστιν
1635 1022 1785 1085 οὗτος
1820 1021 1879 1076 ὃν
1908 1020 2000 1076 λέ-

353 1138 472 1192 γεις
520 1116 793 1194 Χριστόνς
858 1121 1164 1193 Πανταχοῦ,
1226 1114 1259 1180 ἡ
1314 1111 1509 1188 μάρτυς
1564 1110 1689 1190 ἔφη,
1723 1111 1810 1165 καὶ
1839 1107 2003 1174 οὐδεὶς

351 1205 521 1270 τόπος
576 1205 735 1262 αὖτοῦ
790 1204 985 1280 ἕρημος
1021 1219 1036 1233 ·
1088 1202 1230 1257 ’ἐστιν
1285 1204 1338 1256 ἒν
1388 1200 1612 1276 ούρανῴ,
1648 1199 1788 1254 ἔστιν
1819 1198 1875 1254 ἐν
1903 1202 2001 1254 θα-

353 1294 558 1370 λάσσῃ,
619 1295 760 1350 ἔστιν
813 1294 869 1350 ἐν
924 1299 1018 1371 γῇ,
1074 1291 1178 1370 οὐχ
1230 1293 1392 1357 ἦττον
1423 1287 1476 1344 δὲ
1509 1291 1597 1346 καὶ
1627 1288 1680 1345 ἐν
1712 1295 1839 1345 πᾶσι
1888 1301 2007 1352 τοῖς

352 1382 798 1459 ἐπικαλουμένοις
857 1382 1011 1441 αύτὸν
1075 1383 1160 1437 καὶ
1231 1378 1578 1458 ῳοῖἱουμένοις
1651 1379 1844 1457 νοερῶς
1911 1377 2007 1433 ιλ-

357 1471 591 1546 λᾶμπων
639 1472 735 1529 καῖ
781 1471 1178 1549 συγγινόμενος.
1235 1470 1332 1526 Καὶ
1380 1469 1461 1540 ὃς,
1524 1469 1620 1525 Καὶ
1668 1474 1789 1546 ποῦ,
1823 1468 2004 1547 φησὶν,

394 1565 419 1585 ν
778 1563 806 1573 ~
1005 1560 1019 1580 9
1106 1561 1119 1580 ι
1264 1549 1278 1570 ι
1416 1557 1424 1573 ο
1502 1554 1528 1579 Ἰ
1758 1556 1773 1572 κ
1876 1555 1888 1577 ›

356 1585 505 1620 ουτοι
552 1562 644 1618 ’ίνα
703 1583 912 1639 γνωμεν
966 1582 1150 1622 αυτούς
1190 1578 1207 1630 ;
1281 1564 1326 1613 Η
1375 1555 1449 1629 δε,
1532 1568 1670 1635 Αχρι
1715 1576 1835 1630 μεν,
1878 1555 2003 1635 ἐφη,

353 1658 460 1718 τῆς
488 1650 635 1718 δεῦρο
662 1652 764 1719 τὴν
794 1651 1012 1707 ἐνταῦθα
1066 1645 1335 1723 διατριϐὴν
1394 1647 1582 1725 εἶχον,
1618 1648 1703 1701 καὶ
1761 1667 2006 1720 σωματι-

356 1747 468 1806 κῶς
521 1738 753 1816 ὡμίλουν
801 1742 958 1815 ἡμῖν·
1012 1736 1127 1793 νυνΐ
1168 1736 1221 1792 δὲ
1282 1736 1377 1803 τὴν
1435 1738 1537 1813 γῆν
1595 1734 1838 1799 λιπόντες
1870 1733 2006 1812 πὸῤ-

2087 571 2271 647 aliud,
2302 571 2515 652 inquit,
2552 571 2669 632 nisi
2698 571 2890 633 solum
2942 591 3053 636 vox
3083 575 3199 636 mei
3230 575 3521 642 Domini?
3568 579 3735 646 Hanc

2088 659 2246 721 enim
2281 660 2468 722 solam
2505 677 2787 740 sequens,
2817 661 3160 741 parentibus
3178 664 3358 727 simul
3387 674 3447 728 et
3469 671 3736 746 cognatis

2087 758 2146 811 et
2198 748 2410 829 opibus
2440 749 2758 830 despectis,
2794 759 2853 812 et
2881 751 3073 814 amico
3108 753 3314 832 patriae
3342 755 3466 819 solo
3525 757 3735 822 relicto

2089 837 2207 899 mei
2234 837 2451 900 Christi
2476 856 2718 901 crucem
2750 839 3399 924 sustuli,promptisque
3428 853 3488 907 et
3516 847 3734 909 alacri-

2088 926 2198 989 bus
2227 944 2362 990 eum
2396 944 2525 989 sum
2556 935 2759 991 secuta
2792 929 3065 1010 pedibus.
3106 930 3261 993 Dicit
3286 942 3482 995 autem
3517 937 3733 1015 praefe-

2089 1025 2220 1107 ctus
2257 1033 2270 1078 :
2303 1015 2412 1078 Ubi
2442 1026 2532 1078 est
2563 1016 2614 1079 is
2642 1035 2820 1097 quem
2850 1030 2915 1080 tu
2947 1018 3120 1100 dicis,
3144 1020 3444 1084 Christus?
3475 1022 3732 1107 Ubique,

2089 1104 2282 1185 inquit
2313 1113 2551 1186 martyr,
2587 1124 2784 1188 neque
2837 1115 2926 1169 est
2957 1108 3114 1171 ullus
3164 1109 3355 1186 locus,
3391 1112 3492 1192 qui
3523 1104 3732 1177 εσσε-ξ

2089 1204 2235 1257 reat.
2291 1198 2391 1257 Est
2418 1196 2481 1256 in
2511 1196 2684 1277 caalo,
2718 1205 2772 1258 et
2806 1196 2866 1257 in
2916 1199 3087 1273 mari,
3123 1207 3182 1262 et
3211 1199 3271 1261 in
3303 1208 3479 1264 terra.
3529 1201 3731 1268 Nihilo

2091 1291 2278 1346 secius
2295 1300 2483 1348 autem
2514 1300 2597 1348 est
2618 1292 2792 1349 etiam
2814 1293 2873 1349 in
2897 1294 3169 1351 omnibus
3193 1301 3291 1366 qui
3312 1311 3441 1353 eum
3463 1296 3733 1359 invocant

2094 1382 2153 1436 et
2185 1374 2415 1452 timent,
2447 1375 2852 1456 intelligenter
2881 1395 2984 1439 eos
3014 1380 3378 1456 illuminans,
3406 1389 3617 1444 etcum
3646 1384 3735 1446 eis

2092 1481 2358 1525 versans.
2389 1464 2494 1525 Ille
2534 1483 2673 1527 vero
2710 1487 2723 1526 :
2777 1462 3031 1531 Ubinam
3078 1476 3238 1543 sunt,
3270 1469 3483 1550 inquit,
3519 1470 3636 1545 isti,
3669 1477 3738 1533 ut

2089 1570 2195 1615 eos
2225 1553 2702 1632 cognoscamus?
2748 1555 2852 1618 illa
2878 1572 3020 1617 vero
3055 1576 3070 1618 :
3118 1556 3437 1638 Hucusque
3465 1559 3732 1639 quidem,

2090 1642 2306 1725 inquit,
2340 1643 2437 1704 hic
2487 1652 2627 1705 sunt
2655 1645 2891 1720 versati,
2926 1654 2987 1706 et
3028 1645 3339 1709 nobiscum
3372 1656 3622 1727 egerunt
3671 1649 3737 1713 in

2089 1750 2365 1812 corpore.
2400 1731 2572 1794 Nunc
2602 1742 2798 1796 autem
2831 1743 2986 1795 terra
3014 1735 3245 1811 relicta,
3282 1755 3390 1800 nos
3417 1739 3625 1819 procul
3654 1739 3737 1802 vi-

351 1833 521 1908 ῥωθεν
589 1832 732 1904 ἡμᾶς
804 1832 964 1907 ὁρῶσι
1039 1840 1156 1890 τοῖς
1240 1825 1499 1903 οὒρανίοις
1571 1821 2002 1903 ἐνδιατρίϐοντες,

2096 1821 2255 1901 dent,
2278 1829 2583 1884 versantes
2615 1824 2673 1885 in
2704 1822 3072 1886 caelestibus.
3091 1826 3251 1886 Mors
3280 1825 3439 1887 enim
3457 1835 3736 1909 suscepta

353 1923 569 1980 Τούτων
601 1920 702 1997 γὰρ
731 1922 758 1975 ὁ
787 1917 872 1975 διὰ
921 1919 1146 1994 Χριστὸν
1202 1917 1425 1976 θάνατος
1485 1917 1668 1977 αὐτοῖς
1726 1914 1997 1991 πρόξενος,

2096 1921 2334 1991 propter
2363 1910 2666 1973 Christum
2699 1913 2825 1973 haec
2854 1912 2941 1973 eis
2971 1915 3305 1976 conciliavit
3340 1937 3352 1973 :
3384 1916 3447 1977 in
3478 1935 3734 1997 quorum

350 2011 554 2088 οἷσπερ
613 2008 842 2089 εῦΑομαι
912 2008 1062 2085 κάγώ
1131 2009 1451 2082 συνταγῆναι
1517 2006 1604 2059 καὶ
1668 2005 1769 2070 τὴν
1837 2003 2001 2071 αὐτὴν

349 2101 574 2162 ἐκείνοις
604 2100 818 2178 πορείαν
850 2097 1171 2155 στείλασθαι.

531 2189 547 2211 ι
634 2179 650 2201 ⁸
786 2186 832 2218 ἐι
1103 2189 1124 2198 ν
1198 2188 1210 2201 ·
1324 2194 1336 2203 ο
1411 2209 1418 2222 ,
1514 2191 1571 2216 .~
1635 2184 1646 2202 ν
1843 2182 1860 2214 ι
1974 2208 1987 2224 ,

440 2199 568 2249 ΚΔ.
653 2199 726 2249 εὶς
780 2205 835 2242 οι
891 2189 1007 2265 περὶ
1057 2209 1161 2242 των
1193 2207 1247 2243 εν
1276 2209 1344 2260 τη
1373 2185 1583 2266 φ)λαιη
1628 2187 2000 2262 αναιρεθεντωδ

351 2285 688 2355 Χριστιανῶν
756 2276 1043 2352 ἱμάνθανεν
1103 2279 1131 2333 ὁ
1190 2278 1428 2356 ἔπαρχος
1504 2274 1770 2353 εἰρηκέναι
1842 2280 2006 2329 ταῦτα

345 2370 453 2436 τὴν
483 2368 747 2448 μάρτυρα⁷
800 2366 1019 2432 ’Ἔοικας
1054 2388 1166 2440 μοι,
1204 2370 1354 2446 φησὶ,
1414 2367 1544 2440 πρὸς
1591 2365 1757 2431 αύτὴν
1790 2361 2008 2420 πολλῶν

351 2458 564 2514 δεῖσθαι
620 2477 911 2534 τιμωριωνσ
974 2455 1078 2513 ἰδοὺ
1140 2457 1239 2533 γὰρ
1297 2457 1545 2512 ὑπονοεῖν
1591 2478 1682 2528 μοι
1737 2452 1887 2517 δίδως
1935 2456 2008 2515 ὡς

356 2548 495 2614 αὕτη
525 2547 785 2612 κάκείνοις
840 2547 979 2603 αἰτία
1034 2546 1126 2602 τοῦ
1184 2546 1410 2604 θανάτου
1455 2544 1743 2617 κατέστης,
1797 2542 2010 2602 κινοῦσα

354 2659 419 2693 τε
472 2636 593 2693 καθ’
649 2638 802 2710 ἡμῶν
861 2638 953 2693 καί
1012 2637 1105 2692 τὸν
1161 2638 1280 2692 νοῦν
1337 2635 1686 2691 ἀναπείθουσα
1732 2646 1851 2697 τοῖς
1905 2637 2010 2687 τῶν

359 2725 766 2804 αὐτοκρατόρων
838 2727 1188 2799 θεσπίσμασιν
1271 2723 1590 2802 ἀντιλέγειν,
1687 2713 1832 2779 Ἀλλ’
1919 2723 2013 2778 οὐκ

360 2815 586 2891 ἔμελλες
639 2814 832 2883 λήσειν
888 2816 1010 2877 τοὺς
1066 2812 1363 2883 ἆλαθήτους
1417 2816 1587 2886 θεοὺς,
1648 2812 1848 2876 οἵτινές
1922 2833 2014 2868 σου

368 2926 464 2960 του
521 2902 780 2981 λογισμοῦ
832 2902 1040 2970 πολλὴν
1087 2902 1260 2981 ἀχλὺν
1311 2902 1676 2981 καταχέαντες
1725 2901 1803 2974 μὴ
1833 2920 2013 2976 προει-

377 2990 532 3048 δοταν
582 2994 643 3048 τὰ
699 2993 892 3058 ἑαυτῆς
950 2993 1082 3070 πρὸς
1131 2991 1293 3048 ταῦτὰ
1344 3013 1401 3047 τε
1448 2990 1755 3056 σονώθησαν
1789 2991 1876 3045 καὶ
1906 3010 2015 3068 φα·-

376 3078 529 3156 νερςίν
578 3082 709 3152 ἡμῖν
770 3081 996 3148 σεαυτὴν
1054 3086 1386 3147 καταστῆσαι
1446 3079 1796 3155 παρέπεισαν,
1865 3076 2015 3135 Ἐπεὶ

369 3168 422 3225 δὲ
478 3172 536 3227 τὸ
592 3171 777 3247 γένους
836 3174 977 3227 εἶναι
1036 3170 1137 3236 τὴν
1194 3169 1541 3227 Ἀναστασίαν
1574 3174 1890 3248 περιφανοῦς
1923 3167 2017 3223 οὒκ

359 3260 456 3314 εἴα
480 3261 574 3315 τὸν
606 3259 845 3340 ἔπαρχον
880 3261 977 3337 πρὸ
1009 3259 1253 3338 γνώσεως
1295 3258 1590 3335 βασιλικῆς
1640 3257 1801 3325 αὐτὴν
1838 3280 2014 3332 τιμω-

356 3352 593 3426 ρεῖσθαι,
654 3349 904 3429 ἀναφέρει
963 3350 1137 3404 πάντα
1195 3355 1273 3419 τῷ
1319 3347 1555 3425 βασιλεῖ.
1607 3349 1667 3405 Ὀ
1700 3345 1753 3402 δὲ
1781 3347 1889 3423 (καὶ
1918 3346 2018 3423 γὰρ

356 3439 577 3517 δπῆρχε
644 3440 824 3512 μαθὼν
877 3437 1023 3501 ὅπως
1078 3435 1247 3495 πολύν
1302 3460 1420 3494 τινα
1464 3435 1843 3514 παραλαϐοῦσα
1886 3434 2017 3501 κλῆ-

354 3550 449 3606 ρον
483 3528 542 3582 ἐκ
572 3535 667 3584 τοῦ
699 3532 898 3607 πατρὸς
948 3526 1158 3584 ἅπαντα
1200 3530 1383 3585 τοῦτον
1441 3534 1778 3604 Χριστιανοτς
1829 3524 2017 3582 διενεί-

355 3621 520 3692 ματο)
574 3616 825 3696 ἀσφαλῶς
886 3617 1050 3683 αὖτὴν
1107 3621 1384 3695 τηρεῖσθαι
1445 3616 1641 3696 μέχρις
1701 3616 1762 3671 ἃν
1823 3616 2017 3690 ἐπιστῇ

354 3706 429 3781 τῇ
488 3706 641 3762 πόλει
694 3707 1071 3785 προσέταττεν.
1150 3708 1459 3763 Ἐπισταντι
1516 3704 1571 3761 δὲ
1632 3704 1819 3782 ἄγεται
1876 3704 2020 3778 αὐτῷ

353 3793 482 3852 κατ’
512 3795 636 3870 δψιν
688 3794 725 3862 ἡ
781 3797 1033 3874 μακαρία.
1099 3798 1194 3854 Καὶ
1252 3797 1309 3860 ὃς
1369 3797 1469 3873 πρὸ
1522 3799 1627 3850 τῶν
1675 3792 1850 3849 ἄλλων
1902 3794 2019 3871 περὶ

352 3885 459 3949 τῆς
521 3884 697 3948 οὐσίας
753 3883 1141 3941 διεπυνθάνετο·
1199 3885 1396 3952 ταύτην
1443 3883 1542 3959 γὰρ
1587 3881 1751 3963 ἐρίλει
1813 3880 2017 3956 μᾶλλον

354 3972 393 4039 ἦ
444 3974 566 4037 τοὺς
615 3974 787 4038 θεούς.
846 3975 942 4031 Καὶ
987 3981 1088 4031 ποῦ
1136 3974 1256 4052 ἄρα,
1310 3975 1461 4052 ςιῖοηςιὶ⁷
1511 3975 1572 4029 τὸ
1621 3970 1889 4050 περιελθόν
1936 3991 2015 4026 σοι

355 4063 580 4142 χρυσίον
607 4066 671 4118 ’sx.
700 4062 791 4119 τοῦ
820 4065 1019 4141 πατρός
1055 4082 1070 4138 ;
1132 4056 1193 4120 (tl
1225 4062 1279 4119 δὲ
1310 4065 1398 4120 καὶ
1440 4063 1554 4119 λίαν
1589 4061 2011 4140 μεγαλοψύχως·

2085 2019 2404 2062 numerum
2439 2001 2613 2082 cupio
2641 2020 2746 2081 ego
2771 2020 3007 2083 quoque
3024 2002 3267 2082 referri,
3294 2012 3352 2066 et
3376 2004 3536 2068 idem
3569 2006 3732 2087 quod

2085 2089 2170 2150 illi
2198 2091 2310 2150 iter
2339 2091 2599 2169 ingredi.

2163 2180 2370 2244 XXIV.
2408 2184 2727 2263 Postquam
2744 2188 2940 2244 autem
2964 2181 3257 2245 intellexit
3272 2183 3583 2265 praefectus
3606 2184 3734 2248 haec

2091 2270 2312 2333 dixisse
2328 2283 2642 2352 martyrem
2660 2270 3223 2353 derristianis,qui
3236 2272 3582 2353 interempti
3601 2274 3734 2338 fue-

2088 2370 2222 2422 rant
2246 2361 2306 2422 in
2338 2378 2621 2423 carcere:
2654 2360 2796 2422 Mihi
2825 2359 3070 2437 videris,
3102 2363 3188 2423 ait
3216 2361 3329 2442 illi,
3356 2362 3558 2426 multis
3587 2381 3735 2443 opus

2094 2451 2314 2512 habere
2336 2450 2668 2531 suppliciis.
2702 2449 2855 2512 Ecce
2877 2451 3035 2512 enim
3056 2449 3319 2531 injecisti
3339 2450 3511 2515 nobis
3535 2452 3740 2533 suspi-

2094 2541 2358 2621 cionem,
2394 2548 2451 2601 te
2480 2540 2600 2603 illis
2630 2540 2816 2606 fuisse
2858 2558 3094 2601 causam
3129 2541 3357 2613 mortis,
3385 2551 3451 2602 ut
3481 2560 3614 2623 quae
3643 2561 3747 2606 eos

2097 2638 2303 2692 contra
2334 2647 2444 2691 nos
2470 2648 2760 2704 moveres,
2795 2637 2853 2690 et
2882 2628 2970 2692 eis
3000 2629 3396 2710 persuaderes
3412 2649 3748 2713 repugnare

2098 2719 2310 2781 edictis
2340 2719 2795 2799 imperatorum.
2824 2718 2943 2781 Sed
2965 2737 3085 2782 non
3115 2720 3548 2800 poteraslatere
3576 2722 3744 2798 deos,

2097 2827 2246 2888 quos
2277 2807 2424 2869 nihil
2457 2808 2601 2869 latet
2634 2826 2648 2870 :
2681 2808 2784 2889 qui
2813 2826 2948 2869 cum
2982 2815 3096 2870 tum
3130 2809 3318 2871 menti
3350 2828 3621 2888 magnam
3654 2811 3750 2876 of-

2099 2897 2393 2960 fudisseut
2438 2897 2782 2976 caliginem,
2822 2905 2877 2958 te
2931 2906 3029 2958 tua
3059 2916 3178 2959 non
3219 2898 3639 2976 praevidentem
3672 2899 3749 2963 ad

2101 2987 2225 3047 haec
2248 2985 2716 3065 impulerunt,et
2745 2991 2810 3046 ut
2833 2999 2891 3047 te
2916 2985 3089 3047 nobis
3110 2987 3396 3068 aperires,
3427 3005 3747 3065 persuase—

2100 3083 2260 3136 runt.
2297 3073 2583 3146 Quoniam
2610 3092 2749 3135 vero
2780 3093 2913 3135 cum
2935 3073 3157 3137 illustri
3180 3093 3403 3155 genere
3432 3085 3569 3139 nata
3589 3085 3750 3140 esset

2099 3165 2560 3241 Anastasia,non
2582 3163 2667 3225 fas
2692 3175 2818 3224 erat
2846 3163 3122 3244 praefecto
3146 3182 3274 3227 eam
3301 3170 3538 3243 punire,
3573 3173 3749 3229 ante-

2036 3230 2075 3279 C
2100 3272 2274 3334 quam
2302 3254 2379 3317 de
2400 3230 2468 3314 ea
2490 3230 2881 3331 cognosceret
2903 3254 3249 3329 imperator,
3268 3230 3470 3318 omnia
3482 3230 3753 3319 refertad

2102 3344 2548 3423 imperatorem.
2589 3342 2694 3404 llle
2726 3350 2926 3403 autem
2956 3342 3351 3419 (intellexerat
3396 3344 3558 3406 enim
3593 3344 3755 3425 quod

2101 3451 2237 3494 cum
2258 3451 2291 3494 a
2309 3441 2474 3513 patre
2504 3449 2782 3510 magnam
2806 3431 3140 3512 accepisset
3159 3432 3595 3510 haereditatem,
3620 3450 3753 3496 eam

2103 3541 2341 3584 omnem
2404 3520 2790 3584 distribuerat
2820 3522 3204 3603 pauperibus)
3226 3522 3409 3602 jussit
3464 3540 3596 3586 eam
3627 3531 3753 3585 tuto

2104 3612 2414 3692 custodiri,
2448 3612 2641 3674 donec
2694 3612 2924 3673 veniret
2952 3611 3014 3673 in
3060 3611 3382 3677 civitatem.
3415 3614 3565 3676 Cum
3617 3630 3755 3676 vero

2104 3706 2464 3771 accessisset,
2490 3706 2546 3760 in
2572 3722 2587 3760 ι
2601 3704 2698 3775 jus
2730 3712 3107 3774 conspectum
3131 3703 3543 3766 deduciturille
3569 3706 3754 3766 beata.

2101 3787 2210 3849 llle
2238 3797 2435 3849 autem
2470 3796 2606 3849 ante
2639 3787 2753 3848 alia
2785 3806 2916 3848 eam
2973 3788 3198 3866 rogavit
3227 3790 3303 3850 de
3332 3788 3752 3866 facultatibus;

2104 3895 2203 3938 eas
2231 3875 2389 3938 enim
2429 3874 2615 3955 magis
2648 3875 2886 3939 amabat
2935 3894 3110 3957 quam
3142 3877 3289 3938 deos
3323 3896 3337 3939 :
3370 3875 3482 3939 Ubi
3516 3884 3626 3953 est,
3652 3877 3756 3940 in-

2101 3966 2249 4046 quit,
2285 3983 2521 4044 aurum,
2557 3963 2714 4044 quod
2748 3963 2853 4025 tibi
2911 3964 3150 4027 obvenit
3178 3984 3211 4027 a
3244 3965 3454 4046 patre?
3483 3966 3588 4029 Illa
3617 3985 3753 4029 vero

2099 4054 2414 4135 respondit
2438 4071 2649 4132 magno
2682 4060 2741 4114 et
2761 4054 2994 4117 excelso
3018 4054 3218 4115 animo
3244 4075 3256 4113 :
3292 4054 3354 4118 Si
3384 4056 3579 4117 adhuc
3606 4055 3756 4118 mihi

356 4149 534 4228 Εἴπερ
591 4152 667 4208 ἔτι
719 4174 811 4226 μοι
861 4154 950 4209 καὶ
1002 4160 1088 4210 νῦν
1141 4154 1356 4232 χρυσίον
1405 4151 1768 4229 περιελείπετο
1831 4149 1898 4206 δι’
1959 4153 2018 4206 οὗ

2099 4147 2390 4228 reliquum
2449 4152 2606 4206 esset
2634 4162 2867 4221 aurum,
2904 4161 3012 4224 per
3053 4144 3210 4225 quod
3242 4144 3463 4207 Christi
3508 4145 3753 4228 quidem

351 4241 482 4305 τοὺς
539 4242 635 4314 μὲν
692 4249 783 4298 τοῦ
845 4249 1072 4320 Χριστοῦ
1127 4241 1368 4315 δούλους,
1418 4242 1534 4316 ἐμοὶ
1589 4239 1645 4296 δὲ
1689 4238 2014 4315 ὁμοδούλους

2099 4238 2312 4309 servis,
2350 4235 2499 4297 meis
2528 4242 2724 4296 autem
2760 4237 3087 4315 conservis,
3124 4252 3359 4314 possem
3405 4235 3747 4313 subvenire,

351 4330 663 4406 θεραπεύειν
723 4328 786 4386 ἂν
843 4331 1031 4409 εἶχον⁷
1081 4331 1173 4388 οὒκ
1224 4329 1284 4385 ἂν
1313 4330 1543 4405 ἐμαυτὸν
1582 4327 1865 4408 παρέδωκα
1895 4341 2014 4392 τοῖς

2103 4346 2221 4388 non
2256 4345 2352 4388 me
2382 4326 2453 4386 iis
2483 4326 2584 4406 qui
2617 4323 2988 4403 quaerebant,
3026 4323 3428 4388 tradidissem.
3455 4324 3750 4398 Quoniam

352 4419 722 4488 ἐπιζητοῦσιν·
783 4418 967 4488 ἐπειδὴ
1020 4417 1075 4475 δὲ
1147 4418 1323 4481 καλῶς
1400 4421 1622 4496 ποιούσῃ
1695 4419 1868 4475 πάντα
1941 4420 2013 4481 εἷς

2098 4424 2292 4479 autem
2328 4417 2385 4476 in
2421 4434 2523 4477 eos
2553 4416 2653 4496 qui
2679 4422 2842 4476 recte
2889 4413 3162 4493 agebant,
3196 4413 3419 4487 omnia,
3454 4421 3518 4476 ut
3559 4433 3748 4495 opor-

351 4506 474 4564 δὲον
533 4530 627 4582 μοι
682 4505 1065 4587 δεδαπάνηται,
1118 4509 1146 4565 ὃ
1208 4507 1529 4587 παρελείφθη
1576 4532 1665 4584 μοι
1718 4508 1880 4584 μόνον
1931 4511 2016 4564 καὶ

2101 4515 2203 4579 tet,
2240 4515 2377 4568 sunt
2407 4525 2438 4566 a
2472 4524 2566 4567 me
2591 4512 2961 4584 consumpta,
2998 4504 3156 4583 quod
3207 4502 3354 4565 mihi
3403 4502 3597 4566 solum
3655 4511 3748 4566 est

353 4598 490 4656 αὗτὸ
519 4596 726 4653 σπεύδω
756 4597 913 4672 σῶμα
964 4605 1041 4671 τῷ
1087 4606 1295 4673 Χριστῷ
1352 4620 1453 4671 μου
1515 4610 1916 4677 προσενεγκεῖν,
1955 4586 2010 4655 Ὀ

2098 4595 2416 4676 re'iquum,
2481 4593 2678 4674 ipsum
2711 4610 2950 4673 quoque
3000 4610 3215 4673 corpus
3266 4592 3479 4654 studeo
3510 4590 3746 4657 Christo

352 4685 605 4764 βασιλεὺς
637 4689 724 4744 οὖν
757 4686 970 4766 ῥήματα
1001 4696 1118 4746 νοῦν
1168 4688 1367 4768 ἔχοντα
1413 4686 1719 4759 διακούσας,
1783 4692 1859 4760 τῷ
1916 4685 2012 4761 μὲν

2096 4703 2231 4747 meo
2264 4685 2501 4745 offerre.
2541 4683 2872 4763 Imperator
2901 4699 3044 4744 vero
3075 4700 3209 4744 cum
3258 4681 3434 4744 verba
3460 4681 3748 4746 audiisset

352 4776 537 4833 δοκεῖν
588 4778 853 4856 ὑπερορῶν
912 4778 1075 4845 αύτῆς
1135 4776 1227 4833 ἅτε
1280 4779 1526 4854 γυναικὸς
1560 4779 1645 4834 καὶ
1682 4777 1821 4848 νέας,
1856 4783 1925 4853 τῇ
1957 4775 2010 4831 δὲ

352 4865 581 4938 ἀληθείᾳ
608 4864 782 4930 δείσας
842 4869 919 4940 μὴ
977 4867 1188 4942 μείζονα
1246 4868 1344 4934 τὴν
1406 4867 1663 4946 αίσχύνην
1694 4866 1854 4945 ὄφλῃ,
1890 4869 2010 4921 καθ·

354 4956 497 5033 άπερ
545 4953 632 5010 διὰ
688 4957 794 5012 τῶν
856 4955 1132 5035 ῥημάτων,
1186 4956 1322 5013 οὕτω
1363 4956 1428 5023 δὴ
1460 4955 1780 5031 καὶμᾶλλον
1816 4956 1875 5011 ἐκ
1906 4955 2010 5011 τῶν

352 5044 692 5121 πραγμάτων
750 5048 1077 5120 ἡττώμενος,
1138 5046 1367 5112 ὁπηνίκα
1423 5046 1508 5100 καὶ
1575 5044 1818 5121 βασὰίνων
1876 5044 2007 5111 αύτῆ

349 5146 550 5211 πεῖραν
608 5132 882 5210 ἐπαγάγῃ,
942 5134 1098 5198 αὐτὸς
1152 5133 1249 5208 μὲν
1315 5138 1409 5193 οὒκ
1458 5132 1600 5198 ἄξιον
1653 5134 1799 5191 εἶναι
1830 5135 2006 5212 φήσας

349 5224 571 5299 γυναικὶ
661 5223 928 5296 μεμηνυίᾳ
1024 5220 1496 5301 προσδιαλέγεσθαι
1584 5225 1684 5293 τήν
1768 5221 2005 5288 ἐξέτασιν

348 5311 655 5389 ἀπειρήκει·
690 5318 768 5385 τῷ
800 5310 1024 5391 ἐπάρχῳ
1053 5310 1107 5367 δὲ
1140 5313 1204 5368 τὰ
1236 5310 1353 5369 κατ’
1385 5313 1548 5381 αὒτὴν
1578 5312 1868 5392 ἐπιτρέπει.

440 5490 571 5552 κε’.
635 5492 733 5550 Καὶ
787 5492 844 5553 ὃς
897 5492 1041 5555 εὗθῦς
1087 5493 1185 5560 τὴν
1222 5491 1509 5560 ἀλωπεκῆν
1541 5492 1757 5563 ὑποδὺς,
1792 5495 2002 5551 θωπευ-

350 5595 529 5648 τικοϊς
588 5583 824 5660 ῥήμασιν
875 5580 1122 5659 ἐπειρᾶτο
1177 5583 1371 5650 ταύτην
1438 5582 1816 5661 ἐπαγαγέσθαι·
1893 5584 2002 5662 mi,

356 5672 540 5749 Ἰνατί¹
603 5671 790 5754 φησὶν,
845 5670 891 5728 ὦ
948 5674 1120 5755 γύναι,
1177 5673 1255 5751 μη
1297 5672 1474 5729 θυσίαν
1524 5672 1700 5753 βούλει
1732 5684 2002 5753 προσαγαο

2096 4774 2409 4853 sapientia,
2433 4773 2635 4853 specie
2658 4772 2901 4849 quidem
2932 4772 3117 4850 ipsam
3132 4771 3471 4850 despiciens
3492 4778 3557 4832 ut
3578 4771 3748 4833 femi-

2098 4882 2229 4923 nam
2267 4871 2323 4924 et
2361 4863 2672 4941 juvenem,
2708 4879 2916 4923 revera
2944 4868 3138 4922 autem
3173 4860 3387 4923 timens
3416 4879 3495 4921 ne
3534 4860 3747 4940 majori

2095 4952 2433 5013 afﬁceretur
2452 4951 2773 5030 dedecore,
2796 4947 3094 5029 quomodo
3117 4948 3424 5023 verbis,ita
3442 4949 3619 5011 etiam
3635 4966 3738 5011 re-

2095 5042 2202 5102 bus
2236 5041 2378 5120 ipsis
2414 5040 2597 5119 magis
2641 5039 2852 5120 victus,
2874 5037 3111 5120 quando
3143 5038 3273 5116 ejus
3304 5056 3412 5118 per
3443 5046 3740 5102 tormenta

2090 5132 2315 5193 faceret
2370 5129 2725 5211 periculum,
2764 5127 2895 5207 ipse
2944 5126 3187 5202 quidem
3219 5126 3425 5189 dicens
3483 5146 3602 5190 non
3633 5145 3738 5207 par

2090 5239 2244 5295 esse,
2282 5227 2343 5280 ut
2373 5237 2506 5281 cum
2557 5218 2809 5279 muliere
2846 5217 3053 5277 insana
3101 5215 3474 5297 loqueretur,
3507 5216 3735 5279 destitit

2089 5310 2163 5372 ab
2224 5307 2681 5381 examinatione,
2717 5305 2994 5387 praefecto
3046 5315 3246 5367 autem
3301 5324 3434 5367 eam
3490 5307 3732 5372 mandat

2085 5396 2563 5463 examinandam.

2167 5486 2466 5551 XXVJIIe
2487 5503 2626 5548 vero
2644 5503 2778 5547 cum
2811 5486 3007 5547 statim
3043 5486 3255 5567 pellem
3275 5483 3566 5547 induisset
3594 5485 3728 5548 vul-

2090 5579 2314 5658 pinam,
2349 5576 2586 5639 blandis
2638 5575 2831 5639 verbis
2882 5594 3014 5637 eam
3050 5574 3374 5639 conabatur
3418 5575 3725 5656 inducere,

2090 5668 2334 5732 dicens:
2371 5665 2509 5744 Cur,
2534 5686 2567 5728 o
2604 5666 2837 5750 mulier,
2858 5685 2976 5729 non
3008 5666 3093 5729 vis
3115 5665 3229 5731 diis
3250 5666 3463 5734 ollerre
3491 5664 3725 5733 sacrifi-
