4148 6428
409 344 526 413 595

1716 348 1998 411 MENSIS
2049 346 2477 410 DEGEMBER.

3674 348 3792 414 596

411 481 596 563 cium,
627 476 925 562 quomoio
962 488 1131 563 pater
1161 484 1294 543 tuus
1324 480 1669 557 obtulit,sed
1700 481 1774 542 iis
1799 480 2050 561 relictis,

2149 494 2255 559 γεῖν
2284 487 2428 546 θεοῖς
2459 485 2518 540 ὃν
2549 484 2744 564 τρόπον
2775 487 2863 542 καὶ
2895 487 2923 542 ὃ
2969 486 3060 547 σὸς
3109 488 3350 560 προσῆγε
3389 483 3592 563 πατὴρ,
3653 482 3791 539 ἀλλὰ

412 571 561 634 colis
602 571 929 646 Christum,
965 590 1145 648 quem
1174 570 1368 631 nescis
1395 578 1451 632 et
1486 590 1553 632 ex
1582 569 1805 634 Iudaeis
1836 580 2060 645 natum,

415 668 475 724 et
503 660 578 724 ab
608 661 680 722 iis
728 660 875 741 ipsis
902 669 1180 741 tanquam
1237 660 1569 721 maleficum
1604 660 1679 720 de
1728 658 1924 720 medio
1956 678 2063 720 su-

412 749 641 815 hlatum
676 750 701 814 ?
728 750 1040 813 Anastasia
1072 757 1269 811 autem
1303 749 1610 829 respondit
1643 770 1655 809 :
1684 753 1804 828 Ego
1831 749 1977 810 deos
2009 758 2066 810 et

414 839 582 916 deas,
613 858 765 922 quos
817 849 877 901 tu
935 839 1105 919 dicis,
1154 838 1420 900 colebam
1474 838 1843 917 aliquando;
1906 857 2066 899 nunc

412 945 557 991 vero
607 929 850 991 rectiori
883 934 1162 1007 suscepta
1213 927 1533 1002 sententia,
1569 945 1672 988 eos
1702 926 1942 1007 quidem
1990 926 2064 988 ab

411 1017 560 1098 ipsis
590 1016 884 1098 impositis
914 1016 1151 1079 araneis
1182 1024 1241 1078 et
1276 1016 1503 1095 avibus,
1539 1034 1676 1094 quae
1704 1034 1806 1077 eos
1836 1016 2060 1078 afficie-

410 1105 564 1168 hant
593 1106 832 1186 injuria,
869 1115 926 1168 et
971 1125 1003 1167 a
1035 1106 1260 1168 muscis
1304 1124 1435 1186 quae
1464 1106 1524 1166 in
1560 1108 1648 1167 eis
1692 1104 2060 1181 habitabant,

410 1194 697 1269 liberans,
734 1194 855 1276 igni
888 1194 1105 1258 tradidi
1139 1217 1152 1254 :
1208 1203 1267 1256 et
1294 1214 1428 1258 cum
1465 1201 1551 1257 sic
1601 1212 1703 1255 eos
1733 1194 2065 1257 convertis-

411 1302 536 1348 sem
569 1285 631 1346 in
686 1284 997 1366 pecunias,
1032 1284 1243 1348 satiavi
1289 1284 1611 1347 multorum
1642 1292 1877 1346 ventres
1920 1302 2063 1346 esu-

409 1374 727 1451 rientes,et
757 1374 894 1437 aliis
916 1375 1230 1453 egentibus
1262 1374 1489 1455 praebui
1518 1373 1649 1434 vitae
1674 1373 2059 1436 adminicula.

411 1463 629 1545 Sicque
659 1481 728 1525 ea
756 1482 888 1545 quae
931 1463 1078 1525 nulli
1112 1471 1282 1526 erant
1310 1465 1472 1538 usui,
1520 1464 1688 1525 effeci
1718 1472 1784 1525 ut
1812 1482 1930 1526 non
1963 1480 2063 1525 es-

412 1560 549 1617 sent
606 1553 820 1627 otiosa,
882 1553 987 1615 sed
1047 1553 1221 1615 valde
1264 1552 1451 1614 utilia.
1494 1553 1813 1614 Praefectus
1865 1561 2066 1613 autem

414 1640 610 1703 statim
656 1660 789 1704 cum
838 1660 1048 1720 magna
1092 1642 1464 1705 acerbitate:
1529 1644 1603 1705 At
1660 1661 1791 1720 ego,
1848 1643 2063 1724 inquit,

411 1748 533 1792 non
565 1731 774 1813 patiar,
807 1739 873 1794 ut
905 1732 1017 1794 hoc
1048 1732 1409 1813 sacrilegum
1442 1733 1665 1795 faciens
1721 1751 1795 1793 ne
1826 1732 2070 1793 auribus

2148 573 2360 638 τούτους
2415 573 2753 631 ἀπολιποῦσα
2812 573 2941 650 σέϐῃ
3012 576 3259 653 Χριστὸν,
3319 574 3377 630 ὃν
3449 575 3545 629 οὒκ
3610 571 3788 645 οἶδας,

2149 660 2416 738 ἄνθρωπον
2477 664 2618 742 παρὰ
2674 662 2941 727 Ἰουδαίοις
2993 686 3049 719 τε
3118 662 3436 741 γεννηθέντα
3506 663 3595 719 καὶ
3665 662 3790 739 παρ’

2148 752 2320 807 αὐτῶν
2377 752 2573 809 ὲκείνον
2632 756 2723 809 οἷα
2779 760 3073 830 κακοῦργον
3128 752 3513 831 ἀναιρεθέντας
3591 754 3686 810 Καὶ
3755 753 3790 819 ἡ

2148 839 2487 899 Ἀναστασία·
2544 842 2692 919 Ἐγὼ
2745 844 2892 906 θεοὺς
2941 846 3027 907 οὓς
3081 843 3258 921 λέγεις
3315 844 3470 905 αὐτὸς
3527 844 3613 898 καὶ
3668 842 3791 903 θεὰς

2148 928 2294 1004 ἤμην
2323 930 2452 987 ποτὲ
2482 932 2716 1005 τιμῶσα,
2758 933 2907 999 ἡνίκα
2967 955 3055 1005 μοι
3114 932 3380 999 νηπιῶδες
3426 933 3513 988 καὶ
3564 932 3625 987 τὸ
3660 953 3794 1010 φρο-

2148 1033 2261 1075 νεῖν
2315 1019 2403 1087 ἦν’
2461 1030 2548 1080 νῦν
2606 1020 2659 1076 δὲ
2715 1018 3051 1099 βεϐαιοτέρου
3125 1024 3464 1102 φρονήματος
3533 1019 3794 1077 ἐπιλαϐο-

2149 1108 2310 1184 μένη,
2341 1112 2556 1173 τούτοος
2588 1110 2684 1184 μὲν
2742 1117 2848 1167 τῶν
2919 1111 3269 1185 ἐπικειμένων
3321 1112 3508 1175 αὐτοὺς
3541 1110 3795 1189 ἀραχνῶν

2148 1198 2235 1253 καὶ
2292 1203 2397 1255 τῶν
2458 1197 2824 1278 ἐξυϐριζόντων
2884 1203 2957 1265 είς
3015 1202 3200 1263 αὐτοὺς
3259 1200 3451 1279 ὀρνέων
3499 1209 3608 1257 τῶν
3655 1199 3796 1255 ἐνοι-

2150 1287 2380 1343 κούντων
2430 1310 2487 1344 τε
2547 1293 2728 1355 αὐτοῖς
2788 1294 2932 1366 μυῶν
2988 1289 3396 1347 ἀπαλλάττουσα
3454 1290 3584 1369 πυρῖ
3628 1287 3795 1345 δέδω-

2150 1397 2238 1450 κα,
2303 1377 2391 1433 καὶ
2447 1376 2612 1443 οὕτως
2674 1382 2745 1445 εἷς
2804 1382 3063 1459 χρήματα
3134 1378 3507 1455 μεταϐαλοῦσα
3580 1377 3797 1436 πολλῶν

2147 1468 2415 1529 πεινώσας
2447 1468 2706 1546 γαστέρας
2759 1468 3103 1544 ἐμπέπληκα,
3162 1472 3250 1527 καὶ
3307 1468 3579 1543 δεομένοις
3611 1467 3794 1531 ἄλλοις

2149 1555 2241 1618 τὰς
2302 1557 2432 1631 πρὸς
2487 1557 2581 1633 ζῇν
2638 1558 2878 1637 ἀφορμὰς
2935 1560 3235 1638 παρέσχον,
3292 1561 3458 1635 ταύτῃ
3523 1561 3588 1615 τὰ
3656 1560 3789 1636 πρὸς

2152 1642 2297 1699 οὐδὲν
2381 1648 2653 1724 χρήσιμον
2738 1647 3084 1708 συντελοῦντα
3168 1650 3353 1727 ἐνεργὰ
3437 1648 3634 1729 σφόδρα
3708 1649 3795 1704 καὶ

2151 1733 2389 1811 χρειώδη
2460 1735 2700 1814 γενέσθαι
2770 1740 3233 1814 παρασκεδάσασα.
3298 1740 3401 1796 Καὶ
3464 1740 3493 1794 ὃ
3553 1737 3790 1815 ἔπαρχος

413 1820 654 1902 quidem
686 1821 1037 1902 accipiatur.
1086 1821 1418 1885 Subridens
1466 1840 1604 1883 vero
1642 1832 1862 1902 martyr
1896 1843 1910 1882 :
1963 1820 2064 1882 In-

2155 1824 2337 1879 αὖτίκα
2395 1826 2530 1899 μετά
2581 1824 2787 1892 πολλῆς
2844 1825 2975 1893 ὅσης
3020 1832 3119 1893 τῆς
3167 1828 3473 1903 αὐστηρίας,
3509 1825 3661 1882 ’Λλλ³
3690 1826 3793 1904 οὑχ

411 1909 573 1988 genii
621 1910 706 1973 tui
748 1928 1003 1973 acumen
1063 1910 1351 1985 admiror,
1385 1930 1418 1972 ο
1458 1910 1665 1990 judex.
1704 1910 1863 1987 quod
1911 1910 2065 1972 hanc

409 2017 538 2063 rem
583 2017 761 2063 voces
787 2000 1189 2080 sacrilegium.
1226 2000 1287 2062 Si
1319 1999 1477 2061 enim
1513 2000 1668 2061 ullus
1699 2017 1935 2074 sensus,
1969 2009 2067 2061 aut

409 2089 532 2152 ulla
562 2090 647 2151 vis
677 2097 835 2152 esset
863 2089 925 2151 in
953 2089 1046 2152 his
1076 2088 1384 2165 inanimis,
1422 2089 1562 2169 quid
1588 2088 1874 2170 obstaret,
1909 2108 2063 2170 quo-

410 2178 610 2241 minus
660 2177 799 2255 sibi,
833 2178 976 2241 dum
1036 2177 1391 2256 franguntur
1420 2188 1478 2241 et
1533 2178 1970 2253 convelluntur,
2009 2186 2067 2240 et

409 2268 527 2333 alia
558 2268 882 2351 patiuntur,
914 2286 1092 2348 opem
1123 2268 1371 2343 ferrent,
1405 2276 1463 2332 et
1495 2286 1597 2329 eos
1626 2269 1726 2348 qui
1749 2269 2064 2349 insultant,

415 2357 866 2437 uicisserentur,
902 2366 1002 2419 aut
1023 2358 1283 2420 alienum
1315 2358 1525 2420 saltem
1549 2365 1609 2419 et
1637 2367 1894 2419 vestrum
1929 2368 2067 2420 tunc

409 2446 805 2528 implorarent
853 2446 1134 2508 auxilium
1162 2447 1192 2506 ‘?
1244 2446 1415 2509 Nunc
1458 2456 1654 2511 autem
1689 2466 1766 2508 ne
1810 2448 1921 2509 hoc
1970 2448 2065 2528 ip-

410 2554 544 2600 sum
619 2536 860 2615 quidem
917 2536 1116 2599 sciunt
1167 2545 1372 2616 aperte
1422 2555 1485 2598 se
1532 2540 1669 2618 pati.
1726 2536 2067 2600 Orationem

405 2643 547 2692 vero
631 2632 1079 2706 lnterrumpens
1174 2625 1543 2705 praefectus:
1617 2626 2065 2700 Divinissimus,

409 2717 628 2796 inquit,
679 2723 882 2777 noster
923 2715 1244 2795 imperator
1280 2715 1484 2795 jussit,
1533 2725 1593 2777 ut
1639 2716 1751 2777 alia
1825 2717 2066 2797 quidem

407 2804 688 2888 juberem
723 2803 941 2885 valere,
965 2804 1081 2865 hoc
1111 2812 1311 2866 autem
1340 2805 1532 2867 solum
1552 2806 2069 2888 facerem,nempe

410 2903 477 2958 ut
506 2894 596 2957 vel
632 2893 1053 2975 persuaderem
1086 2900 1151 2955 ut
1198 2894 1592 2975 sacriﬁcares,
1625 2902 1725 2957 aut
1755 2903 1816 2957 tu
1846 2895 2068 2977 alioqui

2150 1914 2420 1985 ὑπομενῶ,
2488 1914 2611 1993 ἔφη,
2672 1916 2771 1982 τὴν
2843 1916 3111 1995 ἱερόσυλον
3168 1918 3363 1984 ταύτην
3434 1915 3616 1994 πρᾶξιν
3687 1916 3795 1993 ἐγὼ

2149 2000 2265 2057 οὐδὲ
2322 2015 2440 2065 τοῖς
2498 2004 2624 2060 ὠσὶν
2681 2004 2926 2063 ἀκοῦσαι.
2991 2004 3307 2080 Μειδιάματι
3338 2005 3392 2062 δε
3438 2008 3473 2074 ἡ
3505 2007 3701 2083 μάρτυς
3733 2006 3798 2061 τὰ

2148 2091 2307 2170 χείλη
2340 2090 2710 2163 διακινήσασα,
2747 2095 2990 2172 ’Άγαμαί
3047 2116 3105 2153 σε
3165 2096 3257 2164 τῆς
3310 2097 3614 2175 ἀγχινοίας,
3665 2097 3791 2173 ἔφη,

2148 2180 2195 2236 ὦ
2224 2179 2467 2262 ὃικαστᾶ,
2528 2182 2708 2262 ὅτιπερ
2762 2183 3049 2260 ἱεροσυλίαν
3108 2188 3169 2242 τὸ
3219 2192 3439 2264 πρᾶγμα
3484 2184 3697 2249 καλεῖς.
3739 2186 3795 2242 Εἰ

2150 2272 2249 2348 γὰρ
2302 2293 2381 2335 τις
2439 2272 2688 2339 αἴσθησις
2739 2272 2793 2331 ὶν
2843 2275 2966 2339 τοῖς
3007 2276 3243 2355 ἀψύχοις
3275 2276 3479 2337 τούτοις
3508 2273 3545 2342 ἢ
3573 2272 3791 2349 δύναμις

2148 2359 2239 2438 ἦν,
2300 2361 2349 2416 τί
2407 2360 2604 2417 ἐκώλυε
2655 2361 3086 2439 κατακλωμένοις
3139 2365 3322 2427 αὑτοῖς
3373 2365 3459 2420 καὶ
3509 2384 3791 2420 κατασπω·

2152 2450 2329 2525 μένοις
2389 2454 2477 2508 καὶ
2532 2451 2700 2509 τᾶλλα
2758 2454 3059 2533 πάσχουσιν
3117 2454 3152 2522 ἦ
3197 2455 3413 2517 ἑαυτοῖς
3458 2454 3677 2529 βοηθεῖν
3707 2458 3791 2514 καὶ

2149 2541 2271 2604 τοὺς
2330 2542 2778 2618 ἑμπαροινοῦντας
2840 2543 3156 2624 ἀμύνασθαι,
3204 2545 3237 2614 ἥ
3280 2556 3406 2625 γοῦν
3434 2550 3558 2613 τοὺς
3600 2547 3791 2611 ἄλλους

2150 2630 2360 2694 πάντως
2413 2633 2549 2707 ὑμᾶς
2612 2636 2737 2712 πρὸς
2798 2632 2998 2708 ἄμυναν
3046 2634 3177 2701 τέως
3208 2634 3587 2707 ἐπιϐοήσασθαι
3622 2658 3637 2718 ς
3673 2638 3796 2696 Νυνὶ

2152 2720 2206 2775 δὲ
2236 2718 2340 2775 οὐδ’
2378 2722 2505 2779 αὒτὸ
2547 2726 2702 2781 τοῦτο
2759 2725 3022 2802 ἄντικρυς,
3067 2724 3149 2780 ὅτι
3207 2727 3531 2805 πάσχωσιν,
3588 2728 3791 2786 ἴσασιν.

2156 2811 2425 2888 Ἐγκόψας
2490 2811 2545 2868 δὲ
2616 2815 2705 2871 τὸν
2773 2813 2931 2891 λόγον
3001 2817 3029 2871 ὁ
3099 2813 3366 2895 ἔπαρχος,
3424 2805 3479 2874 Ὀ
3528 2816 3792 2881 θειότατος

2149 2901 2306 2973 ἡμῶν
2361 2900 2632 2977 βασιλεὺς,
2694 2904 2820 2984 ἔφη,
2881 2902 3051 2961 τᾶλλα
3108 2904 3207 2979 μὲν
3257 2907 3467 2985 χαίρειν
3497 2905 3611 2987 ἐᾷν,
3642 2913 3796 2963 τοῦτο

411 2983 566 3048 male
592 2982 844 3065 perires.

2150 2987 2205 3045 δὲ
2266 2990 2426 3065 μόνον
2485 2982 2745 3068 πράττειν
2792 2992 3087 3074 ἐκέλευσεν,
3147 2993 3182 3062 ἤ
3239 2982 3388 3052 dicunt
3462 2982 3608 3060 τοῖς,
3654 3000 3796 3058 θεοῖς

2150 3083 2481 3155 πεισθεῖσαν,
2517 3081 2550 3150 ἦ
2584 3089 2762 3148 κακῶς
2792 3082 3103 3142 ἀπολέσθαι.

486 3160 698 3266 XXVI.
749 3163 1073 3263 Postquam
1103 3180 1250 3266 vero
1273 3251 1286 3264 .
1310 3163 1460 3225 dixit
1494 3172 1735 3266 martyr,
1773 3183 1891 3226 non
1932 3183 2064 3266 esse

2154 3256 2175 3266 Α
2236 3170 2376 3243 κς.
2416 3170 2564 3227 Ἐπεὶ
2598 3169 2651 3227 δὲ
2682 3174 2717 3241 ἡ
2771 3174 2993 3252 μάρτυς,
3055 3175 3163 3233 Οὔκ
3208 3172 3348 3231 ἔστιν
3395 3173 3684 3231 ἀπολέσθαι
3733 3174 3793 3229 τὸ

409 3252 634 3335 perire,
669 3252 822 3343 mori
870 3260 1121 3343 propter
1149 3251 1475 3343 Christum,
1508 3253 1612 3314 sed
1662 3254 1835 3316 vitam
1872 3254 2064 3333 potius

2149 3256 2232 3314 διὰ
2288 3261 2510 3332 Χριστὸν
2570 3261 2885 3341 ἀποθανεῖν,
2950 3251 3155 3343 ἔλεγεν,
3213 3262 3346 3321 ἀλλὰ
3398 3264 3540 3334 ζωῆς
3590 3261 3793 3338 μᾶλλον

408 3349 694 3405 aeternam
727 3340 980 3431 firmiter
1025 3340 1477 3431 apprehendere
1512 3362 1525 3403 :
1561 3361 1693 3402 cum
1757 3344 2064 3424 praefectus

2149 3349 2356 3405 αἰωνίου
2424 3347 2646 3425 βεϐαίως
2720 3340 3408 3431 ἀντιλαϐέσθαιλπολλοὺς
3489 3354 3578 3410 καὶ
3648 3356 3794 3417 αὖθις

406 3446 617 3493 rursus
648 3427 929 3491 movisset
958 3429 1141 3491 multa
1169 3428 1488 3491 verborum
1521 3431 1815 3507 examina,
1848 3434 2064 3495 multos

2149 3439 2377 3507 κινήσας
2435 3443 2462 3496 ὁ
2520 3439 2705 3520 ἅρχων
2762 3441 2936 3519 λόγων
3002 3427 3216 3516 ἐσμοὺς,
3267 3441 3483 3499 πολλῶν
3532 3441 3585 3499 δὲ
3617 3440 3794 3520 φόϐων

408 3527 609 3582 autem
629 3527 827 3580 metus
861 3526 1036 3599 atque
1053 3518 1204 3580 adeo
1228 3519 1413 3598 ipsam
1442 3530 1694 3584 mortem
1720 3522 1775 3583 ei
1793 3521 2062 3600 redegis-

2149 3528 2234 3583 καὶ
2295 3530 2452 3588 αὗτοῦ
2505 3532 2816 3603 ὑπομνήσας
2873 3534 3119 3605 θανάτου,
3178 3532 3292 3589 ἐπεὶ
3342 3532 3556 3589 πάντων
3605 3534 3798 3599 ὲπίσης

413 3615 513 3673 set
558 3608 622 3670 in
654 3608 1031 3683 memoriam,
1068 3607 1168 3669 ubi
1202 3608 1347 3669 vidit
1378 3624 1507 3670 eam
1559 3611 1760 3673 omnia
1787 3628 1859 3674 ex
1903 3630 2064 3692 aequo

2152 3617 2291 3697 ἐώρα
2348 3618 2750 3697 καταγελῶσαθ,
2811 3621 3058 3701 ἀναφέρει
3113 3625 3200 3679 καὶ
3272 3624 3414 3685 αὖθις
3487 3622 3661 3679 πάντα
3721 3627 3798 3695 τῷ

406 3697 730 3771 ridentem,
763 3696 966 3758 omnia
1023 3715 1233 3759 rursus
1273 3697 1456 3759 refert
1487 3698 1560 3759 ad
1620 3699 2064 3781 imperatorem.

2150 3696 2390 3783 βασιλεῖ’
2455 3696 2537 3788 ἐφ’
2598 3710 2685 3775 οἷς
2744 3696 2941 3767 ἐκείνου
2981 3696 3208 3786 ’μᾶλλον
3249 3712 3322 3775 εἰς
3353 3711 3521 3790 ὀργήν
3550 3714 3804 3777 δποκινη-

406 3788 661 3869 Propter
683 3803 815 3877 qua;
843 3805 994 3877 cum
1014 3785 1116 3849 ille
1134 3786 1351 3849 fuisset
1373 3786 1558 3865 magis
1586 3788 1657 3877 ad
1682 3789 1833 3850 iram
1862 3790 2064 3852 incita-

2149 3797 2350 3873 θέντος,
2385 3799 2472 3855 καὶ
2516 3799 2566 3855 τί
2595 3796 2700 3856 δέοι
2760 3801 3008 3875 πράττειν
3067 3799 3152 3857 ἐπ’
3211 3800 3345 3877 αὖτῇ
3407 3801 3801 3876 διασκεπτομέ-

402 3885 519 3950 tus,
555 3883 614 3969 et
645 3875 927 3969 quidnam
963 3873 1133 3969 de-ea
1164 3884 1471 3969 oporteret
1503 3876 1652 3953 ﬁeri,
1680 3878 2063 3969 deliberaret,

2151 3910 2264 3966 νου,
2323 3889 2564 3967 πρόσεισί
2619 3912 2698 3953 τις
2755 3873 2859 3946 τῶν
2922 3891 3183 3947 συνόντων
3252 3873 3339 3946 καὶ
3393 3873 3708 3969 χαρίζεσθαί.
3756 3902 3801 3955 οἱ

405 3964 646 4029 acecdit
670 3964 888 4045 aliquis
919 3964 1086 4026 exiis
1114 3965 1214 4044 qui
1240 3984 1371 4058 eum
1406 3984 1475 4027 eo
1509 3966 1983 4044 versabantur,et
2012 3971 2064 4033 ei

2151 3964 2257 4032 διὰγ
2289 3964 2522 4045 σπουδῆς
2579 3980 2886 4057 τιθεμένων,
2939 3980 3050 4056 καὶ,
3085 3977 3370 4052 Κέλευσον,
3397 3964 3584 4058 ιρησὶν,
3620 3979 3665 4035 ὦ
3694 3982 3798 4055 βα-

405 4054 730 4147 studebant
752 4054 1096 4147 gratificari,
1117 4060 1175 4115 et
1191 4051 1693 4147 _:_J_ube,inquit,o
1717 4058 2064 4139 imperator,

2152 4065 2318 4140 σιλεῦ,
2380 4066 2663 4142 Οὐλπιανῴ
2716 4070 2914 4134 ταύτην
2967 4074 3044 4142 τῷ
3098 4066 3347 4147 ἀρχιερεῖ
3403 4066 3496 4123 τοῦ
3561 4089 3795 4125 καπιτωο

402 4144 720 4235 eamtradi
752 4142 1007 4235 Ulpiano
1042 4144 1308 4235 pontifici
1340 4146 1656 4235 Capitolii.
1692 4147 1757 4208 Ei
1790 4156 1945 4212 enim
1980 4154 2064 4213 vel

2152 4155 2266 4213 λίου
2293 4157 2677 4233 παραδοθῆναι.
2714 4158 2894 4230 Τούτῳ
2925 4157 3024 4235 γὰρ
3067 4142 3431 4231 καῖνμάλιστα
3485 4158 3558 4216 ὡς
3610 4157 3794 4235 ἀρχιεο

402 4234 663 4297 maxime
694 4251 854 4295 curae
886 4234 1020 4311 erit,
1058 4242 1120 4295 ut
1168 4234 1272 4316 qui
1304 4234 1380 4295 sit
1409 4234 1657 4297 deorum
1692 4238 1975 4317 pontifex,
2011 4249 2064 4302 et

2151 4247 2236 4321 ρεῖ
2287 4250 2393 4303 τῶν
2446 4250 2580 4304 θεῶν
2636 4245 2882 4319 μελήσει,
2941 4234 3031 4304 καὶ
3088 4247 3122 4314 ἦ
3180 4248 3347 4303 πείσει
3378 4245 3611 4315 πάντως,
3648 4234 3799 4311 ἤλπι-

398 4323 488 4387 vel
521 4324 768 4386 omnino
803 4322 1216 4405 persuadebit,
1251 4324 1342 4385 vel
1393 4326 1780 4389 acerbissime
1813 4331 2064 4409 puniens

2149 4335 2378 4412 κρο’τατα
2425 4337 2823 4411 τιμωρούμενος
2877 4336 3177 4415 ἀναιρήσει,
3236 4335 3335 4402 τὴν
3396 4330 3450 4388 δὲ
3484 4353 3543 4409 γε
3588 4352 3796 4408 περιου-

396 4413 566 4503 tollet
595 4413 670 4476 de
707 4413 904 4503 medio
943 4431 958 4489 ;
990 4430 1202 4503 omnes
1257 4422 1453 4476 autem
1488 4416 1621 4494 ejus
1650 4417 1981 4499 facultates,
2016 4419 2064 4480 si

2149 4426 2264 4480 σίαν
2294 4426 2458 4493 αὐτῆς
2510 4430 2704 4494 πᾶσαν,
2767 4423 2820 4479 εἴ
2875 4446 2955 4488 τις
3018 4423 3115 4503 ἄρα
3169 4425 3255 4481 καὶ
3283 4420 3686 4495 ὑπολέλειπται,
3720 4428 3797 4494 τῷ

393 4501 576 4565 modo
621 4503 744 4565 sint
770 4501 906 4563 ulla;
935 4502 1206 4582 reliquae,
1246 4492 1549 4565 dedicabit
1584 4504 1896 4588 Capitolio.
1935 4492 2064 4571 Pla-

2149 4492 2456 4587 καπιτωλίιμ
2519 4492 2801 4580 ἀνάθηνται.
2880 4492 3108 4589 Ἤρεσκε
3171 4520 3336 4569 ταῦτα
3402 4518 3479 4586 τῷ
3550 4492 3793 4588 βασιλεῖ,

395 4598 658 4656 cuernnt
691 4592 819 4653 haec
851 4590 1221 4670 imperatori,
1260 4603 1319 4652 et
1350 4602 1526 4672 prout
1558 4595 1749 4657 fuerat
1776 4598 2060 4675 monitus,

2149 4605 2237 4658 καὶ
2294 4604 2429 4659 κατὰ
2484 4604 2581 4666 τὰς
2638 4602 2910 4670 ὑποθήκας
2965 4603 3264 4662 Οὒλπιανὸν
3316 4600 3546 4663 καλέσας
3596 4600 3796 4665 ταύτην

398 4680 696 4743 accersito
728 4677 1010 4771 Ulpiano,
1050 4698 1179 4741 eam
1210 4679 1263 4743 ei
1297 4682 1497 4744 tradit.
1525 4682 1640 4762 ,Ille
1672 4704 1811 4748 vero
1842 4686 2064 4750 faciens

2150 4693 2290 4766 αὒτῷ
2345 4690 2715 4771 παραδίδωσιν.
2782 4682 2839 4751 Ὀ
2897 4692 2952 4749 δὲ
3008 4697 3108 4760 τῆς
3165 4689 3427 4768 βασιλέως
3459 4689 3793 4767 τραχύτητος

395 4769 707 4832 diversum
752 4767 827 4831 ab
884 4768 1204 4849 asperitate
1258 4770 1661 4852 imperatoris,
1693 4783 1823 4838 astu
1868 4787 2063 4839 autem

2149 4767 2445 4840 τούναντίον
2507 4790 2699 4863 ποιῶν,
2757 4780 3021 4850 δεινότητι
3077 4767 3396 4855 δὲμᾶλλον
3465 4778 3792 4857 περιέσεσθαι

395 4859 603 4940 potius
633 4876 700 4921 se
732 4875 865 4922 eam
897 4875 1031 4921 esse
1068 4867 1512 4941 superaturum,
1548 4870 1605 4923 et
1659 4866 1710 4925 ei
1749 4883 2064 4945 persuasu-

2149 4873 2236 4928 καὶ
2264 4884 2450 4929 πεῖσαι
2506 4871 2707 4951 θαῤῥῶν
2764 4874 2857 4931 σὺν
2916 4873 3047 4949 τιμῇ
3101 4871 3301 4936 ταύτην
3358 4870 3431 4932 εἰς
3495 4869 3589 4924 τὸν
3637 4868 3794 4925 αὑτοῦ

392 4966 525 5011 rum
559 4948 890 5026 confidens,
930 4966 1060 5012 eam
1096 4949 1433 5013 honoriﬁce
1464 4950 1703 5016 abducit
1733 4955 1793 5015 in
1824 4956 2064 5018 domum

2149 4962 2306 5017 οἷκον
2335 4961 2553 5040 ἀπάγει.

392 5055 560 5100 suam
572 5087 586 5102 .

472 5124 712 5221 XXVII.
841 5127 1100 5208 primum
1129 5129 1370 5221 quidem
1394 5130 1605 5221 multis
1630 5132 1821 5213 iisque
1839 5134 2060 5217 proba—

2228 5141 2353 5203 KZ’.
2388 5143 2487 5201 Καὶ
2516 5142 2699 5221 πρῶτα
2729 5141 2827 5217 μὲν
2879 5137 3107 5201 πολλοῖς
3153 5137 3240 5193 καὶ
3299 5139 3546 5199 πιθανοῖς
3607 5133 3790 5210 λόγοις

388 5216 613 5308 bilibus
658 5216 879 5293 verbis,
920 5237 1032 5298 per
1067 5218 1339 5308 auditum
1372 5220 1812 5300 quodammodo
1844 5216 2059 5287 infun—

2149 5230 2228 5287 διὰ
2256 5236 2354 5298 τῆς
2385 5216 2763 5308 ἀκοῆςτῶσπερ
2795 5227 3102 5307 κατασχεῖν
3133 5225 3450 5304 ἐφιλονείκει
3502 5225 3562 5280 τὸ
3613 5220 3797 5293 δηλη-

387 5306 532 5370 dere
546 5324 845 5398 venenum
865 5325 977 5398 con
994 5309 1135 5371 tend
1147 5307 1552 5372 ebat.Deinde
1575 5314 1751 5373 etiam
1770 5333 2063 5396 peraspe-

2149 5322 2349 5398 τήριον·
2410 5320 2534 5377 εἶτα
2590 5321 2677 5377 καὶ
2742 5317 2806 5374 δι’
2867 5317 3041 5393 ὅψεως
3099 5317 3197 5384 τὴν
3269 5317 3483 5381 ἀπάτην
3552 5316 3793 5390 προσῆγε

387 5404 546 5488 ctum
578 5396 858 5459 adhibuit
890 5397 1340 5488 deceptionem,
1373 5399 1837 5488 valdeimprobe
1859 5414 1917 5464 et
1937 5423 2059 5465 ma-

2149 5396 2342 5487 σφξδρα
2399 5408 2744 5488 κακοτέχνως
2802 5407 2869 5465 τὰ
2935 5406 3142 5463 ἐναντία
3191 5404 3314 5470 τοῖς
3346 5403 3611 5464 ἐναντίοις
3641 5401 3790 5457 ἀντι·

380 5484 575 5575 litiose
612 5504 811 5567 oppon
829 5504 935 5548 ens
962 5486 1263 5550 contraria
1285 5487 1638 5549 contrariis:
1666 5491 1799 5554 hinc
1818 5494 2060 5572 quidem

2149 5499 2319 5562 τιθείς·
2383 5497 2522 5556 ἔνθεν
2581 5499 2676 5573 μὲν
2735 5497 3059 5575 γυναικείους
3118 5495 3351 5571 κόσμους
3410 5491 3651 5555 εὐανθεῖς
3703 5493 3794 5546 καὶ

379 5574 641 5637 mundos
700 5576 1027 5639 muliebres
1057 5577 1395 5639 luculentos
1427 5585 1484 5639 et
1532 5590 1946 5660 sumptuosos,
1984 5584 2061 5644 il-

2149 5587 2483 5668 πολυτελεῖς,
2543 5588 2745 5645 ἐκεῖθεν
2802 5586 2855 5643 δὲ
2913 5585 3225 5645 παντοδαπὰ
3258 5580 3654 5661 στρεϐλωτήρια
3704 5581 3793 5636 καὶ

378 5664 500 5728 linc
546 5672 744 5729 autem
778 5683 961 5730 omne
1008 5685 1170 5748 genu
1202 5684 1230 5729 s
1267 5674 1561 5730 tormenta
1596 5690 1612 5745 ;
1646 5670 1785 5734 hinc
1835 5674 2061 5756 lapides

2149 5676 2399 5737 ποικίλων
2470 5664 2666 5760 ὄργανα
2734 5679 3186 5759 βασανιστηρίων,
3258 5674 3402 5734 ἔνθεν
3467 5672 3643 5735 λίθους
3716 5692 3793 5729 τι-
