4148 6412
358 335 476 400 597

1203 343 1675 406 MARTYRIUM
1721 344 1783 407 S.
1848 342 2296 407 ANASTASM‘J
2340 342 2436 404 ET
2481 343 2887 406 SOCIARUM.

3617 342 3737 410 598

359 471 512 545 μίους
583 472 672 528 καὶ
746 474 937 553 χάριεν
1016 471 1259 552 ἀτεχνῶς
1317 475 1760 549 ἁπολάμποντας,
1823 476 2023 534 ἐκεῖθεν

2110 478 2401 556 pretiosos
2424 484 2482 539 et
2496 484 2660 554 grato
2683 478 2878 539 nitore
2899 477 3377 559 resplendentes,
3392 478 3553 541 illinc
3574 498 3747 543 enses

355 560 480 633 ξίφη
552 559 812 638 φρικῶδες
871 563 958 619 καὶ
1030 560 1250 640 φοϐερὸν
1324 562 1731 633 ἀποστίλϐοντα,
1798 565 2015 625 ἐνταῦθα

353 651 456 724 μὲν
512 649 691 715 κλίνας
754 652 1154 728 ἆργαρηλάτους
1219 650 1313 707 mi
1377 652 1649 729 στρώμασι
1701 652 2011 733 φιλοκάλοις

348 740 792 814 κεκοσμημένας,
828 740 1030 797 ἐκεῖθεν
1081 739 1135 795 δὲ
1180 740 1391 804 κλοιοὺς
1435 744 1519 798 καὶ
1554 740 1722 816 δεσμὰ
1781 745 2010 821 κακούρ-

346 852 463 904 γων
536 830 623 885 καὶ
681 828 927 908 χαλεπὰς
1001 829 1291 907 μάστιγας.
1341 832 1400 888 Τί
1455 828 1519 897 δη
1564 839 1728 887 ταῦτα
1772 834 1941 888 ποιῶν
1985 836 2012 889 ὁ

346 916 523 981 δεινος
576 920 664 974 καὶ
719 916 805 973 διὰ
836 921 884 974 τί
925 933 1043 982 τονς
1076 933 1339 997 χρηστοῖς
1392 920 1668 976 συνάπτων
1700 923 1763 978 τὰ
1811 920 2009 1001 δυσχε-

347 1013 475 1086 ρὴς
536 1005 610 1065 ’ἶν’
672 1008 702 1074 ἢ
760 1020 877 1069 τοῖς
909 1006 1154 1083 φαιδροῖς
1227 1008 1566 1086 ἐπαγάγηται
1600 1010 1635 1076 ἢ
1691 1009 2010 1087 καταπλήξῃ

346 1111 477 1162 το“’ς
557 1094 830 1177 φοϐεροῖς.
907 1094 1054 1153 Ἀλλ’
1139 1096 1375 1171 ὲψύσατο
1448 1101 1483 1167 ἡ
1543 1095 1714 1153 ἀδικία
1791 1101 2008 1171 ἑαυτὴν,

346 1187 494 1243 κατὰ
547 1188 609 1242 τὸ
639 1189 786 1242 θετον
841 1186 998 1263 φάναι
1060 1185 1256 1258 Δαυ³ιδ,
1305 1188 1391 1242 καὶ
1452 1194 1524 1250 εἰς
1556 1186 1702 1245 οὐδὲν
1746 1196 1909 1244 ταῦτα
1943 1194 2011 1265 τῇ

350 1277 579 1353 μάρτυρι
635 1275 1005 1351 ἐλογίσθησαν.
1094 1278 1233 1342 Φησὶ
1304 1277 1404 1354 γὰρ
1475 1278 1610 1350 μετὰ
1668 1279 2014 1356 φρονήματος

349 1366 625 1444 ἒλευθέρου
680 1366 763 1421 καὶ
796 1371 1010 1422 συνετοῦ
1068 1367 1499 1438 καταστήματος
1562 1366 1685 1423 Ἐπὶ
1730 1367 1787 1422 σὲ
1850 1375 2008 1424 ταῦτα

348 1457 554 1527 πάντα,
617 1451 850 1529 διάϐολε,
897 1454 983 1510 καὶ
1028 1456 1108 1509 σοὶ
1180 1454 1413 1511 ἔστωσαν
1458 1454 1627 1529 μόνῳ·
1690 1455 1873 1534 ὅτιπερ
1917 1458 2007 1512 σὺν

2100 564 2386 627 micantes
2409 566 2816 647 horribiliter;
2853 567 2989 628 hinc
3015 567 3257 649 quidem
3295 569 3479 630 lectos
3504 578 3746 647 argento

2096 652 2482 733 incrustatos,
2506 664 2565 716 et
2593 657 2868 734 stragulis
2911 656 3284 734 elegantibus
3315 657 3749 733 ornatos,illinc

2096 754 2294 804 autem
2332 742 2576 804 collaria
2606 753 2664 804 et
2697 745 2931 806 vincula
2979 746 3410 821 maleﬁcorum,
3445 754 3503 808 et
3552 746 3747 825 gravia

2097 832 2351 907 ﬂagella.
2386 834 2501 894 Cur
2537 851 2671 894 vero
2703 833 2816 896 hoc
2846 834 3103 897 faciebat
3158 835 3249 897 vir
3280 835 3378 897 ille
3409 835 3660 897 callidus
3689 845 3749 899 et

2095 928 2343 999 astutus,
2380 929 2436 982 et
2469 940 2577 982 cur
2608 941 2742 983 cum
2802 922 3073 1002 benignis
3103 925 3500 1004 conjungebat
3530 924 3749 988 acerba

2096 1017 2154 1071 et
2175 1008 2467 1071 molesta?
2496 1008 2573 1072 Ut
2601 1010 2690 1071 vel
2722 1011 2904 1074 rebus
2935 1013 3085 1074 laetis
3114 1013 3391 1092 illiceret,
3425 1013 3512 1075 vel
3547 1021 3743 1075 terro-

2095 1117 2219 1160 rem
2253 1098 2682 1160 alferretrebus
2709 1100 3229 1163 terribilibus.Sed
3251 1103 3510 1184 seipsam
3533 1101 3746 1164 fefellit

2093 1189 2401 1267 injustitia,
2439 1197 2503 1247 ut
2554 1188 2697 1249 dicit
2746 1190 2983 1252 divinus
3035 1190 3215 1253 David
3240 1193 3296 1269 3,
3331 1199 3389 1253 et
3434 1192 3561 1253 haec
3604 1199 3743 1254 sunt

2092 1296 2199 1358 pro
2224 1277 2409 1338 nihilo
2440 1286 2715 1357 reputata
2740 1298 2773 1340 «ι
2808 1287 3093 1360 martyre.
3130 1280 3281 1343 Dicit
3311 1281 3495 1356 enim,
3520 1280 3740 1343 libera-

2092 1368 2208 1428 lem
2231 1386 2348 1447 pra:
2360 1384 2427 1429 se
2450 1368 2647 1428 ferens
2664 1368 3333 1451 spiritum,gravemque
3354 1371 3739 1432 ethonestum

2091 1456 2356 1518 habitum
2395 1478 2407 1514 :
2456 1455 2519 1517 In
2555 1465 2611 1519 te
2664 1458 2788 1519 haec
2819 1459 3041 1532 omnia,
3071 1458 3331 1538 diabole,
3360 1467 3421 1521 et
3467 1458 3571 1520 tibi
3623 1459 3743 1520 sint

349 1545 546 1608 αὕτως
575 1550 642 1620 τῇ
696 1542 935 1615 ἀπωλείᾳ
989 1542 1357 1621 παραδοθήση.
1398 1546 1452 1601 Εἰ
1508 1542 1561 1600 δὲ
1605 1546 1690 1601 καὶ
1736 1546 2007 1623 μαστίγων

2088 1547 2199 1607 soli
2227 1566 2242 1617 ;
2276 1546 2556 1625 quoniam
2590 1565 2722 1608 cum
2756 1547 2843 1608 eis
2876 1547 3126 1609 traderis
3169 1547 3242 1610 ad
3274 1549 3602 1610 interitum.
3636 1548 3741 1610 Sin

344 1636 407 1691 ἐν
464 1634 615 1710 πείρᾳ
675 1653 741 1704 με
814 1632 1050 1709 γενέσθαι
1109 1633 1530 1708 παρασκευάσας
1588 1636 1675 1689 καὶ
1726 1649 1842 1700 τοῖς
1913 1634 2003 1690 δε-

2085 1644 2287 1697 autem
2324 1634 2574 1709 efﬁcies,
2612 1646 2673 1697 ut
2697 1636 3064 1716 ﬂagellorum
3095 1637 3554 1716 quoquefaciam
3582 1638 3742 1716 peri“

344 1738 515 1799 σμοῖς
571 1723 780 1784 τούτοις
839 1723 926 1778 καὶ
985 1735 1102 1785 τοῖς
1173 1722 1381 1785 κλοιοῖς
1439 1723 1685 1801 βαρονεῖς
1742 1725 1829 1780 τὸν
1875 1723 2001 1798 ἐμὸν

2086 1724 2311 1799 culum,
2330 1732 2387 1785 et
2408 1725 2503 1786 his
2531 1724 2783 1785 vinculis
2804 1734 2863 1787 et
2887 1726 3213 1787 collaribus
3232 1726 3499 1803 gravabis
3519 1725 3737 1787 collum

340 1818 576 1893 αὖχενα,
610 1813 729 1868 τότε
794 1815 859 1877 ὅθι
904 1812 991 1867 καὶ
1043 1809 1247 1884 μᾶλλον
1295 1813 1368 1875 ὡς
1426 1813 1627 1886 κόσμον
1660 1814 1774 1868 τινὰ
1824 1816 1999 1869 ἔπαυ-

2084 1833 2308 1888 meum,
2348 1823 2489 1875 tunc
2535 1822 2811 1895 tanquam
2845 1815 3084 1894 aliquod
3119 1815 3257 1876 colli
3294 1822 3736 1890 ornamentum,

341 1905 534 1984 χένιον
581 1904 673 1958 τὸν
704 1901 842 1977 παρὰ
892 1908 985 1957 σοῦ
1013 1899 1193 1956 κλοιὸν
1234 1899 1458 1978 φέρουσα
1502 1901 1698 1975 ἀρεστὴ
1729 1901 1822 1957 καί
1874 1901 1993 1957 ἐπί-

2081 1903 2238 1984 quod
2273 1902 2417 1963 mibi
2450 1908 2744 1983 impones,
2773 1903 2992 1965 collare
3019 1904 3524 1984 gestans,Cbristo
3554 1922 3738 1984 appa-

341 2016 511 2073 χαρις
572 1996 646 2064 τῷ
689 1991 896 2064 Χριστῷ
938 1998 1223 2070 φανοῦμαν
1285 1990 1366 2045 ὅτι
1425 1991 1585 2052 αὒτός·
1636 1992 1745 2046 ἐστι
1805 1992 1995 2068 Σωτήρ

2079 1992 2225 2055 rebo
2259 1995 2479 2070 gratior
2505 2003 2563 2055 et
2593 1993 2902 2055 venustior
2935 2012 2948 2055 :
3002 1994 3282 2070 quoniam
3312 1994 3441 2073 ipse
3471 2001 3562 2054 est
3591 1991 3738 2054 Ser-

342 2106 453 2159 μ·ιο
523 2084 612 2137 καὶ
667 2079 1011 2157 ἁντιλήπτωρ
1064 2102 1166 2155 μου
1210 2083 1295 2135 καὶ
1338 2080 1422 2136 ἐπ’
1482 2080 1624 2154 αὒτῷ
1680 2079 1904 2147 ἤλπισεν
1960 2083 1995 2148 ἦ

2079 2093 2248 2146 vator
2292 2103 2460 2146 meus
2493 2093 2550 2146 et
2607 2082 2890 2145 defensor
2935 2100 3126 2159 meus,
3160 2090 3219 2145 et
3276 2081 3339 2144 in
3375 2100 3445 2143 eo
3480 2081 3740 2162 speravit

344 2171 531 2250 καρδία
566 2194 690 2246 μου,

2088 2193 2195 2237 CUl'
2224 2193 2446 2237 meum.

435 2260 579 2319 KH’.
614 2266 721 2326 Τῆς
780 2260 868 2316 οὖν
910 2258 1319 2338 μεγαλοψυχίας
1374 2258 1649 2323 ἐκπλαθεὶς
1707 2259 1803 2326 τὴν
1861 2260 2002 2339 μάρ-

2169 2264 2434 2330 XXVIII.
2486 2266 2758 2347 Martyris
2787 2266 2986 2343 itaque
3045 2264 3229 2326 animi
3260 2261 3734 2343 magnitudinem

346 2374 480 2429 νυρα
526 2353 553 2406 ὁ
612 2349 907 2412 Οὐλπιανὸς
955 2350 1048 2405 καῖ
1093 2349 1271 2428 χρόνῳ
1319 2348 1547 2424 μαλάξαι
1579 2349 1674 2416 τὴν
1732 2349 2002 2405 ὰιὲνδοτον

2085 2354 2413 2418 admiratus
2443 2356 2751 2437 Ulpianus,
2780 2366 2836 2418 et
2866 2363 3030 2417 ratus
3060 2355 3185 2417 fore
3218 2362 3281 2416 ut
3313 2371 3442 2415 eam
3478 2352 3740 2415 molliret

336 2440 551 2509 οἰηθεὲς
596 2442 671 2501 εἷς
728 2441 908 2516 τρίτην
951 2439 1156 2515 ἡμέραν
1212 2435 1561 2494 ἀναϐαλέσθαι
1625 2440 1687 2495 τὰ
1748 2441 1864 2517 περὶ
1901 2441 1998 2495 αὖ·

2086 2452 2377 2524 tempore,
2414 2435 2546 2527 quae
2594 2435 2810 2508 cedere
2841 2445 3104 2518 nolebat,
3136 2446 3197 2506 in
3245 2444 3444 2506 animo
3473 2441 3741 2507 habebat

333 2540 438 2600 τῆς
485 2528 847 2586 διεσκέπτετο.
912 2520 970 2585 Ἠ
1005 2526 1058 2583 δὲ
1092 2529 1217 2605 πρὸς
1277 2528 1430 2583 αὐτὸν
1463 2530 1529 2603 τῇ
1572 2526 1812 2605 διατριϐῇ
1870 2527 1991 2587 δυσ-

2084 2520 2224 2613 θιῇιιε
2246 2520 2482 2597 causam
2523 2536 2764 2609 differre
2790 2537 2846 2597 in
2892 2538 3134 2597 tertium
3166 2535 3350 2597 diem.
3381 2533 3488 2596 Illa
3521 2551 3657 2594 vero
3681 2532 3736 2594 ei

334 2622 687 2699 χεραίνοοσα·
755 2616 897 2683 "Elin
970 2639 1062 2691 μοι
1134 2618 1229 2680 τὰς
1314 2629 1459 2694 τρεῖς
1530 2618 1720 2679 ταύτας
1795 2615 1994 2695 ἡμέρας

2081 2631 2323 2704 propter
2352 2644 2575 2687 moram
2611 2626 2927 2703 indignans
2961 2644 2974 2688 :
3008 2627 3167 2698 Jam,
3207 2624 3421 2704 inquit,
3468 2621 3740 2684 existima

332 2712 523 2784 νόμιζε
560 2706 841 2778 παρελθεῖν
872 2708 960 2763 καὶ
1018 2718 1136 2768 τοῖς
1171 2706 1326 2779 ἐμοῖς
1361 2705 1542 2782 λόγοις
1590 2707 1859 2785 πρόσοχες
1906 2704 1994 2761 τὸν

2079 2713 2188 2775 hos
2222 2722 2341 2776 tres
2372 2714 2502 2776 dies
2530 2715 2678 2777 mihi
2710 2716 3106 2796 praeteriisse,
3127 2722 3183 2777 et
3216 2712 3367 2775 meis
3397 2710 3592 2773 verbis
3613 2713 3736 2773 ani.

332 2807 480 2856 νοῦν.
543 2796 670 2855 Ἰδοὺ
699 2798 799 2874 γὰρ
858 2797 924 2851 τὰ
978 2796 1108 2851 αὒτά
1165 2816 1247 2851 σοι
1312 2796 1401 2851 καὶ
1433 2802 1518 2850 νύν
1581 2794 1706 2872 ἐρῶ,
1739 2795 1873 2872 ἅπερ
1931 2793 1992 2850 ἂν

2079 2821 2238 2863 rrum
2271 2803 2510 2869 adhibe.
2547 2793 2897 2869 Ecce—enim
2934 2805 3145 2866 eadem
3188 2802 3293 2864 tibi
3322 2821 3481 2863 nunc
3512 2800 3728 2876 dicam,

338 2890 487 2945 εἴπω
525 2888 610 2943 καὶ
663 2889 789 2942 κετὰ
849 2886 949 2951 τὴν
1002 2883 1304 2959 διάσκεψιν,
1340 2883 1420 2941 ὅτι
1474 2898 1591 2947 τοῖς
1620 2888 1762 2947 θεοῖς
1810 2906 1901 2940 σου
1932 2888 1991 2942 οὗ

343 2978 582 3052 λατρεύω
621 2978 707 3032 καὶ
764 2982 842 3047 τῷ
892 2981 970 3047 σῷ
1017 2975 1283 3051 γελήματι
1316 2975 1401 3029 καὶ
1458 2980 1535 3046 τῷ
1578 2980 1669 3028 τοῦ
1724 2973 1990 3050 αὐτοκρά-

350 3086 506 3141 τορος
577 3065 982 3137 ἀντιτάσσομαι,
1055 3068 1171 3118 Θύω
1228 3060 1282 3117 δὲ
1352 3062 1529 3117 θυσίαν
1603 3061 1851 3123 αἰνέσεως
1918 3066 1993 3133 τῷ

344 3157 559 3231 βασιλεῖ
608 3160 713 3211 τῶν
749 3154 950 3210 αἰώνων
984 3159 1191 3230 Χριστῷ
1242 3156 1320 3223 τῷ
1361 3150 1474 3226 ἐμῷ
1530 3151 1619 3205 καὶ
1652 3151 1798 3226 μόνῳ
1859 3151 1991 3207 ἆθα-

342 3247 488 3319 νέτῳ
541 3252 675 3318 Θεῷ,
712 3244 841 3322 ὑπὲρ
872 3245 931 3300 οὗ
959 3244 1043 3298 καὶ
1100 3242 1195 3307 τὴν
1225 3242 1406 3319 ψυχὴν
1455 3251 1708 3317 προϊεμαι
1739 3239 1833 3296 καὶ
1888 3247 1993 3296 τῶν

340 3342 452 3391 σῶν
484 3335 728 3410 βασάνων
776 3332 1110 3411 καταφρονῶ,
1144 3331 1238 3386 ἵνα
1281 3332 1505 3406 Χριστὸν
1536 3339 1695 3404 μόνον
1754 3327 1994 3407 κερδήσω

339 3424 443 3489 τὴν
501 3424 712 3479 αἰωνίαν
770 3423 937 3492 ζωήν.
1001 3423 1096 3479 Καὶ
1144 3420 1226 3499 ὃς,
1279 3418 1532 3498 ’¹Εγνων,
1569 3418 1693 3498 ἔφη,
1755 3421 1987 3491 παντως,

339 3514 422 3569 ἔτι
478 3514 571 3570 τὸν
600 3512 787 3587 ὅμοιον
840 3518 919 3584 τῷ
951 3514 1158 3587 Χριστῷ
1211 3531 1304 3564 σου
1333 3509 1555 3564 θάνατον
1610 3509 1993 3575 ἆνοηταίνουσα

344 3604 437 3659 καὶ
487 3604 620 3671 αὐτὴ
649 3606 794 3678 αἱρῇ.
834 3594 893 3656 Ἠ
926 3598 979 3656 δὲ
1038 3600 1306 3656 ἀκούσασα
1338 3600 1425 3655 καὶ
1456 3606 1530 3672 τῷ
1579 3598 1725 3675 λόγῳ
1755 3599 1989 3673 καθάπερ

333 3697 590 3766 ἡσθεῖσα,
640 3692 840 3764 Ἀμὴν,
910 3691 1077 3765 ἀμὴν,
1147 3689 1272 3767 ἔφη,
1338 3687 1543 3766 γένοιτό
1616 3709 1732 3765 μοι,
1796 3688 1987 3764 Χριστὲ

331 3782 525 3859 νυμφίε
568 3782 654 3839 καὶ
684 3779 901 3855 βασιλεῦ
935 3778 949 3840 Ξ
1013 3780 1108 3837 Καὶ
1134 3779 1161 3834 ὃ
1191 3779 1469 3856 ἀρχιερεὺς
1516 3778 1661 3834 εὒθὺς
1712 3776 1984 3852 ἐπηρώτα·

331 3873 394 3931 Τί
426 3872 491 3927 τὸ
523 3870 699 3942 Ἀμὴν
745 3870 878 3936 αὖτῆ
935 3868 1180 3945 βούλεται
1219 3888 1235 3941 ς
1268 3860 1329 3924 Ἠ
1388 3866 1441 3922 δὲ
1476 3867 1696 3942 μάρτυς,
1736 3864 1880 3921 Αλλὰ
1929 3865 1991 3921 σύ

331 3983 395 4037 γε
459 3964 552 4018 οὒκ
608 3959 771 4039 ὀί(ιος,
837 3959 960 4037 ἔφη,
1021 3965 1176 4014 τοῦτο
1230 3961 1443 4032 μαθεῖν·
1488 3955 1603 4012 οὗδὲ
1660 3955 1759 4032 γὰρ
1803 3955 1991 4028 σαπρῷ

331 4050 527 4129 δοχεῖς.
591 4050 753 4125 μύρον
810 4046 872 4103 ἄν
928 4070 1008 4112 τις
1071 4048 1397 4104 πιστεύσειεν
1454 4045 1509 4101 εὖ
1552 4044 1780 4122 φρονῶν.
1848 4042 1990 4101 Οὔλ-

332 4141 534 4203 πιανὸς
582 4138 670 4195 οὖν
729 4142 865 4214 ᾗπερ
922 4135 1186 4211 ἐσκέψατο
1233 4137 1325 4192 καὶ
1361 4136 1644 4204 πεποίηκε,
1682 4133 1775 4188 καὶ
1830 4139 1988 4210 τριῶν

2076 2910 2206 2970 quin
2240 2892 2469 2954 dictura
2499 2911 2629 2954 sum
2665 2903 2799 2975 post
2830 2893 3326 2955 deliberationem
3356 2912 3369 2953 :
3413 2892 3570 2953 Deos
3601 2899 3733 2951 tuos

2077 2998 2195 3041 non
2240 2981 2393 3052 colo,
2431 2991 2491 3044 et
2523 2989 2635 3043 tute
2694 2982 3189 3062 imperatorisque
3218 2996 3487 3060 repugno
3518 2980 3731 3039 volun-

2076 3070 2202 3130 tati.
2228 3069 2509 3131 Sacriﬁco
2544 3078 2742 3131 autem
2768 3071 3125 3133 sacrificium
3151 3069 3341 3131 laudis
3372 3066 3728 3128 saeculorum

2011 3158 2202 3256 r,regi
2261 3159 2521 3239 Christo,
2555 3160 2655 3240 qui
2716 3168 2806 3221 est
2864 3178 3035 3221 meus
3084 3167 3139 3220 et
3187 3157 3351 3219 solus
3376 3154 3729 3218 immortalis

2076 3247 2256 3323 Deus,
2286 3267 2390 3327 pro
2416 3269 2531 3328 quo
2578 3249 2750 3311 etiam
2782 3248 3073 3329 profundo
3104 3248 3361 3309 animam
3388 3253 3445 3306 et
3470 3253 3567 3306 tua
3598 3251 3728 3307 tor-

2079 3345 2276 3399 menta
2300 3338 2662 3418 despicio,ut
2686 3338 2875 3400 solum
2904 3338 3203 3400 Christum
3230 3334 3728 3414 lucrifaciam,qui

2076 3434 2167 3488 est
2196 3425 2312 3487 vita
2342 3436 2583 3489 aeterna.
2622 3428 2726 3491 Ille
2786 3446 2966 3491 vero:
3001 3426 3300 3506 Sciebam,
3330 3423 3545 3504 inquit,
3578 3423 3727 3495 fore,

2078 3528 2140 3580 ut
2158 3519 2418 3581 similem
2444 3518 2674 3583 Christo
2701 3527 2959 3582 mortem
2994 3528 3052 3581 tu
3073 3536 3307 3600 quoque
3327 3518 3510 3579 stulta
3537 3515 3729 3594 elige-

2072 3626 2192 3670 res.
2226 3608 2333 3670 Illa
2360 3618 2555 3671 autem
2611 3629 2744 3673 rum
2790 3610 3106 3683 audiisset,
3141 3616 3200 3670 et
3227 3626 3296 3669 ex
3339 3626 3409 3669 eo
3441 3604 3602 3687 quod
3631 3603 3728 3666 di-

2074 3706 2230 3757 ctum
2266 3707 2415 3770 erat,
2444 3697 2705 3759 laetitiam
2741 3699 3122 3777 accepisset:
3156 3699 3378 3768 Amen,
3411 3710 3612 3770 amen,
3634 3691 3732 3752 fiat

2075 3784 2243 3859 mihi,
2279 3785 2495 3865 inquit,
2527 3787 2761 3849 Christe
2813 3787 2894 3846 mi
2928 3803 3152 3865 sponse
3196 3791 3253 3845 et
3281 3801 3381 3844 rex
3411 3782 3425 3841 !
3464 3779 3729 3841 Pontifex

2074 3881 2270 3934 autem
2306 3875 2689 3953 interrogavit
2720 3878 2988 3955 protinus
3022 3894 3035 3935 :
3090 3871 3237 3945 Quid
3286 3870 3398 3932 sibi
3430 3870 3551 3930 vult
3580 3866 3727 3929 illud

2077 3965 2299 4025 Amen?
2335 3963 2554 4043 Martyr
2576 3982 2714 4025 vero
2743 3980 2756 4025 :
2792 3964 2906 4025 Sed
2936 3972 2993 4023 tu
3029 3977 3144 4024 non
3178 3980 3266 4036 es,
3293 3957 3728 4040 inquit,dignus

2075 4051 2179 4129 qui
2211 4052 2325 4114 hoc
2348 4053 2768 4114 discas.Nemo
2801 4051 3317 4131 enim,ii.quit,qui
3350 4049 3523 4129 sapit,
3555 4064 3726 4107 com-

2077 4140 2307 4202 miserit
2334 4150 2701 4217 unguentum
2736 4141 2853 4202 vasi
2886 4140 3066 4219 putri.
3102 4138 3387 4217 Ulpianus
3417 4145 3613 4198 autem
3647 4134 3730 4197 fe-

334 4232 557 4306 ἡμερῶν
617 4227 733 4291 δοὺς
802 4227 934 4293 αὖτῆ
1006 4227 1347 4303 προθεσμίαν,
1418 4224 1643 4302 ταναιξὶν
1714 4221 1985 4288 Ἑλληνίσι

2079 4236 2151 4290 cit
2208 4239 2269 4291 ut
2305 4238 2647 4300 statuerat;
2689 4240 2748 4291 et
2800 4248 2933 4289 cum
2991 4229 3046 4289 ei
3085 4226 3354 4288 dedisset
3406 4224 3725 4286 terminum

333 4324 436 4374 γαί
492 4318 626 4373 κατὰ
679 4317 830 4394 γένος
890 4319 1032 4387 αὐτῷ
1088 4313 1479 4392 προσηκόύταις
1534 4312 1877 4389 παραδίδωσι,
1918 4318 1987 4387 τῇ

2079 4319 2245 4379 trium
2278 4319 2717 4393 dieruin,traziit
2749 4337 2878 4380 eam
2915 4316 3267 4379 mulieribus
3284 4312 3634 4391 gentilibus,
3666 4322 3727 4372 et

334 4429 395 4463 τε
455 4406 633 4481 ὁμιλίᾳ
662 4408 766 4463 τῶν
817 4411 1078 4480 γυναικῶν
1126 4404 1219 4460 καῖ
1253 4411 1319 4479 τῇ
1364 4405 1653 4479 παρατάσει
1692 4409 1792 4458 τῶν
1840 4402 1984 4474 ἠμε-

2079 4426 2201 4485 quaa
2232 4428 2454 4487 genere
2478 4408 2550 4470 ad
2583 4428 2709 4469 eam
2736 4405 3420 4485 attinebant,mulierum
3447 4418 3724 4462 sermone

334 4502 444 4575 ρῶν
494 4496 628 4556 ἴσως
665 4518 708 4552 τι
765 4501 864 4561 τῆς
896 4499 1117 4571 γνώμης
1176 4493 1341 4558 αὑτὴν
1370 4494 1455 4549 καὶ
1486 4490 1811 4565 μεταϐαλεῖν
1869 4490 1983 4545 οἷό-

2079 4506 2129 4557 et
2151 4498 2381 4560 dierum
2409 4497 2780 4576 longitudine
2802 4495 2952 4575 fore,
2973 4506 3035 4557 ut
3065 4493 3341 4555 nonnihil
3365 4487 3719 4551 sententiam

334 4565 418 4616 '.
589 4565 1273 4616 σεκ;η’-“ιςν
1488 4589 1501 4596 ς
1746 4566 2023 4616 νννι

333 4607 524 4660 μειος.
608 4592 647 4642 Ι]
721 4604 775 4640 οε.
834 4606 1013 4662 ωσπερ
1082 4604 1373 4648 επαυςησαι
1438 4580 1665 4659 μαλλον,
1738 4579 1837 4636 αλλ
1929 4602 1987 4636 ον)

2079 4594 2350 4659 mutaret,
2382 4565 2747 4648 existimans.
2774 4585 2880 4647 llla
2910 4565 3051 4646 vero
3083 4603 3215 4646 cum
3239 4581 3355 4643 sibi
3388 4577 3721 4660 persuasis-

330 4683 564 4750 μειῶσαι
619 4676 710 4730 τὸν
771 4672 891 4751 περί
968 4674 1192 4749 Χριστὸν
1248 4671 1409 4727 πόθσν
1476 4671 1667 4736 ἑαυτὴν
1735 4670 1984 4741 πείσασα,

2079 4690 2156 4736 set
2179 4695 2390 4750 augere
2413 4687 2624 4750 potius,
2648 4694 2820 4750 quam
2850 4682 3113 4735 minuere
3144 4690 3311 4733 suum
3337 4676 3393 4731 in
3437 4672 3722 4730 Christum

327 4776 596 4841 γυναῖκας
641 4762 844 4824 ἐκείνας
903 4762 1001 4817 καὶ
1050 4760 1238 4839 λόγους
1296 4759 1520 4823 ἐκείνους
1550 4761 1749 4838 ψόφους
1808 4757 1988 4820 κενοὺς

2079 4763 2460 4836 desiderium,
2492 4763 2773 4824 mulieres
2794 4762 3036 4843 quidem
3062 4762 3219 4837 illas,
3249 4759 3457 4821 etillos
3488 4773 3726 4818 sermo-

329 4857 526 4931 ἡγεῖτο
557 4853 732 4926 μάτην
786 4851 919 4926 αὒτῇ
950 4848 1385 4929 καταχεομένους
1415 4856 1520 4904 τῶν
1563 4849 1759 4921 ἀκοῶν,
1795 4860 1987 4925 χεῖρας

327 4942 387 4999 δὲ
451 4942 563 5016 ἅμα
635 4944 720 4998 καὶ
790 4940 979 5020 φρένας
1034 4942 1104 4997 εἰς
1178 4940 1396 5016 οὖρανὸν
1450 4937 1675 5013 αἴρουσα
1742 4937 1989 5013 συνεργὸν

332 5031 515 5089 ἐκάλει
576 5033 703 5108 πρὸς
740 5032 832 5086 τὸν
863 5029 1047 5109 ἄφωνα
1078 5029 1136 5083 ὃν
1169 5027 1332 5106 ἐφίλει
1394 5028 1643 5104 Χριστὸν,
1678 5023 1811 5099 μηδὲ
1843 5027 1988 5103 βρω-

332 5130 431 5179 τοῦ
476 5141 620 5185 τινος
686 5121 721 5187 ἢ
781 5128 948 5176 ποτοῦ
1001 5140 1116 5183 ταις
1174 5120 1340 5193 τρισὶν
1395 5117 1618 5194 ἡμέραις
1684 5126 1984 5192 μετασχεῖν

332 5213 477 5276 ὅλως
509 5209 858 5289 ἀνασχομένη
871 5255 881 5267 .

426 5388 564 5450 ΚΘ’.
621 5390 765 5444 bisve:
807 5385 861 5443 δὲ
895 5389 990 5455 τὴν
1021 5388 1201 5465 τρίτην
1247 5384 1365 5454 ἥκει
1397 5384 1555 5442 πάλιν
1606 5381 1898 5446 Οὐλπιανὸς
1928 5381 1986 5436 ἐκ

333 5488 432 5538 τοῦ
492 5477 691 5559 σφόδρα
735 5477 1010 5554 βούλεσθαι
1061 5478 1139 5551 μὴ
1197 5478 1606 5554 ἀπογινώσκων,
1657 5471 1780 5530 ἀλλ’
1833 5471 1987 5550 ἐγγὺς

417 5653 451 5705 ὅ
478 5647 639 5717 Psal.
674 5663 831 5722 xxvi,
866 5651 965 5711 t2.
1052 5648 1080 5700 ι
1112 5646 1267 5712 Psal.
1300 5661 1487 5725 xxvii,
1516 5644 1579 5704 7.

2074 4872 2198 4922 nos,
2231 4856 2596 4913 existimabat
2643 4872 2768 4912 ese
2802 4859 3004 4913 inanes
3050 4858 3346 4925 strepitus,
3385 4852 3481 4923 qui
3516 4859 3727 4907 temere

2074 4941 2535 5004 effundebantur
2567 4943 2627 5002 in
2659 4960 2833 5003 aures
2861 4963 2876 5003 :
2906 4960 3115 5003 manus
3146 4949 3340 5001 autem
3375 4947 3433 4999 et
3465 4942 3726 4997 mentem

2075 5031 2252 5092 simul
2310 5030 2368 5090 in
2400 5032 2580 5090 altum
2626 5030 2929 5102 attollens,
2963 5028 3035 5090 ad
3068 5047 3240 5108 opem
3301 5027 3355 5088 ei
3413 5023 3723 5085 ferendam

2070 5120 2131 5180 in
2186 5119 2517 5180 certamine
2548 5119 2793 5179 vocabat
2828 5118 3154 5198 Christum,
3190 5134 3370 5196 quem
3418 5110 3721 5189 diligebat,

2068 5228 2181 5271 nec
2212 5208 2412 5269 cibum
2447 5227 2555 5275 nec
2588 5215 2790 5288 potum
2814 5226 3052 5268 sumere
3085 5210 3330 5267 omnino
3362 5200 3554 5264 tribus
3583 5199 3720 5261 die-

2070 5298 2183 5360 bus
2214 5299 2538 5359 sustinens.

2150 5386 2363 5451 XXIX.
2397 5384 2599 5448 Tertio
2651 5393 2855 5447 autem
2887 5386 2985 5448 die
3017 5391 3149 5467 post
3198 5382 3357 5447 venit
3384 5397 3593 5445 rursus
3620 5377 3689 5441 Ul

2071 5476 2379 5557 pianus,ex
2404 5495 2475 5538 eo
2499 5476 2658 5558 quod
2680 5477 2851 5541 valde
2875 5476 3069 5549 vellet,
3100 5475 3344 5536 minime
3368 5470 3719 5550 desperans,
