4148 6410
403 323 523 389 599

1708 317 1984 382 MENSIS
2040 314 2470 378 DECEMBEB.

3668 317 3789 381 600

400 459 506 523 sed
529 453 861 536 conjiciens
881 470 948 518 se
977 450 1235 534 praedam
1260 457 1468 513 tenere
1486 444 2061 532 propemodum.Ubi

2148 446 2302 526 ἔχεῖν
2358 446 2579 519 εἰκάζων
2633 448 2696 504 τὸ
2750 448 2986 526 θήραμα.
3043 448 3191 507 Ἐπεὶ
3232 448 3289 505 δὲ
3347 451 3643 525 πυθόμενος
3694 451 3791 507 ἆν-

404 565 542 610 vero
579 563 706 608 eam
737 549 1164 618 interrogasset.
1198 552 1252 600 et
1291 543 1611 600 rescivisset
1636 545 2054 598 incrementum

407 635 737 717 sumpsisse
779 633 911 713 ejus
939 629 1297 692 sententiam
1328 626 1716 717 longitudine
1745 624 2053 717 temporis,

409 736 470 789 et
493 714 610 788 nen
632 724 821 787 solum
836 721 1132 782 bonorum
1151 716 1679 798 promissione,sed
1706 714 1882 776 etiam
1908 732 2055 794 sup-

411 815 729 897 pliciorum
776 808 1096 872 formidine
1127 806 1436 868 mulierem
1497 822 1630 867 esse
1659 803 2055 884 superiorem,

410 891 735 986 quinetiam
799 897 1054 961 naturali
1108 914 1346 977 quoque
1397 892 1739 957 necessitati
1812 891 2061 954 minime

411 982 860 1066 concedentem,
891 1006 1021 1069 quae
1066 992 1225 1048 tanto
1258 995 1527 1066 tempore
1580 1002 1693 1045 nec
1722 982 1922 1045 cibum
1951 1000 2063 1044 nec

408 1089 616 1164 potum
670 1077 968 1160 sumpsit:
1007 1084 1321 1157 postquam
1373 1075 1500 1164 haec
1529 1072 1752 1136 audivit
1780 1070 2063 1164 sacerdos

405 1160 690 1234 falsorum
729 1167 1006 1242 deorum,
1041 1165 1103 1228 in
1134 1164 1328 1227 aulam
1361 1163 1603 1243 quidem
1636 1160 1889 1241 prosilit,
1929 1177 2059 1222 eam

408 1279 517 1342 per
545 1277 610 1322 se
644 1257 1019 1321 contendens
1055 1255 1313 1333 trahere;
1348 1269 1605 1342 cumque
1633 1250 1819 1342 vellet
1833 1247 2058 1342 aliquid

404 1338 607 1414 facere
634 1349 1054 1421 inhonestum,
1091 1352 1148 1407 et
1181 1342 1444 1424 profanis
1489 1340 1613 1403 suis
1642 1339 1759 1401 diis
1788 1338 2056 1417 dignum,

407 1439 618 1503 feritur
645 1438 842 1500 statim
900 1435 1069 1516 plaga
1105 1432 1374 1495 immissa
1405 1429 1715 1503 divinitus,
1748 1432 1811 1491 et
1852 1426 2058 1490 oculo-

407 1547 542 1592 rum
573 1529 710 1589 luce
740 1525 1014 1600 orbatus,
1047 1521 1251 1585 obibat
1284 1527 1460 1581 totam
1495 1519 1764 1594 domum,
1801 1535 1918 1578 non
1952 1535 2061 1597 po-

410 1625 545 1680 tens
568 1615 774 1678 videre
802 1614 1077 1695 amplius.
1105 1611 1258 1684 Quin
1290 1610 1467 1673 etiam
1501 1615 1717 1690 praeter
1738 1607 2059 1669 caecitatem

413 1710 951 1767 vehementissimus
983 1706 1149 1764 dolor
1177 1705 1298 1778 ejus
1330 1703 1545 1760 invadit
1566 1701 1783 1760 oculos.
1822 1700 1896 1757 Eo
1924 1714 2063 1771 ergo

2138 537 2396 611 εμάθανεν
2467 539 2541 602 ὡς
2614 537 2856 603 ἒπίτασις
2945 540 3076 615 αὐτῇ
3145 541 3332 618 γέγονε
3418 539 3622 616 μᾶλλον
3695 546 3793 608 τῆς

2138 625 2361 703 γνώμης
2408 626 2444 693 ἠ
2497 624 2591 683 τοῦ
2645 633 2828 704 καιροῦ
2889 630 3206 707 παρατασις,
3259 630 3350 686 καὶ
3407 628 3485 686 ὅτι
3542 633 3792 708 κρείττων

2140 715 2236 770 οὑκ
2308 712 2628 793 ἐπαγγελίας
2694 716 2902 794 ἀγαθῶν
2981 715 3166 795 μόνον,
3240 717 3379 775 ἀλλὰ
3447 721 3530 778 καί
3606 721 3790 798 πείρας

2140 807 2417 880 τιμωριῶν
2472 805 2507 872 ἡ
2568 805 2724 881 γυνὴ,
2789 806 2916 884 πρὸς
2988 803 3064 861 ἔτι
3124 803 3178 861 δὲ
3243 809 3331 864 καὶ
3401 815 3497 877 τῆς
3563 814 3789 886 φυσικῆς

2144 891 2386 962 ἀνάγκης
2444 891 2771 971 ὑψηλότεραι,
2816 895 2937 962 ητις
2993 892 3108 952 οὑδὲ
3166 896 3446 972 βρώματός
3508 922 3647 964 τινος
3707 902 3791 959 ἐπὶ

2142 987 2396 1039 τοσοῦτον
2453 981 2489 1049 ἢ
2538 982 2778 1058 πόματος
2816 982 3147 1062 ἐπεστραφη·
3206 987 3280 1048 ὡς
3322 988 3522 1044 τούτων
3568 989 3790 1057 ἤκουσεν

2145 1071 2172 1125 6
2221 1071 2326 1126 τῶν
2376 1068 2728 1146 ψευδωνύμων
2782 1074 2914 1130 θεῶν
2976 1074 3165 1152 ίερεύς,
3219 1073 3502 1154 ἐφάλλεται
3563 1081 3659 1152 μὲν
3718 1083 3789 1145 εἰς

2145 1159 2205 1215 τὸ
2262 1172 2510 1231 ταμιεῖον
2556 1159 2624 1216 δι’
2676 1160 2865 1220 ἑαυτοῦ
2906 1162 3106 1230 ταύτην
3177 1162 3393 1222 ἑλκύσαι
3451 1165 3787 1247 φιλονεικῶν,

2144 1248 2233 1304 καί
2286 1270 2336 1304 τι
2367 1251 2452 1305 καὶ
2512 1249 2793 1326 βουληθείς
2825 1248 3023 1308 ἄτοπον
3082 1250 3265 1331 δρᾶσαι
3309 1256 3397 1312 καὶ
3453 1257 3560 1312 τῶν
3619 1256 3788 1334 βεϐή-

2143 1336 2250 1393 λων
2286 1338 2444 1395 αὑτοῦ
2487 1340 2617 1396 θεῶν
2676 1338 2840 1405 ἄξιον*
2874 1339 3166 1408 πλῆττεται
3208 1340 3263 1398 δὲ
3324 1346 3509 1404 αὐτίκα
3549 1347 3793 1420 θεηλάτῳ

2144 1425 2355 1506 πληγῇ,
2405 1429 2489 1484 καὶ
2547 1429 2640 1493 τὰς
2712 1428 2863 1510 ἅχεις
2934 1428 3240 1497 ἄλλοιωθεὶς
3321 1436 3529 1511 περιῄει
3586 1434 3790 1493 ἅπαντα

2143 1518 2236 1573 τὸν
2287 1518 2516 1575 οἰκίσκον
2569 1518 2676 1598 οὑχ
2725 1521 2850 1597 ὁρᾷν
2894 1519 2970 1576 ἔτι
3028 1518 3335 1597 δυνάμενος,
3395 1527 3483 1580 καὶ
3540 1526 3670 1603 πρὸς
3726 1532 3793 1602 τῇ

2144 1606 2439 1686 τυφλότητι
2504 1605 2558 1664 δὲ
2612 1609 2705 1665 καί
2756 1607 3007 1687 ἀλγηδὼν
3062 1612 3221 1669 αὑτοῦ
3275 1612 3605 1692 σφοδροτάτη
3662 1618 3790 1671 καθ-

2149 1709 2351 1754 ικνεῖτο
2408 1699 2512 1752 τῶν
2582 1695 2889 1776 ὄφθαλμῶν.
2952 1698 3129 1763 Θῧτως
3189 1701 3278 1757 οὖν
3329 1701 3447 1758 λίαν
3502 1702 3795 1781 περιαλγὴς

410 1795 618 1859 dolore
646 1795 914 1874 affectus,
940 1793 1155 1856 clamat
1177 1791 1530 1865 sceleratus,
1553 1798 1612 1851 et
1640 1805 1884 1851 suorum
1916 1786 2061 1850 deo—

2148 1786 2434 1863 γενόμενος
2488 1785 2613 1843 ἐϐὸα
2644 1790 2672 1842 6
2736 1790 2950 1865 μιαρὸς,
2995 1792 3083 1845 καὶ
3138 1790 3257 1853 τοῦς
3313 1793 3470 1851 αὑτοῦ
3515 1793 3663 1853 θεοὺς
3719 1795 3792 1855 εἷς

406 1904 540 1949 rum
573 1885 793 1948 misere
838 1882 1152 1946 invocabat
1183 1880 1492 1944 auxilium.
1546 1880 1682 1941 Haec
1712 1885 1911 1941 autem
1944 1895 2063 1940 non

405 1986 637 2038 temere
680 1973 1119 2037 administravit
1173 1968 1572 2042 Providentia,
1606 1967 1715 2030 sed
1766 1975 1828 2028 ut
1855 1984 1991 2029 cum
2023 1966 2066 2027 ii

402 2071 502 2147 qui
534 2071 705 2127 erant
730 2071 919 2138 extra,
943 2061 1300 2135 sensissent,
1329 2067 1385 2121 et
1407 2065 1475 2122 ut
1506 2075 1615 2138 par
1648 2065 2063 2147 erat,congre-

403 2145 690 2234 garentur
709 2151 783 2213 ad
806 2162 980 2232 Opem
1002 2150 1057 2213 ei
1082 2148 1414 2225 ferendam,
1440 2164 1536 2210 res
1557 2145 1834 2208 evaderet
1867 2145 2062 2207 mani-

404 2243 577 2317 festa,
610 2258 867 2321 quanam
916 2241 1146 2303 ratione
1193 2246 1253 2301 et
1282 2236 1578 2319 quomodo
1634 2234 1973 2315 accidisset,
2009 2243 2067 2296 et

406 2351 526 2395 non
552 2331 765 2395 liceret
780 2329 1076 2394 sacerdoti
1099 2345 1340 2391 causam
1368 2328 1430 2390 in
1452 2326 1613 2389 aliud
1638 2325 1936 2400 conferre,
1965 2332 2067 2386 aut

412 2422 651 2485 mentiri
678 2421 964 2483 adversus
1010 2417 1387 2481 miraculum.
1421 2415 1589 2491 Quod
1624 2415 1798 2477 etiam
1845 2414 2062 2476 factum

408 2520 521 2589 est,
542 2519 601 2575 et
624 2529 763 2576 cum
782 2510 951 2573 multi
968 2508 1249 2571 adessent
1270 2514 1472 2582 testes,
1504 2504 1797 2568 deductus
1817 2502 2062 2566 domum

411 2619 627 2682 caecus,
656 2607 713 2663 et
742 2598 901 2681 gravi
933 2598 1139 2661 dolore
1185 2597 1453 2672 allectus,
1488 2604 1544 2657 et
1576 2593 1795 2657 deinde
1825 2594 2054 2673 gravio-

408 2692 577 2756 ribus
611 2690 887 2753 dolorum
921 2687 1178 2751 stimulis
1208 2696 1473 2763 vexatus,
1494 2683 1671 2767 jubet
1700 2692 1762 2745 ut
1792 2682 1853 2743 in
1885 2700 2059 2744 exse-

410 2781 699 2845 crandum
731 2782 981 2843 deorum
1014 2795 1254 2840 suorum
1292 2776 1580 2858 templum
1613 2774 1972 2849 deferretur,
2008 2780 2067 2835 et

408 2872 534 2935 illic
579 2871 1003 2953 deponeretur,
1035 2877 1252 2950 putans
1279 2867 1407 2928 fore
1451 2874 1515 2927 ut
1546 2864 1647 2947 qui
1677 2883 1782 2927 eos
1811 2863 2058 2938 coleret,

406 2961 482 3025 ab
531 2962 619 3023 eis
668 2966 1002 3023 curaretur.
1065 2955 1378 3037 Egregiam
1437 2971 1603 3035 vero,
1638 2963 1696 3016 et
1727 2972 1906 3036 quam
1957 2970 2064 3033 par

405 3059 556 3128 erat,
589 3050 680 3112 sui
712 3050 907 3112 cultus
928 3048 1134 3110 retulit
1163 3045 1528 3108 mercedem.
1562 3042 1879 3105 Doloribus
1900 3041 2060 3104 enim

407 3141 605 3204 adhuc
652 3137 1063 3200 vehementius
1134 3153 1269 3198 eum
1332 3130 1776 3207 invadentibus,
1844 3130 2058 3195 emittit

409 3230 585 3295 etiam
627 3228 911 3291 animam.

487 3319 668 3383 XXX.
693 3318 779 3381 Ex
800 3335 871 3380 eo
903 3315 1215 3378 Anastasis
1248 3313 1585 3377 libertatem
1606 3323 1958 3393 consecuta,
1985 3312 2062 3374 il-

403 3412 531 3475 line
573 3407 817 3491 quidem
848 3406 1174 3485 egreditur,
1209 3404 1369 3466 venit
1423 3411 1619 3465 autem
1650 3401 1724 3463 ad
1783 3400 2064 3464 Theodo-

409 3510 557 3581 tem,
592 3515 765 3580 quam
815 3499 979 3577 prius
1013 3494 1446 3559 declaravimus
1477 3491 1745 3555 habitare
1774 3491 1931 3572 apud
1958 3510 2063 3581 co-

406 3580 611 3652 mitem
672 3585 1059 3666 Leucadium,
1095 3593 1152 3646 et
1182 3582 1484 3663 sigillatim
1521 3582 1577 3644 ei
1608 3586 1813 3643 narrat
1842 3580 2061 3657 omnia,

407 3687 523 3743 tam
557 3696 686 3759 quae
731 3694 901 3759 passa
929 3676 1029 3755 sit,
1063 3691 1237 3754 quam
1268 3690 1400 3754 quin
1429 3688 1538 3752 per
1593 3671 1781 3751 ipsam
1815 3676 1875 3730 et
1926 3687 2060 3731 cum

404 3768 536 3850 ipsa
557 3758 715 3831 Deus
734 3758 1187 3829 iecerit.Paucis
1212 3769 1345 3842 post
1363 3758 1577 3823 diebus
1600 3777 2065 3850 eomesiquoque

405 3847 744 3923 Leucadius
791 3874 860 3918 ex
915 3852 1187 3933 Bithynia
1243 3869 1546 3925 reversus,
1593 3867 1728 3911 cum
1760 3847 2065 3911 Theodoto

414 3946 715 4028 prioribus
745 3944 975 4007 similes
1005 3959 1211 4004 rursus
1235 3940 1442 4003 habuit
1459 3957 1795 4015 sermones,
1831 3946 2066 4001 tentans

405 4027 537 4100 eam
570 4036 882 4099 inducere.
936 4032 1255 4111 Postquam
1310 4037 1508 4092 autem
1556 4031 1740 4090 multa
1789 4027 2062 4111 loquens,

410 4126 686 4208 cognovit
733 4143 799 4187 se
830 4122 997 4205 loqui
1041 4122 1244 4195 littori,
1280 4127 1340 4182 et
1382 4137 1515 4181 cum
1548 4118 1738 4180 ventis
1792 4120 2065 4181 conferre

410 4207 788 4296 sermonem,
814 4212 1187 4277 Anastasiam
1212 4228 1452 4288 quoque
1483 4207 1717 4270 reciscit
1744 4209 1899 4289 apud
1924 4227 2063 4272 eum

401 4307 647 4389 degere,
676 4312 735 4368 et
764 4305 970 4367 furore
1015 4301 1312 4389 percitus,
1341 4308 1656 4389 propterea
1686 4298 1841 4378 quod
1872 4296 2063 4362 Theo-

400 4387 543 4461 dote
572 4397 735 4458 illius
755 4389 1267 4456 admonitionibus
1299 4387 1624 4463 inducitur,
1666 4395 1730 4447 ut
1762 4404 1897 4447 eum
1934 4406 2063 4448 ma-

401 4486 492 4566 gis
522 4490 889 4560 contemnat,
915 4479 1284 4543 Anastasiam
1316 4477 1556 4566 quidem
1571 4478 1773 4540 statim
1802 4477 2060 4539 vinctam

401 4565 581 4637 tradit
612 4568 900 4636 tribunali
924 4568 1272 4649 judiciario.
1305 4565 1458 4639 Quin
1481 4565 1658 4628 etiam
1691 4566 2059 4629 Theodotem

2082 4617 2129 4669 D

2147 1874 2349 1949 ἅμυναν
2404 1873 2595 1941 ἀθλίως
2638 1875 2967 1952 ἐξεκαλεῖτο,
3003 1885 3175 1937 Ταῦτα
3222 1878 3277 1936 δὲ
3333 1881 3394 1937 οὑ
3425 1885 3601 1955 μάτην
3649 1884 3791 1957 ᾠκο⁸

2147 1964 2351 2039 νόμητο
2407 1970 2473 2041 τῇ
2531 1966 2773 2043 Προνοίᾳ,
2820 1964 2940 2023 ἀλλ’
2984 1967 3075 2024 ’ίνα
3119 1970 3208 2025 καὶ
3278 1983 3396 2035 τοῖς
3460 1970 3644 2036 ἔξωθεν
3687 1979 3792 2029 τῶν

2147 2060 2334 2131 φωνῶν
2404 2055 2735 2130 αἰσθομένοις
2790 2059 2887 2113 καὶ
2949 2059 3077 2134 πρὸς
3127 2058 3376 2134 βοήθειαν
3427 2060 3608 2139 ὥσπερ
3652 2062 3793 2124 εἰκὸς

2146 2143 2627 2221 συναθροιζομένοις
2672 2141 2921 2211 ἐπίδηλον
2970 2153 3210 2224 καταστῇ
3259 2147 3374 2205 ὅθεν
3430 2172 3486 2206 τε
3534 2153 3595 2208 τὸ
3651 2174 3793 2225 συμ-

2147 2228 2263 2291 ϐὰν.
2327 2254 2415 2288 και
2446 2232 2591 2297 ὅπως
2646 2234 2843 2309 καὶμὴ
2891 2232 2982 2312 ἐξῇ
3036 2241 3114 2309 τῷ
3143 2238 3275 2314 ἱερεῖ
3329 2238 3429 2308 τὴν
3461 2241 3631 2296 αἰτίαν
3691 2263 3791 2314 με-

2146 2321 2410 2377 τατιθέναι
2488 2321 2525 2391 ἢ
2580 2324 2673 2379 τοῦ
2740 2324 3004 2399 θαύματος
3079 2326 3517 2402 καταψεύδεσθαι,
3588 2330 3658 2385 "6
3727 2329 3794 2399 δὴ

2148 2412 2236 2466 καί
2294 2410 2502 2489 γέγονε’
2552 2412 2639 2468 καὶ
2699 2414 2828 2492 πρὸς
2872 2414 2972 2479 τὴν
3028 2415 3195 2472 οἰκίαν
3234 2417 3336 2473 ὑπὸ
3391 2416 3617 2483 πολλοῖς
3651 2421 3790 2496 μάρ-

2146 2522 2261 2557 τυσι
2317 2501 2509 2581 τυφλὸς
2555 2503 2642 2557 καὶ
2685 2500 3000 2579 περιώδυνος
3057 2504 3339 2585 ἀπαχθεὶς,
3375 2507 3498 2564 εἶτα
3542 2510 3621 2565 κοὶ
3677 2507 3793 2587 δρι-

2147 2587 2394 2668 μυτέραις
2453 2603 2577 2656 ταῖς
2635 2588 2841 2656 ὀδύναις
2910 2591 3343 2670 διακεντούμενος
3400 2598 3472 2661 εἷς
3544 2601 3632 2655 τὸδ
3687 2602 3794 2655 τῶν

2144 2683 2276 2737 θεῶν
2333 2681 2494 2736 αὑτοῦ
2550 2682 2740 2759 μιαρὸν
2794 2687 3249 2759 μετακομισθῆναι
3298 2687 3419 2743 ναὸν
3465 2689 3552 2744 καὶ
3596 2710 3793 2766 προτε-

2145 2769 2295 2837 θῆναι
2365 2766 2719 2826 διακελεύεται
2792 2771 3030 2847 οἳόμενος
3092 2777 3269 2831 ἐκεῖσε
3321 2783 3445 2852 γοῦν
3517 2779 3794 2856 θεραπείας

2148 2860 2240 2917 ἆίτε
2286 2862 2611 2939 θεραπευτής
2652 2861 2823 2919 αὑτῶν
2882 2862 3171 2930 τεύξεσθαι.
3232 2865 3451 2941 Ἀμέλει
3507 2869 3597 2925 καὶ
3658 2868 3798 2925 καλαί

2143 2971 2204 3029 γε
2246 2950 2448 3007 τούτων
2506 2953 2595 3009 καὶ
2625 2951 3004 3030 προσηκόντως
3062 2954 3333 3013 ἀπώνατο·
3396 2956 3475 3013 ἓτι
3506 2958 3606 3036 γὰρ
3659 2980 3795 3037 σφο-

2143 3038 2382 3119 δρότερον
2419 3040 2560 3115 αὑτῷ
2615 3048 2725 3099 τῶν
2782 3039 3091 3121 ἀλγηδόνων
3139 3043 3460 3122 ἐπιθεμένων
3514 3047 3792 3106 ἀπολείπει

2144 3130 2230 3187 καὶ
2272 3131 2369 3198 τὴν
2400 3131 2607 3211 ψυχήν,

2226 3306 2313 3367 Δ’.
2373 3307 2642 3367 Ἐντεῦθεν
2701 3308 2876 3375 ἁδείας
2953 3312 3274 3371 Ἀναστασία
3328 3322 3565 3396 τυχοῦσα
3636 3317 3791 3384 ἔξεισι

2146 3396 2242 3473 μὲν
2300 3396 2527 3486 ἐκεῖθεν,
2562 3398 2887 3478 ἀφικινεῖται
2959 3399 3014 3458 δὲ
3069 3403 3198 3482 πρὸς
3241 3405 3337 3474 τήν
3391 3406 3676 3486 Θεοδότην,
3724 3408 3792 3477 ἢν

2145 3486 2345 3566 φθάσας
2403 3488 2430 3543 6
2492 3485 2653 3567 λόγος
2709 3490 2851 3567 παρᾶ
2891 3497 2970 3566 τῷ
3024 3493 3223 3567 κόμητι
3283 3494 3551 3572 Λευκαδίῳ
3598 3485 3795 3574 διάγειν

2144 3575 2419 3655 ἐγνώρισε·
2506 3579 2598 3634 καί
2673 3577 2879 3646 διέξεισι
2963 3583 3094 3660 πρὸς
3164 3583 3330 3652 αὑτὴν
3413 3587 3548 3643 κατὰ
3633 3588 3791 3666 μέρος

2145 3665 2319 3722 πάντα
2364 3664 2462 3724 ὅσα
2504 3689 2559 3724 τε
2590 3670 2749 3727 πάθοι
2784 3671 2869 3727 καὶ
2910 3671 3009 3729 ὅσα
3040 3670 3108 3728 δι’
3140 3674 3305 3744 αὑτήν
3339 3696 3395 3731 τε
3423 3677 3510 3732 καὶ
3542 3676 3660 3752 μετ’
3694 3664 3793 3734 αὑ·-

2146 3758 2243 3823 τίς
2304 3757 2332 3813 6
2382 3763 2512 3821 Θεος
2567 3756 2827 3836 δράσειεν.
2887 3753 3111 3839 Ἡμέραι
3171 3759 3370 3842 ὀλίγαι,
3402 3766 3492 3821 καὶ
3540 3768 3567 3822 6
3619 3767 3795 3842 κόμης

2147 3843 2429 3911 Λευκάδιος
2499 3847 2559 3904 ἐκ
2616 3851 2851 3915 Βιθυνίας
2910 3849 3204 3914 ἀνασωθεὶς
3262 3856 3330 3925 τῇ
3402 3850 3635 3929 Θεοδοτη
3709 3856 3795 3910 καὶ

2147 3937 2289 4001 αὖθις
2321 3939 2530 4013 δμοὶους
2588 3939 2709 4003 τοῖς
2740 3938 3015 4017 προτέροις
3062 3942 3301 4016 προσῆγε
3332 3938 3521 4016 λόγους
3580 3943 3790 4019 ὑπαγα-

2145 4026 2326 4105 γέσθαι
2394 4028 2590 4096 ταύτην
2667 4028 3017 4106 πειρώμενος.
3088 4029 3186 4088 'tzc
3258 4025 3312 4083 δὲ
3377 4026 3549 4085 πολλὰ
3619 4029 3791 4109 λέγων

2146 4117 2373 4195 αἰγιαλῷ
2429 4115 2616 4175 λαλεῖν
2648 4117 2735 4173 καὶ
2793 4114 3005 4191 ὁμιλεῖν
3062 4115 3279 4192 ἀνέμοις
3339 4117 3615 4196 ἐγίνωσκε,
3651 4143 3793 4195 μαν-

2144 4207 2287 4263 θάνει
2344 4207 2432 4263 καὶ
2462 4208 2580 4281 περὶ
2629 4210 2728 4271 τῆς
2762 4204 3110 4271 Ἀναστασίας
3164 4204 3251 4263 ὅτε
3293 4207 3420 4286 παρ’
3451 4208 3583 4286 αὑτῇ
3624 4208 3792 4289 διάγει

2145 4296 2232 4351 καὶ
2291 4296 2453 4369 μανίᾳ
2507 4293 2733 4372 πληγεὶς
2784 4293 2896 4351 ἀνθ’
2944 4296 3019 4351 ὧν
3075 4308 3197 4362 ταῖς
3242 4298 3534 4368 ὑποθήκαις
3588 4298 3793 4375 μᾶλλον

2146 4381 2353 4449 ἐκείνης
2390 4386 2425 4450 ἡ
2486 4381 2716 4450 Θεοδότη
2776 4385 3001 4441 πείθετοι
3070 4386 3257 4443 τούτου
3287 4402 3640 4466 καταφρονεῖν
3695 4392 3794 4457 τὴν

2145 4472 2245 4547 μὲν
2298 4470 2648 4529 ’Λναστασίαν
2693 4471 2900 4538 κλοιοῖς
2962 4475 3150 4541 εὐθέως
3216 4475 3516 4554 περιϐαλὼν
3559 4481 3646 4536 καὶ
3704 4478 3791 4535 δεσ-

2146 4573 2309 4636 σμοῖς
2365 4568 2440 4637 τῷ
2499 4560 2785 4637 δικαστικῷ
2840 4566 3042 4641 βήματι
3115 4565 3489 4641 παραδίδωσιν,
3553 4571 3626 4626 Οὑ
3682 4571 3793 4645 μὴν

401 4663 661 4724 vinctam
708 4657 1052 4723 transmittit
1080 4657 1152 4719 ad
1205 4655 1623 4736 proconsulem
1656 4653 1958 4737 Bythyniae
1987 4654 2061 4717 de

2148 4651 2285 4708 ἀλλὰ
2360 4654 2444 4709 καὶ
2507 4653 2608 4720 τὴν
2682 4653 2944 4722 Θεοδότην
2985 4654 3198 4732 δέσμιον
3259 4663 3337 4731 τῷ
3395 4657 3487 4725 τῆς
3566 4660 3789 4722 Βίθυνίας

408 4769 477 4813 ea
510 4768 644 4812 eum
678 4768 785 4831 per
836 4748 1085 4829 litteras,
1120 4763 1295 4828 quam
1346 4744 1635 4806 citissime
1686 4742 1816 4806 ﬁeri
1847 4744 2058 4827 potuit,

402 4837 665 4900 reddens
698 4836 1038 4900 certiorem.

483 4926 698 4992 XXXI.
737 4927 883 4991 Cum
945 4932 1143 4987 autem
1196 4923 1258 4984 in
1307 4921 1637 5003 Bithyniam
1698 4922 2065 5001 pervenisset

2144 4742 2387 4815 ὑπατικῷ
2439 4740 2805 4820 παραπέμπει,
2873 4745 3148 4822 γράμμασι
3206 4745 3273 4801 τὰ
3326 4745 3444 4802 κατ’
3503 4747 3666 4813 αὐτὴν
3719 4748 3790 4810 ὡς

2143 4831 2274 4910 εἶχε
2305 4828 2389 4889 διὰ
2431 4830 2647 4911 ταχέων
2677 4834 3054 4908 ὑποσημήνας,

2225 4921 2358 4979 AA’.
2418 4920 2568 4978 Ἐπεὶ
2597 4920 2651 4978 δὲ
2681 4922 2780 4990 τὴν
2811 4924 3046 4981 Βιθυνίαν
3096 4927 3127 4993 ἡ
3161 4922 3391 4992 Θεοδότη
3420 4925 3791 4985 καταλαϐοῦσα

404 5016 739 5093 Theodote,
775 5015 1066 5099 producta
1116 5012 1303 5076 estad
1355 5011 1611 5074 tribunal
1662 5013 2056 5091 proconsulis.

2148 5015 2221 5084 τῷ
2288 5018 2381 5068 τοῦ
2448 5013 2704 5071 ὑπατικοῦ
2783 5012 2984 5090 βήματι
3066 5015 3331 5092 παρέστη,
3388 5023 3572 5093 Δεῦρο,
3634 5019 3792 5096 φησὶν

399 5108 551 5188 Age,
581 5108 777 5188 inquit
806 5106 930 5181 ille,
953 5125 986 5167 ο
1010 5104 1339 5183 Theodote,
1359 5101 1544 5181 jussis
1569 5118 1784 5181 parens
1805 5102 2061 5183 impera-

2148 5101 2389 5182 ἐκεῖνος,
2433 5102 2480 5158 ὦ
2552 5102 2810 5181 Θεοδότη,
2869 5107 2985 5169 τοῖς
3062 5103 3365 5181 βασιλικοῖς
3423 5107 3792 5184 προστάγμασι

399 5199 571 5279 toris,
594 5196 739 5260 velis
768 5197 881 5260 diis
907 5196 1123 5258 oﬂ‘erre
1149 5191 1534 5256 sacriﬁcium.
1570 5189 1667 5253 Sic
1690 5197 1849 5254 enim
1881 5194 2057 5255 simul

2148 5192 2502 5271 πειθαρχοῦσα
2573 5194 2721 5257 θεοῖς
2806 5195 2982 5250 θυσίαι
3063 5207 3442 5274 προσενεγκεῖν
3512 5199 3790 5275 προθυμή-

399 5297 457 5348 et
484 5290 621 5347 ﬁliis
652 5291 827 5355 vives.
854 5299 910 5346 et
939 5288 1225 5361 particeps
1250 5285 1365 5342 eris
1400 5282 1715 5340 multorum
1748 5284 2054 5344 bonorum.

2148 5286 2280 5347 imt'
2317 5282 2455 5339 οὕτω
2502 5283 2601 5360 γὰρ
2646 5282 2758 5357 ἅμα
2790 5286 2875 5340 καὶ
2924 5296 3039 5349 τοῖς
3082 5283 3285 5348 τέκνοις
3339 5287 3477 5361 ζήσῃ
3522 5286 3609 5341 καὶ
3653 5285 3788 5342 πολ-

396 5377 545 5434 Nam
579 5375 686 5433 etsi
716 5388 830 5432 non
864 5382 979 5439 tua,
1012 5380 1070 5430 at
1101 5370 1351 5429 ﬁliorum
1383 5366 1614 5438 quidem
1646 5375 1794 5425 certe
1826 5379 2054 5429 tuorum

2148 5372 2247 5428 λῶν
2297 5371 2529 5449 μεθέξεις
2587 5380 2695 5429 τῶν
2749 5374 2984 5451 ἀγαθῶν.
3022 5375 3080 5431 Εἰ
3137 5374 3237 5453 γὰρ
3279 5375 3367 5430 καὶ
3423 5376 3503 5450 μὴ
3552 5383 3645 5432 σοῦ
3688 5380 3788 5434 αὑ-

399 5479 599 5542 causa,
631 5464 869 5543 mquum
893 5459 1171 5538 fuerit,ut
1199 5457 1258 5519 id
1290 5454 1475 5533 eligas
1505 5453 1663 5534 quod
1683 5461 1772 5515 est
1793 5455 2052 5519 futurum

2148 5463 2260 5537 τῆς,
2295 5460 2415 5519 ἀλλ’
2468 5463 2555 5519 οὖν
2616 5466 2721 5519 τῶν
2752 5462 2952 5520 παίδων
3010 5462 3186 5520 ἕνεκεν
3216 5462 3418 5521 δίκαιον
3476 5462 3536 5520 ἂν
3582 5463 3673 5530 εἴη
3707 5486 3790 5520 σοι

400 5554 508 5617 tibi
538 5554 866 5618 utile.Dum
888 5555 1014 5617 haec
1048 5560 1247 5615 autem
1271 5546 1512 5630 martyri
1546 5545 1773 5608 diceret
1805 5568 2054 5629 procon-

2148 5554 2197 5609 τὸ
2228 5565 2474 5609 συνοῖσον
2533 5551 2761 5612 ἑλέσθαι.
2833 5553 2922 5610 Ἐν
2980 5552 3088 5627 ὅσῳ
3147 5551 3200 5609 δὲ
3247 5554 3411 5610 ταῦτα
3452 5555 3479 5609 ὁ
3531 5554 3787 5615 ὑπατικὸς

400 5643 519 5727 sul,
549 5644 923 5733 respondens
953 5642 1114 5707 illius
1158 5641 1411 5705 ﬁliorum
1468 5635 1926 5719 primogenitus,
1958 5641 2055 5704 cui

2148 5642 2331 5719 ἔφασκε
2397 5644 2526 5725 πρός
2586 5644 2686 5714 τὴν
2741 5645 3000 5731 μάρτυρα,
3034 5641 3317 5703 ὑπολαϐὼν
3365 5646 3393 5700 6
3453 5643 3559 5702 τῶν
3609 5643 3784 5725 ἐκείνῃ
