4148 6394
330 344 442 410 601

1178 346 1646 409 MARTYRIUM
1691 344 1752 408 S.
1797 342 2242 410 ANASTA‘SI/E
2298 345 2395 408 ET
2441 344 2846 410 SOCIARUM.

3566 342 3701 414 602

331 505 408 540 πα
420 480 538 539 ιδων
581 480 947 562 πρωτότοκος,
982 480 1173 545 Εὕοδος
1204 481 1347 554 αύτῷ
1377 478 1562 558 ὄνομα,
1601 480 1751 538 Ἀλλ’
1781 483 1970 557 ἡμεῖς,

2060 497 2281 543 nomen
2310 489 2438 543 erat
2478 481 2736 547 Evodius
2772 502 2785 545 :
2816 481 2889 545 At
2940 499 3074 563 nos,
3136 479 3355 564 inquit,
3390 500 3424 544 o
3455 500 3697 564 praeses,

325 576 374 629 ὧ
403 574 651 651 ἡγεμὼν,
707 572 833 651 ἔφη,
880 572 975 635 τὰς
1004 578 1109 628 τῶν
1157 572 1444 647 ἀνθρώπων
1502 570 1744 647 οὗδαμῶς
1803 570 1970 628 δεδοί-

325 684 502 739 καμεν
572 663 854 741 τιμωρίας,
911 663 970 718 αἲ
1022 661 1229 734 σώματι
1293 662 1389 736 μὲν
1448 661 1758 742 ἀφθαρσίαν,
1818 666 1971 742 ψυχῇ

323 749 384 807 δὲ
446 750 646 828 μᾶλλον
708 751 993 808 ἀθανασίαν
1024 751 1233 807 εἰώθασι
1266 749 1538 830 προξενεῖν
1568 749 1715 832 ἀλλ’,
1753 752 1805 808 ἐν
1836 752 1966 807 ταύ-

323 853 453 903 ταῖς
497 846 684 918 μικροῦ
741 838 841 897 δέω
897 839 1075 918 λέγειν
1124 841 1177 896 ἐν
1215 840 1315 896 ίσω
1368 843 1456 896 καὶ
1500 839 1751 920 εὐωχίαις
1804 843 1966 900 ἑπευ-

323 930 672 1010 φραινόμεθα.
755 929 1071 1007 Δεδυίκαμεν
1129 927 1186 984 δὲ
1242 931 1371 987 Θεὸν
1442 928 1669 1005 μᾶλλον,
1725 931 1770 1005 ᾧ
1812 929 1971 987 δύνα-

324 1042 421 1093 μις
464 1022 551 1076 καὶ
603 1021 788 1099 ψυχὴν
845 1018 932 1075 καὶ
995 1026 1151 1095 σῶμα
1195 1018 1598 1097 τιμωρήσασθαι
1650 1021 1702 1077 ἐν
1755 1019 1968 1099 γεέννῃ.

326 1110 439 1167 Καῖ
467 1111 494 1164 6
537 1111 796 1172 υπατικὸς
827 1108 945 1173 τοὺς
983 1108 1283 1188 ὀφθαλμοὺς
1336 1106 1607 1166 ἐπιϐαλὼν
1664 1116 1741 1185 τῷ
1798 1108 1967 1183 παιδὶ,

324 1198 499 1275 Ὀρῶν
569 1217 627 1253 σε
698 1194 893 1272 κομιδῆ
952 1198 1052 1265 τὴν
1109 1197 1322 1265 ἡλικίαν
1403 1198 1779 1269 ἆτελεστατον,
1843 1198 1969 1279 ἔφη,

321 1288 607 1361 θαυμάζειν
639 1286 755 1367 ἔχω
783 1292 897 1349 πῶς
942 1308 1071 1343 ποτε
1102 1286 1239 1343 οὕτω
1268 1295 1433 1345 ταῦτα
1490 1292 1578 1345 καὶ
1634 1290 1778 1367 παρὰ
1833 1291 1972 1353 τίνος

326 1376 676 1451 ἐξεπονήθης,
739 1376 772 1432 ἂ
829 1376 984 1450 μόλις
1043 1376 1230 1434 πολλοὶ
1274 1379 1359 1434 καὶ
1417 1379 1598 1457 χρόνῳ
1654 1368 1843 1457 μακρῷ
1884 1382 1975 1437 καὶ

329 1468 484 1539 πόνῳ
540 1465 726 1540 πολλῷ
780 1470 999 1522 κτᾶσθαι
1055 1468 1376 1544 πεφύκαμιν.
1430 1466 1547 1548 Ἐφ’
1599 1470 1689 1533 οῖς
1720 1470 1971 1548 εὐκαίρως

325 1560 355 1613 6
388 1568 523 1621 παῖς
558 1556 874 1633 ἀπεκρίνατο
907 1575 923 1591 ·
978 1554 1040 1613 Ὀ
1093 1557 1284 1635 Σωτὴρ
1331 1559 1486 1633 ἡμῶν
1544 1558 1639 1615 καὶ
1694 1560 1972 1626 Δεσπότης

325 1647 421 1702 καὶ
478 1646 665 1724 Κύριος
725 1645 933 1712 Ἰησοῦς
997 1647 1224 1722 Χριστὸς
1284 1646 1440 1711 αὒτός
1494 1648 1635 1705 ἐστιν
1692 1649 1919 1728 εἰρηκώς
1953 1669 1968 1686 ο

335 1759 365 1790 α
398 1734 580 1792 ’Ὅταν
609 1735 692 1791 ἐπὶ
737 1734 980 1812 βασιλεῖς
1009 1735 1214 1813 ἀχθῆτε
1238 1738 1333 1791 καί
1388 1737 1682 1814 ἡγεμόνας,
1743 1740 1820 1813 μὴ
1880 1760 1974 1814 με·

326 1827 628 1905 ριμνήσητε
655 1824 706 1880 τί
734 1824 998 1894 λαλήσετε
1034 1843 1048 1857 ·
1081 1823 1357 1894 δοθήσεται
1388 1826 1488 1904 γάρ
1550 1829 1677 1902 ὑμῖν
1710 1828 1765 1883 ἐν
1796 1828 1971 1905 ἐκείνῃ

324 1916 396 1990 τῇ
440 1912 552 1989 ὥρᾳ
593 1914 642 1968 τί
672 1911 954 1983 λαλήσέτε.
996 1935 1019 1969 ι)
1083 1919 1188 1971 Νῦν
1243 1916 1328 1970 οὖν
1387 1920 1482 1974 οὐκ
1529 1915 1632 1991 ἐμὰ
1661 1924 1824 1974 ταῦτα
1854 1915 1969 1973 οὒδὲ

324 2003 661 2080 ἀνθρωπίνης
719 2003 904 2081 σοφίας
965 2004 1013 2056 οἱ
1079 2000 1278 2080 λόγοι·
1341 2002 1458 2060 ἀλλ’
1511 2007 1542 2073 ἡ
1600 2006 1696 2079 μέν
1753 2005 1968 2082 γλῶττα

322 2094 540 2157 πάντως
593 2093 726 2172 ὶμὴ,
791 2098 922 2148 Θεοῦ
978 2090 1035 2147 δὲ
1085 2093 1152 2147 τὰ
1197 2093 1409 2170 ῥήματα
1460 2094 1725 2175 ἄντικρυς.
1789 2099 1895 2155 Καὶ
1942 2099 1969 2152 6

324 2182 605 2261 δικαστὴς,
638 2180 818 2259 ὥσπερ
847 2186 945 2247 τῆς
979 2183 1182 2259 μητρὸς
1214 2182 1475 2260 ἀπογνοὺς
1514 2184 1606 2241 καί
1662 2192 1756 2242 τοῦ
1814 2186 1970 2264 πρώ-

322 2294 420 2331 του
475 2279 581 2329 τῶν
634 2271 855 2349 παίδων,
892 2269 975 2326 ἐπὶ
1005 2271 1124 2335 τοὺς
1158 2269 1348 2336 ἅλλους
1379 2274 1478 2341 τὴν
1536 2272 1807 2352 διάπειραν
1867 2297 1971 2352 με-

321 2361 567 2441 ταιρέρει,
640 2359 1011 2438 ἆτελεστέρους
1083 2358 1159 2416 ἔτι
1247 2364 1347 2428 τὴν
1410 2363 1616 2430 ἡλικίαν
1690 2364 1826 2442 δρῶν
1884 2365 1970 2420 καὶ

324 2452 493 2528 ταύτῃ
551 2449 617 2518 δὴ
660 2450 756 2506 καί
818 2448 1163 2527 παραπείσειν
1213 2451 1477 2524 οἰόμενος.
1528 2454 1677 2511 Ἐπεὶ
1732 2453 1786 2510 δὲ
1838 2456 1970 2533 πρὸς

322 2545 427 2610 τὴν
481 2545 672 2619 εὖγε-μῆ
729 2540 870 2617 ῥίζαν
928 2537 1073 2596 οὐδέν
1130 2543 1178 2596 οἱ
1254 2540 1435 2599 κλάδοι
1510 2543 1970 2619 παραλλάττοντες

322 2631 603 2711 ὤφθησαν,
650 2628 771 2686 ἀλλ’
815 2627 1107 2685 ἐδείκνυντο
1136 2631 1224 2686 καὶ
1254 2630 1380 2694 ταῖς
1421 2631 1661 2709 γνώμαις
1706 2637 1753 2690 οἱ
1784 2632 1973 2699 παῖδες

323 2726 429 2788 τῆς
474 2719 573 2795 μέν
615 2719 796 2799 τέκνα,
829 2716 1004 2775 τοῦδέ
1054 2717 1293 2798 ἀδελφοὶ,
1338 2720 1496 2778 πάλιν
1541 2725 1670 2800 πρὸς
1702 2725 1799 2791 τὴν
1857 2747 1974 2799 μη-

326 2810 456 2886 τέρα
512 2809 600 2865 καὶ
656 2809 749 2865 τὸν
796 2814 1007 2885 πρῶτον
1080 2812 1187 2863 τῶν
1245 2807 1583 2890 αὖταδέλφων
1634 2825 1967 2891 μεταχωρεῖ,

333 2898 752 2976 Ἐπιστράφητε,
800 2895 998 2972 λέγων,
1059 2898 1190 2974 πρὸς
1253 2898 1319 2952 τὰ
1376 2897 1604 2973 ὑμέτερα
1657 2901 1968 2981 σπλάγχνα,

338 2989 585 3065 φείσασθε
623 2993 724 3043 τῶν
757 2986 963 3053 νηπίων
1000 2992 1105 3042 τῶν
1155 2985 1401 3066 ἁπαλῶν,
1433 2989 1538 3045 τῶν
1602 2988 1788 3066 ἀώρων
1815 3005 1828 3021 ⁸
1891 2991 1969 3065 μὴ

345 3074 603 3153 περιίδητε
630 3077 750 3134 κατ’
782 3075 1080 3156 ὀφθαλμούς
1111 3077 1258 3149 ὑμῶν
1288 3084 1467 3143 κακῶς
1499 3078 1861 3155 ἀπολλύμενα.

419 3164 543 3231 AB’.
589 3165 770 3223 Πολλὰ
825 3175 1041 3225 τοιαῦτα
1085 3167 1270 3246 εἷπὼν,
1314 3167 1428 3224 ἐπεὶ
1479 3176 1598 3231 τούς
1664 3169 1852 3249 λόγους
1897 3174 1968 3237 εἷς

328 3257 459 3334 ἀέρα
507 3259 621 3325 εἰκῆ
684 3256 978 3337 χεομένους
1037 3257 1199 3335 ἑώρα,
1254 3258 1346 3314 τὸν
1390 3257 1560 3315 παῖδα
1599 3260 1799 3318 κελεύει
1849 3262 1970 3319 κατ’

2055 570 2368 632 hominum
2423 570 2716 652 supplicia
2769 589 3145 654 nequaquam
3196 570 3698 655 pertimescimus,

2053 678 2186 740 quae
2198 661 2434 740 corpori
2452 661 2696 742 quidem
2720 660 3481 743 incorruptionem,animae
3503 669 3700 724 autem

2053 749 2246 830 potius
2299 750 2813 813 immortalitatem
2877 752 3075 814 solent
3104 751 3454 826 conciliare,
3491 750 3598 816 sed
3627 750 3702 813 iis

2058 856 2266 920 parum
2307 839 2476 901 abest
2506 840 2642 921 quin
2676 840 3078 923 dicam,aeque
3105 860 3175 905 ac
3202 842 3475 905 convivio
3504 841 3703 905 delec-

2057 938 2276 991 tamur.
2330 929 2517 991 Deum
2576 948 2716 992 vero
2775 931 2969 1013 potius
3022 931 3329 1010 timemus,
3375 933 3473 1014 qui
3509 938 3702 1014 potest

2056 1018 2314 1080 animam
2351 1026 2409 1082 et
2439 1039 2658 1102 corpus
2690 1022 2899 1102 punire
2946 1021 3010 1084 in
3041 1023 3339 1102 gehenna.
3376 1022 3702 1085 Proconsul

2056 1118 2251 1171 autem
2278 1110 2469 1193 oculis
2501 1110 2561 1171 in
2596 1129 2846 1190 puerum
2900 1113 3192 1193 conjectis
3223 1130 3237 1175 :
3291 1115 3437 1176 Cum
3468 1112 3699 1174 videam

2057 1208 2141 1271 te,
2177 1199 2397 1280 inquit,
2446 1206 2617 1263 aetate
2664 1201 2984 1263 admodum
3039 1202 3478 1282 imperfectum,
3514 1200 3704 1264 miror

2056 1289 2358 1366 quomodo
2390 1299 2448 1350 et
2477 1309 2510 1351 a
2542 1309 2658 1371 quo
2682 1291 2809 1352 haec
2830 1291 2914 1352 sic
2948 1290 3373 1373 didicisti,quze
3402 1291 3497 1353 vix
3530 1291 3703 1354 multi

2057 1387 2117 1439 et
2147 1379 2322 1457 longo
2356 1379 2625 1460 temp‘ore
2656 1391 2713 1440 et
2760 1380 2965 1442 labore
3024 1388 3160 1442 sunt
3187 1386 3517 1442 consecuti.
3550 1378 3701 1453 Qui-

2058 1469 2169 1530 bus
2202 1486 2349 1547 puer
2394 1478 2727 1549 opportune
2775 1469 3084 1550 respondit
3120 1491 3134 1533 :
3188 1469 3470 1532 Servator
3499 1477 3704 1533 noster

2057 1566 2114 1618 et
2172 1555 2464 1618 Dominus
2512 1556 2687 1620 Jesus
2744 1555 3037 1639 Christus,
3075 1552 3206 1638 ipse'
3254 1565 3345 1619 est
3375 1557 3476 1639 qui
3505 1557 3697 1623 dixit:

2063 1670 2085 1702 ι
2121 1646 2370 1719 Quando
2404 1646 2706 1709 ducemini
2743 1647 2815 1708 ad
2868 1665 3043 1725 reges
3087 1654 3146 1710 et
3176 1647 3484 1729 praesides,
3517 1647 3703 1710 nolite

2055 1736 2314 1813 cogitare
2344 1735 2485 1817 quid
2538 1735 2892 1814 loquamini.
2952 1735 3203 1798 Dabitur
3248 1738 3407 1798 enim
3443 1736 3608 1799 vobis
3637 1736 3702 1799 in

2054 1824 2154 1886 illa
2187 1826 2332 1887 hora
2359 1825 2501 1906 quid
2534 1825 2861 1906 loquamini
2890 1829 2943 1889 5.
2983 1850 3007 1885 »
3048 1825 3219 1888 Nunc
3251 1844 3392 1906 ergo
3414 1834 3551 1889 sunt
3575 1827 3705 1889 haec

2056 1933 2174 1975 non
2210 1933 2366 1987 mea,
2429 1934 2628 1992 neque
2685 1915 2961 1977 humana;
3020 1915 3326 1996 sapientiae
3353 1916 3557 1992 verba,
3593 1915 3702 1978 sed

2054 2005 2300 2065 omnino
2332 2005 2570 2086 quidem
2604 2023 2736 2066 mea
2766 2014 2855 2067 est
2877 2005 3102 2084 lingua,
3127 2011 3334 2087 aperte
3362 2016 3562 2066 autem
3593 2003 3703 2068 Dei

2054 2102 2193 2156 sunt
2225 2093 2426 2157 verba.
2459 2093 2651 2157 Judex
2682 2113 2844 2175 vero,
2875 2094 3064 2157 veluti
3091 2094 3165 2157 de
3190 2101 3377 2156 matre
3407 2112 3575 2176 spem
3598 2093 3701 2155 ab-

2048 2183 2291 2263 jiciens,
2322 2192 2381 2246 et
2410 2184 2486 2245 de
2514 2185 2706 2266 primo
2739 2185 2870 2264 ejus
2894 2185 3113 2265 ﬁlio,se
3142 2183 3422 2246 transfert
3455 2182 3529 2245 ad
3549 2182 3699 2246 alios

2058 2274 2394 2356 tentandos,
2431 2293 2534 2337 eos
2560 2275 2771 2337 videns
2814 2283 2985 2337 aetate
3038 2292 3171 2336 esse
3203 2272 3697 2355 imperfectiores,

2058 2373 2270 2444 putans
2302 2364 2452 2441 fore,
2488 2373 2553 2427 ut
2601 2383 2705 2427 eos
2753 2365 2828 2428 ad
2878 2383 3045 2428 suam
3076 2364 3425 2428 traduceret
3449 2372 3697 2426 senten-

2055 2454 2217 2518 tiam.
2253 2456 2573 2536 Postquam
2627 2463 2824 2516 autem
2860 2455 2968 2518 visi
3032 2465 3171 2517 sunt
3198 2453 3349 2516 rami
3383 2452 3533 2516 nihil
3577 2452 3701 2515 dif-

2055 2543 2214 2606 ferre
2266 2563 2300 2606 a
2354 2562 2650 2624 generosa
2703 2545 2929 2619 radice,
2966 2544 3070 2607 sed
3106 2542 3500 2607 ostenderunt
3530 2544 3702 2624 pueri

2057 2651 2122 2696 se
2152 2633 2311 2696 illius
2341 2634 2581 2716 quidem
2643 2633 2821 2709 ﬁlios,
2874 2634 3055 2715 hujus
3105 2652 3245 2696 vero
3298 2650 3431 2696 esse
3460 2633 3700 2707 fratres,

2056 2741 2121 2785 se
2152 2741 2361 2786 rursus
2411 2724 2699 2786 transfert
2744 2724 2820 2785 ad
2879 2735 3156 2799 matrem,
3219 2732 3278 2786 et
3322 2722 3511 2785 filium
3569 2724 3702 2804 ejus

2059 2814 2520 2891 primogenitum
2557 2831 2571 2874 :
2636 2813 3087 2888 Convertimini,
3123 2813 3360 2888 dicens,
3394 2812 3465 2874 ad
3498 2819 3702 2875 vestra

2054 2901 2305 2965 viseera.
2369 2900 2601 2965 Parcite
2670 2902 2896 2965 teneris
2955 2902 3286 2964 infantibus
3341 2902 3701 2964 immaturis.

2055 2989 2249 3053 Nolite
2301 2992 2503 3055 videre
2555 3010 2657 3054 eos
2717 3000 2852 3053 ante
2902 3001 3132 3054 vestros
3159 2993 3365 3054 oculos
3402 2989 3554 3052 male
3585 3007 3697 3072 pe-

2050 3091 2315 3145 reuntes.

2134 3170 2372 3235 XXXII.
2408 3174 2554 3236 Cum
2588 3173 2777 3235 multa
2806 3173 3102 3254 ejusmodi
3127 3171 3394 3245 dixisset,
3423 3178 3482 3233 et
3510 3168 3700 3232 vidis-

2054 3270 2143 3323 set
2174 3262 2357 3324 verba
2391 3271 2618 3327 temere
2644 3263 2813 3325 fundi
2836 3264 2897 3325 in
2930 3260 3326 3343 aerem,jubet
3348 3259 3536 3322 ﬁlium
3566 3266 3704 3322 ante

324 3347 456 3424 ὄψιν
506 3355 611 3404 τῶν
656 3351 930 3424 μητρικῶν
990 3344 1275 3425 ὀφθαλμῶν
1319 3346 1562 3414 ἆνηλεὼς
1619 3348 1964 3427 ῥαϐδίζεσθαι.

2058 3352 2263 3414 oculos
2296 3353 2504 3414 matris
2534 3354 2863 3415 crudeliter
2883 3352 3032 3417 caedi
3061 3353 3262 3431 virgis.
3297 3349 3465 3424 Quod
3493 3347 3704 3412 videns

324 3439 394 3495 Ἦ
452 3435 507 3493 δὲ
564 3437 776 3515 γενναία
808 3436 991 3513 μήτηρ
1020 3437 1194 3514 ὁρῶσα
1226 3439 1329 3516 οὐχ
1376 3436 1524 3501 ὅπως
1580 3439 1723 3499 οὐδὲν
1756 3441 1971 3520 ἆγεννες

320 3528 361 3596 ἢ
423 3527 678 3584 πέπονθεν
710 3526 746 3594 ἢ
783 3524 1087 3605 ἐφθέγξατο,
1134 3522 1253 3581 ἀλλ’
1297 3526 1476 3606 ὣσπερ
1523 3528 1816 3603 ἐνηδομένη
1850 3545 1972 3595 ταῖς

322 3624 418 3674 τοῦ
475 3614 727 3680 φιλτάτου
759 3614 1023 3694 πληγαῖς,
1059 3612 1247 3693 φαιδρὰ
1289 3618 1580 3694 παρίστατο
1630 3632 1749 3683 τοῖς
1783 3620 1974 3697 ὀφθαλ-

323 3718 456 3782 μοῖς
490 3702 798 3762 διανεύουσα
828 3712 904 3778 τῷ
935 3706 1206 3785 σχήματι,
1241 3712 1568 3784 παρορμῶσα
1598 3722 1715 3773 τοῖς
1761 3708 1970 3791 λόγοις,

322 3794 733 3873 παρακαλοῦσα,
798 3796 885 3862 Μὴ
940 3795 1238 3871 ὒποπέσῃς,
1300 3793 1552 3871 λέγουσα,
1610 3810 1737 3853 παῖ·
1792 3800 1970 3880 στῆθι,

329 3888 544 3959 τέκνον,
589 3884 842 3963 γενναίως
889 3883 1100 3961 μικρὸν,
1150 3884 1274 3940 ὅσοι
1325 3886 1413 3941 καὶ
1456 3887 1550 3951 τὰς
1603 3883 1687 3942 διὰ
1745 3891 1972 3967 Χριστὸν

324 3978 521 4036 ταύτας
579 3974 794 4053 πληγὰς
826 3975 975 4049 τιμαὶ
1005 3974 1091 4030 καὶ
1121 3973 1370 4052 στέφανοι
1431 3972 1770 4041 διαδέξονται.
1833 3980 1971 4036 Τού-

326 4088 442 4128 τοις
490 4065 575 4120 καὶ
633 4063 867 4140 μάλιστα
939 4064 1029 4119 τὸν
1078 4065 1239 4137 θυμὸν
1316 4066 1343 4119 6
1398 4065 1655 4128 ὑπατικὸς
1704 4066 1972 4132 ἐκκαυθεὶς

325 4156 539 4234 πονηρὰ
568 4153 870 4231 βουλεύεται
901 4166 1022 4215 ταῖς
1052 4160 1146 4209 τοῦ
1199 4160 1435 4233 πονηροῦ
1493 4152 1739 4227 δαίμονος
1769 4159 1974 4229 ὑποθήι-

324 4267 474 4309 καις,
528 4241 701 4322 Ἀνδρὶ
749 4244 849 4321 γὰρ
902 4242 1123 4319 ἀσελγεῖ
1180 4245 1265 4300 καὶ
1314 4245 1446 4321 πρὸς
1492 4244 1691 4321 ἔρωτας
1750 4247 1976 4327 ἀκρατεῖ

324 4337 428 4399 τὴν
487 4334 819 4405 σεμνοτάτην
876 4329 1167 4393 ἐκδίδωσιν.
1200 4330 1354 4389 Ἀλλ’
1390 4338 1482 4391 οὐκ
1514 4334 1703 4409 ἔμελλε
1760 4339 1976 4417 χαιρή-

324 4446 440 4480 σειν
495 4425 522 4479 6
578 4420 846 4501 ὑϐριστής.
907 4421 997 4488 Ὠς
1054 4424 1154 4501 γὰρ
1213 4421 1275 4490 δὴ
1330 4425 1416 4479 καὶ
1474 4426 1636 4498 μόνον
1698 4428 1727 4482 6
1786 4430 1973 4506 μιαρὸς

322 4514 340 4540 ³
351 4514 586 4591 Υρτακὸς
638 4511 839 4589 ἥψατο,
885 4519 1039 4570 τοῦτο
1099 4513 1198 4591 γὰρ
1257 4511 1528 4590 ἐκαλεῖτο,
1564 4516 1745 4572 αὐτίκα
1802 4515 1862 4572 τό
1917 4539 1974 4573 τε

324 4599 619 4673 πρόσωπον
646 4602 786 4660 ἅπαν
818 4601 1100 4666 ἠλλοιοῦτο
1148 4604 1236 4658 καὶ
1280 4607 1383 4657 τῶν
1428 4603 1584 4680 ῥινῶν
1614 4606 1759 4681 αἷμα
1804 4628 1975 4662 ποτα-

2055 3460 2347 3521 generosa
2378 3452 2589 3519 mater,
2626 3462 2744 3505 non
2799 3444 2980 3505 modo
3033 3441 3178 3504 nihil
3210 3440 3562 3504 indecorum
3604 3447 3704 3502 aut

2054 3532 2256 3610 gessit,
2290 3540 2390 3594 aut
2419 3542 2510 3594 est
2567 3534 2786 3608 locuta,
2825 3533 2930 3595 sed
2986 3533 3167 3594 etiam
3222 3530 3402 3593 veluti
3436 3527 3703 3609 gaudens

2057 3620 2244 3699 plagis
2267 3622 2603 3684 charissimi
2631 3623 2762 3695 filii,
2786 3622 3222 3702 astititalacris,
3251 3638 3524 3682 annuens
3549 3638 3700 3681 ocu-

2058 3711 2150 3783 lis,
2185 3720 2352 3790 gestu
2386 3711 2867 3785 incitans,verbis
2898 3712 3219 3773 adhortans
3257 3729 3271 3770 :
3303 3709 3388 3771 Ne
3417 3727 3702 3771 succum-

2057 3799 2184 3874 bas,
2222 3799 2452 3871 dicens,
2491 3820 2524 3861 o
2553 3802 2634 3862 ﬁli
2663 3820 2679 3876 ;
2712 3811 2808 3863 sta
2837 3802 3096 3875 fortiter,
3129 3808 3285 3862 nate.
3313 3800 3434 3861 Has
3460 3805 3706 3879 propter

2055 3887 2356 3951 Christum
2390 3890 2590 3970 plagas
2621 3891 2883 3952 honores
2913 3900 2972 3953 et
2996 3907 3234 3951 coronae
3256 3887 3577 3969 excipient.
3599 3884 3706 3949 His

2060 3977 2378 4057 proconsul
2441 3979 2529 4039 vel
2586 3981 2785 4041 animo
2820 3979 3082 4040 maxime
3112 3979 3422 4057 incensus,
3458 3975 3702 4056 maligni

2059 4067 2348 4129 daemonis
2396 4068 2775 4147 suggestione
2804 4068 3142 4148 improbum
3176 4067 3336 4148 capit
3363 4065 3702 4140 consilium,

2060 4156 2183 4218 viro
2216 4156 2375 4219 enim
2410 4158 2695 4239 petulanti
2720 4166 2779 4219 et
2807 4157 2879 4219 ad
2908 4175 3146 4219 amores
3174 4155 3706 4217 incontinentitra-

2059 4246 2145 4307 dit
2170 4247 2323 4309 hanc
2346 4247 2659 4310 mulierem
2681 4248 2741 4308 in
2769 4248 2974 4328 primis
2997 4243 3552 4308 venerandam.Sed
3584 4261 3704 4304 non

2061 4346 2189 4399 erat
2220 4337 2533 4401 insolentis
2577 4339 2834 4401 hominis
2883 4338 3146 4400 futurum
3179 4337 3522 4398 diuturnum
3553 4350 3703 4413 gau-

2059 4427 2405 4491 dium.Nam
2432 4436 2742 4508 postquam
2770 4447 2898 4490 eam
2937 4427 3028 4489 vel
3053 4426 3244 4490 solum
3268 4424 3460 4503 attigit
3487 4422 3703 4503 Hyrta-

2060 4535 2167 4579 cus
2195 4517 2302 4597 (ita
2332 4517 2491 4579 enim
2527 4517 3064 4600 vocabatur),totus
3087 4517 3285 4578 vultus
3316 4513 3585 4596 protinus
3614 4519 3707 4573 est

2063 4615 2342 4687 mutatus,
2377 4614 2436 4669 et
2492 4626 2603 4670 nec
2661 4625 3015 4670 concessum
3065 4606 3306 4686 quidem
3367 4610 3456 4665 est
3484 4602 3707 4664 intueri

326 4691 503 4769 μηδόν
555 4693 790 4772 ἆπέῤῥει,
856 4692 953 4748 καῖ
1022 4690 1139 4748 οὐδὲ
1197 4692 1378 4769 ἐνορᾷν
1433 4698 1501 4769 τῇ
1558 4695 1778 4774 μάρτυρι
1826 4695 1973 4759 δέους

2062 4705 2379 4776 martyrem
2400 4696 2533 4759 sine
2564 4700 2795 4759 timore.
2836 4698 3039 4778 Itaque
3071 4713 3283 4775 magna
3309 4711 3454 4755 voce
3482 4691 3705 4754 clama-

324 4781 453 4839 ἄνευ
503 4784 893 4863 συνεχωρεῖτο,
928 4784 1090 4857 Φωνῇ
1121 4789 1397 4860 τοιγαροῦν
1429 4782 1642 4861 μεγάλῃ
1696 4787 1827 4862 πρὸς
1884 4787 1974 4843 τὸν

321 4872 583 4929 ὑπατικόν
630 4872 943 4952 ἀνέκραγεν,
994 4872 1105 4945 ἅμα
1152 4870 1325 4950 λέγων
1368 4872 1465 4939 τὴν
1512 4886 1677 4953 χεῖρα
1719 4880 1788 4950 τῇ
1838 4883 1973 4933 Θεο-

324 4960 459 5037 δότῇ
518 4959 796 5018 ἐπιϐαλεῖν
855 4963 942 5018 καὶ
1020 4961 1135 5017 νέον
1191 4962 1308 5017 τινὰ
1366 4959 1498 5017 ἶδεῖν
1570 4965 1806 5041 εὐπρεπῆ
1878 4967 1976 5033 τὴν

321 5050 476 5126 θέαν,
539 5054 779 5131 εὐπρεπῆ
837 5050 936 5120 τήν
983 5051 1204 5123 στολὴν,
1267 5058 1692 5131 συμπαρεστῶτα
1724 5059 1790 5130 τῇ
1849 5061 1975 5111 Θεο-

321 5139 483 5217 δότῃ,
515 5142 575 5205 ’ὂς
605 5143 764 5198 αὗτὸν
795 5142 881 5198 καὶ
911 5141 1046 5199 κατὰ
1104 5140 1298 5219 adﬁgi“
1348 5141 1541 5207 πὰίσας
1599 5142 1720 5205 τούς
1750 5164 1808 5199 τε
1866 5166 1973 5219 μυ-

321 5236 531 5309 κτῆρας
599 5232 876 5308 συνέτριψε
925 5232 1013 5287 καὶ
1069 5233 1130 5286 τὸ
1183 5229 1468 5309 καταῤῥέον
1542 5236 1679 5307 αἷμα
1736 5232 1821 5289 διὰ
1869 5241 1973 5291 τῶν

319 5322 480 5400 ῥινῶν
539 5321 784 5402 φέρεσθαι
842 5320 1255 5397 παρεσκεύασεν.
1319 5319 1472 5377 Ἀλλ’
1524 5325 1551 5378 6
1611 5322 1808 5401 τυφλὸς
1867 5325 1972 5404 οὔχ

318 5410 488 5491 ἑώρα,
542 5416 630 5469 καὶ
689 5413 717 5467 6
786 5411 1032 5475 ἀσύνετος
1077 5412 1335 5474 ὑπατικὸς
1388 5412 1450 5467 ού
1506 5413 1690 5493 συνίει,
1750 5410 1859 5472 οὐδ’
1929 5415 1971 5469 εἰ

317 5501 401 5576 μή
456 5523 505 5556 τι
537 5501 675 5557 ἄλλο
704 5501 767 5555 τὸ
797 5501 1014 5579 ἐναργὲς
1074 5496 1356 5570 ηὐλαϐήθη
1413 5510 1507 5561 “tot”;
1560 5503 1823 5584 θαύματος
1885 5505 1972 5559 καὶ

400 5691 433 5745 5
459 5689 674 5765 Matth.
703 5703 766 5766 ι,
800 5686 895 5773 18,
933 5687 1030 5761 19,

2060 4784 2140 4845 vit
2170 4786 2241 4845 ad
2274 4786 2719 4864 proconsulem,
2748 4785 2957 4848 dicens
3011 4804 3076 4848 se
3110 4804 3245 4847 cum
3281 4783 3538 4864 primum
3573 4797 3705 4841 ma-

2060 4892 2200 4935 num
2237 4874 2443 4953 injecit
2475 4876 2534 4936 in
2552 4873 3177 4956 Theodotem,vidisse
3193 4871 3509 4955 quemdam
3541 4870 3707 4950 juve-

2058 4981 2219 5040 nem,
2253 4965 2416 5026 vultu
2447 4965 2775 5025 formosum
2834 4973 2892 5026 et
2948 4964 3154 5028 habitu
3185 4963 3493 5038 decorum,
3525 4959 3706 5021 simul

2057 5053 2270 5116 adesse
2291 5073 2425 5116 cum
2475 5052 2807 5129 Theodote,
2844 5055 2951 5132 qui
2982 5055 3038 5117 ei
3067 5056 3308 5116 incusso
3339 5050 3616 5131 colapho,
3650 5056 3711 5110 et

2059 5161 2236 5205 nares
2264 5145 2562 5224 contrivit,
2586 5154 2642 5206 et
2666 5153 2728 5206 ut
2752 5162 2858 5224 per
2880 5160 2981 5206 eas
3011 5143 3252 5224 sanguis
3286 5145 3577 5212 maneret,
3615 5137 3708 5200 ef-

2059 5233 2222 5295 fecit.
2259 5234 2375 5296 Sed
2401 5254 2520 5296 non
2553 5233 2791 5296 videbat
2821 5242 3106 5311 caecus,et
3134 5232 3348 5295 stultus
3381 5227 3703 5310 proconsul

2055 5323 2300 5383 minime
2331 5323 2723 5404 intelligebat,
2755 5332 2815 5388 et
2840 5323 3116 5406 neque,si
3149 5321 3297 5385 nihil
3322 5318 3483 5382 aliud
3517 5317 3710 5378 mira-

2054 5412 2171 5472 culi
2229 5414 2527 5475 reveritus
2584 5414 2694 5476 fuit
2755 5412 3142 5494 evidentiam,
3203 5409 3429 5474 destitit
3487 5406 3707 5468 adver-

2058 5518 2162 5563 sus
2203 5519 2334 5563 eam
2379 5503 2768 5569 contendere.
2803 5502 2922 5566 Sed
2955 5522 3091 5569 cum
3152 5520 3282 5569 eam
3334 5512 3545 5568 rursus
3572 5495 3708 5567 sisti
