4148 6408
283 350 404 419 605

1142 356 1611 420 MARTYRIUM
1658 352 1721 417 S.
1768 352 2214 419 ANASTASlAﬁ
2276 356 2373 418 ΕΤ
2417 355 2823 418 SOCIARUM.

3551 350 3670 423 606

283 489 443 557 δόξαν
496 488 837 569 θηρώμενος,
910 492 1001 549 τὸν
1074 491 1232 570 λόγον
1304 492 1568 572 ἁρπάσας,
1628 490 1805 554 Ἀλλὰ
1858 491 1942 566 σὺ,

2029 488 2179 551 riam
2210 489 2496 553 acutioris
2525 488 3081 571 ingenii,arripiens
3112 488 3171 551 id
3205 487 3360 571 quod
3390 487 3619 551 dixerat
3650 505 3665 551 :

286 580 502 661 ἐπειδὴ,
561 578 689 662 ἔφη,
728 583 827 649 τὴν
884 582 1083 661 πίστιν,
1129 584 1204 645 ὡς
1244 581 1461 663 λέγεις,
1492 581 1768 660 πλουτεῖς,
1824 594 1944 644 τοῖς

286 669 471 751 ὄρεσιν
540 671 657 727 εἰπὲ
731 671 901 749 λόγῳ.
966 670 1257 750 Μετάϐηθι,
1328 674 1417 729 καὶ
1473 672 1516 727 εὶ
1585 671 1942 745 μεταϐήσεται

282 761 433 818 κατά
491 782 550 837 γε
610 760 674 817 τὰ
736 759 1110 838 ἐπηγγελμέναι
1160 783 1241 817 σοι
1299 762 1441 840 παρὰ
1497 768 1590 817 τοῦ
1632 758 1945 819 διδασκάλου

284 856 389 906 τοῦ
443 856 557 923 σοῦ,
604 851 694 907 καὶ
762 851 1108 924 πιστούομεν.
1170 842 1231 907 Ἠ
1292 849 1347 907 δὲ
1433 849 1770 927 (πεπαίδευτο
1843 849 1943 927 γὰρ

280 938 541 1016 ἱκανῶς),
570 939 681 998 Καί
719 946 882 995 ταῦτα
912 940 1030 1019 μὲν,
1067 939 1270 1020 ἔλεγεν,
1302 942 1337 1008 ἡ
1390 941 1564 1003 πίστις
1600 938 1629 1005 ἦ
1683 938 1937 1017 ἡμετέρα,

280 1027 488 1107 θάρρει,
537 1028 628 1085 καί
681 1028 747 1085 τὰ
790 1026 973 1101 πολλῷ
1018 1029 1212 1085 τούτων
1246 1031 1291 1085 εἷ
1333 1029 1507 1107 λέγεις
1552 1032 1790 1103 μείζονα,
1846 1028 1942 1086 Καὶ

283 1125 612 1194 μαρτυροῦσι
667 1122 866 1184 Μωσῆς
921 1118 1019 1192 μὲν
1049 1120 1144 1175 οὒκ
1190 1121 1245 1174 ὲν
1286 1124 1356 1197 γῇ
1400 1120 1564 1194 μόνον
1605 1122 1939 1195 θαυματουρ-

282 1212 425 1283 γῶν,
488 1204 627 1263 ἀλλὰ
681 1207 769 1262 καὶ
825 1205 1088 1283 ϐάλασσρν
1141 1204 1379 1286 διαιρῶν,
1437 1209 1525 1264 καὶ
1595 1208 1740 1270 αὖθις
1808 1229 1938 1264 συν·-

282 1298 479 1353 ἁπτων
566 1297 656 1352 τὸν
727 1294 782 1351 δέ
851 1294 980 1372 ὑπέρ
1036 1298 1179 1372 ἡμᾶς
1250 1297 1403 1366 ἣλιον
1464 1297 1668 1363 Ἰησοῦς
1751 1299 1933 1371 ἱστῶν,

282 1385 389 1443 καί
433 1385 620 1450 Ἠλίας
676 1384 832 1441 αὐτὸν
879 1384 1005 1443 ὅλον
1060 1385 1251 1443 κλείων
1294 1388 1386 1443 τὸν
1436 1386 1675 1460 ούρανον,
1708 1385 1800 1443 ἵνα
1859 1387 1938 1462 μὴ

285 1476 415 1538 τοὺς
461 1475 554 1532 τοῦ
597 1481 823 1552 Πριστοῦ
867 1497 968 1549 μου
1011 1479 1249 1548 μαθητας
1292 1475 1458 1554 λέγω,
1504 1479 1580 1532 ὧν
1624 1478 1708 1533 καὶ
1754 1476 1937 1551 ἱμάτια

287 1566 380 1621 καὶ
412 1567 556 1620 σκιαὶ
611 1566 770 1638 μόναι
801 1565 1012 1640 νεκροὺς
1056 1565 1303 1639 ἀνίστων,
1337 1566 1425 1622 καὶ
1481 1566 1596 1627 τοὺς
1634 1563 1758 1643 παρ’
1814 1566 1943 1639 ὑμῖν

285 1656 448 1718 θεοὺς
505 1654 622 1719 τοὺς
655 1652 903 1728 δαίμονας
960 1652 1211 1726 ἤλαυνον,
1246 1656 1333 1712 καὶ
1388 1654 1484 1711 ὅσα
1538 1654 1657 1712 καθ’
1713 1656 1943 1721 ἑκάστην

285 1742 413 1802 κατ’
460 1746 582 1819 ὃψιν
616 1745 766 1819 ὑμῶν
814 1741 898 1799 διὰ
942 1750 1046 1800 τῶν
1076 1745 1501 1822 ὑπεραθλοόντων
1532 1752 1624 1802 τοῦ
1683 1746 1940 1820 ὀνόματος

2029 577 2105 640 At
2130 588 2190 641 tu
2221 580 2525 660 quoniam,
2563 579 2781 660 inquit,
2814 597 2880 640 es
2908 579 3061 641 ﬁdes
3091 578 3278 653 dives,
3313 576 3428 653 dic,
3453 576 3667 657 inquit,

2028 669 2205 731 verbo
2231 670 2417 731 monti
2451 688 2464 731 :
2501 669 2958 744 Transmovere,
2985 677 3040 731 et
3063 669 3114 730 si
3142 666 3670 746 transmoxebitur,

2028 761 2455 821 convenienter
2479 759 2715 840 iisquae
2745 769 2877 821 tuus
2901 757 3006 821 tibi
3032 756 3593 841 promisitMagister
3615 757 3666 829 8,

2028 849 2481 912 credemus.llla
2508 859 2705 911 autem
2741 850 2894 929 (erat
2921 849 3079 910 enim
3113 848 3258 910 satis
3283 846 3570 918 erudita):
3600 844 3674 907 Et

2026 937 2153 999 haec
2182 938 2446 1018 quidem,
2482 938 2696 1016 inquit,
2733 939 2913 1001 audet
2939 946 3138 1000 nostra
3169 938 3317 1000 ﬁdes
3346 946 3403 998 et
3432 955 3502 998 ea
3532 953 3671 1017 quae

2024 1036 2161 1089 sunt
2181 1027 2275 1090 his
2298 1028 2470 1107 longe
2498 1028 2890 1109 majora.Fert
2914 1046 3051 1089 vero
3069 1026 3214 1089 mihi
3235 1026 3666 1101 testimonium,

2025 1116 2216 1179 Moses
2246 1117 2512 1197 quidem,
2547 1137 2667 1180 non
2697 1120 2757 1179 in
2787 1126 2948 1181 terra
2981 1119 3174 1181 solum
3205 1116 3433 1179 faciens
3481 1117 3666 1177 mira-

2021 1209 2176 1281 cula,
2209 1206 2315 1269 sed
2344 1212 2521 1269 etiam
2556 1226 2722 1270 mare
2752 1208 3050 1284 dividens,
3092 1215 3151 1270 et
3170 1224 3377 1269 rursus
3405 1207 3663 1286 conjun-

2021 1314 2168 1375 gens
2188 1299 2259 1379 9;
2290 1297 2470 1360 Josue
2497 1307 2696 1361 autem
2729 1297 2948 1360 siStens
2978 1300 3192 1372 solem,
3233 1296 3335 1378 qui
3366 1307 3456 1357 est
3486 1312 3668 1375 supra

2022 1404 2132 1450 nos
2153 1386 2252 1462 40;
2284 1386 2353 1448 Et
2374 1387 2534 1449 Elias
2564 1387 2760 1468 ipsum
2788 1394 2975 1448 totum
3009 1387 3224 1449 coelum
3256 1385 3542 1447 claudens
3569 1385 3616 1427 ¹¹
3646 1406 3662 1462 ;

2025 1494 2102 1539 ne
2131 1477 2325 1539 dicam
2361 1477 2576 1539 Christi
2610 1479 2722 1538 mei
2770 1476 3120 1557 discipulos,
3154 1492 3406 1557 quorum
3440 1474 3528 1534 vel
3562 1491 3663 1535 ve-

2022 1576 2142 1629 stes
2163 1578 2222 1629 et
2256 1566 2482 1628 umbras
2512 1566 2652 1628 solae
2692 1575 2959 1628 mortuos
2989 1565 3357 1629 suscitabant
3387 1563 3444 1614 12
3474 1572 3534 1624 et
3562 1563 3667 1640 qui

2025 1668 2163 1719 sunt
2190 1657 2345 1735 apud
2381 1674 2489 1717 vos
2518 1656 2627 1730 dii,
2660 1660 2965 1718 daemones
2990 1655 3366 1736 expellebant
3400 1674 3414 1714 :
3449 1661 3509 1715 et
3537 1671 3668 1733 quae

2023 1747 2289 1827 quotidie
2307 1744 2475 1807 vobis
2493 1745 2832 1808 videntibus
2867 1746 3015 1807 ﬁunt
3046 1764 3151 1826 per
3180 1764 3284 1808 eos
3314 1744 3416 1826 qui
3448 1743 3666 1806 decer-

282 1832 502 1901 δηλαδὴ
537 1840 630 1889 τοῦ
678 1839 905 1913 χριστοῦ
932 1832 1154 1910 γίνεται·
1216 1836 1260 1890 εἷ
1315 1836 1401 1891 καὶ
1458 1834 1622 1909 μηδέν
1651 1836 1781 1910 ὑμῖν
1836 1842 1941 1890 τῶν

2028 1845 2147 1898 tant
2180 1856 2287 1916 pro
2319 1836 2563 1897 nomine
2583 1834 2822 1915 Christi,
2858 1835 3095 1898 etiamsi
3127 1835 3272 1896 nihil
3306 1850 3512 1895 eorum
3537 1849 3668 1912 quae

280 1925 584 2003 γινομένων
641 1925 714 1985 εἰς
772 1922 1003 1997 σύνεσιν,
1038 1922 1157 1979 ἀλλ’
1210 1923 1646 1986 ἐθελοκακοῦντες
1691 1922 1937 2004 τυφλώτ-

2022 1926 2192 2006 ﬁunt,
2225 1926 2493 1987 conferat
2521 1924 2692 1987 vobis
2722 1924 2794 1986 ad
2830 1922 3420 2003 intelligentiamsed
3452 1929 3668 2002 sponte

278 2035 434 2073 τετε.
492 2011 640 2080 Πλὴν
699 2014 802 2092 οὐχ
851 2011 977 2069 ὅταν
1027 2014 1154 2087 ὑμῖν
1212 2012 1364 2090 δοκῇ,
1399 2013 1518 2071 τότε
1570 2011 1634 2080 δὴ
1690 2015 1784 2070 καί
1843 2014 1939 2081 τὴν

2022 2024 2268 2097 propter
2297 2025 2550 2078 vestram
2586 2015 2878 2076 caacutitis
2908 2011 3341 2076 malitiam.Sed
3373 2030 3492 2074 non
3527 2029 3662 2073 cum

278 2105 429 2161 θείαν
488 2109 829 2180 Χριστιανοϊς
905 2101 1223 2169 ἐπικλητὲον
1264 2103 1507 2177 κδύναμιν
1561 2116 1675 2166 τοῖς
1746 2125 1936 2181 πειρα-

2021 2105 2188 2167 vobis
2217 2106 2406 2168 visum
2462 2106 2663 2178 fuerit,
2703 2113 2791 2166 est
2835 2104 3032 2165 divina
3062 2103 3246 2164 virtus
3275 2100 3604 2164 invocanda
3633 2119 3668 2161 a

281 2206 448 2257 στατς
517 2190 1002 2269 συναπαγομένοις.
1079 2193 1378 2270 Γέγραπται
1437 2194 1537 2272 γὰρ
1610 2196 1746 2264 ὑμᾶς
1817 2195 1937 2257 τοὺς

281 2283 547 2344 ἀπίστους
607 2283 695 2344 οὓς
759 2280 855 2357 μὲν
911 2294 1142 2356 σημεῖα,
1176 2283 1260 2347 οὒς
1316 2281 1371 2338 δὲ
1424 2285 1511 2341 καὶ
1555 2285 1741 2364 σοφίαν
1785 2284 1940 2355 ἐπιζη

276 2385 429 2444 τεῒν,
491 2372 639 2446 ἡμᾶς
698 2368 755 2426 δὲ
827 2371 1105 2448 κηρύττειν
1176 2372 1363 2450 Κύριον
1417 2372 1624 2440 Ἰησοῦν
1690 2375 1939 2453 Χριστὸν,

279 2464 375 2519 καὶ
437 2464 626 2517 τοῦτον
695 2459 1118 2537 ἐσταυρωμένον.
1209 2464 1305 2519 Καὶ
1376 2465 1403 2519 ὁ
1459 2462 1698 2543 ἔπαρχος
1756 2464 1939 2520 αὓτίκα

282 2558 379 2612 τὸν
450 2553 614 2633 λόγον
655 2550 958 2622 ὑπολαϐὼν,
1007 2554 1172 2612 Τοῦτό
1230 2577 1321 2634 με,
1370 2557 1521 2636 φησί,
1557 2557 1618 2613 τὸ
1664 2557 1934 2635 ἐσταυρῶ-

282 2650 405 2703 σθαι
445 2645 719 2722 ταράττει,
750 2649 863 2705 πῶς
917 2646 943 2699 ὁ
988 2645 1217 2720 Χριστός
1244 2665 1336 2701 σου
1393 2646 1546 2721 Θεὸς,
1579 2647 1653 2708 ὡς
1701 2648 1829 2727 φὴς,
1861 2648 1936 2704 ὢν

282 2738 512 2815 σταυρὸν
572 2733 793 2809 ὕπέστη,
826 2736 959 2810 πρὸς
1019 2734 1095 2791 ἔτι
1138 2732 1193 2790 δὲ
1236 2734 1332 2792 καί
1389 2737 1485 2804 τὴν
1513 2734 1740 2815 πλευρὰν
1786 2738 1936 2795 ἐκεν-

278 2828 452 2897 τήθη·
505 2824 668 2898 ὅσπερ
692 2822 790 2900 ἄρα
834 2825 956 2890 Ζεὺς
1015 2827 1043 2881 ὁ
1101 2825 1206 2881 τῶν
1261 2826 1536 2900 ἡμετέρων
1578 2829 1713 2883 θεῶν
1776 2828 1937 2906 μέγι-

285 2915 419 2980 στός
475 2936 533 2971 τε
564 2913 654 2971 καῖ
714 2913 913 2978 ὕπατος
971 2914 1065 2971 οὐκ
1110 2913 1258 2994 ἔχεις
1311 2916 1482 2971 εἰπεῖν
1512 2913 1593 2972 ὅτι
1650 2916 1933 2980 πέπονθεν,

2021 2194 2791 2276 Christianis,assentiendo
2821 2191 3543 2272 tentatoribus.Scriptum
3578 2198 3667 2252 est

2023 2287 2208 2363 enim,
2243 2305 2345 2348 vos
2378 2286 2652 2348 inﬁdeles
2686 2285 2892 2365 partim
2950 2283 3192 2364 quidem
3224 2283 3417 2361 signa,
3451 2283 3663 2362 partim

2023 2385 2223 2440 autem
2247 2392 2515 2459 quaerere
2537 2375 2912 2457 sapientiam:
2941 2393 3050 2435 nos
3066 2391 3204 2436 vero
3219 2371 3544 2454 praedicare
3557 2370 3664 2431 Do-

2025 2469 2252 2531 minum
2283 2466 2485 2531 Jesum
2510 2468 3099 2546 Christum,eumque
3131 2459 3639 2526 cruciﬁxumPra:

2019 2560 2208 2622 fectus
2228 2566 2451 2620 autem:
2473 2556 2945 2637 Hoc,inquit,me
2967 2551 3467 2633 conturbat,quod
3491 2550 3668 2613 fuerit
3718 2592 3722 2596 Α

2020 2646 2680 2720 cruciﬁxus.Quomodo
2703 2645 2978 2708 Christus
3011 2654 3171 2721 tuus,
3206 2642 3310 2724 qui
3343 2649 3454 2715 est,
3481 2641 3662 2702 utdi-

2022 2739 2130 2811 cis,
2165 2738 2347 2810 Deus,
2383 2755 2620 2799 crucem
2655 2735 2863 2810 subiit,
2890 2742 2946 2797 et
2966 2742 3253 2816 praterea
3272 2732 3382 2793 fuit
3414 2737 3667 2811 punctus

2021 2828 2081 2889 in
2104 2828 2287 2889 latere
2308 2826 2334 2886 ἲ
2357 2825 2523 2898 Quod
2551 2823 2794 2901 quidem
2815 2822 3155 2904 Jovem,qui
3178 2830 3265 2883 est
3288 2822 3534 2882 deorum
3560 2837 3668 2880 no-

2020 2924 2279 2979 strorum
2317 2915 2608 2977 maximus
2656 2923 2715 2975 et
2772 2931 3066 2993 summus,
3101 2928 3344 2992 passum
3377 2927 3511 2971 esse
3542 2926 3660 2969 non

290 3011 425 3066 Πῶς
471 3004 557 3059 οὖν
590 3004 663 3077 μὴ
719 3026 903 3079 τομον
959 3017 1277 3083 προσκυνεῖς
1331 3004 1534 3079 μᾶλλον
1590 3007 1679 3062 τὸν
1744 3005 1935 3063 ἐσταυ-

2021 3014 2190 3088 potes
2220 3006 2445 3067 dicere.
2476 3003 2788 3076 Quomodo
2812 3019 2952 3081 ergo
2976 3020 3094 3063 non
3117 3019 3251 3061 eum
3286 2999 3486 3080 potius
3509 2998 3660 3088 ado-

295 3091 535 3170 ρωμὲνον
562 3091 863 3160 διωσαμένη
900 3110 917 3167 ς
967 3095 1065 3152 Καὶ
1094 3095 1128 3160 ἡ
1164 3094 1384 3169 μάρτυς.
1453 3103 1543 3151 Οτι
1578 3096 1708 3171 πρὸς
1739 3095 1758 3117 ⁸⁸
1813 3097 1956 3177 μὲνν

2021 3086 2140 3172 ras,
2173 3095 2412 3176 repulso
2436 3090 2767 3155 cruciﬁxo?
2808 3092 3021 3172 Μαι-ψ·
3066 3098 3264 3151 autem
3292 3107 3305 3148 :
3340 3086 3659 3162 Quoniam,

286 3185 444 3254 εἷπε,
504 3183 595 3242 καὶ
659 3184 882 3246 θάνατος
941 3184 1203 3262 καύχημα
1258 3187 1349 3239 καὶ
1415 3186 1628 3262 Χριστῶ
1665 3187 1753 3241 καὶ
1813 3192 1937 3243 πᾶσι

2021 3187 2234 3267 inquit,
2270 3204 2412 3247 crux
2444 3192 2503 3245 et
2530 3201 2689 3244 mors
2714 3192 2803 3244 est
2846 3182 3087 3247 Christo
3109 3177 3405 3259 gloriatio,
3441 3186 3499 3239 et
3528 3195 3664 3239 om-

286 3282 657 3352 Χριστιανοῒς,
685 3273 964 3329 ἀθανασίαν
1006 3271 1090 3328 διὰ
1146 3272 1347 3328 τούτων
1397 3273 1487 3329 καῖ
1535 3271 1687 3339 δόξαν
1713 3280 1790 3348 τῷ
1842 3276 1937 3347 μὲν

2023 3280 2193 3337 nibus
2223 3279 2559 3338 Christianis
2591 3295 2607 3332 :
2639 3290 2767 3333 cum
2803 3276 2900 3332 ille
2922 3273 3151 3347 quidem
3178 3271 3662 3330 immortalitatem

277 3363 449 3440 δόντι,
496 3374 618 3424 τοϊς
677 3359 730 3417 δὲ
774 3360 1017 3419 λαϐώσυ
1064 3362 1130 3417 τὰ
1184 3360 1239 3417 δὲ
1284 3368 1376 3418 τοῦ
1422 3368 1513 3419 σοῦ
1563 3365 1684 3427 Γιὸς
1730 3364 1934 3443 ἔργα...

2024 3374 2081 3427 et
2109 3363 2355 3445 gloriam
2420 3380 2526 3445 per
2576 3362 2700 3424 haec
2731 3359 2989 3433 dederit,
3037 3360 3098 3420 hi
3129 3376 3265 3420 vero
3294 3355 3659 3435 acceperint.

274 3451 424 3509 ἀλλὰ
475 3449 642 3526 μηδὲν
674 3450 784 3529 ἐγὼ
814 3452 931 3526 περὶ
974 3449 1196 3512 τούτων,
1232 3451 1305 3506 Σὺ
1358 3451 1455 3525 μὲν
1487 3454 1576 3506 οὗν
1603 3454 1697 3508 τὸν
1737 3453 1937 3510 ὕπατον

2021 3460 2127 3518 Tui
2158 3472 2295 3518 vero
2330 3458 2483 3515 Jovis
2515 3470 2685 3527 opera
2717 3472 2730 3509 :
2758 3455 2857 3512 sed
2890 3469 2996 3526 ego
3028 3454 3172 3510 nihil
3206 3453 3276 3509 de
3304 3452 3505 3509 his.Tu
3525 3465 3662 3522 ergo

279 3543 382 3599 Δία
440 3542 533 3598 τὸν
564 3541 680 3611 σὸν,
714 3541 758 3595 εἰ
819 3538 1020 3619 βούλει,
1058 3539 1237 3614 ὥσπερ
1265 3537 1332 3607 δὴ
1376 3541 1464 3596 καὶ
1505 3540 1709 3618 βούλει,
1742 3550 1930 3620 μιμοῦ,

272 3630 422 3707 κάμὲ
461 3627 518 3684 δὲ
545 3629 636 3685 τὸν
666 3629 797 3704 ἒμὸν
829 3627 889 3686 ἔα
918 3632 1198 3705 μιμεῖσθαι
1230 3629 1381 3691 Θεόν,

364 3807 524 3882 Ag".
571 3808 783 3867 Τούτων
815 3806 950 3863 οὕτω
1007 3805 1305 3886 λεχθέντων
1356 3809 1588 3875 ἀνῆπται
1620 3808 1814 3888 σφόδρα
1857 3810 1934 3883 τῷ

279 3899 513 3979 ἄρχοντι
558 3900 585 3954 ὁ
633 3897 821 3976 θυμὸς,
867 3900 962 3951 καὶ
1013 3893 1213 3952 κελεύει
1258 3899 1456 3965 ταύτην
1513 3897 1564 3954 ἐν
1620 3900 1800 3976 εἱρκτῇ
1842 3900 1940 3972 μὲν

275 3986 660 4067 ἀρεγγεστάτῃ
720 3984 1191 4058 κατακλεισθῆναι,
1266 3987 1440 4044 πάντα
1522 3983 1577 4043 δὲ
1648 3987 1734 4045 ὕπ’
1816 3989 1939 4064 ὄψιν

278 4077 424 4154 aiat-ﬁ
496 4079 814 4153 προτεθῆναι
873 4075 939 4131 τὰ
995 4081 1101 4131 τῶν
1163 4076 1407 4152 βασάνων
1479 4076 1696 4155 ὄργανα,
1757 4076 1837 4132 ἵν’
1902 4077 1938 4146 ἢ

276 4168 418 4243 πρὸς
478 4163 870 4244 φόϐονὶδοῦσον
928 4167 1236 4243 καθυφεῖναι
1291 4165 1447 4243 πείσῃ
1503 4174 1595 4225 τοῦ
1641 4169 1796 4225 τόνου
1852 4163 1939 4223 καὶ

2017 3562 2315 3606 summum
2340 3543 2587 3621 quidem
2612 3542 2779 3603 illum
2823 3550 2990 3603 tuum
3035 3542 3263 3621 Jovem,
3296 3538 3344 3600 si
3368 3537 3477 3609 vis,
3511 3536 3665 3598 sicut

2016 3650 2227 3696 revera
2256 3633 2364 3709 vis,
2397 3632 2672 3708 imitare;
2707 3648 2801 3693 me
2829 3638 3030 3693 autem
3086 3629 3218 3690 sine
3245 3644 3444 3689 meum
3474 3624 3662 3688 Deum

2017 3724 2263 3786 imitari.

2103 3811 2360 3875 XXXVI.
2386 3810 2491 3874 His
2519 3810 2714 3889 dictis,
2747 3809 2834 3870 ira
2869 3807 3037 3870 valde
3068 3807 3180 3868 fuit
3209 3823 3493 3868 accensus
3516 3824 3664 3885 prae-

2023 3920 2144 3978 ses,
2178 3910 2238 3964 et
2262 3901 2435 3981 jubet
2463 3918 2590 3962 eam
2624 3900 2683 3961 in
2715 3917 2956 3961 carcere
2987 3896 3230 3979 quidem
3262 3896 3489 3957 includi
3519 3895 3663 3958 obs—

2020 3992 2336 4055 curissimo
2372 4011 2386 4051 :
2417 3989 2619 4051 omnia
2640 4005 2778 4050 vero
2808 3988 3210 4049 instrumenta
3233 3993 3662 4047 tormentorum

2023 4082 2241 4144 deduci
2272 4083 2331 4143 in
2363 4082 2495 4161 ejus
2523 4087 2936 4157 conspectum,
2972 4086 3035 4138 ut
3086 4076 3176 4137 vel
3233 4094 3367 4137 cum
3401 4074 3662 4149 vidisset,

2024 4177 2077 4235 ci
2105 4180 2263 4234 metu
2297 4168 2708 4251 persuaderet,
2733 4176 2796 4229 ut
2837 4165 3057 4246 aliquid
3089 4165 3166 4226 de
3199 4183 3304 4226 sua
3332 4164 3666 4226 remitteret

272 4261 378 4322 τῆς
442 4253 830 4328 ἐνστάσεως,ἣ
884 4254 1260 4333 φροντίζουσαν
1318 4256 1574 4335 εὑψδχίας
1635 4258 1707 4320 εἷς
1765 4256 1937 4313 πολυ-

2021 4261 2487 4338 constantia,aut
2517 4258 2567 4318 si
2597 4258 2883 4320 retineret
2902 4272 3066 4317 suam
3090 4252 3276 4316 animi
3302 4252 3658 4330 magnitudi-

273 4344 479 4420 ῴὸυνον
552 4343 699 4399 ἀνίαν
744 4340 954 4419 ἐμϐάλῃ
1025 4349 1092 4418 τῇ
1163 4344 1353 4419 μνήμῃ
1407 4351 1514 4401 τῶν
1573 4344 1929 4423 ἀλγυνόντων.

2021 4368 2180 4429 nem,
2229 4352 2456 4412 varium
2490 4356 2548 4408 et
2580 4346 2972 4426 multiplicem
3023 4344 3077 4404 ei
3100 4344 3338 4404 aﬁ‘erret
3363 4341 3655 4416 dolorem,

362 4435 377 4453 \
581 4434 594 4451 \
730 4432 746 4451 κ
852 4434 866 4456 ,
911 4438 938 4449 ~
1042 4432 1066 4450 Ν
1458 4435 1468 4454 ο

278 4445 381 4492 Και
437 4454 641 4512 spec-qv
699 4431 753 4488 δε
814 4454 944 4509 αυτῃ
988 4430 1218 4489 δίοοσθαι
1262 4453 1577 4511 προστατεει
1635 4436 1956 4523 βραχεῖαν,,

345 4525 359 4538 ι
505 4522 517 4538 ο
687 4521 770 4538 0‘0
948 4520 962 4538 ν
1002 4522 1015 4538 \
1090 4519 1114 4538 ἢ
1241 4522 1253 4538 ι
1370 4513 1433 4538 ο...
1497 4522 1538 4538 λι
1664 4526 1676 4538 ο
1914 4525 1956 4538 ι4

2021 4438 2430 4501 recordatione
2460 4454 2665 4498 eorum
2691 4453 2823 4516 quae
2849 4432 3125 4496 molestia
3153 4432 3437 4493 alliciunt.
3472 4432 3659 4492 Porro

271 4525 365 4580 καὶ
423 4522 621 4589 ταύτην
679 4521 831 4590 ἡλίου
896 4520 1029 4597 μετὰ
1085 4519 1305 4595 δοσμάς.
1370 4519 1433 4580 Ἠ
1492 4522 1546 4579 δὲ
1604 4526 1799 4603 μάρτυς
1843 4519 1956 4582 καὶ²

2021 4538 2215 4592 autem
2243 4528 2416 4608 jubet
2448 4527 2622 4588 etiam
2659 4525 2939 4604 exiguum
2967 4523 3022 4585 ei
3045 4522 3172 4584 dari
3201 4521 3654 4608 nutrimentum,

269 4612 447 4674 οὕτως
508 4613 722 4669 οἰκοῦσα
791 4612 877 4667 καὶ
935 4618 1098 4668 ταῦτα
1157 4612 1333 4679 ὁρῶσα
1387 4613 1473 4668 val
1532 4619 1733 4692 τροφῆς
1791 4614 1930 4679 ὅλως

272 4701 530 4782 μετέχειν
561 4701 639 4778 μὴ
682 4698 983 4778 βουλομένη
1033 4699 1146 4757 ἀντὶ
1204 4700 1414 4757 πάντων
1471 4704 1560 4759 τὸν
1592 4706 1662 4768 εἷς
1705 4707 1929 4782 Χριστὸν

270 4792 329 4848 ἐν
389 4792 549 4868 ἑαυτῇ
603 4791 820 4870 ἔστρεφε
880 4790 1065 4850 πόθον.
1120 4791 1217 4851 Καὶ
1273 4791 1439 4854 οὕτως
1497 4793 1565 4860 ἧν
1622 4793 1797 4862 ἐκείνη
1842 4797 1932 4852 καὶ

268 4883 472 4959 βρῶσις
526 4880 780 4960 ἀκροῦσα,
818 4882 903 4937 καὶ
952 4878 1047 4937 τοῦ
1075 4879 1237 4959 ζόφου
1268 4879 1629 4958 παράκλησις,
1690 4886 1928 4962 Ἑωρᾶτο

270 4971 330 5027 δὲ
395 4972 528 5049 αὐτῇ
567 4969 652 5050 ἔφ’
685 4970 916 5036 ἑκάστης
963 4972 1145 5031 νυκτὸς
1178 4970 1265 5026 καὶ
1321 4971 1356 5037 ἡ
1386 4970 1639 5034 σύναθλος
1697 4971 1927 5041 Θεοδότη

269 5064 375 5132 τήν
408 5083 464 5117 τε
510 5060 723 5138 καρδίαν
780 5059 1105 5138 εὐφροσύνης
1164 5057 1466 5138 πληροῦσα,
1499 5059 1592 5117 καί
1624 5063 1752 5135 πρὸς
1805 5064 1925 5128 τοὺς

274 5151 489 5228 ἀγῶνας
569 5147 983 5228 ἐπιρῤωνόουσα,
1044 5153 1111 5215 ’ἦν
1183 5150 1271 5205 καὶ
1331 5147 1588 5216 πολλάκις
1660 5158 1925 5229 φοιτῶσα)

266 5243 305 5309 ἡ
368 5237 531 5315 μηδὲν
576 5238 777 5295 ἐάσασα
834 5244 937 5295 τῶν
992 5237 1203 5316 ἀγαθῶν
1260 5236 1602 5303 ἀνεξέταστον
1661 5237 1925 5298 Ἀναστα-

268 5332 385 5407 σία,
432 5330 520 5386 καὶ
581 5336 739 5385 τοῦτο
776 5327 960 5406 ἤρετο,
987 5327 1101 5383 τίνα
1150 5326 1214 5396 δὴ
1254 5330 1474 5407 τρόπον,
1507 5328 1756 5407 λέγουσα,
1790 5333 1925 5407 μετὰ

265 5422 329 5476 τὸ
375 5422 555 5477 θανεῖν
587 5424 746 5498 φοιτᾷ
778 5420 909 5498 πρὸς
941 5418 1128 5487 αὑτήν.
1167 5409 1226 5473 Ἠ
1285 5416 1339 5473 δὲ
1371 5415 1607 5476 δεδόσθαι
1664 5433 1786 5483 ταῖς
1817 5426 1924 5477 τῶν

265 5510 551 5590 μαρτύρων
624 5508 726 5587 ἔφη
800 5512 1008 5587 ψυχαῖς
1069 5508 1156 5563 καὶ
1212 5507 1368 5564 τοῦτο
1436 5510 1577 5585 ποιρᾶ
1643 5517 1797 5584 Θεο),
1862 5519 1923 5574 τὸ

2013 4618 2195 4699 idque
2226 4627 2361 4698 post
2388 4634 2666 4678 occasum
2702 4614 2868 4676 solis.
2905 4613 3114 4693 Martyr
3144 4628 3280 4672 vero
3313 4626 3447 4699 cum
3482 4615 3544 4670 et
3571 4607 3658 4669 sic

2014 4698 2328 4780 habitaret,
2365 4716 2424 4768 ct
2482 4707 2608 4767 haec
2669 4703 2917 4783 videret,
2953 4711 3012 4765 et
3045 4701 3228 4763 nollet
3258 4698 3503 4760 omnino
3527 4715 3660 4760 esse

2014 4797 2131 4860 cibi
2162 4797 2599 4877 particeps,pro
2623 4793 2902 4855 omnibus
2918 4791 3075 4871 apud
3101 4810 3168 4853 se
3193 4788 3466 4852 versabat
3484 4806 3656 4877 suum

2012 4887 2073 4948 in
2097 4876 2394 4949 Christum
2420 4883 2807 4945 desiderium.
2833 4882 2897 4944 Id
2921 4892 3119 4944 autem
3143 4886 3270 4943 erat
3290 4878 3377 4940 illi
3395 4887 3453 4939 et
3484 4876 3654 4939 cibus

2011 4976 2337 5047 sufﬁciens,
2373 4982 2431 5037 et
2460 4973 2732 5034 solatium
2785 4969 3190 5034 obscuritatis.
3225 4968 3293 5030 Ei
3321 4967 3651 5030 vero-vidc-

2012 5065 2184 5127 batur
2222 5064 2409 5134 etiam
2462 5062 2713 5141 singulis
2768 5061 3048 5123 noctibus
3103 5058 3266 5119 socia
3315 5056 3657 5120 certaminis

2011 5154 2340 5229 Theodote,
2370 5161 2427 5214 et
2453 5170 2558 5214 cor
2585 5152 2716 5231 ejus
2736 5151 2978 5232 replens
3009 5148 3238 5221 laetitia,
3293 5147 3569 5228 viresque
3600 5155 3658 5209 et

2008 5245 2272 5307 animum
2298 5243 2527 5305 addens
2556 5241 2631 5303 ad
2683 5240 3036 5303 certamina.
3070 5238 3259 5311 Quam
3293 5238 3469 5299 etiam
3497 5253 3658 5316 sape

2005 5335 2557 5411 ventitantem,quze
2577 5330 2805 5392 nullum
2841 5329 2977 5392 sivit
3006 5328 3229 5390 bonum
3275 5344 3400 5389 non
3420 5326 3657 5388 exami-

2007 5433 2210 5486 natum
2244 5423 2576 5493 Anastasia,
2610 5421 2725 5482 hoc
2773 5438 3011 5502 quoque
3060 5417 3468 5497 interrogavit,
3498 5435 3655 5496 quo-

2007 5535 2143 5578 nam
2178 5514 2354 5576 modo
2386 5513 2458 5575 ad
2491 5531 2619 5574 eam
2646 5512 2872 5573 veniret
2897 5518 3028 5593 post
3053 5507 3438 5573 mortem.llla
3455 5514 3654 5569 autem

343 5670 619 5758 Militi}!1
649 5669 915 5758 §Vy,19.
978 5666 1033 5758 A9
1059 5664 1222 5730 Exod
1268 5685 1384 5750 XIV,
1416 5666 1480 5731 Ἦ
1540 5686 1711 5752 seqq.
1801 5679 1858 5735 ιο
1897 5668 2081 5747 Josue
2112 5694 2171 5758 ι,
2210 5683 2233 5737 ι
2288 5693 2456 5758 seqq.
2546 5673 2592 5717 “
2627 5670 2707 5738 IlI
2754 5672 2901 5756 Reg.
2938 5690 2980 5749 1,
3008 5672 3045 5736 2
3077 5690 3242 5755 seqq.
3330 5668 3390 5717 η
3412 5671 3542 5736 Act.
3598 5687 3650 5755 ν,

261 5762 324 5816 et
351 5769 474 5818 xu.
565 5747 678 5817 151
709 5748 843 5815 Cor.
873 5765 938 5829 tt,
974 5749 1035 5816 2.
