4148 6416
469 321 586 394 607
1777 333 2064 398 MENSIS
2103 389 2108 396 .

2193 331 2538 400 ZCEMBER.
3729 340 3847 406 608

471 461 636 546 dixit,
673 465 785 529 hoc
807 486 1045 550 quoque
1074 465 1277 530 datum
1311 485 1446 530 esse
1467 487 1501 530 a
1521 469 1776 532 Domino
1797 468 2108 533 animabus

2194 471 2329 546 μετὰ
2386 472 2485 539 τὴν
2517 470 2752 529 ἐντεῦθεν
2807 470 3106 547 ἆποδῆμίον
3165 473 3441 552 ἐπιφοιτᾷν
3491 473 3615 552 παρ’
3649 476 3737 539 οὓς
3782 477 3842 532 ἃν

473 561 819 644 martyrum,
844 568 927 639 ut,
954 567 1261 640 postquam
1295 557 1433 619 hinc
1460 557 1849 631 excesserint,
1877 559 2108 622 veniant

2198 563 2284 617 καὶ
2327 561 2623 637 βούλοιντο,
2685 563 2772 619 καὶ
2831 561 3043 640 ὁμιλίας
3087 565 3174 620 καὶ
3217 562 3604 644 παρακλήσεως
3659 566 3842 630 αὐτοὺς

469 641 544 704 ad
574 663 723 724 quos
752 646 954 724 velint,
980 656 1042 710 et
1071 666 1205 709 cuzn
1238 645 1325 710 eis
1348 664 1660 709 sermones
1685 646 2019 726 conferant,
2056 659 2114 714 et
2197 648 2394 715 ἀξιοῦν.

470 749 573 794 eos
603 737 1010 798 consolentur.

549 823 826 889 XXXVII.
886 827 1031 890 Cum
1083 827 1344 889 venisset
1390 846 1528 890 vero
1586 829 1718 891 dies
1747 830 2106 912 tricesimus,

2277 821 2401 890 AZ'.
2465 835 2792 910 Τριαγοστῆς
2847 831 2900 887 δὲ
2953 831 3244 899 ἐπιστάσης
3307 834 3505 910 ἡμέρας
3563 834 3844 893 ὑπολαϐὼν

470 912 816 1000 existimans
843 915 1158 997 praefectus
1189 917 1343 978 fame
1372 926 1432 979 et
1463 918 1579 980 alia
1608 918 1933 980 afﬂictione
1963 937 2108 980 con-

2195 921 2222 976 ὁ
2283 918 2520 1000 ἔπαρχος
2594 928 2671 994 τῷ
2743 943 2797 977 τε
2857 919 3000 995 λιμῷ
3060 925 3146 978 καὶ
3202 929 3270 999 τῇ
3329 923 3466 1000 ἄλλῃ
3521 927 3843 998 κακοπαθείᾳ

469 998 679 1064 fectam
713 1023 845 1066 esse
873 1015 1211 1087 martyrem,
1248 1015 1306 1067 et
1336 1005 1557 1088 aliquid
1577 1009 1650 1071 de
1669 1027 1778 1069 sua
1807 1007 2108 1070 remisisse

2195 998 2614 1087 κατεργασθῆναι
2689 1011 2786 1078 τὴν
2867 1012 3102 1090 μάρτυρα
3182 998 3270 1069 καὶ
3359 998 3456 1080 τῆς
3548 1016 3843 1078 ἐνστάσεως

469 1093 934 1182 constantia,ubi
965 1115 1095 1158 eam
1119 1097 1568 1172 accersisset,et
1591 1097 1942 1160 alacriorem
1967 1097 2108 1160 libe-

2195 1097 2498 1169 ὑποδοῦναι,
2535 1101 3025 1176 μεταπεμψάμενος
3093 1103 3317 1177 ταύτην,
3351 1105 3427 1168 ὡς
3463 1101 3576 1159 εἶδε
3626 1102 3845 1182 φαιδρὰν

467 1180 713 1264 riasque
743 1203 923 1262 quam
953 1186 1476 1267 priusloquentem
1501 1187 1766 1261 vidisset,
1793 1188 1976 1249 iratus
2006 1188 2108 1250 fuit

2197 1187 2402 1262 μᾶλλον
2469 1192 2560 1246 καί
2621 1191 3166 1268 πεπαρρησιασμένην
3230 1193 3263 1260 ἢ
3342 1180 3844 1271 πρότερσνίώργί-

465 1273 1033 1357 custodibus,utqui
1065 1276 1120 1338 ei
1143 1275 1455 1338 dedissent
1482 1277 1731 1358 aliquid,
1764 1297 1882 1358 quo
1913 1296 1978 1340 se
2006 1295 2110 1340 re-

467 1362 692 1424 ﬁceret.
714 1362 959 1425 Illorum
983 1365 1185 1444 itaque
1207 1365 1633 1445 benignitatem
1657 1385 1944 1430 accusans
1972 1377 2110 1429 tan-

465 1469 642 1532 quam
674 1453 926 1529 crimen,
961 1473 1065 1516 eos
1094 1464 1362 1517 removet
1389 1474 1423 1517 a
1449 1456 1723 1518 custodia
1758 1476 1771 1519 :
1811 1475 1940 1518 eam
1971 1475 2110 1520 vero

467 1541 785 1604 committit
806 1544 1116 1624 aliis,quos
1145 1544 1376 1607 sciebat
1405 1544 1666 1608 libenter
1699 1548 1894 1608 omnia
1917 1547 2110 1610 factu-

464 1647 564 1692 ros
595 1650 664 1693 ex
689 1633 821 1712 ejus
837 1634 1020 1695 animi
1052 1633 1526 1696 sententia.Cum
1560 1653 1663 1696 eos
1693 1654 1832 1714 ergo
1871 1635 1923 1697 ei
1956 1655 2110 1718 prae-

467 1720 800 1797 fecisset,et
828 1723 960 1785 aliis
995 1723 1233 1802 triginta
1261 1723 1477 1785 diebus
1507 1742 1638 1785 eam
1665 1725 1965 1788 custodire
1980 1727 2110 1803 jus-

2193 1285 2311 1349 ζετο
2381 1280 2516 1336 κατὰ
2564 1281 2667 1336 τῶν
2724 1278 2971 1358 φυλάκων
3029 1283 3102 1345 ὡς
3169 1280 3233 1351 δή
3277 1303 3420 1346 τινος
3491 1281 3614 1360 παρ’
3671 1283 3845 1339 αὐτῶν

2195 1367 2469 1434 εὒπαθείας
2531 1367 2927 1436 ἁπολαυούσης.
3007 1370 3260 1428 Ἐκείνων
3320 1371 3418 1437 μὲν
3471 1371 3559 1428 οῦν
3617 1373 3690 1434 ὡς
3752 1371 3846 1448 ἔγ-

2194 1456 2378 1530 κλημα
2434 1459 2534 1524 τὴν
2589 1457 2980 1537 φιλανθρωπίαν
3031 1463 3407 1538 κατηγορήσας
3460 1467 3556 1536 τῇς
3600 1460 3842 1539 φυλακῆς

2193 1548 2384 1606 αὒσοὺς
2444 1547 2729 1614 ἐξίστησιν*
2792 1547 2991 1627 ἑτέροις
3048 1548 3104 1605 δὲ
3160 1552 3357 1617 ταύτην
3420 1551 3688 1629 ἐπιτρέπει
3753 1554 3843 1615 οὓς

2192 1634 2305 1712 ᾔδει
2350 1639 2436 1693 καὶ
2481 1639 2712 1712 μάλιστα
2759 1639 2928 1695 πάντα
2984 1640 3120 1696 κατὰ
3161 1647 3280 1698 νοῦν
3324 1642 3464 1714 αὑτῷ
3520 1640 3608 1698 καὶ
3665 1662 3842 1720 κεχα-

2193 1726 2454 1802 ρισμένως
2520 1728 2785 1796 ποιήσειν.
2874 1729 3098 1792 Τούτους
3176 1729 3262 1785 οῦν
3336 1734 3470 1805 αὐτῇ
3552 1729 3844 1800 ἐπιστήσας

466 1811 662 1904 sisset,
694 1822 756 1874 et
777 1813 1096 1904 signaculis
1135 1813 1466 1904 custodiam
1501 1814 1901 1893 obsignasset,
1937 1817 2106 1879 abiit.

2194 1818 2279 1872 καὶ
2335 1817 2419 1872 επὶ
2480 1815 2682 1889 ἑτέραις
2740 1818 3023 1896 τριάκοντα
3063 1817 3346 1897 φυλάττειν
3406 1819 3630 1897 ἡμέραις
3675 1841 3844 1896 προσ-

463 1897 569 1961 Illa
596 1908 820 1976 autem,
856 1902 967 1963 etsi
996 1920 1199 1963 secum
1248 1901 1330 1964 ita
1379 1910 1676 1981 ageretur,
1713 1923 1831 1965 non
1863 1905 2108 1966 cessavit

2195 1906 2377 1980 τάξας,
2413 1907 2542 1982 πρὸς
2577 1904 2631 1961 δὲ
2689 1911 2776 1963 καὶ
2808 1921 3062 1984 σφραγῖσι
3095 1909 3193 1976 τὴν
3236 1908 3477 1986 φυλακὴν
3508 1909 3846 1983 ἐπισημηνάο

464 1999 660 2052 tamen
694 1991 892 2053 facere
923 2010 994 2054 ea
1041 2011 1176 2072 quae
1222 2002 1612 2054 consueverat
1649 2013 1663 2055 :
1698 1994 1806 2055 sed
1837 2000 1894 2054 in
1928 1995 2111 2057 vehe-

465 2081 650 2142 menti
680 2081 976 2161 oratione,
1009 2088 1068 2142 et
1117 2090 1408 2144 nocturna
1455 2083 1730 2156 statione,
1785 2091 1846 2145 et
1873 2084 2113 2147 assidua

466 2171 820 2234 extensione
873 2189 1153 2233 manuum
1208 2171 1652 2252 perseverabat.
1695 2173 1923 2234 Deinde
1972 2192 2107 2234 cum

468 2263 783 2341 praefectus
809 2263 977 2325 illinc
1027 2281 1156 2324 eam
1195 2261 1527 2342 eduxisset,
1562 2263 1920 2325 condemnat
1975 2282 2112 2326 cum

470 2353 672 2414 multis
695 2353 829 2433 aliis
851 2354 1140 2427 reis,utin
1172 2351 1536 2432 profundum
1565 2352 1746 2414 maris
1777 2354 2111 2433 projicere-

471 2452 589 2504 tur.
623 2442 763 2505 Erat
783 2452 978 2506 autem
999 2461 1117 2504 una
1140 2461 1272 2504 cum
1297 2441 1370 2503 iis
1391 2441 1566 2504 etiam
1591 2442 1831 2524 quidam
1858 2447 1945 2504 vir
1977 2443 2110 2521 pius

465 2533 711 2594 nomine
741 2532 1163 2611 Eutychianus,
1191 2533 1288 2611 qui
1322 2531 1449 2610 ipse
1479 2550 1722 2612 quoque
1756 2542 2000 2612 propter
2033 2533 2106 2592 ﬁ-

464 2621 601 2683 dem
635 2628 693 2683 ln
727 2623 1052 2692 Christum.
1087 2622 1343 2682 nudatus
1381 2620 1782 2691 facultatibus.
1819 2621 2108 2683 condem-

464 2721 642 2772 natus
672 2712 802 2776 fuit.
839 2720 903 2774 ut
927 2712 1229 2790 jaceretur
1258 2709 1316 2771 in
1352 2729 1533 2772 mare.

548 2800 1184 2880 XX.XVlIl.Postquam
1213 2819 1348 2862 vero
1373 2801 1430 2861 in
1457 2799 1653 2860 medio
1676 2801 1819 2862 mari
1847 2801 2110 2872 fuerunt,

463 2893 562 2972 qui
596 2911 700 2954 eos
732 2890 1031 2952 ducebant
1094 2891 1334 2970 milites,
1396 2889 1509 2970 ipsi
1541 2889 1783 2970 quidem
1832 2889 2108 2969 cymbam

462 2981 781 3059 quamdam
814 2978 1297 3058 ascendentes,in
1332 2989 1552 3042 terram
1589 2979 1960 3059 navigarunt,
1996 2999 2109 3041 na-

464 3090 594 3132 vem
629 3080 852 3146 autem,
887 3087 1016 3150 qua:
1047 3067 1303 3130 ducebat
1351 3068 1569 3131 Christi
1620 3079 1938 3151 martyrem
1972 3088 2106 3131 cum

465 3161 832 3241 Eutychiauo
865 3169 922 3222 et
952 3160 1181 3221 caeteris
1213 3159 1649 3233 condemnatis,
1676 3178 1808 3221 cum
1845 3159 2110 3238 undique

466 3253 897 3332 perforassent,
931 3267 1258 3333 eamhcuin
1297 3249 1353 3309 in
1389 3258 1548 3311 tanto
1582 3256 1919 3310 versaretur
1943 3249 2106 3327 peri-

460 3342 619 3412 culo,
653 3339 1317 3420 relinquuntfluctibus.
1349 3337 1449 3400 Sic
1479 3357 1688 3400 navem
1745 3356 1908 3397 mare
1942 3346 2107 3415 tege-

463 3431 584 3510 bat,
601 3439 657 3491 et
683 3436 770 3491 eis
795 3438 994 3507 parata
1017 3449 1049 3488 a
1072 3432 1194 3492 Deo
1222 3427 1479 3506 adjutrix
1507 3427 1684 3488 missa
1710 3426 1885 3487 beata
1903 3427 2106 3486 Theo-

463 3520 624 3594 dote,
654 3528 712 3581 et
735 3520 861 3581 velo
895 3519 1166 3581 insidens
1214 3515 1618 3578 cernebatur:
1654 3522 1714 3576 et
1742 3515 1974 3575 clavum
2013 3513 2108 3573 di-

461 3610 662 3686 rigens
685 3609 1088 3680 securissime,
1125 3608 1212 3670 eis
1243 3607 1654 3684 navigantibus
1686 3622 1925 3664 cursum
1964 3621 2110 3682 prae-

463 3698 1193 3760 bebatsecundissimum.
1248 3697 1335 3758 Ad
1394 3704 1614 3756 terram
1663 3701 1860 3753 autem
1895 3707 2108 3754 navem

458 3788 625 3850 duxit
646 3790 777 3850 sine
795 3788 1086 3868 periculo.
1114 3785 1268 3858 Quin
1293 3783 1472 3847 etiam
1493 3781 1755 3844 ostendit
1784 3782 2109 3862 Eutychia-

460 3897 600 3939 num
623 3878 808 3940 fuisse
831 3885 1326 3938 connumeratum
1353 3875 1512 3934 inter
1530 3871 1753 3933 Christi
1792 3884 2108 3952 martyres.

457 3967 624 4030 Tunc
654 3969 877 4047 itaque,
909 3967 1008 4047 qui
1044 3976 1218 4028 erant
1264 3964 1324 4024 in
1359 3981 1504 4024 nave
1534 3961 1944 4039 condemnati,
1996 3959 2108 4022 ob-

457 4057 768 4134 stupefacti
805 4053 1196 4127 miraculo,ad
1233 4049 1580 4130 Eutychiani
1614 4048 1800 4128 pedes
1833 4047 2106 4128 procide-

455 4144 599 4209 bant
629 4154 687 4207 et
715 4151 1074 4224 martyris,et
1104 4139 1388 4218 rogabant
1421 4147 1483 4199 ut
1529 4138 1889 4199 docerentur
1919 4136 2105 4198 ratio-

457 4254 594 4296 nem
630 4235 794 4297 fidei.
828 4233 908 4294 Ea
931 4250 1070 4308 ergo
1091 4249 1224 4310 quae
1261 4228 1563 4308 petebant,
1593 4226 1923 4304 consecuti,
1957 4235 2012 4287 et
2042 4227 2103 4285 in

459 4330 676 4403 pietate
709 4336 772 4384 ut
801 4329 1038 4400 oportet
1071 4318 1315 4394 initiati,
1352 4317 1410 4378 in
1444 4317 1666 4380 Christi
1696 4334 1934 4394 gregem
1968 4323 2108 4374 sunt

457 4416 733 4489 coaptati,
768 4411 871 4488 qui
925 4417 1095 4470 erant
1153 4425 1363 4469 omnes
1417 4408 1592 4468 simul
1627 4413 1864 4466 centum
1898 4415 1960 4465 et
2015 4404 2105 4462 vi-

455 4502 602 4579 ginti
634 4501 766 4562 viri.

2197 2017 2376 2069 μενος,
2411 1994 2614 2074 ᾤχετο,
2666 1986 2724 2051 tll
2787 1994 2841 2051 δὲ
2896 1997 2992 2052 κᾶν
3046 1997 3250 2061 τούτοις
3305 1999 3434 2054 οὖσα
3477 2001 3570 2056 οῦκ
3626 1998 3846 2055 ἐπέλιπε

2194 2085 2260 2140 τὰ
2319 2086 2516 2152 συνήθη
2574 2097 2775 2162 ποιεῖν,
2807 2085 2928 2141 ἀλλ’
2980 2087 3120 2164 εἰχῇ
3149 2108 3204 2143 τε
3255 2087 3486 2160 συντόνῳ
3527 2089 3616 2144 καὶ
3665 2091 3845 2144 στάσει

2197 2176 2454 2253 παννύχῳ
2509 2177 2594 2230 καὶ
2625 2175 2866 2230 ὰνοτάσει
2913 2182 3114 2254 χειρῶν
3166 2174 3496 2250 ἀδιαλείπτῳ
3546 2201 3846 2258 προσεκαρ-

2199 2262 2362 2340 τέρει,
2427 2264 2562 2320 Εἶτα
2593 2265 2795 2322 ἐκεῖθεν
2856 2267 3020 2332 αὖτὴν
3077 2266 3350 2344 ἐξαγαγὼν
3394 2271 3419 2323 ὃ
3478 2267 3716 2348 ἔπαρχος
3776 2277 3853 2342 τῷ

2197 2354 2338 2428 βυθῷ
2395 2359 2490 2428 τῇς
2521 2351 2794 2419 θαλάσσης
2826 2352 3032 2428 σύναμα
3063 2356 3150 2411 καὶ
3206 2354 3389 2417 ἄλλοις
3419 2356 3648 2420 πολλοῖς
3679 2380 3850 2414 κατα-

2194 2441 2353 2505 δίκοις
2427 2442 2683 2520 ἀφεθῆναι
2763 2444 3201 2519 καταψηρίζεται.
3274 2447 3446 2512 Συνὴν
3518 2446 3571 2502 δὲ
3642 2449 3854 2511 τούτοις

2191 2533 2279 2587 καί
2307 2554 2386 2594 τις
2411 2532 2542 2609 ἀνὴρ
2595 2530 2834 2606 εὐσεϐὴς,
2901 2535 3222 2611 Εὐτυχιανὸς
3279 2535 3469 2614 ὄνομα,
3529 2538 3586 2600 ὃς
3643 2539 3729 2593 καὶ
3762 2539 3855 2594 αὖ·

2192 2624 2282 2684 τὸς
2340 2619 2425 2676 διὰ
2455 2622 2554 2687 τὴν
2612 2623 2684 2684 εἷς
2735 2623 2954 2697 Χριστὸν
2988 2629 3163 2678 πίστιν
3207 2628 3496 2700 γυμνωθεὶς
3528 2629 3632 2682 τῶν
3684 2625 3851 2683 ὄντων

2196 2711 2284 2766 τὸν
2317 2712 2370 2766 ἐν
2398 2709 2633 2786 θαλάττῃ
2677 2709 3028 2777 κατεδικάσθη
3061 2713 3307 2775 θάνατον,

2280 2802 2421 2862 AH’.
2497 2791 2581 2862 ιυς
2616 2799 2669 2856 δὲ
2719 2799 2784 2867 δη
2817 2802 2952 2857 κατὰ
2983 2801 3146 2876 μέσον
3191 2802 3354 2870 ανότῆς
3399 2802 3570 2874 δήπου
3597 2807 3696 2871 τῆς
3747 2811 3850 2862 θα-

2197 2888 2397 2955 λάττης
2457 2890 2591 2955 ἦσαν
2637 2891 2682 2945 οἱ
2747 2890 2962 2952 τούτους
3020 2890 3239 2968 ἄγοντες
3298 2897 3642 2973 στρατιῶται,
3707 2896 3852 2953 αὐτοὶ

2196 2979 2293 3052 μὲν
2352 2979 2565 3035 ἀκατίου
2596 2981 2739 3043 τινὸς
2800 2978 3078 3041 ἐπιϐάντες
3110 2983 3237 3056 πρὸς
3290 2983 3387 3048 τὴν
3419 2989 3521 3060 γῆν
3553 2981 3846 3056 ἀπέπλεον,

2195 3070 2295 3134 τὴν
2352 3067 2406 3124 δὲ
2461 3076 2582 3123 ναῦν
2643 3069 2676 3136 ἢ
2709 3069 2808 3136 την
2869 3076 2957 3124 τοῦ
3001 3077 3226 3146 Χριστοῦ
3257 3073 3494 3150 μάρτυρα
3551 3075 3642 3130 σὺν
3681 3075 3848 3130 Εὐτυ-

2195 3164 2396 3236 χιανῷ,
2460 3157 2628 3234 φημ’ἰ,
2691 3161 2776 3213 καὶ
2849 3171 2966 3221 τοῖς
3038 3158 3336 3224 καταδίκοις
3417 3163 3540 3240 ἦγε,
3593 3163 3847 3218 πάντοθεν

2127 3229 2593 3320 Οδιατρήσαντες,
2627 3244 2790 3311 οὕτως
2848 3246 3154 3325 ἐπισφαλῶς
3217 3247 3445 3328 ἔχουσαν
3495 3263 3610 3312 τοῖς
3667 3249 3845 3324 κύμα-

2193 3355 2276 3388 σιν
2334 3334 2571 3409 ἀφιᾶσιν.
2632 3333 2792 3391 Οὕπω
2849 3337 2948 3402 τὴν
2980 3346 3103 3394 ναῦν
3163 3337 3423 3395 ἐκάλυπτε
3469 3337 3728 3412 θαλασσα,
3759 3341 3848 3396 καὶ

2193 3424 2334 3500 παρὰ
2367 3430 2496 3478 Θεοῦ
2541 3422 2752 3496 ἕτοιμος
2811 3428 2996 3486 αὺτοῖς
3027 3427 3220 3501 βοηθὸς
3265 3430 3298 3495 ἡ
3332 3429 3562 3507 μακαρία
3620 3425 3848 3494 Θεοδότη

2194 3515 2461 3586 πεμθεϊσα
2506 3519 2584 3586 τῷ
2641 3515 2788 3587 ἱστίῳ
2830 3535 2887 3570 τε
2957 3521 3056 3581 τῆς
3121 3519 3250 3583 νηὸς
3295 3517 3662 3592 ἐπικαθημένη
3717 3521 3848 3573 καθο

2196 3609 2418 3678 εωρᾶτο,
2457 3604 2543 3658 καὶ
2602 3605 2674 3665 ὡς
2727 3603 3099 3684 ἀσφαλέστατα
3144 3605 3443 3667 διιθύνουσα
3494 3611 3556 3664 τὸ
3585 3606 3850 3674 πηδάλιον

2193 3689 2443 3768 εὔδρομον
2473 3693 2569 3766 μὲν
2630 3693 2815 3756 αὐτοῖς
2847 3709 3084 3774 παρεῖχε
3127 3697 3219 3751 τὸν
3264 3695 3450 3771 πλοῦν,
3487 3699 3618 3774 πρὸς
3667 3695 3720 3752 δὲ
3752 3697 3848 3762 τὴν

2192 3780 2388 3858 χέρσον
2447 3780 2731 3846 ἀκινδύνως
2784 3783 2890 3860 ἦγε
2935 3785 3034 3850 τὴν
3068 3791 3214 3840 ναῦν·
3278 3785 3610 3842 ἐπεδείκνυτο
3658 3784 3713 3841 δὲ
3762 3787 3853 3840 καὶ

2197 3871 2286 3925 τὸν
2343 3872 2668 3945 Εὖτνψιανὸν
2701 3874 2774 3935 ὡς
2805 3872 2898 3938 εἴη
2955 3875 3041 3928 καὶ
3086 3875 3241 3934 αὗτὸς
3299 3887 3416 3937 τοῖς
3448 3875 3671 3948 μάρτυσι
3725 3881 3850 3950 Χρι-

2193 3962 2321 4015 στοῦ
2381 3963 2738 4038 συναρίθμιος.
2805 3961 2935 4018 Τότε
2986 3968 3109 4037 γοῦν
3154 3965 3201 4016 οἱ
3247 3960 3298 4015 ἐν
3353 3968 3428 4033 τῷ
3458 3960 3627 4031 πλοίῳ
3676 3963 3846 4015 κατά-

2191 4046 2330 4104 δικοι
2395 4055 2473 4121 τῷ
2519 4047 2795 4124 παραδόξῳ
2851 4046 3282 4123 καταπλαγέντες
3360 4048 3721 4125 προσέπιπτὼ
3791 4070 3848 4102 τε

2190 4143 2266 4209 τῷ
2329 4139 2639 4216 Εὐτυχιανῷ
2697 4145 2788 4190 σὺν
2853 4143 2918 4206 τῇ
2979 4133 3224 4213 μάρτυρι,
3256 4137 3342 4193 καὶ
3389 4135 3696 4216 διδαχθῆναι
3759 4141 3849 4192 τὸν

2189 4232 2286 4292 τῆς
2353 4227 2576 4286 πίστεης
2637 4223 2798 4300 λόγον
2855 4224 3048 4288 ἠξίουν.
3122 4227 3386 4304 Τυχόντες
3443 4233 3718 4304 τοιγαροῦν
3775 4228 3849 4280 ὧν

2191 4313 2401 4370 ἐδέοντο
2463 4316 2552 4368 καί
2624 4311 2722 4379 τῆν
2784 4309 3053 4368 εὐσέϐειαν
3126 4317 3195 4376 ὡς
3255 4318 3366 4395 χρὴ
3430 4316 3715 4389 μυηθέντες
3773 4322 3850 4388 τῷ

2190 4402 2280 4458 τοῦ
2340 4401 2564 4477 Χριστοῦ
2626 4401 2856 4475 ποιμνίῳ
2916 4403 3422 4483 συγκατελέχθτ,σαν
3492 4403 3658 4480 δῆμος
3725 4404 3849 4470 ὅλος

2191 4489 2390 4567 ἀνδρῶν
2420 4492 2491 4553 εἷς
2527 4489 2701 4547 εἴκοσι
2733 4493 2820 4547 καὶ
2851 4493 3040 4548 ἑκατὸν
3071 4494 3469 4572 ἀριθμούμενοι.

538 4589 796 4653 XXXIX.
831 4588 969 4651 Haec
996 4587 1172 4650 tertio
1205 4596 1336 4667 post
1366 4585 1465 4646 die
1509 4583 1924 4662 significantur
1953 4597 2104 4658 prae-

2274 4579 2399 4639 ΛΘ’.
2464 4579 2637 4637 Ταῦτα
2696 4582 2832 4654 μετὰ
2880 4583 3061 4659 τρίτην
3121 4586 3333 4659 γνωστᾶ
3390 4590 3467 4657 τῷ
3507 4584 3732 4662 ἐπάρχῳ
3767 4585 3850 4662 api-

457 4677 632 4738 fecto.
670 4677 782 4749 Qui
815 4695 948 4739 cum
983 4677 1185 4738 statim
1224 4694 1436 4754 magno
1467 4674 1664 4735 studio
1711 4679 1894 4731 totum
1948 4669 2108 4729 hunc

459 4767 732 4838 chorum,
769 4785 960 4846 nuper
983 4766 1306 4836 initiatum,
1337 4760 1920 4844 comprehendisset,
1949 4767 2006 4820 et
2033 4757 2104 4818 ad

460 4854 719 4916 tribunal
750 4855 1050 4918 sistendos
1082 4865 1378 4933 curasset,
1413 4871 1516 4913 eos
1558 4849 1880 4912 arbitratus
1913 4848 2108 4910 adhuc

462 4946 710 5024 primam
735 4964 974 5007 servare
1005 4945 1387 5023 sententiam,
1424 4942 1510 5003 eis
1541 4957 1748 5001 aurum
1806 4937 2020 4999 obtulit
2051 4945 2110 4999 et

462 5034 786 5109 divitias,et
819 5037 1077 5097 honores
1110 5039 1323 5112 partim
1352 5033 1596 5112 quidem
1623 5031 1746 5110 jam
1783 5028 2106 5107 praebebat,

463 5123 675 5203 partim
714 5143 850 5186 vero
880 5124 1298 5205 pollicebatur,
1327 5125 1373 5184 si
1409 5121 1602 5183 solum
1639 5119 1885 5180 vidisset
1908 5127 2107 5178 muta-

464 5221 642 5292 tos,et
671 5233 877 5276 rursus
899 5214 1184 5293 gentilem
1210 5220 1515 5274 servantes
1537 5207 1912 5287 religionem.
1937 5206 2106 5268 Post-

463 5321 642 5382 quam
674 5313 870 5365 autem
895 5323 1002 5383 spe
1025 5303 1192 5364 valde
1223 5303 1331 5364 fuit
1361 5298 1758 5371 falsus,fortes
1792 5304 1850 5356 et
1882 5295 2108 5357 validos

461 5393 669 5454 videns
699 5411 904 5454 eorum
937 5393 1288 5472 animos,eis
1317 5399 1524 5452 contra
1556 5384 1911 5448 ostendebat
1934 5403 2109 5445 enses

462 5481 674 5562 nudos,
709 5490 768 5543 et
797 5482 1018 5560 ignem,
1051 5491 1109 5542 et
1144 5479 1499 5557 catapultas,
1535 5484 1596 5539 et
1628 5476 1956 5554 sartagines
1992 5495 2005 5536 :
2045 5472 2108 5535 Si

463 5571 683 5639 nolitis,
720 5571 950 5644 dicens,
985 5579 1042 5631 at
1076 5571 1200 5631 haec
1233 5587 1335 5629 vos
1387 5568 1600 5629 invitos
1661 5563 2112 5645 persuadebunt

462 5660 824 5737 sacrificare.
859 5663 1178 5746 Postquam
1212 5667 1410 5725 autem
1441 5655 1529 5726 illi
1563 5673 1634 5726 ex
1689 5671 1862 5737 aequo
1916 5671 2111 5736 neque

2196 4691 2361 4742 νεται,
2397 4671 2486 4725 καὶ
2541 4671 2726 4728 αὐτίκα
2754 4671 2931 4748 πολλῇ
2985 4671 3189 4750 σπουδῇ
3222 4675 3312 4729 τὸν
3356 4673 3605 4751 ἆρτιτελῆ
3665 4681 3848 4728 τοῦτον

2192 4761 2364 4816 πάντα
2424 4760 2595 4838 χορὸν
2628 4758 2903 4816 συλλαϐὼν
2954 4768 3031 4835 τῷ
3059 4763 3262 4837 βήματι
3321 4765 3716 4834 παρεστήσατω
3762 4763 3850 4817 καὶ

2192 4849 2256 4919 δὴ
2315 4854 2410 4919 την
2475 4852 2693 4931 πρώτην
2754 4855 2938 4917 αὐτοὺς
3001 4856 3089 4911 καὶ
3160 4855 3235 4911 ἔτι
3299 4858 3520 4934 γνώμην
3576 4853 3849 4918 διασώζειν

2190 4941 2476 4999 ὑπολαϐὼι
2534 4945 2734 5022 χρυσὸν
2794 4947 2978 5005 αὐτοῖς
3039 4949 3268 5022 παρῆ-(ε’
3335 4948 3417 5000 καὶ
3476 4944 3704 5001 πλοῦτον
3764 4945 3852 4998 καὶ

2190 5035 2350 5106 τιμὰς
2403 5033 2494 5096 τὰς
2525 5033 2624 5107 μὲν
2673 5032 2773 5098 ἤδη
2824 5032 3076 5110 παρεῖχε,
3116 5034 3209 5097 τὰς
3241 5032 3294 5088 δὲ
3354 5033 3744 5112 ἐπηγγέλλετο,
3777 5033 3843 5100 ἢν

2193 5123 2358 5196 μόνον
2415 5119 2507 5197 ἴδῃ
2559 5120 2945 5195 μεταθεμένους
3018 5122 3104 5175 καὶ
3157 5122 3255 5188 τὴν
3328 5114 3646 5190 Ἑλληνικὴν
3689 5121 3851 5178 πάλιν

2190 5214 2218 5266 ο
2396 5211 2408 5247 τ
2545 5231 2582 5246 ~
2678 5205 2764 5262 δι’
3048 5207 3062 5228 ’
3181 5212 3194 5228 ε
3282 5209 3327 5244 η
3513 5214 3525 5234 ι
3791 5215 3837 5248 .-

2223 5231 2474 5288 ρησκε.αν
2551 5229 2672 5285 ..ρεσ
2713 5229 2952 5271 εοοντας.
3070 5217 3197 5266 Επει
3277 5232 3330 5266 οε
3401 5212 3630 5287 ἐψευσθη
3709 5234 3852 5286 παρα

2190 5299 2325 5356 πολὺ
2392 5304 2498 5354 τῶν
2542 5296 2926 5373 ἐλπιζομένων,
2961 5296 3260 5375 ἒῤῥωμένας
3323 5303 3494 5357 αὒτῶν
3549 5303 3642 5367 τὰς
3700 5302 3850 5379 γνώυ

2191 5410 2296 5462 μας
2358 5389 2526 5463 ὁμὼν,
2588 5387 2884 5441 τοῦναντίον
2934 5391 3116 5452 αὐτοῖς
3177 5389 3296 5465 ξίφη
3353 5392 3529 5466 γυμνὰ
3575 5391 3848 5447 ῦπεδείκνυ

2194 5478 2278 5532 καὶ
2331 5485 2432 5553 πῦρ
2461 5476 2548 5530 καὶ
2580 5474 2916 5537 καταπέλτας
2946 5477 3041 5530 καΐ
3093 5480 3324 5556 τήγανα,
3356 5479 3461 5535 ’Ἢν
3494 5482 3570 5551 μὴ
3628 5481 3847 5553 θύσητε,

2193 5565 2388 5642 λέγων,
2435 5563 2572 5619 ἀλλᾶ
2614 5573 2779 5622 ταῦτα
2821 5567 2958 5641 ὑμᾶς
3011 5569 3098 5623 καὶ
3163 5568 3388 5633 ἄκοντας
3442 5573 3591 5626 θυσαι
3649 5571 3843 5627 πείσει.

2195 5645 2257 5710 Ὠ
2296 5651 2350 5711 δὲ
2410 5653 2597 5722 ἐπίσης
2628 5652 2828 5724 ἐκεῖνοι
2887 5653 3003 5714 οὔτε
3063 5663 3166 5716 τῶν
3196 5665 3375 5716 κακῶν
3433 5662 3696 5736 ἡττῶντο,
3731 5657 3847 5718 οὔτε
