4148 6422
249 364 367 441 609

1425 360 1897 435 MARTYRIUM
1941 369 2002 432 S.
2052 364 2436 433 EUGENIE.

3499 363 3620 430 610

248 511 360 587 μὴν
419 516 522 566 τῶν
564 507 861 566 δοκούντων
931 508 1142 587 διορθῶν
1201 505 1608 586 ἐπεστρέφοντο,
1657 504 1891 571 πολλαῖς

1984 504 2364 568 vincebantur
2385 521 2421 567 a
2449 503 2764 584 malis,nec
2794 500 2867 564 ah
2898 500 2972 564 iis
2998 517 3132 579 quae
3160 498 3318 562 bona
3339 498 3620 561 videban-

247 601 498 678 πρότερον
542 603 779 663 κολάσας
818 599 1091 679 βασάνοις,
1137 602 1259 655 εἶτα
1282 634 1286 636 ~
1313 598 1402 654 καὶ
1456 596 1678 653 θάνατον
1722 597 1894 652 αὐτῶν

1979 603 2095 676 tur,
2115 593 2645 667 convertebantur,
2674 611 2808 655 cum
2836 609 2942 654 eos
2967 595 3129 670 prius
3162 588 3366 651 multis
3386 588 3620 650 affecis-

247 690 554 771 παράνομον
612 688 974 759 καταδικάζει,
1051 688 1160 754 Τὴν
1242 687 1426 763 μέντοι
1502 684 1745 762 γενναίαν
1802 695 1896 745 τοῦ

1984 695 2067 747 set
2099 682 2666 757 tormentis,deinde
2691 684 2867 743 etiam
2888 679 3095 771 iniqua
3131 685 3322 740 morte
3353 696 3624 771 eoscon-

246 786 469 859 Χριστοῦ
511 779 748 856 μάρτυρα
809 777 1001 841 πάλοις
1055 777 1261 849 κελεύει
1324 773 1704 855 προσδεθεϊσαν
1758 776 1894 851 τρισὶ

1977 773 2239 836 demnat.
2286 771 2652 835 Generosam
2686 788 2826 832 vero
2862 769 3081 834 Christi
3112 775 3428 849 martyrem
3454 767 3628 848 jubet

244 870 333 925 καὶ
374 870 493 946 πυρὶ
550 868 809 924 πάντοθεν
851 865 1218 924 κυκλωθεῖσαν
1277 864 1414 922 οὕτω
1469 866 1531 924 τὸ
1574 868 1893 942 μαρτυρικὸν

1984 862 2168 925 tribus
2200 861 2348 943 palis
2370 861 2691 942 alligatam,
2727 867 2785 922 et
2808 860 2946 937 igne
2979 857 3247 939 undique
3276 857 3624 920 circumda-

247 959 542 1025 ὅποστῆναι
585 955 763 1021 τέλος.
811 957 883 1013 Οὗ
916 954 978 1023 δὴ
1028 958 1114 1012 καὶ
1142 956 1233 1012 σὺν
1262 955 1421 1033 τάχει
1452 957 1786 1034 πραχθέντος
1819 956 1891 1017 εἰς

245 1060 443 1128 χεῖρας
469 1048 559 1104 καὶ
590 1046 726 1113 αὐτὴ
772 1053 904 1105 Θεοῦ
955 1046 1018 1101 τὸ
1074 1051 1284 1121 πνεῦμα
1344 1045 1619 1122 παρέθετο,
1652 1041 1894 1123 δευτέραν

246 1137 331 1194 ἐπὶ
360 1135 526 1194 εἰκάδι
570 1136 690 1193 τότε
721 1142 814 1193 τοῦ
848 1130 1171 1213 Δεκεμϐρίου
1199 1134 1371 1210 μηνὸς
1402 1132 1649 1212 ἄγοντος.

330 1226 426 1288 Μ’.
473 1224 808 1283 Ἀπολλωνία
864 1223 921 1280 δέ
976 1244 1055 1289 τις
1125 1222 1259 1301 γυνή
1309 1224 1372 1279 τὸ
1429 1221 1583 1301 γένος
1626 1222 1892 1298 ἐπίσημο;

246 1321 347 1384 τῆς
389 1326 482 1376 τοῦ
524 1315 767 1394 ἅπάρχου
817 1315 1068 1392 γυναικὸς
1117 1311 1371 1380 δεηθεῖσα
1412 1313 1473 1368 τὸ
1530 1313 1669 1390 ἱερὸν
1727 1312 1894 1370 Ἀνα-

249 1406 466 1471 στασίας
543 1409 702 1476 σῶμα
786 1399 1069 1481 λαμϐάνει,
1143 1404 1233 1459 καὶ
1309 1399 1567 1477 λαμπρῶς
1626 1401 1754 1459 αὐτὸ
1809 1403 1897 1459 καί

249 1493 398 1558 ὅπως
455 1491 631 1550 ὶδεΐτο
688 1497 926 1549 τοιοῦτον
994 1491 1271 1566 τιμήσασα
1339 1489 1394 1545 ὲν
1452 1496 1530 1564 τῷ
1570 1494 1670 1557 τῆς
1730 1491 1894 1554 οἰκίας

248 1586 415 1652 αὖτῆς
462 1583 772 1649 κατατίθησι
817 1582 999 1654 κήπῳ.
1043 1579 1303 1660 ε’Υστιιρον
1360 1579 1415 1636 δὲ
1453 1579 1551 1637 καὶ
1595 1582 1722 1637 ναὸν
1753 1578 1896 1658 ἐγείο

247 1694 327 1753 ρει
373 1679 445 1749 τῇ
510 1672 730 1752 μάρτυρι
781 1668 1049 1737 πολυτελῆ
1093 1670 1179 1726 καὶ
1222 1667 1595 1749 περίϐλεπτον,
1645 1671 1730 1726 καὶ
1772 1671 1896 1748 ἐορ-

245 1764 348 1831 τὴν
404 1761 492 1818 ἰπὶ
549 1767 755 1826 τούτοις
811 1759 1026 1828 ὲτησίαν
1071 1758 1382 1817 διατελοῦσα
1433 1761 1602 1837 μένει.
1655 1760 1803 1817 Μετὰ
1844 1758 1898 1816 δὲ

1978 959 2119 1027 tam,
2154 958 2241 1012 sic
2274 952 2452 1013 tinem
2487 950 2692 1012 subire
2719 946 3183 1031 martyrii.Quod
3214 946 3457 1029 quidem
3487 965 3625 1010 cum

1976 1041 2256 1104 celeriter
2281 1040 2499 1102 factum
2526 1038 2843 1120 esset,ipsa
2860 1054 3096 1119 quoque
3127 1034 3189 1098 in
3225 1034 3498 1098 manibus
3516 1035 3628 1099 Dei

1977 1132 2069 1193 sui
2099 1129 2349 1212 deponit
2381 1129 2658 1210 spiritum
2690 1128 2770 1191 22
2802 1127 3029 1190 mensis
3060 1124 3433 1189 Decembris.

2059 1219 2504 1302 XL.Apollonia
2527 1226 2727 1281 autem
2757 1215 3027 1298 quaedam
3053 1215 3271 1277 mulier
3290 1234 3510 1295 genere
3528 1215 3628 1278 in-

1977 1310 2188 1391 signis,
2224 1316 2464 1391 precata
2517 1306 2782 1390 prael‘ecti
2839 1323 3113 1381 uxorem,
3148 1306 3363 1386 accipit
3391 1324 3628 1368 sacrum

1980 1418 2199 1481 corpus
2228 1396 2581 1479 Anastasiaar,
2616 1405 2676 1458 et
2732 1414 2866 1457 cum
2918 1395 3113 1476 ipsum
3167 1393 3453 1475 praeclare
3482 1403 3539 1456 et
3568 1403 3632 1456 ut

1981 1494 2280 1567 oportebat
2308 1493 2669 1555 honorasset,
2708 1488 2941 1561 deponit
2973 1488 3035 1545 in
3067 1488 3234 1546 horto
3256 1488 3462 1546 domus
3491 1502 3622 1545 suae.

1979 1586 2193 1645 Postea
2225 1597 2365 1642 vero
2396 1579 2683 1659 templum
2706 1593 2944 1657 quoque
2965 1575 3186 1638 excitat
3209 1575 3448 1656 martyri
3482 1594 3629 1657 prae-

1981 1673 2206 1734 clarum
2233 1677 2292 1732 et
2314 1667 2790 1749 magniﬁcum,et
2824 1672 3031 1745 postea
3061 1663 3542 1727 anniversarium
3575 1666 3631 1729 ei

1982 1763 2192 1824 festum
2224 1758 2660 1821 celebrat.Post
2689 1771 2882 1816 annos
2911 1763 3109 1816 autem
3146 1753 3387 1836 multos,
3423 1753 3633 1817 civita-

244 1853 479 1933 χρόνους
535 1853 569 1921 ἡ
616 1850 671 1906 ἐν
714 1849 903 1907 πόλεσι
959 1847 1350 1925 πανευδαίμων,
1384 1851 1419 1918 ἦ
1479 1851 1892 1925 Κωνσταντίνου,

1984 1860 2106 1914 tum
2136 1842 3091 1933 felicissima,Constantinopolis,
3125 1842 3532 1933 inquam,ejus
3559 1845 3632 1907 ad

245 1942 412 2022 φημὶ,
469 1941 532 1997 τὸ
588 1941 789 2008 ταύτης
851 1938 1203 2014 ἀνακομισθὲν
1282 1936 1559 2018 ἐκδέχεται
1618 1938 1891 2014 λείψανον,

242 2034 341 2089 καί
406 2038 487 2104 τῷ
532 2028 941 2108 μεγαλοπρεπεῖ
973 2035 1084 2102 ναῷ
1113 2029 1202 2085 καὶ
1229 2026 1358 2103 ἀξίῳ
1413 2028 1612 2094 ταύτης
1646 2026 1897 2086 ἐναποτί-

241 2124 389 2178 θεται
460 2122 738 2195 θησαυρῶν
796 2117 1032 2197 ἀγαθῶν,
1105 2117 1387 2192 θαυμάτων
1476 2119 1684 2198 πηγὴν,
1736 2118 1896 2195 ῥῶσιν

244 2210 455 2289 ψυχῆς,
501 2209 660 2286 ῥῶοιν
702 2207 979 2284 σώματος,
1019 2207 1091 2271 εἷς
1146 2204 1298 2271 δόξαν
1338 2208 1567 2286 Πατρὺς,
1632 2209 1753 2263 Υἱοῦ
1808 2209 1896 2264 καὶ

241 2301 398 2377 ἁγίου
446 2299 747 2371 Πνεύματος
774 2344 790 2370 ,
842 2299 941 2364 τῆς
997 2301 1125 2371 μιᾶς
1183 2296 1435 2362 θεότητος
1479 2316 1537 2353 τε
1591 2297 1677 2352 ΑἏῖ
1732 2297 1894 2373 βασι-

239 2387 421 2468 λείας,
451 2389 489 2464 ﬁ
517 2387 704 2465 πρέπει
749 2385 882 2460 τιμὴ
944 2390 1113 2457 πᾶσα,
1169 2382 1508 2462 μεγαλοσύνη
1540 2406 1598 2441 τε
1650 2388 1738 2442 καὶ
1795 2408 1898 2461 με-

241 2477 615 2557 γαλοπρέπεια
670 2477 757 2533 νῦν
815 2477 900 2532 καὶ
960 2475 1033 2538 εἱς
1067 2475 1187 2539 τοὺς
1244 2476 1439 2539 αἰῶνας
1500 2480 1608 2532 τῶν
1666 2474 1896 2540 αἰώνων,

243 2566 452 2645 Ἀμήν.

1978 1959 2046 2003 se
2074 1959 2245 2019 expo:
2264 1944 2416 2000 tatas
2446 1935 2697 2014 suscipit
2726 1932 3033 2013 reliquias,
3072 1941 3131 1993 et
3163 1950 3264 1993 eas
3294 1930 3543 2012 deponit
3572 1934 3634 1995 in

1980 2028 2298 2108 magniﬁco
2321 2027 2542 2106 templo
2561 2033 2621 2087 et
2643 2022 3282 2102 eadigno,thesaurum
3307 2020 3626 2097 bonorum,

1978 2118 2202 2181 fontem
2238 2115 2685 2187 miraculorum,
2714 2110 3266 2173 corroborationem
3325 2109 3542 2172 animae
3572 2120 3632 2173 et

1977 2208 2273 2287 corporis,
2304 2206 2380 2267 ad
2411 2204 2660 2282 gloriam
2693 2199 3059 2275 Patris,Filii
3093 2206 3153 2261 et
3180 2200 3433 2279 Spiritus
3456 2218 3632 2263 sanc-

1984 2298 2048 2371 ti,
2091 2296 2268 2357 unius
2300 2293 2635 2355 divinitatis
2667 2300 2724 2352 et
2755 2291 2923 2369 regni
2959 2309 2973 2352 :
3009 2287 3110 2351 cui
3138 2290 3416 2352 convenit
3439 2290 3634 2351 omnis

1982 2387 2197 2460 honor,
2234 2384 2511 2464 majestas
2543 2390 2602 2443 et
2631 2379 3261 2460 magniﬁcentia,nunc
3284 2389 3343 2442 et
3365 2395 3629 2462 semper,

1984 2485 2045 2539 et
2076 2477 2135 2538 in
2172 2475 2389 2537 saecula
2417 2473 2796 2535 saeculorum.
2827 2471 3046 2534 Amen.

327 2699 400 2761 S.
455 2698 805 2761 Anastasius
862 2695 1128 2779 epistola:
1187 2696 1321 2759 dum
1375 2697 1481 2782 ad_
1511 2696 1586 2782 S_._
1595 2778 1606 2782 _
1629 2697 2113 2782 Chrysogonum,
2176 2719 2316 2765 cum
2370 2700 2445 2782 S.
2510 2699 2885 2782 Chrysogoni
2942 2697 3266 2778 rescripto,
3311 2701 3555 2761 exstant

1313 2778 1482 2859 apud
1523 2778 1956 2860 Nicephorum,
2006 2782 2115 2845 lib.
2163 2800 2266 2846 xrv
2310 2784 2376 2845 in
2409 2781 2558 2860 ﬁne.

246 2953 3580 2986 Μ

1615 3115 2269 3204 ΜΑΡΤΥΡΙΟΝ

437 3322 783 3451 ΤΗΣ
881 3317 1401 3449 ΑΓΙΑΣ
1509 3320 2460 3454 ΜΑΡΤΥΡΟΣ
2576 3318 3452 3452 ΕΥΓΕΝΙΑΣ

1505 3811 1514 3818 _
1597 3691 2278 3779 MARTYBIUM

869 3938 1444 4049 SANCTZE
1531 3940 2244 4051 MARTYRIS
2332 3944 2795 4057 EUGEN
2814 3946 2986 4055 Iz‘E

512 4258 716 4327 (Latine
744 4260 874 4335 apud
911 4261 1120 4320 Surium
1169 4263 1231 4319 ad
1264 4261 1402 4320 diem
1439 4260 1511 4319 25
1556 4260 1852 4319 Decembris
1883 4281 1898 4329 ;
1940 4261 2129 4320 Graece
2166 4279 2228 4318 ex
2266 4263 2378 4323 cod.
2421 4279 2518 4321 ms.
2569 4264 2734 4321 Paris.
2780 4281 2834 4323 n.
2878 4264 3036 4333 H95,
3072 4282 3192 4324 saec.
3235 4266 3381 4335 xxv.)

312 4495 405 4560 A’.
461 4498 698 4571 Κομόδου
756 4503 892 4578 μετὰ
935 4503 1150 4583 Μάρκον
1205 4504 1299 4560 τὸν
1360 4505 1520 4561 αὐτού
1573 4501 1780 4582 πατέρα
1835 4503 1896 4559 τὸ

2059 4503 2108 4566 Ι.
2142 4501 2472 4566 Commodo
2495 4510 2627 4586 post
2646 4503 2909 4568 Marcum
2935 4522 3107 4567 suum
3137 4503 3636 4587 patrem,Romad

220 4588 551 4663 ⁸Ρωμαῖκὸν
610 4590 882 4671 σκῆπτρον
925 4591 1149 4672 ἔχοντος
1203 4595 1292 4650 καὶ
1340 4591 1565 4669 ἕϐδομον
1627 4591 1744 4654 ἔτος
1787 4589 1892 4659 ἤδη

223 4683 310 4754 τῇ
343 4679 496 4757 ἀρχῇ
524 4676 848 4756 διανύοντοςη,
879 4681 1144 4747 Φίλιππος
1175 4682 1311 4761 ἀνήρ
1358 4705 1440 4747 τις
1486 4688 1594 4739 τῶν
1623 4681 1894 4760 ἐπιφανῶν

226 4764 492 4846 ἔπαρχος
523 4769 787 4848 Αἰγύπτου
822 4772 1152 4847 καθίσταται,
1198 4772 1259 4836 ὃς
1308 4771 1422 4847 ἅμα
1451 4771 1659 4850 γυναικὶ
1720 4770 1900 4828 Κλαυ-

230 4853 333 4929 δίᾳ
388 4858 481 4913 καὶ
510 4865 718 4923 τεκνοις
773 4861 872 4917 ἆνᾶ
918 4862 1016 4929 τὴν
1071 4862 1343 4941 Αἴγυπτον
1386 4859 1687 4924 στέλλεται.
1720 4860 1904 4935 Τούτῳ

228 4942 446 5009 παῖδες
504 4949 603 5023 μὲν
660 4948 870 5028 ἅρῤενες
929 4948 1043 5026 δύο,
1109 4951 1332 5029 Ἀμιτός
1387 4972 1444 5008 τε
1503 4950 1597 5009 καὶ
1655 4949 1899 5027 Σέργιος,

231 5034 490 5115 θυγάτηρ
547 5034 603 5093 δὲ
664 5041 882 5116 Εὗγενία
943 5039 1136 5117 ὄνομα,
1202 5038 1422 5118 εὖγενὴς
1475 5038 1531 5096 δὲ
1587 5040 1675 5096 καὶ
1719 5042 1907 5118 ψυχὴν

232 5124 438 5203 ὥσπερ
467 5125 567 5205 ἄρα
610 5128 699 5185 καὶ
729 5134 887 5202 σῶμα
927 5131 1016 5186 καὶ
1070 5132 1133 5187 τὸ
1180 5127 1380 5195 κάλλος
1428 5126 1690 5206 ἀοίδιμος,
1721 5126 1786 5196 ἧς
1816 5129 1907 5184 καὶ

228 5214 342 5271 τόν
404 5214 521 5292 βίον
551 5219 579 5274 ὁ
623 5215 784 5296 λόγος
838 5216 954 5297 ἄρτι
997 5233 1116 5284 τοῖς
1160 5216 1462 5299 φιλαρέτοις
1493 5219 1736 5276 δπόθεσιν
1778 5238 1907 5295 προ-

228 5305 539 5375 εστήσατο.
574 5306 636 5365 Ὀ
671 5307 769 5382 μὲν
800 5309 889 5364 οὖν
918 5306 1185 5371 Φίλιππος
1214 5310 1288 5372 ὡς
1334 5306 1439 5376 ἤδη
1488 5308 1588 5377 τὴν
1647 5303 1903 5372 Ἀλεξάν-

222 5390 366 5473 δρου
420 5394 577 5454 πόλιν
638 5399 739 5466 τὴν
803 5396 1049 5476 μεγάλην
1105 5394 1390 5474 κατέλαϐε,
1437 5419 1621 5475 νομοις
1667 5396 1731 5454 τὰ
1787 5394 1905 5452 ἐκεῖ

220 5484 422 5543 πάντα
468 5484 657 5564 διῴκει
693 5484 1055 5568 Ῥωμαϊκοῖς,
1089 5489 1177 5545 καὶ
1204 5500 1324 5552 τοῖς
1371 5489 1640 5567 πατρῴοις
1671 5484 1904 5544 ἀκολου-

218 5578 350 5634 θῶν
409 5575 569 5660 ἔθεσι,
621 5575 870 5659 χαλεπὸς
922 5579 1019 5653 μὲν
1082 5577 1144 5647 ἦν
1203 5591 1323 5645 τοῖς
1368 5579 1470 5646 τὴν
1501 5578 1673 5656 μάγον
1700 5574 1904 5656 τέχνην

216 5668 701 5750 μεταχειρίζουσι,
764 5665 1009 5744 χαλεπὸς
1080 5664 1137 5726 δὲ
1214 5680 1334 5736 τοῖς
1402 5666 1751 5740 ἰουδαίζοοσι
1799 5676 1906 5730 τῶν

1980 4609 2122 4654 nom
2152 4597 2397 4655 tenente
2425 4592 2774 4674 imperium,
2826 4613 2960 4658 cum
3001 4595 3129 4675 jam
3181 4602 3412 4676 septem
3446 4612 3642 4658 annos

1983 4682 2044 4744 in
2075 4700 2147 4744 eo
2181 4682 2586 4763 transegisset,
2615 4683 2858 4765 quidam
2916 4685 3222 4766 Philippus
3257 4685 3345 4746 vir
3376 4684 3637 4747 illustris

1985 4773 2229 4851 IEgypto
2253 4772 2565 4852 proﬁcitur
2589 4790 2602 4835 :
2630 4773 2733 4854 qui
2777 4772 2964 4837 simul
2986 4792 3120 4837 cum
3174 4791 3358 4838 uxore
3386 4774 3645 4838 Claudia

1986 4867 2047 4923 et
2066 4859 2203 4922 ﬁliis
2228 4860 2479 4923 mittitur
2499 4861 2561 4923 in
2584 4864 2922 4943 IEgyptnm.
2953 4863 3020 4926 Ei
3044 4872 3216 4926 erant
3239 4864 3358 4926 duo
3391 4863 3641 4945 quidem

1991 4948 2096 5012 ﬁlii
2122 4950 2602 5029 masculi,Avitas
2629 4961 2693 5014 et
2718 4949 2962 5030 Sergius
2998 4969 3012 5012 :
3050 4951 3170 5015 tilia
3201 4951 3640 5028 autem,nomi-

1990 5057 2068 5103 ne
2094 5038 2338 5119 quidem
2369 5039 2662 5119 Eugenia,
2716 5039 2917 5103 animo
2968 5059 3111 5105 vero
3139 5060 3455 5121 generosa,
3490 5042 3646 5105 sicut

1966 5127 2167 5191 etiam
2199 5146 2454 5210 corpore
2484 5138 2546 5192 et
2603 5129 2795 5192 forma
2851 5129 3126 5210 insignis.
3160 5130 3246 5194 De
3294 5131 3471 5211 cujus
3528 5131 3647 5195 vita

1991 5217 2359 5298 propositum
2392 5226 2482 5281 est
2510 5218 2714 5282 dicere
2747 5218 2885 5282 viris
2915 5219 3091 5283 bonis
3120 5228 3180 5282 et
3208 5220 3441 5283 virtutis
3469 5238 3646 5285 ama-

1990 5306 2247 5369 toribus.
2280 5307 2479 5389 Atque
2513 5308 2828 5391 Philippus
2860 5309 3109 5391 quidem
3142 5319 3453 5392 postquam
3485 5311 3650 5374 venit

1986 5394 2052 5459 in
2082 5413 2356 5476 magmm
2375 5396 2702 5462 Alexandri
2723 5400 3186 5476 civitatem,illic
3215 5401 3421 5467 omnia
3446 5400 3641 5464 admi-

1986 5484 2295 5577 nistrabat,
2328 5492 2637 5555 Romanos
2675 5499 2737 5554 et
2767 5492 2992 5574 patrios
3025 5510 3287 5577 sequens
3319 5510 3538 5556 mores.
3567 5492 3645 5557 Et

1986 5575 2239 5641 infestus
2258 5579 2502 5660 quidem
2533 5589 2662 5644 erat
2692 5580 2767 5645 iis
2791 5582 2895 5664 qui
2925 5575 3131 5647 artem‘
3148 5581 3479 5647 tractabant
3500 5599 3639 5646 ma-

1985 5666 2201 5748 gicam,
2237 5668 2494 5735 infestus
2518 5682 2724 5737 autem
2747 5679 2809 5737 et
2826 5672 3053 5739 Judeis
3088 5692 3101 5737 :
3131 5673 3374 5739 illorum
3396 5670 3643 5755 quidem
