4148 6422
480 325 590 393 611

1785 325 2064 391 MENSlS
2106 324 2533 396 DECEMBER.

3740 334 3859 401 612

486 467 703 529 multos
733 465 809 527 de
843 465 1039 528 medio
1073 464 1310 537 tollens,
1342 464 1579 526 Judaeos
1614 482 1751 527 vero
1800 482 1875 526 ne
1924 463 2117 524 sinent

2214 467 2310 537 μὲν
2341 472 2429 526 καὶ
2461 471 2691 536 πολλοὺς
2753 473 3003 551 ἀναιρῶν,
3065 470 3342 530 Ἰουδαίους
3394 470 3448 527 δὲ
3484 471 3619 545 μηδὲ
3650 473 3854 548 ὀνομά-

481 557 723 639 quidem
750 555 1067 618 nominari:
1098 553 1300 614 mitius
1322 562 1517 615 autem
1542 553 1753 632 agebat
1782 571 1917 615 cum
1951 551 2125 615 Chri-

481 646 884 726 stianis,ipsos
911 644 1150 725 quidem
1172 643 1351 705 etiam
1369 642 1673 721 expellens
1700 642 2001 714 ecivitate;
2024 641 2129 702 sed

480 745 616 799 ante
650 753 872 808 muros,
908 753 1041 796 cum
1074 732 1155 795 ita
1181 732 1467 812 jussisset
1525 732 1875 812 imperator,
1913 750 2014 793 eos
2041 732 2128 792 si-

483 844 632 887 uens
663 825 883 902 degere
906 831 965 883 et
984 821 1505 901 habitareApet-te
1528 830 1724 882 autem
1754 820 2123 895 ostendebat,

480 933 543 976 se
560 913 924 976 Christianos
958 911 1198 992 quidem
1226 910 1493 971 revereri
1529 920 1773 990 propter
1804 910 2127 991 perfectam

478 1005 608 1065 vitae
642 1002 1075 1082 philosophiam
1105 1021 1120 1077 ;
1152 1010 1211 1061 et
1243 1002 1378 1061 ideo
1411 1020 1517 1061 eos
1578 1000 1753 1061 etiam
1808 1000 2131 1080 praeferens

478 1090 809 1153 cultoribus
839 1090 1324 1152 simulacrorum.
1362 1088 1498 1169 Ipse
1552 1108 1692 1151 vero
1743 1109 1876 1151 cum
1925 1108 2131 1150 rursus

478 1191 783 1244 teneretur
811 1199 845 1242 a
875 1180 1303 1261 superstitione
1336 1188 1394 1240 et
1426 1180 1575 1241 falsa
1631 1179 1945 1258 religione,
1998 1197 2129 1258 quae

476 1289 510 1333 a
542 1280 713 1351 patre
741 1270 797 1332 ei
829 1270 1020 1330 fuerat
1052 1269 1290 1342 tradita,
1323 1278 1550 1329 amaret
1579 1277 1775 1329 autrm
1830 1268 2126 1330 eruditio-

476 1378 613 1422 nem
631 1370 691 1422 et
712 1356 1475 1440 eloquentiam,Eugeni-am
1494 1376 1732 1437 quoque
1753 1376 1920 1418 suam
1948 1356 2125 1419 filiam

478 1450 540 1513 in
572 1449 909 1530 disciplinis
940 1447 1211 1510 educavit
1263 1446 1615 1519 liberaliter,
1672 1456 1984 1526 utrumque
2015 1446 2128 1506 do-

476 1558 644 1614 cens,
673 1557 889 1618 nempe
924 1539 1252 1599 Romanam
1287 1546 1343 1596 et
1371 1534 1633 1599 Graecam
1669 1536 2025 1609 orationem,
2073 1545 2132 1598 et

474 1630 724 1691 studens
738 1628 938 1689 videre
954 1645 1079 1688 eam
1102 1626 1269 1688 valde
1296 1635 1633 1705 provectam
1656 1625 1713 1685 in
1733 1625 2125 1705 philosophia.

2214 562 2388 626 ζεσθαι
2448 564 2769 642 συγχωρῶν,
2804 571 3145 640 Χριστιανοῖς
3203 582 3263 639 γε
3309 563 3415 636 μην
3474 561 3861 640 ἐπιεικέστερον

2214 650 2565 729 προσεφέρετο
2638 658 2733 719 τῆς
2803 652 2897 726 μὲν
2971 649 3178 714 πόλεως
3235 652 3317 707 καὶ
3381 652 3565 714 αὐτοὺς
3625 650 3853 724 ἐξωθῶν,

2214 736 2442 804 πλησίον
2472 739 2526 796 δέ
2557 764 2658 798 που
2690 743 2791 818 πρὸ
2848 748 2953 796 τῶν
3011 747 3235 819 τειχῶν,
3298 738 3559 815 βασιλέως
3593 741 3733 797 οὕτω
3765 763 3861 799 κε·-

2507 878 2522 905 ,
2591 830 2750 909 ἐφιεὶς
2799 828 2998 906 διάγειν
3029 832 3116 885 καὶ
3147 842 3446 887 κατοικεῖν.
3487 830 3661 895 Δῆλος
3695 828 3750 884 δὲ
3794 833 3861 896 ἦν

2214 920 2554 983 Χριστιανοὺς
2589 920 2685 990 μὲν
2714 918 2799 974 διὰ
2855 919 2949 984 τὴν
2994 914 3185 993 ἀκριϐῆ
3248 924 3336 972 τοῦ
3388 917 3501 992 βίου
3550 916 3861 995 φιλοσοφίαν

2216 1002 2519 1079 αἰδούμενος
2566 1011 2650 1063 καὶ
2710 1008 2852 1082 παρὰ
2910 1014 3062 1062 τοῦτο
3105 1007 3193 1061 καὶ
3256 1008 3357 1082 πρὸ
3410 1012 3514 1060 τῶν
3567 1004 3860 1062 εἰδωλολαο

2215 1101 2350 1171 τρῶν
2385 1096 2680 1171 τιθέμενος,
2720 1097 2884 1161 Αὐτὸς
2942 1094 2994 1151 δὲ
3054 1096 3218 1151 πάλιν
3267 1096 3367 1151 ὑπὸ
3426 1096 3519 1162 τῆς
3578 1117 3859 1173 πατροπα-

2213 1181 2432 1259 ραδότοδ
2490 1184 2900 1260 δεισιδαιμονίας
2961 1185 3265 1264 ἐχόμενος,
3349 1184 3587 1249 παιδείας
3665 1183 3719 1240 δὲ
3775 1186 3863 1241 καὶ

2212 1269 2388 1349 λόγων
2449 1278 2734 1353 γενόμενος
2789 1275 3013 1351 ἐραστὴς
3071 1273 3165 1329 καί
3231 1278 3477 1347 Εὖγενίαν
3544 1274 3637 1341 τὴν
3705 1276 3861 1330 αὐτοῦ

2212 1362 2467 1440 θυγατέρα
2529 1362 2877 1439 παιδεύμασιν
2965 1362 3272 1439 ἐλευθερίοις
3353 1363 3596 1441 ἀνέτρεφε
3633 1408 3651 1440 ,
3709 1358 3859 1417 διδά-

2214 1474 2355 1506 σκων
2417 1452 2579 1531 ἄμφω
2635 1455 2722 1508 τὸν
2785 1452 3089 1526 Ῥωμαϊκόν
3146 1474 3204 1507 τε
3252 1452 3339 1508 καὶ
3386 1449 3857 1527 ”1Ξλληναλόγον,

2213 1543 2301 1596 καὶ
2352 1540 2666 1620 φιλοσοφίας
2727 1542 2810 1598 ἐπὶ
2872 1542 3009 1618 μέγα
3064 1540 3295 1607 ἥκουσιν
3344 1539 3645 1611 σπουδάζων
3704 1538 3861 1603 ἰδεῖν,

2215 1628 2428 1696 Ἐκείνη
2488 1629 2541 1685 δὲ
2604 1637 2671 1706 τῇ
2724 1636 2823 1697 τῆς
2887 1633 3091 1708 φύσεως
3151 1631 3398 1704 εὐμαθείᾳ
3440 1632 3729 1706 προσθεῖσα
3778 1630 3870 1684 καὶ

2215 824 2497 891 λεύσαντος

476 1717 580 1781 llla
609 1725 805 1779 autem
841 1735 974 1778 cum
1030 1714 1209 1776 docili
1264 1714 1505 1790 ingenio
1562 1713 1890 1776 addidisset
1951 1714 2117 1775 etiam

2216 1718 2464 1792 ἄσκησιν,
2517 1721 2672 1785 ἀξίως
2734 1722 2871 1778 πάνυ
2921 1734 3038 1783 τοῖς
3084 1720 3262 1793 λόγοις
3327 1720 3526 1775 ’ἔπτατο
3577 1724 3703 1774 πᾶσι
3768 1717 3866 1784 μὲν

476 1806 994 1879 exercitationem,
1029 1804 1313 1866 celeriter
1342 1803 1632 1865 advolavit
1661 1803 1733 1864 ad
1769 1803 2124 1877 doctrinam,

473 1897 740 1958 animum
765 1893 1007 1975 quidz-m
1037 1891 1335 1954 adhibens
1363 1893 1807 1971 omnibusque:
1831 1900 1999 1953 erant
2022 1900 2128 1952 uti-

473 1986 602 2048 lia:
656 1985 853 2046 omnia
917 1991 1142 2053 autem,
1204 1981 1420 2061 quibus
1481 1987 1744 2043 animum
1776 1981 2121 2056 adhibebat,

476 2082 672 2137 mente
698 2073 872 2135 facile
903 2071 1402 2153 apprehendens;
1447 2090 1579 2150 quae
1614 2089 1753 2131 vero
1788 2070 2119 2143 didicisset,

469 2165 553 2227 ita
587 2174 802 2226 tenens
827 2161 1139 2237 memoria,
1174 2169 1237 2222 ut
1296 2159 1643 2222 viderentur
1704 2161 1932 2240 scripta
1988 2178 2120 2222 esse

471 2255 532 2317 in
563 2254 695 2334 ejus
723 2252 907 2315 corde
943 2260 1218 2331 tanquam
1254 2249 1314 2310 in
1351 2249 1568 2311 tabulis
1598 2250 1805 2311 amcis.

550 2342 624 2404 ll.
648 2345 796 2404 Cum
828 2342 915 2403 sic
945 2340 1235 2403 doctrinm
1257 2346 1414 2401 esset
1445 2338 1668 2409 dedita,
1705 2339 1889 2400 nihilo
1920 2339 2117 2401 secius

470 2442 596 2495 erat
619 2432 795 2493 etiam
830 2440 1038 2511 suapte
1075 2438 1286 2491 natura
1317 2427 1583 2490 studiosa
1605 2427 1877 2501 virtutis;
1914 2437 1968 2490 et
1996 2439 2118 2490 erat

469 2522 711 2604 quidem
764 2519 940 2600 digna
970 2520 1140 2599 cujus
1168 2526 1518 2580 cerneretur
1548 2519 1805 2598 species,
1842 2527 1899 2579 et
1939 2519 2116 2598 digna

468 2612 637 2692 cujus
654 2608 962 2672 audiretur
991 2608 1205 2670 oratiu.
1243 2608 1334 2670 Ad
1379 2607 1732 2668 imitandum
1766 2617 1963 2669 autem
1988 2619 2114 2669 erat

467 2699 745 2763 omnibus
777 2697 936 2759 utilis
969 2707 1027 2759 et
1075 2696 1374 2777 salutaris,
1412 2705 1491 2771 et,
1526 2697 1680 2777 quod
1716 2707 1804 2758 est
1835 2698 2113 2759 omnibus

469 2787 910 2869 admirabilius,
943 2805 1076 2849 cum
1111 2786 1373 2847 nondum
1401 2784 1755 2848 excessisset
1784 2793 1968 2847 aetatis
1998 2807 2109 2849 an-

468 2898 611 2942 num
644 2876 942 2939 decimum
975 2884 1234 2956 sextum,
1280 2876 1336 2937 in
1400 2893 1629 2937 morum
1687 2876 1998 2938 honestate
2056 2887 2114 2939 et

467 2969 663 3031 studio
691 2966 923 3028 virtutis
943 2962 1261 3046 superabat
1292 2983 1393 3026 eos
1420 2964 1519 3045 qui
1544 2973 1715 3026 erant
1733 2966 2113 3045 mtatislonge

467 3055 1027 3140 provectioris.Cum
1053 3064 1250 3117 autem
1280 3054 1466 3116 latere
1501 3074 1617 3116 non
1652 3062 1872 3135 posset,
1909 3059 2112 3117 omnia

466 3146 825 3228 pervadente
869 3144 1044 3220 fama,
1081 3145 1233 3205 hanc
1264 3162 1397 3223 quae
1452 3153 1577 3206 erat
1631 3145 1848 3206 virtute
1897 3145 2109 3207 claris—

2215 1823 2329 1875 τοῖς
2360 1811 2649 1889 ὠφελίμοις
2684 1811 3046 1890 προσέχουσα,
3090 1811 3259 1865 πάντα
3315 1808 3370 1865 δὲ
3420 1812 3508 1871 οἷς
3568 1822 3869 1887 προσεῖχεν

2214 1902 2449 1979 εὖχερῶς
2491 1899 2843 1975 παραδιδοῦσα
2890 1908 2957 1975 τῇ,
3015 1898 3217 1970 διανοίᾳ
3250 1918 3263 1933 ·
3313 1898 3345 1954 ἃ
3404 1898 3457 1953 δὲ
3524 1900 3683 1973 μάθοι
3728 1898 3871 1954 οὕτω

2210 1997 2276 2066 τῇ
2311 1992 2499 2065 μνήμῃ
2529 1988 2919 2069 διακατέχουσι
2963 1992 3037 2051 ὡς
3090 1989 3143 2044 ἐν
3175 1988 3413 2067 χαλκαῖς
3448 1986 3626 2044 δοκεῖν
3655 1986 3859 2052 πίναξιν

2208 2080 2559 2159 ἐγγεγράφθαι
2596 2082 2757 2146 αὐτῆς
2794 2085 2858 2155 τῇ
2889 2078 3093 2156 καρδίᾳ.

2282 2348 2361 2408 Β’.
2396 2347 2545 2405 Οὕτω
2577 2350 2691 2426 περὶ
2747 2348 2935 2426 λόγους
2998 2346 3199 2426 ἔχουσα
3253 2345 3400 2402 οὐδὲν
3429 2347 3588 2414 ἦττον
3619 2345 3715 2402 καὶ
3744 2346 3845 2414 τὴν

2199 2438 2384 2518 ψυχὴν
2446 2440 2576 2516 πρὸς
2642 2438 2834 2516 ἀρετὴν
2893 2438 2949 2493 εὖ
2980 2436 3251 2515 ἐπειρῧκει,
3289 2438 3374 2492 καὶ
3431 2434 3496 2501 ἧν
3551 2434 3682 2493 ἰδεῖν
3742 2437 3847 2511 μὲν

2200 2526 2520 2607 ἀξιοθέατος,
2556 2529 2726 2583 εἰπεῖν
2756 2526 2809 2583 δὲ
2870 2527 3231 2598 ἀξιέκουστος,
3281 2524 3522 2595 ζηλῶσαι
3574 2524 3628 2580 δέ
3684 2531 3848 2582 πᾶσιν

2195 2616 2464 2695 ὠφέλιμος
2521 2619 2604 2673 καὶ
2667 2619 2948 2695 σωτήριος,
3014 2615 3105 2671 καὶ
3164 2616 3225 2670 τό
3281 2636 3337 2670 τε
3394 2614 3609 2670 πάντων
3641 2617 3850 2688 θαυμα-

2194 2709 2446 2782 σιώτερον
2505 2705 2585 2762 ὅτι
2646 2708 2813 2781 μήπω
2869 2708 2930 2761 τὸ
2985 2705 3229 2778 πέμπτον
3284 2702 3397 2768 ἔτος
3477 2705 3564 2759 καὶ
3623 2700 3852 2759 δέκατον

2193 2792 2459 2865 ὺπερϐἄσα
2512 2796 2611 2861 τῆς
2646 2794 2855 2862 ἡλικίας
2912 2795 2987 2857 εἰς
3039 2792 3324 2866 εὗκοσμίαν
3375 2791 3522 2853 ἕθο)ς
3572 2793 3661 2848 καί
3718 2792 3850 2870 ἀρε-

2193 2883 2288 2950 τῆς
2345 2883 2650 2958 ἐπιμέλειαν
2684 2887 2786 2941 ’ὧν
2825 2881 3010 2954 πολλῷ
3059 2879 3422 2959 πρεσϐυτέρων
3478 2881 3576 2948 τὴν
3634 2879 3852 2949 ἡλικίαν

2194 2973 2423 3050 ἐπράτει,
2487 2972 2636 3030 Ἐπεὶ
2694 2972 2748 3029 δέ
2791 2973 2869 3046 μὴ
2927 2972 3056 3051 εἶχε
3114 2970 3322 3043 λαϐεῖν,
3384 2971 3480 3035 τῆς
3540 2970 3726 3047 φήμης
3759 2968 3848 3026 διὰ

2194 3064 2409 3118 πάντων
2468 3063 2779 3142 χωρούσης,
2835 3062 2931 3128 τὴν
3005 3058 3352 3126 ἐνδοξοτάτην
3400 3057 3518 3115 κατ’
3562 3060 3756 3136 ἀρετὴν
3818 3061 3847 3113 ὃ

2196 3151 2528 3217 ἐνδοξότατος
2559 3153 2656 3219 τὴν
2705 3151 2988 3217 πολιτικὴν
3036 3150 3214 3229 ἀρχὴν
3257 3149 3617 3225 ἐμνηστεύετο
3681 3147 3845 3203 Ἀκυ-

464 3237 639 3317 sima,
673 3241 734 3295 in
791 3234 1311 3296 administratione
1359 3233 1706 3314 reipublicw
1748 3234 2112 3297 clarissimus

2205 3243 2368 3315 λῖνος,
2414 3241 2610 3304 ὕπατος
2656 3240 2730 3297 ὢν
2764 3247 3053 3307 τηνικαῦτα
3086 3241 3173 3294 καὶ
3206 3238 3368 3302 ἄλλος
3430 3238 3493 3292 τὰ
3526 3236 3706 3314 πρῶτα
3736 3238 3843 3292 τῶν

462 3323 780 3406 despondit
829 3323 1140 3404 Aquilinus
1200 3322 1497 3404 [Aquilius
1546 3341 1646 3385 seu
1696 3323 1973 3405 Acilius],
2011 3326 2113 3404 qui

468 3423 609 3476 tunc
640 3420 766 3475 erat
791 3413 1023 3494 consul,
1052 3422 1109 3474 et
1128 3412 1354 3490 alioqui
1378 3411 1619 3475 tenebat
1637 3412 1892 3493 primum
1918 3414 2109 3476 locum

461 3503 619 3586 apud
640 3502 938 3565 Romanos
970 3502 1201 3565 nobiles
1242 3505 1559 3584 Postquam
1597 3521 1736 3564 vero
1758 3514 2113 3582 rogaverunt

463 3590 1043 3676 parentes,nunquid
1072 3592 1128 3653 ei
1158 3591 1323 3655 cordi
1344 3601 1504 3655 esset
1529 3594 1869 3672 conjugium
1896 3602 1953 3655 et
1976 3612 2111 3674 gra-

462 3694 558 3746 tus
580 3699 858 3763 sponsus,
896 3682 991 3743 hic
1018 3682 1274 3744 maxime
1296 3680 1561 3759 Eugenia
1584 3682 1845 3742 ostendit
1876 3683 2111 3761 signum

457 3773 734 3853 generosi
756 3769 1214 3844 animi.Quidvis
1238 3772 1396 3834 enim
1422 3771 1627 3851 potius
1645 3771 1763 3851 pati
1785 3773 2107 3848 sustinens,

461 3881 638 3946 quam
671 3861 785 3922 sibi
808 3860 1046 3922 charam
1074 3860 1375 3942 expellere
1393 3861 1813 3940 virginitatem,
1843 3870 1900 3925 et
1929 3863 2107 3925 amit-

466 3962 591 4014 tere
640 3949 993 4029 castitatem,
1055 3959 1332 4030 parentes
1390 3958 1519 4012 arte
1567 3949 1843 4031 decipit;
1893 3959 1953 4012 et
2008 3952 2112 4013 viri

469 4041 708 4123 quidem
738 4057 926 4118 genus
954 4039 1441 4115 laudavit,mores
1472 4048 1666 4101 autem
1700 4041 2107 4120 reprehendit:

473 4138 532 4194 et
580 4136 835 4212 oportet,
896 4129 1111 4210 inquit,
1175 4138 1235 4190 ut
1289 4129 1609 4210 plurimum
1683 4129 1814 4192 illos
1863 4148 2115 4214 sponsos

479 4220 837 4300 eligere,qui
867 4217 1080 4298 generi
1108 4228 1522 4281 ornamentum
1557 4218 1835 4299 aderunt,
1866 4239 1985 4283 non
2017 4224 2117 4301 qui

474 4315 680 4373 volunt
734 4308 931 4371 ornari
962 4327 996 4369 a
1021 4326 1270 4387 genere.
1303 4311 1449 4368 Cum
1509 4318 1703 4370 autem
1739 4310 1907 4371 multi
1938 4311 2114 4373 etiam

473 4402 576 4465 alii
608 4418 736 4462 eam
771 4407 1038 4479 peterent
1061 4417 1093 4459 a
1126 4397 1651 4476 parentibus,clari
1685 4399 1897 4480 opibus
1919 4409 1978 4462 et
2007 4419 2116 4479 ge-

472 4508 641 4565 nere,
680 4506 757 4550 ne
779 4488 863 4548 illi
895 4488 1135 4569 quidem
1197 4487 1439 4549 omnino
1494 4487 1554 4548 in
1610 4488 1886 4549 omnibus
1932 4489 2118 4549 defuit

472 4582 721 4641 honesta
750 4576 1069 4639 excusatio.
1106 4576 1223 4639 Sed
1284 4577 1486 4657 specie
1516 4577 1756 4658 quidem
1788 4575 2117 4656 repellebat

474 4687 634 4743 eum,
668 4665 768 4748 qui
817 4684 976 4727 nunc
1028 4667 1261 4727 volebat
1307 4667 1528 4746 dueere
1586 4682 1871 4739 uxorem;
1907 4684 2117 4729 revera

472 4775 612 4820 vero
644 4755 890 4818 omnino
913 4755 1229 4818 recusabat
1249 4756 1788 4836 matrimonium,et
1816 4756 1929 4818 hoc
1961 4764 2110 4833 erat,

471 4849 644 4928 cujus
673 4846 866 4908 solum
922 4845 1120 4908 studio
1181 4844 1513 4920 tenebatur,
1573 4863 1792 4925 nempe
1843 4853 1907 4908 ut
1959 4854 2116 4909 esset

471 4945 655 4999 casta.
713 4936 811 4998 Sic
841 4952 966 5016 vas,
994 4935 1152 5015 quod
1184 4942 1312 4997 erat
1338 4935 1674 5015 speciosum
1708 4945 1765 4998 et
1800 4935 2109 5013 mundum,

470 5035 738 5107 paratum
769 5035 897 5088 erat
926 5025 1154 5087 scilicet
1175 5025 1247 5086 ad
1278 5023 1543 5087 divinum
1577 5033 1945 5105 unguentum
1979 5044 2116 5087 sus-

469 5115 835 5196 cipiendum.
870 5112 1192 5193 Propterea
1240 5112 1395 5174 bona
1453 5131 1633 5194 opera
1685 5112 1840 5173 bona
1878 5130 2117 5194 quoque

470 5205 617 5268 fides
644 5222 776 5266 mox
809 5213 897 5265 est
927 5212 1152 5282 secuta,
1190 5210 1250 5265 et
1278 5220 1426 5282 pura
1481 5201 1736 5263 accessit
1785 5201 1859 5261 ad
1898 5220 2115 5281 purum

466 5295 688 5357 fontem
723 5293 977 5375 pietatis.
1010 5291 1119 5354 Rei
1146 5301 1342 5353 autem
1378 5292 1499 5352 haec
1535 5291 1645 5351 fuit
1670 5289 1931 5352 occasio.

548 5387 648 5449 lll.
680 5385 857 5447 Venit
907 5391 965 5445 et
1019 5383 1083 5444 in
1134 5400 1343 5444 manus
1399 5380 1562 5443 Pauli
1606 5380 1786 5442 divini
1825 5383 2115 5460 praeconis

469 5474 704 5538 divinus
731 5473 885 5536 liber
936 5471 1362 5555 Epistolarum,
1399 5478 1459 5532 et
1489 5487 1624 5531 cum
1659 5471 1733 5531 ad
1756 5487 1826 5531 ea
1856 5488 1987 5551 quae
2017 5473 2110 5534 di-

469 5564 759 5629 cebantur
788 5562 1201 5642 intelligenda,
1235 5567 1497 5622 mentem
1522 5577 1690 5621 suam
1722 5559 2115 5636 deﬁxisset,et

470 5655 843 5737 cognovisset
869 5667 1237 5717 vereunum
1291 5666 1425 5713 esse
1454 5648 1666 5732 Deum,
1700 5650 1799 5730 qui
1831 5649 1971 5714 fecit
2001 5652 2113 5717 hoc

2194 3332 2336 3409 παρᾶ
2394 3331 2675 3405 Ῥὧμαίοις
2749 3329 2893 3410 ἔχων
2980 3326 3326 3407 εὐπατριδῶν,
3387 3326 3541 3382 Ἐπεὶ
3611 3332 3733 3404 γοῦν
3793 3339 3843 3382 ot

2194 3433 2370 3499 γονεῖς
2442 3421 2752 3499 προσιόντες
2819 3419 3066 3498 ἠρώτων,
3124 3420 3166 3473 εἰ
3222 3418 3357 3474 καιτᾶ
3413 3418 3532 3474 νοῦν
3589 3417 3616 3472 ὃ
3666 3416 3841 3492 γάμος

2194 3513 2328 3586 αὐτῇ
2358 3510 2441 3566 καὶ
2486 3510 2705 3587 ἀρεστὸς
2743 3512 2770 3565 ὁ
2812 3509 3060 3587 νυμφίος,
3094 3506 3312 3563 ἐνταῦθα
3356 3504 3412 3562 δέ
3463 3507 3550 3562 καὶ
3610 3506 3845 3578 μάλιστα

2197 3599 2414 3676 Εὖγενία
2470 3602 2567 3664 τῆς
2622 3603 2807 3677 ψυχῆς
2860 3597 3123 3675 εὔγενείχς
3185 3594 3383 3652 ἐδείκνυ
3439 3596 3499 3651 τὸ
3549 3591 3839 3669 σύμϐολον.

2194 3688 2373 3744 Πάντα
2409 3689 2507 3767 γὰρ
2565 3687 2768 3763 μᾶλλον
2822 3690 3008 3744 παθεῖν
3060 3686 3403 3761 ὑπομένουσα
3450 3684 3484 3752 ἢ
3530 3685 3629 3751 τὴν
3678 3682 3840 3761 φίλην

2194 3782 2326 3855 αὒτῇ
2376 3778 2653 3856 παρθενίαν
2701 3776 3013 3833 ἀπώσασθαι
3072 3775 3158 3832 διαὶ
3209 3777 3308 3841 τὴν
3360 3773 3571 3851 ἁγνείαν
3629 3770 3843 3829 ἀποϐα-

2194 3865 2335 3943 λεῖν,
2396 3868 2659 3947 σοφίζεται
2719 3868 2838 3931 τοὺς
2894 3865 3170 3925 τεκόντας.
3250 3868 3346 3919 Καὶ
3406 3864 3467 3917 τὸ
3520 3860 3615 3935 μέν
3690 3861 3843 3940 γένος

2196 3956 2381 4033 ἒπῂνει
2430 3965 2524 4016 τοῦ
2574 3954 2781 4033 ἀνδρὸς,
2841 3956 2931 4009 τὸν
2994 3953 3187 4029 τρόπον
3227 3949 3282 4004 δέ
3341 3951 3564 4023 ἡττᾶτο,
3601 3951 3688 4004 οιαὶ
3732 3948 3840 4026 ὅτι,

2197 4048 2383 4128 φησὶν,
2440 4045 2671 4106 ἐκείνους
2728 4041 2811 4097 δεῖ
2868 4043 2940 4103 ὡς
3000 4041 3065 4095 τὰ
3128 4036 3301 4093 πολλᾶ
3376 4034 3681 4114 ἐκλέγεσθαι
3738 4043 3846 4092 τῶν

2200 4122 2433 4216 νυμφίων
2464 4148 2521 4190 (οῖ
2547 4136 2607 4189 τὸ
2638 4131 2787 4209 γένος
2842 4130 3096 4203 Αόσμοῦσι
3150 4125 3375 4202 μᾶλλον,
3424 4127 3527 4205 οὐχ
3555 4124 3609 4180 οἳ
3642 4122 3724 4181 διὰ
3754 4125 3848 4182 τοῦ

2199 4214 2382 4305 γένους
2427 4225 2741 4298 κοσμεῖσθαι
2796 4218 3092 4295 βούλονται.
3138 4217 3355 4274 Πολλῶν
3407 4214 3462 4272 δὲ
3524 4217 3610 4271 καὶ
3668 4214 3847 4273 ἄλλων

2201 4304 2578 4389 ἐξαιτουμένων
2638 4310 2801 4374 αὐτὴν
2860 4309 3006 4382 ποιρᾶ
3049 4316 3154 4365 τῶν
3199 4309 3460 4364 τεκόντων
3518 4304 3732 4378 πλούτῳ
3797 4326 3848 4362 τε

2200 4405 2460 4481 λαμπρῶν
2518 4402 2608 4457 καὶ
2652 4401 2728 4473 τῷ
2770 4398 2910 4477 γένει
2943 4403 3243 4477 περιφανῶν
3292 4395 3522 4460 οὒδὸλως
3568 4394 3653 4451 ἐπὶ
3687 4400 3847 4451 πᾶσιν

2201 4494 2378 4559 ἐκείνη
2431 4489 2776 4570 εὖπροσώπου
2860 4490 3137 4567 ἠπόρησεν
3214 4487 3484 4567 ἀφορμῆς.
3547 4482 3714 4541 Ἀλλὰ
3770 4484 3883 4567 τῷ⁵

2200 4584 2296 4659 μὲν
2327 4580 2505 4638 δοκεῖν
2547 4582 2640 4636 τὸν
2696 4583 2867 4659 γῆμαι
2924 4587 3009 4636 νῦν
3068 4576 3394 4654 βουλόμενον
3449 4574 3743 4647 dmodum,
3776 4578 3846 4649 τῇ

2199 4670 2252 4726 δὲ
2312 4668 2532 4743 ἀληθείᾳ
2582 4671 2673 4725 τὸν
2730 4670 2901 4747 γάμον
2962 4667 3098 4729 ὅλως
3173 4665 3438 4740 ἐξώμνυτο
3473 4680 3487 4695 ⁸
3545 4668 3632 4720 καὶ
3689 4670 3844 4720 τοῦτο

2200 4763 2361 4839 μόνον
2399 4761 2532 4836 αὐτῇ
2579 4757 2663 4815 διὰ
2718 4759 2901 4820 τέλους
2946 4756 3011 4823 ἧν
3056 4756 3305 4832 ἁγνεῦσαι
3367 4755 3428 4809 τὸ
3474 4751 3842 4825 σπουδαζόμε-

2199 4876 2311 4912 νον.
2345 4849 2495 4908 Οὕτω
2527 4851 2586 4907 τὸ
2630 4857 2815 4912 σκεῦος
2856 4848 3128 4922 εὖπρεπῶς
3184 4864 3242 4900 τε
3284 4844 3372 4899 καὶ
3414 4845 3654 4920 καθαρῶς
3713 4839 3842 4920 ἕχον

2198 4941 2413 5017 ἕτοιμον
2455 4939 2521 5007 ἦν
2578 4941 2651 4995 ei:
2698 4935 2975 5014 ὑποδοχὴν
3034 4939 3125 4988 τοῦ
3196 4934 3334 4990 θείου
3386 4929 3591 4998 δηλαδὴ
3653 4930 3841 5008 μύρου,

2204 5032 2301 5088 Διὰ
2359 5036 2511 5086 τοῦτο
2568 5030 2653 5084 καὶ
2707 5026 2831 5083 ὅσον
2889 5023 3037 5080 οὔπω
3096 5035 3213 5085 τοῖς
3246 5020 3437 5084 καλοῖς
3492 5019 3663 5099 ἔργοις
3693 5020 3780 5076 καὶ
3809 5020 3845 5087 ἦ

2200 5119 2379 5183 καλῶς
2415 5119 2612 5198 ἔχουσα
2643 5116 2818 5177 πίστις
2878 5110 3228 5178 ἐπηκολούθει
3278 5112 3366 5167 καὶ
3421 5112 3456 5178 ἧ
3514 5107 3715 5187 καθοίρά
3768 5112 3848 5180 τῷ

2200 5211 2412 5286 καθαρῷ
2447 5193 2573 5272 Πτῆς
2634 5201 2895 5265 εὐσεϐείας
2972 5201 3192 5279 προσῄει
3251 5199 3403 5279 φωὲί.
3471 5197 3735 5277 Πρόφασις
3793 5193 3851 5251 δὲ

2202 5306 2295 5355 τοῦ
2325 5297 2638 5375 πρᾴγματος
2651 5339 2663 5352 .

2280 5374 2375 5445 F’.
2408 5374 2567 5440 Ἠκεν
2593 5385 2666 5447 είς
2696 5395 2888 5461 χεῖρας
2919 5382 3053 5457 αὒτῇ
3085 5378 3294 5437 Παύλου
3348 5385 3436 5435 τοῦ
3482 5377 3621 5434 θείου
3677 5375 3842 5447 κήρυ-

2200 5497 2290 5541 κος
2336 5476 2371 5541 ἡ
2420 5472 2530 5529 θεία
2580 5473 2684 5528 τῶν
2738 5468 3069 5527 Ἐπιστολῶν
3126 5466 3329 5546 βίϐλος,
3374 5468 3461 5524 καὶ
3517 5464 3585 5541 τῇ
3636 5462 3846 5538 διανοίᾳ

2195 5569 2301 5623 τῶν
2356 5564 2530 5642 λόγων
2587 5563 2829 5641 ἐρείσασα
2884 5563 2984 5635 τὴν
3034 5561 3222 5640 ψυχὴν
3284 5560 3372 5615 καὶ
3420 5564 3614 5636 γνοῦσα
3642 5555 3726 5613 ὅτι
3757 5554 3844 5620 εἷς

2200 5656 2329 5720 Θεός
2361 5654 2502 5712 ἔστιν
2531 5652 2764 5730 ἀληθὴς,
2796 5656 2823 5709 ὁ
2853 5654 2915 5710 τὸ
2946 5657 3051 5709 πᾶν
3082 5655 3236 5707 τούτο
3284 5648 3621 5727 πεποιηκὼς,
3681 5666 3843 5727 περι-
