  <div class='ocr_page' id='page_1' title='image "/cluster/home/n/w/nwhite01/storage/ocr_20150623/116:no.3/coo.31924054870203/314.png"; bbox 0 0 4148 6402; ppageno 0'>
   <div class='ocr_carea' id='block_1_1' title="bbox 261 368 381 438">
    <p class='ocr_par' dir='ltr' id='par_1_1' title="bbox 261 368 381 438">
     <span class='ocr_line' id='line_1_1' title="bbox 261 368 381 438; baseline 0.008 -1"><span class='ocrx_word' id='word_1_1' title='bbox 261 368 381 438; x_wconf 83' lang='grc'><strong>613</strong></span> 
     </span>
    </p>
   </div>
   <div class='ocr_carea' id='block_1_2' title="bbox 1435 358 2450 435">
    <p class='ocr_par' dir='ltr' id='par_1_2' title="bbox 1435 358 2450 435">
     <span class='ocr_line' id='line_1_2' title="bbox 1435 358 2450 435; baseline -0.008 0"><span class='ocrx_word' id='word_1_2' title='bbox 1435 358 1909 435; x_wconf 79' lang='lat' dir='ltr'><strong>MARTYRIUM</strong></span> <span class='ocrx_word' id='word_1_3' title='bbox 1955 365 2015 431; x_wconf 90' lang='lat' dir='ltr'><strong>S.</strong></span> <span class='ocrx_word' id='word_1_4' title='bbox 2063 360 2450 431; x_wconf 74' lang='lat' dir='ltr'><strong>EUGENI/E.</strong></span> 
     </span>
    </p>
   </div>
   <div class='ocr_carea' id='block_1_3' title="bbox 3523 370 3640 434">
    <p class='ocr_par' dir='ltr' id='par_1_3' title="bbox 3523 370 3640 434">
     <span class='ocr_line' id='line_1_3' title="bbox 3523 370 3640 434; baseline 0 0"><span class='ocrx_word' id='word_1_5' title='bbox 3523 370 3640 434; x_wconf 83' lang='grc'><strong>614</strong></span> 
     </span>
    </p>
   </div>
   <div class='ocr_carea' id='block_1_4' title="bbox 265 499 1918 586">
    <p class='ocr_par' dir='ltr' id='par_1_4' title="bbox 265 505 1918 586">
     <span class='ocr_line' id='line_1_4' title="bbox 265 505 1918 586; baseline -0.003 -20"><span class='ocrx_word' id='word_1_6' title='bbox 265 509 543 566; x_wconf 65' lang='grc' dir='ltr'>λάμπεται</span> <span class='ocrx_word' id='word_1_7' title='bbox 604 509 705 583; x_wconf 75' lang='grc' dir='ltr'>μὲν</span> <span class='ocrx_word' id='word_1_8' title='bbox 751 507 932 567; x_wconf 73' lang='grc' dir='ltr'>αὒτίκα</span> <span class='ocrx_word' id='word_1_9' title='bbox 976 510 1067 566; x_wconf 76' lang='grc' dir='ltr'>τὸν</span> <span class='ocrx_word' id='word_1_10' title='bbox 1112 514 1255 586; x_wconf 77' lang='grc' dir='ltr'>νοῦν,</span> <span class='ocrx_word' id='word_1_11' title='bbox 1311 505 1403 563; x_wconf 77' lang='grc' dir='ltr'>ἅτε</span> <span class='ocrx_word' id='word_1_12' title='bbox 1465 508 1549 566; x_wconf 76' lang='grc' dir='ltr'>καὶ</span> <span class='ocrx_word' id='word_1_13' title='bbox 1617 505 1677 562; x_wconf 79' lang='grc' dir='ltr'>ἐκ</span> <span class='ocrx_word' id='word_1_14' title='bbox 1718 505 1918 562; x_wconf 83' lang='grc' dir='ltr'>πολλοῦ</span> 
     </span>
    </p>
   </div>
   <div class='ocr_carea' id='block_1_5' title="bbox 2005 499 3644 586">
    <p class='ocr_par' dir='ltr' id='par_1_5' title="bbox 2005 499 3644 580">
     <span class='ocr_line' id='line_1_5' title="bbox 2005 499 3644 580; baseline 0.002 -15"><span class='ocrx_word' id='word_1_15' title='bbox 2005 504 2368 576; x_wconf 91' lang='lat' dir='ltr'><strong>universum,</strong></span> <span class='ocrx_word' id='word_1_16' title='bbox 2409 508 2606 563; x_wconf 88' lang='lat' dir='ltr'><strong>mente</strong></span> <span class='ocrx_word' id='word_1_17' title='bbox 2638 500 2881 579; x_wconf 87' lang='lat' dir='ltr'><strong>quidem</strong></span> <span class='ocrx_word' id='word_1_18' title='bbox 2913 502 3109 562; x_wconf 78' lang='lat' dir='ltr'><strong>statim</strong></span> <span class='ocrx_word' id='word_1_19' title='bbox 3166 499 3549 580; x_wconf 90' lang='lat' dir='ltr'><strong>illuminatur,</strong></span> <span class='ocrx_word' id='word_1_20' title='bbox 3579 515 3644 568; x_wconf 87' lang='lat' dir='ltr'><strong>ut</strong></span> 
     </span>
    </p>
   </div>
   <div class='ocr_carea' id='block_1_6' title="bbox 264 594 1917 678">
    <p class='ocr_par' dir='ltr' id='par_1_6' title="bbox 264 594 1917 678">
     <span class='ocr_line' id='line_1_6' title="bbox 264 594 1917 678; baseline -0.013 -7"><span class='ocrx_word' id='word_1_21' title='bbox 264 602 454 656; x_wconf 61' lang='grc' dir='ltr'>τοῦτον</span> <span class='ocrx_word' id='word_1_22' title='bbox 515 598 888 678; x_wconf 67' lang='grc' dir='ltr'>Ααθτιραμένη,</span> <span class='ocrx_word' id='word_1_23' title='bbox 918 598 1053 654; x_wconf 69' lang='grc' dir='ltr'><strong>κατᾶ</strong></span> <span class='ocrx_word' id='word_1_24' title='bbox 1095 596 1280 676; x_wconf 71' lang='grc' dir='ltr'>ψυχὴν</span> <span class='ocrx_word' id='word_1_25' title='bbox 1322 594 1377 651; x_wconf 71' lang='grc' dir='ltr'><strong>δὲ</strong></span> <span class='ocrx_word' id='word_1_26' title='bbox 1421 596 1482 652; x_wconf 77' lang='grc' dir='ltr'>τό</span> <span class='ocrx_word' id='word_1_27' title='bbox 1525 617 1586 672; x_wconf 83' lang='grc' dir='ltr'><strong>γε</strong></span> <span class='ocrx_word' id='word_1_28' title='bbox 1647 603 1733 652; x_wconf 68' lang='grc' dir='ltr'><strong>νόν</strong></span> <span class='ocrx_word' id='word_1_29' title='bbox 1789 595 1917 673; x_wconf 74' lang='grc' dir='ltr'>’έχον</span> 
     </span>
    </p>
   </div>
   <div class='ocr_carea' id='block_1_7' title="bbox 266 685 1917 766">
    <p class='ocr_par' dir='ltr' id='par_1_7' title="bbox 266 685 1917 766">
     <span class='ocr_line' id='line_1_7' title="bbox 266 685 1917 766; baseline -0.003 -22"><span class='ocrx_word' id='word_1_30' title='bbox 266 695 352 761; x_wconf 81' lang='grc' dir='ltr'><strong>τῷ</strong></span> <span class='ocrx_word' id='word_1_31' title='bbox 399 693 608 766; x_wconf 74' lang='grc' dir='ltr'>Χριστῴ</span> <span class='ocrx_word' id='word_1_32' title='bbox 666 688 992 744; x_wconf 71' lang='grc' dir='ltr'><strong>πιστεύσασα</strong></span> <span class='ocrx_word' id='word_1_33' title='bbox 1032 686 1085 741; x_wconf 81' lang='grc' dir='ltr'>ἒν</span> <span class='ocrx_word' id='word_1_34' title='bbox 1147 690 1224 758; x_wconf 86' lang='grc' dir='ltr'><strong>τῷ</strong></span> <span class='ocrx_word' id='word_1_35' title='bbox 1278 691 1486 765; x_wconf 73' lang='grc' dir='ltr'>φανερῷ</span> <span class='ocrx_word' id='word_1_36' title='bbox 1520 685 1617 751; x_wconf 80' lang='grc' dir='ltr'><strong>τὴν</strong></span> <span class='ocrx_word' id='word_1_37' title='bbox 1672 689 1778 739; x_wconf 82' lang='grc' dir='ltr'><strong>τῶν</strong></span> <span class='ocrx_word' id='word_1_38' title='bbox 1835 706 1917 740; x_wconf 86' lang='grc' dir='ltr'>τε·</span> 
     </span>
    </p>
   </div>
   <div class='ocr_carea' id='block_1_8' title="bbox 261 772 1917 850">
    <p class='ocr_par' dir='ltr' id='par_1_8' title="bbox 261 772 1917 850">
     <span class='ocr_line' id='line_1_8' title="bbox 261 772 1917 850; baseline -0.004 -15"><span class='ocrx_word' id='word_1_39' title='bbox 261 780 471 835; x_wconf 71' lang='grc' dir='ltr'>κόντων</span> <span class='ocrx_word' id='word_1_40' title='bbox 516 776 713 833; x_wconf 85' lang='grc' dir='ltr'>λύσσαν</span> <span class='ocrx_word' id='word_1_41' title='bbox 770 774 1143 833; x_wconf 67' lang='grc' dir='ltr'>ὑποϐλέπουσα</span> <span class='ocrx_word' id='word_1_42' title='bbox 1188 776 1278 841; x_wconf 83' lang='grc' dir='ltr'>ἦν,</span> <span class='ocrx_word' id='word_1_43' title='bbox 1343 772 1490 830; x_wconf 79' lang='grc' dir='ltr'>Ἐπεὶ</span> <span class='ocrx_word' id='word_1_44' title='bbox 1551 773 1605 829; x_wconf 77' lang='grc' dir='ltr'><strong>δὲ</strong></span> <span class='ocrx_word' id='word_1_45' title='bbox 1662 772 1758 828; x_wconf 69' lang='grc' dir='ltr'>καὶ</span> <span class='ocrx_word' id='word_1_46' title='bbox 1813 774 1917 850; x_wconf 81' lang='grc' dir='ltr'><strong>βα-</strong></span> 
     </span>
    </p>
   </div>
   <div class='ocr_carea' id='block_1_9' title="bbox 261 863 1916 945">
    <p class='ocr_par' dir='ltr' id='par_1_9' title="bbox 261 863 1916 945">
     <span class='ocr_line' id='line_1_9' title="bbox 261 863 1916 945; baseline -0.003 -23"><span class='ocrx_word' id='word_1_47' title='bbox 261 866 463 930; x_wconf 77' lang='grc' dir='ltr'>σιλέως</span> <span class='ocrx_word' id='word_1_48' title='bbox 525 868 708 945; x_wconf 66' lang='grc' dir='ltr'>ἐφοίτα</span> <span class='ocrx_word' id='word_1_49' title='bbox 768 867 1083 943; x_wconf 82' lang='grc' dir='ltr'>πρόσταγμα</span> <span class='ocrx_word' id='word_1_50' title='bbox 1116 863 1215 930; x_wconf 77' lang='grc' dir='ltr'>ἔξω</span> <span class='ocrx_word' id='word_1_51' title='bbox 1272 869 1472 943; x_wconf 76' lang='grc' dir='ltr'>τειχῶν</span> <span class='ocrx_word' id='word_1_52' title='bbox 1501 864 1621 925; x_wconf 77' lang='grc' dir='ltr'>τοὺς</span> <span class='ocrx_word' id='word_1_53' title='bbox 1661 869 1916 943; x_wconf 82' lang='grc' dir='ltr'>Χριστια-</span> 
     </span>
    </p>
   </div>
   <div class='ocr_carea' id='block_1_10' title="bbox 261 951 1915 1035">
    <p class='ocr_par' dir='ltr' id='par_1_10' title="bbox 261 951 1915 1035">
     <span class='ocr_line' id='line_1_10' title="bbox 261 951 1915 1035; baseline -0.002 -25"><span class='ocrx_word' id='word_1_54' title='bbox 261 957 389 1021; x_wconf 74' lang='grc' dir='ltr'>νοὺς</span> <span class='ocrx_word' id='word_1_55' title='bbox 420 954 664 1032; x_wconf 79' lang='grc' dir='ltr'>ἐξωθοῦν,</span> <span class='ocrx_word' id='word_1_56' title='bbox 708 958 795 1011; x_wconf 83' lang='grc' dir='ltr'><strong>καὶ</strong></span> <span class='ocrx_word' id='word_1_57' title='bbox 831 957 854 1011; x_wconf 80' lang='grc'>5</span> <span class='ocrx_word' id='word_1_58' title='bbox 898 954 1135 1035; x_wconf 73' lang='grc' dir='ltr'>ἔπαρχος</span> <span class='ocrx_word' id='word_1_59' title='bbox 1169 952 1272 1021; x_wconf 72' lang='grc' dir='ltr'>ἤδη</span> <span class='ocrx_word' id='word_1_60' title='bbox 1303 952 1455 1031; x_wconf 77' lang='grc' dir='ltr'>ἔργου</span> <span class='ocrx_word' id='word_1_61' title='bbox 1486 951 1712 1031; x_wconf 72' lang='grc' dir='ltr'>ἥπτετο,</span> <span class='ocrx_word' id='word_1_62' title='bbox 1758 951 1915 1031; x_wconf 62' lang='grc' dir='ltr'>αὕτη,</span> 
     </span>
    </p>
   </div>
   <div class='ocr_carea' id='block_1_11' title="bbox 260 1042 1917 1125">
    <p class='ocr_par' dir='ltr' id='par_1_11' title="bbox 260 1042 1917 1125">
     <span class='ocr_line' id='line_1_11' title="bbox 260 1042 1917 1125; baseline -0.025 1"><span class='ocrx_word' id='word_1_63' title='bbox 260 1045 581 1125; x_wconf 70' lang='grc' dir='ltr'><strong>γλιχομένη</strong></span> <span class='ocrx_word' id='word_1_64' title='bbox 643 1044 779 1104; x_wconf 80' lang='grc' dir='ltr'>κατά</span> <span class='ocrx_word' id='word_1_65' title='bbox 835 1043 1041 1111; x_wconf 77' lang='grc' dir='ltr'>πολλὴν</span> <span class='ocrx_word' id='word_1_66' title='bbox 1097 1042 1271 1100; x_wconf 78' lang='grc' dir='ltr'>ἄδειαν</span> <span class='ocrx_word' id='word_1_67' title='bbox 1341 1049 1664 1121; x_wconf 75' lang='grc' dir='ltr'><strong>Χριστιανῶν</strong></span> <span class='ocrx_word' id='word_1_68' title='bbox 1723 1064 1779 1099; x_wconf 82' lang='grc' dir='ltr'>τε</span> <span class='ocrx_word' id='word_1_69' title='bbox 1831 1044 1917 1098; x_wconf 70' lang='grc' dir='ltr'><strong>καὶ</strong></span> 
     </span>
    </p>
   </div>
   <div class='ocr_carea' id='block_1_12' title="bbox 259 1131 1917 1213">
    <p class='ocr_par' dir='ltr' id='par_1_12' title="bbox 259 1131 1917 1213">
     <span class='ocr_line' id='line_1_12' title="bbox 259 1131 1917 1213; baseline -0.003 -22"><span class='ocrx_word' id='word_1_70' title='bbox 259 1139 368 1204; x_wconf 75' lang='grc' dir='ltr'><strong>τῆς</strong></span> <span class='ocrx_word' id='word_1_71' title='bbox 430 1134 642 1191; x_wconf 77' lang='grc' dir='ltr'>ἐκείνων</span> <span class='ocrx_word' id='word_1_72' title='bbox 706 1133 1003 1194; x_wconf 58' lang='lat' dir='ltr'><strong>attrahunt</strong></span> <span class='ocrx_word' id='word_1_73' title='bbox 1054 1131 1416 1213; x_wconf 81' lang='grc' dir='ltr'>διδασκαλίας,</span> <span class='ocrx_word' id='word_1_74' title='bbox 1468 1135 1763 1202; x_wconf 75' lang='grc' dir='ltr'>σκήπτεται</span> <span class='ocrx_word' id='word_1_75' title='bbox 1820 1131 1917 1206; x_wconf 73' lang='grc' dir='ltr'>μὲν</span> 
     </span>
    </p>
   </div>
   <div class='ocr_carea' id='block_1_13' title="bbox 261 1222 1916 1305">
    <p class='ocr_par' dir='ltr' id='par_1_13' title="bbox 261 1222 1916 1305">
     <span class='ocr_line' id='line_1_13' title="bbox 261 1222 1916 1305; baseline -0.003 -24"><span class='ocrx_word' id='word_1_76' title='bbox 261 1231 377 1282; x_wconf 88' lang='grc' dir='ltr'><strong>τῶν</strong></span> <span class='ocrx_word' id='word_1_77' title='bbox 421 1222 476 1305; x_wconf 67' lang='grc' dir='ltr'>ξν</span> <span class='ocrx_word' id='word_1_78' title='bbox 518 1224 708 1303; x_wconf 81' lang='grc' dir='ltr'>ἀγροῖς</span> <span class='ocrx_word' id='word_1_79' title='bbox 737 1223 900 1303; x_wconf 73' lang='grc' dir='ltr'>χάριν</span> <span class='ocrx_word' id='word_1_80' title='bbox 934 1224 1168 1302; x_wconf 77' lang='grc' dir='ltr'>χαρίτων</span> <span class='ocrx_word' id='word_1_81' title='bbox 1212 1223 1301 1279; x_wconf 83' lang='grc' dir='ltr'><strong>καί</strong></span> <span class='ocrx_word' id='word_1_82' title='bbox 1347 1223 1443 1288; x_wconf 78' lang='grc' dir='ltr'>τῆς</span> <span class='ocrx_word' id='word_1_83' title='bbox 1501 1222 1703 1278; x_wconf 79' lang='grc' dir='ltr'>ἐκεῖθεν</span> <span class='ocrx_word' id='word_1_84' title='bbox 1760 1222 1916 1276; x_wconf 67' lang='lat'><strong>5-312-</strong></span> 
     </span>
    </p>
   </div>
   <div class='ocr_carea' id='block_1_14' title="bbox 264 1310 1915 1395">
    <p class='ocr_par' dir='ltr' id='par_1_14' title="bbox 264 1310 1915 1395">
     <span class='ocr_line' id='line_1_14' title="bbox 264 1310 1915 1395; baseline -0.001 -25"><span class='ocrx_word' id='word_1_85' title='bbox 264 1312 382 1395; x_wconf 82' lang='grc' dir='ltr'>ρίας</span> <span class='ocrx_word' id='word_1_86' title='bbox 423 1314 737 1393; x_wconf 80' lang='grc' dir='ltr'>ἐκχωρῆσαι</span> <span class='ocrx_word' id='word_1_87' title='bbox 794 1313 893 1379; x_wconf 69' lang='grc' dir='ltr'><strong>τῆς</strong></span> <span class='ocrx_word' id='word_1_88' title='bbox 931 1310 1129 1376; x_wconf 83' lang='grc' dir='ltr'>πόλεως</span> <span class='ocrx_word' id='word_1_89' title='bbox 1172 1313 1263 1367; x_wconf 73' lang='grc' dir='ltr'><strong>καὶ</strong></span> <span class='ocrx_word' id='word_1_90' title='bbox 1307 1311 1402 1378; x_wconf 75' lang='grc' dir='ltr'>τὴν</span> <span class='ocrx_word' id='word_1_91' title='bbox 1449 1312 1635 1391; x_wconf 80' lang='grc' dir='ltr'>ψυχὴν</span> <span class='ocrx_word' id='word_1_92' title='bbox 1691 1312 1915 1391; x_wconf 75' lang='grc' dir='ltr'>μετρίως</span> 
     </span>
    </p>
   </div>
   <div class='ocr_carea' id='block_1_15' title="bbox 266 1398 1918 1482">
    <p class='ocr_par' dir='ltr' id='par_1_15' title="bbox 266 1398 1918 1482">
     <span class='ocr_line' id='line_1_15' title="bbox 266 1398 1918 1482; baseline -0.002 -22"><span class='ocrx_word' id='word_1_93' title='bbox 266 1409 379 1460; x_wconf 83' lang='grc' dir='ltr'><strong>τῶν</strong></span> <span class='ocrx_word' id='word_1_94' title='bbox 437 1407 535 1468; x_wconf 74' lang='grc' dir='ltr'>τῆς</span> <span class='ocrx_word' id='word_1_95' title='bbox 596 1401 834 1468; x_wconf 77' lang='grc' dir='ltr'>παιδείας</span> <span class='ocrx_word' id='word_1_96' title='bbox 891 1399 1175 1482; x_wconf 71' lang='grc' dir='ltr'>φροντίδων</span> <span class='ocrx_word' id='word_1_97' title='bbox 1224 1402 1431 1458; x_wconf 85' lang='grc' dir='ltr'>ἀνεῖναι</span> <span class='ocrx_word' id='word_1_98' title='bbox 1467 1418 1482 1435; x_wconf 81' lang='grc'><strong><em>⁸</em></strong></span> <span class='ocrx_word' id='word_1_99' title='bbox 1518 1400 1629 1457; x_wconf 77' lang='grc' dir='ltr'>ἐπεὶ</span> <span class='ocrx_word' id='word_1_100' title='bbox 1656 1398 1710 1456; x_wconf 77' lang='grc' dir='ltr'><strong>δὲ</strong></span> <span class='ocrx_word' id='word_1_101' title='bbox 1742 1404 1789 1457; x_wconf 81' lang='grc' dir='ltr'>οἱ</span> <span class='ocrx_word' id='word_1_102' title='bbox 1831 1422 1918 1457; x_wconf 84' lang='grc' dir='ltr'>τε·</span> 
     </span>
    </p>
   </div>
   <div class='ocr_carea' id='block_1_16' title="bbox 269 1489 1918 1571">
    <p class='ocr_par' dir='ltr' id='par_1_16' title="bbox 269 1489 1918 1571">
     <span class='ocr_line' id='line_1_16' title="bbox 269 1489 1918 1571; baseline -0.002 -22"><span class='ocrx_word' id='word_1_103' title='bbox 269 1493 461 1556; x_wconf 83' lang='grc' dir='ltr'>κόντες</span> <span class='ocrx_word' id='word_1_104' title='bbox 507 1490 652 1548; x_wconf 73' lang='grc' dir='ltr'>ούδὲν</span> <span class='ocrx_word' id='word_1_105' title='bbox 705 1492 1088 1553; x_wconf 81' lang='grc' dir='ltr'>ὑποπτεύοντες</span> <span class='ocrx_word' id='word_1_106' title='bbox 1143 1491 1369 1571; x_wconf 75' lang='grc' dir='ltr'>ἐφῆκαν,</span> <span class='ocrx_word' id='word_1_107' title='bbox 1442 1491 1666 1565; x_wconf 75' lang='grc' dir='ltr'>ἑτοίμως</span> <span class='ocrx_word' id='word_1_108' title='bbox 1722 1489 1918 1556; x_wconf 74' lang='grc' dir='ltr'>ἔξεισιν</span> 
     </span>
    </p>
   </div>
   <div class='ocr_carea' id='block_1_17' title="bbox 271 1577 1917 1661">
    <p class='ocr_par' dir='ltr' id='par_1_17' title="bbox 271 1577 1917 1661">
     <span class='ocr_line' id='line_1_17' title="bbox 271 1577 1917 1661; baseline -0.001 -23"><span class='ocrx_word' id='word_1_109' title='bbox 271 1584 348 1645; x_wconf 79' lang='grc' dir='ltr'>εἷς</span> <span class='ocrx_word' id='word_1_110' title='bbox 410 1582 504 1645; x_wconf 73' lang='grc' dir='ltr'><strong>τὰς</strong></span> <span class='ocrx_word' id='word_1_111' title='bbox 556 1581 763 1656; x_wconf 86' lang='grc' dir='ltr'>κώμας,</span> <span class='ocrx_word' id='word_1_112' title='bbox 802 1582 1004 1661; x_wconf 80' lang='grc' dir='ltr'>Χωρίον</span> <span class='ocrx_word' id='word_1_113' title='bbox 1052 1579 1108 1636; x_wconf 78' lang='grc' dir='ltr'>δέ</span> <span class='ocrx_word' id='word_1_114' title='bbox 1150 1603 1200 1637; x_wconf 90' lang='grc' dir='ltr'><strong>τι</strong></span> <span class='ocrx_word' id='word_1_115' title='bbox 1261 1577 1637 1637; x_wconf 73' lang='grc' dir='ltr'>καταλαϐοῦσα</span> <span class='ocrx_word' id='word_1_116' title='bbox 1678 1582 1766 1637; x_wconf 80' lang='grc' dir='ltr'><strong>καὶ</strong></span> <span class='ocrx_word' id='word_1_117' title='bbox 1812 1603 1917 1656; x_wconf 88' lang='grc' dir='ltr'><strong>μο-</strong></span> 
     </span>
    </p>
   </div>
   <div class='ocr_carea' id='block_1_18' title="bbox 270 1670 1917 1750">
    <p class='ocr_par' dir='ltr' id='par_1_18' title="bbox 270 1670 1917 1750">
     <span class='ocr_line' id='line_1_18' title="bbox 270 1670 1917 1750; baseline -0.001 -22"><span class='ocrx_word' id='word_1_118' title='bbox 270 1685 476 1749; x_wconf 67' lang='grc' dir='ltr'>ναχοῖς</span> <span class='ocrx_word' id='word_1_119' title='bbox 508 1670 561 1727; x_wconf 79' lang='grc' dir='ltr'>ἕν</span> <span class='ocrx_word' id='word_1_120' title='bbox 591 1693 651 1749; x_wconf 83' lang='grc' dir='ltr'><strong>γε</strong></span> <span class='ocrx_word' id='word_1_121' title='bbox 686 1672 854 1744; x_wconf 79' lang='grc' dir='ltr'>τούτῳ</span> <span class='ocrx_word' id='word_1_122' title='bbox 898 1677 1258 1750; x_wconf 76' lang='grc' dir='ltr'>περιτυχοῦσα</span> <span class='ocrx_word' id='word_1_123' title='bbox 1302 1670 1524 1736; x_wconf 69' lang='grc' dir='ltr'>πολλοῖς</span> <span class='ocrx_word' id='word_1_124' title='bbox 1583 1693 1639 1727; x_wconf 84' lang='grc' dir='ltr'><strong>τε</strong></span> <span class='ocrx_word' id='word_1_125' title='bbox 1688 1673 1775 1727; x_wconf 83' lang='grc' dir='ltr'><strong>καὶ</strong></span> <span class='ocrx_word' id='word_1_126' title='bbox 1820 1694 1917 1728; x_wconf 85' lang='grc' dir='ltr'>κο-</span> 
     </span>
    </p>
   </div>
   <div class='ocr_carea' id='block_1_19' title="bbox 271 1758 1917 1841">
    <p class='ocr_par' dir='ltr' id='par_1_19' title="bbox 271 1758 1917 1841">
     <span class='ocr_line' id='line_1_19' title="bbox 271 1758 1917 1841; baseline 0 -24"><span class='ocrx_word' id='word_1_127' title='bbox 271 1763 456 1835; x_wconf 82' lang='grc' dir='ltr'>σμίοις</span> <span class='ocrx_word' id='word_1_128' title='bbox 503 1762 589 1817; x_wconf 86' lang='grc' dir='ltr'><strong>καὶ</strong></span> <span class='ocrx_word' id='word_1_129' title='bbox 643 1760 759 1817; x_wconf 81' lang='grc' dir='ltr'>λίαν</span> <span class='ocrx_word' id='word_1_130' title='bbox 808 1762 1073 1825; x_wconf 75' lang='grc' dir='ltr'>εὒτάκτως</span> <span class='ocrx_word' id='word_1_131' title='bbox 1120 1758 1300 1833; x_wconf 76' lang='grc' dir='ltr'>ᾅδουσι</span> <span class='ocrx_word' id='word_1_132' title='bbox 1359 1766 1456 1827; x_wconf 77' lang='grc' dir='ltr'>τῆς</span> <span class='ocrx_word' id='word_1_133' title='bbox 1505 1764 1647 1841; x_wconf 82' lang='grc' dir='ltr'>ἶερας</span> <span class='ocrx_word' id='word_1_134' title='bbox 1711 1761 1917 1829; x_wconf 80' lang='grc' dir='ltr'>ἐκείνης</span> 
     </span>
    </p>
   </div>
   <div class='ocr_carea' id='block_1_20' title="bbox 2002 591 3643 674">
    <p class='ocr_par' dir='ltr' id='par_1_20' title="bbox 2002 591 3643 674">
     <span class='ocr_line' id='line_1_20' title="bbox 2002 591 3643 674; baseline 0.004 -23"><span class='ocrx_word' id='word_1_135' title='bbox 2002 612 2132 674; x_wconf 69' lang='lat' dir='ltr'><strong>quin</strong></span> <span class='ocrx_word' id='word_1_136' title='bbox 2164 612 2291 655; x_wconf 88' lang='lat' dir='ltr'><strong>eam</strong></span> <span class='ocrx_word' id='word_1_137' title='bbox 2342 593 2444 653; x_wconf 91' lang='lat' dir='ltr'><strong>diu</strong></span> <span class='ocrx_word' id='word_1_138' title='bbox 2496 602 2632 654; x_wconf 88' lang='lat' dir='ltr'><strong>ante</strong></span> <span class='ocrx_word' id='word_1_139' title='bbox 2690 591 2935 652; x_wconf 86' lang='lat' dir='ltr'><strong>haberet</strong></span> <span class='ocrx_word' id='word_1_140' title='bbox 2968 599 3297 672; x_wconf 77' lang='lat' dir='ltr'><strong>purgatam,</strong></span> <span class='ocrx_word' id='word_1_141' title='bbox 3332 600 3389 654; x_wconf 91' lang='lat' dir='ltr'><strong>et</strong></span> <span class='ocrx_word' id='word_1_142' title='bbox 3444 603 3643 674; x_wconf 87' lang='lat' dir='ltr'><strong>parata</strong></span> 
     </span>
    </p>
   </div>
   <div class='ocr_carea' id='block_1_21' title="bbox 2004 680 3641 762">
    <p class='ocr_par' dir='ltr' id='par_1_21' title="bbox 2004 680 3641 762">
     <span class='ocr_line' id='line_1_21' title="bbox 2004 680 3641 762; baseline 0.001 -18"><span class='ocrx_word' id='word_1_143' title='bbox 2004 692 2160 745; x_wconf 86' lang='lat' dir='ltr'><strong>esset</strong></span> <span class='ocrx_word' id='word_1_144' title='bbox 2200 682 2269 743; x_wconf 88' lang='lat' dir='ltr'><strong>ad</strong></span> <span class='ocrx_word' id='word_1_145' title='bbox 2328 681 2591 741; x_wconf 86' lang='lat' dir='ltr'><strong>divinum</strong></span> <span class='ocrx_word' id='word_1_146' title='bbox 2645 680 2932 761; x_wconf 76' lang='lat' dir='ltr'><strong>Spiri&#39;um</strong></span> <span class='ocrx_word' id='word_1_147' title='bbox 2966 681 3439 762; x_wconf 88' lang='lat' dir='ltr'><strong>suscipiendum.</strong></span> <span class='ocrx_word' id='word_1_148' title='bbox 3494 683 3641 745; x_wconf 87' lang='lat' dir='ltr'><strong>Cum</strong></span> 
     </span>
    </p>
   </div>
   <div class='ocr_carea' id='block_1_22' title="bbox 1999 770 3645 851">
    <p class='ocr_par' dir='ltr' id='par_1_22' title="bbox 1999 770 3645 851">
     <span class='ocr_line' id='line_1_22' title="bbox 1999 770 3645 851; baseline 0.001 -17"><span class='ocrx_word' id='word_1_149' title='bbox 1999 782 2195 834; x_wconf 79' lang='lat' dir='ltr'><strong>autem</strong></span> <span class='ocrx_word' id='word_1_150' title='bbox 2226 772 2283 831; x_wconf 90' lang='lat' dir='ltr'><strong>in</strong></span> <span class='ocrx_word' id='word_1_151' title='bbox 2317 772 2631 851; x_wconf 65' lang='lat' dir='ltr'><strong>praesentia</strong></span> <span class='ocrx_word' id='word_1_152' title='bbox 2676 778 2875 831; x_wconf 88' lang='lat' dir='ltr'><strong>mente</strong></span> <span class='ocrx_word' id='word_1_153' title='bbox 2906 770 3139 831; x_wconf 87' lang='lat' dir='ltr'><strong>Christo</strong></span> <span class='ocrx_word' id='word_1_154' title='bbox 3173 770 3548 850; x_wconf 86' lang='lat' dir='ltr'><strong>credidisset,</strong></span> <span class='ocrx_word' id='word_1_155' title='bbox 3585 780 3645 836; x_wconf 85' lang='lat' dir='ltr'><strong>in</strong></span> 
     </span>
    </p>
   </div>
   <div class='ocr_carea' id='block_1_23' title="bbox 1998 859 3645 944">
    <p class='ocr_par' dir='ltr' id='par_1_23' title="bbox 1998 859 3645 944">
     <span class='ocr_line' id='line_1_23' title="bbox 1998 859 3645 944; baseline 0.002 -23"><span class='ocrx_word' id='word_1_156' title='bbox 1998 870 2201 941; x_wconf 89' lang='lat' dir='ltr'><strong>aperto</strong></span> <span class='ocrx_word' id='word_1_157' title='bbox 2221 869 2534 940; x_wconf 88' lang='lat' dir='ltr'><strong>parentum</strong></span> <span class='ocrx_word' id='word_1_158' title='bbox 2569 876 2812 921; x_wconf 88' lang='lat' dir='ltr'><strong>suorum</strong></span> <span class='ocrx_word' id='word_1_159' title='bbox 2839 859 2989 920; x_wconf 83' lang='lat' dir='ltr'><strong>celat</strong></span> <span class='ocrx_word' id='word_1_160' title='bbox 3010 859 3293 923; x_wconf 82' lang='lat' dir='ltr'><strong>furorem.</strong></span> <span class='ocrx_word' id='word_1_161' title='bbox 3326 862 3645 944; x_wconf 87' lang='lat' dir='ltr'><strong>Postquam</strong></span> 
     </span>
    </p>
   </div>
   <div class='ocr_carea' id='block_1_24' title="bbox 2002 949 3649 1029">
    <p class='ocr_par' dir='ltr' id='par_1_24' title="bbox 2002 949 3649 1029">
     <span class='ocr_line' id='line_1_24' title="bbox 2002 949 3649 1029; baseline 0.004 -21"><span class='ocrx_word' id='word_1_162' title='bbox 2002 967 2139 1012; x_wconf 92' lang='lat' dir='ltr'><strong>vero</strong></span> <span class='ocrx_word' id='word_1_163' title='bbox 2195 950 2353 1010; x_wconf 83' lang='lat' dir='ltr'><strong>venit</strong></span> <span class='ocrx_word' id='word_1_164' title='bbox 2409 949 2714 1011; x_wconf 89' lang='lat' dir='ltr'><strong>decretum</strong></span> <span class='ocrx_word' id='word_1_165' title='bbox 2771 949 3171 1029; x_wconf 84' lang='lat' dir='ltr'><strong>imperatoris,</strong></span> <span class='ocrx_word' id='word_1_166' title='bbox 3237 958 3401 1011; x_wconf 66' lang='lat' dir='ltr'><strong>extra</strong></span> <span class='ocrx_word' id='word_1_167' title='bbox 3446 971 3649 1014; x_wconf 88' lang='lat' dir='ltr'><strong>muros</strong></span> 
     </span>
    </p>
   </div>
   <div class='ocr_carea' id='block_1_25' title="bbox 2004 1038 3648 1123">
    <p class='ocr_par' dir='ltr' id='par_1_25' title="bbox 2004 1038 3648 1123">
     <span class='ocr_line' id='line_1_25' title="bbox 2004 1038 3648 1123; baseline 0.002 -23"><span class='ocrx_word' id='word_1_168' title='bbox 2004 1039 2310 1116; x_wconf 80' lang='lat' dir='ltr'><strong>expellens</strong></span> <span class='ocrx_word' id='word_1_169' title='bbox 2341 1038 2800 1119; x_wconf 87' lang='lat' dir='ltr'><strong>Christianos,et</strong></span> <span class='ocrx_word' id='word_1_170' title='bbox 2822 1038 3131 1118; x_wconf 73' lang='lat' dir='ltr'><strong>prrefeclus</strong></span> <span class='ocrx_word' id='word_1_171' title='bbox 3166 1038 3277 1100; x_wconf 91' lang='lat' dir='ltr'><strong>hoc</strong></span> <span class='ocrx_word' id='word_1_172' title='bbox 3303 1040 3425 1119; x_wconf 89' lang='lat' dir='ltr'><strong>jam</strong></span> <span class='ocrx_word' id='word_1_173' title='bbox 3446 1060 3648 1123; x_wconf 82' lang='lat' dir='ltr'><strong>aggre-</strong></span> 
     </span>
    </p>
   </div>
   <div class='ocr_carea' id='block_1_26' title="bbox 2001 1127 3649 1208">
    <p class='ocr_par' dir='ltr' id='par_1_26' title="bbox 2001 1127 3649 1208">
     <span class='ocr_line' id='line_1_26' title="bbox 2001 1127 3649 1208; baseline 0.002 -18"><span class='ocrx_word' id='word_1_174' title='bbox 2001 1128 2301 1208; x_wconf 80' lang='lat' dir='ltr'><strong>diebatur,</strong></span> <span class='ocrx_word' id='word_1_175' title='bbox 2343 1129 2471 1207; x_wconf 84' lang='lat' dir='ltr'><strong>ipsa</strong></span> <span class='ocrx_word' id='word_1_176' title='bbox 2520 1127 2877 1191; x_wconf 87' lang='lat' dir='ltr'><strong>desiderans</strong></span> <span class='ocrx_word' id='word_1_177' title='bbox 2907 1146 3119 1190; x_wconf 92' lang='lat' dir='ltr'><strong>secure</strong></span> <span class='ocrx_word' id='word_1_178' title='bbox 3155 1129 3271 1190; x_wconf 89' lang='lat' dir='ltr'><strong>frui</strong></span> <span class='ocrx_word' id='word_1_179' title='bbox 3300 1128 3649 1194; x_wconf 87' lang='lat' dir='ltr'><strong>Christianis</strong></span> 
     </span>
    </p>
   </div>
   <div class='ocr_carea' id='block_1_27' title="bbox 2002 1217 3646 1298">
    <p class='ocr_par' dir='ltr' id='par_1_27' title="bbox 2002 1217 3646 1298">
     <span class='ocr_line' id='line_1_27' title="bbox 2002 1217 3646 1298; baseline 0.003 -19"><span class='ocrx_word' id='word_1_180' title='bbox 2002 1226 2060 1279; x_wconf 91' lang='lat' dir='ltr'><strong>et</strong></span> <span class='ocrx_word' id='word_1_181' title='bbox 2085 1236 2291 1280; x_wconf 90' lang='lat' dir='ltr'><strong>eorum</strong></span> <span class='ocrx_word' id='word_1_182' title='bbox 2326 1217 2619 1293; x_wconf 86' lang='lat' dir='ltr'><strong>doctrina,</strong></span> <span class='ocrx_word' id='word_1_183' title='bbox 2658 1218 2823 1297; x_wconf 82' lang='lat' dir='ltr'><strong>fingit</strong></span> <span class='ocrx_word' id='word_1_184' title='bbox 2874 1217 3137 1298; x_wconf 86' lang='lat' dir='ltr'><strong>quidem.</strong></span> <span class='ocrx_word' id='word_1_185' title='bbox 3174 1237 3238 1280; x_wconf 90' lang='lat' dir='ltr'><strong>se</strong></span> <span class='ocrx_word' id='word_1_186' title='bbox 3271 1226 3333 1279; x_wconf 90' lang='lat' dir='ltr'><strong>ut</strong></span> <span class='ocrx_word' id='word_1_187' title='bbox 3377 1238 3518 1283; x_wconf 88' lang='lat' dir='ltr'><strong>rure</strong></span> <span class='ocrx_word' id='word_1_188' title='bbox 3548 1240 3646 1284; x_wconf 88' lang='lat' dir='ltr'><strong>re-</strong></span> 
     </span>
    </p>
   </div>
   <div class='ocr_carea' id='block_1_28' title="bbox 2002 1306 3651 1388">
    <p class='ocr_par' dir='ltr' id='par_1_28' title="bbox 2002 1306 3651 1388">
     <span class='ocr_line' id='line_1_28' title="bbox 2002 1306 3651 1388; baseline 0.004 -18"><span class='ocrx_word' id='word_1_189' title='bbox 2002 1314 2186 1382; x_wconf 90' lang='lat' dir='ltr'><strong>creet,</strong></span> <span class='ocrx_word' id='word_1_190' title='bbox 2223 1316 2283 1368; x_wconf 89' lang='lat' dir='ltr'><strong>et</strong></span> <span class='ocrx_word' id='word_1_191' title='bbox 2312 1307 2467 1368; x_wconf 89' lang='lat' dir='ltr'><strong>bona</strong></span> <span class='ocrx_word' id='word_1_192' title='bbox 2522 1307 2757 1368; x_wconf 87' lang='lat' dir='ltr'><strong>fruatur</strong></span> <span class='ocrx_word' id='word_1_193' title='bbox 2813 1306 2969 1369; x_wconf 91' lang='lat' dir='ltr'><strong>aeris</strong></span> <span class='ocrx_word' id='word_1_194' title='bbox 3003 1308 3320 1388; x_wconf 76' lang='lat' dir='ltr'><strong>temperie,</strong></span> <span class='ocrx_word' id='word_1_195' title='bbox 3353 1312 3651 1376; x_wconf 82' lang='lat' dir='ltr'><strong>excedere</strong></span> 
     </span>
    </p>
   </div>
   <div class='ocr_carea' id='block_1_29' title="bbox 2003 1396 3650 1477">
    <p class='ocr_par' dir='ltr' id='par_1_29' title="bbox 2003 1396 3650 1477">
     <span class='ocr_line' id='line_1_29' title="bbox 2003 1396 3650 1477; baseline 0.002 -18"><span class='ocrx_word' id='word_1_196' title='bbox 2003 1416 2036 1459; x_wconf 91' lang='lat' dir='ltr'><strong>e</strong></span> <span class='ocrx_word' id='word_1_197' title='bbox 2067 1396 2324 1466; x_wconf 80' lang='lat' dir='ltr'><strong>civitate,</strong></span> <span class='ocrx_word' id='word_1_198' title='bbox 2359 1401 2423 1460; x_wconf 85' lang='lat' dir='ltr'><strong>et</strong></span> <span class='ocrx_word' id='word_1_199' title='bbox 2455 1404 2519 1459; x_wconf 88' lang='lat' dir='ltr'><strong>ut</strong></span> <span class='ocrx_word' id='word_1_200' title='bbox 2551 1415 2760 1477; x_wconf 85' lang='lat' dir='ltr'><strong>parum</strong></span> <span class='ocrx_word' id='word_1_201' title='bbox 2819 1396 3043 1458; x_wconf 69' lang='lat' dir='ltr'><strong>relaxet</strong></span> <span class='ocrx_word' id='word_1_202' title='bbox 3074 1397 3338 1459; x_wconf 90' lang='lat' dir='ltr'><strong>animum</strong></span> <span class='ocrx_word' id='word_1_203' title='bbox 3371 1417 3404 1459; x_wconf 88' lang='lat' dir='ltr'><strong>a</strong></span> <span class='ocrx_word' id='word_1_204' title='bbox 3434 1402 3650 1462; x_wconf 86' lang='lat' dir='ltr'><strong>studiis</strong></span> 
     </span>
    </p>
   </div>
   <div class='ocr_carea' id='block_1_30' title="bbox 2004 1486 3645 1569">
    <p class='ocr_par' dir='ltr' id='par_1_30' title="bbox 2004 1486 3645 1569">
     <span class='ocr_line' id='line_1_30' title="bbox 2004 1486 3645 1569; baseline 0.002 -22"><span class='ocrx_word' id='word_1_205' title='bbox 2004 1486 2638 1567; x_wconf 64' lang='lat' dir='ltr'><strong>docti-inae.Postquam</strong></span> <span class='ocrx_word' id='word_1_206' title='bbox 2657 1494 2852 1548; x_wconf 90' lang='lat' dir='ltr'><strong>autem</strong></span> <span class='ocrx_word' id='word_1_207' title='bbox 2874 1487 3019 1548; x_wconf 89' lang='lat' dir='ltr'><strong>nihil</strong></span> <span class='ocrx_word' id='word_1_208' title='bbox 3044 1488 3322 1567; x_wconf 87' lang='lat' dir='ltr'><strong>suspicati</strong></span> <span class='ocrx_word' id='word_1_209' title='bbox 3346 1499 3645 1569; x_wconf 88' lang='lat' dir='ltr'><strong>parentes,</strong></span> 
     </span>
    </p>
   </div>
   <div class='ocr_carea' id='block_1_31' title="bbox 2002 1576 3649 1656">
    <p class='ocr_par' dir='ltr' id='par_1_31' title="bbox 2002 1576 3649 1656">
     <span class='ocr_line' id='line_1_31' title="bbox 2002 1576 3649 1656; baseline 0.002 -17"><span class='ocrx_word' id='word_1_210' title='bbox 2002 1595 2131 1639; x_wconf 89' lang='lat' dir='ltr'><strong>eam</strong></span> <span class='ocrx_word' id='word_1_211' title='bbox 2167 1576 2340 1637; x_wconf 83' lang='lat' dir='ltr'><strong>facile</strong></span> <span class='ocrx_word' id='word_1_212' title='bbox 2367 1576 2746 1656; x_wconf 84' lang='lat' dir='ltr'><strong>dimiserunt,</strong></span> <span class='ocrx_word' id='word_1_213' title='bbox 2784 1576 3097 1653; x_wconf 84' lang='lat' dir='ltr'><strong>egreditur</strong></span> <span class='ocrx_word' id='word_1_214' title='bbox 3150 1576 3209 1637; x_wconf 91' lang='lat' dir='ltr'><strong>in</strong></span> <span class='ocrx_word' id='word_1_215' title='bbox 3259 1577 3440 1640; x_wconf 86' lang='lat' dir='ltr'><strong>vicos.</strong></span> <span class='ocrx_word' id='word_1_216' title='bbox 3504 1578 3649 1642; x_wconf 88' lang='lat' dir='ltr'><strong>Cum</strong></span> 
     </span>
    </p>
   </div>
   <div class='ocr_carea' id='block_1_32' title="bbox 2000 1665 3650 1746">
    <p class='ocr_par' dir='ltr' id='par_1_32' title="bbox 2000 1665 3650 1746">
     <span class='ocr_line' id='line_1_32' title="bbox 2000 1665 3650 1746; baseline 0.005 -21"><span class='ocrx_word' id='word_1_217' title='bbox 2000 1668 2260 1727; x_wconf 85' lang='lat' dir='ltr'><strong>venisset</strong></span> <span class='ocrx_word' id='word_1_218' title='bbox 2314 1674 2511 1726; x_wconf 85' lang='lat' dir='ltr'><strong>autem</strong></span> <span class='ocrx_word' id='word_1_219' title='bbox 2566 1667 2624 1726; x_wconf 93' lang='lat' dir='ltr'><strong>in</strong></span> <span class='ocrx_word' id='word_1_220' title='bbox 2674 1666 2975 1744; x_wconf 88' lang='lat' dir='ltr'><strong>quoddam</strong></span> <span class='ocrx_word' id='word_1_221' title='bbox 3039 1665 3350 1746; x_wconf 61' lang='lat' dir='ltr'><strong>pradium,</strong></span> <span class='ocrx_word' id='word_1_222' title='bbox 3401 1669 3547 1731; x_wconf 90' lang='lat' dir='ltr'><strong>etin</strong></span> <span class='ocrx_word' id='word_1_223' title='bbox 3580 1689 3650 1733; x_wconf 88' lang='lat' dir='ltr'><strong>eo</strong></span> 
     </span>
    </p>
   </div>
   <div class='ocr_carea' id='block_1_33' title="bbox 2002 1755 3652 1840">
    <p class='ocr_par' dir='ltr' id='par_1_33' title="bbox 2002 1755 3652 1840">
     <span class='ocr_line' id='line_1_33' title="bbox 2002 1755 3652 1840; baseline 0.004 -25"><span class='ocrx_word' id='word_1_224' title='bbox 2002 1755 2312 1817; x_wconf 89' lang='lat' dir='ltr'><strong>incidisset</strong></span> <span class='ocrx_word' id='word_1_225' title='bbox 2345 1756 2403 1816; x_wconf 93' lang='lat' dir='ltr'><strong>in</strong></span> <span class='ocrx_word' id='word_1_226' title='bbox 2445 1755 2664 1817; x_wconf 89' lang='lat' dir='ltr'><strong>multos</strong></span> <span class='ocrx_word' id='word_1_227' title='bbox 2710 1755 3031 1817; x_wconf 85' lang='lat' dir='ltr'><strong>monachos</strong></span> <span class='ocrx_word' id='word_1_228' title='bbox 3060 1755 3229 1817; x_wconf 81' lang='lat' dir='ltr'><strong>valde</strong></span> <span class='ocrx_word' id='word_1_229' title='bbox 3254 1756 3557 1840; x_wconf 87' lang='lat' dir='ltr'><strong>honestos,</strong></span> <span class='ocrx_word' id='word_1_230' title='bbox 3592 1768 3652 1822; x_wconf 91' lang='lat' dir='ltr'><strong>et</strong></span> 
     </span>
    </p>
   </div>
   <div class='ocr_carea' id='block_1_34' title="bbox 273 1844 1918 1931">
    <p class='ocr_par' dir='ltr' id='par_1_34' title="bbox 273 1848 1913 1931">
     <span class='ocr_line' id='line_1_34' title="bbox 273 1848 1913 1931; baseline 0 -23"><span class='ocrx_word' id='word_1_231' title='bbox 273 1852 457 1908; x_wconf 77' lang='grc' dir='ltr'>ἀκούει</span> <span class='ocrx_word' id='word_1_232' title='bbox 501 1855 681 1931; x_wconf 75' lang='grc' dir='ltr'>φωνῆς</span> <span class='ocrx_word' id='word_1_233' title='bbox 719 1871 734 1887; x_wconf 80' lang='grc' dir='ltr'><strong>ο</strong></span> <span class='ocrx_word' id='word_1_234' title='bbox 800 1871 822 1907; x_wconf 81' lang='grc' dir='ltr'>(ι</span> <span class='ocrx_word' id='word_1_235' title='bbox 865 1851 1061 1914; x_wconf 74' lang='grc' dir='ltr'>Πάντες</span> <span class='ocrx_word' id='word_1_236' title='bbox 1092 1851 1137 1905; x_wconf 81' lang='grc' dir='ltr'><strong>οἱ</strong></span> <span class='ocrx_word' id='word_1_237' title='bbox 1169 1851 1274 1906; x_wconf 87' lang='grc' dir='ltr'>θεοὶ</span> <span class='ocrx_word' id='word_1_238' title='bbox 1306 1852 1411 1905; x_wconf 86' lang='grc' dir='ltr'><strong>τῶν</strong></span> <span class='ocrx_word' id='word_1_239' title='bbox 1441 1852 1603 1906; x_wconf 71' lang='grc' dir='ltr'>ἓθνῶν</span> <span class='ocrx_word' id='word_1_240' title='bbox 1647 1848 1913 1927; x_wconf 77' lang='grc' dir='ltr'>δαιμόνια,</span> 
     </span>
    </p>
   </div>
   <div class='ocr_carea' id='block_1_35' title="bbox 2005 1844 3651 1931">
    <p class='ocr_par' dir='ltr' id='par_1_35' title="bbox 2005 1844 3651 1924">
     <span class='ocr_line' id='line_1_35' title="bbox 2005 1844 3651 1924; baseline 0.002 -18"><span class='ocrx_word' id='word_1_241' title='bbox 2005 1863 2323 1907; x_wconf 78' lang='lat' dir='ltr'><strong>numerose</strong></span> <span class='ocrx_word' id='word_1_242' title='bbox 2398 1853 2705 1924; x_wconf 84' lang='lat' dir='ltr'><strong>canentes,</strong></span> <span class='ocrx_word' id='word_1_243' title='bbox 2762 1844 2930 1906; x_wconf 84' lang='lat' dir='ltr'><strong>audit</strong></span> <span class='ocrx_word' id='word_1_244' title='bbox 2991 1855 3428 1908; x_wconf 86' lang='lat' dir='ltr'><strong>sacrosanctam</strong></span> <span class='ocrx_word' id='word_1_245' title='bbox 3487 1849 3651 1911; x_wconf 89' lang='lat' dir='ltr'><strong>illam</strong></span> 
     </span>
    </p>
   </div>
   <div class='ocr_carea' id='block_1_36' title="bbox 275 1933 1920 2020">
    <p class='ocr_par' dir='ltr' id='par_1_36' title="bbox 275 1933 1920 2020">
     <span class='ocr_line' id='line_1_36' title="bbox 275 1933 1920 2020; baseline -0.001 -21"><span class='ocrx_word' id='word_1_246' title='bbox 275 1933 336 1999; x_wconf 63' lang='grc'><strong>’0</strong></span> <span class='ocrx_word' id='word_1_247' title='bbox 382 1939 438 1995; x_wconf 81' lang='grc' dir='ltr'>δὲ</span> <span class='ocrx_word' id='word_1_248' title='bbox 486 1942 668 2020; x_wconf 72' lang='grc' dir='ltr'>Κύριος</span> <span class='ocrx_word' id='word_1_249' title='bbox 701 1941 818 2004; x_wconf 80' lang='grc' dir='ltr'>τοὺς</span> <span class='ocrx_word' id='word_1_250' title='bbox 861 1942 1109 2020; x_wconf 75' lang='grc' dir='ltr'>οὖρανοὺς</span> <span class='ocrx_word' id='word_1_251' title='bbox 1159 1939 1399 2006; x_wconf 72' lang='grc' dir='ltr'>ἐποίησε.</span> <span class='ocrx_word' id='word_1_252' title='bbox 1456 1963 1482 1993; x_wconf 70' lang='grc' dir='ltr'><strong>ιι</strong></span> <span class='ocrx_word' id='word_1_253' title='bbox 1536 1943 1697 1998; x_wconf 77' lang='grc' dir='ltr'><strong>Τοῦτο</strong></span> <span class='ocrx_word' id='word_1_254' title='bbox 1746 1941 1920 2011; x_wconf 66' lang='grc' dir='ltr'>ἐκείνη</span> 
     </span>
    </p>
   </div>
   <div class='ocr_carea' id='block_1_37' title="bbox 268 2028 1920 2108">
    <p class='ocr_par' dir='ltr' id='par_1_37' title="bbox 268 2028 1920 2108">
     <span class='ocr_line' id='line_1_37' title="bbox 268 2028 1920 2108; baseline 0.001 -22"><span class='ocrx_word' id='word_1_255' title='bbox 268 2030 547 2087; x_wconf 80' lang='grc' dir='ltr'>ἀκούσασα</span> <span class='ocrx_word' id='word_1_256' title='bbox 590 2032 677 2087; x_wconf 81' lang='grc' dir='ltr'><strong>καὶ</strong></span> <span class='ocrx_word' id='word_1_257' title='bbox 735 2030 915 2108; x_wconf 80' lang='grc' dir='ltr'>ὥσπερ</span> <span class='ocrx_word' id='word_1_258' title='bbox 969 2030 1052 2085; x_wconf 81' lang='grc' dir='ltr'><strong>ἐπὶ</strong></span> <span class='ocrx_word' id='word_1_259' title='bbox 1115 2034 1182 2104; x_wconf 80' lang='grc' dir='ltr'>τῇ</span> <span class='ocrx_word' id='word_1_260' title='bbox 1211 2035 1443 2108; x_wconf 82' lang='grc' dir='ltr'>πατρικῇ</span> <span class='ocrx_word' id='word_1_261' title='bbox 1496 2028 1672 2107; x_wconf 73' lang='grc' dir='ltr'>πλάνῃ</span> <span class='ocrx_word' id='word_1_262' title='bbox 1711 2032 1920 2107; x_wconf 80' lang='grc' dir='ltr'>βαθείας</span> 
     </span>
    </p>
   </div>
   <div class='ocr_carea' id='block_1_38' title="bbox 263 2118 1917 2199">
    <p class='ocr_par' dir='ltr' id='par_1_38' title="bbox 263 2118 1917 2199">
     <span class='ocr_line' id='line_1_38' title="bbox 263 2118 1917 2199; baseline 0.005 -23"><span class='ocrx_word' id='word_1_263' title='bbox 263 2120 533 2198; x_wconf 71' lang='grc' dir='ltr'>αἰσχύνης</span> <span class='ocrx_word' id='word_1_264' title='bbox 616 2119 1023 2187; x_wconf 77' lang='grc' dir='ltr'>ὑποπλησθεῖσα</span> <span class='ocrx_word' id='word_1_265' title='bbox 1088 2118 1326 2189; x_wconf 78' lang='grc' dir='ltr'>στενάζει</span> <span class='ocrx_word' id='word_1_266' title='bbox 1401 2119 1499 2193; x_wconf 78' lang='grc' dir='ltr'>μὲν</span> <span class='ocrx_word' id='word_1_267' title='bbox 1568 2118 1628 2195; x_wconf 73' lang='grc' dir='ltr'><strong>’ἐκ</strong></span> <span class='ocrx_word' id='word_1_268' title='bbox 1706 2119 1917 2199; x_wconf 74' lang='grc' dir='ltr'>καρδίας</span> 
     </span>
    </p>
   </div>
   <div class='ocr_carea' id='block_1_39' title="bbox 263 2210 997 2289">
    <p class='ocr_par' dir='ltr' id='par_1_39' title="bbox 263 2210 997 2289">
     <span class='ocr_line' id='line_1_39' title="bbox 263 2210 997 2289; baseline -0.005 -22"><span class='ocrx_word' id='word_1_269' title='bbox 263 2210 556 2289; x_wconf 78' lang='grc' dir='ltr'>περιπαθὲς</span> <span class='ocrx_word' id='word_1_270' title='bbox 598 2232 649 2265; x_wconf 94' lang='grc' dir='ltr'><strong>τι</strong></span> <span class='ocrx_word' id='word_1_271' title='bbox 680 2211 766 2267; x_wconf 60' lang='grc' dir='ltr'>καθ</span> <span class='ocrx_word' id='word_1_272' title='bbox 796 2211 997 2286; x_wconf 82' lang='grc' dir='ltr'>βύθιον,</span> 
     </span>
    </p>
   </div>
   <div class='ocr_carea' id='block_1_40' title="bbox 354 2385 1915 2467">
    <p class='ocr_par' dir='ltr' id='par_1_40' title="bbox 354 2385 1915 2467">
     <span class='ocr_line' id='line_1_40' title="bbox 354 2385 1915 2467; baseline -0.001 -22"><span class='ocrx_word' id='word_1_273' title='bbox 354 2388 446 2448; x_wconf 83' lang='grc' dir='ltr'><strong>Δ¹.</strong></span> <span class='ocrx_word' id='word_1_274' title='bbox 497 2395 800 2467; x_wconf 75' lang='grc' dir='ltr'>Στραφεῖσα</span> <span class='ocrx_word' id='word_1_275' title='bbox 858 2385 911 2442; x_wconf 78' lang='grc' dir='ltr'><em>δὲ</em></span> <span class='ocrx_word' id='word_1_276' title='bbox 969 2389 1097 2466; x_wconf 74' lang='grc' dir='ltr'>πρὸς</span> <span class='ocrx_word' id='word_1_277' title='bbox 1157 2387 1276 2450; x_wconf 79' lang='grc' dir='ltr'>τοὺς</span> <span class='ocrx_word' id='word_1_278' title='bbox 1323 2386 1679 2467; x_wconf 76' lang='grc' dir='ltr'>ἐφεπομένους</span> <span class='ocrx_word' id='word_1_279' title='bbox 1732 2388 1915 2444; x_wconf 70' lang='grc' dir='ltr'>εὖνούο</span> 
     </span>
    </p>
   </div>
   <div class='ocr_carea' id='block_1_41' title="bbox 264 2476 1913 2559">
    <p class='ocr_par' dir='ltr' id='par_1_41' title="bbox 264 2476 1913 2559">
     <span class='ocr_line' id='line_1_41' title="bbox 264 2476 1913 2559; baseline -0.001 -25"><span class='ocrx_word' id='word_1_280' title='bbox 264 2501 428 2559; x_wconf 75' lang='grc' dir='ltr'>χους,</span> <span class='ocrx_word' id='word_1_281' title='bbox 475 2480 551 2533; x_wconf 68' lang='grc' dir='ltr'>ῶθ</span> <span class='ocrx_word' id='word_1_282' title='bbox 591 2481 617 2533; x_wconf 98' lang='lat'><strong>6</strong></span> <span class='ocrx_word' id='word_1_283' title='bbox 673 2477 770 2551; x_wconf 74' lang='grc' dir='ltr'>μὲν</span> <span class='ocrx_word' id='word_1_284' title='bbox 827 2477 1100 2558; x_wconf 77' lang='grc' dir='ltr'>Πρωτέας,</span> <span class='ocrx_word' id='word_1_285' title='bbox 1147 2479 1174 2533; x_wconf 88' lang='lat'><strong>6</strong></span> <span class='ocrx_word' id='word_1_286' title='bbox 1218 2476 1267 2532; x_wconf 63' lang='grc' dir='ltr'><strong>δὲ</strong></span> <span class='ocrx_word' id='word_1_287' title='bbox 1320 2476 1589 2538; x_wconf 72' lang='grc' dir='ltr'>ἰ’άκινθος</span> <span class='ocrx_word' id='word_1_288' title='bbox 1643 2477 1913 2551; x_wconf 74' lang='grc' dir='ltr'>ἐκαλεῖτο,</span> 
     </span>
    </p>
   </div>
   <div class='ocr_carea' id='block_1_42' title="bbox 269 2564 1921 2645">
    <p class='ocr_par' dir='ltr' id='par_1_42' title="bbox 269 2564 1921 2645">
     <span class='ocr_line' id='line_1_42' title="bbox 269 2564 1921 2645; baseline -0.001 -19"><span class='ocrx_word' id='word_1_289' title='bbox 269 2569 453 2645; x_wconf 72' lang='grc' dir='ltr'>λόγων</span> <span class='ocrx_word' id='word_1_290' title='bbox 490 2565 544 2623; x_wconf 73' lang='grc' dir='ltr'><strong>δὲ</strong></span> <span class='ocrx_word' id='word_1_291' title='bbox 590 2566 733 2623; x_wconf 83' lang='grc' dir='ltr'>οὗτοι</span> <span class='ocrx_word' id='word_1_292' title='bbox 766 2565 941 2644; x_wconf 66' lang='grc' dir='ltr'>σοφῶν</span> <span class='ocrx_word' id='word_1_293' title='bbox 986 2567 1072 2622; x_wconf 84' lang='grc' dir='ltr'><strong>καὶ</strong></span> <span class='ocrx_word' id='word_1_294' title='bbox 1104 2564 1413 2645; x_wconf 56' lang='grc' dir='ltr'>φιλοσορῖας</span> <span class='ocrx_word' id='word_1_295' title='bbox 1475 2565 1722 2642; x_wconf 76' lang='grc' dir='ltr'>ἐπήκοοι,</span> <span class='ocrx_word' id='word_1_296' title='bbox 1781 2567 1921 2625; x_wconf 78' lang='grc' dir='ltr'>Οἷνα</span> 
     </span>
    </p>
   </div>
   <div class='ocr_carea' id='block_1_43' title="bbox 272 2653 1922 2736">
    <p class='ocr_par' dir='ltr' id='par_1_43' title="bbox 272 2653 1922 2736">
     <span class='ocr_line' id='line_1_43' title="bbox 272 2653 1922 2736; baseline -0.001 -22"><span class='ocrx_word' id='word_1_297' title='bbox 272 2659 377 2735; x_wconf 78' lang='grc' dir='ltr'>μὲν</span> <span class='ocrx_word' id='word_1_298' title='bbox 430 2660 592 2731; x_wconf 76' lang='grc' dir='ltr'>ὑμᾶς,</span> <span class='ocrx_word' id='word_1_299' title='bbox 640 2654 766 2736; x_wconf 71' lang='grc' dir='ltr'>ἔφη,</span> <span class='ocrx_word' id='word_1_300' title='bbox 831 2660 919 2712; x_wconf 80' lang='grc' dir='ltr'><strong>καὶ</strong></span> <span class='ocrx_word' id='word_1_301' title='bbox 977 2654 1215 2721; x_wconf 80' lang='grc' dir='ltr'>παιδείας</span> <span class='ocrx_word' id='word_1_302' title='bbox 1274 2653 1668 2720; x_wconf 74' lang='grc' dir='ltr'>ἀπολαύσαντες</span> <span class='ocrx_word' id='word_1_303' title='bbox 1730 2655 1922 2722; x_wconf 71' lang='grc' dir='ltr'>ἱκανῶς</span> 
     </span>
    </p>
   </div>
   <div class='ocr_carea' id='block_1_44' title="bbox 272 2744 1919 2825">
    <p class='ocr_par' dir='ltr' id='par_1_44' title="bbox 272 2744 1919 2825">
     <span class='ocr_line' id='line_1_44' title="bbox 272 2744 1919 2825; baseline -0.002 -20"><span class='ocrx_word' id='word_1_304' title='bbox 272 2750 362 2805; x_wconf 81' lang='grc' dir='ltr'>καὶ</span> <span class='ocrx_word' id='word_1_305' title='bbox 420 2745 647 2825; x_wconf 75' lang='grc' dir='ltr'>δόγμασι</span> <span class='ocrx_word' id='word_1_306' title='bbox 692 2746 1078 2825; x_wconf 62' lang='grc' dir='ltr'>περιτυχόντας</span> <span class='ocrx_word' id='word_1_307' title='bbox 1151 2753 1327 2824; x_wconf 68' lang='grc' dir='ltr'>σοφῶν</span> <span class='ocrx_word' id='word_1_308' title='bbox 1386 2744 1485 2801; x_wconf 81' lang='grc' dir='ltr'><strong>ὅσα</strong></span> <span class='ocrx_word' id='word_1_309' title='bbox 1528 2766 1584 2802; x_wconf 87' lang='grc' dir='ltr'><strong>τε</strong></span> <span class='ocrx_word' id='word_1_310' title='bbox 1630 2748 1919 2822; x_wconf 66' lang='grc' dir='ltr'>Σωκράτης</span> 
     </span>
    </p>
   </div>
   <div class='ocr_carea' id='block_1_45' title="bbox 275 2834 952 2915">
    <p class='ocr_par' dir='ltr' id='par_1_45' title="bbox 275 2834 952 2915">
     <span class='ocr_line' id='line_1_45' title="bbox 275 2834 952 2915; baseline -0.003 -21"><span class='ocrx_word' id='word_1_311' title='bbox 275 2839 366 2895; x_wconf 83' lang='grc' dir='ltr'><strong>καὶ</strong></span> <span class='ocrx_word' id='word_1_312' title='bbox 414 2834 793 2915; x_wconf 72' lang='grc' dir='ltr'>Ἀριστοτέλης</span> <span class='ocrx_word' id='word_1_313' title='bbox 865 2838 952 2892; x_wconf 82' lang='grc' dir='ltr'>καὶ</span> 
     </span>
    </p>
   </div>
   <div class='ocr_carea' id='block_1_46' title="bbox 276 2922 1921 3003">
    <p class='ocr_par' dir='ltr' id='par_1_46' title="bbox 276 2922 1921 3003">
     <span class='ocr_line' id='line_1_46' title="bbox 276 2922 1921 3003; baseline -0.002 -20"><span class='ocrx_word' id='word_1_314' title='bbox 276 2925 466 2993; x_wconf 72' lang='grc' dir='ltr'>ἐξῆλθε</span> <span class='ocrx_word' id='word_1_315' title='bbox 507 2928 655 3003; x_wconf 75' lang='grc' dir='ltr'>στοὰ,</span> <span class='ocrx_word' id='word_1_316' title='bbox 702 2926 740 2990; x_wconf 70' lang='grc' dir='ltr'>ἦ</span> <span class='ocrx_word' id='word_1_317' title='bbox 795 2948 851 2981; x_wconf 88' lang='grc' dir='ltr'><strong>τε</strong></span> <span class='ocrx_word' id='word_1_318' title='bbox 908 2932 1015 2982; x_wconf 89' lang='grc' dir='ltr'><strong>τῶν</strong></span> <span class='ocrx_word' id='word_1_319' title='bbox 1058 2926 1438 3001; x_wconf 70' lang='grc' dir='ltr'>Ἐπικουρείων</span> <span class='ocrx_word' id='word_1_320' title='bbox 1504 2924 1625 2990; x_wconf 59' lang='grc' dir='ltr'>θοξα</span> <span class='ocrx_word' id='word_1_321' title='bbox 1680 2922 1921 3002; x_wconf 81' lang='grc' dir='ltr'>παρέδω-</span> 
     </span>
    </p>
   </div>
   <div class='ocr_carea' id='block_1_47' title="bbox 282 3015 1921 3096">
    <p class='ocr_par' dir='ltr' id='par_1_47' title="bbox 282 3015 1921 3096">
     <span class='ocr_line' id='line_1_47' title="bbox 282 3015 1921 3096; baseline -0.001 -25"><span class='ocrx_word' id='word_1_322' title='bbox 282 3038 405 3095; x_wconf 71' lang='grc' dir='ltr'>κεν,</span> <span class='ocrx_word' id='word_1_323' title='bbox 452 3017 635 3089; x_wconf 72' lang='grc' dir='ltr'>ὁμοίως</span> <span class='ocrx_word' id='word_1_324' title='bbox 679 3016 733 3071; x_wconf 77' lang='grc' dir='ltr'><strong>δὲ</strong></span> <span class='ocrx_word' id='word_1_325' title='bbox 791 3016 881 3073; x_wconf 84' lang='grc' dir='ltr'><strong>καὶ</strong></span> <span class='ocrx_word' id='word_1_326' title='bbox 940 3017 1181 3083; x_wconf 79' lang='grc' dir='ltr'>ποιητῶν</span> <span class='ocrx_word' id='word_1_327' title='bbox 1215 3015 1391 3077; x_wconf 69' lang='grc' dir='ltr'>ἄλλων</span> <span class='ocrx_word' id='word_1_328' title='bbox 1424 3017 1509 3072; x_wconf 85' lang='grc' dir='ltr'><strong>καὶ</strong></span> <span class='ocrx_word' id='word_1_329' title='bbox 1541 3022 1804 3096; x_wconf 79' lang='grc' dir='ltr'>σοφιστῶν</span> <span class='ocrx_word' id='word_1_330' title='bbox 1836 3015 1921 3071; x_wconf 84' lang='grc' dir='ltr'><strong>καὶ</strong></span> 
     </span>
    </p>
   </div>
   <div class='ocr_carea' id='block_1_48' title="bbox 286 3104 1919 3186">
    <p class='ocr_par' dir='ltr' id='par_1_48' title="bbox 286 3104 1919 3186">
     <span class='ocr_line' id='line_1_48' title="bbox 286 3104 1919 3186; baseline -0.001 -27"><span class='ocrx_word' id='word_1_331' title='bbox 286 3104 404 3160; x_wconf 76' lang='grc' dir='ltr'>ὅσοι</span> <span class='ocrx_word' id='word_1_332' title='bbox 461 3106 549 3173; x_wconf 78' lang='grc' dir='ltr'><strong>τήν</strong></span> <span class='ocrx_word' id='word_1_333' title='bbox 608 3110 717 3163; x_wconf 87' lang='grc' dir='ltr'><strong>τῶν</strong></span> <span class='ocrx_word' id='word_1_334' title='bbox 770 3104 937 3161; x_wconf 75' lang='grc' dir='ltr'>ὄντων</span> <span class='ocrx_word' id='word_1_335' title='bbox 991 3107 1216 3186; x_wconf 73' lang='grc' dir='ltr'>αὖχοῠσι</span> <span class='ocrx_word' id='word_1_336' title='bbox 1276 3111 1472 3185; x_wconf 80' lang='grc' dir='ltr'>γνῶσιν</span> <span class='ocrx_word' id='word_1_337' title='bbox 1551 3105 1644 3161; x_wconf 74' lang='grc' dir='ltr'>οὒκ</span> <span class='ocrx_word' id='word_1_338' title='bbox 1706 3104 1919 3179; x_wconf 75' lang='grc' dir='ltr'>ἂμαθῶς</span> 
     </span>
    </p>
   </div>
   <div class='ocr_carea' id='block_1_49' title="bbox 276 3193 1919 3275">
    <p class='ocr_par' dir='ltr' id='par_1_49' title="bbox 276 3193 1919 3275">
     <span class='ocr_line' id='line_1_49' title="bbox 276 3193 1919 3275; baseline -0.001 -25"><span class='ocrx_word' id='word_1_339' title='bbox 276 3194 530 3275; x_wconf 82' lang='grc' dir='ltr'>ἔχοντας,</span> <span class='ocrx_word' id='word_1_340' title='bbox 576 3194 718 3251; x_wconf 84' lang='grc' dir='ltr'>’Ἱστε</span> <span class='ocrx_word' id='word_1_341' title='bbox 750 3201 876 3272; x_wconf 82' lang='grc' dir='ltr'>γοῦν</span> <span class='ocrx_word' id='word_1_342' title='bbox 924 3197 997 3259; x_wconf 87' lang='grc' dir='ltr'>ὡς</span> <span class='ocrx_word' id='word_1_343' title='bbox 1049 3202 1212 3252; x_wconf 79' lang='grc' dir='ltr'>ταῦτα</span> <span class='ocrx_word' id='word_1_344' title='bbox 1254 3196 1426 3252; x_wconf 75' lang='grc' dir='ltr'>πάντα</span> <span class='ocrx_word' id='word_1_345' title='bbox 1486 3193 1774 3273; x_wconf 70' lang='grc' dir='ltr'>μυθολογία</span> <span class='ocrx_word' id='word_1_346' title='bbox 1817 3216 1919 3249; x_wconf 85' lang='grc' dir='ltr'>σα-</span> 
     </span>
    </p>
   </div>
   <div class='ocr_carea' id='block_1_50' title="bbox 1038 2836 1921 2914">
    <p class='ocr_par' dir='ltr' id='par_1_50' title="bbox 1038 2836 1921 2914">
     <span class='ocr_line' id='line_1_50' title="bbox 1038 2836 1921 2914; baseline 0.001 -23"><span class='ocrx_word' id='word_1_347' title='bbox 1038 2836 1257 2893; x_wconf 67' lang='grc' dir='ltr'>Πλάτωρ</span> <span class='ocrx_word' id='word_1_348' title='bbox 1335 2838 1421 2892; x_wconf 85' lang='grc' dir='ltr'>καὶ</span> <span class='ocrx_word' id='word_1_349' title='bbox 1504 2838 1537 2904; x_wconf 79' lang='grc' dir='ltr'>ἡ</span> <span class='ocrx_word' id='word_1_350' title='bbox 1592 2838 1921 2914; x_wconf 79' lang='grc' dir='ltr'>περιώνυμος</span> 
     </span>
    </p>
   </div>
   <div class='ocr_carea' id='block_1_51' title="bbox 269 3281 1981 3363">
    <p class='ocr_par' dir='ltr' id='par_1_51' title="bbox 269 3281 1981 3363">
     <span class='ocr_line' id='line_1_51' title="bbox 269 3281 1981 3363; baseline 0.002 -24"><span class='ocrx_word' id='word_1_351' title='bbox 269 3285 379 3363; x_wconf 75' lang='grc' dir='ltr'>φὴς</span> <span class='ocrx_word' id='word_1_352' title='bbox 439 3286 527 3340; x_wconf 83' lang='grc' dir='ltr'><strong>καὶ</strong></span> <span class='ocrx_word' id='word_1_353' title='bbox 569 3284 858 3351; x_wconf 79' lang='grc' dir='ltr'>πιθανότης</span> <span class='ocrx_word' id='word_1_354' title='bbox 905 3286 1321 3363; x_wconf 79' lang='grc' dir='ltr'>παρακρούεσθαι</span> <span class='ocrx_word' id='word_1_355' title='bbox 1380 3285 1500 3348; x_wconf 84' lang='grc' dir='ltr'>τοὺς</span> <span class='ocrx_word' id='word_1_356' title='bbox 1554 3282 1784 3349; x_wconf 78' lang='grc' dir='ltr'>πολλοὺς</span> <span class='ocrx_word' id='word_1_357' title='bbox 1828 3281 1981 3343; x_wconf 71' lang='grc' dir='ltr'><strong>δυ-’ἶ</strong></span> 
     </span>
    </p>
   </div>
   <div class='ocr_carea' id='block_1_52' title="bbox 268 3372 1914 3453">
    <p class='ocr_par' dir='ltr' id='par_1_52' title="bbox 268 3372 1914 3453">
     <span class='ocr_line' id='line_1_52' title="bbox 268 3372 1914 3453; baseline 0.002 -26"><span class='ocrx_word' id='word_1_358' title='bbox 268 3373 501 3448; x_wconf 80' lang='grc' dir='ltr'>ναμένη,</span> <span class='ocrx_word' id='word_1_359' title='bbox 548 3372 715 3431; x_wconf 82' lang='grc' dir='ltr'>Ἀλλὰ</span> <span class='ocrx_word' id='word_1_360' title='bbox 773 3375 859 3430; x_wconf 84' lang='grc' dir='ltr'><strong>καὶ</strong></span> <span class='ocrx_word' id='word_1_361' title='bbox 904 3380 1008 3429; x_wconf 89' lang='grc' dir='ltr'><strong>τῶν</strong></span> <span class='ocrx_word' id='word_1_362' title='bbox 1053 3373 1191 3451; x_wconf 84' lang='grc' dir='ltr'>μέγα</span> <span class='ocrx_word' id='word_1_363' title='bbox 1249 3375 1365 3452; x_wconf 87' lang='grc' dir='ltr'>περὶ</span> <span class='ocrx_word' id='word_1_364' title='bbox 1423 3375 1520 3442; x_wconf 75' lang='grc' dir='ltr'>τὴν</span> <span class='ocrx_word' id='word_1_365' title='bbox 1576 3380 1768 3453; x_wconf 83' lang='grc' dir='ltr'>γνῶσιν</span> <span class='ocrx_word' id='word_1_366' title='bbox 1816 3377 1914 3431; x_wconf 68' lang='grc' dir='ltr'><strong>αὖ-</strong></span> 
     </span>
    </p>
   </div>
   <div class='ocr_carea' id='block_1_53' title="bbox 266 3460 1911 3542">
    <p class='ocr_par' dir='ltr' id='par_1_53' title="bbox 266 3460 1911 3542">
     <span class='ocr_line' id='line_1_53' title="bbox 266 3460 1911 3542; baseline 0.001 -25"><span class='ocrx_word' id='word_1_367' title='bbox 266 3466 514 3542; x_wconf 79' lang='grc' dir='ltr'>χούντων</span> <span class='ocrx_word' id='word_1_368' title='bbox 538 3460 809 3532; x_wconf 70' lang='grc' dir='ltr'>Ἐλλήνων</span> <span class='ocrx_word' id='word_1_369' title='bbox 837 3467 883 3520; x_wconf 75' lang='grc' dir='ltr'>οἱ</span> <span class='ocrx_word' id='word_1_370' title='bbox 910 3465 1010 3538; x_wconf 80' lang='grc' dir='ltr'>μὲν</span> <span class='ocrx_word' id='word_1_371' title='bbox 1042 3462 1146 3519; x_wconf 67' lang='grc' dir='ltr'>οὔδ’</span> <span class='ocrx_word' id='word_1_372' title='bbox 1177 3462 1316 3527; x_wconf 82' lang='grc' dir='ltr'>ὅλως</span> <span class='ocrx_word' id='word_1_373' title='bbox 1367 3467 1522 3520; x_wconf 77' lang='grc' dir='ltr'>εἷπον</span> <span class='ocrx_word' id='word_1_374' title='bbox 1573 3467 1712 3519; x_wconf 81' lang='grc' dir='ltr'>εἶναι</span> <span class='ocrx_word' id='word_1_375' title='bbox 1759 3466 1911 3538; x_wconf 71' lang='grc' dir='ltr'>Θεὸν,</span> 
     </span>
    </p>
   </div>
   <div class='ocr_carea' id='block_1_54' title="bbox 261 3550 1917 3627">
    <p class='ocr_par' dir='ltr' id='par_1_54' title="bbox 261 3550 1917 3627">
     <span class='ocr_line' id='line_1_54' title="bbox 261 3550 1917 3627; baseline 0.001 -21"><span class='ocrx_word' id='word_1_376' title='bbox 261 3555 313 3607; x_wconf 82' lang='grc' dir='ltr'><strong>οἷ</strong></span> <span class='ocrx_word' id='word_1_377' title='bbox 358 3550 414 3607; x_wconf 72' lang='grc' dir='ltr'>δὲ</span> <span class='ocrx_word' id='word_1_378' title='bbox 457 3551 688 3616; x_wconf 77' lang='grc' dir='ltr'>πολλοὺς</span> <span class='ocrx_word' id='word_1_379' title='bbox 735 3555 873 3608; x_wconf 85' lang='grc' dir='ltr'>εἶναι</span> <span class='ocrx_word' id='word_1_380' title='bbox 908 3553 1153 3627; x_wconf 80' lang='grc' dir='ltr'>μείζονας</span> <span class='ocrx_word' id='word_1_381' title='bbox 1184 3554 1272 3609; x_wconf 84' lang='grc' dir='ltr'><strong>καὶ</strong></span> <span class='ocrx_word' id='word_1_382' title='bbox 1318 3551 1605 3617; x_wconf 73' lang='grc' dir='ltr'>ἐλάττονας</span> <span class='ocrx_word' id='word_1_383' title='bbox 1666 3551 1917 3626; x_wconf 79' lang='grc' dir='ltr'>ἐδοκίμα-</span> 
     </span>
    </p>
   </div>
   <div class='ocr_carea' id='block_1_55' title="bbox 262 3642 1911 3722">
    <p class='ocr_par' dir='ltr' id='par_1_55' title="bbox 262 3642 1911 3722">
     <span class='ocr_line' id='line_1_55' title="bbox 262 3642 1911 3722; baseline -0.001 -24"><span class='ocrx_word' id='word_1_384' title='bbox 262 3663 391 3704; x_wconf 86' lang='grc' dir='ltr'>σαν,</span> <span class='ocrx_word' id='word_1_385' title='bbox 425 3642 581 3699; x_wconf 64' lang='grc' dir='ltr'>Οὗτοι</span> <span class='ocrx_word' id='word_1_386' title='bbox 640 3648 765 3719; x_wconf 77' lang='grc' dir='ltr'>γοῦν</span> <span class='ocrx_word' id='word_1_387' title='bbox 820 3642 895 3697; x_wconf 80' lang='grc' dir='ltr'>ἑνὶ</span> <span class='ocrx_word' id='word_1_388' title='bbox 950 3643 1122 3716; x_wconf 80' lang='grc' dir='ltr'>τούτῳ</span> <span class='ocrx_word' id='word_1_389' title='bbox 1181 3643 1374 3704; x_wconf 78' lang='grc' dir='ltr'>πάντες</span> <span class='ocrx_word' id='word_1_390' title='bbox 1433 3642 1771 3722; x_wconf 73' lang='grc' dir='ltr'>ἐκκρούονται</span> 
     </span>
    </p>
   </div>
   <div class='ocr_carea' id='block_1_56' title="bbox 265 3730 1910 3808">
    <p class='ocr_par' dir='ltr' id='par_1_56' title="bbox 265 3730 1910 3808">
     <span class='ocr_line' id='line_1_56' title="bbox 265 3730 1910 3808; baseline 0.001 -21"><span class='ocrx_word' id='word_1_391' title='bbox 265 3753 426 3808; x_wconf 85' lang='grc' dir='ltr'>ματι,</span> <span class='ocrx_word' id='word_1_392' title='bbox 474 3738 551 3806; x_wconf 84' lang='grc' dir='ltr'>τῷ</span> <span class='ocrx_word' id='word_1_393' title='bbox 597 3751 629 3789; x_wconf 74' lang='grc' dir='ltr'><strong>α</strong></span> <span class='ocrx_word' id='word_1_394' title='bbox 662 3730 862 3795; x_wconf 77' lang='grc' dir='ltr'>Πάντες</span> <span class='ocrx_word' id='word_1_395' title='bbox 913 3733 959 3789; x_wconf 76' lang='grc' dir='ltr'><strong>οἱ</strong></span> <span class='ocrx_word' id='word_1_396' title='bbox 1015 3734 1122 3790; x_wconf 81' lang='grc' dir='ltr'>θεοὶ</span> <span class='ocrx_word' id='word_1_397' title='bbox 1166 3738 1271 3789; x_wconf 88' lang='grc' dir='ltr'><strong>τῶν</strong></span> <span class='ocrx_word' id='word_1_398' title='bbox 1337 3732 1496 3789; x_wconf 82' lang='grc' dir='ltr'>ἐθνῶν</span> <span class='ocrx_word' id='word_1_399' title='bbox 1555 3730 1823 3807; x_wconf 83' lang='grc' dir='ltr'>δαιμόνια.</span> <span class='ocrx_word' id='word_1_400' title='bbox 1887 3756 1910 3789; x_wconf 75' lang='grc' dir='ltr'><strong>ν</strong></span> 
     </span>
    </p>
   </div>
   <div class='ocr_carea' id='block_1_57' title="bbox 267 3818 1918 3900">
    <p class='ocr_par' dir='ltr' id='par_1_57' title="bbox 267 3818 1918 3900">
     <span class='ocr_line' id='line_1_57' title="bbox 267 3818 1918 3900; baseline -0.002 -20"><span class='ocrx_word' id='word_1_401' title='bbox 267 3820 432 3880; x_wconf 73' lang='grc' dir='ltr'>Ἐστι</span> <span class='ocrx_word' id='word_1_402' title='bbox 465 3822 564 3900; x_wconf 77' lang='grc' dir='ltr'><strong>γὰρ</strong></span> <span class='ocrx_word' id='word_1_403' title='bbox 591 3825 689 3888; x_wconf 79' lang='grc' dir='ltr'>τῆς</span> <span class='ocrx_word' id='word_1_404' title='bbox 742 3820 1027 3886; x_wconf 78' lang='grc' dir='ltr'>πολυθείας</span> <span class='ocrx_word' id='word_1_405' title='bbox 1086 3821 1354 3890; x_wconf 72' lang='grc' dir='ltr'>παντελὴς</span> <span class='ocrx_word' id='word_1_406' title='bbox 1386 3821 1671 3899; x_wconf 75' lang='grc' dir='ltr'>ἀναίρεσις.</span> <span class='ocrx_word' id='word_1_407' title='bbox 1734 3823 1806 3879; x_wconf 76' lang='grc' dir='ltr'><strong>Τὸ</strong></span> <span class='ocrx_word' id='word_1_408' title='bbox 1864 3818 1918 3876; x_wconf 70' lang='grc' dir='ltr'>ὂέ</span> 
     </span>
    </p>
   </div>
   <div class='ocr_carea' id='block_1_58' title="bbox 280 3908 1920 3989">
    <p class='ocr_par' dir='ltr' id='par_1_58' title="bbox 280 3908 1920 3989">
     <span class='ocr_line' id='line_1_58' title="bbox 280 3908 1920 3989; baseline -0.001 -22"><span class='ocrx_word' id='word_1_409' title='bbox 280 3929 305 3967; x_wconf 75' lang='grc' dir='ltr'>ι</span> <span class='ocrx_word' id='word_1_410' title='bbox 342 3911 528 3988; x_wconf 76' lang='grc' dir='ltr'>Κύριος</span> <span class='ocrx_word' id='word_1_411' title='bbox 557 3911 677 3974; x_wconf 76' lang='grc' dir='ltr'>τοὺς</span> <span class='ocrx_word' id='word_1_412' title='bbox 709 3912 955 3981; x_wconf 74' lang='grc' dir='ltr'>οὖρανοὺς</span> <span class='ocrx_word' id='word_1_413' title='bbox 990 3911 1211 3979; x_wconf 81' lang='grc' dir='ltr'>ἐποίησε</span> <span class='ocrx_word' id='word_1_414' title='bbox 1249 3934 1273 3970; x_wconf 68' lang='grc' dir='ltr'><strong>ν</strong></span> <span class='ocrx_word' id='word_1_415' title='bbox 1308 3920 1461 3970; x_wconf 80' lang='grc' dir='ltr'>τοῦτο</span> <span class='ocrx_word' id='word_1_416' title='bbox 1513 3908 1568 3966; x_wconf 77' lang='grc' dir='ltr'>δέ</span> <span class='ocrx_word' id='word_1_417' title='bbox 1620 3910 1920 3989; x_wconf 74' lang='grc' dir='ltr'>μοναρχίαν</span> 
     </span>
    </p>
   </div>
   <div class='ocr_carea' id='block_1_59' title="bbox 268 3998 1923 4079">
    <p class='ocr_par' dir='ltr' id='par_1_59' title="bbox 268 3998 1923 4079">
     <span class='ocr_line' id='line_1_59' title="bbox 268 3998 1923 4079; baseline 0.001 -24"><span class='ocrx_word' id='word_1_418' title='bbox 268 3999 505 4079; x_wconf 76' lang='grc' dir='ltr'>ἀκριϐῶς</span> <span class='ocrx_word' id='word_1_419' title='bbox 576 3998 872 4079; x_wconf 68' lang='grc' dir='ltr'>ἀντεισάγει</span> <span class='ocrx_word' id='word_1_420' title='bbox 934 4004 1022 4058; x_wconf 84' lang='grc' dir='ltr'><strong>καὶ</strong></span> <span class='ocrx_word' id='word_1_421' title='bbox 1082 4004 1174 4057; x_wconf 82' lang='grc' dir='ltr'>τὸν</span> <span class='ocrx_word' id='word_1_422' title='bbox 1218 4004 1395 4059; x_wconf 82' lang='grc' dir='ltr'>κοινὸν</span> <span class='ocrx_word' id='word_1_423' title='bbox 1444 4002 1581 4077; x_wconf 79' lang='grc' dir='ltr'>ἡμῖν</span> <span class='ocrx_word' id='word_1_424' title='bbox 1644 4002 1923 4067; x_wconf 85' lang='grc' dir='ltr'>Δεσπότην</span> 
     </span>
    </p>
   </div>
   <div class='ocr_carea' id='block_1_60' title="bbox 270 4088 1923 4168">
    <p class='ocr_par' dir='ltr' id='par_1_60' title="bbox 270 4088 1923 4168">
     <span class='ocr_line' id='line_1_60' title="bbox 270 4088 1923 4168; baseline 0.002 -24"><span class='ocrx_word' id='word_1_425' title='bbox 270 4090 551 4168; x_wconf 80' lang='grc' dir='ltr'>γνώριμον</span> <span class='ocrx_word' id='word_1_426' title='bbox 580 4092 823 4161; x_wconf 80' lang='grc' dir='ltr'>καθιστᾷ.</span> <span class='ocrx_word' id='word_1_427' title='bbox 873 4089 1087 4165; x_wconf 72' lang='grc' dir='ltr'>Συνῳδᾶ</span> <span class='ocrx_word' id='word_1_428' title='bbox 1115 4089 1169 4146; x_wconf 74' lang='grc' dir='ltr'><strong>δὲ</strong></span> <span class='ocrx_word' id='word_1_429' title='bbox 1227 4092 1433 4154; x_wconf 75' lang='grc' dir='ltr'>τούτοις</span> <span class='ocrx_word' id='word_1_430' title='bbox 1484 4092 1573 4146; x_wconf 81' lang='grc' dir='ltr'>καὶ</span> <span class='ocrx_word' id='word_1_431' title='bbox 1624 4088 1923 4155; x_wconf 82' lang='grc' dir='ltr'>ἀπόστολος</span> 
     </span>
    </p>
   </div>
   <div class='ocr_carea' id='block_1_61' title="bbox 272 4178 1923 4259">
    <p class='ocr_par' dir='ltr' id='par_1_61' title="bbox 272 4178 1923 4259">
     <span class='ocr_line' id='line_1_61' title="bbox 272 4178 1923 4259; baseline 0.001 -26"><span class='ocrx_word' id='word_1_432' title='bbox 272 4180 579 4258; x_wconf 71' lang='grc' dir='ltr'>εἰσηγεῖται</span> <span class='ocrx_word' id='word_1_433' title='bbox 654 4178 880 4243; x_wconf 79' lang='grc' dir='ltr'>Παῦλος.</span> <span class='ocrx_word' id='word_1_434' title='bbox 957 4180 1247 4255; x_wconf 75' lang='grc' dir='ltr'>Ἐπάγεται</span> <span class='ocrx_word' id='word_1_435' title='bbox 1305 4181 1404 4259; x_wconf 68' lang='grc' dir='ltr'><strong>γάρ</strong></span> <span class='ocrx_word' id='word_1_436' title='bbox 1453 4201 1519 4255; x_wconf 87' lang='grc' dir='ltr'><strong>με</strong></span> <span class='ocrx_word' id='word_1_437' title='bbox 1574 4181 1664 4237; x_wconf 89' lang='grc' dir='ltr'><strong>καὶ</strong></span> <span class='ocrx_word' id='word_1_438' title='bbox 1738 4179 1923 4237; x_wconf 84' lang='grc' dir='ltr'>τούτου</span> 
     </span>
    </p>
   </div>
   <div class='ocr_carea' id='block_1_62' title="bbox 270 4266 1920 4347">
    <p class='ocr_par' dir='ltr' id='par_1_62' title="bbox 270 4266 1920 4347">
     <span class='ocr_line' id='line_1_62' title="bbox 270 4266 1920 4347; baseline 0.002 -26"><span class='ocrx_word' id='word_1_439' title='bbox 270 4267 340 4321; x_wconf 74' lang='grc' dir='ltr'><strong>τὰ</strong></span> <span class='ocrx_word' id='word_1_440' title='bbox 394 4266 629 4347; x_wconf 69' lang='grc' dir='ltr'>ῥήματα,</span> <span class='ocrx_word' id='word_1_441' title='bbox 695 4266 728 4323; x_wconf 76' lang='grc' dir='ltr'>ἃ</span> <span class='ocrx_word' id='word_1_442' title='bbox 785 4267 913 4346; x_wconf 72' lang='grc' dir='ltr'>χθὲς</span> <span class='ocrx_word' id='word_1_443' title='bbox 974 4268 1061 4324; x_wconf 80' lang='grc' dir='ltr'><strong>καὶ</strong></span> <span class='ocrx_word' id='word_1_444' title='bbox 1109 4269 1296 4346; x_wconf 87' lang='grc' dir='ltr'>πρώην</span> <span class='ocrx_word' id='word_1_445' title='bbox 1349 4267 1579 4336; x_wconf 77' lang='grc' dir='ltr'>ἐπῆλθον</span> <span class='ocrx_word' id='word_1_446' title='bbox 1638 4268 1795 4347; x_wconf 73' lang='grc' dir='ltr'>αὐτὴ,</span> <span class='ocrx_word' id='word_1_447' title='bbox 1831 4267 1920 4325; x_wconf 75' lang='grc' dir='ltr'>ἕνα</span> 
     </span>
    </p>
   </div>
   <div class='ocr_carea' id='block_1_63' title="bbox 266 4354 1919 4437">
    <p class='ocr_par' dir='ltr' id='par_1_63' title="bbox 266 4354 1919 4437">
     <span class='ocr_line' id='line_1_63' title="bbox 266 4354 1919 4437; baseline 0.001 -26"><span class='ocrx_word' id='word_1_448' title='bbox 266 4362 382 4411; x_wconf 83' lang='grc' dir='ltr'><strong>τῶν</strong></span> <span class='ocrx_word' id='word_1_449' title='bbox 425 4356 637 4413; x_wconf 82' lang='grc' dir='ltr'>πάντων</span> <span class='ocrx_word' id='word_1_450' title='bbox 698 4356 841 4413; x_wconf 72' lang='grc' dir='ltr'>εἶναι</span> <span class='ocrx_word' id='word_1_451' title='bbox 902 4354 1256 4437; x_wconf 72' lang='grc' dir='ltr'>διασαφοῦντα</span> <span class='ocrx_word' id='word_1_452' title='bbox 1312 4360 1463 4416; x_wconf 69' lang='grc' dir='ltr'>Θεὸν.</span> <span class='ocrx_word' id='word_1_453' title='bbox 1509 4358 1609 4420; x_wconf 81' lang='grc' dir='ltr'>Οἷς</span> <span class='ocrx_word' id='word_1_454' title='bbox 1643 4360 1728 4415; x_wconf 73' lang='grc' dir='ltr'>καὶ</span> <span class='ocrx_word' id='word_1_455' title='bbox 1757 4359 1919 4432; x_wconf 76' lang='grc' dir='ltr'>ἡμεῖς</span> 
     </span>
    </p>
   </div>
   <div class='ocr_carea' id='block_1_64' title="bbox 266 4443 1917 4527">
    <p class='ocr_par' dir='ltr' id='par_1_64' title="bbox 266 4443 1917 4527">
     <span class='ocr_line' id='line_1_64' title="bbox 266 4443 1917 4527; baseline 0 -26"><span class='ocrx_word' id='word_1_456' title='bbox 266 4446 559 4519; x_wconf 80' lang='grc' dir='ltr'>πειθόμεθα</span> <span class='ocrx_word' id='word_1_457' title='bbox 617 4443 749 4502; x_wconf 83' lang='grc' dir='ltr'>πολὺ</span> <span class='ocrx_word' id='word_1_458' title='bbox 803 4447 864 4501; x_wconf 79' lang='grc' dir='ltr'><strong>τὸ</strong></span> <span class='ocrx_word' id='word_1_459' title='bbox 920 4446 1204 4527; x_wconf 75' lang='grc' dir='ltr'>περιφανές</span> <span class='ocrx_word' id='word_1_460' title='bbox 1251 4448 1339 4503; x_wconf 79' lang='grc' dir='ltr'><strong>καὶ</strong></span> <span class='ocrx_word' id='word_1_461' title='bbox 1397 4446 1703 4512; x_wconf 79' lang='grc' dir='ltr'>ἀξιόπιστον</span> <span class='ocrx_word' id='word_1_462' title='bbox 1748 4445 1917 4526; x_wconf 77' lang='grc' dir='ltr'>ἔχου-</span> 
     </span>
    </p>
   </div>
   <div class='ocr_carea' id='block_1_65' title="bbox 262 4533 1917 4616">
    <p class='ocr_par' dir='ltr' id='par_1_65' title="bbox 262 4533 1917 4616">
     <span class='ocr_line' id='line_1_65' title="bbox 262 4533 1917 4616; baseline 0.001 -26"><span class='ocrx_word' id='word_1_463' title='bbox 262 4556 376 4607; x_wconf 82' lang='grc' dir='ltr'>σιν,</span> <span class='ocrx_word' id='word_1_464' title='bbox 412 4533 503 4589; x_wconf 67' lang='grc' dir='ltr'><strong>ἅτε</strong></span> <span class='ocrx_word' id='word_1_465' title='bbox 532 4534 637 4591; x_wconf 76' lang='grc' dir='ltr'>ἀπὸ</span> <span class='ocrx_word' id='word_1_466' title='bbox 668 4541 774 4591; x_wconf 89' lang='grc' dir='ltr'><strong>τῶν</strong></span> <span class='ocrx_word' id='word_1_467' title='bbox 805 4533 974 4615; x_wconf 76' lang='grc' dir='ltr'>ἔργων</span> <span class='ocrx_word' id='word_1_468' title='bbox 1004 4538 1097 4600; x_wconf 74' lang='grc' dir='ltr'><strong>τὰς</strong></span> <span class='ocrx_word' id='word_1_469' title='bbox 1160 4537 1359 4595; x_wconf 79' lang='grc' dir='ltr'>ἑαυτῶν</span> <span class='ocrx_word' id='word_1_470' title='bbox 1418 4536 1623 4600; x_wconf 83' lang='grc' dir='ltr'>πίστεις</span> <span class='ocrx_word' id='word_1_471' title='bbox 1668 4558 1917 4616; x_wconf 78' lang='grc' dir='ltr'>παρεχο-</span> 
     </span>
    </p>
   </div>
   <div class='ocr_carea' id='block_1_66' title="bbox 258 4624 473 4700">
    <p class='ocr_par' dir='ltr' id='par_1_66' title="bbox 258 4624 473 4700">
     <span class='ocr_line' id='line_1_66' title="bbox 258 4624 473 4700; baseline 0 -19"><span class='ocrx_word' id='word_1_472' title='bbox 258 4624 473 4700; x_wconf 80' lang='grc' dir='ltr'>μένοις.</span> 
     </span>
    </p>
   </div>
   <div class='ocr_carea' id='block_1_67' title="bbox 348 4790 1918 4885">
    <p class='ocr_par' dir='ltr' id='par_1_67' title="bbox 348 4790 1918 4885">
     <span class='ocr_line' id='line_1_67' title="bbox 348 4790 1918 4885; baseline 0.002 -25"><span class='ocrx_word' id='word_1_473' title='bbox 348 4790 434 4865; x_wconf 69' lang='grc' dir='ltr'><strong>Ε’.</strong></span> <span class='ocrx_word' id='word_1_474' title='bbox 470 4804 815 4881; x_wconf 71' lang='grc' dir='ltr'>Βουλομένοις</span> <span class='ocrx_word' id='word_1_475' title='bbox 874 4807 962 4862; x_wconf 74' lang='grc' dir='ltr'>οὗν</span> <span class='ocrx_word' id='word_1_476' title='bbox 1020 4806 1150 4880; x_wconf 79' lang='grc' dir='ltr'>ὑμῖν</span> <span class='ocrx_word' id='word_1_477' title='bbox 1200 4803 1415 4879; x_wconf 72' lang='grc' dir='ltr'>ἕτοιμος</span> <span class='ocrx_word' id='word_1_478' title='bbox 1459 4807 1553 4873; x_wconf 78' lang='grc' dir='ltr'>τῆς</span> <span class='ocrx_word' id='word_1_479' title='bbox 1592 4806 1857 4885; x_wconf 77' lang='grc' dir='ltr'>σωτηρίας</span> <span class='ocrx_word' id='word_1_480' title='bbox 1890 4807 1918 4863; x_wconf 88' lang='lat'><strong>6</strong></span> 
     </span>
    </p>
   </div>
   <div class='ocr_carea' id='block_1_68' title="bbox 261 4891 1918 4975">
    <p class='ocr_par' dir='ltr' id='par_1_68' title="bbox 261 4891 1918 4975">
     <span class='ocr_line' id='line_1_68' title="bbox 261 4891 1918 4975; baseline 0 -24"><span class='ocrx_word' id='word_1_481' title='bbox 261 4892 466 4972; x_wconf 81' lang='grc' dir='ltr'>τρόπος</span> <span class='ocrx_word' id='word_1_482' title='bbox 518 4895 606 4950; x_wconf 83' lang='grc' dir='ltr'><strong>καὶ</strong></span> <span class='ocrx_word' id='word_1_483' title='bbox 657 4894 939 4973; x_wconf 67' lang='grc' dir='ltr'>εὐτρεπής.</span> <span class='ocrx_word' id='word_1_484' title='bbox 977 4891 1122 4972; x_wconf 84' lang='grc' dir='ltr'>Ἐγὼ</span> <span class='ocrx_word' id='word_1_485' title='bbox 1151 4892 1206 4951; x_wconf 73' lang='grc' dir='ltr'><strong>δέ</strong></span> <span class='ocrx_word' id='word_1_486' title='bbox 1236 4895 1361 4969; x_wconf 68' lang='grc' dir='ltr'>ὑμῖν</span> <span class='ocrx_word' id='word_1_487' title='bbox 1395 4898 1499 4975; x_wconf 75' lang='grc' dir='ltr'><strong>οὖχ</strong></span> <span class='ocrx_word' id='word_1_488' title='bbox 1549 4896 1622 4960; x_wconf 85' lang='grc' dir='ltr'>ὡς</span> <span class='ocrx_word' id='word_1_489' title='bbox 1669 4893 1918 4952; x_wconf 82' lang='grc' dir='ltr'>δέσποινα</span> 
     </span>
    </p>
   </div>
   <div class='ocr_carea' id='block_1_69' title="bbox 260 4981 1918 5063">
    <p class='ocr_par' dir='ltr' id='par_1_69' title="bbox 260 4981 1918 5063">
     <span class='ocr_line' id='line_1_69' title="bbox 260 4981 1918 5063; baseline 0.002 -26"><span class='ocrx_word' id='word_1_490' title='bbox 260 4981 344 5037; x_wconf 77' lang='grc' dir='ltr'>ἔτι</span> <span class='ocrx_word' id='word_1_491' title='bbox 406 4981 928 5063; x_wconf 69' lang='grc' dir='ltr'>προσενεχθήσομαι,</span> <span class='ocrx_word' id='word_1_492' title='bbox 962 4982 1084 5039; x_wconf 81' lang='grc' dir='ltr'>ἀλλ’</span> <span class='ocrx_word' id='word_1_493' title='bbox 1138 4982 1427 5058; x_wconf 79' lang='grc' dir='ltr'>ὁμόδουλος</span> <span class='ocrx_word' id='word_1_494' title='bbox 1489 4983 1681 5059; x_wconf 79' lang='grc' dir='ltr'>ἔσομαί</span> <span class='ocrx_word' id='word_1_495' title='bbox 1722 5006 1779 5040; x_wconf 92' lang='grc' dir='ltr'><strong>τε</strong></span> <span class='ocrx_word' id='word_1_496' title='bbox 1831 4987 1918 5042; x_wconf 79' lang='grc' dir='ltr'>καὶ</span> 
     </span>
    </p>
   </div>
   <div class='ocr_carea' id='block_1_70' title="bbox 260 5068 1918 5151">
    <p class='ocr_par' dir='ltr' id='par_1_70' title="bbox 260 5068 1918 5151">
     <span class='ocr_line' id='line_1_70' title="bbox 260 5068 1918 5151; baseline 0.002 -26"><span class='ocrx_word' id='word_1_497' title='bbox 260 5068 495 5151; x_wconf 73' lang='grc' dir='ltr'>ἀδελφὴ,</span> <span class='ocrx_word' id='word_1_498' title='bbox 550 5072 664 5129; x_wconf 79' lang='grc' dir='ltr'>ἐπεὶ</span> <span class='ocrx_word' id='word_1_499' title='bbox 712 5077 799 5151; x_wconf 75' lang='grc' dir='ltr'><strong>καὶ</strong></span> <span class='ocrx_word' id='word_1_500' title='bbox 857 5074 1034 5129; x_wconf 70' lang='grc' dir='ltr'>κοινὸν</span> <span class='ocrx_word' id='word_1_501' title='bbox 1076 5073 1355 5140; x_wconf 82' lang='grc' dir='ltr'>Δεσπότην</span> <span class='ocrx_word' id='word_1_502' title='bbox 1411 5074 1501 5129; x_wconf 82' lang='grc' dir='ltr'>καὶ</span> <span class='ocrx_word' id='word_1_503' title='bbox 1556 5074 1769 5151; x_wconf 78' lang='grc' dir='ltr'>Πατέρα</span> <span class='ocrx_word' id='word_1_504' title='bbox 1798 5072 1918 5139; x_wconf 77' lang='grc' dir='ltr'><strong>ἕξο-</strong></span> 
     </span>
    </p>
   </div>
   <div class='ocr_carea' id='block_1_71' title="bbox 262 5146 1919 5241">
    <p class='ocr_par' dir='ltr' id='par_1_71' title="bbox 262 5146 1919 5241">
     <span class='ocr_line' id='line_1_71' title="bbox 262 5146 1919 5241; baseline 0.002 -25"><span class='ocrx_word' id='word_1_505' title='bbox 262 5180 367 5236; x_wconf 85' lang='grc' dir='ltr'><strong>μεν</strong></span> <span class='ocrx_word' id='word_1_506' title='bbox 410 5162 503 5216; x_wconf 84' lang='grc' dir='ltr'>τὸν</span> <span class='ocrx_word' id='word_1_507' title='bbox 546 5163 701 5221; x_wconf 79' lang='grc' dir='ltr'><strong>Θεὸν.</strong></span> <span class='ocrx_word' id='word_1_508' title='bbox 747 5146 872 5219; x_wconf 40' lang='lat' dir='ltr'><strong>&quot;At:</strong></span> <span class='ocrx_word' id='word_1_509' title='bbox 928 5171 1053 5241; x_wconf 75' lang='grc' dir='ltr'>γοῦν</span> <span class='ocrx_word' id='word_1_510' title='bbox 1113 5163 1363 5239; x_wconf 80' lang='grc' dir='ltr'>ποιμένος</span> <span class='ocrx_word' id='word_1_511' title='bbox 1395 5161 1511 5225; x_wconf 73' lang='grc' dir='ltr'>ἑνός</span> <span class='ocrx_word' id='word_1_512' title='bbox 1544 5161 1692 5228; x_wconf 73' lang='grc' dir='ltr'>ὄντες</span> <span class='ocrx_word' id='word_1_513' title='bbox 1722 5164 1817 5220; x_wconf 76' lang='grc' dir='ltr'>καί</span> <span class='ocrx_word' id='word_1_514' title='bbox 1847 5166 1919 5227; x_wconf 85' lang='grc' dir='ltr'>ὡς</span> 
     </span>
    </p>
   </div>
   <div class='ocr_carea' id='block_1_72' title="bbox 257 5248 1915 5331">
    <p class='ocr_par' dir='ltr' id='par_1_72' title="bbox 257 5248 1915 5331">
     <span class='ocr_line' id='line_1_72' title="bbox 257 5248 1915 5331; baseline 0.001 -24"><span class='ocrx_word' id='word_1_515' title='bbox 257 5248 483 5329; x_wconf 73' lang='grc' dir='ltr'>ἀδελφοὶ</span> <span class='ocrx_word' id='word_1_516' title='bbox 508 5252 571 5308; x_wconf 84' lang='grc' dir='ltr'>τὸ</span> <span class='ocrx_word' id='word_1_517' title='bbox 601 5250 656 5307; x_wconf 77' lang='grc' dir='ltr'>ἔν</span> <span class='ocrx_word' id='word_1_518' title='bbox 718 5251 965 5314; x_wconf 82' lang='grc' dir='ltr'>πνέοντες</span> <span class='ocrx_word' id='word_1_519' title='bbox 1019 5257 1174 5328; x_wconf 78' lang='grc' dir='ltr'>κοινῇ</span> <span class='ocrx_word' id='word_1_520' title='bbox 1233 5253 1425 5330; x_wconf 73' lang='grc' dir='ltr'>γνώμη</span> <span class='ocrx_word' id='word_1_521' title='bbox 1468 5252 1600 5329; x_wconf 83' lang='grc' dir='ltr'>πρὸς</span> <span class='ocrx_word' id='word_1_522' title='bbox 1658 5258 1915 5331; x_wconf 82' lang='grc' dir='ltr'>Χριστια-</span> 
     </span>
    </p>
   </div>
   <div class='ocr_carea' id='block_1_73' title="bbox 254 5339 1914 5424">
    <p class='ocr_par' dir='ltr' id='par_1_73' title="bbox 254 5339 1914 5424">
     <span class='ocr_line' id='line_1_73' title="bbox 254 5339 1914 5424; baseline -0.001 -25"><span class='ocrx_word' id='word_1_523' title='bbox 254 5342 389 5403; x_wconf 83' lang='grc' dir='ltr'>νοὺς</span> <span class='ocrx_word' id='word_1_524' title='bbox 419 5339 739 5418; x_wconf 66' lang='grc' dir='ltr'>ἐλευσόμεθα</span> <span class='ocrx_word' id='word_1_525' title='bbox 774 5356 789 5371; x_wconf 85' lang='grc'><strong>·</strong></span> <span class='ocrx_word' id='word_1_526' title='bbox 852 5341 1027 5399; x_wconf 81' lang='grc' dir='ltr'>ἀκούω</span> <span class='ocrx_word' id='word_1_527' title='bbox 1082 5343 1184 5421; x_wconf 75' lang='grc' dir='ltr'>γὰρ</span> <span class='ocrx_word' id='word_1_528' title='bbox 1226 5342 1317 5399; x_wconf 85' lang='grc' dir='ltr'><strong>καὶ</strong></span> <span class='ocrx_word' id='word_1_529' title='bbox 1361 5339 1562 5415; x_wconf 84' lang='grc' dir='ltr'>Ἐλένῳ</span> <span class='ocrx_word' id='word_1_530' title='bbox 1618 5344 1718 5399; x_wconf 85' lang='grc' dir='ltr'>τινὶ</span> <span class='ocrx_word' id='word_1_531' title='bbox 1750 5366 1914 5424; x_wconf 78' lang='grc' dir='ltr'>φρον-</span> 
     </span>
    </p>
   </div>
   <div class='ocr_carea' id='block_1_74' title="bbox 2003 1932 3654 2010">
    <p class='ocr_par' dir='ltr' id='par_1_74' title="bbox 2003 1932 3654 2010">
     <span class='ocr_line' id='line_1_74' title="bbox 2003 1932 3654 2010; baseline 0.003 -16"><span class='ocrx_word' id='word_1_532' title='bbox 2003 1953 2207 1996; x_wconf 86' lang='lat' dir='ltr'><strong>vocem</strong></span> <span class='ocrx_word' id='word_1_533' title='bbox 2246 1955 2260 1992; x_wconf 75' lang='grc' dir='ltr'><em>ε</em></span> <span class='ocrx_word' id='word_1_534' title='bbox 2294 1954 2323 1993; x_wconf 80' lang='lat'><strong>«</strong></span> <span class='ocrx_word' id='word_1_535' title='bbox 2352 1932 2575 1997; x_wconf 90' lang='lat' dir='ltr'><strong>Omnes</strong></span> <span class='ocrx_word' id='word_1_536' title='bbox 2600 1933 2682 1996; x_wconf 92' lang='lat' dir='ltr'><strong>dii</strong></span> <span class='ocrx_word' id='word_1_537' title='bbox 2708 1934 2968 2010; x_wconf 81' lang='lat' dir='ltr'><strong>gentium</strong></span> <span class='ocrx_word' id='word_1_538' title='bbox 2994 1932 3286 1996; x_wconf 66' lang='lat' dir='ltr'><strong>daemonia</strong></span> <span class='ocrx_word' id='word_1_539' title='bbox 3315 1952 3328 1994; x_wconf 89' lang='lat'><strong>:</strong></span> <span class='ocrx_word' id='word_1_540' title='bbox 3362 1938 3654 1999; x_wconf 90' lang='lat' dir='ltr'><strong>Dominus</strong></span> 
     </span>
    </p>
   </div>
   <div class='ocr_carea' id='block_1_75' title="bbox 2003 2022 3655 2107">
    <p class='ocr_par' dir='ltr' id='par_1_75' title="bbox 2003 2022 3655 2107">
     <span class='ocr_line' id='line_1_75' title="bbox 2003 2022 3655 2107; baseline 0.004 -23"><span class='ocrx_word' id='word_1_541' title='bbox 2003 2032 2198 2085; x_wconf 90' lang='lat' dir='ltr'><strong>autem</strong></span> <span class='ocrx_word' id='word_1_542' title='bbox 2235 2025 2415 2086; x_wconf 62' lang='lat' dir='ltr'><strong>caelos</strong></span> <span class='ocrx_word' id='word_1_543' title='bbox 2448 2023 2592 2085; x_wconf 84' lang='lat' dir='ltr'><strong>fecit</strong></span> <span class='ocrx_word' id='word_1_544' title='bbox 2623 2024 2668 2082; x_wconf 68' lang='grc'><strong>1.</strong></span> <span class='ocrx_word' id='word_1_545' title='bbox 2711 2047 2733 2079; x_wconf 74' lang='grc' dir='ltr'><strong>ιι</strong></span> <span class='ocrx_word' id='word_1_546' title='bbox 2774 2022 2896 2083; x_wconf 84' lang='grc' dir='ltr'><strong>Ηοο</strong></span> <span class='ocrx_word' id='word_1_547' title='bbox 2928 2041 3059 2083; x_wconf 91' lang='lat' dir='ltr'><strong>cum</strong></span> <span class='ocrx_word' id='word_1_548' title='bbox 3120 2023 3220 2084; x_wconf 86' lang='lat' dir='ltr'><strong>illa</strong></span> <span class='ocrx_word' id='word_1_549' title='bbox 3250 2024 3559 2107; x_wconf 88' lang='lat' dir='ltr'><strong>audiisset,</strong></span> <span class='ocrx_word' id='word_1_550' title='bbox 3593 2035 3655 2090; x_wconf 85' lang='lat' dir='ltr'><strong>et</strong></span> 
     </span>
    </p>
   </div>
   <div class='ocr_carea' id='block_1_76' title="bbox 2004 2114 3657 2195">
    <p class='ocr_par' dir='ltr' id='par_1_76' title="bbox 2004 2114 3657 2195">
     <span class='ocr_line' id='line_1_76' title="bbox 2004 2114 3657 2195; baseline 0.002 -20"><span class='ocrx_word' id='word_1_551' title='bbox 2004 2122 2279 2194; x_wconf 75' lang='lat' dir='ltr'><strong>tanquam</strong></span> <span class='ocrx_word' id='word_1_552' title='bbox 2316 2114 2387 2174; x_wconf 94' lang='lat' dir='ltr'><strong>ob</strong></span> <span class='ocrx_word' id='word_1_553' title='bbox 2449 2121 2758 2193; x_wconf 87' lang='lat' dir='ltr'><strong>parentum</strong></span> <span class='ocrx_word' id='word_1_554' title='bbox 2824 2129 3090 2173; x_wconf 88' lang='lat' dir='ltr'><strong>errorem</strong></span> <span class='ocrx_word' id='word_1_555' title='bbox 3158 2114 3382 2195; x_wconf 88' lang='lat' dir='ltr'><strong>pudore</strong></span> <span class='ocrx_word' id='word_1_556' title='bbox 3419 2115 3657 2195; x_wconf 87' lang='lat' dir='ltr'><strong>perfusa</strong></span> 
     </span>
    </p>
   </div>
   <div class='ocr_carea' id='block_1_77' title="bbox 2003 2201 3654 2284">
    <p class='ocr_par' dir='ltr' id='par_1_77' title="bbox 2003 2201 3654 2284">
     <span class='ocr_line' id='line_1_77' title="bbox 2003 2201 3654 2284; baseline 0.004 -22"><span class='ocrx_word' id='word_1_557' title='bbox 2003 2212 2183 2284; x_wconf 85' lang='lat' dir='ltr'><strong>esset,</strong></span> <span class='ocrx_word' id='word_1_558' title='bbox 2220 2201 2619 2264; x_wconf 86' lang='lat' dir='ltr'><strong>miserabilem</strong></span> <span class='ocrx_word' id='word_1_559' title='bbox 2646 2201 2888 2283; x_wconf 83' lang='lat' dir='ltr'><strong>quidem</strong></span> <span class='ocrx_word' id='word_1_560' title='bbox 2922 2208 2981 2262; x_wconf 84' lang='lat' dir='ltr'><strong>et</strong></span> <span class='ocrx_word' id='word_1_561' title='bbox 3016 2202 3373 2281; x_wconf 85' lang='lat' dir='ltr'><strong>profundum</strong></span> <span class='ocrx_word' id='word_1_562' title='bbox 3409 2222 3442 2264; x_wconf 91' lang='lat' dir='ltr'><strong>e</strong></span> <span class='ocrx_word' id='word_1_563' title='bbox 3472 2206 3654 2268; x_wconf 86' lang='lat' dir='ltr'><strong>corde</strong></span> 
     </span>
    </p>
   </div>
   <div class='ocr_carea' id='block_1_78' title="bbox 2002 2292 2553 2370">
    <p class='ocr_par' dir='ltr' id='par_1_78' title="bbox 2002 2292 2553 2370">
     <span class='ocr_line' id='line_1_78' title="bbox 2002 2292 2553 2370; baseline -0.009 -17"><span class='ocrx_word' id='word_1_564' title='bbox 2002 2292 2217 2353; x_wconf 86' lang='lat' dir='ltr'><strong>emittit</strong></span> <span class='ocrx_word' id='word_1_565' title='bbox 2247 2292 2553 2370; x_wconf 80' lang='lat' dir='ltr'><strong>gemitum.</strong></span> 
     </span>
    </p>
   </div>
   <div class='ocr_carea' id='block_1_79' title="bbox 2084 2380 3647 2465">
    <p class='ocr_par' dir='ltr' id='par_1_79' title="bbox 2084 2380 3647 2465">
     <span class='ocr_line' id='line_1_79' title="bbox 2084 2380 3647 2465; baseline 0.004 -24"><span class='ocrx_word' id='word_1_566' title='bbox 2084 2382 2489 2444; x_wconf 89' lang='lat' dir='ltr'><strong>lV.Conversa</strong></span> <span class='ocrx_word' id='word_1_567' title='bbox 2517 2398 2661 2442; x_wconf 86' lang='lat' dir='ltr'><strong>vero</strong></span> <span class='ocrx_word' id='word_1_568' title='bbox 2695 2380 2764 2441; x_wconf 88' lang='lat' dir='ltr'><strong>ad</strong></span> <span class='ocrx_word' id='word_1_569' title='bbox 2798 2381 3239 2461; x_wconf 81' lang='lat' dir='ltr'><strong>eunuchos,qui</strong></span> <span class='ocrx_word' id='word_1_570' title='bbox 3271 2400 3399 2444; x_wconf 91' lang='lat' dir='ltr'><strong>eam</strong></span> <span class='ocrx_word' id='word_1_571' title='bbox 3433 2401 3647 2465; x_wconf 88' lang='lat' dir='ltr'><strong>seque-</strong></span> 
     </span>
    </p>
   </div>
   <div class='ocr_carea' id='block_1_80' title="bbox 2006 2470 3643 2552">
    <p class='ocr_par' dir='ltr' id='par_1_80' title="bbox 2006 2470 3643 2552">
     <span class='ocr_line' id='line_1_80' title="bbox 2006 2470 3643 2552; baseline 0.004 -21"><span class='ocrx_word' id='word_1_572' title='bbox 2006 2470 2242 2545; x_wconf 86' lang='lat' dir='ltr'><strong>bantur,</strong></span> <span class='ocrx_word' id='word_1_573' title='bbox 2277 2489 2531 2552; x_wconf 89' lang='lat' dir='ltr'><strong>quorum</strong></span> <span class='ocrx_word' id='word_1_574' title='bbox 2563 2489 2718 2532; x_wconf 91' lang='lat' dir='ltr'><strong>unus</strong></span> <span class='ocrx_word' id='word_1_575' title='bbox 2770 2471 3010 2551; x_wconf 90' lang='lat' dir='ltr'><strong>quidem</strong></span> <span class='ocrx_word' id='word_1_576' title='bbox 3069 2475 3388 2534; x_wconf 80' lang='lat' dir='ltr'><strong>vocabatur</strong></span> <span class='ocrx_word' id='word_1_577' title='bbox 3416 2472 3643 2552; x_wconf 85' lang='lat' dir='ltr'><strong>Protas,</strong></span> 
     </span>
    </p>
   </div>
   <div class='ocr_carea' id='block_1_81' title="bbox 2005 2559 3647 2642">
    <p class='ocr_par' dir='ltr' id='par_1_81' title="bbox 2005 2559 3647 2642">
     <span class='ocr_line' id='line_1_81' title="bbox 2005 2559 3647 2642; baseline 0.004 -21"><span class='ocrx_word' id='word_1_578' title='bbox 2005 2561 2155 2623; x_wconf 89' lang='lat' dir='ltr'><strong>alter</strong></span> <span class='ocrx_word' id='word_1_579' title='bbox 2182 2569 2376 2622; x_wconf 88' lang='lat' dir='ltr'><strong>autem</strong></span> <span class='ocrx_word' id='word_1_580' title='bbox 2413 2559 2774 2642; x_wconf 80' lang='lat' dir='ltr'><strong>Hyacinthus</strong></span> <span class='ocrx_word' id='word_1_581' title='bbox 2825 2559 3194 2641; x_wconf 69' lang='lat' dir='ltr'><strong>(audiverant</strong></span> <span class='ocrx_word' id='word_1_582' title='bbox 3244 2579 3383 2624; x_wconf 88' lang='lat' dir='ltr'><strong>vero</strong></span> <span class='ocrx_word' id='word_1_583' title='bbox 3414 2561 3457 2624; x_wconf 90' lang='lat' dir='ltr'><strong>ii</strong></span> <span class='ocrx_word' id='word_1_584' title='bbox 3489 2583 3647 2642; x_wconf 86' lang='lat' dir='ltr'><strong>quo-</strong></span> 
     </span>
    </p>
   </div>
   <div class='ocr_carea' id='block_1_82' title="bbox 2005 2647 3652 2735">
    <p class='ocr_par' dir='ltr' id='par_1_82' title="bbox 2005 2647 3652 2735">
     <span class='ocr_line' id='line_1_82' title="bbox 2005 2647 3652 2735; baseline 0.004 -24"><span class='ocrx_word' id='word_1_585' title='bbox 2005 2669 2121 2730; x_wconf 88' lang='lat' dir='ltr'><strong>que</strong></span> <span class='ocrx_word' id='word_1_586' title='bbox 2146 2650 2630 2731; x_wconf 87' lang='lat' dir='ltr'><strong>philosophiam),</strong></span> <span class='ocrx_word' id='word_1_587' title='bbox 2672 2647 2787 2711; x_wconf 88' lang='lat' dir='ltr'><strong>Vos</strong></span> <span class='ocrx_word' id='word_1_588' title='bbox 2839 2648 3079 2729; x_wconf 86' lang='lat' dir='ltr'><strong>quidem</strong></span> <span class='ocrx_word' id='word_1_589' title='bbox 3133 2652 3281 2726; x_wconf 89' lang='lat' dir='ltr'><strong>scio,</strong></span> <span class='ocrx_word' id='word_1_590' title='bbox 3316 2655 3530 2735; x_wconf 86' lang='lat' dir='ltr'><strong>inquit,</strong></span> <span class='ocrx_word' id='word_1_591' title='bbox 3589 2656 3652 2717; x_wconf 89' lang='lat' dir='ltr'><strong>in</strong></span> 
     </span>
    </p>
   </div>
   <div class='ocr_carea' id='block_1_83' title="bbox 2007 2738 3651 2824">
    <p class='ocr_par' dir='ltr' id='par_1_83' title="bbox 2007 2738 3651 2824">
     <span class='ocr_line' id='line_1_83' title="bbox 2007 2738 3651 2824; baseline 0.004 -25"><span class='ocrx_word' id='word_1_592' title='bbox 2007 2738 2337 2819; x_wconf 88' lang='lat' dir='ltr'><strong>disciplinis</strong></span> <span class='ocrx_word' id='word_1_593' title='bbox 2367 2740 2513 2801; x_wconf 86' lang='lat' dir='ltr'><strong>satis</strong></span> <span class='ocrx_word' id='word_1_594' title='bbox 2567 2757 2701 2802; x_wconf 90' lang='lat' dir='ltr'><strong>esse</strong></span> <span class='ocrx_word' id='word_1_595' title='bbox 2748 2749 3037 2816; x_wconf 79' lang='lat' dir='ltr'><strong>versatos,</strong></span> <span class='ocrx_word' id='word_1_596' title='bbox 3073 2749 3129 2802; x_wconf 91' lang='lat' dir='ltr'><strong>et</strong></span> <span class='ocrx_word' id='word_1_597' title='bbox 3160 2741 3651 2824; x_wconf 88' lang='lat' dir='ltr'><strong>philosophorum</strong></span> 
     </span>
    </p>
   </div>
   <div class='ocr_carea' id='block_1_84' title="bbox 2006 2828 3654 2909">
    <p class='ocr_par' dir='ltr' id='par_1_84' title="bbox 2006 2828 3654 2909">
     <span class='ocr_line' id='line_1_84' title="bbox 2006 2828 3654 2909; baseline 0.004 -20"><span class='ocrx_word' id='word_1_598' title='bbox 2006 2828 2348 2908; x_wconf 86' lang='lat' dir='ltr'><strong>percepisse</strong></span> <span class='ocrx_word' id='word_1_599' title='bbox 2372 2828 2664 2909; x_wconf 86' lang='lat' dir='ltr'><strong>dogmata,</strong></span> <span class='ocrx_word' id='word_1_600' title='bbox 2704 2846 2834 2909; x_wconf 74' lang='lat' dir='ltr'><strong>quze</strong></span> <span class='ocrx_word' id='word_1_601' title='bbox 2880 2828 3151 2891; x_wconf 86' lang='lat' dir='ltr'><strong>Socrates</strong></span> <span class='ocrx_word' id='word_1_602' title='bbox 3212 2838 3271 2892; x_wconf 91' lang='lat' dir='ltr'><strong>et</strong></span> <span class='ocrx_word' id='word_1_603' title='bbox 3301 2832 3654 2896; x_wconf 87' lang='lat' dir='ltr'><strong>Aristoteles</strong></span> 
     </span>
    </p>
   </div>
   <div class='ocr_carea' id='block_1_85' title="bbox 2005 2916 3652 3002">
    <p class='ocr_par' dir='ltr' id='par_1_85' title="bbox 2005 2916 3652 3002">
     <span class='ocr_line' id='line_1_85' title="bbox 2005 2916 3652 3002; baseline 0.004 -25"><span class='ocrx_word' id='word_1_604' title='bbox 2005 2924 2062 2978; x_wconf 87' lang='lat' dir='ltr'><strong>et</strong></span> <span class='ocrx_word' id='word_1_605' title='bbox 2094 2917 2345 2988; x_wconf 86' lang='lat' dir='ltr'><strong>Plato.et</strong></span> <span class='ocrx_word' id='word_1_606' title='bbox 2376 2917 2534 2978; x_wconf 90' lang='lat' dir='ltr'><strong>clara</strong></span> <span class='ocrx_word' id='word_1_607' title='bbox 2563 2916 2739 2979; x_wconf 87' lang='lat' dir='ltr'><strong>tradit</strong></span> <span class='ocrx_word' id='word_1_608' title='bbox 2773 2918 3108 2979; x_wconf 89' lang='lat' dir='ltr'><strong>Stoicorum</strong></span> <span class='ocrx_word' id='word_1_609' title='bbox 3137 2929 3321 2994; x_wconf 85' lang='lat' dir='ltr'><strong>secta,</strong></span> <span class='ocrx_word' id='word_1_610' title='bbox 3360 2929 3418 2983; x_wconf 89' lang='lat' dir='ltr'><strong>et</strong></span> <span class='ocrx_word' id='word_1_611' title='bbox 3451 2921 3652 3002; x_wconf 88' lang='lat' dir='ltr'><strong>opinio</strong></span> 
     </span>
    </p>
   </div>
   <div class='ocr_carea' id='block_1_86' title="bbox 2006 3005 3653 3093">
    <p class='ocr_par' dir='ltr' id='par_1_86' title="bbox 2006 3005 3653 3093">
     <span class='ocr_line' id='line_1_86' title="bbox 2006 3005 3653 3093; baseline 0.002 -24"><span class='ocrx_word' id='word_1_612' title='bbox 2006 3007 2443 3087; x_wconf 90' lang='lat' dir='ltr'><strong>Epicureorum</strong></span> <span class='ocrx_word' id='word_1_613' title='bbox 2482 3025 2496 3069; x_wconf 89' lang='lat'>:</span> <span class='ocrx_word' id='word_1_614' title='bbox 2530 3005 2809 3068; x_wconf 90' lang='lat' dir='ltr'><strong>similiter</strong></span> <span class='ocrx_word' id='word_1_615' title='bbox 2866 3015 3063 3069; x_wconf 85' lang='lat' dir='ltr'><strong>autem</strong></span> <span class='ocrx_word' id='word_1_616' title='bbox 3126 3009 3381 3071; x_wconf 90' lang='lat' dir='ltr'><strong>aliorum</strong></span> <span class='ocrx_word' id='word_1_617' title='bbox 3414 3029 3653 3093; x_wconf 89' lang='lat' dir='ltr'><strong>quoque</strong></span> 
     </span>
    </p>
   </div>
   <div class='ocr_carea' id='block_1_87' title="bbox 2005 3097 3654 3181">
    <p class='ocr_par' dir='ltr' id='par_1_87' title="bbox 2005 3097 3654 3181">
     <span class='ocr_line' id='line_1_87' title="bbox 2005 3097 3654 3181; baseline 0.004 -24"><span class='ocrx_word' id='word_1_618' title='bbox 2005 3097 2402 3178; x_wconf 80' lang='lat' dir='ltr'><strong>sophistarum</strong></span> <span class='ocrx_word' id='word_1_619' title='bbox 2435 3106 2491 3158; x_wconf 85' lang='lat' dir='ltr'><strong>et</strong></span> <span class='ocrx_word' id='word_1_620' title='bbox 2521 3105 2855 3178; x_wconf 84' lang='lat' dir='ltr'><strong>poetarum,</strong></span> <span class='ocrx_word' id='word_1_621' title='bbox 2885 3106 2943 3159; x_wconf 89' lang='lat' dir='ltr'><strong>et</strong></span> <span class='ocrx_word' id='word_1_622' title='bbox 2965 3097 3303 3180; x_wconf 88' lang='lat' dir='ltr'><strong>quicunque</strong></span> <span class='ocrx_word' id='word_1_623' title='bbox 3325 3100 3654 3181; x_wconf 78' lang='lat' dir='ltr'><strong>gloriantur</strong></span> 
     </span>
    </p>
   </div>
   <div class='ocr_carea' id='block_1_88' title="bbox 2004 3186 3651 3270">
    <p class='ocr_par' dir='ltr' id='par_1_88' title="bbox 2004 3186 3651 3270">
     <span class='ocr_line' id='line_1_88' title="bbox 2004 3186 3651 3270; baseline 0.001 -21"><span class='ocrx_word' id='word_1_624' title='bbox 2004 3205 2070 3249; x_wconf 86' lang='lat' dir='ltr'><strong>se</strong></span> <span class='ocrx_word' id='word_1_625' title='bbox 2102 3205 2220 3248; x_wconf 93' lang='lat' dir='ltr'><strong>non</strong></span> <span class='ocrx_word' id='word_1_626' title='bbox 2253 3205 2387 3248; x_wconf 90' lang='lat' dir='ltr'><strong>esse</strong></span> <span class='ocrx_word' id='word_1_627' title='bbox 2417 3186 2653 3267; x_wconf 84' lang='lat' dir='ltr'><strong>ignaros</strong></span> <span class='ocrx_word' id='word_1_628' title='bbox 2687 3203 2896 3249; x_wconf 88' lang='lat' dir='ltr'><strong>eorum</strong></span> <span class='ocrx_word' id='word_1_629' title='bbox 2930 3205 3062 3268; x_wconf 64' lang='lat' dir='ltr'><strong>quae</strong></span> <span class='ocrx_word' id='word_1_630' title='bbox 3104 3196 3242 3250; x_wconf 90' lang='lat' dir='ltr'><strong>sunt</strong></span> <span class='ocrx_word' id='word_1_631' title='bbox 3270 3190 3651 3270; x_wconf 81' lang='lat' dir='ltr'><strong>cognitionis.</strong></span> 
     </span>
    </p>
   </div>
   <div class='ocr_carea' id='block_1_89' title="bbox 2006 3276 3657 3357">
    <p class='ocr_par' dir='ltr' id='par_1_89' title="bbox 2006 3276 3657 3357">
     <span class='ocr_line' id='line_1_89' title="bbox 2006 3276 3657 3357; baseline 0.002 -18"><span class='ocrx_word' id='word_1_632' title='bbox 2006 3276 2220 3339; x_wconf 84' lang='lat' dir='ltr'><strong>Sciatis</strong></span> <span class='ocrx_word' id='word_1_633' title='bbox 2248 3295 2389 3357; x_wconf 88' lang='lat' dir='ltr'><strong>ergo</strong></span> <span class='ocrx_word' id='word_1_634' title='bbox 2439 3278 2567 3339; x_wconf 72' lang='lat' dir='ltr'><strong>haec</strong></span> <span class='ocrx_word' id='word_1_635' title='bbox 2624 3276 2827 3339; x_wconf 89' lang='lat' dir='ltr'><strong>omnia</strong></span> <span class='ocrx_word' id='word_1_636' title='bbox 2876 3287 3115 3357; x_wconf 87' lang='lat' dir='ltr'><strong>apertas</strong></span> <span class='ocrx_word' id='word_1_637' title='bbox 3148 3296 3281 3341; x_wconf 89' lang='lat' dir='ltr'><strong>esse</strong></span> <span class='ocrx_word' id='word_1_638' title='bbox 3306 3278 3560 3357; x_wconf 87' lang='lat' dir='ltr'><strong>fabulas,</strong></span> <span class='ocrx_word' id='word_1_639' title='bbox 3596 3288 3657 3342; x_wconf 92' lang='lat' dir='ltr'><strong>et</strong></span> 
     </span>
    </p>
   </div>
   <div class='ocr_carea' id='block_1_90' title="bbox 2004 3365 3657 3451">
    <p class='ocr_par' dir='ltr' id='par_1_90' title="bbox 2004 3365 3657 3451">
     <span class='ocr_line' id='line_1_90' title="bbox 2004 3365 3657 3451; baseline 0.002 -24"><span class='ocrx_word' id='word_1_640' title='bbox 2004 3366 2152 3429; x_wconf 90' lang='lat' dir='ltr'><strong>nihil</strong></span> <span class='ocrx_word' id='word_1_641' title='bbox 2210 3366 2399 3441; x_wconf 88' lang='lat' dir='ltr'><strong>aliud,</strong></span> <span class='ocrx_word' id='word_1_642' title='bbox 2458 3385 2636 3447; x_wconf 88' lang='lat' dir='ltr'><strong>quam</strong></span> <span class='ocrx_word' id='word_1_643' title='bbox 2695 3365 3222 3448; x_wconf 87' lang='lat' dir='ltr'><strong>probabilitatem,</strong></span> <span class='ocrx_word' id='word_1_644' title='bbox 3276 3387 3410 3447; x_wconf 81' lang='lat' dir='ltr'><strong>quae</strong></span> <span class='ocrx_word' id='word_1_645' title='bbox 3460 3376 3657 3451; x_wconf 83' lang='lat' dir='ltr'><strong>potest</strong></span> 
     </span>
    </p>
   </div>
   <div class='ocr_carea' id='block_1_91' title="bbox 2005 3456 3658 3541">
    <p class='ocr_par' dir='ltr' id='par_1_91' title="bbox 2005 3456 3658 3541">
     <span class='ocr_line' id='line_1_91' title="bbox 2005 3456 3658 3541; baseline 0.002 -24"><span class='ocrx_word' id='word_1_646' title='bbox 2005 3456 2218 3517; x_wconf 88' lang='lat' dir='ltr'><strong>multos</strong></span> <span class='ocrx_word' id='word_1_647' title='bbox 2253 3457 2552 3537; x_wconf 90' lang='lat' dir='ltr'><strong>decipere.</strong></span> <span class='ocrx_word' id='word_1_648' title='bbox 2587 3457 2778 3536; x_wconf 89' lang='lat' dir='ltr'><strong>Atque</strong></span> <span class='ocrx_word' id='word_1_649' title='bbox 2839 3456 3187 3520; x_wconf 60' lang='lat' dir='ltr'><strong>Graecorum</strong></span> <span class='ocrx_word' id='word_1_650' title='bbox 3244 3459 3516 3539; x_wconf 89' lang='lat' dir='ltr'><strong>quidem,</strong></span> <span class='ocrx_word' id='word_1_651' title='bbox 3554 3458 3658 3541; x_wconf 91' lang='lat' dir='ltr'><strong>qui</strong></span> 
     </span>
    </p>
   </div>
   <div class='ocr_carea' id='block_1_92' title="bbox 2003 3546 3655 3625">
    <p class='ocr_par' dir='ltr' id='par_1_92' title="bbox 2003 3546 3655 3625">
     <span class='ocr_line' id='line_1_92' title="bbox 2003 3546 3655 3625; baseline 0.004 -19"><span class='ocrx_word' id='word_1_652' title='bbox 2003 3566 2068 3609; x_wconf 90' lang='lat' dir='ltr'><strong>se</strong></span> <span class='ocrx_word' id='word_1_653' title='bbox 2097 3546 2172 3608; x_wconf 91' lang='lat' dir='ltr'><strong>de</strong></span> <span class='ocrx_word' id='word_1_654' title='bbox 2203 3564 2309 3607; x_wconf 89' lang='lat' dir='ltr'><strong>sua</strong></span> <span class='ocrx_word' id='word_1_655' title='bbox 2342 3547 2513 3609; x_wconf 87' lang='lat' dir='ltr'><strong>valde</strong></span> <span class='ocrx_word' id='word_1_656' title='bbox 2537 3546 2763 3625; x_wconf 81' lang='lat' dir='ltr'><strong>jactant</strong></span> <span class='ocrx_word' id='word_1_657' title='bbox 2794 3546 3091 3623; x_wconf 89' lang='lat' dir='ltr'><strong>doctrina,</strong></span> <span class='ocrx_word' id='word_1_658' title='bbox 3129 3547 3231 3608; x_wconf 86' lang='lat' dir='ltr'><strong>alii</strong></span> <span class='ocrx_word' id='word_1_659' title='bbox 3264 3567 3374 3611; x_wconf 90' lang='lat' dir='ltr'><strong>nec</strong></span> <span class='ocrx_word' id='word_1_660' title='bbox 3403 3548 3655 3612; x_wconf 86' lang='lat' dir='ltr'><strong>omnino</strong></span> 
     </span>
    </p>
   </div>
   <div class='ocr_carea' id='block_1_93' title="bbox 2003 3635 3657 3717">
    <p class='ocr_par' dir='ltr' id='par_1_93' title="bbox 2003 3635 3657 3717">
     <span class='ocr_line' id='line_1_93' title="bbox 2003 3635 3657 3717; baseline 0.002 -20"><span class='ocrx_word' id='word_1_661' title='bbox 2003 3654 2133 3697; x_wconf 85' lang='lat' dir='ltr'><strong>esse</strong></span> <span class='ocrx_word' id='word_1_662' title='bbox 2165 3635 2378 3708; x_wconf 86' lang='lat' dir='ltr'><strong>Deum,</strong></span> <span class='ocrx_word' id='word_1_663' title='bbox 2413 3635 2513 3696; x_wconf 82' lang='lat' dir='ltr'><strong>alii</strong></span> <span class='ocrx_word' id='word_1_664' title='bbox 2545 3654 2683 3697; x_wconf 82' lang='lat' dir='ltr'><strong>vero</strong></span> <span class='ocrx_word' id='word_1_665' title='bbox 2716 3636 2932 3698; x_wconf 91' lang='lat' dir='ltr'><strong>multos</strong></span> <span class='ocrx_word' id='word_1_666' title='bbox 2991 3653 3125 3699; x_wconf 90' lang='lat' dir='ltr'><strong>esse</strong></span> <span class='ocrx_word' id='word_1_667' title='bbox 3179 3645 3235 3698; x_wconf 91' lang='lat' dir='ltr'><strong>et</strong></span> <span class='ocrx_word' id='word_1_668' title='bbox 3290 3640 3548 3717; x_wconf 88' lang='lat' dir='ltr'><strong>majores</strong></span> <span class='ocrx_word' id='word_1_669' title='bbox 3596 3648 3657 3701; x_wconf 87' lang='lat' dir='ltr'><strong>et</strong></span> 
     </span>
    </p>
   </div>
   <div class='ocr_carea' id='block_1_94' title="bbox 2004 3725 3654 3805">
    <p class='ocr_par' dir='ltr' id='par_1_94' title="bbox 2004 3725 3654 3805">
     <span class='ocr_line' id='line_1_94' title="bbox 2004 3725 3654 3805; baseline 0.002 -18"><span class='ocrx_word' id='word_1_670' title='bbox 2004 3725 2266 3788; x_wconf 89' lang='lat' dir='ltr'><strong>minores</strong></span> <span class='ocrx_word' id='word_1_671' title='bbox 2321 3732 2694 3805; x_wconf 75' lang='lat' dir='ltr'><strong>putaverunt.</strong></span> <span class='ocrx_word' id='word_1_672' title='bbox 2758 3726 2833 3789; x_wconf 90' lang='lat' dir='ltr'><strong>Hi</strong></span> <span class='ocrx_word' id='word_1_673' title='bbox 2888 3743 3029 3788; x_wconf 90' lang='lat' dir='ltr'><strong>vero</strong></span> <span class='ocrx_word' id='word_1_674' title='bbox 3090 3744 3301 3789; x_wconf 91' lang='lat' dir='ltr'><strong>omnes</strong></span> <span class='ocrx_word' id='word_1_675' title='bbox 3353 3744 3472 3788; x_wconf 92' lang='lat' dir='ltr'><strong>uno</strong></span> <span class='ocrx_word' id='word_1_676' title='bbox 3540 3730 3654 3791; x_wconf 90' lang='lat' dir='ltr'><strong>hoc</strong></span> 
     </span>
    </p>
   </div>
   <div class='ocr_carea' id='block_1_95' title="bbox 2004 3813 3655 3896">
    <p class='ocr_par' dir='ltr' id='par_1_95' title="bbox 2004 3813 3655 3896">
     <span class='ocr_line' id='line_1_95' title="bbox 2004 3813 3655 3896; baseline 0.003 -22"><span class='ocrx_word' id='word_1_677' title='bbox 2004 3813 2182 3876; x_wconf 87' lang='lat' dir='ltr'><strong>verbo</strong></span> <span class='ocrx_word' id='word_1_678' title='bbox 2218 3813 2617 3877; x_wconf 83' lang='lat' dir='ltr'><strong>excluduntur</strong></span> <span class='ocrx_word' id='word_1_679' title='bbox 2651 3837 2664 3874; x_wconf 87' lang='lat'><strong>:</strong></span> <span class='ocrx_word' id='word_1_680' title='bbox 2710 3839 2730 3871; x_wconf 79' lang='grc' dir='ltr'><strong>ι</strong></span> <span class='ocrx_word' id='word_1_681' title='bbox 2759 3813 2985 3877; x_wconf 88' lang='lat' dir='ltr'><strong>Omnes</strong></span> <span class='ocrx_word' id='word_1_682' title='bbox 3013 3813 3097 3876; x_wconf 90' lang='lat' dir='ltr'><strong>dii</strong></span> <span class='ocrx_word' id='word_1_683' title='bbox 3130 3816 3401 3896; x_wconf 86' lang='lat' dir='ltr'><strong>gentium</strong></span> <span class='ocrx_word' id='word_1_684' title='bbox 3436 3817 3655 3879; x_wconf 71' lang='lat' dir='ltr'><strong>daemo-</strong></span> 
     </span>
    </p>
   </div>
   <div class='ocr_carea' id='block_1_96' title="bbox 2005 3902 3657 3985">
    <p class='ocr_par' dir='ltr' id='par_1_96' title="bbox 2005 3902 3657 3985">
     <span class='ocr_line' id='line_1_96' title="bbox 2005 3902 3657 3985; baseline 0.002 -19"><span class='ocrx_word' id='word_1_685' title='bbox 2005 3904 2125 3966; x_wconf 88' lang='lat' dir='ltr'><strong>nia.</strong></span> <span class='ocrx_word' id='word_1_686' title='bbox 2163 3925 2192 3965; x_wconf 80' lang='grc'><strong>»</strong></span> <span class='ocrx_word' id='word_1_687' title='bbox 2221 3902 2495 3968; x_wconf 89' lang='lat' dir='ltr'><strong>Estenim</strong></span> <span class='ocrx_word' id='word_1_688' title='bbox 2521 3904 2842 3985; x_wconf 87' lang='lat' dir='ltr'><strong>impietatis</strong></span> <span class='ocrx_word' id='word_1_689' title='bbox 2866 3905 2990 3967; x_wconf 65' lang='lat' dir='ltr'><strong>haec</strong></span> <span class='ocrx_word' id='word_1_690' title='bbox 3018 3904 3279 3985; x_wconf 87' lang='lat' dir='ltr'><strong>perfecta</strong></span> <span class='ocrx_word' id='word_1_691' title='bbox 3301 3914 3359 3968; x_wconf 90' lang='lat' dir='ltr'><strong>et</strong></span> <span class='ocrx_word' id='word_1_692' title='bbox 3382 3905 3657 3970; x_wconf 87' lang='lat' dir='ltr'><strong>absoluta</strong></span> 
     </span>
    </p>
   </div>
   <div class='ocr_carea' id='block_1_97' title="bbox 2008 3992 3654 4071">
    <p class='ocr_par' dir='ltr' id='par_1_97' title="bbox 2008 3992 3654 4071">
     <span class='ocr_line' id='line_1_97' title="bbox 2008 3992 3654 4071; baseline 0.002 -16"><span class='ocrx_word' id='word_1_693' title='bbox 2008 3993 2249 4058; x_wconf 90' lang='lat' dir='ltr'><strong>deletio.</strong></span> <span class='ocrx_word' id='word_1_694' title='bbox 2285 3992 2435 4055; x_wconf 91' lang='lat' dir='ltr'><strong>[llud</strong></span> <span class='ocrx_word' id='word_1_695' title='bbox 2468 4002 2693 4071; x_wconf 91' lang='lat' dir='ltr'><strong>autem,</strong></span> <span class='ocrx_word' id='word_1_696' title='bbox 2733 4015 2755 4051; x_wconf 79' lang='grc' dir='ltr'>α</span> <span class='ocrx_word' id='word_1_697' title='bbox 2788 3992 3075 4056; x_wconf 87' lang='lat' dir='ltr'><strong>Dominus</strong></span> <span class='ocrx_word' id='word_1_698' title='bbox 3121 4002 3318 4057; x_wconf 87' lang='lat' dir='ltr'><strong>autem</strong></span> <span class='ocrx_word' id='word_1_699' title='bbox 3352 3996 3535 4060; x_wconf 67' lang='lat' dir='ltr'><strong>caelos</strong></span> <span class='ocrx_word' id='word_1_700' title='bbox 3563 3997 3654 4059; x_wconf 79' lang='lat' dir='ltr'><strong>fe-</strong></span> 
     </span>
    </p>
   </div>
   <div class='ocr_carea' id='block_1_98' title="bbox 2007 4083 3657 4165">
    <p class='ocr_par' dir='ltr' id='par_1_98' title="bbox 2007 4083 3657 4165">
     <span class='ocr_line' id='line_1_98' title="bbox 2007 4083 3657 4165; baseline 0.002 -20"><span class='ocrx_word' id='word_1_701' title='bbox 2007 4084 2107 4157; x_wconf 90' lang='lat' dir='ltr'><strong>cit,</strong></span> <span class='ocrx_word' id='word_1_702' title='bbox 2146 4109 2173 4141; x_wconf 73' lang='grc' dir='ltr'><strong>ι</strong></span> <span class='ocrx_word' id='word_1_703' title='bbox 2209 4085 2321 4145; x_wconf 88' lang='lat' dir='ltr'><strong>hoc</strong></span> <span class='ocrx_word' id='word_1_704' title='bbox 2346 4102 2529 4145; x_wconf 89' lang='lat' dir='ltr'><strong>unum</strong></span> <span class='ocrx_word' id='word_1_705' title='bbox 2548 4092 2751 4165; x_wconf 88' lang='lat' dir='ltr'><strong>aperte</strong></span> <span class='ocrx_word' id='word_1_706' title='bbox 2781 4085 2966 4145; x_wconf 90' lang='lat' dir='ltr'><strong>Deum</strong></span> <span class='ocrx_word' id='word_1_707' title='bbox 3000 4083 3252 4157; x_wconf 89' lang='lat' dir='ltr'><strong>inducit,</strong></span> <span class='ocrx_word' id='word_1_708' title='bbox 3293 4093 3348 4147; x_wconf 88' lang='lat' dir='ltr'><strong>et</strong></span> <span class='ocrx_word' id='word_1_709' title='bbox 3380 4104 3657 4149; x_wconf 75' lang='lat' dir='ltr'><strong>commu-</strong></span> 
     </span>
    </p>
   </div>
   <div class='ocr_carea' id='block_1_99' title="bbox 2007 4174 3652 4257">
    <p class='ocr_par' dir='ltr' id='par_1_99' title="bbox 2007 4174 3652 4257">
     <span class='ocr_line' id='line_1_99' title="bbox 2007 4174 3652 4257; baseline 0.002 -21"><span class='ocrx_word' id='word_1_710' title='bbox 2007 4193 2145 4238; x_wconf 87' lang='lat' dir='ltr'><strong>nem</strong></span> <span class='ocrx_word' id='word_1_711' title='bbox 2176 4184 2443 4237; x_wconf 91' lang='lat' dir='ltr'><strong>nostrum</strong></span> <span class='ocrx_word' id='word_1_712' title='bbox 2478 4174 2794 4237; x_wconf 91' lang='lat' dir='ltr'><strong>Dominum</strong></span> <span class='ocrx_word' id='word_1_713' title='bbox 2855 4174 3053 4236; x_wconf 91' lang='lat' dir='ltr'><strong>reddit</strong></span> <span class='ocrx_word' id='word_1_714' title='bbox 3103 4176 3275 4237; x_wconf 89' lang='lat' dir='ltr'><strong>nobis</strong></span> <span class='ocrx_word' id='word_1_715' title='bbox 3326 4178 3652 4257; x_wconf 88' lang='lat' dir='ltr'><strong>cognitum.</strong></span> 
     </span>
    </p>
   </div>
   <div class='ocr_carea' id='block_1_100' title="bbox 2008 4263 3652 4345">
    <p class='ocr_par' dir='ltr' id='par_1_100' title="bbox 2008 4263 3652 4345">
     <span class='ocr_line' id='line_1_100' title="bbox 2008 4263 3652 4345; baseline 0.002 -18"><span class='ocrx_word' id='word_1_716' title='bbox 2008 4264 2111 4327; x_wconf 89' lang='lat' dir='ltr'><strong>His</strong></span> <span class='ocrx_word' id='word_1_717' title='bbox 2142 4264 2561 4327; x_wconf 84' lang='lat' dir='ltr'><strong>convenientia</strong></span> <span class='ocrx_word' id='word_1_718' title='bbox 2618 4264 2794 4325; x_wconf 85' lang='lat' dir='ltr'><strong>tradit</strong></span> <span class='ocrx_word' id='word_1_719' title='bbox 2850 4263 3027 4326; x_wconf 88' lang='lat' dir='ltr'><strong>etiam</strong></span> <span class='ocrx_word' id='word_1_720' title='bbox 3078 4264 3381 4345; x_wconf 87' lang='lat' dir='ltr'><strong>apostolus</strong></span> <span class='ocrx_word' id='word_1_721' title='bbox 3411 4264 3652 4331; x_wconf 83' lang='lat' dir='ltr'><strong>Paulus.</strong></span> 
     </span>
    </p>
   </div>
   <div class='ocr_carea' id='block_1_101' title="bbox 2004 4352 3657 4438">
    <p class='ocr_par' dir='ltr' id='par_1_101' title="bbox 2004 4352 3657 4438">
     <span class='ocr_line' id='line_1_101' title="bbox 2004 4352 3657 4438; baseline -0.001 -19"><span class='ocrx_word' id='word_1_722' title='bbox 2004 4356 2299 4419; x_wconf 87' lang='lat' dir='ltr'><strong>lnducunt</strong></span> <span class='ocrx_word' id='word_1_723' title='bbox 2331 4355 2489 4416; x_wconf 92' lang='lat' dir='ltr'><strong>enim</strong></span> <span class='ocrx_word' id='word_1_724' title='bbox 2527 4371 2620 4415; x_wconf 92' lang='lat' dir='ltr'><strong>me</strong></span> <span class='ocrx_word' id='word_1_725' title='bbox 2679 4371 2916 4435; x_wconf 87' lang='lat' dir='ltr'><strong>quoque</strong></span> <span class='ocrx_word' id='word_1_726' title='bbox 2968 4356 3098 4433; x_wconf 86' lang='lat' dir='ltr'><strong>ejus</strong></span> <span class='ocrx_word' id='word_1_727' title='bbox 3133 4352 3331 4432; x_wconf 80' lang='lat' dir='ltr'><strong>verba,</strong></span> <span class='ocrx_word' id='word_1_728' title='bbox 3364 4374 3497 4437; x_wconf 64' lang='lat' dir='ltr'><strong>qua;</strong></span> <span class='ocrx_word' id='word_1_729' title='bbox 3527 4355 3657 4438; x_wconf 85' lang='lat' dir='ltr'><strong>ipsa</strong></span> 
     </span>
    </p>
   </div>
   <div class='ocr_carea' id='block_1_102' title="bbox 2004 4443 3652 4526">
    <p class='ocr_par' dir='ltr' id='par_1_102' title="bbox 2004 4443 3652 4526">
     <span class='ocr_line' id='line_1_102' title="bbox 2004 4443 3652 4526; baseline 0.001 -18"><span class='ocrx_word' id='word_1_730' title='bbox 2004 4446 2132 4508; x_wconf 89' lang='lat' dir='ltr'><strong>heri</strong></span> <span class='ocrx_word' id='word_1_731' title='bbox 2165 4445 2281 4526; x_wconf 87' lang='lat' dir='ltr'><strong>legi</strong></span> <span class='ocrx_word' id='word_1_732' title='bbox 2329 4453 2384 4507; x_wconf 91' lang='lat' dir='ltr'><strong>et</strong></span> <span class='ocrx_word' id='word_1_733' title='bbox 2418 4445 2639 4506; x_wconf 91' lang='lat' dir='ltr'><strong>nudius</strong></span> <span class='ocrx_word' id='word_1_734' title='bbox 2673 4443 2903 4525; x_wconf 84' lang='lat' dir='ltr'><strong>tertius,</strong></span> <span class='ocrx_word' id='word_1_735' title='bbox 2936 4463 3069 4525; x_wconf 58' lang='lat' dir='ltr'><strong>quas</strong></span> <span class='ocrx_word' id='word_1_736' title='bbox 3120 4443 3425 4507; x_wconf 84' lang='lat' dir='ltr'><strong>declarant</strong></span> <span class='ocrx_word' id='word_1_737' title='bbox 3467 4463 3652 4509; x_wconf 91' lang='lat' dir='ltr'><strong>unum</strong></span> 
     </span>
    </p>
   </div>
   <div class='ocr_carea' id='block_1_103' title="bbox 2003 4533 3650 4617">
    <p class='ocr_par' dir='ltr' id='par_1_103' title="bbox 2003 4533 3650 4617">
     <span class='ocr_line' id='line_1_103' title="bbox 2003 4533 3650 4617; baseline 0.001 -19"><span class='ocrx_word' id='word_1_738' title='bbox 2003 4554 2136 4598; x_wconf 88' lang='lat' dir='ltr'><strong>esse</strong></span> <span class='ocrx_word' id='word_1_739' title='bbox 2170 4536 2355 4598; x_wconf 88' lang='lat' dir='ltr'><strong>Deum</strong></span> <span class='ocrx_word' id='word_1_740' title='bbox 2389 4533 2825 4595; x_wconf 86' lang='lat' dir='ltr'><strong>universorum.</strong></span> <span class='ocrx_word' id='word_1_741' title='bbox 2850 4534 3079 4608; x_wconf 86' lang='lat' dir='ltr'><strong>Quibus</strong></span> <span class='ocrx_word' id='word_1_742' title='bbox 3103 4550 3210 4595; x_wconf 91' lang='lat' dir='ltr'><strong>nos</strong></span> <span class='ocrx_word' id='word_1_743' title='bbox 3240 4552 3481 4617; x_wconf 90' lang='lat' dir='ltr'><strong>quoque</strong></span> <span class='ocrx_word' id='word_1_744' title='bbox 3512 4553 3650 4599; x_wconf 87' lang='lat' dir='ltr'><strong>cre-</strong></span> 
     </span>
    </p>
   </div>
   <div class='ocr_carea' id='block_1_104' title="bbox 1942 4623 3654 4708">
    <p class='ocr_par' dir='ltr' id='par_1_104' title="bbox 1942 4623 3654 4708">
     <span class='ocr_line' id='line_1_104' title="bbox 1942 4623 3654 4708; baseline 0.002 -23"><span class='ocrx_word' id='word_1_745' title='bbox 1942 4625 2202 4704; x_wconf 78' lang='lat' dir='ltr'><strong>Ddimus</strong></span> <span class='ocrx_word' id='word_1_746' title='bbox 2235 4632 2297 4685; x_wconf 93' lang='lat' dir='ltr'><strong>ut</strong></span> <span class='ocrx_word' id='word_1_747' title='bbox 2332 4643 2465 4706; x_wconf 73' lang='lat' dir='ltr'><strong>qum</strong></span> <span class='ocrx_word' id='word_1_748' title='bbox 2520 4630 2637 4686; x_wconf 85' lang='lat' dir='ltr'><strong>sint</strong></span> <span class='ocrx_word' id='word_1_749' title='bbox 2694 4623 2867 4686; x_wconf 84' lang='lat' dir='ltr'><strong>valde</strong></span> <span class='ocrx_word' id='word_1_750' title='bbox 2926 4624 3086 4686; x_wconf 88' lang='lat' dir='ltr'><strong>clara</strong></span> <span class='ocrx_word' id='word_1_751' title='bbox 3119 4633 3176 4687; x_wconf 91' lang='lat' dir='ltr'><strong>et</strong></span> <span class='ocrx_word' id='word_1_752' title='bbox 3208 4624 3324 4687; x_wconf 82' lang='lat' dir='ltr'><strong>(ide</strong></span> <span class='ocrx_word' id='word_1_753' title='bbox 3356 4627 3560 4708; x_wconf 83' lang='lat' dir='ltr'><strong>digna,</strong></span> <span class='ocrx_word' id='word_1_754' title='bbox 3594 4633 3654 4691; x_wconf 88' lang='lat' dir='ltr'><strong>et</strong></span> 
     </span>
    </p>
   </div>
   <div class='ocr_carea' id='block_1_105' title="bbox 2002 4713 3219 4795">
    <p class='ocr_par' dir='ltr' id='par_1_105' title="bbox 2002 4713 3219 4795">
     <span class='ocr_line' id='line_1_105' title="bbox 2002 4713 3219 4795; baseline 0 -20"><span class='ocrx_word' id='word_1_755' title='bbox 2002 4733 2134 4795; x_wconf 85' lang='lat' dir='ltr'><strong>quae</strong></span> <span class='ocrx_word' id='word_1_756' title='bbox 2163 4715 2338 4775; x_wconf 79' lang='lat' dir='ltr'><strong>(idem</strong></span> <span class='ocrx_word' id='word_1_757' title='bbox 2371 4713 2593 4776; x_wconf 83' lang='lat' dir='ltr'><strong>faciant</strong></span> <span class='ocrx_word' id='word_1_758' title='bbox 2621 4733 2691 4775; x_wconf 88' lang='lat' dir='ltr'><strong>ex</strong></span> <span class='ocrx_word' id='word_1_759' title='bbox 2727 4714 2875 4793; x_wconf 92' lang='lat' dir='ltr'><strong>ipsis</strong></span> <span class='ocrx_word' id='word_1_760' title='bbox 2906 4714 3219 4795; x_wconf 89' lang='lat' dir='ltr'><strong>operibus.</strong></span> 
     </span>
    </p>
   </div>
   <div class='ocr_carea' id='block_1_106' title="bbox 2083 4801 3650 4890">
    <p class='ocr_par' dir='ltr' id='par_1_106' title="bbox 2083 4801 3650 4890">
     <span class='ocr_line' id='line_1_106' title="bbox 2083 4801 3650 4890; baseline 0.003 -24"><span class='ocrx_word' id='word_1_761' title='bbox 2083 4801 2154 4866; x_wconf 87' lang='lat' dir='ltr'><strong>V.</strong></span> <span class='ocrx_word' id='word_1_762' title='bbox 2189 4801 2368 4865; x_wconf 83' lang='lat' dir='ltr'><strong>Vobis</strong></span> <span class='ocrx_word' id='word_1_763' title='bbox 2397 4805 2617 4885; x_wconf 82' lang='lat' dir='ltr'><strong>ergo,si</strong></span> <span class='ocrx_word' id='word_1_764' title='bbox 2650 4802 2865 4884; x_wconf 88' lang='lat' dir='ltr'><strong>velitis,</strong></span> <span class='ocrx_word' id='word_1_765' title='bbox 2902 4812 3215 4886; x_wconf 88' lang='lat' dir='ltr'><strong>promptus</strong></span> <span class='ocrx_word' id='word_1_766' title='bbox 3251 4811 3340 4867; x_wconf 89' lang='lat' dir='ltr'><strong>est</strong></span> <span class='ocrx_word' id='word_1_767' title='bbox 3368 4815 3427 4867; x_wconf 92' lang='lat' dir='ltr'><strong>et</strong></span> <span class='ocrx_word' id='word_1_768' title='bbox 3458 4823 3650 4890; x_wconf 85' lang='lat' dir='ltr'><strong>expe-</strong></span> 
     </span>
    </p>
   </div>
   <div class='ocr_carea' id='block_1_107' title="bbox 2003 4892 3659 4978">
    <p class='ocr_par' dir='ltr' id='par_1_107' title="bbox 2003 4892 3659 4978">
     <span class='ocr_line' id='line_1_107' title="bbox 2003 4892 3659 4978; baseline 0.003 -23"><span class='ocrx_word' id='word_1_769' title='bbox 2003 4893 2159 4955; x_wconf 90' lang='lat' dir='ltr'><strong>ditus</strong></span> <span class='ocrx_word' id='word_1_770' title='bbox 2194 4894 2408 4955; x_wconf 83' lang='lat' dir='ltr'><strong>modus</strong></span> <span class='ocrx_word' id='word_1_771' title='bbox 2439 4892 2668 4955; x_wconf 88' lang='lat' dir='ltr'><strong>salutis.</strong></span> <span class='ocrx_word' id='word_1_772' title='bbox 2707 4893 2828 4973; x_wconf 85' lang='lat' dir='ltr'><strong>Ego</strong></span> <span class='ocrx_word' id='word_1_773' title='bbox 2861 4902 3057 4955; x_wconf 87' lang='lat' dir='ltr'><strong>autem</strong></span> <span class='ocrx_word' id='word_1_774' title='bbox 3092 4912 3210 4956; x_wconf 90' lang='lat' dir='ltr'><strong>non</strong></span> <span class='ocrx_word' id='word_1_775' title='bbox 3260 4912 3356 4957; x_wconf 91' lang='lat' dir='ltr'><strong>me</strong></span> <span class='ocrx_word' id='word_1_776' title='bbox 3399 4897 3659 4978; x_wconf 89' lang='lat' dir='ltr'><strong>amplius</strong></span> 
     </span>
    </p>
   </div>
   <div class='ocr_carea' id='block_1_108' title="bbox 2003 4980 3661 5063">
    <p class='ocr_par' dir='ltr' id='par_1_108' title="bbox 2003 4980 3661 5063">
     <span class='ocr_line' id='line_1_108' title="bbox 2003 4980 3661 5063; baseline 0.004 -20"><span class='ocrx_word' id='word_1_777' title='bbox 2003 4983 2063 5044; x_wconf 91' lang='lat' dir='ltr'><strong>in</strong></span> <span class='ocrx_word' id='word_1_778' title='bbox 2093 5001 2197 5045; x_wconf 88' lang='lat' dir='ltr'><strong>vos</strong></span> <span class='ocrx_word' id='word_1_779' title='bbox 2231 5000 2433 5063; x_wconf 87' lang='lat' dir='ltr'><strong>geram</strong></span> <span class='ocrx_word' id='word_1_780' title='bbox 2491 4990 2768 5062; x_wconf 80' lang='lat' dir='ltr'><strong>tanquam</strong></span> <span class='ocrx_word' id='word_1_781' title='bbox 2824 4980 3150 5058; x_wconf 90' lang='lat' dir='ltr'><strong>dominam,</strong></span> <span class='ocrx_word' id='word_1_782' title='bbox 3209 4984 3316 5047; x_wconf 88' lang='lat' dir='ltr'><strong>sed</strong></span> <span class='ocrx_word' id='word_1_783' title='bbox 3372 5002 3661 5049; x_wconf 85' lang='lat' dir='ltr'><strong>conserva</strong></span> 
     </span>
    </p>
   </div>
   <div class='ocr_carea' id='block_1_109' title="bbox 2005 5071 3659 5138">
    <p class='ocr_par' dir='ltr' id='par_1_109' title="bbox 2005 5071 3659 5138">
     <span class='ocr_line' id='line_1_109' title="bbox 2005 5071 3659 5138; baseline 0.001 -3"><span class='ocrx_word' id='word_1_784' title='bbox 2005 5090 2108 5136; x_wconf 92' lang='lat' dir='ltr'><strong>ero</strong></span> <span class='ocrx_word' id='word_1_785' title='bbox 2143 5082 2202 5134; x_wconf 88' lang='lat' dir='ltr'><strong>et</strong></span> <span class='ocrx_word' id='word_1_786' title='bbox 2232 5089 2420 5133; x_wconf 73' lang='lat' dir='ltr'><strong>soror.</strong></span> <span class='ocrx_word' id='word_1_787' title='bbox 2457 5073 2850 5134; x_wconf 90' lang='lat' dir='ltr'><strong>Communem</strong></span> <span class='ocrx_word' id='word_1_788' title='bbox 2899 5072 3058 5134; x_wconf 87' lang='lat' dir='ltr'><strong>enim</strong></span> <span class='ocrx_word' id='word_1_789' title='bbox 3111 5071 3427 5136; x_wconf 91' lang='lat' dir='ltr'><strong>Dominum</strong></span> <span class='ocrx_word' id='word_1_790' title='bbox 3456 5085 3513 5138; x_wconf 88' lang='lat' dir='ltr'><strong>et</strong></span> <span class='ocrx_word' id='word_1_791' title='bbox 3541 5075 3659 5137; x_wconf 84' lang='lat' dir='ltr'><strong>Pa-</strong></span> 
     </span>
    </p>
   </div>
   <div class='ocr_carea' id='block_1_110' title="bbox 2006 5159 3660 5244">
    <p class='ocr_par' dir='ltr' id='par_1_110' title="bbox 2006 5159 3660 5244">
     <span class='ocr_line' id='line_1_110' title="bbox 2006 5159 3660 5244; baseline 0.003 -21"><span class='ocrx_word' id='word_1_792' title='bbox 2006 5170 2155 5223; x_wconf 89' lang='lat' dir='ltr'><strong>trem</strong></span> <span class='ocrx_word' id='word_1_793' title='bbox 2189 5161 2545 5223; x_wconf 80' lang='lat' dir='ltr'><strong>habebimus</strong></span> <span class='ocrx_word' id='word_1_794' title='bbox 2575 5160 2784 5223; x_wconf 90' lang='lat' dir='ltr'><strong>Deum.</strong></span> <span class='ocrx_word' id='word_1_795' title='bbox 2819 5159 2896 5223; x_wconf 88' lang='lat' dir='ltr'><strong>Ut</strong></span> <span class='ocrx_word' id='word_1_796' title='bbox 2928 5163 3029 5243; x_wconf 90' lang='lat' dir='ltr'><strong>qui</strong></span> <span class='ocrx_word' id='word_1_797' title='bbox 3062 5181 3205 5244; x_wconf 86' lang='lat' dir='ltr'><strong>ergo</strong></span> <span class='ocrx_word' id='word_1_798' title='bbox 3264 5171 3454 5227; x_wconf 83' lang='lat' dir='ltr'><strong>simus</strong></span> <span class='ocrx_word' id='word_1_799' title='bbox 3485 5166 3660 5228; x_wconf 88' lang='lat' dir='ltr'><strong>unius</strong></span> 
     </span>
    </p>
   </div>
   <div class='ocr_carea' id='block_1_111' title="bbox 2004 5249 3665 5334">
    <p class='ocr_par' dir='ltr' id='par_1_111' title="bbox 2004 5249 3665 5334">
     <span class='ocr_line' id='line_1_111' title="bbox 2004 5249 3665 5334; baseline 0.001 -19"><span class='ocrx_word' id='word_1_800' title='bbox 2004 5251 2286 5333; x_wconf 82' lang='lat' dir='ltr'><strong>pastoris,</strong></span> <span class='ocrx_word' id='word_1_801' title='bbox 2322 5260 2381 5313; x_wconf 83' lang='lat' dir='ltr'><strong>et</strong></span> <span class='ocrx_word' id='word_1_802' title='bbox 2405 5261 2682 5332; x_wconf 86' lang='lat' dir='ltr'><strong>tanquam</strong></span> <span class='ocrx_word' id='word_1_803' title='bbox 2712 5249 2928 5313; x_wconf 75' lang='lat' dir='ltr'><strong>fratres</strong></span> <span class='ocrx_word' id='word_1_804' title='bbox 2952 5271 3135 5314; x_wconf 91' lang='lat' dir='ltr'><strong>unum</strong></span> <span class='ocrx_word' id='word_1_805' title='bbox 3168 5254 3665 5334; x_wconf 80' lang='lat' dir='ltr'><strong>Spirantes,com-</strong></span> 
     </span>
    </p>
   </div>
   <div class='ocr_carea' id='block_1_112' title="bbox 2002 5339 3657 5408">
    <p class='ocr_par' dir='ltr' id='par_1_112' title="bbox 2002 5339 3657 5408">
     <span class='ocr_line' id='line_1_112' title="bbox 2002 5339 3657 5408; baseline 0.004 -6"><span class='ocrx_word' id='word_1_806' title='bbox 2002 5340 2167 5403; x_wconf 89' lang='lat' dir='ltr'><strong>muni</strong></span> <span class='ocrx_word' id='word_1_807' title='bbox 2197 5339 2498 5404; x_wconf 88' lang='lat' dir='ltr'><strong>sententia</strong></span> <span class='ocrx_word' id='word_1_808' title='bbox 2525 5341 2838 5402; x_wconf 82' lang='lat' dir='ltr'><strong>veniemus</strong></span> <span class='ocrx_word' id='word_1_809' title='bbox 2886 5343 2959 5405; x_wconf 86' lang='lat' dir='ltr'><strong>ad</strong></span> <span class='ocrx_word' id='word_1_810' title='bbox 3011 5342 3401 5406; x_wconf 86' lang='lat' dir='ltr'><strong>Christianos.</strong></span> <span class='ocrx_word' id='word_1_811' title='bbox 3463 5345 3657 5408; x_wconf 85' lang='lat' dir='ltr'><strong>Audio</strong></span> 
     </span>
    </p>
   </div>
   <div class='ocr_carea' id='block_1_113' title="bbox 251 5429 1918 5510">
    <p class='ocr_par' dir='ltr' id='par_1_113' title="bbox 251 5429 1911 5510">
     <span class='ocr_line' id='line_1_113' title="bbox 251 5429 1911 5510; baseline 0.001 -22"><span class='ocrx_word' id='word_1_812' title='bbox 251 5431 533 5510; x_wconf 68' lang='grc' dir='ltr'>τιστῆριον</span> <span class='ocrx_word' id='word_1_813' title='bbox 564 5430 810 5488; x_wconf 79' lang='grc' dir='ltr'>ἐνταυθοῖ</span> <span class='ocrx_word' id='word_1_814' title='bbox 839 5431 1151 5508; x_wconf 84' lang='grc' dir='ltr'>γενόμενον,</span> <span class='ocrx_word' id='word_1_815' title='bbox 1211 5429 1462 5489; x_wconf 74' lang='grc' dir='ltr'>κᾶκεῖνον</span> <span class='ocrx_word' id='word_1_816' title='bbox 1510 5431 1608 5507; x_wconf 79' lang='grc' dir='ltr'>μὲν</span> <span class='ocrx_word' id='word_1_817' title='bbox 1666 5429 1751 5487; x_wconf 79' lang='grc' dir='ltr'>διὰ</span> <span class='ocrx_word' id='word_1_818' title='bbox 1807 5433 1911 5509; x_wconf 83' lang='grc' dir='ltr'><strong>μέ-</strong></span> 
     </span>
    </p>
   </div>
   <div class='ocr_carea' id='block_1_114' title="bbox 2005 5429 3657 5510">
    <p class='ocr_par' dir='ltr' id='par_1_114' title="bbox 2005 5429 3657 5508">
     <span class='ocr_line' id='line_1_114' title="bbox 2005 5429 3657 5508; baseline -0.001 -15"><span class='ocrx_word' id='word_1_819' title='bbox 2005 5430 2159 5493; x_wconf 91' lang='lat' dir='ltr'><strong>enim</strong></span> <span class='ocrx_word' id='word_1_820' title='bbox 2190 5449 2223 5493; x_wconf 86' lang='lat' dir='ltr'><strong>a</strong></span> <span class='ocrx_word' id='word_1_821' title='bbox 2266 5429 2526 5508; x_wconf 84' lang='lat' dir='ltr'><strong>quodam</strong></span> <span class='ocrx_word' id='word_1_822' title='bbox 2560 5429 2789 5493; x_wconf 89' lang='lat' dir='ltr'><strong>Heleno</strong></span> <span class='ocrx_word' id='word_1_823' title='bbox 2828 5430 2928 5494; x_wconf 91' lang='lat' dir='ltr'><strong>hic</strong></span> <span class='ocrx_word' id='word_1_824' title='bbox 2985 5432 3200 5496; x_wconf 88' lang='lat' dir='ltr'><strong>factum</strong></span> <span class='ocrx_word' id='word_1_825' title='bbox 3252 5452 3387 5497; x_wconf 89' lang='lat' dir='ltr'><strong>esse</strong></span> <span class='ocrx_word' id='word_1_826' title='bbox 3442 5453 3657 5498; x_wconf 71' lang='lat' dir='ltr'><strong>mons-</strong></span> 
     </span>
    </p>
   </div>
   <div class='ocr_carea' id='block_1_115' title="bbox 249 5518 1905 5602">
    <p class='ocr_par' dir='ltr' id='par_1_115' title="bbox 249 5518 1905 5602">
     <span class='ocr_line' id='line_1_115' title="bbox 249 5518 1905 5602; baseline 0.001 -24"><span class='ocrx_word' id='word_1_827' title='bbox 249 5524 413 5602; x_wconf 81' lang='grc' dir='ltr'>γεθος</span> <span class='ocrx_word' id='word_1_828' title='bbox 470 5519 662 5600; x_wconf 75' lang='grc' dir='ltr'>ἀρετῆς</span> <span class='ocrx_word' id='word_1_829' title='bbox 717 5520 809 5576; x_wconf 81' lang='grc' dir='ltr'><strong>τὸν</strong></span> <span class='ocrx_word' id='word_1_830' title='bbox 851 5525 951 5588; x_wconf 80' lang='grc' dir='ltr'>τῆς</span> <span class='ocrx_word' id='word_1_831' title='bbox 1012 5518 1314 5588; x_wconf 67' lang='grc' dir='ltr'>ἐπισκοπῆς</span> <span class='ocrx_word' id='word_1_832' title='bbox 1369 5520 1627 5592; x_wconf 73' lang='grc' dir='ltr'>ἀναϐῆναι</span> <span class='ocrx_word' id='word_1_833' title='bbox 1702 5522 1905 5601; x_wconf 78' lang='grc' dir='ltr'>θρόνον,</span> 
     </span>
    </p>
   </div>
   <div class='ocr_carea' id='block_1_116' title="bbox 335 5691 820 5769">
    <p class='ocr_par' dir='ltr' id='par_1_116' title="bbox 335 5691 820 5769">
     <span class='ocr_line' id='line_1_116' title="bbox 335 5691 820 5769; baseline 0.002 -13"><span class='ocrx_word' id='word_1_834' title='bbox 335 5693 361 5739; x_wconf 73' lang='grc' dir='ltr'>ί</span> <span class='ocrx_word' id='word_1_835' title='bbox 395 5691 553 5757; x_wconf 83' lang='lat' dir='ltr'><strong>Psal.</strong></span> <span class='ocrx_word' id='word_1_836' title='bbox 583 5706 729 5769; x_wconf 85' lang='lat' dir='ltr'><strong>xcv,</strong></span> <span class='ocrx_word' id='word_1_837' title='bbox 759 5693 820 5757; x_wconf 83' lang='lat'><strong>5.</strong></span> 
     </span>
    </p>
   </div>
   <div class='ocr_carea' id='block_1_117' title="bbox 1996 5517 3656 5605">
    <p class='ocr_par' dir='ltr' id='par_1_117' title="bbox 1996 5517 3656 5605">
     <span class='ocr_line' id='line_1_117' title="bbox 1996 5517 3656 5605; baseline 0.003 -22"><span class='ocrx_word' id='word_1_838' title='bbox 1996 5518 2270 5602; x_wconf 86' lang='lat' dir='ltr'><strong>sterium,</strong></span> <span class='ocrx_word' id='word_1_839' title='bbox 2303 5527 2363 5583; x_wconf 88' lang='lat' dir='ltr'><strong>et</strong></span> <span class='ocrx_word' id='word_1_840' title='bbox 2386 5517 2553 5582; x_wconf 86' lang='lat' dir='ltr'><strong>illum</strong></span> <span class='ocrx_word' id='word_1_841' title='bbox 2590 5518 2834 5600; x_wconf 86' lang='lat' dir='ltr'><strong>quidem</strong></span> <span class='ocrx_word' id='word_1_842' title='bbox 2866 5530 3111 5605; x_wconf 88' lang='lat' dir='ltr'><strong>propter</strong></span> <span class='ocrx_word' id='word_1_843' title='bbox 3138 5523 3372 5586; x_wconf 83' lang='lat' dir='ltr'><strong>virtutis</strong></span> <span class='ocrx_word' id='word_1_844' title='bbox 3412 5525 3656 5605; x_wconf 76' lang='lat' dir='ltr'><strong>magni-</strong></span> 
     </span>
    </p>
   </div>
  </div>
