  <div class='ocr_page' id='page_1' title='image "/cluster/home/n/w/nwhite01/storage/ocr_20150623/116:no.3/coo.31924054870203/315.png"; bbox 0 0 4148 6406; ppageno 0'>
   <div class='ocr_carea' id='block_1_1' title="bbox 423 319 542 384">
    <p class='ocr_par' dir='ltr' id='par_1_1' title="bbox 423 319 542 384">
     <span class='ocr_line' id='line_1_1' title="bbox 423 319 542 384; baseline 0.025 -2"><span class='ocrx_word' id='word_1_1' title='bbox 423 319 542 384; x_wconf 84' lang='grc'><strong>615</strong></span> 
     </span>
    </p>
   </div>
   <div class='ocr_carea' id='block_1_2' title="bbox 1720 316 2480 387">
    <p class='ocr_par' dir='ltr' id='par_1_2' title="bbox 1720 316 2480 387">
     <span class='ocr_line' id='line_1_2' title="bbox 1720 316 2480 387; baseline -0.003 0"><span class='ocrx_word' id='word_1_2' title='bbox 1720 316 2003 387; x_wconf 82' lang='lat' dir='ltr'><strong>MENSIS</strong></span> <span class='ocrx_word' id='word_1_3' title='bbox 2050 319 2480 387; x_wconf 81' lang='lat' dir='ltr'><strong>DECEMBER.</strong></span> 
     </span>
    </p>
   </div>
   <div class='ocr_carea' id='block_1_3' title="bbox 3683 320 3804 387">
    <p class='ocr_par' dir='ltr' id='par_1_3' title="bbox 3683 320 3804 387">
     <span class='ocr_line' id='line_1_3' title="bbox 3683 320 3804 387; baseline 0 0"><span class='ocrx_word' id='word_1_4' title='bbox 3683 320 3804 387; x_wconf 84' lang='grc'><strong>616</strong></span> 
     </span>
    </p>
   </div>
   <div class='ocr_carea' id='block_1_4' title="bbox 404 453 2067 535">
    <p class='ocr_par' dir='ltr' id='par_1_4' title="bbox 404 453 2060 531">
     <span class='ocr_line' id='line_1_4' title="bbox 404 453 2060 531; baseline -0.002 -17"><span class='ocrx_word' id='word_1_5' title='bbox 404 454 682 531; x_wconf 70' lang='grc' dir='ltr'><strong>⁵ιιιιίἱιιιξιιι)</strong></span> <span class='ocrx_word' id='word_1_6' title='bbox 722 453 1051 515; x_wconf 85' lang='lat' dir='ltr'><strong>ascendisse</strong></span> <span class='ocrx_word' id='word_1_7' title='bbox 1082 455 1326 528; x_wconf 89' lang='lat' dir='ltr'><strong>gradum</strong></span> <span class='ocrx_word' id='word_1_8' title='bbox 1356 456 1719 529; x_wconf 86' lang='lat' dir='ltr'><strong>episcopatus</strong></span> <span class='ocrx_word' id='word_1_9' title='bbox 1741 457 1816 527; x_wconf 85' lang='lat' dir='ltr'><strong>(t)</strong></span> <span class='ocrx_word' id='word_1_10' title='bbox 1836 468 2060 528; x_wconf 80' lang='lat' dir='ltr'><strong>:quem-</strong></span> 
     </span>
    </p>
   </div>
   <div class='ocr_carea' id='block_1_5' title="bbox 2156 453 3799 535">
    <p class='ocr_par' dir='ltr' id='par_1_5' title="bbox 2156 453 3799 535">
     <span class='ocr_line' id='line_1_5' title="bbox 2156 453 3799 535; baseline 0.004 -25"><span class='ocrx_word' id='word_1_11' title='bbox 2156 453 2415 534; x_wconf 69' lang='grc' dir='ltr'>Θεόδωρον</span> <span class='ocrx_word' id='word_1_12' title='bbox 2460 457 2514 514; x_wconf 82' lang='grc' dir='ltr'><em>δέ</em></span> <span class='ocrx_word' id='word_1_13' title='bbox 2544 479 2663 515; x_wconf 88' lang='grc' dir='ltr'>τινα</span> <span class='ocrx_word' id='word_1_14' title='bbox 2707 460 2781 523; x_wconf 80' lang='grc' dir='ltr'><strong>εἷς</strong></span> <span class='ocrx_word' id='word_1_15' title='bbox 2813 459 2901 514; x_wconf 83' lang='grc' dir='ltr'><strong>τὸν</strong></span> <span class='ocrx_word' id='word_1_16' title='bbox 2953 456 3151 515; x_wconf 71' lang='grc' dir='ltr'>ἐκείνου</span> <span class='ocrx_word' id='word_1_17' title='bbox 3199 455 3400 534; x_wconf 77' lang='grc' dir='ltr'>κλῆρον</span> <span class='ocrx_word' id='word_1_18' title='bbox 3455 459 3799 535; x_wconf 77' lang='grc' dir='ltr'>ἐγκαταστῆ-</span> 
     </span>
    </p>
   </div>
   <div class='ocr_carea' id='block_1_6' title="bbox 424 538 2067 614">
    <p class='ocr_par' dir='ltr' id='par_1_6' title="bbox 424 538 2067 614">
     <span class='ocr_line' id='line_1_6' title="bbox 424 538 2067 614; baseline 0.003 -18"><span class='ocrx_word' id='word_1_19' title='bbox 424 538 555 597; x_wconf 88' lang='lat' dir='ltr'><strong>dam</strong></span> <span class='ocrx_word' id='word_1_20' title='bbox 577 547 765 597; x_wconf 86' lang='lat' dir='ltr'><strong>autem</strong></span> <span class='ocrx_word' id='word_1_21' title='bbox 806 540 1168 598; x_wconf 88' lang='lat' dir='ltr'><strong>Theodorum</strong></span> <span class='ocrx_word' id='word_1_22' title='bbox 1212 540 1386 597; x_wconf 83' lang='lat' dir='ltr'><strong>fuisse</strong></span> <span class='ocrx_word' id='word_1_23' title='bbox 1413 540 1536 611; x_wconf 72' lang='lat' dir='ltr'><strong>ejus</strong></span> <span class='ocrx_word' id='word_1_24' title='bbox 1562 541 1687 597; x_wconf 89' lang='lat' dir='ltr'><strong>loco</strong></span> <span class='ocrx_word' id='word_1_25' title='bbox 1718 543 2067 614; x_wconf 88' lang='lat' dir='ltr'><strong>institutum,</strong></span> 
     </span>
    </p>
   </div>
   <div class='ocr_carea' id='block_1_7' title="bbox 425 625 2069 709">
    <p class='ocr_par' dir='ltr' id='par_1_7' title="bbox 425 625 2069 709">
     <span class='ocr_line' id='line_1_7' title="bbox 425 625 2069 709; baseline 0.002 -21"><span class='ocrx_word' id='word_1_26' title='bbox 425 636 489 688; x_wconf 85' lang='lat' dir='ltr'><strong>et</strong></span> <span class='ocrx_word' id='word_1_27' title='bbox 516 625 856 707; x_wconf 66' lang='lat' dir='ltr'><strong>praefectum</strong></span> <span class='ocrx_word' id='word_1_28' title='bbox 876 625 1376 687; x_wconf 73' lang='lat' dir='ltr'><strong>administrationi</strong></span> <span class='ocrx_word' id='word_1_29' title='bbox 1403 627 1782 688; x_wconf 79' lang='lat' dir='ltr'><strong>monasterii:</strong></span> <span class='ocrx_word' id='word_1_30' title='bbox 1809 646 2069 709; x_wconf 91' lang='lat' dir='ltr'><strong>eumque</strong></span> 
     </span>
    </p>
   </div>
   <div class='ocr_carea' id='block_1_8' title="bbox 424 719 2067 802">
    <p class='ocr_par' dir='ltr' id='par_1_8' title="bbox 424 719 2067 802">
     <span class='ocr_line' id='line_1_8' title="bbox 424 719 2067 802; baseline 0.001 -21"><span class='ocrx_word' id='word_1_31' title='bbox 424 729 544 782; x_wconf 91' lang='lat' dir='ltr'><strong>tam</strong></span> <span class='ocrx_word' id='word_1_32' title='bbox 579 719 864 802; x_wconf 63' lang='lat' dir='ltr'><strong>prmclare</strong></span> <span class='ocrx_word' id='word_1_33' title='bbox 893 738 1001 782; x_wconf 90' lang='lat' dir='ltr'><strong>suo</strong></span> <span class='ocrx_word' id='word_1_34' title='bbox 1050 720 1216 800; x_wconf 87' lang='lat' dir='ltr'><strong>gregi</strong></span> <span class='ocrx_word' id='word_1_35' title='bbox 1247 720 1581 801; x_wconf 71' lang='lat' dir='ltr'><strong>praefuisse,</strong></span> <span class='ocrx_word' id='word_1_36' title='bbox 1616 728 1677 783; x_wconf 87' lang='lat' dir='ltr'><strong>et</strong></span> <span class='ocrx_word' id='word_1_37' title='bbox 1706 720 1778 782; x_wconf 89' lang='lat' dir='ltr'><strong>ad</strong></span> <span class='ocrx_word' id='word_1_38' title='bbox 1814 740 1940 783; x_wconf 89' lang='lat' dir='ltr'><strong>eam</strong></span> <span class='ocrx_word' id='word_1_39' title='bbox 1973 723 2067 783; x_wconf 85' lang='lat' dir='ltr'><strong>di-</strong></span> 
     </span>
    </p>
   </div>
   <div class='ocr_carea' id='block_1_9' title="bbox 426 815 2069 896">
    <p class='ocr_par' dir='ltr' id='par_1_9' title="bbox 426 815 2069 896">
     <span class='ocr_line' id='line_1_9' title="bbox 426 815 2069 896; baseline 0.002 -20"><span class='ocrx_word' id='word_1_40' title='bbox 426 815 622 880; x_wconf 85' lang='lat' dir='ltr'><strong>vinam</strong></span> <span class='ocrx_word' id='word_1_41' title='bbox 653 818 901 895; x_wconf 76' lang='lat' dir='ltr'><strong>gratiam</strong></span> <span class='ocrx_word' id='word_1_42' title='bbox 963 817 1330 896; x_wconf 83' lang='lat' dir='ltr'><strong>pervenisse,</strong></span> <span class='ocrx_word' id='word_1_43' title='bbox 1365 824 1428 878; x_wconf 92' lang='lat' dir='ltr'><strong>ut</strong></span> <span class='ocrx_word' id='word_1_44' title='bbox 1485 823 1545 877; x_wconf 91' lang='lat' dir='ltr'><strong>et</strong></span> <span class='ocrx_word' id='word_1_45' title='bbox 1602 815 1983 879; x_wconf 76' lang='lat' dir='ltr'><strong>daemoniacis</strong></span> <span class='ocrx_word' id='word_1_46' title='bbox 2010 827 2069 879; x_wconf 92' lang='lat' dir='ltr'><strong>et</strong></span> 
     </span>
    </p>
   </div>
   <div class='ocr_carea' id='block_1_10' title="bbox 424 905 2065 986">
    <p class='ocr_par' dir='ltr' id='par_1_10' title="bbox 424 905 2065 986">
     <span class='ocr_line' id='line_1_10' title="bbox 424 905 2065 986; baseline 0.001 -20"><span class='ocrx_word' id='word_1_47' title='bbox 424 905 681 986; x_wconf 61' lang='lat' dir='ltr'><strong>aegrotis,</strong></span> <span class='ocrx_word' id='word_1_48' title='bbox 716 905 832 968; x_wconf 81' lang='lat' dir='ltr'><strong>illis</strong></span> <span class='ocrx_word' id='word_1_49' title='bbox 862 906 1098 986; x_wconf 88' lang='lat' dir='ltr'><strong>quidem</strong></span> <span class='ocrx_word' id='word_1_50' title='bbox 1135 915 1444 967; x_wconf 81' lang='lat' dir='ltr'><strong>vexantem</strong></span> <span class='ocrx_word' id='word_1_51' title='bbox 1475 905 1778 986; x_wconf 79' lang='lat' dir='ltr'><strong>Spiritum,</strong></span> <span class='ocrx_word' id='word_1_52' title='bbox 1804 905 1897 967; x_wconf 91' lang='lat' dir='ltr'><strong>his</strong></span> <span class='ocrx_word' id='word_1_53' title='bbox 1930 926 2065 968; x_wconf 89' lang='lat' dir='ltr'><strong>vero</strong></span> 
     </span>
    </p>
   </div>
   <div class='ocr_carea' id='block_1_11' title="bbox 422 993 2066 1076">
    <p class='ocr_par' dir='ltr' id='par_1_11' title="bbox 422 993 2066 1076">
     <span class='ocr_line' id='line_1_11' title="bbox 422 993 2066 1076; baseline 0 -19"><span class='ocrx_word' id='word_1_54' title='bbox 422 993 697 1057; x_wconf 87' lang='lat' dir='ltr'><strong>morbum</strong></span> <span class='ocrx_word' id='word_1_55' title='bbox 728 994 898 1058; x_wconf 82' lang='lat' dir='ltr'><strong>facile</strong></span> <span class='ocrx_word' id='word_1_56' title='bbox 921 994 1183 1076; x_wconf 81' lang='lat' dir='ltr'><strong>eXpellat</strong></span> <span class='ocrx_word' id='word_1_57' title='bbox 1216 1015 1228 1058; x_wconf 91' lang='lat'>:</span> <span class='ocrx_word' id='word_1_58' title='bbox 1264 994 1409 1075; x_wconf 91' lang='lat' dir='ltr'><strong>quin</strong></span> <span class='ocrx_word' id='word_1_59' title='bbox 1461 994 1639 1056; x_wconf 90' lang='lat' dir='ltr'><strong>etiam</strong></span> <span class='ocrx_word' id='word_1_60' title='bbox 1672 996 1845 1057; x_wconf 73' lang='lat' dir='ltr'><strong>caecis</strong></span> <span class='ocrx_word' id='word_1_61' title='bbox 1878 997 2066 1057; x_wconf 85' lang='lat' dir='ltr'><strong>oculis</strong></span> 
     </span>
    </p>
   </div>
   <div class='ocr_carea' id='block_1_12' title="bbox 419 1082 2065 1166">
    <p class='ocr_par' dir='ltr' id='par_1_12' title="bbox 419 1082 2065 1166">
     <span class='ocr_line' id='line_1_12' title="bbox 419 1082 2065 1166; baseline -0.001 -19"><span class='ocrx_word' id='word_1_62' title='bbox 419 1082 821 1147; x_wconf 88' lang='lat' dir='ltr'><strong>desideratum</strong></span> <span class='ocrx_word' id='word_1_63' title='bbox 870 1085 1056 1147; x_wconf 91' lang='lat' dir='ltr'><strong>solem</strong></span> <span class='ocrx_word' id='word_1_64' title='bbox 1091 1085 1348 1166; x_wconf 86' lang='lat' dir='ltr'><strong>praebeat</strong></span> <span class='ocrx_word' id='word_1_65' title='bbox 1395 1084 1742 1160; x_wconf 87' lang='lat' dir='ltr'><strong>videndum,</strong></span> <span class='ocrx_word' id='word_1_66' title='bbox 1779 1095 1837 1146; x_wconf 91' lang='lat' dir='ltr'><strong>et</strong></span> <span class='ocrx_word' id='word_1_67' title='bbox 1867 1085 1938 1146; x_wconf 91' lang='lat' dir='ltr'><strong>iis</strong></span> <span class='ocrx_word' id='word_1_68' title='bbox 1966 1086 2065 1166; x_wconf 87' lang='lat' dir='ltr'><strong>qui</strong></span> 
     </span>
    </p>
   </div>
   <div class='ocr_carea' id='block_1_13' title="bbox 421 1172 2075 1254">
    <p class='ocr_par' dir='ltr' id='par_1_13' title="bbox 421 1172 2075 1254">
     <span class='ocr_line' id='line_1_13' title="bbox 421 1172 2075 1254; baseline 0 -19"><span class='ocrx_word' id='word_1_69' title='bbox 421 1172 478 1235; x_wconf 91' lang='lat' dir='ltr'><strong>ei</strong></span> <span class='ocrx_word' id='word_1_70' title='bbox 501 1172 755 1254; x_wconf 85' lang='lat' dir='ltr'><strong>subjecti</strong></span> <span class='ocrx_word' id='word_1_71' title='bbox 799 1182 959 1249; x_wconf 85' lang='lat' dir='ltr'><strong>sunt,</strong></span> <span class='ocrx_word' id='word_1_72' title='bbox 996 1174 1306 1236; x_wconf 86' lang='lat' dir='ltr'><strong>monachis</strong></span> <span class='ocrx_word' id='word_1_73' title='bbox 1336 1181 1417 1236; x_wconf 86' lang='lat' dir='ltr'><strong>ita</strong></span> <span class='ocrx_word' id='word_1_74' title='bbox 1456 1181 1667 1253; x_wconf 79' lang='lat' dir='ltr'><strong>augeat</strong></span> <span class='ocrx_word' id='word_1_75' title='bbox 1702 1173 2075 1236; x_wconf 81' lang='lat' dir='ltr'><strong>exercitatio-</strong></span> 
     </span>
    </p>
   </div>
   <div class='ocr_carea' id='block_1_14' title="bbox 419 1262 2068 1345">
    <p class='ocr_par' dir='ltr' id='par_1_14' title="bbox 419 1262 2068 1345">
     <span class='ocr_line' id='line_1_14' title="bbox 419 1262 2068 1345; baseline -0.001 -19"><span class='ocrx_word' id='word_1_76' title='bbox 419 1281 584 1345; x_wconf 88' lang='lat' dir='ltr'><strong>nem,</strong></span> <span class='ocrx_word' id='word_1_77' title='bbox 618 1272 682 1324; x_wconf 90' lang='lat' dir='ltr'><strong>ut</strong></span> <span class='ocrx_word' id='word_1_78' title='bbox 709 1262 933 1325; x_wconf 90' lang='lat' dir='ltr'><strong>nullam</strong></span> <span class='ocrx_word' id='word_1_79' title='bbox 968 1272 1322 1344; x_wconf 61' lang='lat' dir='ltr'><strong>praetereant</strong></span> <span class='ocrx_word' id='word_1_80' title='bbox 1359 1273 1583 1344; x_wconf 90' lang='lat' dir='ltr'><strong>partem</strong></span> <span class='ocrx_word' id='word_1_81' title='bbox 1606 1262 1725 1323; x_wconf 89' lang='lat' dir='ltr'><strong>diei</strong></span> <span class='ocrx_word' id='word_1_82' title='bbox 1748 1282 1815 1324; x_wconf 93' lang='lat' dir='ltr'><strong>ac</strong></span> <span class='ocrx_word' id='word_1_83' title='bbox 1850 1264 2068 1335; x_wconf 90' lang='lat' dir='ltr'><strong>noctis,</strong></span> 
     </span>
    </p>
   </div>
   <div class='ocr_carea' id='block_1_15' title="bbox 418 1352 2073 1434">
    <p class='ocr_par' dir='ltr' id='par_1_15' title="bbox 418 1352 2073 1434">
     <span class='ocr_line' id='line_1_15' title="bbox 418 1352 2073 1434; baseline -0.002 -19"><span class='ocrx_word' id='word_1_84' title='bbox 418 1371 553 1434; x_wconf 66' lang='lat' dir='ltr'><strong>quae</strong></span> <span class='ocrx_word' id='word_1_85' title='bbox 580 1371 700 1413; x_wconf 91' lang='lat' dir='ltr'><strong>non</strong></span> <span class='ocrx_word' id='word_1_86' title='bbox 752 1364 1139 1415; x_wconf 87' lang='lat' dir='ltr'><strong>consumatur</strong></span> <span class='ocrx_word' id='word_1_87' title='bbox 1190 1353 1252 1413; x_wconf 90' lang='lat' dir='ltr'><strong>in</strong></span> <span class='ocrx_word' id='word_1_88' title='bbox 1314 1352 1618 1432; x_wconf 80' lang='lat' dir='ltr'><strong>perpetuis</strong></span> <span class='ocrx_word' id='word_1_89' title='bbox 1676 1352 1961 1432; x_wconf 86' lang='lat' dir='ltr'><strong>precibus</strong></span> <span class='ocrx_word' id='word_1_90' title='bbox 2015 1358 2073 1414; x_wconf 91' lang='lat' dir='ltr'><strong>et</strong></span> 
     </span>
    </p>
   </div>
   <div class='ocr_carea' id='block_1_16' title="bbox 423 1441 2072 1506">
    <p class='ocr_par' dir='ltr' id='par_1_16' title="bbox 423 1441 2072 1506">
     <span class='ocr_line' id='line_1_16' title="bbox 423 1441 2072 1506; baseline -0.002 0"><span class='ocrx_word' id='word_1_91' title='bbox 423 1441 699 1506; x_wconf 87' lang='lat' dir='ltr'><strong>canticis.</strong></span> <span class='ocrx_word' id='word_1_92' title='bbox 734 1441 959 1505; x_wconf 84' lang='lat' dir='ltr'><strong>Horum</strong></span> <span class='ocrx_word' id='word_1_93' title='bbox 1003 1444 1427 1505; x_wconf 80' lang='lat' dir='ltr'><strong>monasterium</strong></span> <span class='ocrx_word' id='word_1_94' title='bbox 1459 1441 1641 1503; x_wconf 91' lang='lat' dir='ltr'><strong>nullis</strong></span> <span class='ocrx_word' id='word_1_95' title='bbox 1664 1442 1805 1503; x_wconf 88' lang='lat' dir='ltr'><strong>licet</strong></span> <span class='ocrx_word' id='word_1_96' title='bbox 1835 1442 2072 1504; x_wconf 80' lang='lat' dir='ltr'><strong>feminis</strong></span> 
     </span>
    </p>
   </div>
   <div class='ocr_carea' id='block_1_17' title="bbox 417 1531 2072 1613">
    <p class='ocr_par' dir='ltr' id='par_1_17' title="bbox 417 1531 2072 1613">
     <span class='ocr_line' id='line_1_17' title="bbox 417 1531 2072 1613; baseline -0.001 -19"><span class='ocrx_word' id='word_1_97' title='bbox 417 1531 698 1610; x_wconf 82' lang='lat' dir='ltr'><strong>ingredi;</strong></span> <span class='ocrx_word' id='word_1_98' title='bbox 749 1550 949 1613; x_wconf 90' lang='lat' dir='ltr'><strong>neque</strong></span> <span class='ocrx_word' id='word_1_99' title='bbox 1005 1533 1091 1594; x_wconf 89' lang='lat' dir='ltr'><strong>fas</strong></span> <span class='ocrx_word' id='word_1_100' title='bbox 1140 1541 1232 1595; x_wconf 90' lang='lat' dir='ltr'><strong>est</strong></span> <span class='ocrx_word' id='word_1_101' title='bbox 1281 1550 1385 1593; x_wconf 91' lang='lat' dir='ltr'><strong>eos</strong></span> <span class='ocrx_word' id='word_1_102' title='bbox 1433 1531 1509 1593; x_wconf 88' lang='lat' dir='ltr'><strong>ab</strong></span> <span class='ocrx_word' id='word_1_103' title='bbox 1547 1532 1663 1592; x_wconf 79' lang='lat' dir='ltr'><strong>ulla</strong></span> <span class='ocrx_word' id='word_1_104' title='bbox 1696 1532 1880 1612; x_wconf 83' lang='lat' dir='ltr'><strong>aSpici</strong></span> <span class='ocrx_word' id='word_1_105' title='bbox 1948 1552 2072 1593; x_wconf 87' lang='lat' dir='ltr'><strong>mu-</strong></span> 
     </span>
    </p>
   </div>
   <div class='ocr_carea' id='block_1_18' title="bbox 418 1620 2068 1702">
    <p class='ocr_par' dir='ltr' id='par_1_18' title="bbox 418 1620 2068 1702">
     <span class='ocr_line' id='line_1_18' title="bbox 418 1620 2068 1702; baseline 0 -19"><span class='ocrx_word' id='word_1_106' title='bbox 418 1621 593 1686; x_wconf 88' lang='lat' dir='ltr'><strong>liere.</strong></span> <span class='ocrx_word' id='word_1_107' title='bbox 626 1620 745 1685; x_wconf 90' lang='lat' dir='ltr'><strong>Sed</strong></span> <span class='ocrx_word' id='word_1_108' title='bbox 773 1639 878 1683; x_wconf 85' lang='lat' dir='ltr'><strong>vos</strong></span> <span class='ocrx_word' id='word_1_109' title='bbox 912 1621 1025 1684; x_wconf 91' lang='lat' dir='ltr'><strong>mei</strong></span> <span class='ocrx_word' id='word_1_110' title='bbox 1061 1622 1270 1702; x_wconf 86' lang='lat' dir='ltr'><strong>capitis</strong></span> <span class='ocrx_word' id='word_1_111' title='bbox 1299 1640 1528 1683; x_wconf 85' lang='lat' dir='ltr'><strong>comam</strong></span> <span class='ocrx_word' id='word_1_112' title='bbox 1563 1622 1832 1696; x_wconf 88' lang='lat' dir='ltr'><strong>tondete,</strong></span> <span class='ocrx_word' id='word_1_113' title='bbox 1870 1630 1928 1682; x_wconf 92' lang='lat' dir='ltr'><strong>et</strong></span> <span class='ocrx_word' id='word_1_114' title='bbox 1960 1622 2068 1683; x_wconf 85' lang='lat' dir='ltr'><strong>hos</strong></span> 
     </span>
    </p>
   </div>
   <div class='ocr_carea' id='block_1_19' title="bbox 423 1710 2069 1788">
    <p class='ocr_par' dir='ltr' id='par_1_19' title="bbox 423 1710 2069 1788">
     <span class='ocr_line' id='line_1_19' title="bbox 423 1710 2069 1788; baseline 0 -15"><span class='ocrx_word' id='word_1_115' title='bbox 423 1711 622 1773; x_wconf 91' lang='lat' dir='ltr'><strong>crines</strong></span> <span class='ocrx_word' id='word_1_116' title='bbox 668 1710 919 1788; x_wconf 85' lang='lat' dir='ltr'><strong>auferte,</strong></span> <span class='ocrx_word' id='word_1_117' title='bbox 981 1718 1040 1772; x_wconf 90' lang='lat' dir='ltr'><strong>et</strong></span> <span class='ocrx_word' id='word_1_118' title='bbox 1095 1710 1249 1772; x_wconf 83' lang='lat' dir='ltr'><strong>virili</strong></span> <span class='ocrx_word' id='word_1_119' title='bbox 1310 1729 1404 1772; x_wconf 92' lang='lat' dir='ltr'><strong>me</strong></span> <span class='ocrx_word' id='word_1_120' title='bbox 1470 1721 1631 1771; x_wconf 87' lang='lat' dir='ltr'><strong>veste</strong></span> <span class='ocrx_word' id='word_1_121' title='bbox 1691 1711 1950 1785; x_wconf 79' lang='lat' dir='ltr'><strong>induite,</strong></span> <span class='ocrx_word' id='word_1_122' title='bbox 2012 1720 2069 1773; x_wconf 89' lang='lat' dir='ltr'><strong>et</strong></span> 
     </span>
    </p>
   </div>
   <div class='ocr_carea' id='block_1_20' title="bbox 2152 546 3796 628">
    <p class='ocr_par' dir='ltr' id='par_1_20' title="bbox 2152 546 3796 628">
     <span class='ocr_line' id='line_1_20' title="bbox 2152 546 3796 628; baseline 0.003 -30"><span class='ocrx_word' id='word_1_123' title='bbox 2152 567 2235 599; x_wconf 90' lang='grc' dir='ltr'><strong>ναι</strong></span> <span class='ocrx_word' id='word_1_124' title='bbox 2294 548 2381 601; x_wconf 80' lang='grc' dir='ltr'><strong>καὶ</strong></span> <span class='ocrx_word' id='word_1_125' title='bbox 2429 547 2523 613; x_wconf 73' lang='grc' dir='ltr'>τῆς</span> <span class='ocrx_word' id='word_1_126' title='bbox 2584 546 2812 626; x_wconf 62' lang='grc' dir='ltr'>μάνδραις</span> <span class='ocrx_word' id='word_1_127' title='bbox 2862 547 3261 626; x_wconf 72' lang='grc' dir='ltr'><strong>ἐγχειρισθῆναι</strong></span> <span class='ocrx_word' id='word_1_128' title='bbox 3321 548 3418 614; x_wconf 78' lang='grc' dir='ltr'><strong>τὴν</strong></span> <span class='ocrx_word' id='word_1_129' title='bbox 3454 549 3796 628; x_wconf 83' lang='grc' dir='ltr'>προστασίαν,</span> 
     </span>
    </p>
   </div>
   <div class='ocr_carea' id='block_1_21' title="bbox 2153 634 3798 715">
    <p class='ocr_par' dir='ltr' id='par_1_21' title="bbox 2153 634 3798 715">
     <span class='ocr_line' id='line_1_21' title="bbox 2153 634 3798 715; baseline 0.004 -28"><span class='ocrx_word' id='word_1_130' title='bbox 2153 634 2209 687; x_wconf 82' lang='grc' dir='ltr'>ὃν</span> <span class='ocrx_word' id='word_1_131' title='bbox 2269 634 2405 690; x_wconf 75' lang='grc' dir='ltr'>οὕτω</span> <span class='ocrx_word' id='word_1_132' title='bbox 2462 635 2525 703; x_wconf 75' lang='grc' dir='ltr'><strong>δὴ</strong></span> <span class='ocrx_word' id='word_1_133' title='bbox 2598 635 2891 715; x_wconf 76' lang='grc' dir='ltr'>φιλαρέτως</span> <span class='ocrx_word' id='word_1_134' title='bbox 2956 643 3045 691; x_wconf 80' lang='grc' dir='ltr'>τοῦ</span> <span class='ocrx_word' id='word_1_135' title='bbox 3092 636 3337 710; x_wconf 76' lang='grc' dir='ltr'>ποιμνίου</span> <span class='ocrx_word' id='word_1_136' title='bbox 3397 642 3692 714; x_wconf 74' lang='grc' dir='ltr'>προστῆναι</span> <span class='ocrx_word' id='word_1_137' title='bbox 3727 641 3798 701; x_wconf 80' lang='grc' dir='ltr'>εἷς</span> 
     </span>
    </p>
   </div>
   <div class='ocr_carea' id='block_1_22' title="bbox 2155 721 3798 803">
    <p class='ocr_par' dir='ltr' id='par_1_22' title="bbox 2155 721 3798 803">
     <span class='ocr_line' id='line_1_22' title="bbox 2155 721 3798 803; baseline 0.003 -27"><span class='ocrx_word' id='word_1_138' title='bbox 2155 721 2306 778; x_wconf 75' lang='grc' dir='ltr'>τοῦτο</span> <span class='ocrx_word' id='word_1_139' title='bbox 2350 744 2407 778; x_wconf 83' lang='grc' dir='ltr'><strong>τε</strong></span> <span class='ocrx_word' id='word_1_140' title='bbox 2451 722 2707 796; x_wconf 67' lang='grc' dir='ltr'>προϐῆναι</span> <span class='ocrx_word' id='word_1_141' title='bbox 2760 729 2946 791; x_wconf 81' lang='grc' dir='ltr'>θεϊκῆς</span> <span class='ocrx_word' id='word_1_142' title='bbox 2975 724 3192 803; x_wconf 66' lang='grc' dir='ltr'>χάριτος</span> <span class='ocrx_word' id='word_1_143' title='bbox 3230 725 3303 786; x_wconf 83' lang='grc' dir='ltr'>ὡς</span> <span class='ocrx_word' id='word_1_144' title='bbox 3362 725 3448 778; x_wconf 78' lang='grc' dir='ltr'><strong>καὶ</strong></span> <span class='ocrx_word' id='word_1_145' title='bbox 3507 724 3798 799; x_wconf 85' lang='grc' dir='ltr'>δαιμονῶσι</span> 
     </span>
    </p>
   </div>
   <div class='ocr_carea' id='block_1_23' title="bbox 2152 812 3800 892">
    <p class='ocr_par' dir='ltr' id='par_1_23' title="bbox 2152 812 3800 892">
     <span class='ocr_line' id='line_1_23' title="bbox 2152 812 3800 892; baseline 0.002 -25"><span class='ocrx_word' id='word_1_146' title='bbox 2152 812 2240 867; x_wconf 84' lang='grc' dir='ltr'><strong>καὶ</strong></span> <span class='ocrx_word' id='word_1_147' title='bbox 2296 812 2567 871; x_wconf 73' lang='grc' dir='ltr'>ἀσθενοῦσι</span> <span class='ocrx_word' id='word_1_148' title='bbox 2624 828 2741 876; x_wconf 70' lang='grc' dir='ltr'>τοῖς</span> <span class='ocrx_word' id='word_1_149' title='bbox 2787 814 2883 888; x_wconf 78' lang='grc' dir='ltr'>μὲν</span> <span class='ocrx_word' id='word_1_150' title='bbox 2924 816 2987 868; x_wconf 80' lang='grc' dir='ltr'>τὸ</span> <span class='ocrx_word' id='word_1_151' title='bbox 3041 812 3298 892; x_wconf 66' lang='grc' dir='ltr'>ἑνοχλοῧν</span> <span class='ocrx_word' id='word_1_152' title='bbox 3329 824 3557 888; x_wconf 73' lang='grc' dir='ltr'>πνεῦμα,</span> <span class='ocrx_word' id='word_1_153' title='bbox 3591 828 3712 879; x_wconf 77' lang='grc' dir='ltr'>τοῖς</span> <span class='ocrx_word' id='word_1_154' title='bbox 3745 814 3800 870; x_wconf 73' lang='grc' dir='ltr'><strong>δὲ</strong></span> 
     </span>
    </p>
   </div>
   <div class='ocr_carea' id='block_1_24' title="bbox 2150 901 3799 983">
    <p class='ocr_par' dir='ltr' id='par_1_24' title="bbox 2150 901 3799 983">
     <span class='ocr_line' id='line_1_24' title="bbox 2150 901 3799 983; baseline 0.002 -27"><span class='ocrx_word' id='word_1_155' title='bbox 2150 902 2248 966; x_wconf 70' lang='grc' dir='ltr'><strong>τὴν</strong></span> <span class='ocrx_word' id='word_1_156' title='bbox 2306 901 2457 957; x_wconf 72' lang='grc' dir='ltr'>νόσον</span> <span class='ocrx_word' id='word_1_157' title='bbox 2514 908 2748 983; x_wconf 35' lang='lat' dir='ltr'><strong>citasti);</strong></span> <span class='ocrx_word' id='word_1_158' title='bbox 2781 904 3119 975; x_wconf 67' lang='grc' dir='ltr'><strong>ἀπελαύνειν,</strong></span> <span class='ocrx_word' id='word_1_159' title='bbox 3156 907 3213 960; x_wconf 63' lang='grc' dir='ltr'><strong>οὔ</strong></span> <span class='ocrx_word' id='word_1_160' title='bbox 3267 902 3365 974; x_wconf 72' lang='grc' dir='ltr'>μὲν</span> <span class='ocrx_word' id='word_1_161' title='bbox 3416 902 3550 958; x_wconf 70' lang='grc' dir='ltr'>ἀλλὰ</span> <span class='ocrx_word' id='word_1_162' title='bbox 3585 906 3673 960; x_wconf 86' lang='grc' dir='ltr'><strong>καὶ</strong></span> <span class='ocrx_word' id='word_1_163' title='bbox 3703 926 3799 960; x_wconf 88' lang='grc' dir='ltr'>τυ-</span> 
     </span>
    </p>
   </div>
   <div class='ocr_carea' id='block_1_25' title="bbox 2151 987 3795 1070">
    <p class='ocr_par' dir='ltr' id='par_1_25' title="bbox 2151 987 3795 1070">
     <span class='ocr_line' id='line_1_25' title="bbox 2151 987 3795 1070; baseline 0.002 -26"><span class='ocrx_word' id='word_1_164' title='bbox 2151 987 2309 1067; x_wconf 74' lang='grc' dir='ltr'>φλοῖς</span> <span class='ocrx_word' id='word_1_165' title='bbox 2354 989 2556 1064; x_wconf 70' lang='grc' dir='ltr'>ἅμμασι</span> <span class='ocrx_word' id='word_1_166' title='bbox 2620 994 2707 1047; x_wconf 79' lang='grc' dir='ltr'><strong>τὸν</strong></span> <span class='ocrx_word' id='word_1_167' title='bbox 2750 993 3074 1065; x_wconf 76' lang='grc' dir='ltr'>ποθούμενον</span> <span class='ocrx_word' id='word_1_168' title='bbox 3128 990 3281 1057; x_wconf 71' lang='grc' dir='ltr'>ἥλιον</span> <span class='ocrx_word' id='word_1_169' title='bbox 3332 990 3589 1070; x_wconf 65' lang='grc' dir='ltr'>παρέχειν</span> <span class='ocrx_word' id='word_1_170' title='bbox 3649 995 3795 1068; x_wconf 78' lang='grc' dir='ltr'>ὁρᾷν,</span> 
     </span>
    </p>
   </div>
   <div class='ocr_carea' id='block_1_26' title="bbox 2149 1079 3801 1160">
    <p class='ocr_par' dir='ltr' id='par_1_26' title="bbox 2149 1079 3801 1160">
     <span class='ocr_line' id='line_1_26' title="bbox 2149 1079 3801 1160; baseline 0.001 -26"><span class='ocrx_word' id='word_1_171' title='bbox 2149 1081 2236 1136; x_wconf 79' lang='grc' dir='ltr'><strong>καὶ</strong></span> <span class='ocrx_word' id='word_1_172' title='bbox 2288 1093 2401 1145; x_wconf 72' lang='grc' dir='ltr'>τοῖς</span> <span class='ocrx_word' id='word_1_173' title='bbox 2461 1081 2548 1136; x_wconf 70' lang='grc' dir='ltr'><strong>ὕπ’</strong></span> <span class='ocrx_word' id='word_1_174' title='bbox 2610 1083 2765 1140; x_wconf 66' lang='grc' dir='ltr'>αὐτον</span> <span class='ocrx_word' id='word_1_175' title='bbox 2824 1081 2877 1136; x_wconf 79' lang='grc' dir='ltr'><strong>δὲ</strong></span> <span class='ocrx_word' id='word_1_176' title='bbox 2938 1095 3207 1160; x_wconf 65' lang='grc' dir='ltr'>μοναχοῒς</span> <span class='ocrx_word' id='word_1_177' title='bbox 3256 1079 3391 1135; x_wconf 63' lang='grc' dir='ltr'>οὕτω</span> <span class='ocrx_word' id='word_1_178' title='bbox 3434 1085 3530 1147; x_wconf 75' lang='grc' dir='ltr'>τὴν</span> <span class='ocrx_word' id='word_1_179' title='bbox 3578 1079 3801 1146; x_wconf 65' lang='grc' dir='ltr'>ἄσκησιν</span> 
     </span>
    </p>
   </div>
   <div class='ocr_carea' id='block_1_27' title="bbox 2157 1167 3800 1249">
    <p class='ocr_par' dir='ltr' id='par_1_27' title="bbox 2157 1167 3800 1249">
     <span class='ocr_line' id='line_1_27' title="bbox 2157 1167 3800 1249; baseline 0.001 -25"><span class='ocrx_word' id='word_1_180' title='bbox 2157 1167 2435 1225; x_wconf 75' lang='grc' dir='ltr'>ἐπιτείνειν</span> <span class='ocrx_word' id='word_1_181' title='bbox 2479 1174 2547 1230; x_wconf 76' lang='grc' dir='ltr'>ὡς</span> <span class='ocrx_word' id='word_1_182' title='bbox 2611 1179 2798 1249; x_wconf 77' lang='grc' dir='ltr'>μικροῦ</span> <span class='ocrx_word' id='word_1_183' title='bbox 2833 1168 2997 1245; x_wconf 73' lang='grc' dir='ltr'>μηδὲν</span> <span class='ocrx_word' id='word_1_184' title='bbox 3060 1173 3245 1236; x_wconf 69' lang='grc' dir='ltr'>αὖτοὺς</span> <span class='ocrx_word' id='word_1_185' title='bbox 3304 1170 3612 1226; x_wconf 63' lang='grc' dir='ltr'>ἀπολείπειν</span> <span class='ocrx_word' id='word_1_186' title='bbox 3645 1169 3800 1246; x_wconf 79' lang='grc' dir='ltr'>μέρος</span> 
     </span>
    </p>
   </div>
   <div class='ocr_carea' id='block_1_28' title="bbox 2155 1258 3799 1339">
    <p class='ocr_par' dir='ltr' id='par_1_28' title="bbox 2155 1258 3799 1339">
     <span class='ocr_line' id='line_1_28' title="bbox 2155 1258 3799 1339; baseline 0 -26"><span class='ocrx_word' id='word_1_187' title='bbox 2155 1258 2355 1335; x_wconf 78' lang='grc' dir='ltr'>ἡμέρας</span> <span class='ocrx_word' id='word_1_188' title='bbox 2388 1282 2443 1314; x_wconf 87' lang='grc' dir='ltr'><strong>τε</strong></span> <span class='ocrx_word' id='word_1_189' title='bbox 2472 1261 2558 1315; x_wconf 79' lang='grc' dir='ltr'><strong>καὶ</strong></span> <span class='ocrx_word' id='word_1_190' title='bbox 2590 1263 2777 1323; x_wconf 69' lang='grc' dir='ltr'>νυκτὸς</span> <span class='ocrx_word' id='word_1_191' title='bbox 2819 1260 2846 1315; x_wconf 80' lang='grc' dir='ltr'>ὅ</span> <span class='ocrx_word' id='word_1_192' title='bbox 2878 1262 2954 1332; x_wconf 74' lang='grc' dir='ltr'>μὴ</span> <span class='ocrx_word' id='word_1_193' title='bbox 3012 1264 3205 1339; x_wconf 69' lang='grc' dir='ltr'>εὐχαῖς</span> <span class='ocrx_word' id='word_1_194' title='bbox 3253 1263 3339 1315; x_wconf 80' lang='grc' dir='ltr'><strong>καὶ</strong></span> <span class='ocrx_word' id='word_1_195' title='bbox 3395 1258 3560 1333; x_wconf 67' lang='grc' dir='ltr'>ᾠδα”ς</span> <span class='ocrx_word' id='word_1_196' title='bbox 3621 1260 3799 1314; x_wconf 73' lang='grc' dir='ltr'>ἀπαύ-</span> 
     </span>
    </p>
   </div>
   <div class='ocr_carea' id='block_1_29' title="bbox 2156 1348 3795 1427">
    <p class='ocr_par' dir='ltr' id='par_1_29' title="bbox 2156 1348 3795 1427">
     <span class='ocr_line' id='line_1_29' title="bbox 2156 1348 3795 1427; baseline 0.001 -24"><span class='ocrx_word' id='word_1_197' title='bbox 2156 1370 2300 1411; x_wconf 90' lang='grc' dir='ltr'>στοις</span> <span class='ocrx_word' id='word_1_198' title='bbox 2360 1348 2675 1416; x_wconf 78' lang='grc' dir='ltr'>ἀναλωθείη.</span> <span class='ocrx_word' id='word_1_199' title='bbox 2750 1353 2957 1408; x_wconf 76' lang='grc' dir='ltr'>Τούτων</span> <span class='ocrx_word' id='word_1_200' title='bbox 3008 1351 3258 1407; x_wconf 70' lang='grc' dir='ltr'>οὖδέποτε</span> <span class='ocrx_word' id='word_1_201' title='bbox 3318 1348 3514 1427; x_wconf 76' lang='grc' dir='ltr'>γυναιξὶ</span> <span class='ocrx_word' id='word_1_202' title='bbox 3570 1350 3795 1424; x_wconf 75' lang='grc' dir='ltr'>βάσιμος</span> 
     </span>
    </p>
   </div>
   <div class='ocr_carea' id='block_1_30' title="bbox 2152 1438 3791 1517">
    <p class='ocr_par' dir='ltr' id='par_1_30' title="bbox 2152 1438 3791 1517">
     <span class='ocr_line' id='line_1_30' title="bbox 2152 1438 3791 1517; baseline 0.002 -26"><span class='ocrx_word' id='word_1_203' title='bbox 2152 1438 2187 1504; x_wconf 75' lang='grc' dir='ltr'><strong>ἡ</strong></span> <span class='ocrx_word' id='word_1_204' title='bbox 2258 1439 2424 1516; x_wconf 67' lang='grc' dir='ltr'>μονὴ,</span> <span class='ocrx_word' id='word_1_205' title='bbox 2485 1438 2600 1495; x_wconf 69' lang='grc' dir='ltr'>οῧτε</span> <span class='ocrx_word' id='word_1_206' title='bbox 2672 1439 2892 1517; x_wconf 53' lang='grc' dir='ltr'>ὀφθῆναι</span> <span class='ocrx_word' id='word_1_207' title='bbox 2962 1453 3189 1517; x_wconf 79' lang='grc' dir='ltr'>γυναῖκα</span> <span class='ocrx_word' id='word_1_208' title='bbox 3266 1440 3478 1511; x_wconf 70' lang='grc' dir='ltr'>θεμιτὸν</span> <span class='ocrx_word' id='word_1_209' title='bbox 3553 1438 3791 1499; x_wconf 78' lang='grc' dir='ltr'>ἐκείνοις.</span> 
     </span>
    </p>
   </div>
   <div class='ocr_carea' id='block_1_31' title="bbox 2153 1526 3796 1606">
    <p class='ocr_par' dir='ltr' id='par_1_31' title="bbox 2153 1526 3796 1606">
     <span class='ocr_line' id='line_1_31' title="bbox 2153 1526 3796 1606; baseline 0.001 -24"><span class='ocrx_word' id='word_1_210' title='bbox 2153 1527 2345 1602; x_wconf 76' lang='grc' dir='ltr'>Ὑμεῖς</span> <span class='ocrx_word' id='word_1_211' title='bbox 2377 1526 2430 1582; x_wconf 71' lang='grc' dir='ltr'><strong>δὲ</strong></span> <span class='ocrx_word' id='word_1_212' title='bbox 2461 1527 2597 1584; x_wconf 78' lang='grc' dir='ltr'>ἀλλὰ</span> <span class='ocrx_word' id='word_1_213' title='bbox 2626 1534 2722 1596; x_wconf 83' lang='grc' dir='ltr'><strong>την</strong></span> <span class='ocrx_word' id='word_1_214' title='bbox 2754 1531 2930 1604; x_wconf 83' lang='grc' dir='ltr'>κόμην</span> <span class='ocrx_word' id='word_1_215' title='bbox 2987 1537 3109 1606; x_wconf 77' lang='grc' dir='ltr'>γοῦν</span> <span class='ocrx_word' id='word_1_216' title='bbox 3157 1534 3253 1595; x_wconf 74' lang='grc' dir='ltr'>τῆς</span> <span class='ocrx_word' id='word_1_217' title='bbox 3306 1528 3540 1606; x_wconf 66' lang='grc' dir='ltr'>κεφαλῆς</span> <span class='ocrx_word' id='word_1_218' title='bbox 3574 1529 3796 1584; x_wconf 66' lang='grc' dir='ltr'>ἀποκεί-</span> 
     </span>
    </p>
   </div>
   <div class='ocr_carea' id='block_1_32' title="bbox 2153 1617 3798 1698">
    <p class='ocr_par' dir='ltr' id='par_1_32' title="bbox 2153 1617 3798 1698">
     <span class='ocr_line' id='line_1_32' title="bbox 2153 1617 3798 1698; baseline 0.001 -26"><span class='ocrx_word' id='word_1_219' title='bbox 2153 1638 2276 1695; x_wconf 87' lang='grc' dir='ltr'>ρατε</span> <span class='ocrx_word' id='word_1_220' title='bbox 2321 1620 2418 1683; x_wconf 76' lang='grc' dir='ltr'>τῆς</span> <span class='ocrx_word' id='word_1_221' title='bbox 2478 1618 2638 1698; x_wconf 64' lang='grc' dir='ltr'>ἐμῆς,</span> <span class='ocrx_word' id='word_1_222' title='bbox 2701 1624 2785 1674; x_wconf 84' lang='grc' dir='ltr'><strong>καὶ</strong></span> <span class='ocrx_word' id='word_1_223' title='bbox 2845 1618 3150 1680; x_wconf 67' lang='grc' dir='ltr'>πλοκάμους</span> <span class='ocrx_word' id='word_1_224' title='bbox 3217 1617 3278 1684; x_wconf 71' lang='grc' dir='ltr'><strong>δὴ</strong></span> <span class='ocrx_word' id='word_1_225' title='bbox 3339 1618 3607 1695; x_wconf 74' lang='grc' dir='ltr'>περιέλετε</span> <span class='ocrx_word' id='word_1_226' title='bbox 3670 1618 3798 1674; x_wconf 71' lang='grc' dir='ltr'>τού-</span> 
     </span>
    </p>
   </div>
   <div class='ocr_carea' id='block_1_33' title="bbox 2150 1706 3799 1787">
    <p class='ocr_par' dir='ltr' id='par_1_33' title="bbox 2150 1706 3799 1787">
     <span class='ocr_line' id='line_1_33' title="bbox 2150 1706 3799 1787; baseline -0.001 -26"><span class='ocrx_word' id='word_1_227' title='bbox 2150 1727 2293 1779; x_wconf 85' lang='grc' dir='ltr'>τους,</span> <span class='ocrx_word' id='word_1_228' title='bbox 2355 1706 2538 1764; x_wconf 78' lang='grc' dir='ltr'>ἕπειτα</span> <span class='ocrx_word' id='word_1_229' title='bbox 2591 1711 2683 1763; x_wconf 83' lang='grc' dir='ltr'><strong>καί</strong></span> <span class='ocrx_word' id='word_1_230' title='bbox 2757 1706 3005 1784; x_wconf 62' lang='grc' dir='ltr'>ἀνδρικήν</span> <span class='ocrx_word' id='word_1_231' title='bbox 3065 1732 3153 1782; x_wconf 86' lang='grc' dir='ltr'><strong>μοι</strong></span> <span class='ocrx_word' id='word_1_232' title='bbox 3218 1709 3517 1785; x_wconf 71' lang='grc' dir='ltr'>περιθέντες</span> <span class='ocrx_word' id='word_1_233' title='bbox 3579 1707 3799 1787; x_wconf 75' lang='grc' dir='ltr'>στολὴν,</span> 
     </span>
    </p>
   </div>
   <div class='ocr_carea' id='block_1_34' title="bbox 421 1795 2067 1879">
    <p class='ocr_par' dir='ltr' id='par_1_34' title="bbox 421 1799 2066 1879">
     <span class='ocr_line' id='line_1_34' title="bbox 421 1799 2066 1879; baseline -0.002 -15"><span class='ocrx_word' id='word_1_234' title='bbox 421 1808 602 1863; x_wconf 87' lang='lat' dir='ltr'><strong>noctu</strong></span> <span class='ocrx_word' id='word_1_235' title='bbox 626 1799 695 1861; x_wconf 88' lang='lat' dir='ltr'><strong>ad</strong></span> <span class='ocrx_word' id='word_1_236' title='bbox 724 1818 826 1861; x_wconf 89' lang='lat' dir='ltr'><strong>eos</strong></span> <span class='ocrx_word' id='word_1_237' title='bbox 848 1799 1068 1874; x_wconf 89' lang='lat' dir='ltr'><strong>ducite,</strong></span> <span class='ocrx_word' id='word_1_238' title='bbox 1099 1800 1271 1863; x_wconf 85' lang='lat' dir='ltr'><strong>vobis</strong></span> <span class='ocrx_word' id='word_1_239' title='bbox 1294 1799 1538 1877; x_wconf 91' lang='lat' dir='ltr'><strong>quidem</strong></span> <span class='ocrx_word' id='word_1_240' title='bbox 1587 1818 1680 1860; x_wconf 88' lang='lat' dir='ltr'><strong>me</strong></span> <span class='ocrx_word' id='word_1_241' title='bbox 1712 1819 1893 1879; x_wconf 89' lang='lat' dir='ltr'><strong>prope</strong></span> <span class='ocrx_word' id='word_1_242' title='bbox 1925 1818 2066 1862; x_wconf 80' lang='lat' dir='ltr'><strong>cor-</strong></span> 
     </span>
    </p>
   </div>
   <div class='ocr_carea' id='block_1_35' title="bbox 2156 1795 3807 1879">
    <p class='ocr_par' dir='ltr' id='par_1_35' title="bbox 2156 1795 3807 1876">
     <span class='ocr_line' id='line_1_35' title="bbox 2156 1795 3807 1876; baseline 0.001 -25"><span class='ocrx_word' id='word_1_243' title='bbox 2156 1798 2339 1859; x_wconf 79' lang='grc' dir='ltr'>νυκτὸς</span> <span class='ocrx_word' id='word_1_244' title='bbox 2375 1795 2601 1874; x_wconf 71' lang='grc' dir='ltr'>ἀγάγετε</span> <span class='ocrx_word' id='word_1_245' title='bbox 2648 1795 2771 1876; x_wconf 79' lang='grc' dir='ltr'>παρ’</span> <span class='ocrx_word' id='word_1_246' title='bbox 2831 1797 3040 1869; x_wconf 66' lang='grc' dir='ltr'>αὖτοὺς,</span> <span class='ocrx_word' id='word_1_247' title='bbox 3090 1800 3236 1871; x_wconf 74' lang='grc' dir='ltr'>ὑμων</span> <span class='ocrx_word' id='word_1_248' title='bbox 3290 1797 3385 1863; x_wconf 82' lang='grc' dir='ltr'>μὲν</span> <span class='ocrx_word' id='word_1_249' title='bbox 3445 1796 3669 1861; x_wconf 82' lang='grc' dir='ltr'>πλησίον</span> <span class='ocrx_word' id='word_1_250' title='bbox 3712 1804 3807 1853; x_wconf 77' lang='grc' dir='ltr'><strong>τοῦ</strong></span> 
     </span>
    </p>
   </div>
   <div class='ocr_carea' id='block_1_36' title="bbox 419 1889 2068 1970">
    <p class='ocr_par' dir='ltr' id='par_1_36' title="bbox 419 1889 2068 1970">
     <span class='ocr_line' id='line_1_36' title="bbox 419 1889 2068 1970; baseline -0.001 -17"><span class='ocrx_word' id='word_1_251' title='bbox 419 1907 553 1954; x_wconf 85' lang='lat' dir='ltr'><strong>rum</strong></span> <span class='ocrx_word' id='word_1_252' title='bbox 584 1890 996 1970; x_wconf 86' lang='lat' dir='ltr'><strong>sequentibus,</strong></span> <span class='ocrx_word' id='word_1_253' title='bbox 1052 1889 1301 1970; x_wconf 88' lang='lat' dir='ltr'><strong>reliquis</strong></span> <span class='ocrx_word' id='word_1_254' title='bbox 1350 1897 1549 1950; x_wconf 88' lang='lat' dir='ltr'><strong>autem</strong></span> <span class='ocrx_word' id='word_1_255' title='bbox 1604 1889 1838 1950; x_wconf 79' lang='lat' dir='ltr'><strong>famulis</strong></span> <span class='ocrx_word' id='word_1_256' title='bbox 1894 1890 2068 1951; x_wconf 91' lang='lat' dir='ltr'><strong>simul</strong></span> 
     </span>
    </p>
   </div>
   <div class='ocr_carea' id='block_1_37' title="bbox 418 1978 2070 2060">
    <p class='ocr_par' dir='ltr' id='par_1_37' title="bbox 418 1978 2070 2060">
     <span class='ocr_line' id='line_1_37' title="bbox 418 1978 2070 2060; baseline -0.001 -18"><span class='ocrx_word' id='word_1_257' title='bbox 418 1978 900 2060; x_wconf 74' lang='lat' dir='ltr'><strong>pmoedentibus</strong></span> <span class='ocrx_word' id='word_1_258' title='bbox 935 1986 993 2041; x_wconf 91' lang='lat' dir='ltr'><strong>et</strong></span> <span class='ocrx_word' id='word_1_259' title='bbox 1016 1978 1501 2060; x_wconf 87' lang='lat' dir='ltr'><strong>sequentibus,ut</strong></span> <span class='ocrx_word' id='word_1_260' title='bbox 1525 1979 1760 2059; x_wconf 83' lang='lat' dir='ltr'><strong>quando</strong></span> <span class='ocrx_word' id='word_1_261' title='bbox 1783 1979 2070 2041; x_wconf 88' lang='lat' dir='ltr'><strong>fuerimus</strong></span> 
     </span>
    </p>
   </div>
   <div class='ocr_carea' id='block_1_38' title="bbox 418 2065 2064 2149">
    <p class='ocr_par' dir='ltr' id='par_1_38' title="bbox 418 2065 2064 2149">
     <span class='ocr_line' id='line_1_38' title="bbox 418 2065 2064 2149; baseline 0.001 -21"><span class='ocrx_word' id='word_1_262' title='bbox 418 2067 481 2128; x_wconf 88' lang='lat' dir='ltr'><strong>in</strong></span> <span class='ocrx_word' id='word_1_263' title='bbox 512 2067 642 2149; x_wconf 90' lang='lat' dir='ltr'><strong>ipso</strong></span> <span class='ocrx_word' id='word_1_264' title='bbox 666 2065 820 2142; x_wconf 91' lang='lat' dir='ltr'><strong>loco,</strong></span> <span class='ocrx_word' id='word_1_265' title='bbox 849 2068 982 2147; x_wconf 88' lang='lat' dir='ltr'><strong>ejus</strong></span> <span class='ocrx_word' id='word_1_266' title='bbox 999 2068 1155 2148; x_wconf 89' lang='lat' dir='ltr'><strong>quod</strong></span> <span class='ocrx_word' id='word_1_267' title='bbox 1180 2066 1396 2129; x_wconf 89' lang='lat' dir='ltr'><strong>factum</strong></span> <span class='ocrx_word' id='word_1_268' title='bbox 1423 2075 1534 2147; x_wconf 88' lang='lat' dir='ltr'><strong>est,</strong></span> <span class='ocrx_word' id='word_1_269' title='bbox 1563 2067 1788 2127; x_wconf 90' lang='lat' dir='ltr'><strong>nullum</strong></span> <span class='ocrx_word' id='word_1_270' title='bbox 1823 2086 2064 2129; x_wconf 90' lang='lat' dir='ltr'><strong>sensum</strong></span> 
     </span>
    </p>
   </div>
   <div class='ocr_carea' id='block_1_39' title="bbox 418 2155 2068 2237">
    <p class='ocr_par' dir='ltr' id='par_1_39' title="bbox 418 2155 2068 2237">
     <span class='ocr_line' id='line_1_39' title="bbox 418 2155 2068 2237; baseline 0 -18"><span class='ocrx_word' id='word_1_271' title='bbox 418 2156 663 2219; x_wconf 87' lang='lat' dir='ltr'><strong>omnino</strong></span> <span class='ocrx_word' id='word_1_272' title='bbox 687 2155 1081 2237; x_wconf 67' lang='lat' dir='ltr'><strong>prmbeamus.</strong></span> <span class='ocrx_word' id='word_1_273' title='bbox 1116 2156 1201 2218; x_wconf 88' lang='lat' dir='ltr'><strong>De</strong></span> <span class='ocrx_word' id='word_1_274' title='bbox 1228 2165 1443 2219; x_wconf 65' lang='lat' dir='ltr'><strong>caetero</strong></span> <span class='ocrx_word' id='word_1_275' title='bbox 1490 2156 1660 2218; x_wconf 88' lang='lat' dir='ltr'><strong>vobis</strong></span> <span class='ocrx_word' id='word_1_276' title='bbox 1680 2175 1838 2218; x_wconf 68' lang='lat' dir='ltr'><strong>cura:</strong></span> <span class='ocrx_word' id='word_1_277' title='bbox 1869 2159 1966 2233; x_wconf 92' lang='lat' dir='ltr'><strong>sit,</strong></span> <span class='ocrx_word' id='word_1_278' title='bbox 2006 2173 2068 2225; x_wconf 86' lang='grc' dir='ltr'><strong>ιιι</strong></span> 
     </span>
    </p>
   </div>
   <div class='ocr_carea' id='block_1_40' title="bbox 419 2244 2063 2328">
    <p class='ocr_par' dir='ltr' id='par_1_40' title="bbox 419 2244 2063 2328">
     <span class='ocr_line' id='line_1_40' title="bbox 419 2244 2063 2328; baseline 0 -20"><span class='ocrx_word' id='word_1_279' title='bbox 419 2265 553 2309; x_wconf 91' lang='lat' dir='ltr'><strong>cum</strong></span> <span class='ocrx_word' id='word_1_280' title='bbox 581 2256 779 2326; x_wconf 89' lang='lat' dir='ltr'><strong>portas</strong></span> <span class='ocrx_word' id='word_1_281' title='bbox 802 2246 1052 2326; x_wconf 86' lang='lat' dir='ltr'><strong>ingressi</strong></span> <span class='ocrx_word' id='word_1_282' title='bbox 1083 2244 1398 2327; x_wconf 84' lang='lat' dir='ltr'><strong>fuerimus,</strong></span> <span class='ocrx_word' id='word_1_283' title='bbox 1431 2246 1788 2328; x_wconf 87' lang='lat' dir='ltr'><strong>salutem,ut</strong></span> <span class='ocrx_word' id='word_1_284' title='bbox 1817 2264 1921 2328; x_wconf 89' lang='lat' dir='ltr'><strong>par</strong></span> <span class='ocrx_word' id='word_1_285' title='bbox 1953 2256 2063 2322; x_wconf 87' lang='lat' dir='ltr'><strong>est,</strong></span> 
     </span>
    </p>
   </div>
   <div class='ocr_carea' id='block_1_41' title="bbox 419 2335 843 2416">
    <p class='ocr_par' dir='ltr' id='par_1_41' title="bbox 419 2335 843 2416">
     <span class='ocr_line' id='line_1_41' title="bbox 419 2335 843 2416; baseline -0.005 -19"><span class='ocrx_word' id='word_1_286' title='bbox 419 2335 843 2416; x_wconf 86' lang='lat' dir='ltr'><strong>adipiscamur.</strong></span> 
     </span>
    </p>
   </div>
   <div class='ocr_carea' id='block_1_42' title="bbox 502 2421 2069 2504">
    <p class='ocr_par' dir='ltr' id='par_1_42' title="bbox 502 2421 2069 2504">
     <span class='ocr_line' id='line_1_42' title="bbox 502 2421 2069 2504; baseline 0.001 -18"><span class='ocrx_word' id='word_1_287' title='bbox 502 2421 598 2487; x_wconf 76' lang='lat' dir='ltr'><strong>VI.</strong></span> <span class='ocrx_word' id='word_1_288' title='bbox 632 2423 989 2487; x_wconf 86' lang='lat' dir='ltr'><strong>Placuerunt</strong></span> <span class='ocrx_word' id='word_1_289' title='bbox 1015 2425 1327 2499; x_wconf 84' lang='lat' dir='ltr'><strong>eunuchis,</strong></span> <span class='ocrx_word' id='word_1_290' title='bbox 1361 2445 1497 2504; x_wconf 90' lang='lat' dir='ltr'><strong>quae</strong></span> <span class='ocrx_word' id='word_1_291' title='bbox 1525 2426 1684 2488; x_wconf 88' lang='lat' dir='ltr'><strong>dicta</strong></span> <span class='ocrx_word' id='word_1_292' title='bbox 1715 2433 1874 2498; x_wconf 89' lang='lat' dir='ltr'><strong>sunt,</strong></span> <span class='ocrx_word' id='word_1_293' title='bbox 1911 2435 1969 2487; x_wconf 88' lang='lat' dir='ltr'><strong>et</strong></span> <span class='ocrx_word' id='word_1_294' title='bbox 1999 2444 2069 2487; x_wconf 90' lang='lat' dir='ltr'><strong>ea</strong></span> 
     </span>
    </p>
   </div>
   <div class='ocr_carea' id='block_1_43' title="bbox 419 2514 2061 2581">
    <p class='ocr_par' dir='ltr' id='par_1_43' title="bbox 419 2514 2061 2581">
     <span class='ocr_line' id='line_1_43' title="bbox 419 2514 2061 2581; baseline -0.001 -4"><span class='ocrx_word' id='word_1_295' title='bbox 419 2515 778 2577; x_wconf 88' lang='lat' dir='ltr'><strong>studuerunt</strong></span> <span class='ocrx_word' id='word_1_296' title='bbox 830 2514 904 2577; x_wconf 84' lang='lat' dir='ltr'><strong>ad</strong></span> <span class='ocrx_word' id='word_1_297' title='bbox 962 2515 1236 2581; x_wconf 81' lang='lat' dir='ltr'><strong>effectum</strong></span> <span class='ocrx_word' id='word_1_298' title='bbox 1289 2516 1616 2579; x_wconf 87' lang='lat' dir='ltr'><strong>deducere.</strong></span> <span class='ocrx_word' id='word_1_299' title='bbox 1646 2520 1831 2579; x_wconf 89' lang='lat' dir='ltr'><strong>Porro</strong></span> <span class='ocrx_word' id='word_1_300' title='bbox 1864 2523 2061 2577; x_wconf 89' lang='lat' dir='ltr'><strong>autem</strong></span> 
     </span>
    </p>
   </div>
   <div class='ocr_carea' id='block_1_44' title="bbox 419 2603 2061 2686">
    <p class='ocr_par' dir='ltr' id='par_1_44' title="bbox 419 2603 2061 2686">
     <span class='ocr_line' id='line_1_44' title="bbox 419 2603 2061 2686; baseline 0 -21"><span class='ocrx_word' id='word_1_301' title='bbox 419 2604 560 2667; x_wconf 82' lang='lat' dir='ltr'><strong>felix</strong></span> <span class='ocrx_word' id='word_1_302' title='bbox 584 2622 818 2686; x_wconf 89' lang='lat' dir='ltr'><strong>quoque</strong></span> <span class='ocrx_word' id='word_1_303' title='bbox 840 2604 1069 2683; x_wconf 85' lang='lat' dir='ltr'><strong>signum</strong></span> <span class='ocrx_word' id='word_1_304' title='bbox 1096 2614 1565 2684; x_wconf 88' lang='lat' dir='ltr'><strong>consequuntur.</strong></span> <span class='ocrx_word' id='word_1_305' title='bbox 1589 2603 1867 2667; x_wconf 86' lang='lat' dir='ltr'><strong>Nondum</strong></span> <span class='ocrx_word' id='word_1_306' title='bbox 1902 2605 2061 2666; x_wconf 89' lang='lat' dir='ltr'><strong>enim</strong></span> 
     </span>
    </p>
   </div>
   <div class='ocr_carea' id='block_1_45' title="bbox 2152 1885 3798 1967">
    <p class='ocr_par' dir='ltr' id='par_1_45' title="bbox 2152 1885 3798 1967">
     <span class='ocr_line' id='line_1_45' title="bbox 2152 1885 3798 1967; baseline 0.001 -25"><span class='ocrx_word' id='word_1_307' title='bbox 2152 1887 2436 1965; x_wconf 66' lang='grc' dir='ltr'>ὀχήματος</span> <span class='ocrx_word' id='word_1_308' title='bbox 2472 1887 2878 1967; x_wconf 68' lang='grc' dir='ltr'>παρεπομένων,</span> <span class='ocrx_word' id='word_1_309' title='bbox 2926 1894 3031 1943; x_wconf 83' lang='grc' dir='ltr'>τῶν</span> <span class='ocrx_word' id='word_1_310' title='bbox 3064 1886 3117 1942; x_wconf 71' lang='grc' dir='ltr'><strong>δὲ</strong></span> <span class='ocrx_word' id='word_1_311' title='bbox 3152 1887 3351 1943; x_wconf 79' lang='grc' dir='ltr'>λοιπῶν</span> <span class='ocrx_word' id='word_1_312' title='bbox 3411 1885 3610 1960; x_wconf 76' lang='grc' dir='ltr'>παίδων</span> <span class='ocrx_word' id='word_1_313' title='bbox 3655 1909 3798 1964; x_wconf 88' lang='grc' dir='ltr'>παρ-</span> 
     </span>
    </p>
   </div>
   <div class='ocr_carea' id='block_1_46' title="bbox 2152 1976 3798 2055">
    <p class='ocr_par' dir='ltr' id='par_1_46' title="bbox 2152 1976 3798 2055">
     <span class='ocr_line' id='line_1_46' title="bbox 2152 1976 3798 2055; baseline 0.001 -24"><span class='ocrx_word' id='word_1_314' title='bbox 2152 1977 2390 2054; x_wconf 81' lang='grc' dir='ltr'>αγόντων</span> <span class='ocrx_word' id='word_1_315' title='bbox 2448 1981 2580 2051; x_wconf 71' lang='grc' dir='ltr'>ὁμοῦ</span> <span class='ocrx_word' id='word_1_316' title='bbox 2639 1979 2737 2034; x_wconf 77' lang='grc' dir='ltr'>καῖ</span> <span class='ocrx_word' id='word_1_317' title='bbox 2780 1978 3119 2055; x_wconf 69' lang='grc' dir='ltr'>ἐφεπομένων</span> <span class='ocrx_word' id='word_1_318' title='bbox 3183 1976 3282 2049; x_wconf 75' lang='grc' dir='ltr'>’ίν’,</span> <span class='ocrx_word' id='word_1_319' title='bbox 3337 1976 3462 2033; x_wconf 76' lang='grc' dir='ltr'>ὅταν</span> <span class='ocrx_word' id='word_1_320' title='bbox 3511 1976 3606 2031; x_wconf 76' lang='grc' dir='ltr'>καὶ</span> <span class='ocrx_word' id='word_1_321' title='bbox 3672 1980 3798 2052; x_wconf 75' lang='grc' dir='ltr'>πρὸς</span> 
     </span>
    </p>
   </div>
   <div class='ocr_carea' id='block_1_47' title="bbox 2151 2066 3798 2145">
    <p class='ocr_par' dir='ltr' id='par_1_47' title="bbox 2151 2066 3798 2145">
     <span class='ocr_line' id='line_1_47' title="bbox 2151 2066 3798 2145; baseline 0 -24"><span class='ocrx_word' id='word_1_322' title='bbox 2151 2067 2293 2138; x_wconf 76' lang='grc' dir='ltr'>αὐτῷ</span> <span class='ocrx_word' id='word_1_323' title='bbox 2336 2066 2609 2144; x_wconf 75' lang='grc' dir='ltr'>γενώμεθα</span> <span class='ocrx_word' id='word_1_324' title='bbox 2641 2074 2715 2141; x_wconf 82' lang='grc' dir='ltr'>τῷ</span> <span class='ocrx_word' id='word_1_325' title='bbox 2772 2069 2919 2140; x_wconf 83' lang='grc' dir='ltr'>τόπῳ</span> <span class='ocrx_word' id='word_1_326' title='bbox 2952 2068 3199 2133; x_wconf 75' lang='grc' dir='ltr'>αἴσθησιν</span> <span class='ocrx_word' id='word_1_327' title='bbox 3259 2070 3438 2129; x_wconf 62' lang='grc' dir='ltr'>αὐτοῖς</span> <span class='ocrx_word' id='word_1_328' title='bbox 3502 2069 3559 2121; x_wconf 80' lang='grc' dir='ltr'><strong>τὸ</strong></span> <span class='ocrx_word' id='word_1_329' title='bbox 3619 2067 3798 2145; x_wconf 75' lang='grc' dir='ltr'>παρά-</span> 
     </span>
    </p>
   </div>
   <div class='ocr_carea' id='block_1_48' title="bbox 2151 2154 3800 2233">
    <p class='ocr_par' dir='ltr' id='par_1_48' title="bbox 2151 2154 3800 2233">
     <span class='ocr_line' id='line_1_48' title="bbox 2151 2154 3800 2233; baseline -0.001 -23"><span class='ocrx_word' id='word_1_330' title='bbox 2151 2178 2255 2211; x_wconf 89' lang='grc' dir='ltr'><strong>παν</strong></span> <span class='ocrx_word' id='word_1_331' title='bbox 2301 2154 2434 2230; x_wconf 77' lang='grc' dir='ltr'><strong>μηδέ</strong></span> <span class='ocrx_word' id='word_1_332' title='bbox 2480 2158 2604 2231; x_wconf 87' lang='grc' dir='ltr'>μίαν</span> <span class='ocrx_word' id='word_1_333' title='bbox 2671 2155 2845 2231; x_wconf 73' lang='grc' dir='ltr'>δῶμεν</span> <span class='ocrx_word' id='word_1_334' title='bbox 2904 2168 2995 2215; x_wconf 76' lang='grc' dir='ltr'>’τοὺ</span> <span class='ocrx_word' id='word_1_335' title='bbox 3051 2156 3449 2233; x_wconf 72' lang='grc' dir='ltr'>πεπραγμένου.</span> <span class='ocrx_word' id='word_1_336' title='bbox 3498 2158 3567 2213; x_wconf 87' lang='grc' dir='ltr'><strong>Τὸ</strong></span> <span class='ocrx_word' id='word_1_337' title='bbox 3610 2155 3800 2212; x_wconf 82' lang='grc' dir='ltr'>λοιπὸν</span> 
     </span>
    </p>
   </div>
   <div class='ocr_carea' id='block_1_49' title="bbox 2151 2244 3797 2323">
    <p class='ocr_par' dir='ltr' id='par_1_49' title="bbox 2151 2244 3797 2323">
     <span class='ocr_line' id='line_1_49' title="bbox 2151 2244 3797 2323; baseline 0.001 -23"><span class='ocrx_word' id='word_1_338' title='bbox 2151 2244 2314 2319; x_wconf 76' lang='grc' dir='ltr'>μέλον</span> <span class='ocrx_word' id='word_1_339' title='bbox 2344 2247 2472 2320; x_wconf 77' lang='grc' dir='ltr'>ὕμιν</span> <span class='ocrx_word' id='word_1_340' title='bbox 2504 2245 2638 2302; x_wconf 79' lang='grc' dir='ltr'>ἔστω</span> <span class='ocrx_word' id='word_1_341' title='bbox 2669 2247 2813 2310; x_wconf 67' lang='grc' dir='ltr'>ὅπως</span> <span class='ocrx_word' id='word_1_342' title='bbox 2848 2245 2952 2302; x_wconf 73' lang='grc' dir='ltr'>ἔσω</span> <span class='ocrx_word' id='word_1_343' title='bbox 3003 2253 3108 2301; x_wconf 84' lang='grc' dir='ltr'>τῶν</span> <span class='ocrx_word' id='word_1_344' title='bbox 3165 2249 3331 2323; x_wconf 64' lang='grc' dir='ltr'>θδρῶν</span> <span class='ocrx_word' id='word_1_345' title='bbox 3390 2246 3667 2323; x_wconf 81' lang='grc' dir='ltr'>γενόμενοι</span> <span class='ocrx_word' id='word_1_346' title='bbox 3698 2247 3797 2312; x_wconf 76' lang='grc' dir='ltr'>τῆς</span> 
     </span>
    </p>
   </div>
   <div class='ocr_carea' id='block_1_50' title="bbox 2151 2334 3243 2415">
    <p class='ocr_par' dir='ltr' id='par_1_50' title="bbox 2151 2334 3243 2415">
     <span class='ocr_line' id='line_1_50' title="bbox 2151 2334 3243 2415; baseline 0 -25"><span class='ocrx_word' id='word_1_347' title='bbox 2151 2336 2412 2415; x_wconf 62' lang='grc' dir='ltr'>σωτηρίας</span> <span class='ocrx_word' id='word_1_348' title='bbox 2443 2338 2515 2399; x_wconf 84' lang='grc' dir='ltr'>ὡς</span> <span class='ocrx_word' id='word_1_349' title='bbox 2549 2341 2817 2415; x_wconf 75' lang='grc' dir='ltr'>προσῆκον</span> <span class='ocrx_word' id='word_1_350' title='bbox 2847 2334 3243 2410; x_wconf 79' lang='grc' dir='ltr'>ἐπιλαϐώμεθα,</span> 
     </span>
    </p>
   </div>
   <div class='ocr_carea' id='block_1_51' title="bbox 2228 2408 3796 2503">
    <p class='ocr_par' dir='ltr' id='par_1_51' title="bbox 2228 2408 3796 2503">
     <span class='ocr_line' id='line_1_51' title="bbox 2228 2408 3796 2503; baseline -0.001 -20"><span class='ocrx_word' id='word_1_351' title='bbox 2228 2408 2336 2497; x_wconf 70' lang='grc' dir='ltr'>ς’ί.</span> <span class='ocrx_word' id='word_1_352' title='bbox 2387 2408 2738 2502; x_wconf 51' lang='grc' dir='ltr'>ηΗρεσέτοτς</span> <span class='ocrx_word' id='word_1_353' title='bbox 2795 2408 3189 2503; x_wconf 31' lang='grc' dir='ltr'>εὐνούχοις-τὰ</span> <span class='ocrx_word' id='word_1_354' title='bbox 3234 2422 3550 2503; x_wconf 66' lang='grc' dir='ltr'>λαληθέντα,</span> <span class='ocrx_word' id='word_1_355' title='bbox 3598 2425 3687 2480; x_wconf 85' lang='grc' dir='ltr'><strong>καὶ</strong></span> <span class='ocrx_word' id='word_1_356' title='bbox 3721 2426 3796 2489; x_wconf 83' lang='grc' dir='ltr'>εἰς</span> 
     </span>
    </p>
   </div>
   <div class='ocr_carea' id='block_1_52' title="bbox 2150 2510 3795 2593">
    <p class='ocr_par' dir='ltr' id='par_1_52' title="bbox 2150 2510 3795 2593">
     <span class='ocr_line' id='line_1_52' title="bbox 2150 2510 3795 2593; baseline 0.002 -26"><span class='ocrx_word' id='word_1_357' title='bbox 2150 2510 2302 2589; x_wconf 78' lang='grc' dir='ltr'>ἔργον</span> <span class='ocrx_word' id='word_1_358' title='bbox 2374 2513 2617 2571; x_wconf 66' lang='grc' dir='ltr'>ἔσπευδον</span> <span class='ocrx_word' id='word_1_359' title='bbox 2704 2522 2866 2572; x_wconf 85' lang='grc' dir='ltr'>ταῦτα</span> <span class='ocrx_word' id='word_1_360' title='bbox 2932 2527 3286 2593; x_wconf 69' lang='grc' dir='ltr'>προαγαγεῖν.</span> <span class='ocrx_word' id='word_1_361' title='bbox 3349 2514 3681 2593; x_wconf 69' lang='grc' dir='ltr'>Τυγχάνουσι</span> <span class='ocrx_word' id='word_1_362' title='bbox 3741 2514 3795 2572; x_wconf 78' lang='grc' dir='ltr'><strong>δέ</strong></span> 
     </span>
    </p>
   </div>
   <div class='ocr_carea' id='block_1_53' title="bbox 2148 2602 3793 2681">
    <p class='ocr_par' dir='ltr' id='par_1_53' title="bbox 2148 2602 3793 2681">
     <span class='ocr_line' id='line_1_53' title="bbox 2148 2602 3793 2681; baseline 0.002 -26"><span class='ocrx_word' id='word_1_363' title='bbox 2148 2603 2237 2656; x_wconf 83' lang='grc' dir='ltr'><strong>καί</strong></span> <span class='ocrx_word' id='word_1_364' title='bbox 2278 2624 2419 2665; x_wconf 79' lang='grc' dir='ltr'>τινος</span> <span class='ocrx_word' id='word_1_365' title='bbox 2466 2605 2629 2660; x_wconf 81' lang='grc' dir='ltr'>αἰσίου</span> <span class='ocrx_word' id='word_1_366' title='bbox 2684 2602 2971 2679; x_wconf 79' lang='grc' dir='ltr'>συμϐόλου.</span> <span class='ocrx_word' id='word_1_367' title='bbox 3022 2602 3182 2659; x_wconf 69' lang='grc' dir='ltr'>Οῧπω</span> <span class='ocrx_word' id='word_1_368' title='bbox 3235 2604 3331 2681; x_wconf 78' lang='grc' dir='ltr'><strong>γὰρ</strong></span> <span class='ocrx_word' id='word_1_369' title='bbox 3376 2602 3605 2665; x_wconf 62' lang='grc' dir='ltr'>ἔφθασαν</span> <span class='ocrx_word' id='word_1_370' title='bbox 3669 2605 3793 2659; x_wconf 76' lang='grc' dir='ltr'>ἑπι-</span> 
     </span>
    </p>
   </div>
   <div class='ocr_carea' id='block_1_54' title="bbox 420 2689 2067 2775">
    <p class='ocr_par' dir='ltr' id='par_1_54' title="bbox 420 2693 2067 2775">
     <span class='ocr_line' id='line_1_54' title="bbox 420 2693 2067 2775; baseline -0.001 -19"><span class='ocrx_word' id='word_1_371' title='bbox 420 2702 854 2775; x_wconf 82' lang='lat' dir='ltr'><strong>pervenerant,</strong></span> <span class='ocrx_word' id='word_1_372' title='bbox 890 2703 953 2755; x_wconf 91' lang='lat' dir='ltr'><strong>ut</strong></span> <span class='ocrx_word' id='word_1_373' title='bbox 1007 2693 1470 2772; x_wconf 82' lang='lat' dir='ltr'><strong>ingrederentur</strong></span> <span class='ocrx_word' id='word_1_374' title='bbox 1519 2694 1975 2768; x_wconf 87' lang='lat' dir='ltr'><strong>monasterium,</strong></span> <span class='ocrx_word' id='word_1_375' title='bbox 2010 2703 2067 2755; x_wconf 89' lang='lat' dir='ltr'><strong>et</strong></span> 
     </span>
    </p>
   </div>
   <div class='ocr_carea' id='block_1_55' title="bbox 2156 2689 3795 2775">
    <p class='ocr_par' dir='ltr' id='par_1_55' title="bbox 2156 2689 3795 2770">
     <span class='ocr_line' id='line_1_55' title="bbox 2156 2689 3795 2770; baseline 0.002 -24"><span class='ocrx_word' id='word_1_376' title='bbox 2156 2689 2304 2757; x_wconf 66' lang='grc' dir='ltr'>ϐῆναι</span> <span class='ocrx_word' id='word_1_377' title='bbox 2365 2690 2541 2758; x_wconf 81' lang='grc' dir='ltr'>καλῶς</span> <span class='ocrx_word' id='word_1_378' title='bbox 2599 2702 2691 2751; x_wconf 79' lang='grc' dir='ltr'><strong>τοῦ</strong></span> <span class='ocrx_word' id='word_1_379' title='bbox 2732 2692 3154 2770; x_wconf 74' lang='grc' dir='ltr'>φροντιστηρίου,</span> <span class='ocrx_word' id='word_1_380' title='bbox 3191 2695 3276 2749; x_wconf 80' lang='grc' dir='ltr'>καὶ</span> <span class='ocrx_word' id='word_1_381' title='bbox 3327 2695 3354 2748; x_wconf 83' lang='grc' dir='ltr'>ὁ</span> <span class='ocrx_word' id='word_1_382' title='bbox 3386 2691 3555 2770; x_wconf 83' lang='grc' dir='ltr'>μέγας</span> <span class='ocrx_word' id='word_1_383' title='bbox 3586 2695 3639 2747; x_wconf 73' lang='grc' dir='ltr'>ἒν</span> <span class='ocrx_word' id='word_1_384' title='bbox 3669 2695 3795 2749; x_wconf 73' lang='grc' dir='ltr'><strong>ιεπι-</strong></span> 
     </span>
    </p>
   </div>
   <div class='ocr_carea' id='block_1_56' title="bbox 418 2780 2067 2865">
    <p class='ocr_par' dir='ltr' id='par_1_56' title="bbox 418 2781 2059 2865">
     <span class='ocr_line' id='line_1_56' title="bbox 418 2781 2059 2865; baseline 0.001 -20"><span class='ocrx_word' id='word_1_385' title='bbox 418 2799 669 2861; x_wconf 85' lang='lat' dir='ltr'><strong>magnus</strong></span> <span class='ocrx_word' id='word_1_386' title='bbox 697 2784 854 2845; x_wconf 88' lang='lat' dir='ltr'><strong>inter</strong></span> <span class='ocrx_word' id='word_1_387' title='bbox 882 2783 1199 2865; x_wconf 88' lang='lat' dir='ltr'><strong>episcopos</strong></span> <span class='ocrx_word' id='word_1_388' title='bbox 1228 2781 1493 2846; x_wconf 87' lang='lat' dir='ltr'><strong>Helenus</strong></span> <span class='ocrx_word' id='word_1_389' title='bbox 1548 2784 1710 2847; x_wconf 91' lang='lat' dir='ltr'><strong>venit</strong></span> <span class='ocrx_word' id='word_1_390' title='bbox 1741 2803 1811 2846; x_wconf 83' lang='lat' dir='ltr'><strong>ex</strong></span> <span class='ocrx_word' id='word_1_391' title='bbox 1858 2784 2059 2847; x_wconf 82' lang='lat' dir='ltr'><strong>Helio-</strong></span> 
     </span>
    </p>
   </div>
   <div class='ocr_carea' id='block_1_57' title="bbox 2156 2780 3801 2865">
    <p class='ocr_par' dir='ltr' id='par_1_57' title="bbox 2156 2780 3801 2856">
     <span class='ocr_line' id='line_1_57' title="bbox 2156 2780 3801 2856; baseline 0.001 -19"><span class='ocrx_word' id='word_1_392' title='bbox 2156 2780 2366 2845; x_wconf 76' lang='grc' dir='ltr'>σκόποις</span> <span class='ocrx_word' id='word_1_393' title='bbox 2432 2780 2657 2845; x_wconf 54' lang='grc' dir='ltr'>τἘλενος</span> <span class='ocrx_word' id='word_1_394' title='bbox 2722 2780 2773 2847; x_wconf 81' lang='grc' dir='ltr'>ἐξ</span> <span class='ocrx_word' id='word_1_395' title='bbox 2834 2780 3229 2845; x_wconf 77' lang='grc' dir='ltr'>Ἡλιουπόλεως</span> <span class='ocrx_word' id='word_1_396' title='bbox 3286 2780 3384 2848; x_wconf 80' lang='grc' dir='ltr'><strong>ἧκε</strong></span> <span class='ocrx_word' id='word_1_397' title='bbox 3447 2782 3533 2836; x_wconf 87' lang='grc' dir='ltr'><strong>καὶ</strong></span> <span class='ocrx_word' id='word_1_398' title='bbox 3592 2782 3801 2856; x_wconf 63' lang='grc' dir='ltr'>σύναιμα</span> 
     </span>
    </p>
   </div>
   <div class='ocr_carea' id='block_1_58' title="bbox 419 2869 2067 2953">
    <p class='ocr_par' dir='ltr' id='par_1_58' title="bbox 419 2871 2061 2953">
     <span class='ocr_line' id='line_1_58' title="bbox 419 2871 2061 2953; baseline 0 -19"><span class='ocrx_word' id='word_1_399' title='bbox 419 2872 587 2953; x_wconf 89' lang='lat' dir='ltr'><strong>poli,</strong></span> <span class='ocrx_word' id='word_1_400' title='bbox 643 2891 777 2935; x_wconf 89' lang='lat' dir='ltr'><strong>cum</strong></span> <span class='ocrx_word' id='word_1_401' title='bbox 868 2871 1247 2935; x_wconf 89' lang='lat' dir='ltr'><strong>multitudine</strong></span> <span class='ocrx_word' id='word_1_402' title='bbox 1323 2872 1632 2950; x_wconf 90' lang='lat' dir='ltr'><strong>virorum,</strong></span> <span class='ocrx_word' id='word_1_403' title='bbox 1700 2873 1823 2936; x_wconf 74' lang='lat' dir='ltr'><strong>haec</strong></span> <span class='ocrx_word' id='word_1_404' title='bbox 1883 2872 2061 2935; x_wconf 89' lang='lat' dir='ltr'><strong>veluti</strong></span> 
     </span>
    </p>
   </div>
   <div class='ocr_carea' id='block_1_59' title="bbox 2156 2869 3797 2953">
    <p class='ocr_par' dir='ltr' id='par_1_59' title="bbox 2156 2869 3797 2949">
     <span class='ocr_line' id='line_1_59' title="bbox 2156 2869 3797 2949; baseline 0.001 -22"><span class='ocrx_word' id='word_1_405' title='bbox 2156 2869 2324 2940; x_wconf 72' lang='grc' dir='ltr'>πλήθη</span> <span class='ocrx_word' id='word_1_406' title='bbox 2374 2869 2575 2935; x_wconf 75' lang='grc' dir='ltr'>ἀνδρῶν</span> <span class='ocrx_word' id='word_1_407' title='bbox 2606 2871 2783 2949; x_wconf 81' lang='grc' dir='ltr'>ὥσπερ</span> <span class='ocrx_word' id='word_1_408' title='bbox 2832 2871 2893 2927; x_wconf 81' lang='grc' dir='ltr'>ἐκ</span> <span class='ocrx_word' id='word_1_409' title='bbox 2945 2873 3279 2947; x_wconf 76' lang='grc' dir='ltr'>συνθήματος</span> <span class='ocrx_word' id='word_1_410' title='bbox 3333 2873 3497 2927; x_wconf 77' lang='grc' dir='ltr'>ταῦτα</span> <span class='ocrx_word' id='word_1_411' title='bbox 3554 2869 3797 2945; x_wconf 79' lang='grc' dir='ltr'>ψαλλόν-</span> 
     </span>
    </p>
   </div>
   <div class='ocr_carea' id='block_1_60' title="bbox 419 2958 2067 3042">
    <p class='ocr_par' dir='ltr' id='par_1_60' title="bbox 419 2959 2059 3042">
     <span class='ocr_line' id='line_1_60' title="bbox 419 2959 2059 3042; baseline 0.002 -21"><span class='ocrx_word' id='word_1_412' title='bbox 419 2959 591 3041; x_wconf 89' lang='lat' dir='ltr'><strong>signo</strong></span> <span class='ocrx_word' id='word_1_413' title='bbox 616 2961 751 3025; x_wconf 90' lang='lat' dir='ltr'><strong>dato</strong></span> <span class='ocrx_word' id='word_1_414' title='bbox 808 2963 1198 3025; x_wconf 90' lang='lat' dir='ltr'><strong>canentium:</strong></span> <span class='ocrx_word' id='word_1_415' title='bbox 1266 2985 1288 3019; x_wconf 83' lang='grc' dir='ltr'><strong>ι</strong></span> <span class='ocrx_word' id='word_1_416' title='bbox 1323 2960 1431 3025; x_wconf 86' lang='lat' dir='ltr'><strong>Via</strong></span> <span class='ocrx_word' id='word_1_417' title='bbox 1479 2962 1779 3042; x_wconf 88' lang='lat' dir='ltr'><strong>justorum</strong></span> <span class='ocrx_word' id='word_1_418' title='bbox 1831 2961 2059 3025; x_wconf 86' lang='lat' dir='ltr'><strong>directa</strong></span> 
     </span>
    </p>
   </div>
   <div class='ocr_carea' id='block_1_61' title="bbox 2156 2958 3797 3042">
    <p class='ocr_par' dir='ltr' id='par_1_61' title="bbox 2156 2958 3797 3034">
     <span class='ocr_line' id='line_1_61' title="bbox 2156 2958 3797 3034; baseline 0.001 -18"><span class='ocrx_word' id='word_1_419' title='bbox 2156 2982 2252 3017; x_wconf 83' lang='grc' dir='ltr'><strong>των</strong></span> <span class='ocrx_word' id='word_1_420' title='bbox 2288 2976 2302 2990; x_wconf 89' lang='grc'>⁶</span> <span class='ocrx_word' id='word_1_421' title='bbox 2357 2984 2384 3015; x_wconf 77' lang='grc' dir='ltr'><strong>α</strong></span> <span class='ocrx_word' id='word_1_422' title='bbox 2421 2959 2484 3017; x_wconf 85' lang='grc' dir='ltr'>’Π</span> <span class='ocrx_word' id='word_1_423' title='bbox 2517 2959 2634 3024; x_wconf 79' lang='grc' dir='ltr'>ὁδὸς</span> <span class='ocrx_word' id='word_1_424' title='bbox 2668 2966 2773 3017; x_wconf 83' lang='grc' dir='ltr'>τῶν</span> <span class='ocrx_word' id='word_1_425' title='bbox 2821 2960 3037 3018; x_wconf 82' lang='grc' dir='ltr'>δικαίων</span> <span class='ocrx_word' id='word_1_426' title='bbox 3088 2961 3441 3034; x_wconf 81' lang='grc' dir='ltr'>κατηνθόνθη,</span> <span class='ocrx_word' id='word_1_427' title='bbox 3475 2961 3509 3029; x_wconf 79' lang='grc' dir='ltr'>ἡ</span> <span class='ocrx_word' id='word_1_428' title='bbox 3544 2958 3659 3023; x_wconf 81' lang='grc' dir='ltr'>ὁδὸς</span> <span class='ocrx_word' id='word_1_429' title='bbox 3692 2967 3797 3017; x_wconf 69' lang='grc' dir='ltr'><strong>τῶν</strong></span> 
     </span>
    </p>
   </div>
   <div class='ocr_carea' id='block_1_62' title="bbox 420 3030 2067 3133">
    <p class='ocr_par' dir='ltr' id='par_1_62' title="bbox 420 3030 2063 3133">
     <span class='ocr_line' id='line_1_62' title="bbox 420 3030 2063 3133; baseline 0 -20"><span class='ocrx_word' id='word_1_430' title='bbox 420 3030 538 3128; x_wconf 74' lang='grc' dir='ltr'><strong>θεῖ,</strong></span> <span class='ocrx_word' id='word_1_431' title='bbox 565 3049 656 3114; x_wconf 87' lang='lat' dir='ltr'><strong>via</strong></span> <span class='ocrx_word' id='word_1_432' title='bbox 684 3059 1023 3115; x_wconf 89' lang='lat' dir='ltr'><strong>sanctorum</strong></span> <span class='ocrx_word' id='word_1_433' title='bbox 1059 3060 1257 3132; x_wconf 86' lang='lat' dir='ltr'><strong>parata</strong></span> <span class='ocrx_word' id='word_1_434' title='bbox 1302 3058 1394 3113; x_wconf 89' lang='lat' dir='ltr'><strong>est</strong></span> <span class='ocrx_word' id='word_1_435' title='bbox 1419 3030 1536 3116; x_wconf 52' lang='grc' dir='ltr'><strong>λ’»</strong></span> <span class='ocrx_word' id='word_1_436' title='bbox 1596 3050 1719 3114; x_wconf 85' lang='lat' dir='ltr'><strong>Hoc</strong></span> <span class='ocrx_word' id='word_1_437' title='bbox 1770 3060 1828 3113; x_wconf 91' lang='lat' dir='ltr'><strong>et</strong></span> <span class='ocrx_word' id='word_1_438' title='bbox 1856 3051 1930 3114; x_wconf 91' lang='lat' dir='ltr'><strong>iis</strong></span> <span class='ocrx_word' id='word_1_439' title='bbox 1962 3052 2063 3133; x_wconf 88' lang='lat' dir='ltr'><strong>qui</strong></span> 
     </span>
    </p>
   </div>
   <div class='ocr_carea' id='block_1_63' title="bbox 2156 3030 3795 3133">
    <p class='ocr_par' dir='ltr' id='par_1_63' title="bbox 2156 3048 3795 3127">
     <span class='ocr_line' id='line_1_63' title="bbox 2156 3048 3795 3127; baseline -0.001 -21"><span class='ocrx_word' id='word_1_440' title='bbox 2156 3051 2311 3127; x_wconf 75' lang='grc' dir='ltr'>Ξιγίων</span> <span class='ocrx_word' id='word_1_441' title='bbox 2354 3051 2678 3126; x_wconf 76' lang='grc' dir='ltr'>ἡτοιμάσθη.</span> <span class='ocrx_word' id='word_1_442' title='bbox 2719 3071 2742 3107; x_wconf 72' lang='lat' dir='ltr'><strong>e</strong></span> <span class='ocrx_word' id='word_1_443' title='bbox 2782 3059 2946 3109; x_wconf 72' lang='grc' dir='ltr'>Τοῦτο</span> <span class='ocrx_word' id='word_1_444' title='bbox 2988 3054 3223 3112; x_wconf 80' lang='grc' dir='ltr'>καὶτοῖς</span> <span class='ocrx_word' id='word_1_445' title='bbox 3264 3049 3384 3127; x_wconf 71' lang='grc' dir='ltr'>περὶ</span> <span class='ocrx_word' id='word_1_446' title='bbox 3415 3052 3510 3117; x_wconf 78' lang='grc' dir='ltr'><strong>τὴν</strong></span> <span class='ocrx_word' id='word_1_447' title='bbox 3546 3048 3795 3127; x_wconf 73' lang='grc' dir='ltr'>Εὗγενίαν</span> 
     </span>
    </p>
   </div>
   <div class='ocr_carea' id='block_1_64' title="bbox 417 3136 2067 3222">
    <p class='ocr_par' dir='ltr' id='par_1_64' title="bbox 417 3141 2066 3222">
     <span class='ocr_line' id='line_1_64' title="bbox 417 3141 2066 3222; baseline -0.001 -19"><span class='ocrx_word' id='word_1_448' title='bbox 417 3149 589 3204; x_wconf 89' lang='lat' dir='ltr'><strong>erant</strong></span> <span class='ocrx_word' id='word_1_449' title='bbox 617 3141 778 3204; x_wconf 85' lang='lat' dir='ltr'><strong>circa</strong></span> <span class='ocrx_word' id='word_1_450' title='bbox 809 3141 1168 3222; x_wconf 90' lang='lat' dir='ltr'><strong>Eugeniam,</strong></span> <span class='ocrx_word' id='word_1_451' title='bbox 1215 3141 1376 3204; x_wconf 82' lang='lat' dir='ltr'><strong>auxit</strong></span> <span class='ocrx_word' id='word_1_452' title='bbox 1428 3141 1627 3217; x_wconf 82' lang='lat' dir='ltr'><strong>ﬁdem,</strong></span> <span class='ocrx_word' id='word_1_453' title='bbox 1666 3149 1725 3203; x_wconf 92' lang='lat' dir='ltr'><strong>et</strong></span> <span class='ocrx_word' id='word_1_454' title='bbox 1749 3141 1967 3213; x_wconf 80' lang='lat' dir='ltr'><strong>effecit,</strong></span> <span class='ocrx_word' id='word_1_455' title='bbox 2002 3148 2066 3202; x_wconf 91' lang='lat' dir='ltr'><strong>ut</strong></span> 
     </span>
    </p>
   </div>
   <div class='ocr_carea' id='block_1_65' title="bbox 2156 3136 3790 3222">
    <p class='ocr_par' dir='ltr' id='par_1_65' title="bbox 2156 3136 3790 3218">
     <span class='ocr_line' id='line_1_65' title="bbox 2156 3136 3790 3218; baseline -0.002 -23"><span class='ocrx_word' id='word_1_456' title='bbox 2156 3140 2247 3205; x_wconf 77' lang='grc' dir='ltr'>τὴν</span> <span class='ocrx_word' id='word_1_457' title='bbox 2306 3140 2480 3195; x_wconf 80' lang='grc' dir='ltr'>πίστιν</span> <span class='ocrx_word' id='word_1_458' title='bbox 2537 3138 2736 3205; x_wconf 75' lang='grc' dir='ltr'>ηὔξησε</span> <span class='ocrx_word' id='word_1_459' title='bbox 2771 3186 2788 3218; x_wconf 80' lang='grc'><strong>,</strong></span> <span class='ocrx_word' id='word_1_460' title='bbox 2861 3140 3110 3205; x_wconf 81' lang='grc' dir='ltr'>κάκείνην</span> <span class='ocrx_word' id='word_1_461' title='bbox 3168 3141 3396 3206; x_wconf 77' lang='grc' dir='ltr'>ἡσθῆναι</span> <span class='ocrx_word' id='word_1_462' title='bbox 3445 3136 3790 3216; x_wconf 75' lang='grc' dir='ltr'>διαφερόντως</span> 
     </span>
    </p>
   </div>
   <div class='ocr_carea' id='block_1_66' title="bbox 413 3226 2067 3311">
    <p class='ocr_par' dir='ltr' id='par_1_66' title="bbox 413 3229 2061 3311">
     <span class='ocr_line' id='line_1_66' title="bbox 413 3229 2061 3311; baseline -0.001 -19"><span class='ocrx_word' id='word_1_463' title='bbox 413 3229 521 3293; x_wconf 89' lang='lat' dir='ltr'><strong>illa</strong></span> <span class='ocrx_word' id='word_1_464' title='bbox 573 3230 912 3294; x_wconf 87' lang='lat' dir='ltr'><strong>mirandum</strong></span> <span class='ocrx_word' id='word_1_465' title='bbox 967 3232 1027 3293; x_wconf 90' lang='lat' dir='ltr'><strong>iu</strong></span> <span class='ocrx_word' id='word_1_466' title='bbox 1089 3231 1330 3294; x_wconf 84' lang='lat' dir='ltr'><strong>modum</strong></span> <span class='ocrx_word' id='word_1_467' title='bbox 1394 3230 1719 3296; x_wconf 69' lang='lat' dir='ltr'><strong>laetaretur.</strong></span> <span class='ocrx_word' id='word_1_468' title='bbox 1759 3230 2061 3311; x_wconf 78' lang='lat' dir='ltr'><strong>Tanquam</strong></span> 
     </span>
    </p>
   </div>
   <div class='ocr_carea' id='block_1_67' title="bbox 2156 3226 3789 3311">
    <p class='ocr_par' dir='ltr' id='par_1_67' title="bbox 2156 3226 3789 3306">
     <span class='ocr_line' id='line_1_67' title="bbox 2156 3226 3789 3306; baseline -0.002 -23"><span class='ocrx_word' id='word_1_469' title='bbox 2156 3228 2441 3295; x_wconf 78' lang='grc' dir='ltr'>πεποίηκεν</span> <span class='ocrx_word' id='word_1_470' title='bbox 2526 3227 2737 3304; x_wconf 84' lang='grc' dir='ltr'>ἆμέλει.</span> <span class='ocrx_word' id='word_1_471' title='bbox 2836 3230 2934 3286; x_wconf 78' lang='grc' dir='ltr'><strong>Καὶ</strong></span> <span class='ocrx_word' id='word_1_472' title='bbox 3004 3228 3182 3305; x_wconf 81' lang='grc' dir='ltr'>ὥσπερ</span> <span class='ocrx_word' id='word_1_473' title='bbox 3262 3234 3441 3306; x_wconf 74' lang='grc' dir='ltr'>καιροῦ</span> <span class='ocrx_word' id='word_1_474' title='bbox 3497 3226 3789 3304; x_wconf 78' lang='grc' dir='ltr'>δραξαμένη</span> 
     </span>
    </p>
   </div>
   <div class='ocr_carea' id='block_1_68' title="bbox 417 3314 2067 3403">
    <p class='ocr_par' dir='ltr' id='par_1_68' title="bbox 417 3320 2061 3403">
     <span class='ocr_line' id='line_1_68' title="bbox 417 3320 2061 3403; baseline -0.001 -21"><span class='ocrx_word' id='word_1_475' title='bbox 417 3329 580 3384; x_wconf 90' lang='lat' dir='ltr'><strong>certe</strong></span> <span class='ocrx_word' id='word_1_476' title='bbox 610 3329 785 3385; x_wconf 88' lang='lat' dir='ltr'><strong>nacta</strong></span> <span class='ocrx_word' id='word_1_477' title='bbox 837 3320 1237 3403; x_wconf 81' lang='lat' dir='ltr'><strong>occasionem,</strong></span> <span class='ocrx_word' id='word_1_478' title='bbox 1272 3338 1377 3384; x_wconf 89' lang='lat' dir='ltr'><strong>eos</strong></span> <span class='ocrx_word' id='word_1_479' title='bbox 1430 3322 1531 3402; x_wconf 88' lang='lat' dir='ltr'><strong>qui</strong></span> <span class='ocrx_word' id='word_1_480' title='bbox 1563 3321 1725 3384; x_wconf 89' lang='lat' dir='ltr'><strong>circa</strong></span> <span class='ocrx_word' id='word_1_481' title='bbox 1772 3339 1836 3382; x_wconf 90' lang='lat' dir='ltr'><strong>se</strong></span> <span class='ocrx_word' id='word_1_482' title='bbox 1867 3328 2061 3400; x_wconf 90' lang='lat' dir='ltr'><strong>erant,</strong></span> 
     </span>
    </p>
   </div>
   <div class='ocr_carea' id='block_1_69' title="bbox 2156 3314 3793 3403">
    <p class='ocr_par' dir='ltr' id='par_1_69' title="bbox 2156 3314 3793 3398">
     <span class='ocr_line' id='line_1_69' title="bbox 2156 3314 3793 3398; baseline -0.003 -24"><span class='ocrx_word' id='word_1_483' title='bbox 2156 3316 2352 3375; x_wconf 66' lang='grc' dir='ltr'>μᾶλλον</span> <span class='ocrx_word' id='word_1_484' title='bbox 2411 3316 2487 3373; x_wconf 80' lang='grc' dir='ltr'>ἔτι</span> <span class='ocrx_word' id='word_1_485' title='bbox 2560 3319 2681 3384; x_wconf 82' lang='grc' dir='ltr'>τοὺς</span> <span class='ocrx_word' id='word_1_486' title='bbox 2740 3317 2868 3397; x_wconf 70' lang='grc' dir='ltr'>περὶ</span> <span class='ocrx_word' id='word_1_487' title='bbox 2946 3319 3112 3385; x_wconf 70' lang='grc' dir='ltr'>αὖτὴν</span> <span class='ocrx_word' id='word_1_488' title='bbox 3185 3320 3315 3398; x_wconf 77' lang='grc' dir='ltr'>πρὸς</span> <span class='ocrx_word' id='word_1_489' title='bbox 3374 3329 3471 3385; x_wconf 74' lang='grc' dir='ltr'>τήν</span> <span class='ocrx_word' id='word_1_490' title='bbox 3529 3314 3793 3376; x_wconf 68' lang='grc' dir='ltr'>εὐσέϐειαν</span> 
     </span>
    </p>
   </div>
   <div class='ocr_carea' id='block_1_70' title="bbox 415 3404 2067 3492">
    <p class='ocr_par' dir='ltr' id='par_1_70' title="bbox 415 3408 2058 3492">
     <span class='ocr_line' id='line_1_70' title="bbox 415 3408 2058 3492; baseline -0.001 -21"><span class='ocrx_word' id='word_1_491' title='bbox 415 3409 605 3490; x_wconf 84' lang='lat' dir='ltr'><strong>magis</strong></span> <span class='ocrx_word' id='word_1_492' title='bbox 625 3410 902 3472; x_wconf 83' lang='lat' dir='ltr'><strong>accendit</strong></span> <span class='ocrx_word' id='word_1_493' title='bbox 931 3409 1004 3474; x_wconf 89' lang='lat' dir='ltr'><strong>ad</strong></span> <span class='ocrx_word' id='word_1_494' title='bbox 1029 3410 1309 3492; x_wconf 88' lang='lat' dir='ltr'><strong>pietatem</strong></span> <span class='ocrx_word' id='word_1_495' title='bbox 1338 3429 1352 3473; x_wconf 89' lang='lat'><strong>:</strong></span> <span class='ocrx_word' id='word_1_496' title='bbox 1382 3420 1438 3473; x_wconf 85' lang='lat' dir='ltr'><strong>et</strong></span> <span class='ocrx_word' id='word_1_497' title='bbox 1470 3412 1654 3473; x_wconf 87' lang='lat' dir='ltr'><strong>multa</strong></span> <span class='ocrx_word' id='word_1_498' title='bbox 1680 3410 1797 3472; x_wconf 91' lang='lat' dir='ltr'><strong>alia</strong></span> <span class='ocrx_word' id='word_1_499' title='bbox 1827 3408 2058 3489; x_wconf 90' lang='lat' dir='ltr'><strong>dicens,</strong></span> 
     </span>
    </p>
   </div>
   <div class='ocr_carea' id='block_1_71' title="bbox 2156 3404 3791 3492">
    <p class='ocr_par' dir='ltr' id='par_1_71' title="bbox 2156 3404 3791 3486">
     <span class='ocr_line' id='line_1_71' title="bbox 2156 3404 3791 3486; baseline 0.001 -25"><span class='ocrx_word' id='word_1_500' title='bbox 2156 3407 2497 3485; x_wconf 76' lang='grc' dir='ltr'>ἰινεθέρμηνεν</span> <span class='ocrx_word' id='word_1_501' title='bbox 2524 3424 2536 3437; x_wconf 81' lang='grc'><strong><em>⁸</em></strong></span> <span class='ocrx_word' id='word_1_502' title='bbox 2586 3404 2723 3463; x_wconf 77' lang='grc' dir='ltr'>ἄλλα</span> <span class='ocrx_word' id='word_1_503' title='bbox 2781 3429 2838 3463; x_wconf 90' lang='grc' dir='ltr'><strong>τε</strong></span> <span class='ocrx_word' id='word_1_504' title='bbox 2882 3407 3056 3465; x_wconf 74' lang='grc' dir='ltr'>πολλὰ</span> <span class='ocrx_word' id='word_1_505' title='bbox 3116 3410 3201 3466; x_wconf 86' lang='grc' dir='ltr'><strong>καὶ</strong></span> <span class='ocrx_word' id='word_1_506' title='bbox 3256 3409 3332 3484; x_wconf 77' lang='grc' dir='ltr'>τῷ</span> <span class='ocrx_word' id='word_1_507' title='bbox 3375 3408 3541 3486; x_wconf 78' lang='grc' dir='ltr'>καιρῷ</span> <span class='ocrx_word' id='word_1_508' title='bbox 3584 3409 3673 3463; x_wconf 86' lang='grc' dir='ltr'><strong>καὶ</strong></span> <span class='ocrx_word' id='word_1_509' title='bbox 3714 3411 3791 3481; x_wconf 82' lang='grc' dir='ltr'>τῷ</span> 
     </span>
    </p>
   </div>
   <div class='ocr_carea' id='block_1_72' title="bbox 418 3496 2067 3582">
    <p class='ocr_par' dir='ltr' id='par_1_72' title="bbox 418 3497 2061 3582">
     <span class='ocr_line' id='line_1_72' title="bbox 418 3497 2061 3582; baseline -0.001 -22"><span class='ocrx_word' id='word_1_510' title='bbox 418 3498 651 3579; x_wconf 72' lang='lat' dir='ltr'><strong>quaead</strong></span> <span class='ocrx_word' id='word_1_511' title='bbox 682 3505 916 3580; x_wconf 85' lang='lat' dir='ltr'><strong>tempus</strong></span> <span class='ocrx_word' id='word_1_512' title='bbox 974 3498 1380 3582; x_wconf 86' lang='lat' dir='ltr'><strong>pertinebant,</strong></span> <span class='ocrx_word' id='word_1_513' title='bbox 1431 3498 1684 3581; x_wconf 89' lang='lat' dir='ltr'><strong>locoque</strong></span> <span class='ocrx_word' id='word_1_514' title='bbox 1736 3497 2061 3561; x_wconf 88' lang='lat' dir='ltr'><strong>convenie-</strong></span> 
     </span>
    </p>
   </div>
   <div class='ocr_carea' id='block_1_73' title="bbox 2156 3496 3794 3582">
    <p class='ocr_par' dir='ltr' id='par_1_73' title="bbox 2156 3496 3794 3577">
     <span class='ocr_line' id='line_1_73' title="bbox 2156 3496 3794 3577; baseline 0.001 -25"><span class='ocrx_word' id='word_1_515' title='bbox 2156 3496 2292 3570; x_wconf 82' lang='grc' dir='ltr'>τόπῳ</span> <span class='ocrx_word' id='word_1_516' title='bbox 2350 3498 2679 3554; x_wconf 79' lang='grc' dir='ltr'>συντείνοντα</span> <span class='ocrx_word' id='word_1_517' title='bbox 2736 3497 3068 3577; x_wconf 66' lang='grc' dir='ltr'>φθεγξαμένη</span> <span class='ocrx_word' id='word_1_518' title='bbox 3103 3518 3115 3533; x_wconf 90' lang='grc'><strong>·</strong></span> <span class='ocrx_word' id='word_1_519' title='bbox 3174 3499 3262 3555; x_wconf 87' lang='grc' dir='ltr'><strong>καὶ</strong></span> <span class='ocrx_word' id='word_1_520' title='bbox 3347 3498 3406 3553; x_wconf 72' lang='grc' dir='ltr'><strong>οὔ</strong></span> <span class='ocrx_word' id='word_1_521' title='bbox 3486 3498 3621 3555; x_wconf 77' lang='grc' dir='ltr'>κατά</span> <span class='ocrx_word' id='word_1_522' title='bbox 3675 3519 3794 3554; x_wconf 87' lang='grc' dir='ltr'>τινα</span> 
     </span>
    </p>
   </div>
   <div class='ocr_carea' id='block_1_74' title="bbox 418 3582 2067 3672">
    <p class='ocr_par' dir='ltr' id='par_1_74' title="bbox 418 3582 2067 3672">
     <span class='ocr_line' id='line_1_74' title="bbox 418 3582 2067 3672; baseline 0.001 -22"><span class='ocrx_word' id='word_1_523' title='bbox 418 3585 608 3651; x_wconf 80' lang='lat' dir='ltr'><strong>bant:</strong></span> <span class='ocrx_word' id='word_1_524' title='bbox 640 3582 699 3650; x_wconf 78' lang='lat' dir='ltr'><strong>et</strong></span> <span class='ocrx_word' id='word_1_525' title='bbox 727 3588 885 3670; x_wconf 89' lang='lat' dir='ltr'><strong>quod</strong></span> <span class='ocrx_word' id='word_1_526' title='bbox 916 3608 1035 3651; x_wconf 89' lang='lat' dir='ltr'><strong>non</strong></span> <span class='ocrx_word' id='word_1_527' title='bbox 1083 3589 1236 3651; x_wconf 90' lang='lat' dir='ltr'><strong>forte</strong></span> <span class='ocrx_word' id='word_1_528' title='bbox 1268 3589 1523 3666; x_wconf 85' lang='lat' dir='ltr'><strong>fortuna,</strong></span> <span class='ocrx_word' id='word_1_529' title='bbox 1556 3589 1661 3651; x_wconf 89' lang='lat' dir='ltr'><strong>sed</strong></span> <span class='ocrx_word' id='word_1_530' title='bbox 1693 3588 1895 3651; x_wconf 86' lang='lat' dir='ltr'><strong>divina</strong></span> <span class='ocrx_word' id='word_1_531' title='bbox 1918 3608 2067 3672; x_wconf 89' lang='lat' dir='ltr'><strong>qua-</strong></span> 
     </span>
    </p>
   </div>
   <div class='ocr_carea' id='block_1_75' title="bbox 2156 3582 3794 3672">
    <p class='ocr_par' dir='ltr' id='par_1_75' title="bbox 2156 3585 3794 3665">
     <span class='ocr_line' id='line_1_75' title="bbox 2156 3585 3794 3665; baseline 0.001 -24"><span class='ocrx_word' id='word_1_532' title='bbox 2156 3588 2460 3665; x_wconf 70' lang='grc' dir='ltr'>συντυχίαν,</span> <span class='ocrx_word' id='word_1_533' title='bbox 2494 3585 2611 3642; x_wconf 84' lang='grc' dir='ltr'>ἀλλ’</span> <span class='ocrx_word' id='word_1_534' title='bbox 2643 3586 2703 3643; x_wconf 69' lang='grc' dir='ltr'>ἐκ</span> <span class='ocrx_word' id='word_1_535' title='bbox 2732 3588 2873 3650; x_wconf 86' lang='grc' dir='ltr'>θείας</span> <span class='ocrx_word' id='word_1_536' title='bbox 2904 3589 3149 3662; x_wconf 76' lang='grc' dir='ltr'>προνοίας</span> <span class='ocrx_word' id='word_1_537' title='bbox 3208 3589 3292 3644; x_wconf 77' lang='grc' dir='ltr'><strong>καὶ</strong></span> <span class='ocrx_word' id='word_1_538' title='bbox 3351 3597 3540 3662; x_wconf 81' lang='grc' dir='ltr'>ταῦτα,</span> <span class='ocrx_word' id='word_1_539' title='bbox 3584 3589 3673 3644; x_wconf 84' lang='grc' dir='ltr'><strong>καὶ</strong></span> <span class='ocrx_word' id='word_1_540' title='bbox 3729 3587 3794 3643; x_wconf 75' lang='grc' dir='ltr'>τὰ</span> 
     </span>
    </p>
   </div>
   <div class='ocr_carea' id='block_1_76' title="bbox 417 3676 2068 3761">
    <p class='ocr_par' dir='ltr' id='par_1_76' title="bbox 417 3676 2068 3761">
     <span class='ocr_line' id='line_1_76' title="bbox 417 3676 2068 3761; baseline 0.002 -22"><span class='ocrx_word' id='word_1_541' title='bbox 417 3676 554 3740; x_wconf 89' lang='lat' dir='ltr'><strong>dam</strong></span> <span class='ocrx_word' id='word_1_542' title='bbox 588 3678 955 3760; x_wconf 87' lang='lat' dir='ltr'><strong>providentia</strong></span> <span class='ocrx_word' id='word_1_543' title='bbox 984 3680 1111 3743; x_wconf 62' lang='lat' dir='ltr'><strong>haec</strong></span> <span class='ocrx_word' id='word_1_544' title='bbox 1159 3679 1509 3753; x_wconf 83' lang='lat' dir='ltr'><strong>audivisset,</strong></span> <span class='ocrx_word' id='word_1_545' title='bbox 1551 3687 1612 3741; x_wconf 89' lang='lat' dir='ltr'><strong>et</strong></span> <span class='ocrx_word' id='word_1_546' title='bbox 1640 3697 1709 3742; x_wconf 90' lang='lat' dir='ltr'><strong>ea</strong></span> <span class='ocrx_word' id='word_1_547' title='bbox 1740 3699 1871 3761; x_wconf 86' lang='lat' dir='ltr'><strong>quae</strong></span> <span class='ocrx_word' id='word_1_548' title='bbox 1904 3684 2068 3761; x_wconf 89' lang='lat' dir='ltr'><strong>prius</strong></span> 
     </span>
    </p>
   </div>
   <div class='ocr_carea' id='block_1_77' title="bbox 419 3767 2063 3853">
    <p class='ocr_par' dir='ltr' id='par_1_77' title="bbox 419 3767 2063 3853">
     <span class='ocr_line' id='line_1_77' title="bbox 419 3767 2063 3853; baseline 0.002 -23"><span class='ocrx_word' id='word_1_549' title='bbox 419 3767 787 3833; x_wconf 87' lang='lat' dir='ltr'><strong>canebantur</strong></span> <span class='ocrx_word' id='word_1_550' title='bbox 808 3768 991 3833; x_wconf 86' lang='lat' dir='ltr'><strong>divini</strong></span> <span class='ocrx_word' id='word_1_551' title='bbox 1026 3767 1307 3832; x_wconf 87' lang='lat' dir='ltr'><strong>Davidis:</strong></span> <span class='ocrx_word' id='word_1_552' title='bbox 1341 3769 1445 3831; x_wconf 83' lang='lat' dir='ltr'><strong>sed</strong></span> <span class='ocrx_word' id='word_1_553' title='bbox 1481 3768 1584 3832; x_wconf 87' lang='lat' dir='ltr'><strong>illa</strong></span> <span class='ocrx_word' id='word_1_554' title='bbox 1617 3768 1859 3852; x_wconf 91' lang='lat' dir='ltr'><strong>quidem</strong></span> <span class='ocrx_word' id='word_1_555' title='bbox 1905 3780 2063 3853; x_wconf 87' lang='lat' dir='ltr'><strong>esse,</strong></span> 
     </span>
    </p>
   </div>
   <div class='ocr_carea' id='block_1_78' title="bbox 417 3856 2065 3940">
    <p class='ocr_par' dir='ltr' id='par_1_78' title="bbox 417 3856 2065 3940">
     <span class='ocr_line' id='line_1_78' title="bbox 417 3856 2065 3940; baseline 0.002 -20"><span class='ocrx_word' id='word_1_556' title='bbox 417 3875 548 3939; x_wconf 65' lang='lat' dir='ltr'><strong>qua</strong></span> <span class='ocrx_word' id='word_1_557' title='bbox 570 3877 701 3922; x_wconf 90' lang='lat' dir='ltr'><strong>eam</strong></span> <span class='ocrx_word' id='word_1_558' title='bbox 723 3856 1011 3922; x_wconf 85' lang='lat' dir='ltr'><strong>inducant</strong></span> <span class='ocrx_word' id='word_1_559' title='bbox 1050 3859 1125 3921; x_wconf 87' lang='lat' dir='ltr'><strong>ad</strong></span> <span class='ocrx_word' id='word_1_560' title='bbox 1165 3858 1482 3940; x_wconf 88' lang='lat' dir='ltr'><strong>pietatem:</strong></span> <span class='ocrx_word' id='word_1_561' title='bbox 1519 3877 1651 3940; x_wconf 68' lang='lat' dir='ltr'><strong>quas</strong></span> <span class='ocrx_word' id='word_1_562' title='bbox 1675 3868 1874 3923; x_wconf 90' lang='lat' dir='ltr'><strong>autem</strong></span> <span class='ocrx_word' id='word_1_563' title='bbox 1907 3880 2065 3923; x_wconf 90' lang='lat' dir='ltr'><strong>nunc</strong></span> 
     </span>
    </p>
   </div>
   <div class='ocr_carea' id='block_1_79' title="bbox 417 3946 2067 4026">
    <p class='ocr_par' dir='ltr' id='par_1_79' title="bbox 417 3946 2067 4026">
     <span class='ocr_line' id='line_1_79' title="bbox 417 3946 2067 4026; baseline 0.003 -17"><span class='ocrx_word' id='word_1_564' title='bbox 417 3956 732 4019; x_wconf 86' lang='lat' dir='ltr'><strong>canuntur,</strong></span> <span class='ocrx_word' id='word_1_565' title='bbox 767 3967 901 4026; x_wconf 73' lang='lat' dir='ltr'><strong>quae</strong></span> <span class='ocrx_word' id='word_1_566' title='bbox 917 3947 1308 4010; x_wconf 86' lang='lat' dir='ltr'><strong>adhortentur</strong></span> <span class='ocrx_word' id='word_1_567' title='bbox 1339 3947 1411 4009; x_wconf 90' lang='lat' dir='ltr'><strong>ad</strong></span> <span class='ocrx_word' id='word_1_568' title='bbox 1444 3946 1600 4010; x_wconf 88' lang='lat' dir='ltr'><strong>viam</strong></span> <span class='ocrx_word' id='word_1_569' title='bbox 1632 3947 1882 4011; x_wconf 90' lang='lat' dir='ltr'><strong>virtutis.</strong></span> <span class='ocrx_word' id='word_1_570' title='bbox 1927 3948 2067 4014; x_wconf 87' lang='lat' dir='ltr'><strong>Haec</strong></span> 
     </span>
    </p>
   </div>
   <div class='ocr_carea' id='block_1_80' title="bbox 2150 3675 3793 3756">
    <p class='ocr_par' dir='ltr' id='par_1_80' title="bbox 2150 3675 3793 3756">
     <span class='ocr_line' id='line_1_80' title="bbox 2150 3675 3793 3756; baseline 0 -23"><span class='ocrx_word' id='word_1_571' title='bbox 2150 3682 2242 3733; x_wconf 81' lang='grc' dir='ltr'>τοῦ</span> <span class='ocrx_word' id='word_1_572' title='bbox 2275 3675 2442 3734; x_wconf 72' lang='grc' dir='ltr'>Δαυ³ιδ</span> <span class='ocrx_word' id='word_1_573' title='bbox 2473 3678 2726 3756; x_wconf 86' lang='grc' dir='ltr'>πρότερον</span> <span class='ocrx_word' id='word_1_574' title='bbox 2750 3676 2970 3733; x_wconf 79' lang='grc' dir='ltr'>ἀκούσαι</span> <span class='ocrx_word' id='word_1_575' title='bbox 3003 3695 3016 3709; x_wconf 90' lang='grc'><em>’</em></span> <span class='ocrx_word' id='word_1_576' title='bbox 3059 3676 3374 3753; x_wconf 77' lang='grc' dir='ltr'>ψαλλόμενα</span> <span class='ocrx_word' id='word_1_577' title='bbox 3408 3694 3424 3710; x_wconf 85' lang='grc'><strong><em>⁸</em></strong></span> <span class='ocrx_word' id='word_1_578' title='bbox 3460 3677 3581 3734; x_wconf 76' lang='grc' dir='ltr'>ἀλλ’</span> <span class='ocrx_word' id='word_1_579' title='bbox 3614 3676 3793 3734; x_wconf 75' lang='grc' dir='ltr'>ἐκεῖνα</span> 
     </span>
    </p>
   </div>
   <div class='ocr_carea' id='block_1_81' title="bbox 2151 3765 3795 3846">
    <p class='ocr_par' dir='ltr' id='par_1_81' title="bbox 2151 3765 3795 3846">
     <span class='ocr_line' id='line_1_81' title="bbox 2151 3765 3795 3846; baseline 0.001 -24"><span class='ocrx_word' id='word_1_580' title='bbox 2151 3767 2247 3843; x_wconf 78' lang='grc' dir='ltr'>μὲν</span> <span class='ocrx_word' id='word_1_581' title='bbox 2302 3770 2441 3823; x_wconf 80' lang='grc' dir='ltr'>εἶναι</span> <span class='ocrx_word' id='word_1_582' title='bbox 2500 3768 2631 3845; x_wconf 81' lang='grc' dir='ltr'>πρὸς</span> <span class='ocrx_word' id='word_1_583' title='bbox 2676 3765 2942 3824; x_wconf 74' lang='grc' dir='ltr'>εὐσέϐειαν</span> <span class='ocrx_word' id='word_1_584' title='bbox 3006 3766 3263 3846; x_wconf 80' lang='grc' dir='ltr'>ἐνάγοντα</span> <span class='ocrx_word' id='word_1_585' title='bbox 3322 3768 3542 3841; x_wconf 79' lang='grc' dir='ltr'>ταύτην,</span> <span class='ocrx_word' id='word_1_586' title='bbox 3602 3769 3669 3823; x_wconf 82' lang='grc' dir='ltr'><strong>τὰ</strong></span> <span class='ocrx_word' id='word_1_587' title='bbox 3741 3766 3795 3823; x_wconf 80' lang='grc' dir='ltr'><strong>δὲ</strong></span> 
     </span>
    </p>
   </div>
   <div class='ocr_carea' id='block_1_82' title="bbox 2148 3854 3795 3936">
    <p class='ocr_par' dir='ltr' id='par_1_82' title="bbox 2148 3854 3795 3936">
     <span class='ocr_line' id='line_1_82' title="bbox 2148 3854 3795 3936; baseline -0.001 -21"><span class='ocrx_word' id='word_1_588' title='bbox 2148 3865 2236 3915; x_wconf 74' lang='grc' dir='ltr'><strong>νῦν</strong></span> <span class='ocrx_word' id='word_1_589' title='bbox 2292 3854 2595 3933; x_wconf 70' lang='grc' dir='ltr'>ὃπᾳδόμενα</span> <span class='ocrx_word' id='word_1_590' title='bbox 2656 3859 2784 3936; x_wconf 82' lang='grc' dir='ltr'>πρὸς</span> <span class='ocrx_word' id='word_1_591' title='bbox 2843 3857 2941 3925; x_wconf 75' lang='grc' dir='ltr'><strong>τὴν</strong></span> <span class='ocrx_word' id='word_1_592' title='bbox 2998 3858 3093 3925; x_wconf 73' lang='grc' dir='ltr'>τῆς</span> <span class='ocrx_word' id='word_1_593' title='bbox 3152 3858 3343 3934; x_wconf 75' lang='grc' dir='ltr'>ἀρετῆς</span> <span class='ocrx_word' id='word_1_594' title='bbox 3388 3854 3562 3934; x_wconf 80' lang='grc' dir='ltr'>τρίϐον</span> <span class='ocrx_word' id='word_1_595' title='bbox 3617 3878 3795 3936; x_wconf 85' lang='grc' dir='ltr'>παρα-</span> 
     </span>
    </p>
   </div>
   <div class='ocr_carea' id='block_1_83' title="bbox 2146 3942 3793 4025">
    <p class='ocr_par' dir='ltr' id='par_1_83' title="bbox 2146 3942 3793 4025">
     <span class='ocr_line' id='line_1_83' title="bbox 2146 3942 3793 4025; baseline -0.002 -22"><span class='ocrx_word' id='word_1_596' title='bbox 2146 3945 2426 4006; x_wconf 76' lang='grc' dir='ltr'>καλοῦντα.</span> <span class='ocrx_word' id='word_1_597' title='bbox 2464 3953 2636 4004; x_wconf 82' lang='grc' dir='ltr'>Ταῦτα</span> <span class='ocrx_word' id='word_1_598' title='bbox 2681 3948 2920 4025; x_wconf 78' lang='grc' dir='ltr'>εἰποῦσα,</span> <span class='ocrx_word' id='word_1_599' title='bbox 2955 3946 3048 4002; x_wconf 72' lang='grc' dir='ltr'><strong>καί</strong></span> <span class='ocrx_word' id='word_1_600' title='bbox 3105 3958 3220 4006; x_wconf 79' lang='grc' dir='ltr'>τοῖς</span> <span class='ocrx_word' id='word_1_601' title='bbox 3273 3942 3569 4019; x_wconf 81' lang='grc' dir='ltr'>ψάλλουσιν</span> <span class='ocrx_word' id='word_1_602' title='bbox 3630 3947 3793 4014; x_wconf 75' lang='grc' dir='ltr'>αὐτήν</span> 
     </span>
    </p>
   </div>
   <div class='ocr_carea' id='block_1_84' title="bbox 2146 4029 3794 4114">
    <p class='ocr_par' dir='ltr' id='par_1_84' title="bbox 2146 4029 3794 4114">
     <span class='ocr_line' id='line_1_84' title="bbox 2146 4029 3794 4114; baseline -0.002 -22"><span class='ocrx_word' id='word_1_603' title='bbox 2146 4057 2203 4092; x_wconf 89' lang='grc' dir='ltr'><strong>τε</strong></span> <span class='ocrx_word' id='word_1_604' title='bbox 2248 4036 2336 4093; x_wconf 89' lang='grc' dir='ltr'><strong>καὶ</strong></span> <span class='ocrx_word' id='word_1_605' title='bbox 2390 4036 2510 4101; x_wconf 77' lang='grc' dir='ltr'>τοὺς</span> <span class='ocrx_word' id='word_1_606' title='bbox 2570 4038 2686 4114; x_wconf 87' lang='grc' dir='ltr'>περὶ</span> <span class='ocrx_word' id='word_1_607' title='bbox 2746 4038 2909 4103; x_wconf 71' lang='grc' dir='ltr'>αὗτήν</span> <span class='ocrx_word' id='word_1_608' title='bbox 2957 4032 3150 4110; x_wconf 78' lang='grc' dir='ltr'>μίξασα</span> <span class='ocrx_word' id='word_1_609' title='bbox 3208 4033 3306 4099; x_wconf 70' lang='grc' dir='ltr'>τὴν</span> <span class='ocrx_word' id='word_1_610' title='bbox 3368 4031 3486 4087; x_wconf 72' lang='grc' dir='ltr'>ὁδόν</span> <span class='ocrx_word' id='word_1_611' title='bbox 3518 4029 3641 4098; x_wconf 72' lang='grc' dir='ltr'>ἤνυε</span> <span class='ocrx_word' id='word_1_612' title='bbox 3702 4042 3794 4088; x_wconf 79' lang='grc' dir='ltr'><strong>σὺν</strong></span> 
     </span>
    </p>
   </div>
   <div class='ocr_carea' id='block_1_85' title="bbox 2148 4120 3796 4202">
    <p class='ocr_par' dir='ltr' id='par_1_85' title="bbox 2148 4120 3796 4202">
     <span class='ocr_line' id='line_1_85' title="bbox 2148 4120 3796 4202; baseline -0.003 -18"><span class='ocrx_word' id='word_1_613' title='bbox 2148 4126 2395 4191; x_wconf 71' lang='grc' dir='ltr'>ἐκείνοις.</span> <span class='ocrx_word' id='word_1_614' title='bbox 2431 4123 2570 4185; x_wconf 82' lang='grc' dir='ltr'>’Ὅτε</span> <span class='ocrx_word' id='word_1_615' title='bbox 2615 4125 2679 4194; x_wconf 79' lang='grc' dir='ltr'><strong>δὴ</strong></span> <span class='ocrx_word' id='word_1_616' title='bbox 2727 4128 2816 4182; x_wconf 83' lang='grc' dir='ltr'><strong>καὶ</strong></span> <span class='ocrx_word' id='word_1_617' title='bbox 2875 4131 2982 4179; x_wconf 81' lang='grc' dir='ltr'>τῶν</span> <span class='ocrx_word' id='word_1_618' title='bbox 3022 4122 3206 4202; x_wconf 68' lang='grc' dir='ltr'>ὄχλων</span> <span class='ocrx_word' id='word_1_619' title='bbox 3252 4120 3387 4177; x_wconf 73' lang='grc' dir='ltr'>ἄλλα</span> <span class='ocrx_word' id='word_1_620' title='bbox 3430 4145 3489 4178; x_wconf 91' lang='grc' dir='ltr'><strong>τε</strong></span> <span class='ocrx_word' id='word_1_621' title='bbox 3518 4124 3796 4199; x_wconf 76' lang='grc' dir='ltr'>θαυμαστὰ</span> 
     </span>
    </p>
   </div>
   <div class='ocr_carea' id='block_1_86' title="bbox 418 4037 2062 4118">
    <p class='ocr_par' dir='ltr' id='par_1_86' title="bbox 418 4037 2062 4118">
     <span class='ocr_line' id='line_1_86' title="bbox 418 4037 2062 4118; baseline 0.001 -18"><span class='ocrx_word' id='word_1_622' title='bbox 418 4055 553 4100; x_wconf 86' lang='lat' dir='ltr'><strong>cum</strong></span> <span class='ocrx_word' id='word_1_623' title='bbox 586 4037 858 4118; x_wconf 80' lang='lat' dir='ltr'><strong>dixisset,</strong></span> <span class='ocrx_word' id='word_1_624' title='bbox 891 4046 951 4102; x_wconf 88' lang='lat' dir='ltr'><strong>et</strong></span> <span class='ocrx_word' id='word_1_625' title='bbox 980 4038 1054 4100; x_wconf 90' lang='lat' dir='ltr'><strong>iis</strong></span> <span class='ocrx_word' id='word_1_626' title='bbox 1085 4037 1183 4118; x_wconf 88' lang='lat' dir='ltr'><strong>qui</strong></span> <span class='ocrx_word' id='word_1_627' title='bbox 1215 4037 1572 4118; x_wconf 84' lang='lat' dir='ltr'><strong>psallebant,</strong></span> <span class='ocrx_word' id='word_1_628' title='bbox 1602 4055 1666 4100; x_wconf 91' lang='lat' dir='ltr'><strong>se</strong></span> <span class='ocrx_word' id='word_1_629' title='bbox 1696 4047 1755 4102; x_wconf 87' lang='lat' dir='ltr'><strong>et</strong></span> <span class='ocrx_word' id='word_1_630' title='bbox 1783 4057 1923 4101; x_wconf 88' lang='lat' dir='ltr'><strong>suos</strong></span> <span class='ocrx_word' id='word_1_631' title='bbox 1950 4040 2062 4101; x_wconf 91' lang='lat' dir='ltr'><strong>ad-</strong></span> 
     </span>
    </p>
   </div>
   <div class='ocr_carea' id='block_1_87' title="bbox 417 4126 2063 4209">
    <p class='ocr_par' dir='ltr' id='par_1_87' title="bbox 417 4126 2063 4209">
     <span class='ocr_line' id='line_1_87' title="bbox 417 4126 2063 4209; baseline 0.001 -20"><span class='ocrx_word' id='word_1_632' title='bbox 417 4126 782 4207; x_wconf 89' lang='lat' dir='ltr'><strong>miscuisset,</strong></span> <span class='ocrx_word' id='word_1_633' title='bbox 815 4146 951 4190; x_wconf 91' lang='lat' dir='ltr'><strong>cum</strong></span> <span class='ocrx_word' id='word_1_634' title='bbox 984 4127 1100 4188; x_wconf 87' lang='lat' dir='ltr'><strong>illis</strong></span> <span class='ocrx_word' id='word_1_635' title='bbox 1130 4128 1281 4189; x_wconf 89' lang='lat' dir='ltr'><strong>viam</strong></span> <span class='ocrx_word' id='word_1_636' title='bbox 1316 4126 1566 4209; x_wconf 90' lang='lat' dir='ltr'><strong>perfecit</strong></span> <span class='ocrx_word' id='word_1_637' title='bbox 1600 4146 1613 4191; x_wconf 95' lang='lat'>:</span> <span class='ocrx_word' id='word_1_638' title='bbox 1670 4147 1787 4208; x_wconf 91' lang='lat' dir='ltr'><strong>quo</strong></span> <span class='ocrx_word' id='word_1_639' title='bbox 1818 4128 2063 4209; x_wconf 91' lang='lat' dir='ltr'><strong>quidem</strong></span> 
     </span>
    </p>
   </div>
   <div class='ocr_carea' id='block_1_88' title="bbox 417 4212 2067 4299">
    <p class='ocr_par' dir='ltr' id='par_1_88' title="bbox 417 4215 2066 4299">
     <span class='ocr_line' id='line_1_88' title="bbox 417 4215 2066 4299; baseline 0.001 -20"><span class='ocrx_word' id='word_1_640' title='bbox 417 4223 689 4299; x_wconf 88' lang='lat' dir='ltr'><strong>tempore</strong></span> <span class='ocrx_word' id='word_1_641' title='bbox 717 4227 778 4282; x_wconf 87' lang='lat' dir='ltr'><strong>et</strong></span> <span class='ocrx_word' id='word_1_642' title='bbox 829 4218 1015 4281; x_wconf 88' lang='lat' dir='ltr'><strong>multa</strong></span> <span class='ocrx_word' id='word_1_643' title='bbox 1049 4215 1163 4280; x_wconf 87' lang='lat' dir='ltr'><strong>alia</strong></span> <span class='ocrx_word' id='word_1_644' title='bbox 1194 4215 1573 4279; x_wconf 81' lang='lat' dir='ltr'><strong>admirabilia</strong></span> <span class='ocrx_word' id='word_1_645' title='bbox 1607 4217 1831 4281; x_wconf 86' lang='lat' dir='ltr'><strong>audivit</strong></span> <span class='ocrx_word' id='word_1_646' title='bbox 1862 4218 2066 4281; x_wconf 90' lang='lat' dir='ltr'><strong>turbas</strong></span> 
     </span>
    </p>
   </div>
   <div class='ocr_carea' id='block_1_89' title="bbox 2156 4212 3795 4299">
    <p class='ocr_par' dir='ltr' id='par_1_89' title="bbox 2156 4212 3795 4294">
     <span class='ocr_line' id='line_1_89' title="bbox 2156 4212 3795 4294; baseline -0.002 -21"><span class='ocrx_word' id='word_1_647' title='bbox 2156 4216 2272 4294; x_wconf 73' lang='grc' dir='ltr'>περὶ</span> <span class='ocrx_word' id='word_1_648' title='bbox 2308 4217 2400 4274; x_wconf 66' lang='grc' dir='ltr'>τοῦ</span> <span class='ocrx_word' id='word_1_649' title='bbox 2437 4215 2652 4274; x_wconf 80' lang='grc' dir='ltr'>Ἐλὲνου</span> <span class='ocrx_word' id='word_1_650' title='bbox 2694 4213 2995 4280; x_wconf 76' lang='grc' dir='ltr'>διεξιόντων</span> <span class='ocrx_word' id='word_1_651' title='bbox 3040 4212 3265 4280; x_wconf 71' lang='grc' dir='ltr'>ἤκουσεν</span> <span class='ocrx_word' id='word_1_652' title='bbox 3306 4229 3319 4243; x_wconf 90' lang='grc'><strong>·</strong></span> <span class='ocrx_word' id='word_1_653' title='bbox 3381 4213 3504 4279; x_wconf 87' lang='grc' dir='ltr'>ὅσος</span> <span class='ocrx_word' id='word_1_654' title='bbox 3553 4213 3618 4282; x_wconf 78' lang='grc' dir='ltr'>ἦν</span> <span class='ocrx_word' id='word_1_655' title='bbox 3675 4227 3795 4279; x_wconf 80' lang='grc' dir='ltr'>τοῖς</span> 
     </span>
    </p>
   </div>
   <div class='ocr_carea' id='block_1_90' title="bbox 415 4300 2067 4388">
    <p class='ocr_par' dir='ltr' id='par_1_90' title="bbox 415 4304 2065 4388">
     <span class='ocr_line' id='line_1_90' title="bbox 415 4304 2065 4388; baseline 0 -19"><span class='ocrx_word' id='word_1_656' title='bbox 415 4304 492 4369; x_wconf 87' lang='lat' dir='ltr'><strong>de</strong></span> <span class='ocrx_word' id='word_1_657' title='bbox 529 4305 757 4371; x_wconf 84' lang='lat' dir='ltr'><strong>Heleno</strong></span> <span class='ocrx_word' id='word_1_658' title='bbox 779 4312 1186 4384; x_wconf 86' lang='lat' dir='ltr'><strong>narrantes,ut</strong></span> <span class='ocrx_word' id='word_1_659' title='bbox 1209 4305 1596 4369; x_wconf 88' lang='lat' dir='ltr'><strong>ostenderent</strong></span> <span class='ocrx_word' id='word_1_660' title='bbox 1620 4315 1877 4388; x_wconf 89' lang='lat' dir='ltr'><strong>quantus</strong></span> <span class='ocrx_word' id='word_1_661' title='bbox 1907 4315 2065 4370; x_wconf 84' lang='lat' dir='ltr'><strong>esset</strong></span> 
     </span>
    </p>
   </div>
   <div class='ocr_carea' id='block_1_91' title="bbox 2156 4300 3794 4388">
    <p class='ocr_par' dir='ltr' id='par_1_91' title="bbox 2156 4300 3794 4385">
     <span class='ocr_line' id='line_1_91' title="bbox 2156 4300 3794 4385; baseline -0.004 -22"><span class='ocrx_word' id='word_1_662' title='bbox 2156 4308 2406 4382; x_wconf 63' lang='grc' dir='ltr'>ὤαύμασιν</span> <span class='ocrx_word' id='word_1_663' title='bbox 2439 4308 2466 4361; x_wconf 86' lang='grc' dir='ltr'>ὁ</span> <span class='ocrx_word' id='word_1_664' title='bbox 2498 4305 2653 4385; x_wconf 81' lang='grc' dir='ltr'>ἀνὴρ,</span> <span class='ocrx_word' id='word_1_665' title='bbox 2703 4306 2788 4361; x_wconf 78' lang='grc' dir='ltr'><strong>καὶ</strong></span> <span class='ocrx_word' id='word_1_666' title='bbox 2832 4303 2943 4378; x_wconf 78' lang='grc' dir='ltr'>ὅτι,</span> <span class='ocrx_word' id='word_1_667' title='bbox 2976 4305 3137 4381; x_wconf 74' lang='grc' dir='ltr'>πυρὸς</span> <span class='ocrx_word' id='word_1_668' title='bbox 3185 4308 3325 4379; x_wconf 67' lang='grc' dir='ltr'>αὐτῷ</span> <span class='ocrx_word' id='word_1_669' title='bbox 3372 4301 3631 4367; x_wconf 82' lang='grc' dir='ltr'>πολλάκις</span> <span class='ocrx_word' id='word_1_670' title='bbox 3662 4300 3794 4372; x_wconf 82' lang='grc' dir='ltr'><strong>δεῆ-</strong></span> 
     </span>
    </p>
   </div>
   <div class='ocr_carea' id='block_1_92' title="bbox 415 4394 2067 4478">
    <p class='ocr_par' dir='ltr' id='par_1_92' title="bbox 415 4395 2067 4478">
     <span class='ocr_line' id='line_1_92' title="bbox 415 4395 2067 4478; baseline 0.001 -21"><span class='ocrx_word' id='word_1_671' title='bbox 415 4395 479 4459; x_wconf 82' lang='grc' dir='ltr'>ἱη</span> <span class='ocrx_word' id='word_1_672' title='bbox 505 4398 835 4471; x_wconf 86' lang='lat' dir='ltr'><strong>miraculis,</strong></span> <span class='ocrx_word' id='word_1_673' title='bbox 870 4406 931 4459; x_wconf 90' lang='lat' dir='ltr'><strong>et</strong></span> <span class='ocrx_word' id='word_1_674' title='bbox 954 4415 1130 4478; x_wconf 85' lang='lat' dir='ltr'><strong>quam</strong></span> <span class='ocrx_word' id='word_1_675' title='bbox 1162 4414 1295 4460; x_wconf 91' lang='lat' dir='ltr'><strong>cum</strong></span> <span class='ocrx_word' id='word_1_676' title='bbox 1328 4402 1378 4459; x_wconf 91' lang='lat' dir='ltr'><strong>is</strong></span> <span class='ocrx_word' id='word_1_677' title='bbox 1393 4415 1553 4477; x_wconf 87' lang='lat' dir='ltr'><strong>saepe</strong></span> <span class='ocrx_word' id='word_1_678' title='bbox 1583 4416 1734 4477; x_wconf 88' lang='lat' dir='ltr'><strong>opus</strong></span> <span class='ocrx_word' id='word_1_679' title='bbox 1764 4397 2067 4460; x_wconf 89' lang='lat' dir='ltr'><strong>habuisset</strong></span> 
     </span>
    </p>
   </div>
   <div class='ocr_carea' id='block_1_93' title="bbox 2156 4394 3792 4478">
    <p class='ocr_par' dir='ltr' id='par_1_93' title="bbox 2156 4394 3792 4474">
     <span class='ocr_line' id='line_1_93' title="bbox 2156 4394 3792 4474; baseline -0.002 -22"><span class='ocrx_word' id='word_1_680' title='bbox 2156 4418 2269 4471; x_wconf 80' lang='grc' dir='ltr'>σαν,</span> <span class='ocrx_word' id='word_1_681' title='bbox 2328 4394 2585 4474; x_wconf 68' lang='grc' dir='ltr'>ἄνθρακας</span> <span class='ocrx_word' id='word_1_682' title='bbox 2666 4394 2751 4450; x_wconf 76' lang='grc' dir='ltr'>ἐπὶ</span> <span class='ocrx_word' id='word_1_683' title='bbox 2828 4399 2934 4451; x_wconf 78' lang='grc' dir='ltr'>’τῶν</span> <span class='ocrx_word' id='word_1_684' title='bbox 2992 4395 3218 4470; x_wconf 78' lang='grc' dir='ltr'>ἱματίων</span> <span class='ocrx_word' id='word_1_685' title='bbox 3277 4394 3480 4470; x_wconf 80' lang='grc' dir='ltr'>ἑωρᾶτο</span> <span class='ocrx_word' id='word_1_686' title='bbox 3534 4395 3792 4473; x_wconf 82' lang='grc' dir='ltr'>κομίζων,</span> 
     </span>
    </p>
   </div>
   <div class='ocr_carea' id='block_1_94' title="bbox 414 4482 2067 4566">
    <p class='ocr_par' dir='ltr' id='par_1_94' title="bbox 414 4485 2064 4566">
     <span class='ocr_line' id='line_1_94' title="bbox 414 4485 2064 4566; baseline 0.001 -20"><span class='ocrx_word' id='word_1_687' title='bbox 414 4485 575 4566; x_wconf 88' lang='lat' dir='ltr'><strong>igne,</strong></span> <span class='ocrx_word' id='word_1_688' title='bbox 608 4487 773 4549; x_wconf 85' lang='lat' dir='ltr'><strong>visus</strong></span> <span class='ocrx_word' id='word_1_689' title='bbox 806 4485 883 4549; x_wconf 85' lang='lat' dir='ltr'><strong>sit</strong></span> <span class='ocrx_word' id='word_1_690' title='bbox 910 4486 1191 4549; x_wconf 87' lang='lat' dir='ltr'><strong>ardentes</strong></span> <span class='ocrx_word' id='word_1_691' title='bbox 1247 4486 1536 4550; x_wconf 87' lang='lat' dir='ltr'><strong>carbones</strong></span> <span class='ocrx_word' id='word_1_692' title='bbox 1594 4486 1757 4548; x_wconf 86' lang='lat' dir='ltr'><strong>ferre</strong></span> <span class='ocrx_word' id='word_1_693' title='bbox 1791 4489 1848 4550; x_wconf 90' lang='lat' dir='ltr'><strong>in</strong></span> <span class='ocrx_word' id='word_1_694' title='bbox 1882 4486 2064 4550; x_wconf 84' lang='lat' dir='ltr'><strong>vesti-</strong></span> 
     </span>
    </p>
   </div>
   <div class='ocr_carea' id='block_1_95' title="bbox 2156 4482 3792 4566">
    <p class='ocr_par' dir='ltr' id='par_1_95' title="bbox 2156 4482 3792 4561">
     <span class='ocr_line' id='line_1_95' title="bbox 2156 4482 3792 4561; baseline -0.002 -18"><span class='ocrx_word' id='word_1_695' title='bbox 2156 4484 2294 4545; x_wconf 72' lang='grc' dir='ltr'>οὐδὲν</span> <span class='ocrx_word' id='word_1_696' title='bbox 2344 4485 2556 4542; x_wconf 81' lang='grc' dir='ltr'>ἐκείνων</span> <span class='ocrx_word' id='word_1_697' title='bbox 2612 4484 2717 4541; x_wconf 78' lang='grc' dir='ltr'>ἀπὸ</span> <span class='ocrx_word' id='word_1_698' title='bbox 2788 4491 2880 4542; x_wconf 78' lang='grc' dir='ltr'><strong>τοῦ</strong></span> <span class='ocrx_word' id='word_1_699' title='bbox 2942 4486 3105 4559; x_wconf 79' lang='grc' dir='ltr'>πυρὸς</span> <span class='ocrx_word' id='word_1_700' title='bbox 3187 4482 3594 4560; x_wconf 80' lang='grc' dir='ltr'>βλαπτομένων,</span> <span class='ocrx_word' id='word_1_701' title='bbox 3658 4486 3792 4561; x_wconf 82' lang='grc' dir='ltr'>Πρὸς</span> 
     </span>
    </p>
   </div>
   <div class='ocr_carea' id='block_1_96' title="bbox 415 4570 2067 4657">
    <p class='ocr_par' dir='ltr' id='par_1_96' title="bbox 415 4574 2067 4657">
     <span class='ocr_line' id='line_1_96' title="bbox 415 4574 2067 4657; baseline 0.001 -20"><span class='ocrx_word' id='word_1_702' title='bbox 415 4574 552 4657; x_wconf 88' lang='lat' dir='ltr'><strong>bus,</strong></span> <span class='ocrx_word' id='word_1_703' title='bbox 583 4576 705 4639; x_wconf 91' lang='lat' dir='ltr'><strong>illis</strong></span> <span class='ocrx_word' id='word_1_704' title='bbox 739 4575 890 4638; x_wconf 89' lang='lat' dir='ltr'><strong>nihil</strong></span> <span class='ocrx_word' id='word_1_705' title='bbox 921 4593 992 4639; x_wconf 78' lang='lat' dir='ltr'><strong>ex</strong></span> <span class='ocrx_word' id='word_1_706' title='bbox 1036 4576 1169 4655; x_wconf 88' lang='lat' dir='ltr'><strong>igne</strong></span> <span class='ocrx_word' id='word_1_707' title='bbox 1218 4576 1371 4639; x_wconf 83' lang='lat' dir='ltr'><strong>laesis</strong></span> <span class='ocrx_word' id='word_1_708' title='bbox 1408 4598 1422 4639; x_wconf 89' lang='lat'><strong>:</strong></span> <span class='ocrx_word' id='word_1_709' title='bbox 1457 4584 1748 4656; x_wconf 70' lang='lat' dir='ltr'><strong>praeterea</strong></span> <span class='ocrx_word' id='word_1_710' title='bbox 1777 4588 1975 4639; x_wconf 89' lang='lat' dir='ltr'><strong>autem</strong></span> <span class='ocrx_word' id='word_1_711' title='bbox 2009 4586 2067 4640; x_wconf 90' lang='lat' dir='ltr'><strong>et</strong></span> 
     </span>
    </p>
   </div>
   <div class='ocr_carea' id='block_1_97' title="bbox 2156 4570 3791 4657">
    <p class='ocr_par' dir='ltr' id='par_1_97' title="bbox 2156 4570 3791 4652">
     <span class='ocr_line' id='line_1_97' title="bbox 2156 4570 3791 4652; baseline -0.004 -18"><span class='ocrx_word' id='word_1_712' title='bbox 2156 4577 2351 4640; x_wconf 67' lang='grc' dir='ltr'>τούτοις</span> <span class='ocrx_word' id='word_1_713' title='bbox 2410 4578 2495 4631; x_wconf 76' lang='grc' dir='ltr'><strong>καὶ</strong></span> <span class='ocrx_word' id='word_1_714' title='bbox 2552 4572 2688 4633; x_wconf 78' lang='grc' dir='ltr'>ἄλλα</span> <span class='ocrx_word' id='word_1_715' title='bbox 2748 4572 2846 4630; x_wconf 76' lang='grc' dir='ltr'>ὅσα</span> <span class='ocrx_word' id='word_1_716' title='bbox 2890 4575 3301 4652; x_wconf 74' lang='grc' dir='ltr'>θαυματουργῶν</span> <span class='ocrx_word' id='word_1_717' title='bbox 3360 4575 3516 4636; x_wconf 70' lang='grc' dir='ltr'>αὐτὸς</span> <span class='ocrx_word' id='word_1_718' title='bbox 3562 4570 3791 4629; x_wconf 80' lang='grc' dir='ltr'>διετέλει</span> 
     </span>
    </p>
   </div>
   <div class='ocr_carea' id='block_1_98' title="bbox 416 4665 2063 4748">
    <p class='ocr_par' dir='ltr' id='par_1_98' title="bbox 416 4665 2063 4748">
     <span class='ocr_line' id='line_1_98' title="bbox 416 4665 2063 4748; baseline 0.001 -21"><span class='ocrx_word' id='word_1_719' title='bbox 416 4682 794 4748; x_wconf 62' lang='lat' dir='ltr'><strong>quascunque</strong></span> <span class='ocrx_word' id='word_1_720' title='bbox 824 4666 940 4727; x_wconf 90' lang='lat' dir='ltr'><strong>alia</strong></span> <span class='ocrx_word' id='word_1_721' title='bbox 971 4665 1210 4729; x_wconf 88' lang='lat' dir='ltr'><strong>assidue</strong></span> <span class='ocrx_word' id='word_1_722' title='bbox 1239 4666 1488 4731; x_wconf 86' lang='lat' dir='ltr'><strong>faciebat</strong></span> <span class='ocrx_word' id='word_1_723' title='bbox 1515 4667 1827 4743; x_wconf 81' lang='lat' dir='ltr'><strong>miracula,</strong></span> <span class='ocrx_word' id='word_1_724' title='bbox 1858 4667 2063 4747; x_wconf 87' lang='lat' dir='ltr'><strong>cujus-</strong></span> 
     </span>
    </p>
   </div>
   <div class='ocr_carea' id='block_1_99' title="bbox 416 4753 2071 4836">
    <p class='ocr_par' dir='ltr' id='par_1_99' title="bbox 416 4753 2071 4836">
     <span class='ocr_line' id='line_1_99' title="bbox 416 4753 2071 4836; baseline 0.002 -21"><span class='ocrx_word' id='word_1_725' title='bbox 416 4753 581 4816; x_wconf 89' lang='lat' dir='ltr'><strong>modi</strong></span> <span class='ocrx_word' id='word_1_726' title='bbox 614 4764 707 4820; x_wconf 89' lang='lat' dir='ltr'><strong>est</strong></span> <span class='ocrx_word' id='word_1_727' title='bbox 738 4754 852 4817; x_wconf 90' lang='lat' dir='ltr'><strong>hoc</strong></span> <span class='ocrx_word' id='word_1_728' title='bbox 884 4773 1120 4836; x_wconf 91' lang='lat' dir='ltr'><strong>quoque</strong></span> <span class='ocrx_word' id='word_1_729' title='bbox 1151 4755 1395 4836; x_wconf 85' lang='lat' dir='ltr'><strong>dignum</strong></span> <span class='ocrx_word' id='word_1_730' title='bbox 1430 4757 1590 4835; x_wconf 87' lang='lat' dir='ltr'><strong>quod</strong></span> <span class='ocrx_word' id='word_1_731' title='bbox 1654 4766 1953 4835; x_wconf 88' lang='lat' dir='ltr'><strong>narretur,</strong></span> <span class='ocrx_word' id='word_1_732' title='bbox 2011 4766 2071 4821; x_wconf 91' lang='lat' dir='ltr'><strong>et</strong></span> 
     </span>
    </p>
   </div>
   <div class='ocr_carea' id='block_1_100' title="bbox 415 4844 1093 4910">
    <p class='ocr_par' dir='ltr' id='par_1_100' title="bbox 415 4844 1093 4910">
     <span class='ocr_line' id='line_1_100' title="bbox 415 4844 1093 4910; baseline 0.003 -2"><span class='ocrx_word' id='word_1_733' title='bbox 415 4844 734 4909; x_wconf 85' lang='lat' dir='ltr'><strong>mandetur</strong></span> <span class='ocrx_word' id='word_1_734' title='bbox 765 4845 1093 4910; x_wconf 84' lang='lat' dir='ltr'><strong>memoriae.</strong></span> 
     </span>
    </p>
   </div>
   <div class='ocr_carea' id='block_1_101' title="bbox 496 4932 2067 5019">
    <p class='ocr_par' dir='ltr' id='par_1_101' title="bbox 496 4932 2067 5019">
     <span class='ocr_line' id='line_1_101' title="bbox 496 4932 2067 5019; baseline 0.003 -22"><span class='ocrx_word' id='word_1_735' title='bbox 496 4932 625 4999; x_wconf 80' lang='lat' dir='ltr'><strong>VH.</strong></span> <span class='ocrx_word' id='word_1_736' title='bbox 656 4934 843 4999; x_wconf 87' lang='lat' dir='ltr'><strong>Aiunt</strong></span> <span class='ocrx_word' id='word_1_737' title='bbox 862 4935 1180 5017; x_wconf 87' lang='lat' dir='ltr'><strong>quemdam</strong></span> <span class='ocrx_word' id='word_1_738' title='bbox 1208 4955 1441 5017; x_wconf 86' lang='lat' dir='ltr'><strong>magum</strong></span> <span class='ocrx_word' id='word_1_739' title='bbox 1473 4944 1572 5019; x_wconf 92' lang='lat' dir='ltr'><strong>qui</strong></span> <span class='ocrx_word' id='word_1_740' title='bbox 1602 4937 1930 5002; x_wconf 88' lang='lat' dir='ltr'><strong>vocabatur</strong></span> <span class='ocrx_word' id='word_1_741' title='bbox 1957 4938 2067 5001; x_wconf 90' lang='lat' dir='ltr'><strong>Za-</strong></span> 
     </span>
    </p>
   </div>
   <div class='ocr_carea' id='block_1_102' title="bbox 416 5024 2067 5109">
    <p class='ocr_par' dir='ltr' id='par_1_102' title="bbox 416 5024 2067 5109">
     <span class='ocr_line' id='line_1_102' title="bbox 416 5024 2067 5109; baseline 0.001 -22"><span class='ocrx_word' id='word_1_742' title='bbox 416 5040 578 5100; x_wconf 85' lang='lat' dir='ltr'><strong>reas,</strong></span> <span class='ocrx_word' id='word_1_743' title='bbox 615 5043 749 5088; x_wconf 91' lang='lat' dir='ltr'><strong>cum</strong></span> <span class='ocrx_word' id='word_1_744' title='bbox 787 5024 1073 5089; x_wconf 68' lang='lat' dir='ltr'><strong>malefica:</strong></span> <span class='ocrx_word' id='word_1_745' title='bbox 1091 5026 1233 5089; x_wconf 89' lang='lat' dir='ltr'><strong>artis</strong></span> <span class='ocrx_word' id='word_1_746' title='bbox 1263 5047 1562 5090; x_wconf 88' lang='lat' dir='ltr'><strong>summum</strong></span> <span class='ocrx_word' id='word_1_747' title='bbox 1586 5028 1880 5109; x_wconf 86' lang='lat' dir='ltr'><strong>attigisset</strong></span> <span class='ocrx_word' id='word_1_748' title='bbox 1900 5029 2067 5091; x_wconf 87' lang='lat' dir='ltr'><strong>fasti-</strong></span> 
     </span>
    </p>
   </div>
   <div class='ocr_carea' id='block_1_103' title="bbox 417 5113 2067 5195">
    <p class='ocr_par' dir='ltr' id='par_1_103' title="bbox 417 5113 2067 5195">
     <span class='ocr_line' id='line_1_103' title="bbox 417 5113 2067 5195; baseline 0.002 -18"><span class='ocrx_word' id='word_1_749' title='bbox 417 5114 606 5195; x_wconf 87' lang='lat' dir='ltr'><strong>gium,</strong></span> <span class='ocrx_word' id='word_1_750' title='bbox 643 5113 705 5177; x_wconf 90' lang='lat' dir='ltr'><strong>iu</strong></span> <span class='ocrx_word' id='word_1_751' title='bbox 736 5114 857 5177; x_wconf 90' lang='lat' dir='ltr'><strong>illis</strong></span> <span class='ocrx_word' id='word_1_752' title='bbox 888 5115 1040 5178; x_wconf 90' lang='lat' dir='ltr'><strong>locis</strong></span> <span class='ocrx_word' id='word_1_753' title='bbox 1070 5134 1201 5179; x_wconf 88' lang='lat' dir='ltr'><strong>esse</strong></span> <span class='ocrx_word' id='word_1_754' title='bbox 1251 5126 1549 5181; x_wconf 86' lang='lat' dir='ltr'><strong>versatum</strong></span> <span class='ocrx_word' id='word_1_755' title='bbox 1608 5118 1682 5179; x_wconf 91' lang='lat' dir='ltr'><strong>ad</strong></span> <span class='ocrx_word' id='word_1_756' title='bbox 1745 5118 2067 5181; x_wconf 90' lang='lat' dir='ltr'><strong>multorum</strong></span> 
     </span>
    </p>
   </div>
   <div class='ocr_carea' id='block_1_104' title="bbox 418 5204 2065 5289">
    <p class='ocr_par' dir='ltr' id='par_1_104' title="bbox 418 5204 2065 5289">
     <span class='ocr_line' id='line_1_104' title="bbox 418 5204 2065 5289; baseline 0.004 -24"><span class='ocrx_word' id='word_1_757' title='bbox 418 5204 691 5282; x_wconf 86' lang='lat' dir='ltr'><strong>exitium,</strong></span> <span class='ocrx_word' id='word_1_758' title='bbox 726 5223 938 5287; x_wconf 91' lang='lat' dir='ltr'><strong>magna</strong></span> <span class='ocrx_word' id='word_1_759' title='bbox 994 5213 1053 5268; x_wconf 91' lang='lat' dir='ltr'><strong>et</strong></span> <span class='ocrx_word' id='word_1_760' title='bbox 1082 5206 1246 5269; x_wconf 86' lang='lat' dir='ltr'><strong>varia</strong></span> <span class='ocrx_word' id='word_1_761' title='bbox 1287 5206 1498 5270; x_wconf 87' lang='lat' dir='ltr'><strong>fraude</strong></span> <span class='ocrx_word' id='word_1_762' title='bbox 1530 5216 1799 5270; x_wconf 87' lang='lat' dir='ltr'><strong>utentem</strong></span> <span class='ocrx_word' id='word_1_763' title='bbox 1839 5225 1852 5266; x_wconf 91' lang='lat'>:</span> <span class='ocrx_word' id='word_1_764' title='bbox 1888 5227 2065 5289; x_wconf 90' lang='lat' dir='ltr'><strong>quem</strong></span> 
     </span>
    </p>
   </div>
   <div class='ocr_carea' id='block_1_105' title="bbox 417 5291 2069 5387">
    <p class='ocr_par' dir='ltr' id='par_1_105' title="bbox 417 5291 2069 5387">
     <span class='ocr_line' id='line_1_105' title="bbox 417 5291 2069 5387; baseline 0.005 -33"><span class='ocrx_word' id='word_1_765' title='bbox 417 5291 579 5358; x_wconf 91' lang='lat' dir='ltr'><strong>inter</strong></span> <span class='ocrx_word' id='word_1_766' title='bbox 605 5302 820 5358; x_wconf 81' lang='lat' dir='ltr'><strong>caetera</strong></span> <span class='ocrx_word' id='word_1_767' title='bbox 849 5295 1053 5359; x_wconf 88' lang='lat' dir='ltr'><strong>dicunt</strong></span> <span class='ocrx_word' id='word_1_768' title='bbox 1100 5314 1312 5359; x_wconf 90' lang='lat' dir='ltr'><strong>ausum</strong></span> <span class='ocrx_word' id='word_1_769' title='bbox 1345 5315 1477 5359; x_wconf 86' lang='lat' dir='ltr'><strong>esse</strong></span> <span class='ocrx_word' id='word_1_770' title='bbox 1507 5296 1736 5376; x_wconf 89' lang='lat' dir='ltr'><strong>aliquid</strong></span> <span class='ocrx_word' id='word_1_771' title='bbox 1772 5298 2069 5387; x_wconf 76' lang='lat' dir='ltr'><strong>ejusmodi</strong></span> 
     </span>
    </p>
   </div>
   <div class='ocr_carea' id='block_1_106' title="bbox 503 5438 962 5516">
    <p class='ocr_par' dir='ltr' id='par_1_106' title="bbox 503 5438 962 5516">
     <span class='ocr_line' id='line_1_106' title="bbox 503 5438 962 5516; baseline -0.004 -14"><span class='ocrx_word' id='word_1_772' title='bbox 503 5438 533 5483; x_wconf 66' lang='grc' dir='ltr'><strong>ε</strong></span> <span class='ocrx_word' id='word_1_773' title='bbox 556 5439 672 5503; x_wconf 84' lang='lat' dir='ltr'><strong>Isa.</strong></span> <span class='ocrx_word' id='word_1_774' title='bbox 705 5455 865 5516; x_wconf 81' lang='lat' dir='ltr'><strong>xxvr,</strong></span> <span class='ocrx_word' id='word_1_775' title='bbox 906 5438 962 5501; x_wconf 87' lang='lat'><strong>7.</strong></span> 
     </span>
    </p>
   </div>
   <div class='ocr_carea' id='block_1_107' title="bbox 2152 4662 3522 4744">
    <p class='ocr_par' dir='ltr' id='par_1_107' title="bbox 2152 4662 3522 4744">
     <span class='ocr_line' id='line_1_107' title="bbox 2152 4662 3522 4744; baseline -0.004 -19"><span class='ocrx_word' id='word_1_776' title='bbox 2152 4670 2342 4726; x_wconf 77' lang='grc' dir='ltr'>ὁποῖον</span> <span class='ocrx_word' id='word_1_777' title='bbox 2385 4663 2451 4733; x_wconf 79' lang='grc' dir='ltr'><strong>δὴ</strong></span> <span class='ocrx_word' id='word_1_778' title='bbox 2482 4666 2569 4722; x_wconf 88' lang='grc' dir='ltr'><strong>καὶ</strong></span> <span class='ocrx_word' id='word_1_779' title='bbox 2600 4672 2755 4722; x_wconf 80' lang='grc' dir='ltr'>τοῦτο</span> <span class='ocrx_word' id='word_1_780' title='bbox 2786 4663 2946 4744; x_wconf 83' lang='grc' dir='ltr'>λόγου</span> <span class='ocrx_word' id='word_1_781' title='bbox 2977 4665 3062 4721; x_wconf 81' lang='grc' dir='ltr'><strong>καὶ</strong></span> <span class='ocrx_word' id='word_1_782' title='bbox 3095 4665 3315 4739; x_wconf 66' lang='grc' dir='ltr'>μνήμης</span> <span class='ocrx_word' id='word_1_783' title='bbox 3359 4662 3522 4728; x_wconf 75' lang='grc' dir='ltr'>ἄξιον,</span> 
     </span>
    </p>
   </div>
   <div class='ocr_carea' id='block_1_108' title="bbox 2233 4926 3798 5012">
    <p class='ocr_par' dir='ltr' id='par_1_108' title="bbox 2233 4926 3798 5012">
     <span class='ocr_line' id='line_1_108' title="bbox 2233 4926 3798 5012; baseline -0.004 -20"><span class='ocrx_word' id='word_1_784' title='bbox 2233 4936 2316 4996; x_wconf 89' lang='lat' dir='ltr'><strong>Z’.</strong></span> <span class='ocrx_word' id='word_1_785' title='bbox 2356 4935 2493 4992; x_wconf 79' lang='grc' dir='ltr'>Φασί</span> <span class='ocrx_word' id='word_1_786' title='bbox 2522 4957 2638 4992; x_wconf 85' lang='grc' dir='ltr'>τινα</span> <span class='ocrx_word' id='word_1_787' title='bbox 2687 4934 2857 5012; x_wconf 86' lang='grc' dir='ltr'>μάγον</span> <span class='ocrx_word' id='word_1_788' title='bbox 2890 4935 3084 5009; x_wconf 83' lang='grc' dir='ltr'>Ζαρέαν</span> <span class='ocrx_word' id='word_1_789' title='bbox 3139 4931 3466 5008; x_wconf 85' lang='grc' dir='ltr'>καλούμενον</span> <span class='ocrx_word' id='word_1_790' title='bbox 3520 4929 3645 4989; x_wconf 72' lang='grc' dir='ltr'>αὐτὸ</span> <span class='ocrx_word' id='word_1_791' title='bbox 3701 4926 3798 4995; x_wconf 75' lang='grc' dir='ltr'>τῆς</span> 
     </span>
    </p>
   </div>
   <div class='ocr_carea' id='block_1_109' title="bbox 2154 5020 3805 5107">
    <p class='ocr_par' dir='ltr' id='par_1_109' title="bbox 2154 5020 3805 5107">
     <span class='ocr_line' id='line_1_109' title="bbox 2154 5020 3805 5107; baseline -0.006 -23"><span class='ocrx_word' id='word_1_792' title='bbox 2154 5026 2511 5107; x_wconf 62' lang='grc' dir='ltr'>κακοτεχνίας</span> <span class='ocrx_word' id='word_1_793' title='bbox 2542 5025 2811 5104; x_wconf 76' lang='grc' dir='ltr'>φθάσαντα</span> <span class='ocrx_word' id='word_1_794' title='bbox 2854 5026 2914 5080; x_wconf 77' lang='grc' dir='ltr'>τὸ</span> <span class='ocrx_word' id='word_1_795' title='bbox 2946 5024 3256 5102; x_wconf 71' lang='grc' dir='ltr'>ἀκρότατον,</span> <span class='ocrx_word' id='word_1_796' title='bbox 3304 5034 3421 5086; x_wconf 73' lang='grc' dir='ltr'>τοῖς</span> <span class='ocrx_word' id='word_1_797' title='bbox 3453 5020 3570 5077; x_wconf 77' lang='grc' dir='ltr'>ἐκεῖ</span> <span class='ocrx_word' id='word_1_798' title='bbox 3620 5026 3805 5084; x_wconf 86' lang='grc' dir='ltr'>τόποις</span> 
     </span>
    </p>
   </div>
   <div class='ocr_carea' id='block_1_110' title="bbox 2152 5110 3806 5194">
    <p class='ocr_par' dir='ltr' id='par_1_110' title="bbox 2152 5110 3806 5194">
     <span class='ocr_line' id='line_1_110' title="bbox 2152 5110 3806 5194; baseline -0.007 -18"><span class='ocrx_word' id='word_1_799' title='bbox 2152 5118 2238 5176; x_wconf 78' lang='grc' dir='ltr'>ἐπὶ</span> <span class='ocrx_word' id='word_1_800' title='bbox 2292 5117 2435 5194; x_wconf 79' lang='grc' dir='ltr'>λύμῃ</span> <span class='ocrx_word' id='word_1_801' title='bbox 2490 5115 2699 5173; x_wconf 82' lang='grc' dir='ltr'>πολλῶν</span> <span class='ocrx_word' id='word_1_802' title='bbox 2756 5114 3117 5193; x_wconf 82' lang='grc' dir='ltr'>ἐπιχωριασαι</span> <span class='ocrx_word' id='word_1_803' title='bbox 3173 5111 3320 5189; x_wconf 83' lang='grc' dir='ltr'>δεινῇ</span> <span class='ocrx_word' id='word_1_804' title='bbox 3367 5117 3438 5188; x_wconf 82' lang='grc' dir='ltr'>τῇ</span> <span class='ocrx_word' id='word_1_805' title='bbox 3480 5111 3661 5187; x_wconf 73' lang='grc' dir='ltr'>ἀπάτη</span> <span class='ocrx_word' id='word_1_806' title='bbox 3719 5110 3806 5166; x_wconf 80' lang='grc' dir='ltr'><strong>καὶ</strong></span> 
     </span>
    </p>
   </div>
   <div class='ocr_carea' id='block_1_111' title="bbox 2152 5200 3805 5288">
    <p class='ocr_par' dir='ltr' id='par_1_111' title="bbox 2152 5200 3805 5288">
     <span class='ocr_line' id='line_1_111' title="bbox 2152 5200 3805 5288; baseline -0.008 -20"><span class='ocrx_word' id='word_1_807' title='bbox 2152 5207 2330 5284; x_wconf 76' lang='grc' dir='ltr'>πολλῇ</span> <span class='ocrx_word' id='word_1_808' title='bbox 2357 5207 2666 5288; x_wconf 78' lang='grc' dir='ltr'>χρώμενον,</span> <span class='ocrx_word' id='word_1_809' title='bbox 2714 5203 2772 5261; x_wconf 84' lang='grc' dir='ltr'>ὅν</span> <span class='ocrx_word' id='word_1_810' title='bbox 2804 5204 2942 5278; x_wconf 83' lang='grc' dir='ltr'>μετὰ</span> <span class='ocrx_word' id='word_1_811' title='bbox 2970 5208 3075 5258; x_wconf 76' lang='grc' dir='ltr'>τῶν</span> <span class='ocrx_word' id='word_1_812' title='bbox 3121 5200 3298 5258; x_wconf 78' lang='grc' dir='ltr'>ἄλλων</span> <span class='ocrx_word' id='word_1_813' title='bbox 3329 5204 3415 5258; x_wconf 84' lang='grc' dir='ltr'><strong>καὶ</strong></span> <span class='ocrx_word' id='word_1_814' title='bbox 3458 5201 3695 5258; x_wconf 83' lang='grc' dir='ltr'>τοιοῦτόν</span> <span class='ocrx_word' id='word_1_815' title='bbox 3758 5220 3805 5255; x_wconf 88' lang='grc' dir='ltr'><strong>τι</strong></span> 
     </span>
    </p>
   </div>
   <div class='ocr_carea' id='block_1_112' title="bbox 2150 5289 3805 5372">
    <p class='ocr_par' dir='ltr' id='par_1_112' title="bbox 2150 5289 3805 5372">
     <span class='ocr_line' id='line_1_112' title="bbox 2150 5289 3805 5372; baseline -0.008 -15"><span class='ocrx_word' id='word_1_816' title='bbox 2150 5299 2422 5372; x_wconf 76' lang='grc' dir='ltr'>τολμῆσαι</span> <span class='ocrx_word' id='word_1_817' title='bbox 2476 5293 2891 5371; x_wconf 78' lang='grc' dir='ltr'>θεομισέστατον</span> <span class='ocrx_word' id='word_1_818' title='bbox 2935 5294 3094 5372; x_wconf 70' lang='grc' dir='ltr'><strong>φήμῃ</strong></span> <span class='ocrx_word' id='word_1_819' title='bbox 3150 5293 3249 5348; x_wconf 87' lang='grc' dir='ltr'>τινὶ</span> <span class='ocrx_word' id='word_1_820' title='bbox 3296 5289 3586 5349; x_wconf 69' lang='grc' dir='ltr'>σπουδάσαι</span> <span class='ocrx_word' id='word_1_821' title='bbox 3650 5310 3805 5368; x_wconf 86' lang='grc' dir='ltr'>περι-</span> 
     </span>
    </p>
   </div>
   <div class='ocr_carea' id='block_1_113' title="bbox 505 5584 2067 5680">
    <p class='ocr_par' dir='ltr' id='par_1_113' title="bbox 505 5585 2067 5680">
     <span class='ocr_line' id='line_1_113' title="bbox 505 5585 2067 5680; baseline 0.003 -30"><span class='ocrx_word' id='word_1_822' title='bbox 505 5587 592 5680; x_wconf 78' lang='grc'><strong>(1)</strong></span> <span class='ocrx_word' id='word_1_823' title='bbox 623 5585 952 5680; x_wconf 73' lang='lat' dir='ltr'><strong>Heliopolis</strong></span> <span class='ocrx_word' id='word_1_824' title='bbox 981 5585 1234 5680; x_wconf 68' lang='lat' dir='ltr'><strong>scilicet.</strong></span> <span class='ocrx_word' id='word_1_825' title='bbox 1263 5621 1345 5678; x_wconf 56' lang='grc' dir='ltr'><strong>ς-</strong></span> <span class='ocrx_word' id='word_1_826' title='bbox 1374 5585 1441 5649; x_wconf 89' lang='lat' dir='ltr'><strong>In</strong></span> <span class='ocrx_word' id='word_1_827' title='bbox 1473 5587 1836 5653; x_wconf 88' lang='lat' dir='ltr'><strong>monasterio</strong></span> <span class='ocrx_word' id='word_1_828' title='bbox 1884 5594 2067 5661; x_wconf 87' lang='lat' dir='ltr'><strong>Helen</strong></span> 
     </span>
    </p>
   </div>
   <div class='ocr_carea' id='block_1_114' title="bbox 2156 5584 3801 5680">
    <p class='ocr_par' dir='ltr' id='par_1_114' title="bbox 2156 5584 3801 5674">
     <span class='ocr_line' id='line_1_114' title="bbox 2156 5584 3801 5674; baseline -0.007 -18"><span class='ocrx_word' id='word_1_829' title='bbox 2156 5590 2425 5674; x_wconf 88' lang='lat' dir='ltr'><strong>nonacbi,</strong></span> <span class='ocrx_word' id='word_1_830' title='bbox 2460 5607 2609 5673; x_wconf 91' lang='lat' dir='ltr'><strong>quos</strong></span> <span class='ocrx_word' id='word_1_831' title='bbox 2640 5584 2898 5652; x_wconf 85' lang='lat' dir='ltr'><strong>Essenos</strong></span> <span class='ocrx_word' id='word_1_832' title='bbox 2942 5594 3110 5650; x_wconf 91' lang='lat' dir='ltr'><strong>vocat</strong></span> <span class='ocrx_word' id='word_1_833' title='bbox 3136 5585 3327 5663; x_wconf 88' lang='lat' dir='ltr'><strong>Philo,</strong></span> <span class='ocrx_word' id='word_1_834' title='bbox 3361 5584 3665 5667; x_wconf 87' lang='lat' dir='ltr'><strong>perpetuis</strong></span> <span class='ocrx_word' id='word_1_835' title='bbox 3695 5601 3801 5645; x_wconf 85' lang='lat' dir='ltr'><strong>va-</strong></span> 
     </span>
    </p>
   </div>
   <div class='ocr_carea' id='block_1_115' title="bbox 423 5665 1337 5752">
    <p class='ocr_par' dir='ltr' id='par_1_115' title="bbox 423 5665 1337 5752">
     <span class='ocr_line' id='line_1_115' title="bbox 423 5665 1337 5752; baseline -0.008 -14"><span class='ocrx_word' id='word_1_836' title='bbox 423 5665 642 5738; x_wconf 72' lang='lat' dir='ltr'><strong>cubant</strong></span> <span class='ocrx_word' id='word_1_837' title='bbox 660 5665 941 5752; x_wconf 83' lang='lat' dir='ltr'><strong>precibus</strong></span> <span class='ocrx_word' id='word_1_838' title='bbox 972 5674 1033 5729; x_wconf 89' lang='lat' dir='ltr'><strong>et</strong></span> <span class='ocrx_word' id='word_1_839' title='bbox 1061 5665 1337 5731; x_wconf 88' lang='lat' dir='ltr'><strong>canticis.</strong></span> 
     </span>
    </p>
   </div>
  </div>
