  <div class='ocr_page' id='page_1' title='image "/cluster/home/n/w/nwhite01/storage/ocr_20150623/116:no.3/coo.31924054870203/316.png"; bbox 0 0 4148 6394; ppageno 0'>
   <div class='ocr_carea' id='block_1_1' title="bbox 331 326 450 406">
    <p class='ocr_par' dir='ltr' id='par_1_1' title="bbox 331 326 450 406">
     <span class='ocr_line' id='line_1_1' title="bbox 331 326 450 406; baseline -0.034 0"><span class='ocrx_word' id='word_1_1' title='bbox 331 326 450 406; x_wconf 78' lang='grc'><strong>617</strong></span> 
     </span>
    </p>
   </div>
   <div class='ocr_carea' id='block_1_2' title="bbox 1517 334 2544 406">
    <p class='ocr_par' dir='ltr' id='par_1_2' title="bbox 1517 334 2544 406">
     <span class='ocr_line' id='line_1_2' title="bbox 1517 334 2544 406; baseline -0.004 -2"><span class='ocrx_word' id='word_1_2' title='bbox 1517 341 1986 406; x_wconf 83' lang='lat' dir='ltr'><strong>MARTYBIUM</strong></span> <span class='ocrx_word' id='word_1_3' title='bbox 2030 334 2091 403; x_wconf 90' lang='lat' dir='ltr'><strong>S.</strong></span> <span class='ocrx_word' id='word_1_4' title='bbox 2157 338 2544 404; x_wconf 79' lang='lat' dir='ltr'><strong>EUGENI/E.</strong></span> 
     </span>
    </p>
   </div>
   <div class='ocr_carea' id='block_1_3' title="bbox 3593 345 3713 412">
    <p class='ocr_par' dir='ltr' id='par_1_3' title="bbox 3593 345 3713 412">
     <span class='ocr_line' id='line_1_3' title="bbox 3593 345 3713 412; baseline 0 -1"><span class='ocrx_word' id='word_1_5' title='bbox 3593 345 3713 412; x_wconf 86' lang='grc'><strong>618</strong></span> 
     </span>
    </p>
   </div>
   <div class='ocr_carea' id='block_1_4' title="bbox 333 472 1981 559">
    <p class='ocr_par' dir='ltr' id='par_1_4' title="bbox 333 477 1972 559">
     <span class='ocr_line' id='line_1_4' title="bbox 333 477 1972 559; baseline -0.001 -24"><span class='ocrx_word' id='word_1_6' title='bbox 333 477 518 535; x_wconf 80' lang='grc' dir='ltr'>λαϐεῖν</span> <span class='ocrx_word' id='word_1_7' title='bbox 548 479 669 542; x_wconf 84' lang='grc' dir='ltr'>τοὺς</span> <span class='ocrx_word' id='word_1_8' title='bbox 713 478 1037 559; x_wconf 65' lang='grc' dir='ltr'>ἐπιχωρίόυς</span> <span class='ocrx_word' id='word_1_9' title='bbox 1067 480 1136 543; x_wconf 81' lang='grc' dir='ltr'>ὠς</span> <span class='ocrx_word' id='word_1_10' title='bbox 1167 479 1320 541; x_wconf 78' lang='grc' dir='ltr'>αὐτὸς</span> <span class='ocrx_word' id='word_1_11' title='bbox 1365 479 1462 552; x_wconf 80' lang='grc' dir='ltr'>μὲν</span> <span class='ocrx_word' id='word_1_12' title='bbox 1494 477 1585 544; x_wconf 71' lang='grc' dir='ltr'>εἴη</span> <span class='ocrx_word' id='word_1_13' title='bbox 1629 477 1972 553; x_wconf 71' lang='grc' dir='ltr'>ἀπεστλλμέσ-</span> 
     </span>
    </p>
   </div>
   <div class='ocr_carea' id='block_1_5' title="bbox 2066 472 3714 559">
    <p class='ocr_par' dir='ltr' id='par_1_5' title="bbox 2066 472 3714 558">
     <span class='ocr_line' id='line_1_5' title="bbox 2066 472 3714 558; baseline 0.004 -21"><span class='ocrx_word' id='word_1_14' title='bbox 2066 475 2186 538; x_wconf 87' lang='lat' dir='ltr'><strong>Deo</strong></span> <span class='ocrx_word' id='word_1_15' title='bbox 2239 477 2492 537; x_wconf 82' lang='lat' dir='ltr'><strong>maxime</strong></span> <span class='ocrx_word' id='word_1_16' title='bbox 2554 472 2830 546; x_wconf 89' lang='lat' dir='ltr'><strong>invisum,</strong></span> <span class='ocrx_word' id='word_1_17' title='bbox 2893 491 3108 554; x_wconf 84' lang='lat' dir='ltr'><strong>nempe</strong></span> <span class='ocrx_word' id='word_1_18' title='bbox 3163 475 3374 537; x_wconf 89' lang='lat' dir='ltr'><strong>famam</strong></span> <span class='ocrx_word' id='word_1_19' title='bbox 3425 481 3714 558; x_wconf 83' lang='lat' dir='ltr'><strong>sparsisse</strong></span> 
     </span>
    </p>
   </div>
   <div class='ocr_carea' id='block_1_6' title="bbox 334 567 1982 647">
    <p class='ocr_par' dir='ltr' id='par_1_6' title="bbox 334 567 1982 647">
     <span class='ocr_line' id='line_1_6' title="bbox 334 567 1982 647; baseline -0.001 -22"><span class='ocrx_word' id='word_1_20' title='bbox 334 591 424 632; x_wconf 83' lang='grc' dir='ltr'><strong>νος</strong></span> <span class='ocrx_word' id='word_1_21' title='bbox 476 569 578 624; x_wconf 78' lang='grc' dir='ltr'><strong>ὑπὸ</strong></span> <span class='ocrx_word' id='word_1_22' title='bbox 639 576 863 647; x_wconf 76' lang='grc' dir='ltr'><strong>Χριστοῦ</strong></span> <span class='ocrx_word' id='word_1_23' title='bbox 908 568 1185 647; x_wconf 69' lang='grc' dir='ltr'>εὐεργέτης</span> <span class='ocrx_word' id='word_1_24' title='bbox 1233 568 1519 646; x_wconf 87' lang='grc' dir='ltr'>ἀνθρωπων</span> <span class='ocrx_word' id='word_1_25' title='bbox 1576 567 1672 622; x_wconf 69' lang='grc' dir='ltr'><strong>καῖ</strong></span> <span class='ocrx_word' id='word_1_26' title='bbox 1729 567 1982 624; x_wconf 83' lang='grc' dir='ltr'>διδάσκα-</span> 
     </span>
    </p>
   </div>
   <div class='ocr_carea' id='block_1_7' title="bbox 337 655 1984 737">
    <p class='ocr_par' dir='ltr' id='par_1_7' title="bbox 337 655 1984 737">
     <span class='ocr_line' id='line_1_7' title="bbox 337 655 1984 737; baseline 0 -25"><span class='ocrx_word' id='word_1_27' title='bbox 337 673 425 721; x_wconf 77' lang='grc' dir='ltr'><strong>Λος</strong></span> <span class='ocrx_word' id='word_1_28' title='bbox 459 659 681 737; x_wconf 81' lang='grc' dir='ltr'>ἀγαθὸς,</span> <span class='ocrx_word' id='word_1_29' title='bbox 716 657 912 734; x_wconf 68' lang='grc' dir='ltr'>ψευδὴς</span> <span class='ocrx_word' id='word_1_30' title='bbox 943 657 1000 713; x_wconf 80' lang='grc' dir='ltr'>δὲ</span> <span class='ocrx_word' id='word_1_31' title='bbox 1055 657 1282 722; x_wconf 66' lang='grc' dir='ltr'><strong>ηΕλενος</strong></span> <span class='ocrx_word' id='word_1_32' title='bbox 1313 657 1488 732; x_wconf 80' lang='grc' dir='ltr'>μάτην</span> <span class='ocrx_word' id='word_1_33' title='bbox 1533 658 1702 732; x_wconf 80' lang='grc' dir='ltr'>ἐαυτῷ</span> <span class='ocrx_word' id='word_1_34' title='bbox 1745 659 1805 713; x_wconf 86' lang='grc' dir='ltr'>τὸ</span> <span class='ocrx_word' id='word_1_35' title='bbox 1835 655 1984 713; x_wconf 85' lang='grc' dir='ltr'>διδα-</span> 
     </span>
    </p>
   </div>
   <div class='ocr_carea' id='block_1_8' title="bbox 334 745 1987 826">
    <p class='ocr_par' dir='ltr' id='par_1_8' title="bbox 334 745 1987 826">
     <span class='ocr_line' id='line_1_8' title="bbox 334 745 1987 826; baseline -0.002 -21"><span class='ocrx_word' id='word_1_36' title='bbox 334 746 599 805; x_wconf 77' lang='grc' dir='ltr'>σκαλικὸν</span> <span class='ocrx_word' id='word_1_37' title='bbox 655 746 861 822; x_wconf 76' lang='grc' dir='ltr'>ἀξίωμα</span> <span class='ocrx_word' id='word_1_38' title='bbox 945 747 1273 826; x_wconf 80' lang='grc' dir='ltr'>περιάπτων.</span> <span class='ocrx_word' id='word_1_39' title='bbox 1337 745 1580 820; x_wconf 85' lang='grc' dir='ltr'>Ἐνόμιζε</span> <span class='ocrx_word' id='word_1_40' title='bbox 1635 747 1734 824; x_wconf 80' lang='grc' dir='ltr'><strong>γὰρ</strong></span> <span class='ocrx_word' id='word_1_41' title='bbox 1792 748 1862 812; x_wconf 84' lang='grc' dir='ltr'>ὡς</span> <span class='ocrx_word' id='word_1_42' title='bbox 1943 746 1987 801; x_wconf 75' lang='grc' dir='ltr'><strong>εἰ</strong></span> 
     </span>
    </p>
   </div>
   <div class='ocr_carea' id='block_1_9' title="bbox 329 833 1988 914">
    <p class='ocr_par' dir='ltr' id='par_1_9' title="bbox 329 833 1988 914">
     <span class='ocr_line' id='line_1_9' title="bbox 329 833 1988 914; baseline -0.001 -22"><span class='ocrx_word' id='word_1_43' title='bbox 329 838 425 893; x_wconf 78' lang='grc' dir='ltr'><strong>τὸν</strong></span> <span class='ocrx_word' id='word_1_44' title='bbox 487 835 718 911; x_wconf 79' lang='grc' dir='ltr'>ποιμένα</span> <span class='ocrx_word' id='word_1_45' title='bbox 774 843 849 912; x_wconf 81' lang='grc' dir='ltr'>τῷ</span> <span class='ocrx_word' id='word_1_46' title='bbox 919 837 1147 910; x_wconf 66' lang='grc' dir='ltr'>ποιμνίῳ</span> <span class='ocrx_word' id='word_1_47' title='bbox 1207 833 1601 914; x_wconf 86' lang='grc' dir='ltr'>ἐγπολεμώσοι,</span> <span class='ocrx_word' id='word_1_48' title='bbox 1645 843 1738 892; x_wconf 75' lang='grc' dir='ltr'>τοῦ</span> <span class='ocrx_word' id='word_1_49' title='bbox 1799 834 1988 892; x_wconf 84' lang='grc' dir='ltr'>λοιποῦ</span> 
     </span>
    </p>
   </div>
   <div class='ocr_carea' id='block_1_10' title="bbox 327 923 1985 1006">
    <p class='ocr_par' dir='ltr' id='par_1_10' title="bbox 327 923 1985 1006">
     <span class='ocr_line' id='line_1_10' title="bbox 327 923 1985 1006; baseline 0 -26"><span class='ocrx_word' id='word_1_50' title='bbox 327 924 520 1004; x_wconf 76' lang='grc' dir='ltr'>ῥᾳδίως</span> <span class='ocrx_word' id='word_1_51' title='bbox 598 930 782 989; x_wconf 73' lang='grc' dir='ltr'>αὒτοϊς</span> <span class='ocrx_word' id='word_1_52' title='bbox 868 927 1048 1000; x_wconf 80' lang='grc' dir='ltr'>ὥσπερ</span> <span class='ocrx_word' id='word_1_53' title='bbox 1127 923 1442 1006; x_wconf 75' lang='grc' dir='ltr'>ἀφυλάκτοις</span> <span class='ocrx_word' id='word_1_54' title='bbox 1516 923 1746 980; x_wconf 85' lang='grc' dir='ltr'>ἐπελθὼν</span> <span class='ocrx_word' id='word_1_55' title='bbox 1821 928 1985 1002; x_wconf 81' lang='grc' dir='ltr'>θρεμ-</span> 
     </span>
    </p>
   </div>
   <div class='ocr_carea' id='block_1_11' title="bbox 330 1015 1988 1095">
    <p class='ocr_par' dir='ltr' id='par_1_11' title="bbox 330 1015 1988 1095">
     <span class='ocr_line' id='line_1_11' title="bbox 330 1015 1988 1095; baseline -0.001 -23"><span class='ocrx_word' id='word_1_56' title='bbox 330 1038 492 1091; x_wconf 85' lang='grc' dir='ltr'>μασι,</span> <span class='ocrx_word' id='word_1_57' title='bbox 560 1017 772 1095; x_wconf 72' lang='grc' dir='ltr'>θήραμα</span> <span class='ocrx_word' id='word_1_58' title='bbox 829 1019 923 1073; x_wconf 70' lang='grc' dir='ltr'><strong>οὒκ</strong></span> <span class='ocrx_word' id='word_1_59' title='bbox 979 1018 1436 1094; x_wconf 72' lang='grc' dir='ltr'>εὐκαταφρόνητον</span> <span class='ocrx_word' id='word_1_60' title='bbox 1496 1021 1572 1089; x_wconf 81' lang='grc' dir='ltr'>τῷ</span> <span class='ocrx_word' id='word_1_61' title='bbox 1628 1015 1783 1092; x_wconf 84' lang='grc' dir='ltr'>πατρὶ</span> <span class='ocrx_word' id='word_1_62' title='bbox 1830 1017 1988 1072; x_wconf 78' lang='grc' dir='ltr'>αύτοῦ</span> 
     </span>
    </p>
   </div>
   <div class='ocr_carea' id='block_1_12' title="bbox 326 1103 1988 1186">
    <p class='ocr_par' dir='ltr' id='par_1_12' title="bbox 326 1103 1988 1186">
     <span class='ocr_line' id='line_1_12' title="bbox 326 1103 1988 1186; baseline -0.002 -23"><span class='ocrx_word' id='word_1_63' title='bbox 326 1112 409 1180; x_wconf 82' lang='grc' dir='ltr'>τῷ</span> <span class='ocrx_word' id='word_1_64' title='bbox 461 1104 691 1179; x_wconf 81' lang='grc' dir='ltr'>διαϐόλῳ</span> <span class='ocrx_word' id='word_1_65' title='bbox 741 1120 1148 1186; x_wconf 65' lang='grc' dir='ltr'><strong>προσενεγκεῖν,</strong></span> <span class='ocrx_word' id='word_1_66' title='bbox 1180 1115 1353 1163; x_wconf 83' lang='grc' dir='ltr'>Ταῦτα</span> <span class='ocrx_word' id='word_1_67' title='bbox 1409 1103 1580 1182; x_wconf 78' lang='grc' dir='ltr'>λέγων</span> <span class='ocrx_word' id='word_1_68' title='bbox 1637 1105 1843 1163; x_wconf 73' lang='grc' dir='ltr'>ἐκεῖνος</span> <span class='ocrx_word' id='word_1_69' title='bbox 1899 1104 1988 1160; x_wconf 86' lang='grc' dir='ltr'><strong>καὶ</strong></span> 
     </span>
    </p>
   </div>
   <div class='ocr_carea' id='block_1_13' title="bbox 328 1192 1984 1274">
    <p class='ocr_par' dir='ltr' id='par_1_13' title="bbox 328 1192 1984 1274">
     <span class='ocr_line' id='line_1_13' title="bbox 328 1192 1984 1274; baseline -0.003 -21"><span class='ocrx_word' id='word_1_70' title='bbox 328 1200 557 1260; x_wconf 89' lang='grc' dir='ltr'>πιθανος</span> <span class='ocrx_word' id='word_1_71' title='bbox 599 1196 665 1263; x_wconf 75' lang='grc' dir='ltr'>ἦν</span> <span class='ocrx_word' id='word_1_72' title='bbox 713 1199 778 1253; x_wconf 71' lang='grc' dir='ltr'><strong>ἐκ</strong></span> <span class='ocrx_word' id='word_1_73' title='bbox 832 1195 1176 1274; x_wconf 74' lang='grc' dir='ltr'><strong>κακουργίας,</strong></span> <span class='ocrx_word' id='word_1_74' title='bbox 1239 1194 1395 1251; x_wconf 82' lang='grc' dir='ltr'>’Ἰστε</span> <span class='ocrx_word' id='word_1_75' title='bbox 1453 1194 1553 1272; x_wconf 76' lang='grc' dir='ltr'>γὰρ</span> <span class='ocrx_word' id='word_1_76' title='bbox 1603 1192 1745 1258; x_wconf 74' lang='grc' dir='ltr'>ὅπως</span> <span class='ocrx_word' id='word_1_77' title='bbox 1800 1196 1984 1250; x_wconf 57' lang='grc' dir='ltr'>ἄνυσις</span> 
     </span>
    </p>
   </div>
   <div class='ocr_carea' id='block_1_14' title="bbox 330 1281 1984 1362">
    <p class='ocr_par' dir='ltr' id='par_1_14' title="bbox 330 1281 1984 1362">
     <span class='ocr_line' id='line_1_14' title="bbox 330 1281 1984 1362; baseline -0.002 -20"><span class='ocrx_word' id='word_1_78' title='bbox 330 1286 580 1362; x_wconf 83' lang='grc' dir='ltr'>μώτατον</span> <span class='ocrx_word' id='word_1_79' title='bbox 647 1288 682 1352; x_wconf 81' lang='grc' dir='ltr'><strong>ἡ</strong></span> <span class='ocrx_word' id='word_1_80' title='bbox 753 1287 911 1342; x_wconf 87' lang='grc' dir='ltr'>κακία</span> <span class='ocrx_word' id='word_1_81' title='bbox 957 1287 1041 1341; x_wconf 83' lang='grc' dir='ltr'><strong>καὶ</strong></span> <span class='ocrx_word' id='word_1_82' title='bbox 1111 1285 1231 1347; x_wconf 86' lang='grc' dir='ltr'>τοὺς</span> <span class='ocrx_word' id='word_1_83' title='bbox 1285 1281 1516 1344; x_wconf 79' lang='grc' dir='ltr'>πολλοὺς</span> <span class='ocrx_word' id='word_1_84' title='bbox 1574 1281 1787 1339; x_wconf 74' lang='grc' dir='ltr'>ἑλκύσαι</span> <span class='ocrx_word' id='word_1_85' title='bbox 1848 1284 1984 1341; x_wconf 81' lang='grc' dir='ltr'>πάνυ</span> 
     </span>
    </p>
   </div>
   <div class='ocr_carea' id='block_1_15' title="bbox 328 1370 1982 1452">
    <p class='ocr_par' dir='ltr' id='par_1_15' title="bbox 328 1370 1982 1452">
     <span class='ocr_line' id='line_1_15' title="bbox 328 1370 1982 1452; baseline -0.002 -21"><span class='ocrx_word' id='word_1_86' title='bbox 328 1373 503 1452; x_wconf 76' lang='grc' dir='ltr'>ῥᾳδία·</span> <span class='ocrx_word' id='word_1_87' title='bbox 557 1375 696 1432; x_wconf 79' lang='grc' dir='ltr'>ὥστε</span> <span class='ocrx_word' id='word_1_88' title='bbox 724 1376 811 1431; x_wconf 81' lang='grc' dir='ltr'><strong>καὶ</strong></span> <span class='ocrx_word' id='word_1_89' title='bbox 854 1382 932 1449; x_wconf 81' lang='grc' dir='ltr'>τῷ</span> <span class='ocrx_word' id='word_1_90' title='bbox 985 1372 1185 1446; x_wconf 85' lang='grc' dir='ltr'><strong>Ἐλὲνῳ</strong></span> <span class='ocrx_word' id='word_1_91' title='bbox 1240 1375 1330 1429; x_wconf 78' lang='grc' dir='ltr'>τὸν</span> <span class='ocrx_word' id='word_1_92' title='bbox 1374 1370 1542 1452; x_wconf 78' lang='grc' dir='ltr'>ὄχλον</span> <span class='ocrx_word' id='word_1_93' title='bbox 1598 1371 1982 1450; x_wconf 78' lang='grc' dir='ltr'>προσελθόντας</span> 
     </span>
    </p>
   </div>
   <div class='ocr_carea' id='block_1_16' title="bbox 327 1460 1980 1532">
    <p class='ocr_par' dir='ltr' id='par_1_16' title="bbox 327 1460 1980 1532">
     <span class='ocr_line' id='line_1_16' title="bbox 327 1460 1980 1532; baseline -0.002 -12"><span class='ocrx_word' id='word_1_94' title='bbox 327 1467 502 1521; x_wconf 73' lang='grc' dir='ltr'>εἰπεῖν</span> <span class='ocrx_word' id='word_1_95' title='bbox 552 1463 587 1532; x_wconf 76' lang='grc' dir='ltr'>ἢ</span> <span class='ocrx_word' id='word_1_96' title='bbox 629 1465 813 1520; x_wconf 81' lang='grc' dir='ltr'>ποινὸν</span> <span class='ocrx_word' id='word_1_97' title='bbox 869 1465 958 1520; x_wconf 83' lang='grc' dir='ltr'><strong>καὶ</strong></span> <span class='ocrx_word' id='word_1_98' title='bbox 987 1463 1142 1521; x_wconf 70' lang='grc' dir='ltr'>αὺτὸν</span> <span class='ocrx_word' id='word_1_99' title='bbox 1205 1463 1457 1518; x_wconf 81' lang='grc' dir='ltr'>κοινωνὸν</span> <span class='ocrx_word' id='word_1_100' title='bbox 1485 1460 1581 1528; x_wconf 74' lang='grc' dir='ltr'><strong>τῆς</strong></span> <span class='ocrx_word' id='word_1_101' title='bbox 1640 1460 1980 1526; x_wconf 85' lang='grc' dir='ltr'>κιδασκαλίας</span> 
     </span>
    </p>
   </div>
   <div class='ocr_carea' id='block_1_17' title="bbox 328 1548 1982 1634">
    <p class='ocr_par' dir='ltr' id='par_1_17' title="bbox 328 1548 1982 1634">
     <span class='ocr_line' id='line_1_17' title="bbox 328 1548 1982 1634; baseline -0.003 -23"><span class='ocrx_word' id='word_1_102' title='bbox 328 1552 544 1634; x_wconf 72' lang='grc' dir='ltr'>λαϐεῖν,</span> <span class='ocrx_word' id='word_1_103' title='bbox 595 1554 630 1618; x_wconf 70' lang='grc' dir='ltr'>ἢ</span> <span class='ocrx_word' id='word_1_104' title='bbox 675 1563 801 1632; x_wconf 83' lang='grc' dir='ltr'>γοῦν</span> <span class='ocrx_word' id='word_1_105' title='bbox 852 1555 980 1632; x_wconf 82' lang='grc' dir='ltr'>πρὸς</span> <span class='ocrx_word' id='word_1_106' title='bbox 1035 1550 1280 1629; x_wconf 83' lang='grc' dir='ltr'>διάλογον</span> <span class='ocrx_word' id='word_1_107' title='bbox 1325 1548 1708 1625; x_wconf 82' lang='grc' dir='ltr'>ἁμιλληθῆναι,</span> <span class='ocrx_word' id='word_1_108' title='bbox 1753 1549 1846 1605; x_wconf 73' lang='grc' dir='ltr'><strong>ἵνα</strong></span> <span class='ocrx_word' id='word_1_109' title='bbox 1905 1555 1982 1624; x_wconf 84' lang='grc' dir='ltr'><strong>τῷ</strong></span> 
     </span>
    </p>
   </div>
   <div class='ocr_carea' id='block_1_18' title="bbox 330 1637 1979 1720">
    <p class='ocr_par' dir='ltr' id='par_1_18' title="bbox 330 1637 1979 1720">
     <span class='ocr_line' id='line_1_18' title="bbox 330 1637 1979 1720; baseline -0.003 -21"><span class='ocrx_word' id='word_1_110' title='bbox 330 1645 550 1701; x_wconf 76' lang='grc' dir='ltr'>νικῶντι</span> <span class='ocrx_word' id='word_1_111' title='bbox 593 1646 680 1699; x_wconf 81' lang='grc' dir='ltr'><strong>καὶ</strong></span> <span class='ocrx_word' id='word_1_112' title='bbox 723 1644 868 1700; x_wconf 77' lang='grc' dir='ltr'>αὒτοὶ</span> <span class='ocrx_word' id='word_1_113' title='bbox 912 1641 1243 1720; x_wconf 75' lang='grc' dir='ltr'>πρόσθοιντο.</span> <span class='ocrx_word' id='word_1_114' title='bbox 1281 1638 1553 1716; x_wconf 70' lang='grc' dir='ltr'>’Ἂσμενος</span> <span class='ocrx_word' id='word_1_115' title='bbox 1596 1640 1739 1695; x_wconf 71' lang='grc' dir='ltr'><strong>οὖνὸ</strong></span> <span class='ocrx_word' id='word_1_116' title='bbox 1797 1637 1979 1695; x_wconf 77' lang='grc' dir='ltr'>’Ἔλε-</span> 
     </span>
    </p>
   </div>
   <div class='ocr_carea' id='block_1_19' title="bbox 329 1726 1979 1807">
    <p class='ocr_par' dir='ltr' id='par_1_19' title="bbox 329 1726 1979 1807">
     <span class='ocr_line' id='line_1_19' title="bbox 329 1726 1979 1807; baseline -0.004 -19"><span class='ocrx_word' id='word_1_117' title='bbox 329 1755 422 1797; x_wconf 85' lang='grc' dir='ltr'><strong>νος</strong></span> <span class='ocrx_word' id='word_1_118' title='bbox 481 1733 580 1799; x_wconf 76' lang='grc' dir='ltr'>τὴν</span> <span class='ocrx_word' id='word_1_119' title='bbox 639 1737 736 1799; x_wconf 82' lang='grc' dir='ltr'>τῆς</span> <span class='ocrx_word' id='word_1_120' title='bbox 796 1729 1026 1804; x_wconf 79' lang='grc' dir='ltr'>ἁμίλλης</span> <span class='ocrx_word' id='word_1_121' title='bbox 1085 1727 1436 1807; x_wconf 75' lang='grc' dir='ltr'>καταδέχεται</span> <span class='ocrx_word' id='word_1_122' title='bbox 1504 1740 1715 1805; x_wconf 80' lang='grc' dir='ltr'>πεῖραν·</span> <span class='ocrx_word' id='word_1_123' title='bbox 1781 1726 1979 1803; x_wconf 76' lang='grc' dir='ltr'>ἐθάρῤει</span> 
     </span>
    </p>
   </div>
   <div class='ocr_carea' id='block_1_20' title="bbox 328 1815 1980 1900">
    <p class='ocr_par' dir='ltr' id='par_1_20' title="bbox 328 1815 1980 1900">
     <span class='ocr_line' id='line_1_20' title="bbox 328 1815 1980 1900; baseline -0.005 -21"><span class='ocrx_word' id='word_1_124' title='bbox 328 1824 434 1900; x_wconf 77' lang='grc' dir='ltr'><strong>γὰρ</strong></span> <span class='ocrx_word' id='word_1_125' title='bbox 477 1828 554 1896; x_wconf 85' lang='grc' dir='ltr'><strong>τῷ</strong></span> <span class='ocrx_word' id='word_1_126' title='bbox 584 1825 814 1900; x_wconf 73' lang='grc' dir='ltr'>Χριστῷ,</span> <span class='ocrx_word' id='word_1_127' title='bbox 877 1822 948 1878; x_wconf 87' lang='grc' dir='ltr'><strong>Τὸ</strong></span> <span class='ocrx_word' id='word_1_128' title='bbox 975 1818 1027 1875; x_wconf 76' lang='grc' dir='ltr'>δὲ</span> <span class='ocrx_word' id='word_1_129' title='bbox 1091 1820 1342 1875; x_wconf 84' lang='grc' dir='ltr'>κοινωνὸν</span> <span class='ocrx_word' id='word_1_130' title='bbox 1400 1817 1595 1896; x_wconf 70' lang='grc' dir='ltr'>Ζορέαν</span> <span class='ocrx_word' id='word_1_131' title='bbox 1650 1815 1980 1896; x_wconf 78' lang='grc' dir='ltr'>παραλαϐεῖν</span> 
     </span>
    </p>
   </div>
   <div class='ocr_carea' id='block_1_21' title="bbox 328 1901 1979 1990">
    <p class='ocr_par' dir='ltr' id='par_1_21' title="bbox 328 1901 1979 1990">
     <span class='ocr_line' id='line_1_21' title="bbox 328 1901 1979 1990; baseline -0.003 -23"><span class='ocrx_word' id='word_1_132' title='bbox 328 1912 606 1990; x_wconf 78' lang='grc' dir='ltr'>ἄνθρωπον</span> <span class='ocrx_word' id='word_1_133' title='bbox 654 1913 945 1989; x_wconf 84' lang='grc' dir='ltr'>τερατείαις</span> <span class='ocrx_word' id='word_1_134' title='bbox 1006 1907 1270 1982; x_wconf 81' lang='grc' dir='ltr'>δαιμόνων</span> <span class='ocrx_word' id='word_1_135' title='bbox 1327 1901 1791 1986; x_wconf 73' lang='grc' dir='ltr'>ἐπιγανχώμενον,</span> <span class='ocrx_word' id='word_1_136' title='bbox 1824 1915 1979 1962; x_wconf 71' lang='grc' dir='ltr'>τοῦτο</span> 
     </span>
    </p>
   </div>
   <div class='ocr_carea' id='block_1_22' title="bbox 326 1988 1979 2078">
    <p class='ocr_par' dir='ltr' id='par_1_22' title="bbox 326 1988 1979 2078">
     <span class='ocr_line' id='line_1_22' title="bbox 326 1988 1979 2078; baseline -0.005 -20"><span class='ocrx_word' id='word_1_137' title='bbox 326 1988 600 2077; x_wconf 36' lang='grc' dir='ltr'>καὶ-ἀκόᾗ</span> <span class='ocrx_word' id='word_1_138' title='bbox 631 1988 768 2078; x_wconf 77' lang='grc' dir='ltr'>μονῃ</span> <span class='ocrx_word' id='word_1_139' title='bbox 823 1997 1010 2056; x_wconf 73' lang='grc' dir='ltr'>λαϐεῖν</span> <span class='ocrx_word' id='word_1_140' title='bbox 1041 1999 1300 2054; x_wconf 76' lang='grc' dir='ltr'>ἀπευκτὸν</span> <span class='ocrx_word' id='word_1_141' title='bbox 1351 1997 1556 2075; x_wconf 67' lang='grc' dir='ltr'>ἠγεῖτο.</span> <span class='ocrx_word' id='word_1_142' title='bbox 1627 1988 1719 2060; x_wconf 71' lang='grc' dir='ltr'>Ὠς</span> <span class='ocrx_word' id='word_1_143' title='bbox 1763 1994 1852 2052; x_wconf 80' lang='grc' dir='ltr'>οὖν</span> <span class='ocrx_word' id='word_1_144' title='bbox 1885 1994 1979 2051; x_wconf 76' lang='grc' dir='ltr'>καί</span> 
     </span>
    </p>
   </div>
   <div class='ocr_carea' id='block_1_23' title="bbox 325 2083 1977 2170">
    <p class='ocr_par' dir='ltr' id='par_1_23' title="bbox 325 2083 1977 2170">
     <span class='ocr_line' id='line_1_23' title="bbox 325 2083 1977 2170; baseline -0.004 -24"><span class='ocrx_word' id='word_1_145' title='bbox 325 2092 360 2158; x_wconf 69' lang='grc' dir='ltr'>ἦ</span> <span class='ocrx_word' id='word_1_146' title='bbox 393 2093 544 2170; x_wconf 81' lang='grc' dir='ltr'>κυρία</span> <span class='ocrx_word' id='word_1_147' title='bbox 589 2091 783 2168; x_wconf 71' lang='grc' dir='ltr'>παρῆν,</span> <span class='ocrx_word' id='word_1_148' title='bbox 820 2091 948 2169; x_wconf 85' lang='grc' dir='ltr'>πρὸς</span> <span class='ocrx_word' id='word_1_149' title='bbox 980 2088 1101 2150; x_wconf 82' lang='grc' dir='ltr'>τοὺς</span> <span class='ocrx_word' id='word_1_150' title='bbox 1132 2087 1320 2164; x_wconf 80' lang='grc' dir='ltr'>λόγους</span> <span class='ocrx_word' id='word_1_151' title='bbox 1368 2086 1562 2165; x_wconf 78' lang='grc' dir='ltr'>ἐχώρει</span> <span class='ocrx_word' id='word_1_152' title='bbox 1597 2085 1683 2141; x_wconf 81' lang='grc' dir='ltr'><strong>καὶ</strong></span> <span class='ocrx_word' id='word_1_153' title='bbox 1711 2085 1811 2152; x_wconf 81' lang='grc' dir='ltr'><strong>τὴν</strong></span> <span class='ocrx_word' id='word_1_154' title='bbox 1859 2083 1977 2140; x_wconf 76' lang='grc' dir='ltr'>διάσ-</span> 
     </span>
    </p>
   </div>
   <div class='ocr_carea' id='block_1_24' title="bbox 329 2175 1978 2259">
    <p class='ocr_par' dir='ltr' id='par_1_24' title="bbox 329 2175 1978 2259">
     <span class='ocr_line' id='line_1_24' title="bbox 329 2175 1978 2259; baseline -0.004 -23"><span class='ocrx_word' id='word_1_155' title='bbox 329 2178 496 2245; x_wconf 72' lang='grc' dir='ltr'>λεξιν.</span> <span class='ocrx_word' id='word_1_156' title='bbox 559 2181 654 2237; x_wconf 77' lang='grc' dir='ltr'>Καὶ</span> <span class='ocrx_word' id='word_1_157' title='bbox 712 2181 945 2259; x_wconf 76' lang='grc' dir='ltr'>ἰσχυρῶς</span> <span class='ocrx_word' id='word_1_158' title='bbox 1011 2176 1108 2253; x_wconf 78' lang='grc' dir='ltr'>μὲν</span> <span class='ocrx_word' id='word_1_159' title='bbox 1165 2176 1350 2246; x_wconf 83' lang='grc' dir='ltr'>πρῶτα</span> <span class='ocrx_word' id='word_1_160' title='bbox 1405 2176 1672 2232; x_wconf 82' lang='grc' dir='ltr'>ἐπετίθετο</span> <span class='ocrx_word' id='word_1_161' title='bbox 1733 2175 1820 2230; x_wconf 80' lang='grc' dir='ltr'><strong>καὶ</strong></span> <span class='ocrx_word' id='word_1_162' title='bbox 1876 2197 1978 2231; x_wconf 87' lang='grc' dir='ltr'><strong>πυ-</strong></span> 
     </span>
    </p>
   </div>
   <div class='ocr_carea' id='block_1_25' title="bbox 324 2262 1980 2346">
    <p class='ocr_par' dir='ltr' id='par_1_25' title="bbox 324 2262 1980 2346">
     <span class='ocr_line' id='line_1_25' title="bbox 324 2262 1980 2346; baseline -0.005 -20"><span class='ocrx_word' id='word_1_163' title='bbox 324 2283 484 2334; x_wconf 72' lang='grc' dir='ltr'>κνοῖς</span> <span class='ocrx_word' id='word_1_164' title='bbox 547 2269 658 2342; x_wconf 76' lang='grc' dir='ltr'>ἅμα</span> <span class='ocrx_word' id='word_1_165' title='bbox 689 2269 777 2325; x_wconf 81' lang='grc' dir='ltr'>τὸν</span> <span class='ocrx_word' id='word_1_166' title='bbox 823 2269 996 2346; x_wconf 80' lang='grc' dir='ltr'>μάγον</span> <span class='ocrx_word' id='word_1_167' title='bbox 1039 2263 1228 2322; x_wconf 72' lang='grc' dir='ltr'>ἔϐαλλε</span> <span class='ocrx_word' id='word_1_168' title='bbox 1277 2277 1418 2331; x_wconf 68' lang='grc' dir='ltr'>τοῖς</span> <span class='ocrx_word' id='word_1_169' title='bbox 1453 2263 1728 2345; x_wconf 82' lang='grc' dir='ltr'>ἐλέγχοις⁶</span> <span class='ocrx_word' id='word_1_170' title='bbox 1784 2263 1896 2320; x_wconf 83' lang='grc' dir='ltr'>ἐπεὶ</span> <span class='ocrx_word' id='word_1_171' title='bbox 1926 2262 1980 2318; x_wconf 79' lang='grc' dir='ltr'>δὲ</span> 
     </span>
    </p>
   </div>
   <div class='ocr_carea' id='block_1_26' title="bbox 327 2354 1982 2437">
    <p class='ocr_par' dir='ltr' id='par_1_26' title="bbox 327 2354 1982 2437">
     <span class='ocr_line' id='line_1_26' title="bbox 327 2354 1982 2437; baseline -0.005 -21"><span class='ocrx_word' id='word_1_172' title='bbox 327 2359 473 2437; x_wconf 80' lang='grc' dir='ltr'>ἐώρα</span> <span class='ocrx_word' id='word_1_173' title='bbox 530 2364 598 2435; x_wconf 75' lang='grc' dir='ltr'>τῇ</span> <span class='ocrx_word' id='word_1_174' title='bbox 631 2355 870 2430; x_wconf 75' lang='grc' dir='ltr'>αὔθαδείᾳ</span> <span class='ocrx_word' id='word_1_175' title='bbox 925 2359 996 2422; x_wconf 81' lang='grc' dir='ltr'>ὡς</span> <span class='ocrx_word' id='word_1_176' title='bbox 1027 2354 1177 2430; x_wconf 80' lang='grc' dir='ltr'>ὅπλῳ</span> <span class='ocrx_word' id='word_1_177' title='bbox 1234 2355 1536 2435; x_wconf 84' lang='grc' dir='ltr'>χρώμενον,</span> <span class='ocrx_word' id='word_1_178' title='bbox 1570 2356 1659 2410; x_wconf 82' lang='grc' dir='ltr'>καὶ</span> <span class='ocrx_word' id='word_1_179' title='bbox 1712 2355 1773 2410; x_wconf 79' lang='grc' dir='ltr'>τὸ</span> <span class='ocrx_word' id='word_1_180' title='bbox 1831 2359 1982 2425; x_wconf 83' lang='grc' dir='ltr'>νικᾷν</span> 
     </span>
    </p>
   </div>
   <div class='ocr_carea' id='block_1_27' title="bbox 326 2441 1980 2519">
    <p class='ocr_par' dir='ltr' id='par_1_27' title="bbox 326 2441 1980 2519">
     <span class='ocr_line' id='line_1_27' title="bbox 326 2441 1980 2519; baseline -0.004 -15"><span class='ocrx_word' id='word_1_181' title='bbox 326 2451 425 2505; x_wconf 74' lang='grc' dir='ltr'>οὒκ</span> <span class='ocrx_word' id='word_1_182' title='bbox 480 2451 542 2503; x_wconf 74' lang='grc' dir='ltr'><strong>ἐκ</strong></span> <span class='ocrx_word' id='word_1_183' title='bbox 571 2453 668 2514; x_wconf 75' lang='grc' dir='ltr'><strong>τῆς</strong></span> <span class='ocrx_word' id='word_1_184' title='bbox 726 2445 998 2519; x_wconf 86' lang='grc' dir='ltr'>ἀληθείας,</span> <span class='ocrx_word' id='word_1_185' title='bbox 1034 2443 1154 2500; x_wconf 87' lang='grc' dir='ltr'>ἀλλ’</span> <span class='ocrx_word' id='word_1_186' title='bbox 1213 2444 1274 2502; x_wconf 83' lang='grc' dir='ltr'><strong>ἐκ</strong></span> <span class='ocrx_word' id='word_1_187' title='bbox 1329 2449 1427 2511; x_wconf 82' lang='grc' dir='ltr'><strong>τῆς</strong></span> <span class='ocrx_word' id='word_1_188' title='bbox 1459 2442 1718 2508; x_wconf 81' lang='grc' dir='ltr'>ἀναιδείας</span> <span class='ocrx_word' id='word_1_189' title='bbox 1779 2441 1980 2518; x_wconf 85' lang='grc' dir='ltr'>μᾶλλον</span> 
     </span>
    </p>
   </div>
   <div class='ocr_carea' id='block_1_28' title="bbox 329 2532 1978 2615">
    <p class='ocr_par' dir='ltr' id='par_1_28' title="bbox 329 2532 1978 2615">
     <span class='ocr_line' id='line_1_28' title="bbox 329 2532 1978 2615; baseline -0.002 -22"><span class='ocrx_word' id='word_1_190' title='bbox 329 2539 508 2610; x_wconf 76' lang='grc' dir='ltr'>ἑαυτῷ</span> <span class='ocrx_word' id='word_1_191' title='bbox 591 2535 885 2614; x_wconf 76' lang='grc' dir='ltr'>περιθέσθαι</span> <span class='ocrx_word' id='word_1_192' title='bbox 938 2533 1358 2615; x_wconf 66' lang='grc' dir='ltr'>φιλονεικοῦντα,</span> <span class='ocrx_word' id='word_1_193' title='bbox 1426 2532 1564 2612; x_wconf 76' lang='grc' dir='ltr'>ἔργῳ</span> <span class='ocrx_word' id='word_1_194' title='bbox 1643 2533 1743 2600; x_wconf 74' lang='grc' dir='ltr'>τὴν</span> <span class='ocrx_word' id='word_1_195' title='bbox 1811 2543 1978 2610; x_wconf 81' lang='grc' dir='ltr'>κρίσιν</span> 
     </span>
    </p>
   </div>
   <div class='ocr_carea' id='block_1_29' title="bbox 326 2622 1978 2706">
    <p class='ocr_par' dir='ltr' id='par_1_29' title="bbox 326 2622 1978 2706">
     <span class='ocr_line' id='line_1_29' title="bbox 326 2622 1978 2706; baseline -0.004 -22"><span class='ocrx_word' id='word_1_196' title='bbox 326 2628 611 2706; x_wconf 83' lang='grc' dir='ltr'>ἐπέτρεπε,</span> <span class='ocrx_word' id='word_1_197' title='bbox 660 2628 748 2683; x_wconf 84' lang='grc' dir='ltr'><strong>καὶ</strong></span> <span class='ocrx_word' id='word_1_198' title='bbox 806 2633 904 2704; x_wconf 84' lang='grc' dir='ltr'><strong>πῦρ</strong></span> <span class='ocrx_word' id='word_1_199' title='bbox 961 2623 1095 2681; x_wconf 87' lang='grc' dir='ltr'>πολὺ</span> <span class='ocrx_word' id='word_1_200' title='bbox 1166 2625 1298 2680; x_wconf 85' lang='grc' dir='ltr'><strong>κατά</strong></span> <span class='ocrx_word' id='word_1_201' title='bbox 1369 2644 1530 2698; x_wconf 87' lang='grc' dir='ltr'>μεσον</span> <span class='ocrx_word' id='word_1_202' title='bbox 1601 2627 1700 2689; x_wconf 79' lang='grc' dir='ltr'>τῆς</span> <span class='ocrx_word' id='word_1_203' title='bbox 1770 2622 1978 2685; x_wconf 71' lang='grc' dir='ltr'>πόλεως</span> 
     </span>
    </p>
   </div>
   <div class='ocr_carea' id='block_1_30' title="bbox 326 2711 1978 2796">
    <p class='ocr_par' dir='ltr' id='par_1_30' title="bbox 326 2711 1978 2796">
     <span class='ocr_line' id='line_1_30' title="bbox 326 2711 1978 2796; baseline -0.004 -22"><span class='ocrx_word' id='word_1_204' title='bbox 326 2719 626 2796; x_wconf 68' lang='grc' dir='ltr'>ἀναφθῆναι</span> <span class='ocrx_word' id='word_1_205' title='bbox 687 2715 917 2794; x_wconf 87' lang='grc' dir='ltr'>κελεύει,</span> <span class='ocrx_word' id='word_1_206' title='bbox 951 2712 1197 2780; x_wconf 75' lang='grc' dir='ltr'>ἐπιϐῆναι</span> <span class='ocrx_word' id='word_1_207' title='bbox 1241 2711 1294 2768; x_wconf 72' lang='grc' dir='ltr'>δὲ</span> <span class='ocrx_word' id='word_1_208' title='bbox 1351 2718 1448 2779; x_wconf 79' lang='grc' dir='ltr'>τῆς</span> <span class='ocrx_word' id='word_1_209' title='bbox 1494 2711 1686 2791; x_wconf 78' lang='grc' dir='ltr'>φλογὸς</span> <span class='ocrx_word' id='word_1_210' title='bbox 1737 2712 1978 2792; x_wconf 75' lang='grc' dir='ltr'>ἀμφοτὲ-</span> 
     </span>
    </p>
   </div>
   <div class='ocr_carea' id='block_1_31' title="bbox 325 2802 1979 2886">
    <p class='ocr_par' dir='ltr' id='par_1_31' title="bbox 325 2802 1979 2886">
     <span class='ocr_line' id='line_1_31' title="bbox 325 2802 1979 2886; baseline -0.004 -23"><span class='ocrx_word' id='word_1_211' title='bbox 325 2830 479 2886; x_wconf 80' lang='grc' dir='ltr'>ρους,</span> <span class='ocrx_word' id='word_1_212' title='bbox 512 2808 599 2862; x_wconf 77' lang='grc' dir='ltr'><strong>καὶ</strong></span> <span class='ocrx_word' id='word_1_213' title='bbox 656 2807 712 2870; x_wconf 78' lang='grc' dir='ltr'>ὃς</span> <span class='ocrx_word' id='word_1_214' title='bbox 749 2804 811 2860; x_wconf 78' lang='grc' dir='ltr'><strong>ἂν</strong></span> <span class='ocrx_word' id='word_1_215' title='bbox 841 2808 1011 2864; x_wconf 64' lang='grc' dir='ltr'>αὐτῶν</span> <span class='ocrx_word' id='word_1_216' title='bbox 1061 2802 1278 2880; x_wconf 78' lang='grc' dir='ltr'>ἀπαγὴς</span> <span class='ocrx_word' id='word_1_217' title='bbox 1323 2803 1495 2878; x_wconf 81' lang='grc' dir='ltr'>μείναι</span> <span class='ocrx_word' id='word_1_218' title='bbox 1554 2804 1641 2858; x_wconf 83' lang='grc' dir='ltr'><strong>καὶ</strong></span> <span class='ocrx_word' id='word_1_219' title='bbox 1670 2803 1763 2857; x_wconf 76' lang='grc' dir='ltr'>τοῦ</span> <span class='ocrx_word' id='word_1_220' title='bbox 1817 2802 1979 2876; x_wconf 82' lang='grc' dir='ltr'>πυρὸς</span> 
     </span>
    </p>
   </div>
   <div class='ocr_carea' id='block_1_32' title="bbox 327 2892 1978 2975">
    <p class='ocr_par' dir='ltr' id='par_1_32' title="bbox 327 2892 1978 2975">
     <span class='ocr_line' id='line_1_32' title="bbox 327 2892 1978 2975; baseline -0.003 -22"><span class='ocrx_word' id='word_1_221' title='bbox 327 2897 700 2975; x_wconf 63' lang='grc' dir='ltr'>ἰσχυρότερος,</span> <span class='ocrx_word' id='word_1_222' title='bbox 731 2898 917 2952; x_wconf 79' lang='grc' dir='ltr'>τοῦτον</span> <span class='ocrx_word' id='word_1_223' title='bbox 971 2894 1114 2950; x_wconf 70' lang='grc' dir='ltr'>εἶναι</span> <span class='ocrx_word' id='word_1_224' title='bbox 1149 2892 1328 2972; x_wconf 73' lang='grc' dir='ltr'>σαφῶς</span> <span class='ocrx_word' id='word_1_225' title='bbox 1365 2894 1456 2948; x_wconf 80' lang='grc' dir='ltr'>τὸν</span> <span class='ocrx_word' id='word_1_226' title='bbox 1489 2893 1572 2948; x_wconf 81' lang='grc' dir='ltr'><strong>καὶ</strong></span> <span class='ocrx_word' id='word_1_227' title='bbox 1601 2893 1702 2948; x_wconf 76' lang='grc' dir='ltr'><strong>ὑπὸ</strong></span> <span class='ocrx_word' id='word_1_228' title='bbox 1752 2898 1978 2969; x_wconf 82' lang='grc' dir='ltr'>Χριστοῦ</span> 
     </span>
    </p>
   </div>
   <div class='ocr_carea' id='block_1_33' title="bbox 339 2978 1830 3063">
    <p class='ocr_par' dir='ltr' id='par_1_33' title="bbox 339 2978 1830 3063">
     <span class='ocr_line' id='line_1_33' title="bbox 339 2978 1830 3063; baseline -0.002 -23"><span class='ocrx_word' id='word_1_229' title='bbox 339 2985 636 3063; x_wconf 62' lang='grc' dir='ltr'>μεμῳθέντα</span> <span class='ocrx_word' id='word_1_230' title='bbox 667 2987 754 3042; x_wconf 82' lang='grc' dir='ltr'><strong>καὶ</strong></span> <span class='ocrx_word' id='word_1_231' title='bbox 800 2986 888 3041; x_wconf 81' lang='grc' dir='ltr'>τὸν</span> <span class='ocrx_word' id='word_1_232' title='bbox 921 2984 1118 3040; x_wconf 85' lang='grc' dir='ltr'>ἐκείνου</span> <span class='ocrx_word' id='word_1_233' title='bbox 1147 2981 1344 3059; x_wconf 83' lang='grc' dir='ltr'>κλῆρον</span> <span class='ocrx_word' id='word_1_234' title='bbox 1373 2979 1634 3037; x_wconf 77' lang='grc' dir='ltr'>διδάσκειν</span> <span class='ocrx_word' id='word_1_235' title='bbox 1666 2978 1830 3046; x_wconf 74' lang='grc' dir='ltr'>ἄξιον,</span> 
     </span>
    </p>
   </div>
   <div class='ocr_carea' id='block_1_34' title="bbox 418 3153 1976 3240">
    <p class='ocr_par' dir='ltr' id='par_1_34' title="bbox 418 3153 1976 3240">
     <span class='ocr_line' id='line_1_34' title="bbox 418 3153 1976 3240; baseline -0.002 -22"><span class='ocrx_word' id='word_1_236' title='bbox 418 3160 504 3226; x_wconf 85' lang='grc' dir='ltr'><strong>Η’,</strong></span> <span class='ocrx_word' id='word_1_237' title='bbox 541 3153 629 3226; x_wconf 70' lang='grc' dir='ltr'>Ὠς</span> <span class='ocrx_word' id='word_1_238' title='bbox 676 3162 762 3220; x_wconf 80' lang='grc' dir='ltr'>οὖν</span> <span class='ocrx_word' id='word_1_239' title='bbox 824 3163 851 3218; x_wconf 79' lang='grc' dir='ltr'><em>ὃ</em></span> <span class='ocrx_word' id='word_1_240' title='bbox 882 3161 1040 3240; x_wconf 76' lang='grc' dir='ltr'>λόγος</span> <span class='ocrx_word' id='word_1_241' title='bbox 1073 3159 1228 3240; x_wconf 68' lang='grc' dir='ltr'>ἔργου</span> <span class='ocrx_word' id='word_1_242' title='bbox 1271 3158 1484 3240; x_wconf 73' lang='grc' dir='ltr'>εἴχετο,</span> <span class='ocrx_word' id='word_1_243' title='bbox 1519 3160 1608 3216; x_wconf 84' lang='grc' dir='ltr'><strong>καὶ</strong></span> <span class='ocrx_word' id='word_1_244' title='bbox 1637 3161 1671 3228; x_wconf 81' lang='grc' dir='ltr'>ἡ</span> <span class='ocrx_word' id='word_1_245' title='bbox 1716 3157 1845 3239; x_wconf 77' lang='grc' dir='ltr'>φλὸξ</span> <span class='ocrx_word' id='word_1_246' title='bbox 1878 3158 1976 3226; x_wconf 70' lang='grc' dir='ltr'>ἤδη</span> 
     </span>
    </p>
   </div>
   <div class='ocr_carea' id='block_1_35' title="bbox 329 3247 1977 3331">
    <p class='ocr_par' dir='ltr' id='par_1_35' title="bbox 329 3247 1977 3331">
     <span class='ocr_line' id='line_1_35' title="bbox 329 3247 1977 3331; baseline -0.001 -23"><span class='ocrx_word' id='word_1_247' title='bbox 329 3252 462 3320; x_wconf 80' lang='grc' dir='ltr'>πρὸς</span> <span class='ocrx_word' id='word_1_248' title='bbox 522 3251 653 3327; x_wconf 72' lang='grc' dir='ltr'>ὕψος</span> <span class='ocrx_word' id='word_1_249' title='bbox 695 3251 880 3331; x_wconf 71' lang='grc' dir='ltr'>ᾕρετο,</span> <span class='ocrx_word' id='word_1_250' title='bbox 911 3247 1076 3322; x_wconf 78' lang='grc' dir='ltr'>δειλίᾳ</span> <span class='ocrx_word' id='word_1_251' title='bbox 1134 3251 1278 3312; x_wconf 70' lang='grc' dir='ltr'>εὐθὺς</span> <span class='ocrx_word' id='word_1_252' title='bbox 1340 3253 1368 3305; x_wconf 85' lang='grc' dir='ltr'>ὁ</span> <span class='ocrx_word' id='word_1_253' title='bbox 1427 3248 1620 3328; x_wconf 83' lang='grc' dir='ltr'>Ζαρέας</span> <span class='ocrx_word' id='word_1_254' title='bbox 1679 3249 1977 3329; x_wconf 81' lang='grc' dir='ltr'>συνείχετο,</span> 
     </span>
    </p>
   </div>
   <div class='ocr_carea' id='block_1_36' title="bbox 327 3336 1982 3418">
    <p class='ocr_par' dir='ltr' id='par_1_36' title="bbox 327 3336 1982 3418">
     <span class='ocr_line' id='line_1_36' title="bbox 327 3336 1982 3418; baseline -0.001 -22"><span class='ocrx_word' id='word_1_255' title='bbox 327 3342 418 3396; x_wconf 82' lang='grc' dir='ltr'><strong>καὶ</strong></span> <span class='ocrx_word' id='word_1_256' title='bbox 461 3343 553 3397; x_wconf 81' lang='grc' dir='ltr'>τὸν</span> <span class='ocrx_word' id='word_1_257' title='bbox 608 3339 842 3398; x_wconf 78' lang='grc' dir='ltr'>’Ἕλενον</span> <span class='ocrx_word' id='word_1_258' title='bbox 903 3337 1148 3407; x_wconf 81' lang='grc' dir='ltr'>ἐπιϐῆναι</span> <span class='ocrx_word' id='word_1_259' title='bbox 1192 3341 1398 3418; x_wconf 78' lang='grc' dir='ltr'>πρῶτον</span> <span class='ocrx_word' id='word_1_260' title='bbox 1449 3336 1794 3418; x_wconf 84' lang='grc' dir='ltr'>διεκελεύετο,</span> <span class='ocrx_word' id='word_1_261' title='bbox 1828 3346 1982 3396; x_wconf 82' lang='grc' dir='ltr'>τοῦτο</span> 
     </span>
    </p>
   </div>
   <div class='ocr_carea' id='block_1_37' title="bbox 328 3427 1980 3507">
    <p class='ocr_par' dir='ltr' id='par_1_37' title="bbox 328 3427 1980 3507">
     <span class='ocr_line' id='line_1_37' title="bbox 328 3427 1980 3507; baseline 0.007 -20"><span class='ocrx_word' id='word_1_262' title='bbox 328 3428 447 3487; x_wconf 86' lang='grc' dir='ltr'>καθ’</span> <span class='ocrx_word' id='word_1_263' title='bbox 501 3430 708 3504; x_wconf 80' lang='grc' dir='ltr'>ἑαυτὸν,</span> <span class='ocrx_word' id='word_1_264' title='bbox 740 3432 813 3490; x_wconf 84' lang='grc' dir='ltr'>ὡς</span> <span class='ocrx_word' id='word_1_265' title='bbox 871 3428 1034 3504; x_wconf 76' lang='grc' dir='ltr'>ἔοικε,</span> <span class='ocrx_word' id='word_1_266' title='bbox 1065 3427 1382 3507; x_wconf 78' lang='grc' dir='ltr'>διανοηθεὶς,</span> <span class='ocrx_word' id='word_1_267' title='bbox 1415 3429 1490 3492; x_wconf 79' lang='grc' dir='ltr'><strong>ὡς</strong></span> <span class='ocrx_word' id='word_1_268' title='bbox 1551 3429 1594 3484; x_wconf 83' lang='grc' dir='ltr'>εἶ</span> <span class='ocrx_word' id='word_1_269' title='bbox 1646 3428 1723 3504; x_wconf 76' lang='grc' dir='ltr'><strong>μὴ</strong></span> <span class='ocrx_word' id='word_1_270' title='bbox 1780 3427 1980 3506; x_wconf 53' lang='grc' dir='ltr'><strong>θαββά-</strong></span> 
     </span>
    </p>
   </div>
   <div class='ocr_carea' id='block_1_38' title="bbox 328 3515 1980 3599">
    <p class='ocr_par' dir='ltr' id='par_1_38' title="bbox 328 3515 1980 3599">
     <span class='ocr_line' id='line_1_38' title="bbox 328 3515 1980 3599; baseline -0.001 -23"><span class='ocrx_word' id='word_1_271' title='bbox 328 3541 429 3584; x_wconf 86' lang='grc' dir='ltr'><strong>σας</strong></span> <span class='ocrx_word' id='word_1_272' title='bbox 475 3516 710 3583; x_wconf 76' lang='grc' dir='ltr'>’Ἕλενος</span> <span class='ocrx_word' id='word_1_273' title='bbox 755 3520 1016 3599; x_wconf 77' lang='grc' dir='ltr'>αἰσχύνην</span> <span class='ocrx_word' id='word_1_274' title='bbox 1046 3516 1298 3598; x_wconf 79' lang='grc' dir='ltr'>ὀφλήσοι,</span> <span class='ocrx_word' id='word_1_275' title='bbox 1331 3517 1366 3586; x_wconf 74' lang='grc' dir='ltr'>ἢ</span> <span class='ocrx_word' id='word_1_276' title='bbox 1415 3524 1538 3594; x_wconf 76' lang='grc' dir='ltr'>γοῦν</span> <span class='ocrx_word' id='word_1_277' title='bbox 1566 3515 1980 3591; x_wconf 78' lang='grc' dir='ltr'>κατατολμήσας</span> 
     </span>
    </p>
   </div>
   <div class='ocr_carea' id='block_1_39' title="bbox 327 3605 1980 3689">
    <p class='ocr_par' dir='ltr' id='par_1_39' title="bbox 327 3605 1980 3689">
     <span class='ocr_line' id='line_1_39' title="bbox 327 3605 1980 3689; baseline -0.001 -24"><span class='ocrx_word' id='word_1_278' title='bbox 327 3608 643 3688; x_wconf 71' lang='grc' dir='ltr'>ἀποῤῥῆξειε</span> <span class='ocrx_word' id='word_1_279' title='bbox 676 3611 770 3679; x_wconf 72' lang='grc' dir='ltr'>τὴν</span> <span class='ocrx_word' id='word_1_280' title='bbox 803 3610 1008 3689; x_wconf 64' lang='grc' dir='ltr'>ψυχήν,</span> <span class='ocrx_word' id='word_1_281' title='bbox 1041 3609 1130 3665; x_wconf 83' lang='grc' dir='ltr'><strong>καὶ</strong></span> <span class='ocrx_word' id='word_1_282' title='bbox 1185 3606 1348 3673; x_wconf 71' lang='grc' dir='ltr'>οὕτως</span> <span class='ocrx_word' id='word_1_283' title='bbox 1395 3605 1455 3664; x_wconf 76' lang='grc' dir='ltr'><strong>ἂν</strong></span> <span class='ocrx_word' id='word_1_284' title='bbox 1499 3609 1622 3684; x_wconf 79' lang='grc' dir='ltr'>ῥᾷον</span> <span class='ocrx_word' id='word_1_285' title='bbox 1654 3609 1712 3664; x_wconf 80' lang='grc' dir='ltr'>τὸ</span> <span class='ocrx_word' id='word_1_286' title='bbox 1765 3621 1980 3687; x_wconf 79' lang='grc' dir='ltr'>κρατεῖν</span> 
     </span>
    </p>
   </div>
   <div class='ocr_carea' id='block_1_40' title="bbox 328 3695 1980 3780">
    <p class='ocr_par' dir='ltr' id='par_1_40' title="bbox 328 3695 1980 3780">
     <span class='ocr_line' id='line_1_40' title="bbox 328 3695 1980 3780; baseline -0.003 -24"><span class='ocrx_word' id='word_1_287' title='bbox 328 3719 694 3780; x_wconf 78' lang='grc' dir='ltr'>περιγενοιτο,</span> <span class='ocrx_word' id='word_1_288' title='bbox 765 3698 1169 3777; x_wconf 74' lang='grc' dir='ltr'>ἀνταγωνιστὴν</span> <span class='ocrx_word' id='word_1_289' title='bbox 1223 3695 1548 3754; x_wconf 77' lang='grc' dir='ltr'>ἀποϐαλοντι</span> <span class='ocrx_word' id='word_1_290' title='bbox 1608 3695 1754 3774; x_wconf 85' lang='grc' dir='ltr'>μάλα</span> <span class='ocrx_word' id='word_1_291' title='bbox 1823 3696 1980 3775; x_wconf 86' lang='grc' dir='ltr'>στερ-</span> 
     </span>
    </p>
   </div>
   <div class='ocr_carea' id='block_1_41' title="bbox 326 3784 1981 3868">
    <p class='ocr_par' dir='ltr' id='par_1_41' title="bbox 326 3784 1981 3868">
     <span class='ocr_line' id='line_1_41' title="bbox 326 3784 1981 3868; baseline -0.002 -23"><span class='ocrx_word' id='word_1_292' title='bbox 326 3790 440 3868; x_wconf 78' lang='grc' dir='ltr'>ῥὸν,</span> <span class='ocrx_word' id='word_1_293' title='bbox 484 3791 571 3845; x_wconf 90' lang='grc' dir='ltr'><strong>καὶ</strong></span> <span class='ocrx_word' id='word_1_294' title='bbox 627 3789 768 3862; x_wconf 74' lang='grc' dir='ltr'>παρὰ</span> <span class='ocrx_word' id='word_1_295' title='bbox 801 3791 953 3846; x_wconf 75' lang='lat'><strong>10-510</strong></span> <span class='ocrx_word' id='word_1_296' title='bbox 1011 3789 1185 3845; x_wconf 72' lang='grc' dir='ltr'>πάντα</span> <span class='ocrx_word' id='word_1_297' title='bbox 1239 3784 1326 3868; x_wconf 68' lang='grc' dir='ltr'><strong>ὑφ’</strong></span> <span class='ocrx_word' id='word_1_298' title='bbox 1384 3787 1567 3842; x_wconf 74' lang='grc' dir='ltr'>ἑαυτὸν</span> <span class='ocrx_word' id='word_1_299' title='bbox 1612 3785 1832 3844; x_wconf 82' lang='grc' dir='ltr'>ἐλκάσαι</span> <span class='ocrx_word' id='word_1_300' title='bbox 1889 3784 1981 3842; x_wconf 86' lang='grc' dir='ltr'>δυ-</span> 
     </span>
    </p>
   </div>
   <div class='ocr_carea' id='block_1_42' title="bbox 326 3875 1980 3958">
    <p class='ocr_par' dir='ltr' id='par_1_42' title="bbox 326 3875 1980 3958">
     <span class='ocr_line' id='line_1_42' title="bbox 326 3875 1980 3958; baseline -0.002 -23"><span class='ocrx_word' id='word_1_301' title='bbox 326 3881 486 3945; x_wconf 77' lang='grc' dir='ltr'>νατὸς</span> <span class='ocrx_word' id='word_1_302' title='bbox 533 3879 772 3958; x_wconf 82' lang='grc' dir='ltr'>γένηται,</span> <span class='ocrx_word' id='word_1_303' title='bbox 832 3879 960 3936; x_wconf 86' lang='grc' dir='ltr'>Επεὶ</span> <span class='ocrx_word' id='word_1_304' title='bbox 989 3877 1044 3934; x_wconf 78' lang='grc' dir='ltr'>δὲ</span> <span class='ocrx_word' id='word_1_305' title='bbox 1096 3882 1182 3934; x_wconf 81' lang='grc' dir='ltr'>καὶ</span> <span class='ocrx_word' id='word_1_306' title='bbox 1212 3877 1309 3944; x_wconf 71' lang='grc' dir='ltr'><strong>τὴν</strong></span> <span class='ocrx_word' id='word_1_307' title='bbox 1367 3889 1558 3956; x_wconf 76' lang='grc' dir='ltr'>πεῖραν</span> <span class='ocrx_word' id='word_1_308' title='bbox 1588 3878 1615 3932; x_wconf 84' lang='grc' dir='ltr'>ὁ</span> <span class='ocrx_word' id='word_1_309' title='bbox 1647 3879 1791 3940; x_wconf 74' lang='grc' dir='ltr'>θεῖος</span> <span class='ocrx_word' id='word_1_310' title='bbox 1847 3875 1980 3954; x_wconf 66' lang='grc' dir='ltr'>ἀνὴρ</span> 
     </span>
    </p>
   </div>
   <div class='ocr_carea' id='block_1_43' title="bbox 329 3965 1980 4048">
    <p class='ocr_par' dir='ltr' id='par_1_43' title="bbox 329 3965 1980 4048">
     <span class='ocr_line' id='line_1_43' title="bbox 329 3965 1980 4048; baseline -0.001 -23"><span class='ocrx_word' id='word_1_311' title='bbox 329 3967 627 4036; x_wconf 72' lang='grc' dir='ltr'>ὑποστῆναι</span> <span class='ocrx_word' id='word_1_312' title='bbox 687 3970 912 4048; x_wconf 80' lang='grc' dir='ltr'>πρῶτως</span> <span class='ocrx_word' id='word_1_313' title='bbox 959 3965 1354 4047; x_wconf 82' lang='grc' dir='ltr'>διωμολόγησε,</span> <span class='ocrx_word' id='word_1_314' title='bbox 1413 3967 1501 4022; x_wconf 84' lang='grc' dir='ltr'><strong>καὶ</strong></span> <span class='ocrx_word' id='word_1_315' title='bbox 1562 3965 1980 4045; x_wconf 73' lang='grc' dir='ltr'>προσευξάμενος</span> 
     </span>
    </p>
   </div>
   <div class='ocr_carea' id='block_1_44' title="bbox 327 4054 1979 4139">
    <p class='ocr_par' dir='ltr' id='par_1_44' title="bbox 327 4054 1979 4139">
     <span class='ocr_line' id='line_1_44' title="bbox 327 4054 1979 4139; baseline -0.002 -24"><span class='ocrx_word' id='word_1_316' title='bbox 327 4055 566 4116; x_wconf 72' lang='grc' dir='ltr'>ἐπίϐαινε</span> <span class='ocrx_word' id='word_1_317' title='bbox 614 4064 712 4127; x_wconf 77' lang='grc' dir='ltr'>τῆς</span> <span class='ocrx_word' id='word_1_318' title='bbox 742 4065 931 4139; x_wconf 84' lang='grc' dir='ltr'>πυρᾶς·</span> <span class='ocrx_word' id='word_1_319' title='bbox 992 4059 1091 4125; x_wconf 73' lang='grc' dir='ltr'>τὴν</span> <span class='ocrx_word' id='word_1_320' title='bbox 1148 4055 1203 4113; x_wconf 77' lang='grc' dir='ltr'>δὲ</span> <span class='ocrx_word' id='word_1_321' title='bbox 1251 4058 1343 4113; x_wconf 81' lang='grc' dir='ltr'>οὒκ</span> <span class='ocrx_word' id='word_1_322' title='bbox 1387 4055 1666 4112; x_wconf 82' lang='grc' dir='ltr'>ἐλάνθανεν</span> <span class='ocrx_word' id='word_1_323' title='bbox 1723 4054 1836 4112; x_wconf 82' lang='grc' dir='ltr'>ὅστι</span> <span class='ocrx_word' id='word_1_324' title='bbox 1886 4055 1979 4124; x_wconf 76' lang='grc' dir='ltr'><strong>εἴη</strong></span> 
     </span>
    </p>
   </div>
   <div class='ocr_carea' id='block_1_45' title="bbox 329 4144 1978 4228">
    <p class='ocr_par' dir='ltr' id='par_1_45' title="bbox 329 4144 1978 4228">
     <span class='ocr_line' id='line_1_45' title="bbox 329 4144 1978 4228; baseline -0.002 -23"><span class='ocrx_word' id='word_1_325' title='bbox 329 4149 417 4205; x_wconf 61' lang='grc' dir='ltr'>καθ</span> <span class='ocrx_word' id='word_1_326' title='bbox 475 4147 592 4205; x_wconf 75' lang='grc' dir='ltr'>οὒδὲ</span> <span class='ocrx_word' id='word_1_327' title='bbox 647 4149 832 4228; x_wconf 89' lang='grc' dir='ltr'>τρίχός</span> <span class='ocrx_word' id='word_1_328' title='bbox 878 4148 1078 4206; x_wconf 86' lang='grc' dir='ltr'>ἐκείνου</span> <span class='ocrx_word' id='word_1_329' title='bbox 1137 4148 1324 4222; x_wconf 81' lang='grc' dir='ltr'>ψαύειν</span> <span class='ocrx_word' id='word_1_330' title='bbox 1381 4144 1603 4222; x_wconf 83' lang='grc' dir='ltr'>ἐτόλμα⁶</span> <span class='ocrx_word' id='word_1_331' title='bbox 1657 4145 1776 4202; x_wconf 86' lang='grc' dir='ltr'>τότε</span> <span class='ocrx_word' id='word_1_332' title='bbox 1800 4145 1864 4214; x_wconf 77' lang='grc' dir='ltr'><strong>δὴ</strong></span> <span class='ocrx_word' id='word_1_333' title='bbox 1889 4148 1978 4203; x_wconf 82' lang='grc' dir='ltr'>τὸν</span> 
     </span>
    </p>
   </div>
   <div class='ocr_carea' id='block_1_46' title="bbox 332 4233 1980 4320">
    <p class='ocr_par' dir='ltr' id='par_1_46' title="bbox 332 4233 1980 4320">
     <span class='ocr_line' id='line_1_46' title="bbox 332 4233 1980 4320; baseline -0.001 -26"><span class='ocrx_word' id='word_1_334' title='bbox 332 4238 508 4318; x_wconf 86' lang='grc' dir='ltr'>μάγον</span> <span class='ocrx_word' id='word_1_335' title='bbox 560 4235 723 4320; x_wconf 72' lang='grc' dir='ltr'>φόϐου</span> <span class='ocrx_word' id='word_1_336' title='bbox 753 4239 842 4295; x_wconf 88' lang='grc' dir='ltr'><strong>καὶ</strong></span> <span class='ocrx_word' id='word_1_337' title='bbox 900 4235 1094 4301; x_wconf 86' lang='grc' dir='ltr'>δειλίας</span> <span class='ocrx_word' id='word_1_338' title='bbox 1148 4235 1551 4304; x_wconf 64' lang='grc' dir='ltr'>ὑποπλτισθέντα</span> <span class='ocrx_word' id='word_1_339' title='bbox 1595 4233 1825 4312; x_wconf 81' lang='grc' dir='ltr'>μάλιστα</span> <span class='ocrx_word' id='word_1_340' title='bbox 1883 4235 1980 4312; x_wconf 81' lang='grc' dir='ltr'>μὲν</span> 
     </span>
    </p>
   </div>
   <div class='ocr_carea' id='block_1_47' title="bbox 331 4324 1980 4406">
    <p class='ocr_par' dir='ltr' id='par_1_47' title="bbox 331 4324 1980 4406">
     <span class='ocr_line' id='line_1_47' title="bbox 331 4324 1980 4406; baseline 0 -23"><span class='ocrx_word' id='word_1_341' title='bbox 331 4325 575 4385; x_wconf 85' lang='grc' dir='ltr'>ἐκποδὼν</span> <span class='ocrx_word' id='word_1_342' title='bbox 628 4327 869 4406; x_wconf 72' lang='grc' dir='ltr'>γενέσθαι</span> <span class='ocrx_word' id='word_1_343' title='bbox 919 4328 1007 4383; x_wconf 80' lang='grc' dir='ltr'><strong>καὶ</strong></span> <span class='ocrx_word' id='word_1_344' title='bbox 1058 4324 1323 4406; x_wconf 79' lang='grc' dir='ltr'>διαδρᾶναι</span> <span class='ocrx_word' id='word_1_345' title='bbox 1379 4328 1479 4394; x_wconf 75' lang='grc' dir='ltr'><strong>τὴν</strong></span> <span class='ocrx_word' id='word_1_346' title='bbox 1524 4338 1715 4402; x_wconf 76' lang='grc' dir='ltr'>πεῖραν</span> <span class='ocrx_word' id='word_1_347' title='bbox 1758 4328 1980 4406; x_wconf 80' lang='grc' dir='ltr'>φανερὸν</span> 
     </span>
    </p>
   </div>
   <div class='ocr_carea' id='block_1_48' title="bbox 329 4414 1977 4496">
    <p class='ocr_par' dir='ltr' id='par_1_48' title="bbox 329 4414 1977 4496">
     <span class='ocr_line' id='line_1_48' title="bbox 329 4414 1977 4496; baseline -0.002 -23"><span class='ocrx_word' id='word_1_348' title='bbox 329 4416 663 4485; x_wconf 75' lang='grc' dir='ltr'>καταστῆναι</span> <span class='ocrx_word' id='word_1_349' title='bbox 723 4417 758 4485; x_wconf 76' lang='grc' dir='ltr'>ἢ</span> <span class='ocrx_word' id='word_1_350' title='bbox 815 4417 912 4485; x_wconf 76' lang='grc' dir='ltr'>τὴν</span> <span class='ocrx_word' id='word_1_351' title='bbox 956 4414 1130 4489; x_wconf 73' lang='grc' dir='ltr'>’ᾍδου</span> <span class='ocrx_word' id='word_1_352' title='bbox 1203 4420 1367 4483; x_wconf 81' lang='grc' dir='ltr'>κυνῆν</span> <span class='ocrx_word' id='word_1_353' title='bbox 1421 4415 1714 4472; x_wconf 82' lang='grc' dir='ltr'>ὑπελθόντα</span> <span class='ocrx_word' id='word_1_354' title='bbox 1772 4415 1977 4496; x_wconf 82' lang='grc' dir='ltr'>λαθεῖν,</span> 
     </span>
    </p>
   </div>
   <div class='ocr_carea' id='block_1_49' title="bbox 329 4503 1976 4584">
    <p class='ocr_par' dir='ltr' id='par_1_49' title="bbox 329 4503 1976 4584">
     <span class='ocr_line' id='line_1_49' title="bbox 329 4503 1587 4562; baseline 0.002 -37"><span class='ocrx_word' id='word_1_355' title='bbox 329 4507 360 4562; x_wconf 58' lang='grc' dir='ltr'><strong>ὃ</strong></span> <span class='ocrx_word' id='word_1_356' title='bbox 408 4507 422 4526; x_wconf 61' lang='grc' dir='ltr'><strong>ν</strong></span> <span class='ocrx_word' id='word_1_357' title='bbox 481 4503 527 4538; x_wconf 52' lang='grc' dir='ltr'>ἰλ</span> <span class='ocrx_word' id='word_1_358' title='bbox 626 4509 652 4518; x_wconf 78' lang='lat'><strong>~</strong></span> <span class='ocrx_word' id='word_1_359' title='bbox 915 4529 931 4540; x_wconf 59' lang='grc'><strong>.</strong></span> <span class='ocrx_word' id='word_1_360' title='bbox 1065 4524 1068 4528; x_wconf 88' lang='grc'><strong>,</strong></span> <span class='ocrx_word' id='word_1_361' title='bbox 1117 4504 1144 4527; x_wconf 68' lang='grc' dir='ltr'><strong>ν</strong></span> <span class='ocrx_word' id='word_1_362' title='bbox 1575 4507 1587 4526; x_wconf 78' lang='lat' dir='ltr'><strong>r</strong></span> 
     </span>
     <span class='ocr_line' id='line_1_50' title="bbox 361 4505 1976 4584; baseline -0.001 -21"><span class='ocrx_word' id='word_1_363' title='bbox 361 4527 434 4563; x_wconf 88' lang='grc' dir='ltr'>πο</span> <span class='ocrx_word' id='word_1_364' title='bbox 476 4517 530 4562; x_wconf 68' lang='grc' dir='ltr'>ὸε</span> <span class='ocrx_word' id='word_1_365' title='bbox 563 4529 654 4564; x_wconf 81' lang='grc' dir='ltr'><strong>του</strong></span> <span class='ocrx_word' id='word_1_366' title='bbox 701 4506 931 4576; x_wconf 62' lang='grc' dir='ltr'>πλήθους</span> <span class='ocrx_word' id='word_1_367' title='bbox 969 4507 1059 4562; x_wconf 85' lang='grc' dir='ltr'><strong>καὶ</strong></span> <span class='ocrx_word' id='word_1_368' title='bbox 1111 4527 1310 4562; x_wconf 83' lang='grc' dir='ltr'>ακοντα</span> <span class='ocrx_word' id='word_1_369' title='bbox 1359 4509 1754 4581; x_wconf 88' lang='grc' dir='ltr'>συνωθουμενον</span> <span class='ocrx_word' id='word_1_370' title='bbox 1806 4505 1976 4584; x_wconf 88' lang='grc' dir='ltr'>ἀναγ-</span> 
     </span>
    </p>
   </div>
   <div class='ocr_carea' id='block_1_50' title="bbox 329 4577 2050 4670">
    <p class='ocr_par' dir='ltr' id='par_1_50' title="bbox 329 4577 2050 4670">
     <span class='ocr_line' id='line_1_51' title="bbox 329 4577 2050 4670; baseline 0.001 -19"><span class='ocrx_word' id='word_1_371' title='bbox 329 4594 497 4659; x_wconf 82' lang='grc' dir='ltr'>καίως</span> <span class='ocrx_word' id='word_1_372' title='bbox 567 4596 666 4663; x_wconf 77' lang='grc' dir='ltr'>τὴν</span> <span class='ocrx_word' id='word_1_373' title='bbox 737 4596 967 4670; x_wconf 84' lang='grc' dir='ltr'>κάμινον</span> <span class='ocrx_word' id='word_1_374' title='bbox 1031 4593 1309 4652; x_wconf 74' lang='grc' dir='ltr'>εἰσελθεῖν·</span> <span class='ocrx_word' id='word_1_375' title='bbox 1369 4594 1486 4662; x_wconf 77' lang='grc' dir='ltr'>ἥτις</span> <span class='ocrx_word' id='word_1_376' title='bbox 1570 4577 1726 4652; x_wconf 72' lang='grc' dir='ltr'>αὐτὸν</span> <span class='ocrx_word' id='word_1_377' title='bbox 1794 4577 2050 4653; x_wconf 63' lang='grc' dir='ltr'>θᾶττονθ</span> 
     </span>
    </p>
   </div>
   <div class='ocr_carea' id='block_1_51' title="bbox 331 4682 1984 4764">
    <p class='ocr_par' dir='ltr' id='par_1_51' title="bbox 331 4682 1984 4764">
     <span class='ocr_line' id='line_1_52' title="bbox 331 4682 1984 4764; baseline 0 -23"><span class='ocrx_word' id='word_1_378' title='bbox 331 4683 473 4742; x_wconf 68' lang='grc' dir='ltr'>οὕτω</span> <span class='ocrx_word' id='word_1_379' title='bbox 534 4682 953 4764; x_wconf 78' lang='grc' dir='ltr'>περιελάμϐανεν</span> <span class='ocrx_word' id='word_1_380' title='bbox 1005 4683 1108 4753; x_wconf 73' lang='grc' dir='ltr'><strong>ἤδη</strong></span> <span class='ocrx_word' id='word_1_381' title='bbox 1167 4687 1263 4741; x_wconf 77' lang='grc' dir='ltr'><strong>καὶ</strong></span> <span class='ocrx_word' id='word_1_382' title='bbox 1311 4682 1666 4743; x_wconf 73' lang='grc' dir='ltr'>κατεϐόσοιετο</span> <span class='ocrx_word' id='word_1_383' title='bbox 1721 4685 1796 4747; x_wconf 83' lang='grc' dir='ltr'>ὡς</span> <span class='ocrx_word' id='word_1_384' title='bbox 1869 4684 1984 4742; x_wconf 79' lang='grc' dir='ltr'>οὐδὲ</span> 
     </span>
    </p>
   </div>
   <div class='ocr_carea' id='block_1_52' title="bbox 332 4771 1984 4853">
    <p class='ocr_par' dir='ltr' id='par_1_52' title="bbox 332 4771 1984 4853">
     <span class='ocr_line' id='line_1_53' title="bbox 332 4771 1984 4853; baseline 0.001 -24"><span class='ocrx_word' id='word_1_385' title='bbox 332 4774 462 4850; x_wconf 85' lang='grc' dir='ltr'>μίαν</span> <span class='ocrx_word' id='word_1_386' title='bbox 521 4772 656 4841; x_wconf 75' lang='grc' dir='ltr'>ὕλην</span> <span class='ocrx_word' id='word_1_387' title='bbox 713 4773 894 4844; x_wconf 72' lang='grc' dir='ltr'>ἑτέραν</span> <span class='ocrx_word' id='word_1_388' title='bbox 965 4778 1219 4842; x_wconf 71' lang='grc' dir='ltr'>καυθῆναι</span> <span class='ocrx_word' id='word_1_389' title='bbox 1288 4771 1487 4850; x_wconf 77' lang='grc' dir='ltr'>ῥᾳδίαν·</span> <span class='ocrx_word' id='word_1_390' title='bbox 1566 4776 1653 4830; x_wconf 85' lang='grc' dir='ltr'><strong>καὶ</strong></span> <span class='ocrx_word' id='word_1_391' title='bbox 1706 4773 1822 4853; x_wconf 73' lang='grc' dir='ltr'>εἴγε</span> <span class='ocrx_word' id='word_1_392' title='bbox 1906 4779 1984 4848; x_wconf 82' lang='grc' dir='ltr'>μὴ</span> 
     </span>
    </p>
   </div>
   <div class='ocr_carea' id='block_1_53' title="bbox 332 4862 1984 4944">
    <p class='ocr_par' dir='ltr' id='par_1_53' title="bbox 332 4862 1984 4944">
     <span class='ocr_line' id='line_1_54' title="bbox 332 4862 1984 4944; baseline 0.001 -25"><span class='ocrx_word' id='word_1_393' title='bbox 332 4863 536 4944; x_wconf 73' lang='grc' dir='ltr'>φθάσας</span> <span class='ocrx_word' id='word_1_394' title='bbox 569 4865 597 4920; x_wconf 88' lang='grc' dir='ltr'>ὁ</span> <span class='ocrx_word' id='word_1_395' title='bbox 654 4864 822 4943; x_wconf 78' lang='grc' dir='ltr'>μέγας</span> <span class='ocrx_word' id='word_1_396' title='bbox 857 4862 1090 4926; x_wconf 73' lang='grc' dir='ltr'>’Ἕλενος</span> <span class='ocrx_word' id='word_1_397' title='bbox 1150 4863 1418 4932; x_wconf 81' lang='grc' dir='ltr'>οἰκτείρων</span> <span class='ocrx_word' id='word_1_398' title='bbox 1450 4862 1629 4942; x_wconf 80' lang='grc' dir='ltr'>ὥσπερ</span> <span class='ocrx_word' id='word_1_399' title='bbox 1683 4868 1781 4931; x_wconf 78' lang='grc' dir='ltr'>τῆς</span> <span class='ocrx_word' id='word_1_400' title='bbox 1842 4885 1984 4938; x_wconf 86' lang='grc' dir='ltr'>συμ-</span> 
     </span>
    </p>
   </div>
   <div class='ocr_carea' id='block_1_54' title="bbox 332 4952 1984 5034">
    <p class='ocr_par' dir='ltr' id='par_1_54' title="bbox 332 4952 1984 5034">
     <span class='ocr_line' id='line_1_55' title="bbox 332 4952 1984 5034; baseline 0 -24"><span class='ocrx_word' id='word_1_401' title='bbox 332 4959 502 5034; x_wconf 74' lang='grc' dir='ltr'>φορᾶς</span> <span class='ocrx_word' id='word_1_402' title='bbox 575 4955 668 5010; x_wconf 81' lang='grc' dir='ltr'>τὸν</span> <span class='ocrx_word' id='word_1_403' title='bbox 726 4952 901 5014; x_wconf 66' lang='grc' dir='ltr'>ἄθλιον</span> <span class='ocrx_word' id='word_1_404' title='bbox 973 4952 1299 5034; x_wconf 76' lang='grc' dir='ltr'>ἡμίφλεκτον</span> <span class='ocrx_word' id='word_1_405' title='bbox 1354 4953 1500 5018; x_wconf 72' lang='grc' dir='ltr'>εὐθὺς</span> <span class='ocrx_word' id='word_1_406' title='bbox 1558 4953 1842 5031; x_wconf 88' lang='grc' dir='ltr'>γενόμενον</span> <span class='ocrx_word' id='word_1_407' title='bbox 1892 4960 1984 5011; x_wconf 83' lang='grc' dir='ltr'>τοὺ</span> 
     </span>
    </p>
   </div>
   <div class='ocr_carea' id='block_1_55' title="bbox 333 5042 1984 5122">
    <p class='ocr_par' dir='ltr' id='par_1_55' title="bbox 333 5042 1984 5122">
     <span class='ocr_line' id='line_1_56' title="bbox 333 5042 1984 5122; baseline 0 -23"><span class='ocrx_word' id='word_1_408' title='bbox 333 5043 499 5122; x_wconf 80' lang='grc' dir='ltr'>πυρὸς</span> <span class='ocrx_word' id='word_1_409' title='bbox 555 5042 882 5108; x_wconf 81' lang='grc' dir='ltr'>ἀνεσώσατο,</span> <span class='ocrx_word' id='word_1_410' title='bbox 915 5043 1013 5100; x_wconf 79' lang='grc' dir='ltr'><strong>κᾶν</strong></span> <span class='ocrx_word' id='word_1_411' title='bbox 1046 5046 1118 5107; x_wconf 85' lang='grc' dir='ltr'><strong>εἰς</strong></span> <span class='ocrx_word' id='word_1_412' title='bbox 1147 5042 1299 5106; x_wconf 83' lang='grc' dir='ltr'>τέλος</span> <span class='ocrx_word' id='word_1_413' title='bbox 1345 5046 1479 5120; x_wconf 78' lang='grc' dir='ltr'>αὐτῇ</span> <span class='ocrx_word' id='word_1_414' title='bbox 1508 5043 1702 5121; x_wconf 77' lang='grc' dir='ltr'>μαγείᾳ</span> <span class='ocrx_word' id='word_1_415' title='bbox 1731 5045 1817 5101; x_wconf 76' lang='grc' dir='ltr'>καὶ</span> <span class='ocrx_word' id='word_1_416' title='bbox 1865 5057 1984 5108; x_wconf 69' lang='grc' dir='ltr'>τοῖς</span> 
     </span>
    </p>
   </div>
   <div class='ocr_carea' id='block_1_56' title="bbox 334 5131 1984 5214">
    <p class='ocr_par' dir='ltr' id='par_1_56' title="bbox 334 5131 1984 5214">
     <span class='ocr_line' id='line_1_57' title="bbox 334 5131 1984 5214; baseline 0.001 -25"><span class='ocrx_word' id='word_1_417' title='bbox 334 5133 630 5213; x_wconf 68' lang='grc' dir='ltr'>σοφίσμασι</span> <span class='ocrx_word' id='word_1_418' title='bbox 703 5131 979 5214; x_wconf 76' lang='grc' dir='ltr'>διεφθάρη,</span> <span class='ocrx_word' id='word_1_419' title='bbox 1049 5132 1225 5196; x_wconf 81' lang='grc' dir='ltr'>καλῶς</span> <span class='ocrx_word' id='word_1_420' title='bbox 1295 5132 1434 5190; x_wconf 74' lang='grc' dir='ltr'>οὕτω</span> <span class='ocrx_word' id='word_1_421' title='bbox 1497 5135 1589 5190; x_wconf 82' lang='grc' dir='ltr'>τοῦ</span> <span class='ocrx_word' id='word_1_422' title='bbox 1656 5135 1816 5211; x_wconf 85' lang='grc' dir='ltr'>πυρὸς</span> <span class='ocrx_word' id='word_1_423' title='bbox 1886 5134 1984 5201; x_wconf 76' lang='grc' dir='ltr'><strong>τὴν</strong></span> 
     </span>
    </p>
   </div>
   <div class='ocr_carea' id='block_1_57' title="bbox 334 5222 1984 5297">
    <p class='ocr_par' dir='ltr' id='par_1_57' title="bbox 334 5222 1984 5297">
     <span class='ocr_line' id='line_1_58' title="bbox 334 5222 1984 5297; baseline 0.001 -18"><span class='ocrx_word' id='word_1_424' title='bbox 334 5223 551 5295; x_wconf 81' lang='grc' dir='ltr'>ἀμάτην</span> <span class='ocrx_word' id='word_1_425' title='bbox 611 5224 702 5280; x_wconf 62' lang='grc' dir='ltr'>σὺ)</span> <span class='ocrx_word' id='word_1_426' title='bbox 762 5223 980 5297; x_wconf 79' lang='grc' dir='ltr'>ἀληθείᾳ</span> <span class='ocrx_word' id='word_1_427' title='bbox 1030 5222 1378 5286; x_wconf 86' lang='grc' dir='ltr'>κολάσαντος.</span> <span class='ocrx_word' id='word_1_428' title='bbox 1417 5231 1583 5281; x_wconf 86' lang='grc' dir='ltr'>Τουτα</span> <span class='ocrx_word' id='word_1_429' title='bbox 1634 5222 1846 5280; x_wconf 87' lang='grc' dir='ltr'>ἐκείνων</span> <span class='ocrx_word' id='word_1_430' title='bbox 1888 5223 1984 5281; x_wconf 84' lang='grc' dir='ltr'>λε-</span> 
     </span>
    </p>
   </div>
   <div class='ocr_carea' id='block_1_58' title="bbox 335 5311 1980 5394">
    <p class='ocr_par' dir='ltr' id='par_1_58' title="bbox 335 5311 1980 5394">
     <span class='ocr_line' id='line_1_59' title="bbox 335 5311 1980 5394; baseline 0.002 -26"><span class='ocrx_word' id='word_1_431' title='bbox 335 5311 540 5392; x_wconf 79' lang='grc' dir='ltr'>γόντων</span> <span class='ocrx_word' id='word_1_432' title='bbox 595 5315 629 5382; x_wconf 74' lang='grc' dir='ltr'>ἡ</span> <span class='ocrx_word' id='word_1_433' title='bbox 663 5314 895 5390; x_wconf 82' lang='grc' dir='ltr'>μακαρία</span> <span class='ocrx_word' id='word_1_434' title='bbox 954 5315 1178 5372; x_wconf 87' lang='grc' dir='ltr'>παντοία</span> <span class='ocrx_word' id='word_1_435' title='bbox 1219 5313 1322 5371; x_wconf 78' lang='grc' dir='ltr'>ὐπὸ</span> <span class='ocrx_word' id='word_1_436' title='bbox 1379 5314 1724 5394; x_wconf 86' lang='grc' dir='ltr'>περιχαρείας</span> <span class='ocrx_word' id='word_1_437' title='bbox 1758 5315 1980 5394; x_wconf 81' lang='grc' dir='ltr'>ἐγίνετο,</span> 
     </span>
    </p>
   </div>
   <div class='ocr_carea' id='block_1_59' title="bbox 333 5400 1987 5483">
    <p class='ocr_par' dir='ltr' id='par_1_59' title="bbox 333 5400 1987 5483">
     <span class='ocr_line' id='line_1_60' title="bbox 333 5400 1987 5483; baseline 0.003 -26"><span class='ocrx_word' id='word_1_438' title='bbox 333 5400 536 5478; x_wconf 70' lang='grc' dir='ltr'>ἥδετο,</span> <span class='ocrx_word' id='word_1_439' title='bbox 613 5401 1008 5480; x_wconf 77' lang='grc' dir='ltr'>ἐξεπλήττετο,</span> <span class='ocrx_word' id='word_1_440' title='bbox 1081 5405 1188 5461; x_wconf 79' lang='grc' dir='ltr'><strong>τῶν</strong></span> <span class='ocrx_word' id='word_1_441' title='bbox 1271 5402 1719 5483; x_wconf 83' lang='grc' dir='ltr'>ἀπαγγελλόντων</span> <span class='ocrx_word' id='word_1_442' title='bbox 1812 5402 1987 5462; x_wconf 85' lang='grc' dir='ltr'>ἐδέετο</span> 
     </span>
    </p>
   </div>
   <div class='ocr_carea' id='block_1_60' title="bbox 338 5493 1986 5574">
    <p class='ocr_par' dir='ltr' id='par_1_60' title="bbox 338 5493 1986 5574">
     <span class='ocr_line' id='line_1_61' title="bbox 338 5493 1986 5574; baseline 0.001 -24"><span class='ocrx_word' id='word_1_443' title='bbox 338 5493 717 5574; x_wconf 76' lang='grc' dir='ltr'>προσαχθῆναί</span> <span class='ocrx_word' id='word_1_444' title='bbox 757 5515 814 5550; x_wconf 88' lang='grc' dir='ltr'><strong>τε</strong></span> <span class='ocrx_word' id='word_1_445' title='bbox 871 5493 941 5572; x_wconf 86' lang='grc' dir='ltr'><strong>ρι’</strong></span> <span class='ocrx_word' id='word_1_446' title='bbox 987 5497 1156 5554; x_wconf 72' lang='grc' dir='ltr'>αὐτῶν</span> <span class='ocrx_word' id='word_1_447' title='bbox 1211 5494 1302 5550; x_wconf 81' lang='grc' dir='ltr'><strong>καί</strong></span> <span class='ocrx_word' id='word_1_448' title='bbox 1359 5498 1612 5562; x_wconf 79' lang='grc' dir='ltr'>συστῆναι</span> <span class='ocrx_word' id='word_1_449' title='bbox 1649 5500 1718 5568; x_wconf 83' lang='grc' dir='ltr'>τῷ</span> <span class='ocrx_word' id='word_1_450' title='bbox 1769 5493 1986 5552; x_wconf 87' lang='grc' dir='ltr'>ἐπισκό-</span> 
     </span>
    </p>
   </div>
   <div class='ocr_carea' id='block_1_61' title="bbox 333 5580 1989 5664">
    <p class='ocr_par' dir='ltr' id='par_1_61' title="bbox 333 5580 1989 5664">
     <span class='ocr_line' id='line_1_62' title="bbox 333 5580 1989 5664; baseline 0.001 -22"><span class='ocrx_word' id='word_1_451' title='bbox 333 5603 426 5656; x_wconf 77' lang='grc' dir='ltr'>πῳ</span> <span class='ocrx_word' id='word_1_452' title='bbox 455 5585 618 5656; x_wconf 74' lang='grc' dir='ltr'>αὐτήν</span> <span class='ocrx_word' id='word_1_453' title='bbox 673 5605 734 5641; x_wconf 81' lang='grc' dir='ltr'><strong>τε</strong></span> <span class='ocrx_word' id='word_1_454' title='bbox 765 5586 850 5641; x_wconf 73' lang='grc' dir='ltr'><strong>καὶ</strong></span> <span class='ocrx_word' id='word_1_455' title='bbox 909 5586 997 5650; x_wconf 76' lang='grc' dir='ltr'>οὒς</span> <span class='ocrx_word' id='word_1_456' title='bbox 1057 5585 1308 5664; x_wconf 86' lang='grc' dir='ltr'>ἐπάγεται</span> <span class='ocrx_word' id='word_1_457' title='bbox 1368 5580 1646 5663; x_wconf 69' lang='grc' dir='ltr'>ἀδελφοὺς,</span> <span class='ocrx_word' id='word_1_458' title='bbox 1693 5585 1780 5641; x_wconf 85' lang='grc' dir='ltr'><strong>καὶ</strong></span> <span class='ocrx_word' id='word_1_459' title='bbox 1823 5583 1989 5651; x_wconf 75' lang='grc' dir='ltr'>οὕτως</span> 
     </span>
    </p>
   </div>
   <div class='ocr_carea' id='block_1_62' title="bbox 341 5670 1991 5754">
    <p class='ocr_par' dir='ltr' id='par_1_62' title="bbox 341 5670 1991 5754">
     <span class='ocr_line' id='line_1_63' title="bbox 341 5670 1991 5754; baseline 0.002 -23"><span class='ocrx_word' id='word_1_460' title='bbox 341 5673 448 5732; x_wconf 74' lang='grc' dir='ltr'><strong>ὑπὸ</strong></span> <span class='ocrx_word' id='word_1_461' title='bbox 499 5679 569 5753; x_wconf 78' lang='grc' dir='ltr'><strong>τῇ</strong></span> <span class='ocrx_word' id='word_1_462' title='bbox 628 5679 768 5752; x_wconf 79' lang='grc' dir='ltr'>μονῇ</span> <span class='ocrx_word' id='word_1_463' title='bbox 811 5672 930 5752; x_wconf 77' lang='grc' dir='ltr'>τῇδε</span> <span class='ocrx_word' id='word_1_464' title='bbox 989 5681 1148 5748; x_wconf 82' lang='grc' dir='ltr'>ζῆσαι</span> <span class='ocrx_word' id='word_1_465' title='bbox 1192 5681 1344 5753; x_wconf 86' lang='grc' dir='ltr'>κοινῇ</span> <span class='ocrx_word' id='word_1_466' title='bbox 1396 5670 1794 5754; x_wconf 83' lang='grc' dir='ltr'>συνδιάγοντας,</span> <span class='ocrx_word' id='word_1_467' title='bbox 1843 5674 1991 5734; x_wconf 64' lang='grc' dir='ltr'>Οὕτω</span> 
     </span>
    </p>
   </div>
   <div class='ocr_carea' id='block_1_63' title="bbox 665 5792 1338 5860">
    <p class='ocr_par' dir='ltr' id='par_1_63' title="bbox 665 5792 1338 5860">
     <span class='ocr_line' id='line_1_64' title="bbox 665 5792 1338 5860; baseline 0.001 -4"><span class='ocrx_word' id='word_1_468' title='bbox 665 5792 927 5858; x_wconf 65' lang='grc' dir='ltr'>ΡΑτεοι..</span> <span class='ocrx_word' id='word_1_469' title='bbox 973 5796 1087 5860; x_wconf 86' lang='lat' dir='ltr'><strong>Ga.</strong></span> <span class='ocrx_word' id='word_1_470' title='bbox 1132 5793 1338 5858; x_wconf 82' lang='lat' dir='ltr'>CXVI.</span> 
     </span>
    </p>
   </div>
   <div class='ocr_carea' id='block_1_64' title="bbox 2069 562 3713 649">
    <p class='ocr_par' dir='ltr' id='par_1_64' title="bbox 2069 562 3713 649">
     <span class='ocr_line' id='line_1_65' title="bbox 2069 562 3713 649; baseline 0.004 -24"><span class='ocrx_word' id='word_1_471' title='bbox 2069 565 2228 627; x_wconf 76' lang='lat' dir='ltr'><strong>inter</strong></span> <span class='ocrx_word' id='word_1_472' title='bbox 2259 584 2385 638; x_wconf 90' lang='lat' dir='ltr'><strong>eos,</strong></span> <span class='ocrx_word' id='word_1_473' title='bbox 2423 564 2522 644; x_wconf 85' lang='lat' dir='ltr'><strong>qui</strong></span> <span class='ocrx_word' id='word_1_474' title='bbox 2568 563 2690 624; x_wconf 87' lang='lat' dir='ltr'><strong>illic</strong></span> <span class='ocrx_word' id='word_1_475' title='bbox 2721 562 3089 638; x_wconf 81' lang='lat' dir='ltr'><strong>habitabant,</strong></span> <span class='ocrx_word' id='word_1_476' title='bbox 3128 565 3283 644; x_wconf 91' lang='lat' dir='ltr'><strong>quod</strong></span> <span class='ocrx_word' id='word_1_477' title='bbox 3317 567 3442 646; x_wconf 88' lang='lat' dir='ltr'><strong>ipse</strong></span> <span class='ocrx_word' id='word_1_478' title='bbox 3475 570 3713 649; x_wconf 88' lang='lat' dir='ltr'><strong>quidem</strong></span> 
     </span>
    </p>
   </div>
   <div class='ocr_carea' id='block_1_65' title="bbox 2071 651 3717 722">
    <p class='ocr_par' dir='ltr' id='par_1_65' title="bbox 2071 651 3717 722">
     <span class='ocr_line' id='line_1_66' title="bbox 2071 651 3717 722; baseline 0.003 -6"><span class='ocrx_word' id='word_1_479' title='bbox 2071 654 2556 717; x_wconf 89' lang='lat' dir='ltr'><strong>essetaChristo</strong></span> <span class='ocrx_word' id='word_1_480' title='bbox 2603 653 2817 714; x_wconf 90' lang='lat' dir='ltr'><strong>missus</strong></span> <span class='ocrx_word' id='word_1_481' title='bbox 2881 651 3232 715; x_wconf 87' lang='lat' dir='ltr'><strong>benefactor</strong></span> <span class='ocrx_word' id='word_1_482' title='bbox 3290 656 3602 719; x_wconf 87' lang='lat' dir='ltr'><strong>hominum</strong></span> <span class='ocrx_word' id='word_1_483' title='bbox 3658 669 3717 722; x_wconf 89' lang='lat' dir='ltr'><strong>et</strong></span> 
     </span>
    </p>
   </div>
   <div class='ocr_carea' id='block_1_66' title="bbox 2071 741 3716 817">
    <p class='ocr_par' dir='ltr' id='par_1_66' title="bbox 2071 741 3716 817">
     <span class='ocr_line' id='line_1_67' title="bbox 2071 741 3716 817; baseline 0.004 -13"><span class='ocrx_word' id='word_1_484' title='bbox 2071 745 2277 805; x_wconf 90' lang='lat' dir='ltr'><strong>doctor</strong></span> <span class='ocrx_word' id='word_1_485' title='bbox 2308 743 2524 817; x_wconf 91' lang='lat' dir='ltr'><strong>bonus,</strong></span> <span class='ocrx_word' id='word_1_486' title='bbox 2558 741 2810 803; x_wconf 80' lang='lat' dir='ltr'><strong>mendax</strong></span> <span class='ocrx_word' id='word_1_487' title='bbox 2842 750 3039 803; x_wconf 90' lang='lat' dir='ltr'><strong>autem</strong></span> <span class='ocrx_word' id='word_1_488' title='bbox 3074 744 3362 817; x_wconf 84' lang='lat' dir='ltr'><strong>Helenus,</strong></span> <span class='ocrx_word' id='word_1_489' title='bbox 3397 748 3716 810; x_wconf 89' lang='lat' dir='ltr'><strong>auctorita-</strong></span> 
     </span>
    </p>
   </div>
   <div class='ocr_carea' id='block_1_67' title="bbox 2069 831 3718 900">
    <p class='ocr_par' dir='ltr' id='par_1_67' title="bbox 2069 831 3718 900">
     <span class='ocr_line' id='line_1_68' title="bbox 2069 831 3718 900; baseline 0.004 -7"><span class='ocrx_word' id='word_1_490' title='bbox 2069 840 2188 893; x_wconf 91' lang='lat' dir='ltr'><strong>tem</strong></span> <span class='ocrx_word' id='word_1_491' title='bbox 2251 832 2505 895; x_wconf 87' lang='lat' dir='ltr'><strong>docendi</strong></span> <span class='ocrx_word' id='word_1_492' title='bbox 2579 831 2692 892; x_wconf 88' lang='lat' dir='ltr'><strong>sibi</strong></span> <span class='ocrx_word' id='word_1_493' title='bbox 2751 831 2893 893; x_wconf 86' lang='lat' dir='ltr'><strong>falso</strong></span> <span class='ocrx_word' id='word_1_494' title='bbox 2977 832 3272 895; x_wconf 90' lang='lat' dir='ltr'><strong>tribuens.</strong></span> <span class='ocrx_word' id='word_1_495' title='bbox 3329 836 3718 900; x_wconf 82' lang='lat' dir='ltr'><strong>Existimabat</strong></span> 
     </span>
    </p>
   </div>
   <div class='ocr_carea' id='block_1_68' title="bbox 2071 920 3714 1002">
    <p class='ocr_par' dir='ltr' id='par_1_68' title="bbox 2071 920 3714 1002">
     <span class='ocr_line' id='line_1_69' title="bbox 2071 920 3714 1002; baseline 0.004 -20"><span class='ocrx_word' id='word_1_496' title='bbox 2071 922 2254 997; x_wconf 89' lang='lat' dir='ltr'><strong>enim,</strong></span> <span class='ocrx_word' id='word_1_497' title='bbox 2292 921 2445 1002; x_wconf 90' lang='lat' dir='ltr'><strong>quod</strong></span> <span class='ocrx_word' id='word_1_498' title='bbox 2479 920 2528 982; x_wconf 90' lang='lat' dir='ltr'><strong>si</strong></span> <span class='ocrx_word' id='word_1_499' title='bbox 2561 929 2854 1002; x_wconf 76' lang='lat' dir='ltr'><strong>pastorem</strong></span> <span class='ocrx_word' id='word_1_500' title='bbox 2885 922 3170 984; x_wconf 88' lang='lat' dir='ltr'><strong>adversus</strong></span> <span class='ocrx_word' id='word_1_501' title='bbox 3201 942 3442 1002; x_wconf 77' lang='lat' dir='ltr'><strong>gregem</strong></span> <span class='ocrx_word' id='word_1_502' title='bbox 3472 926 3546 987; x_wconf 91' lang='lat' dir='ltr'><strong>ad</strong></span> <span class='ocrx_word' id='word_1_503' title='bbox 3577 926 3714 989; x_wconf 88' lang='lat' dir='ltr'><strong>bel-</strong></span> 
     </span>
    </p>
   </div>
   <div class='ocr_carea' id='block_1_69' title="bbox 2070 1010 3716 1098">
    <p class='ocr_par' dir='ltr' id='par_1_69' title="bbox 2070 1010 3716 1098">
     <span class='ocr_line' id='line_1_70' title="bbox 2070 1010 3716 1098; baseline 0.005 -27"><span class='ocrx_word' id='word_1_504' title='bbox 2070 1010 2189 1072; x_wconf 87' lang='lat' dir='ltr'><strong>lum</strong></span> <span class='ocrx_word' id='word_1_505' title='bbox 2224 1010 2575 1090; x_wconf 84' lang='lat' dir='ltr'><strong>concitaret,</strong></span> <span class='ocrx_word' id='word_1_506' title='bbox 2634 1028 2736 1071; x_wconf 92' lang='lat' dir='ltr'><strong>eos</strong></span> <span class='ocrx_word' id='word_1_507' title='bbox 2767 1010 3075 1092; x_wconf 85' lang='lat' dir='ltr'><strong>deinceps,</strong></span> <span class='ocrx_word' id='word_1_508' title='bbox 3105 1020 3384 1094; x_wconf 88' lang='lat' dir='ltr'><strong>tanquam</strong></span> <span class='ocrx_word' id='word_1_509' title='bbox 3417 1034 3559 1077; x_wconf 92' lang='lat' dir='ltr'><strong>oves</strong></span> <span class='ocrx_word' id='word_1_510' title='bbox 3584 1035 3716 1098; x_wconf 78' lang='lat' dir='ltr'><strong>quae</strong></span> 
     </span>
    </p>
   </div>
   <div class='ocr_carea' id='block_1_70' title="bbox 2071 1099 3712 1180">
    <p class='ocr_par' dir='ltr' id='par_1_70' title="bbox 2071 1099 3712 1180">
     <span class='ocr_line' id='line_1_71' title="bbox 2071 1099 3712 1180; baseline 0.004 -19"><span class='ocrx_word' id='word_1_511' title='bbox 2071 1118 2189 1161; x_wconf 91' lang='lat' dir='ltr'><strong>non</strong></span> <span class='ocrx_word' id='word_1_512' title='bbox 2223 1109 2360 1162; x_wconf 91' lang='lat' dir='ltr'><strong>sunt</strong></span> <span class='ocrx_word' id='word_1_513' title='bbox 2391 1099 2724 1176; x_wconf 81' lang='lat' dir='ltr'><strong>custoditae,</strong></span> <span class='ocrx_word' id='word_1_514' title='bbox 2757 1100 3132 1180; x_wconf 84' lang='lat' dir='ltr'><strong>aggrediens,</strong></span> <span class='ocrx_word' id='word_1_515' title='bbox 3166 1120 3283 1163; x_wconf 92' lang='lat' dir='ltr'><strong>non</strong></span> <span class='ocrx_word' id='word_1_516' title='bbox 3312 1112 3712 1168; x_wconf 88' lang='lat' dir='ltr'><strong>contemnen-</strong></span> 
     </span>
    </p>
   </div>
   <div class='ocr_carea' id='block_1_71' title="bbox 2067 1189 3710 1270">
    <p class='ocr_par' dir='ltr' id='par_1_71' title="bbox 2067 1189 3710 1270">
     <span class='ocr_line' id='line_1_72' title="bbox 2067 1189 3710 1270; baseline 0.005 -21"><span class='ocrx_word' id='word_1_517' title='bbox 2067 1190 2200 1250; x_wconf 87' lang='lat' dir='ltr'><strong>dam</strong></span> <span class='ocrx_word' id='word_1_518' title='bbox 2231 1189 2488 1270; x_wconf 80' lang='lat' dir='ltr'><strong>praedam</strong></span> <span class='ocrx_word' id='word_1_519' title='bbox 2513 1190 2804 1268; x_wconf 69' lang='lat' dir='ltr'><strong>praeberet</strong></span> <span class='ocrx_word' id='word_1_520' title='bbox 2831 1190 2982 1270; x_wconf 90' lang='lat' dir='ltr'><strong>patri</strong></span> <span class='ocrx_word' id='word_1_521' title='bbox 3013 1209 3120 1251; x_wconf 91' lang='lat' dir='ltr'><strong>suo</strong></span> <span class='ocrx_word' id='word_1_522' title='bbox 3144 1189 3407 1256; x_wconf 90' lang='lat' dir='ltr'><strong>diabolo.</strong></span> <span class='ocrx_word' id='word_1_523' title='bbox 3438 1193 3573 1256; x_wconf 73' lang='lat' dir='ltr'><strong>Haec</strong></span> <span class='ocrx_word' id='word_1_524' title='bbox 3607 1195 3710 1258; x_wconf 88' lang='lat' dir='ltr'><strong>ille</strong></span> 
     </span>
    </p>
   </div>
   <div class='ocr_carea' id='block_1_72' title="bbox 2067 1277 3706 1362">
    <p class='ocr_par' dir='ltr' id='par_1_72' title="bbox 2067 1277 3706 1362">
     <span class='ocr_line' id='line_1_73' title="bbox 2067 1277 3706 1362; baseline 0.005 -24"><span class='ocrx_word' id='word_1_525' title='bbox 2067 1277 2482 1351; x_wconf 85' lang='lat' dir='ltr'><strong>dicens,fidem</strong></span> <span class='ocrx_word' id='word_1_526' title='bbox 2501 1277 2752 1340; x_wconf 84' lang='lat' dir='ltr'><strong>faciebat</strong></span> <span class='ocrx_word' id='word_1_527' title='bbox 2775 1297 2882 1339; x_wconf 91' lang='lat' dir='ltr'><strong>sua</strong></span> <span class='ocrx_word' id='word_1_528' title='bbox 2902 1278 3492 1359; x_wconf 86' lang='lat' dir='ltr'><strong>improbitate.Scitis</strong></span> <span class='ocrx_word' id='word_1_529' title='bbox 3519 1285 3706 1362; x_wconf 89' lang='lat' dir='ltr'><strong>enim,</strong></span> 
     </span>
    </p>
   </div>
   <div class='ocr_carea' id='block_1_73' title="bbox 2065 1367 3708 1448">
    <p class='ocr_par' dir='ltr' id='par_1_73' title="bbox 2065 1367 3708 1448">
     <span class='ocr_line' id='line_1_74' title="bbox 2065 1367 3708 1448; baseline 0.005 -20"><span class='ocrx_word' id='word_1_530' title='bbox 2065 1385 2240 1447; x_wconf 88' lang='lat' dir='ltr'><strong>quam</strong></span> <span class='ocrx_word' id='word_1_531' title='bbox 2269 1369 2342 1429; x_wconf 86' lang='lat' dir='ltr'><strong>sit</strong></span> <span class='ocrx_word' id='word_1_532' title='bbox 2367 1367 2593 1428; x_wconf 89' lang='lat' dir='ltr'><strong>malitia</strong></span> <span class='ocrx_word' id='word_1_533' title='bbox 2615 1367 2818 1428; x_wconf 81' lang='lat' dir='ltr'><strong>efﬁcax</strong></span> <span class='ocrx_word' id='word_1_534' title='bbox 2867 1376 2924 1429; x_wconf 91' lang='lat' dir='ltr'><strong>et</strong></span> <span class='ocrx_word' id='word_1_535' title='bbox 2952 1387 3126 1448; x_wconf 89' lang='lat' dir='ltr'><strong>quam</strong></span> <span class='ocrx_word' id='word_1_536' title='bbox 3160 1368 3331 1432; x_wconf 79' lang='lat' dir='ltr'><strong>facile</strong></span> <span class='ocrx_word' id='word_1_537' title='bbox 3367 1373 3582 1436; x_wconf 89' lang='lat' dir='ltr'><strong>multos</strong></span> <span class='ocrx_word' id='word_1_538' title='bbox 3612 1385 3708 1438; x_wconf 88' lang='lat' dir='ltr'><strong>at-</strong></span> 
     </span>
    </p>
   </div>
   <div class='ocr_carea' id='block_1_74' title="bbox 2065 1456 3710 1540">
    <p class='ocr_par' dir='ltr' id='par_1_74' title="bbox 2065 1456 3710 1540">
     <span class='ocr_line' id='line_1_75' title="bbox 2065 1456 3710 1540; baseline 0.006 -23"><span class='ocrx_word' id='word_1_539' title='bbox 2065 1456 2256 1518; x_wconf 83' lang='lat' dir='ltr'><strong>trahat</strong></span> <span class='ocrx_word' id='word_1_540' title='bbox 2287 1476 2300 1518; x_wconf 89' lang='lat'><strong>:</strong></span> <span class='ocrx_word' id='word_1_541' title='bbox 2333 1456 2506 1532; x_wconf 89' lang='lat' dir='ltr'><strong>adeo,</strong></span> <span class='ocrx_word' id='word_1_542' title='bbox 2543 1465 2610 1518; x_wconf 89' lang='lat' dir='ltr'><strong>ut</strong></span> <span class='ocrx_word' id='word_1_543' title='bbox 2658 1457 2730 1518; x_wconf 88' lang='lat' dir='ltr'><strong>ad</strong></span> <span class='ocrx_word' id='word_1_544' title='bbox 2763 1457 3053 1520; x_wconf 88' lang='lat' dir='ltr'><strong>Helenum</strong></span> <span class='ocrx_word' id='word_1_545' title='bbox 3093 1458 3264 1521; x_wconf 85' lang='lat' dir='ltr'><strong>turba</strong></span> <span class='ocrx_word' id='word_1_546' title='bbox 3291 1462 3608 1540; x_wconf 88' lang='lat' dir='ltr'><strong>accedens,</strong></span> <span class='ocrx_word' id='word_1_547' title='bbox 3653 1466 3710 1526; x_wconf 86' lang='lat' dir='ltr'><strong>ei</strong></span> 
     </span>
    </p>
   </div>
   <div class='ocr_carea' id='block_1_75' title="bbox 2065 1545 3708 1630">
    <p class='ocr_par' dir='ltr' id='par_1_75' title="bbox 2065 1545 3708 1630">
     <span class='ocr_line' id='line_1_76' title="bbox 2065 1545 3708 1630; baseline 0.005 -24"><span class='ocrx_word' id='word_1_548' title='bbox 2065 1545 2304 1625; x_wconf 81' lang='lat' dir='ltr'><strong>dixerit,</strong></span> <span class='ocrx_word' id='word_1_549' title='bbox 2343 1554 2405 1606; x_wconf 89' lang='lat' dir='ltr'><strong>ut</strong></span> <span class='ocrx_word' id='word_1_550' title='bbox 2430 1547 2518 1607; x_wconf 89' lang='lat' dir='ltr'><strong>vel</strong></span> <span class='ocrx_word' id='word_1_551' title='bbox 2553 1546 2748 1626; x_wconf 88' lang='lat' dir='ltr'><strong>ipsum</strong></span> <span class='ocrx_word' id='word_1_552' title='bbox 2783 1547 3071 1608; x_wconf 61' lang='lat' dir='ltr'><strong>doctrina;</strong></span> <span class='ocrx_word' id='word_1_553' title='bbox 3091 1560 3424 1612; x_wconf 82' lang='lat' dir='ltr'><strong>assumeret</strong></span> <span class='ocrx_word' id='word_1_554' title='bbox 3455 1555 3708 1630; x_wconf 91' lang='lat' dir='ltr'><strong>socium,</strong></span> 
     </span>
    </p>
   </div>
   <div class='ocr_carea' id='block_1_76' title="bbox 2063 1636 3709 1718">
    <p class='ocr_par' dir='ltr' id='par_1_76' title="bbox 2063 1636 3709 1718">
     <span class='ocr_line' id='line_1_77' title="bbox 2063 1636 3709 1718; baseline 0.006 -23"><span class='ocrx_word' id='word_1_555' title='bbox 2063 1644 2163 1696; x_wconf 90' lang='lat' dir='ltr'><strong>aut</strong></span> <span class='ocrx_word' id='word_1_556' title='bbox 2195 1645 2358 1696; x_wconf 88' lang='lat' dir='ltr'><strong>certe</strong></span> <span class='ocrx_word' id='word_1_557' title='bbox 2389 1636 2547 1697; x_wconf 90' lang='lat' dir='ltr'><strong>inter</strong></span> <span class='ocrx_word' id='word_1_558' title='bbox 2579 1654 2644 1696; x_wconf 91' lang='lat' dir='ltr'><strong>se</strong></span> <span class='ocrx_word' id='word_1_559' title='bbox 2674 1637 3066 1714; x_wconf 86' lang='lat' dir='ltr'><strong>disputarent,</strong></span> <span class='ocrx_word' id='word_1_560' title='bbox 3105 1646 3168 1698; x_wconf 89' lang='lat' dir='ltr'><strong>ut</strong></span> <span class='ocrx_word' id='word_1_561' title='bbox 3199 1638 3313 1718; x_wconf 87' lang='lat' dir='ltr'><strong>ipsi</strong></span> <span class='ocrx_word' id='word_1_562' title='bbox 3347 1641 3402 1702; x_wconf 90' lang='lat' dir='ltr'><strong>ei</strong></span> <span class='ocrx_word' id='word_1_563' title='bbox 3433 1642 3541 1717; x_wconf 88' lang='lat' dir='ltr'><strong>qui</strong></span> <span class='ocrx_word' id='word_1_564' title='bbox 3570 1643 3709 1704; x_wconf 87' lang='lat' dir='ltr'><strong>vin-</strong></span> 
     </span>
    </p>
   </div>
   <div class='ocr_carea' id='block_1_77' title="bbox 2063 1724 3714 1804">
    <p class='ocr_par' dir='ltr' id='par_1_77' title="bbox 2063 1724 3714 1804">
     <span class='ocr_line' id='line_1_78' title="bbox 2063 1724 3714 1804; baseline 0.005 -18"><span class='ocrx_word' id='word_1_565' title='bbox 2063 1735 2249 1799; x_wconf 89' lang='lat' dir='ltr'><strong>ceret,</strong></span> <span class='ocrx_word' id='word_1_566' title='bbox 2309 1724 2689 1786; x_wconf 84' lang='lat' dir='ltr'><strong>accederent.</strong></span> <span class='ocrx_word' id='word_1_567' title='bbox 2755 1725 2970 1787; x_wconf 89' lang='lat' dir='ltr'><strong>Libens</strong></span> <span class='ocrx_word' id='word_1_568' title='bbox 3020 1725 3223 1804; x_wconf 88' lang='lat' dir='ltr'><strong>itaque</strong></span> <span class='ocrx_word' id='word_1_569' title='bbox 3271 1728 3538 1792; x_wconf 90' lang='lat' dir='ltr'><strong>Helenus</strong></span> <span class='ocrx_word' id='word_1_570' title='bbox 3590 1732 3714 1794; x_wconf 89' lang='lat' dir='ltr'><strong>adit</strong></span> 
     </span>
    </p>
   </div>
   <div class='ocr_carea' id='block_1_78' title="bbox 2005 1813 3712 1902">
    <p class='ocr_par' dir='ltr' id='par_1_78' title="bbox 2005 1813 3712 1902">
     <span class='ocr_line' id='line_1_79' title="bbox 2005 1813 3712 1902; baseline 0.006 -29"><span class='ocrx_word' id='word_1_571' title='bbox 2005 1853 2041 1902; x_wconf 70' lang='grc' dir='ltr'><strong><em>Β</em></strong></span> <span class='ocrx_word' id='word_1_572' title='bbox 2067 1813 2393 1894; x_wconf 83' lang='lat' dir='ltr'><strong>periculum</strong></span> <span class='ocrx_word' id='word_1_573' title='bbox 2429 1832 2561 1873; x_wconf 93' lang='lat' dir='ltr'><strong>cum</strong></span> <span class='ocrx_word' id='word_1_574' title='bbox 2599 1832 2670 1875; x_wconf 87' lang='lat' dir='ltr'><strong>eo</strong></span> <span class='ocrx_word' id='word_1_575' title='bbox 2698 1814 3062 1894; x_wconf 81' lang='lat' dir='ltr'><strong>disputandi.</strong></span> <span class='ocrx_word' id='word_1_576' title='bbox 3095 1817 3428 1880; x_wconf 83' lang='lat' dir='ltr'><strong>Couﬁtebat</strong></span> <span class='ocrx_word' id='word_1_577' title='bbox 3460 1822 3616 1882; x_wconf 91' lang='lat' dir='ltr'><strong>enim</strong></span> <span class='ocrx_word' id='word_1_578' title='bbox 3650 1822 3712 1883; x_wconf 91' lang='lat' dir='ltr'><strong>in</strong></span> 
     </span>
    </p>
   </div>
   <div class='ocr_carea' id='block_1_79' title="bbox 2065 1902 3708 1983">
    <p class='ocr_par' dir='ltr' id='par_1_79' title="bbox 2065 1902 3708 1983">
     <span class='ocr_line' id='line_1_80' title="bbox 2065 1902 3708 1983; baseline 0.004 -18"><span class='ocrx_word' id='word_1_579' title='bbox 2065 1902 2320 1965; x_wconf 90' lang='lat' dir='ltr'><strong>Christo.</strong></span> <span class='ocrx_word' id='word_1_580' title='bbox 2356 1903 2598 1964; x_wconf 88' lang='lat' dir='ltr'><strong>Zaream</strong></span> <span class='ocrx_word' id='word_1_581' title='bbox 2639 1911 2836 1964; x_wconf 90' lang='lat' dir='ltr'><strong>autem</strong></span> <span class='ocrx_word' id='word_1_582' title='bbox 2867 1922 3177 1966; x_wconf 85' lang='lat' dir='ltr'><strong>assumere</strong></span> <span class='ocrx_word' id='word_1_583' title='bbox 3221 1907 3472 1983; x_wconf 89' lang='lat' dir='ltr'><strong>socium,</strong></span> <span class='ocrx_word' id='word_1_584' title='bbox 3510 1910 3708 1972; x_wconf 82' lang='lat' dir='ltr'><strong>immi-</strong></span> 
     </span>
    </p>
   </div>
   <div class='ocr_carea' id='block_1_80' title="bbox 2063 1990 3710 2078">
    <p class='ocr_par' dir='ltr' id='par_1_80' title="bbox 2063 1990 3710 2078">
     <span class='ocr_line' id='line_1_81' title="bbox 2063 1990 3710 2078; baseline 0.007 -27"><span class='ocrx_word' id='word_1_585' title='bbox 2063 2009 2200 2051; x_wconf 89' lang='lat' dir='ltr'><strong>nem</strong></span> <span class='ocrx_word' id='word_1_586' title='bbox 2236 1990 2337 2071; x_wconf 90' lang='lat' dir='ltr'><strong>qui</strong></span> <span class='ocrx_word' id='word_1_587' title='bbox 2394 1991 2759 2070; x_wconf 82' lang='lat' dir='ltr'><strong>gloriabatur</strong></span> <span class='ocrx_word' id='word_1_588' title='bbox 2806 1993 3142 2054; x_wconf 70' lang='lat' dir='ltr'><strong>daamonum</strong></span> <span class='ocrx_word' id='word_1_589' title='bbox 3199 1997 3536 2078; x_wconf 68' lang='lat' dir='ltr'><strong>praestigiis,</strong></span> <span class='ocrx_word' id='word_1_590' title='bbox 3596 2001 3710 2062; x_wconf 84' lang='lat' dir='ltr'><strong>hoc</strong></span> 
     </span>
    </p>
   </div>
   <div class='ocr_carea' id='block_1_81' title="bbox 2063 2079 3703 2150">
    <p class='ocr_par' dir='ltr' id='par_1_81' title="bbox 2063 2079 3703 2150">
     <span class='ocr_line' id='line_1_82' title="bbox 2063 2079 3703 2150; baseline 0.005 -8"><span class='ocrx_word' id='word_1_591' title='bbox 2063 2079 2437 2142; x_wconf 79' lang='lat' dir='ltr'><strong>existimabat</strong></span> <span class='ocrx_word' id='word_1_592' title='bbox 2463 2081 2555 2142; x_wconf 89' lang='lat' dir='ltr'><strong>vel</strong></span> <span class='ocrx_word' id='word_1_593' title='bbox 2613 2081 2740 2143; x_wconf 91' lang='lat' dir='ltr'><strong>solo</strong></span> <span class='ocrx_word' id='word_1_594' title='bbox 2788 2099 2920 2142; x_wconf 89' lang='lat' dir='ltr'><strong>esse</strong></span> <span class='ocrx_word' id='word_1_595' title='bbox 2958 2083 3162 2144; x_wconf 89' lang='lat' dir='ltr'><strong>auditu</strong></span> <span class='ocrx_word' id='word_1_596' title='bbox 3211 2084 3703 2150; x_wconf 89' lang='lat' dir='ltr'><strong>abominandum.</strong></span> 
     </span>
    </p>
   </div>
   <div class='ocr_carea' id='block_1_82' title="bbox 2063 2168 3707 2256">
    <p class='ocr_par' dir='ltr' id='par_1_82' title="bbox 2063 2168 3707 2256">
     <span class='ocr_line' id='line_1_83' title="bbox 2063 2168 3707 2256; baseline 0.007 -26"><span class='ocrx_word' id='word_1_597' title='bbox 2063 2168 2378 2250; x_wconf 87' lang='lat' dir='ltr'><strong>Postquam</strong></span> <span class='ocrx_word' id='word_1_598' title='bbox 2430 2188 2570 2250; x_wconf 81' lang='lat' dir='ltr'><strong>ergo</strong></span> <span class='ocrx_word' id='word_1_599' title='bbox 2600 2171 2729 2233; x_wconf 90' lang='lat' dir='ltr'><strong>dies</strong></span> <span class='ocrx_word' id='word_1_600' title='bbox 2763 2172 2930 2234; x_wconf 81' lang='lat' dir='ltr'><strong>affuit</strong></span> <span class='ocrx_word' id='word_1_601' title='bbox 2978 2172 3322 2256; x_wconf 68' lang='lat' dir='ltr'><strong>praeﬁnitus,</strong></span> <span class='ocrx_word' id='word_1_602' title='bbox 3357 2179 3605 2240; x_wconf 84' lang='lat' dir='ltr'><strong>accessit</strong></span> <span class='ocrx_word' id='word_1_603' title='bbox 3631 2179 3707 2241; x_wconf 88' lang='lat' dir='ltr'><strong>ad</strong></span> 
     </span>
    </p>
   </div>
   <div class='ocr_carea' id='block_1_83' title="bbox 2063 2260 3712 2340">
    <p class='ocr_par' dir='ltr' id='par_1_83' title="bbox 2063 2260 3712 2340">
     <span class='ocr_line' id='line_1_84' title="bbox 2063 2260 3712 2340; baseline 0.006 -20"><span class='ocrx_word' id='word_1_604' title='bbox 2063 2261 2548 2340; x_wconf 85' lang='lat' dir='ltr'><strong>disputationem.</strong></span> <span class='ocrx_word' id='word_1_605' title='bbox 2578 2260 2648 2321; x_wconf 91' lang='lat' dir='ltr'><strong>Et</strong></span> <span class='ocrx_word' id='word_1_606' title='bbox 2707 2262 2965 2340; x_wconf 90' lang='lat' dir='ltr'><strong>primum</strong></span> <span class='ocrx_word' id='word_1_607' title='bbox 3027 2263 3268 2340; x_wconf 88' lang='lat' dir='ltr'><strong>quidem</strong></span> <span class='ocrx_word' id='word_1_608' title='bbox 3323 2284 3459 2327; x_wconf 91' lang='lat' dir='ltr'><strong>eum</strong></span> <span class='ocrx_word' id='word_1_609' title='bbox 3491 2269 3712 2331; x_wconf 88' lang='lat' dir='ltr'><strong>acriter</strong></span> 
     </span>
    </p>
   </div>
   <div class='ocr_carea' id='block_1_84' title="bbox 2069 2349 3708 2438">
    <p class='ocr_par' dir='ltr' id='par_1_84' title="bbox 2069 2349 3708 2438">
     <span class='ocr_line' id='line_1_85' title="bbox 2069 2349 3708 2438; baseline 0.007 -28"><span class='ocrx_word' id='word_1_610' title='bbox 2069 2358 2158 2438; x_wconf 82' lang='lat' dir='ltr'><strong>est</strong></span> <span class='ocrx_word' id='word_1_611' title='bbox 2189 2349 2456 2430; x_wconf 89' lang='lat' dir='ltr'><strong>adortus,</strong></span> <span class='ocrx_word' id='word_1_612' title='bbox 2492 2359 2548 2411; x_wconf 92' lang='lat' dir='ltr'><strong>et</strong></span> <span class='ocrx_word' id='word_1_613' title='bbox 2580 2350 2809 2412; x_wconf 89' lang='lat' dir='ltr'><strong>crebris</strong></span> <span class='ocrx_word' id='word_1_614' title='bbox 2841 2369 3076 2430; x_wconf 84' lang='lat' dir='ltr'><strong>magum</strong></span> <span class='ocrx_word' id='word_1_615' title='bbox 3130 2353 3348 2414; x_wconf 86' lang='lat' dir='ltr'><strong>invasit</strong></span> <span class='ocrx_word' id='word_1_616' title='bbox 3379 2373 3708 2438; x_wconf 87' lang='lat' dir='ltr'><strong>argumen-</strong></span> 
     </span>
    </p>
   </div>
   <div class='ocr_carea' id='block_1_85' title="bbox 2066 2436 3709 2527">
    <p class='ocr_par' dir='ltr' id='par_1_85' title="bbox 2066 2436 3709 2527">
     <span class='ocr_line' id='line_1_86' title="bbox 2066 2436 3709 2527; baseline 0.009 -30"><span class='ocrx_word' id='word_1_617' title='bbox 2066 2436 2160 2499; x_wconf 89' lang='lat' dir='ltr'><strong>tis.</strong></span> <span class='ocrx_word' id='word_1_618' title='bbox 2195 2440 2514 2519; x_wconf 85' lang='lat' dir='ltr'><strong>Postquam</strong></span> <span class='ocrx_word' id='word_1_619' title='bbox 2568 2448 2765 2502; x_wconf 90' lang='lat' dir='ltr'><strong>autem</strong></span> <span class='ocrx_word' id='word_1_620' title='bbox 2795 2440 2944 2501; x_wconf 89' lang='lat' dir='ltr'><strong>vidit</strong></span> <span class='ocrx_word' id='word_1_621' title='bbox 2976 2459 3108 2502; x_wconf 92' lang='lat' dir='ltr'><strong>eum</strong></span> <span class='ocrx_word' id='word_1_622' title='bbox 3161 2443 3248 2503; x_wconf 88' lang='lat' dir='ltr'><strong>uti</strong></span> <span class='ocrx_word' id='word_1_623' title='bbox 3280 2436 3620 2527; x_wconf 78' lang='lat' dir='ltr'><strong>arrogantia</strong></span> <span class='ocrx_word' id='word_1_624' title='bbox 3650 2456 3709 2511; x_wconf 89' lang='lat' dir='ltr'><strong>et</strong></span> 
     </span>
    </p>
   </div>
   <div class='ocr_carea' id='block_1_86' title="bbox 2065 2527 3706 2618">
    <p class='ocr_par' dir='ltr' id='par_1_86' title="bbox 2065 2527 3706 2618">
     <span class='ocr_line' id='line_1_87' title="bbox 2065 2527 3706 2618; baseline 0.008 -31"><span class='ocrx_word' id='word_1_625' title='bbox 2065 2527 2399 2618; x_wconf 84' lang='lat' dir='ltr'><strong>insolentia,</strong></span> <span class='ocrx_word' id='word_1_626' title='bbox 2431 2538 2708 2610; x_wconf 89' lang='lat' dir='ltr'><strong>tanquam</strong></span> <span class='ocrx_word' id='word_1_627' title='bbox 2743 2530 3020 2605; x_wconf 89' lang='lat' dir='ltr'><strong>armis,et</strong></span> <span class='ocrx_word' id='word_1_628' title='bbox 3053 2532 3423 2597; x_wconf 88' lang='lat' dir='ltr'><strong>contendere</strong></span> <span class='ocrx_word' id='word_1_629' title='bbox 3452 2536 3565 2598; x_wconf 91' lang='lat' dir='ltr'><strong>sibi</strong></span> <span class='ocrx_word' id='word_1_630' title='bbox 3599 2556 3706 2618; x_wconf 87' lang='lat' dir='ltr'><strong>pa-</strong></span> 
     </span>
    </p>
   </div>
   <div class='ocr_carea' id='block_1_87' title="bbox 2064 2617 3708 2706">
    <p class='ocr_par' dir='ltr' id='par_1_87' title="bbox 2064 2617 3708 2706">
     <span class='ocr_line' id='line_1_88' title="bbox 2064 2617 3708 2706; baseline 0.007 -28"><span class='ocrx_word' id='word_1_631' title='bbox 2064 2634 2198 2679; x_wconf 86' lang='lat' dir='ltr'><strong>rare</strong></span> <span class='ocrx_word' id='word_1_632' title='bbox 2224 2617 2551 2694; x_wconf 87' lang='lat' dir='ltr'><strong>victoriam,</strong></span> <span class='ocrx_word' id='word_1_633' title='bbox 2587 2638 2706 2680; x_wconf 90' lang='lat' dir='ltr'><strong>non</strong></span> <span class='ocrx_word' id='word_1_634' title='bbox 2739 2638 2807 2681; x_wconf 87' lang='lat' dir='ltr'><strong>ex</strong></span> <span class='ocrx_word' id='word_1_635' title='bbox 2839 2621 3109 2696; x_wconf 85' lang='lat' dir='ltr'><strong>veritate,</strong></span> <span class='ocrx_word' id='word_1_636' title='bbox 3145 2621 3249 2684; x_wconf 89' lang='lat' dir='ltr'><strong>sed</strong></span> <span class='ocrx_word' id='word_1_637' title='bbox 3284 2641 3356 2684; x_wconf 81' lang='lat' dir='ltr'><strong>ex</strong></span> <span class='ocrx_word' id='word_1_638' title='bbox 3385 2617 3708 2706; x_wconf 86' lang='lat' dir='ltr'><strong>impuden-</strong></span> 
     </span>
    </p>
   </div>
   <div class='ocr_carea' id='block_1_88' title="bbox 2062 2709 3707 2795">
    <p class='ocr_par' dir='ltr' id='par_1_88' title="bbox 2062 2709 3707 2795">
     <span class='ocr_line' id='line_1_89' title="bbox 2062 2709 3707 2795; baseline 0.007 -26"><span class='ocrx_word' id='word_1_639' title='bbox 2062 2709 2166 2789; x_wconf 86' lang='lat' dir='ltr'><strong>tia,</strong></span> <span class='ocrx_word' id='word_1_640' title='bbox 2204 2709 2470 2789; x_wconf 83' lang='lat' dir='ltr'><strong>permisit</strong></span> <span class='ocrx_word' id='word_1_641' title='bbox 2501 2709 2652 2772; x_wconf 85' lang='lat' dir='ltr'><strong>facto</strong></span> <span class='ocrx_word' id='word_1_642' title='bbox 2699 2709 3038 2788; x_wconf 86' lang='lat' dir='ltr'><strong>judicium;</strong></span> <span class='ocrx_word' id='word_1_643' title='bbox 3098 2719 3156 2772; x_wconf 90' lang='lat' dir='ltr'><strong>et</strong></span> <span class='ocrx_word' id='word_1_644' title='bbox 3195 2711 3366 2792; x_wconf 91' lang='lat' dir='ltr'><strong>jubet</strong></span> <span class='ocrx_word' id='word_1_645' title='bbox 3428 2734 3707 2795; x_wconf 88' lang='lat' dir='ltr'><strong>magnum</strong></span> 
     </span>
    </p>
   </div>
   <div class='ocr_carea' id='block_1_89' title="bbox 2065 2798 3705 2878">
    <p class='ocr_par' dir='ltr' id='par_1_89' title="bbox 2065 2798 3705 2878">
     <span class='ocr_line' id='line_1_90' title="bbox 2065 2798 3705 2878; baseline 0.007 -20"><span class='ocrx_word' id='word_1_646' title='bbox 2065 2799 2260 2877; x_wconf 82' lang='lat' dir='ltr'><strong>ignem</strong></span> <span class='ocrx_word' id='word_1_647' title='bbox 2291 2798 2541 2860; x_wconf 86' lang='lat' dir='ltr'><strong>accendi</strong></span> <span class='ocrx_word' id='word_1_648' title='bbox 2597 2799 2658 2859; x_wconf 89' lang='lat' dir='ltr'><strong>in</strong></span> <span class='ocrx_word' id='word_1_649' title='bbox 2716 2799 2914 2862; x_wconf 83' lang='lat' dir='ltr'><strong>media</strong></span> <span class='ocrx_word' id='word_1_650' title='bbox 2971 2800 3227 2878; x_wconf 85' lang='lat' dir='ltr'><strong>civitate,</strong></span> <span class='ocrx_word' id='word_1_651' title='bbox 3260 2803 3470 2866; x_wconf 89' lang='lat' dir='ltr'><strong>ambos</strong></span> <span class='ocrx_word' id='word_1_652' title='bbox 3506 2816 3705 2870; x_wconf 87' lang='lat' dir='ltr'><strong>autem</strong></span> 
     </span>
    </p>
   </div>
   <div class='ocr_carea' id='block_1_90' title="bbox 2060 2888 3707 2970">
    <p class='ocr_par' dir='ltr' id='par_1_90' title="bbox 2060 2888 3707 2970">
     <span class='ocr_line' id='line_1_91' title="bbox 2060 2888 3707 2970; baseline 0.007 -21"><span class='ocrx_word' id='word_1_653' title='bbox 2060 2889 2360 2949; x_wconf 83' lang='lat' dir='ltr'><strong>flammam</strong></span> <span class='ocrx_word' id='word_1_654' title='bbox 2396 2888 2649 2966; x_wconf 85' lang='lat' dir='ltr'><strong>ingredi,</strong></span> <span class='ocrx_word' id='word_1_655' title='bbox 2677 2898 2734 2949; x_wconf 92' lang='lat' dir='ltr'><strong>et</strong></span> <span class='ocrx_word' id='word_1_656' title='bbox 2757 2891 2858 2970; x_wconf 89' lang='lat' dir='ltr'><strong>qui</strong></span> <span class='ocrx_word' id='word_1_657' title='bbox 2881 2907 3084 2951; x_wconf 91' lang='lat' dir='ltr'><strong>eorum</strong></span> <span class='ocrx_word' id='word_1_658' title='bbox 3112 2902 3378 2954; x_wconf 92' lang='lat' dir='ltr'><strong>maneret</strong></span> <span class='ocrx_word' id='word_1_659' title='bbox 3399 2893 3618 2957; x_wconf 87' lang='lat' dir='ltr'><strong>illaesus</strong></span> <span class='ocrx_word' id='word_1_660' title='bbox 3649 2905 3707 2960; x_wconf 89' lang='lat' dir='ltr'><strong>et</strong></span> 
     </span>
    </p>
   </div>
   <div class='ocr_carea' id='block_1_91' title="bbox 2059 2977 3704 3061">
    <p class='ocr_par' dir='ltr' id='par_1_91' title="bbox 2059 2977 3704 3061">
     <span class='ocr_line' id='line_1_92' title="bbox 2059 2977 3704 3061; baseline 0.008 -23"><span class='ocrx_word' id='word_1_661' title='bbox 2059 2977 2197 3056; x_wconf 87' lang='lat' dir='ltr'><strong>igne</strong></span> <span class='ocrx_word' id='word_1_662' title='bbox 2227 2977 2460 3058; x_wconf 88' lang='lat' dir='ltr'><strong>fortior,</strong></span> <span class='ocrx_word' id='word_1_663' title='bbox 2493 2997 2626 3038; x_wconf 87' lang='lat' dir='ltr'><strong>eum</strong></span> <span class='ocrx_word' id='word_1_664' title='bbox 2678 2997 2809 3040; x_wconf 91' lang='lat' dir='ltr'><strong>esse</strong></span> <span class='ocrx_word' id='word_1_665' title='bbox 2868 2988 3093 3060; x_wconf 89' lang='lat' dir='ltr'><strong>aperte,</strong></span> <span class='ocrx_word' id='word_1_666' title='bbox 3126 2982 3231 3061; x_wconf 90' lang='lat' dir='ltr'><strong>qui</strong></span> <span class='ocrx_word' id='word_1_667' title='bbox 3287 3002 3322 3044; x_wconf 88' lang='lat' dir='ltr'><strong>a</strong></span> <span class='ocrx_word' id='word_1_668' title='bbox 3352 2986 3584 3048; x_wconf 88' lang='lat' dir='ltr'><strong>Christo</strong></span> <span class='ocrx_word' id='word_1_669' title='bbox 3615 2997 3704 3050; x_wconf 87' lang='lat' dir='ltr'><strong>est</strong></span> 
     </span>
    </p>
   </div>
   <div class='ocr_carea' id='block_1_92' title="bbox 2062 3067 3701 3149">
    <p class='ocr_par' dir='ltr' id='par_1_92' title="bbox 2062 3067 3701 3149">
     <span class='ocr_line' id='line_1_93' title="bbox 2062 3067 3701 3149; baseline 0.009 -23"><span class='ocrx_word' id='word_1_670' title='bbox 2062 3067 2301 3142; x_wconf 89' lang='lat' dir='ltr'><strong>missus,</strong></span> <span class='ocrx_word' id='word_1_671' title='bbox 2339 3074 2396 3127; x_wconf 92' lang='lat' dir='ltr'><strong>et</strong></span> <span class='ocrx_word' id='word_1_672' title='bbox 2419 3068 2664 3145; x_wconf 86' lang='lat' dir='ltr'><strong>dignum</strong></span> <span class='ocrx_word' id='word_1_673' title='bbox 2691 3085 2845 3144; x_wconf 89' lang='lat' dir='ltr'><strong>esse,</strong></span> <span class='ocrx_word' id='word_1_674' title='bbox 2882 3069 2979 3149; x_wconf 93' lang='lat' dir='ltr'><strong>qui</strong></span> <span class='ocrx_word' id='word_1_675' title='bbox 3012 3070 3222 3132; x_wconf 85' lang='lat' dir='ltr'><strong>doceat</strong></span> <span class='ocrx_word' id='word_1_676' title='bbox 3256 3073 3414 3134; x_wconf 90' lang='lat' dir='ltr'><strong>illius</strong></span> <span class='ocrx_word' id='word_1_677' title='bbox 3445 3074 3701 3140; x_wconf 90' lang='lat' dir='ltr'><strong>clerum.</strong></span> 
     </span>
    </p>
   </div>
   <div class='ocr_carea' id='block_1_93' title="bbox 2144 3153 3705 3236">
    <p class='ocr_par' dir='ltr' id='par_1_93' title="bbox 2144 3153 3705 3236">
     <span class='ocr_line' id='line_1_94' title="bbox 2144 3153 3705 3236; baseline 0.007 -20"><span class='ocrx_word' id='word_1_678' title='bbox 2144 3153 2297 3218; x_wconf 79' lang='lat' dir='ltr'><strong>Vlll.</strong></span> <span class='ocrx_word' id='word_1_679' title='bbox 2334 3158 2650 3236; x_wconf 87' lang='lat' dir='ltr'><strong>Postquam</strong></span> <span class='ocrx_word' id='word_1_680' title='bbox 2704 3175 2842 3217; x_wconf 90' lang='lat' dir='ltr'><strong>vero</strong></span> <span class='ocrx_word' id='word_1_681' title='bbox 2879 3156 3054 3219; x_wconf 90' lang='lat' dir='ltr'><strong>verba</strong></span> <span class='ocrx_word' id='word_1_682' title='bbox 3083 3159 3156 3219; x_wconf 85' lang='lat' dir='ltr'><strong>ad</strong></span> <span class='ocrx_word' id='word_1_683' title='bbox 3189 3179 3314 3222; x_wconf 88' lang='lat' dir='ltr'><strong>rem</strong></span> <span class='ocrx_word' id='word_1_684' title='bbox 3347 3173 3483 3224; x_wconf 89' lang='lat' dir='ltr'><strong>sunt</strong></span> <span class='ocrx_word' id='word_1_685' title='bbox 3515 3165 3705 3227; x_wconf 86' lang='lat' dir='ltr'><strong>dedu-</strong></span> 
     </span>
    </p>
   </div>
   <div class='ocr_carea' id='block_1_94' title="bbox 2065 3245 3707 3333">
    <p class='ocr_par' dir='ltr' id='par_1_94' title="bbox 2065 3245 3707 3333">
     <span class='ocr_line' id='line_1_95' title="bbox 2065 3245 3707 3333; baseline 0.009 -28"><span class='ocrx_word' id='word_1_686' title='bbox 2065 3251 2179 3318; x_wconf 87' lang='lat' dir='ltr'><strong>cta,</strong></span> <span class='ocrx_word' id='word_1_687' title='bbox 2207 3254 2265 3306; x_wconf 89' lang='lat' dir='ltr'><strong>et</strong></span> <span class='ocrx_word' id='word_1_688' title='bbox 2301 3245 2539 3307; x_wconf 89' lang='lat' dir='ltr'><strong>ﬂamma</strong></span> <span class='ocrx_word' id='word_1_689' title='bbox 2583 3246 2707 3325; x_wconf 88' lang='lat' dir='ltr'><strong>jam</strong></span> <span class='ocrx_word' id='word_1_690' title='bbox 2765 3246 2872 3307; x_wconf 88' lang='lat' dir='ltr'><strong>fuit</strong></span> <span class='ocrx_word' id='word_1_691' title='bbox 2916 3248 2973 3307; x_wconf 89' lang='lat' dir='ltr'><strong>in</strong></span> <span class='ocrx_word' id='word_1_692' title='bbox 3003 3249 3186 3310; x_wconf 92' lang='lat' dir='ltr'><strong>altum</strong></span> <span class='ocrx_word' id='word_1_693' title='bbox 3223 3250 3477 3333; x_wconf 91' lang='lat' dir='ltr'><strong>sublata,</strong></span> <span class='ocrx_word' id='word_1_694' title='bbox 3513 3264 3707 3319; x_wconf 87' lang='lat' dir='ltr'><strong>metus</strong></span> 
     </span>
    </p>
   </div>
   <div class='ocr_carea' id='block_1_95' title="bbox 2065 3334 3699 3421">
    <p class='ocr_par' dir='ltr' id='par_1_95' title="bbox 2065 3334 3699 3421">
     <span class='ocr_line' id='line_1_96' title="bbox 2065 3334 3699 3421; baseline 0.008 -26"><span class='ocrx_word' id='word_1_695' title='bbox 2065 3334 2307 3415; x_wconf 90' lang='lat' dir='ltr'><strong>quidem</strong></span> <span class='ocrx_word' id='word_1_696' title='bbox 2329 3334 2527 3396; x_wconf 87' lang='lat' dir='ltr'><strong>statim</strong></span> <span class='ocrx_word' id='word_1_697' title='bbox 2551 3335 2758 3396; x_wconf 86' lang='lat' dir='ltr'><strong>invasit</strong></span> <span class='ocrx_word' id='word_1_698' title='bbox 2779 3336 3042 3412; x_wconf 88' lang='lat' dir='ltr'><strong>Zaream,</strong></span> <span class='ocrx_word' id='word_1_699' title='bbox 3071 3347 3130 3400; x_wconf 86' lang='lat' dir='ltr'><strong>et</strong></span> <span class='ocrx_word' id='word_1_700' title='bbox 3153 3338 3406 3417; x_wconf 77' lang='lat' dir='ltr'><strong>jul.—ebat</strong></span> <span class='ocrx_word' id='word_1_701' title='bbox 3439 3344 3699 3421; x_wconf 89' lang='lat' dir='ltr'><strong>primum</strong></span> 
     </span>
    </p>
   </div>
   <div class='ocr_carea' id='block_1_96' title="bbox 2063 3423 3706 3515">
    <p class='ocr_par' dir='ltr' id='par_1_96' title="bbox 2063 3423 3706 3515">
     <span class='ocr_line' id='line_1_97' title="bbox 2063 3423 3706 3515; baseline 0.007 -29"><span class='ocrx_word' id='word_1_702' title='bbox 2063 3424 2298 3503; x_wconf 85' lang='lat' dir='ltr'><strong>ingredi</strong></span> <span class='ocrx_word' id='word_1_703' title='bbox 2330 3423 2646 3515; x_wconf 84' lang='lat' dir='ltr'><strong>Helenum,</strong></span> <span class='ocrx_word' id='word_1_704' title='bbox 2680 3426 2792 3487; x_wconf 92' lang='lat' dir='ltr'><strong>hoc</strong></span> <span class='ocrx_word' id='word_1_705' title='bbox 2824 3427 2978 3507; x_wconf 87' lang='lat' dir='ltr'><strong>apud</strong></span> <span class='ocrx_word' id='word_1_706' title='bbox 3013 3446 3104 3509; x_wconf 93' lang='lat' dir='ltr'><strong>se,</strong></span> <span class='ocrx_word' id='word_1_707' title='bbox 3133 3437 3196 3490; x_wconf 92' lang='lat' dir='ltr'><strong>ut</strong></span> <span class='ocrx_word' id='word_1_708' title='bbox 3253 3430 3506 3507; x_wconf 71' lang='lat' dir='ltr'><strong>videtur,</strong></span> <span class='ocrx_word' id='word_1_709' title='bbox 3543 3436 3706 3515; x_wconf 83' lang='lat' dir='ltr'><strong>cogi-</strong></span> 
     </span>
    </p>
   </div>
   <div class='ocr_carea' id='block_1_97' title="bbox 2069 3513 3712 3595">
    <p class='ocr_par' dir='ltr' id='par_1_97' title="bbox 2069 3513 3712 3595">
     <span class='ocr_line' id='line_1_98' title="bbox 2069 3513 3712 3595; baseline 0.007 -21"><span class='ocrx_word' id='word_1_710' title='bbox 2069 3522 2199 3575; x_wconf 89' lang='lat' dir='ltr'><strong>tans</strong></span> <span class='ocrx_word' id='word_1_711' title='bbox 2240 3513 2397 3595; x_wconf 90' lang='lat' dir='ltr'><strong>quod</strong></span> <span class='ocrx_word' id='word_1_712' title='bbox 2447 3515 2542 3576; x_wconf 87' lang='lat' dir='ltr'><strong>vel</strong></span> <span class='ocrx_word' id='word_1_713' title='bbox 2601 3533 2720 3576; x_wconf 91' lang='lat' dir='ltr'><strong>non</strong></span> <span class='ocrx_word' id='word_1_714' title='bbox 2780 3515 3028 3589; x_wconf 87' lang='lat' dir='ltr'><strong>audens,</strong></span> <span class='ocrx_word' id='word_1_715' title='bbox 3086 3517 3385 3582; x_wconf 88' lang='lat' dir='ltr'><strong>dedecore</strong></span> <span class='ocrx_word' id='word_1_716' title='bbox 3442 3513 3712 3589; x_wconf 80' lang='lat' dir='ltr'><strong>Helenus</strong></span> 
     </span>
    </p>
   </div>
   <div class='ocr_carea' id='block_1_98' title="bbox 2063 3603 3712 3690">
    <p class='ocr_par' dir='ltr' id='par_1_98' title="bbox 2063 3603 3712 3690">
     <span class='ocr_line' id='line_1_99' title="bbox 2063 3603 3712 3690; baseline 0.008 -24"><span class='ocrx_word' id='word_1_717' title='bbox 2063 3603 2372 3676; x_wconf 77' lang='lat' dir='ltr'><strong>afﬁcietur,</strong></span> <span class='ocrx_word' id='word_1_718' title='bbox 2413 3613 2512 3664; x_wconf 91' lang='lat' dir='ltr'><strong>aut</strong></span> <span class='ocrx_word' id='word_1_719' title='bbox 2562 3603 2612 3664; x_wconf 93' lang='lat' dir='ltr'><strong>si</strong></span> <span class='ocrx_word' id='word_1_720' title='bbox 2641 3622 2818 3666; x_wconf 90' lang='lat' dir='ltr'><strong>ausus</strong></span> <span class='ocrx_word' id='word_1_721' title='bbox 2865 3605 3309 3678; x_wconf 86' lang='lat' dir='ltr'><strong>fuerit,emittet</strong></span> <span class='ocrx_word' id='word_1_722' title='bbox 3333 3612 3616 3690; x_wconf 89' lang='lat' dir='ltr'><strong>animam,</strong></span> <span class='ocrx_word' id='word_1_723' title='bbox 3649 3625 3712 3679; x_wconf 90' lang='lat' dir='ltr'><strong>et</strong></span> 
     </span>
    </p>
   </div>
   <div class='ocr_carea' id='block_1_99' title="bbox 2065 3692 3710 3770">
    <p class='ocr_par' dir='ltr' id='par_1_99' title="bbox 2065 3692 3710 3770">
     <span class='ocr_line' id='line_1_100' title="bbox 2065 3692 3710 3770; baseline 0.007 -15"><span class='ocrx_word' id='word_1_724' title='bbox 2065 3694 2150 3755; x_wconf 89' lang='lat' dir='ltr'><strong>sic</strong></span> <span class='ocrx_word' id='word_1_725' title='bbox 2175 3693 2352 3755; x_wconf 88' lang='lat' dir='ltr'><strong>facile</strong></span> <span class='ocrx_word' id='word_1_726' title='bbox 2381 3692 2562 3754; x_wconf 86' lang='lat' dir='ltr'><strong>fuerit</strong></span> <span class='ocrx_word' id='word_1_727' title='bbox 2594 3694 2648 3754; x_wconf 93' lang='lat' dir='ltr'><strong>ei</strong></span> <span class='ocrx_word' id='word_1_728' title='bbox 2686 3695 2946 3770; x_wconf 84' lang='lat' dir='ltr'><strong>vincere,</strong></span> <span class='ocrx_word' id='word_1_729' title='bbox 2982 3714 3116 3756; x_wconf 92' lang='lat' dir='ltr'><strong>cum</strong></span> <span class='ocrx_word' id='word_1_730' title='bbox 3177 3697 3388 3760; x_wconf 90' lang='lat' dir='ltr'><strong>fortem</strong></span> <span class='ocrx_word' id='word_1_731' title='bbox 3439 3705 3710 3767; x_wconf 84' lang='lat' dir='ltr'><strong>amiserit</strong></span> 
     </span>
    </p>
   </div>
   <div class='ocr_carea' id='block_1_100' title="bbox 2065 3781 3706 3864">
    <p class='ocr_par' dir='ltr' id='par_1_100' title="bbox 2065 3781 3706 3864">
     <span class='ocr_line' id='line_1_101' title="bbox 2065 3781 3706 3864; baseline 0.009 -19"><span class='ocrx_word' id='word_1_732' title='bbox 2065 3781 2494 3863; x_wconf 87' lang='lat' dir='ltr'><strong>adversarium,</strong></span> <span class='ocrx_word' id='word_1_733' title='bbox 2526 3790 2585 3844; x_wconf 91' lang='lat' dir='ltr'><strong>et</strong></span> <span class='ocrx_word' id='word_1_734' title='bbox 2633 3783 2717 3845; x_wconf 92' lang='lat' dir='ltr'><strong>sic</strong></span> <span class='ocrx_word' id='word_1_735' title='bbox 2747 3802 2957 3846; x_wconf 89' lang='lat' dir='ltr'><strong>omnes</strong></span> <span class='ocrx_word' id='word_1_736' title='bbox 2991 3789 3211 3864; x_wconf 88' lang='lat' dir='ltr'><strong>poterit</strong></span> <span class='ocrx_word' id='word_1_737' title='bbox 3239 3788 3314 3849; x_wconf 86' lang='lat' dir='ltr'><strong>ad</strong></span> <span class='ocrx_word' id='word_1_738' title='bbox 3347 3808 3412 3850; x_wconf 91' lang='lat' dir='ltr'><strong>sc</strong></span> <span class='ocrx_word' id='word_1_739' title='bbox 3445 3793 3706 3861; x_wconf 89' lang='lat' dir='ltr'><strong>trahere.</strong></span> 
     </span>
    </p>
   </div>
   <div class='ocr_carea' id='block_1_101' title="bbox 2067 3873 3710 3957">
    <p class='ocr_par' dir='ltr' id='par_1_101' title="bbox 2067 3873 3710 3957">
     <span class='ocr_line' id='line_1_102' title="bbox 2067 3873 3710 3957; baseline 0.01 -25"><span class='ocrx_word' id='word_1_740' title='bbox 2067 3877 2385 3953; x_wconf 82' lang='lat' dir='ltr'><strong>Postquam</strong></span> <span class='ocrx_word' id='word_1_741' title='bbox 2429 3876 2629 3936; x_wconf 89' lang='lat' dir='ltr'><strong>autem</strong></span> <span class='ocrx_word' id='word_1_742' title='bbox 2672 3873 2760 3933; x_wconf 92' lang='lat' dir='ltr'><strong>vir</strong></span> <span class='ocrx_word' id='word_1_743' title='bbox 2791 3873 2888 3934; x_wconf 91' lang='lat' dir='ltr'><strong>ille</strong></span> <span class='ocrx_word' id='word_1_744' title='bbox 2923 3874 3158 3937; x_wconf 90' lang='lat' dir='ltr'><strong>divinus</strong></span> <span class='ocrx_word' id='word_1_745' title='bbox 3189 3877 3493 3957; x_wconf 88' lang='lat' dir='ltr'><strong>professus</strong></span> <span class='ocrx_word' id='word_1_746' title='bbox 3523 3891 3614 3946; x_wconf 87' lang='lat' dir='ltr'><strong>est</strong></span> <span class='ocrx_word' id='word_1_747' title='bbox 3642 3904 3710 3950; x_wconf 90' lang='lat' dir='ltr'><strong>se</strong></span> 
     </span>
    </p>
   </div>
   <div class='ocr_carea' id='block_1_102' title="bbox 2065 3961 3709 4050">
    <p class='ocr_par' dir='ltr' id='par_1_102' title="bbox 2065 3961 3709 4050">
     <span class='ocr_line' id='line_1_103' title="bbox 2065 3961 3709 4050; baseline 0.009 -28"><span class='ocrx_word' id='word_1_748' title='bbox 2065 3962 2324 4044; x_wconf 90' lang='lat' dir='ltr'><strong>primum</strong></span> <span class='ocrx_word' id='word_1_749' title='bbox 2356 3961 2688 4024; x_wconf 89' lang='lat' dir='ltr'><strong>subiturum</strong></span> <span class='ocrx_word' id='word_1_750' title='bbox 2723 3961 3079 4041; x_wconf 87' lang='lat' dir='ltr'><strong>periculum,</strong></span> <span class='ocrx_word' id='word_1_751' title='bbox 3129 3975 3188 4028; x_wconf 91' lang='lat' dir='ltr'><strong>et</strong></span> <span class='ocrx_word' id='word_1_752' title='bbox 3245 3986 3377 4029; x_wconf 90' lang='lat' dir='ltr'><strong>cum</strong></span> <span class='ocrx_word' id='word_1_753' title='bbox 3436 3983 3709 4050; x_wconf 87' lang='lat' dir='ltr'><strong>precatus</strong></span> 
     </span>
    </p>
   </div>
   <div class='ocr_carea' id='block_1_103' title="bbox 2063 4050 3706 4141">
    <p class='ocr_par' dir='ltr' id='par_1_103' title="bbox 2063 4050 3706 4141">
     <span class='ocr_line' id='line_1_104' title="bbox 2063 4050 3706 4141; baseline 0.007 -26"><span class='ocrx_word' id='word_1_754' title='bbox 2063 4060 2458 4130; x_wconf 83' lang='lat' dir='ltr'><strong>esset,rogum</strong></span> <span class='ocrx_word' id='word_1_755' title='bbox 2491 4060 2583 4112; x_wconf 88' lang='lat' dir='ltr'><strong>est</strong></span> <span class='ocrx_word' id='word_1_756' title='bbox 2611 4050 2954 4130; x_wconf 86' lang='lat' dir='ltr'><strong>ingressus;</strong></span> <span class='ocrx_word' id='word_1_757' title='bbox 2996 4054 3162 4116; x_wconf 88' lang='lat' dir='ltr'><strong>illum</strong></span> <span class='ocrx_word' id='word_1_758' title='bbox 3194 4075 3335 4118; x_wconf 90' lang='lat' dir='ltr'><strong>vero</strong></span> <span class='ocrx_word' id='word_1_759' title='bbox 3367 4078 3484 4122; x_wconf 89' lang='lat' dir='ltr'><strong>non</strong></span> <span class='ocrx_word' id='word_1_760' title='bbox 3514 4062 3706 4141; x_wconf 84' lang='lat' dir='ltr'><strong>latuit,</strong></span> 
     </span>
    </p>
   </div>
   <div class='ocr_carea' id='block_1_104' title="bbox 2065 4141 3710 4227">
    <p class='ocr_par' dir='ltr' id='par_1_104' title="bbox 2065 4141 3710 4227">
     <span class='ocr_line' id='line_1_105' title="bbox 2065 4141 3710 4227; baseline 0.008 -24"><span class='ocrx_word' id='word_1_761' title='bbox 2065 4142 2337 4224; x_wconf 89' lang='lat' dir='ltr'><strong>quisnam</strong></span> <span class='ocrx_word' id='word_1_762' title='bbox 2367 4149 2544 4216; x_wconf 87' lang='lat' dir='ltr'><strong>esset,</strong></span> <span class='ocrx_word' id='word_1_763' title='bbox 2581 4152 2640 4202; x_wconf 87' lang='lat' dir='ltr'><strong>et</strong></span> <span class='ocrx_word' id='word_1_764' title='bbox 2695 4159 2806 4203; x_wconf 89' lang='lat' dir='ltr'><strong>nec</strong></span> <span class='ocrx_word' id='word_1_765' title='bbox 2847 4141 3007 4203; x_wconf 92' lang='lat' dir='ltr'><strong>illius</strong></span> <span class='ocrx_word' id='word_1_766' title='bbox 3037 4145 3278 4223; x_wconf 86' lang='lat' dir='ltr'><strong>quidem</strong></span> <span class='ocrx_word' id='word_1_767' title='bbox 3315 4148 3500 4227; x_wconf 88' lang='lat' dir='ltr'><strong>pilum</strong></span> <span class='ocrx_word' id='word_1_768' title='bbox 3530 4171 3710 4215; x_wconf 79' lang='lat' dir='ltr'><strong>ausus</strong></span> 
     </span>
    </p>
   </div>
   <div class='ocr_carea' id='block_1_105' title="bbox 2065 4230 3708 4312">
    <p class='ocr_par' dir='ltr' id='par_1_105' title="bbox 2065 4230 3708 4312">
     <span class='ocr_line' id='line_1_106' title="bbox 2065 4230 3708 4312; baseline 0.006 -17"><span class='ocrx_word' id='word_1_769' title='bbox 2065 4241 2155 4295; x_wconf 89' lang='lat' dir='ltr'><strong>est</strong></span> <span class='ocrx_word' id='word_1_770' title='bbox 2185 4239 2472 4309; x_wconf 83' lang='lat' dir='ltr'><strong>tangere;</strong></span> <span class='ocrx_word' id='word_1_771' title='bbox 2537 4239 2679 4294; x_wconf 88' lang='lat' dir='ltr'><strong>tunc</strong></span> <span class='ocrx_word' id='word_1_772' title='bbox 2727 4230 2890 4292; x_wconf 91' lang='lat' dir='ltr'><strong>aiunt</strong></span> <span class='ocrx_word' id='word_1_773' title='bbox 2950 4251 3184 4312; x_wconf 89' lang='lat' dir='ltr'><strong>magum</strong></span> <span class='ocrx_word' id='word_1_774' title='bbox 3226 4236 3395 4298; x_wconf 90' lang='lat' dir='ltr'><strong>illum</strong></span> <span class='ocrx_word' id='word_1_775' title='bbox 3429 4249 3590 4303; x_wconf 87' lang='lat' dir='ltr'><strong>metu</strong></span> <span class='ocrx_word' id='word_1_776' title='bbox 3649 4253 3708 4305; x_wconf 90' lang='lat' dir='ltr'><strong>et</strong></span> 
     </span>
    </p>
   </div>
   <div class='ocr_carea' id='block_1_106' title="bbox 2064 4321 3709 4411">
    <p class='ocr_par' dir='ltr' id='par_1_106' title="bbox 2064 4321 3709 4411">
     <span class='ocr_line' id='line_1_107' title="bbox 2064 4321 3709 4411; baseline 0.006 -26"><span class='ocrx_word' id='word_1_777' title='bbox 2064 4331 2293 4385; x_wconf 91' lang='lat' dir='ltr'><strong>terrore</strong></span> <span class='ocrx_word' id='word_1_778' title='bbox 2353 4321 2672 4402; x_wconf 88' lang='lat' dir='ltr'><strong>repletum,</strong></span> <span class='ocrx_word' id='word_1_779' title='bbox 2736 4322 3056 4411; x_wconf 86' lang='lat' dir='ltr'><strong>recessisse</strong></span> <span class='ocrx_word' id='word_1_780' title='bbox 3106 4325 3375 4404; x_wconf 85' lang='lat' dir='ltr'><strong>quidem,</strong></span> <span class='ocrx_word' id='word_1_781' title='bbox 3413 4339 3470 4390; x_wconf 91' lang='lat' dir='ltr'><strong>et</strong></span> <span class='ocrx_word' id='word_1_782' title='bbox 3503 4342 3709 4411; x_wconf 90' lang='lat' dir='ltr'><strong>aperte</strong></span> 
     </span>
    </p>
   </div>
   <div class='ocr_carea' id='block_1_107' title="bbox 2065 4410 3705 4502">
    <p class='ocr_par' dir='ltr' id='par_1_107' title="bbox 2065 4410 3705 4502">
     <span class='ocr_line' id='line_1_108' title="bbox 2065 4410 3705 4502; baseline 0.005 -26"><span class='ocrx_word' id='word_1_783' title='bbox 2065 4413 2401 4476; x_wconf 87' lang='lat' dir='ltr'><strong>ostendisse</strong></span> <span class='ocrx_word' id='word_1_784' title='bbox 2429 4429 2493 4472; x_wconf 91' lang='lat' dir='ltr'><strong>se</strong></span> <span class='ocrx_word' id='word_1_785' title='bbox 2524 4411 2709 4473; x_wconf 89' lang='lat' dir='ltr'><strong>vitare</strong></span> <span class='ocrx_word' id='word_1_786' title='bbox 2750 4410 3110 4502; x_wconf 89' lang='lat' dir='ltr'><strong>periculum,</strong></span> <span class='ocrx_word' id='word_1_787' title='bbox 3143 4424 3245 4476; x_wconf 88' lang='lat' dir='ltr'><strong>aut</strong></span> <span class='ocrx_word' id='word_1_788' title='bbox 3298 4415 3567 4482; x_wconf 91' lang='lat' dir='ltr'><strong>Plutonis</strong></span> <span class='ocrx_word' id='word_1_789' title='bbox 3597 4440 3705 4502; x_wconf 85' lang='lat' dir='ltr'><strong>pa-</strong></span> 
     </span>
    </p>
   </div>
   <div class='ocr_carea' id='block_1_108' title="bbox 2065 4501 3706 4574">
    <p class='ocr_par' dir='ltr' id='par_1_108' title="bbox 2065 4501 3706 4574">
     <span class='ocr_line' id='line_1_109' title="bbox 2065 4501 3706 4574; baseline 0.006 -10"><span class='ocrx_word' id='word_1_790' title='bbox 2065 4504 2216 4567; x_wconf 87' lang='lat' dir='ltr'><strong>leam</strong></span> <span class='ocrx_word' id='word_1_791' title='bbox 2277 4501 2627 4564; x_wconf 81' lang='lat' dir='ltr'><strong>subeuntem</strong></span> <span class='ocrx_word' id='word_1_792' title='bbox 2691 4501 2977 4564; x_wconf 86' lang='lat' dir='ltr'><strong>latuisse:</strong></span> <span class='ocrx_word' id='word_1_793' title='bbox 3028 4521 3062 4564; x_wconf 91' lang='lat' dir='ltr'><strong>a</strong></span> <span class='ocrx_word' id='word_1_794' title='bbox 3098 4505 3480 4570; x_wconf 89' lang='lat' dir='ltr'><strong>multitudine</strong></span> <span class='ocrx_word' id='word_1_795' title='bbox 3509 4501 3706 4574; x_wconf 86' lang='lat' dir='ltr'><strong>autem</strong></span> 
     </span>
    </p>
   </div>
   <div class='ocr_carea' id='block_1_109' title="bbox 2067 4591 3711 4676">
    <p class='ocr_par' dir='ltr' id='par_1_109' title="bbox 2067 4591 3711 4676">
     <span class='ocr_line' id='line_1_110' title="bbox 2067 4591 3711 4676; baseline 0.005 -22"><span class='ocrx_word' id='word_1_796' title='bbox 2067 4602 2430 4676; x_wconf 88' lang='lat' dir='ltr'><strong>protrusum,</strong></span> <span class='ocrx_word' id='word_1_797' title='bbox 2467 4591 2770 4653; x_wconf 87' lang='lat' dir='ltr'><strong>fornacem</strong></span> <span class='ocrx_word' id='word_1_798' title='bbox 2803 4592 2890 4654; x_wconf 89' lang='lat' dir='ltr'><strong>vel</strong></span> <span class='ocrx_word' id='word_1_799' title='bbox 2955 4592 3200 4655; x_wconf 89' lang='lat' dir='ltr'><strong>invitum</strong></span> <span class='ocrx_word' id='word_1_800' title='bbox 3260 4595 3538 4663; x_wconf 84' lang='lat' dir='ltr'><strong>intrasse.</strong></span> <span class='ocrx_word' id='word_1_801' title='bbox 3571 4604 3711 4676; x_wconf 68' lang='lat' dir='ltr'><strong>Quae</strong></span> 
     </span>
    </p>
   </div>
   <div class='ocr_carea' id='block_1_110' title="bbox 2069 4680 3713 4769">
    <p class='ocr_par' dir='ltr' id='par_1_110' title="bbox 2069 4680 3713 4769">
     <span class='ocr_line' id='line_1_111' title="bbox 2069 4680 3713 4769; baseline 0.005 -24"><span class='ocrx_word' id='word_1_802' title='bbox 2069 4701 2204 4745; x_wconf 91' lang='lat' dir='ltr'><strong>eum</strong></span> <span class='ocrx_word' id='word_1_803' title='bbox 2230 4699 2398 4761; x_wconf 65' lang='lat' dir='ltr'><strong>mque</strong></span> <span class='ocrx_word' id='word_1_804' title='bbox 2426 4680 2597 4743; x_wconf 88' lang='lat' dir='ltr'><strong>facile</strong></span> <span class='ocrx_word' id='word_1_805' title='bbox 2618 4681 2741 4760; x_wconf 83' lang='lat' dir='ltr'><strong>jam</strong></span> <span class='ocrx_word' id='word_1_806' title='bbox 2771 4684 3318 4764; x_wconf 87' lang='lat' dir='ltr'><strong>comprehendebat</strong></span> <span class='ocrx_word' id='word_1_807' title='bbox 3345 4696 3404 4748; x_wconf 91' lang='lat' dir='ltr'><strong>et</strong></span> <span class='ocrx_word' id='word_1_808' title='bbox 3430 4688 3713 4769; x_wconf 86' lang='lat' dir='ltr'><strong>depasce-</strong></span> 
     </span>
    </p>
   </div>
   <div class='ocr_carea' id='block_1_111' title="bbox 2066 4771 3712 4854">
    <p class='ocr_par' dir='ltr' id='par_1_111' title="bbox 2066 4771 3712 4854">
     <span class='ocr_line' id='line_1_112' title="bbox 2066 4771 3712 4854; baseline 0.005 -19"><span class='ocrx_word' id='word_1_809' title='bbox 2066 4772 2187 4848; x_wconf 89' lang='lat' dir='ltr'><strong>bat,</strong></span> <span class='ocrx_word' id='word_1_810' title='bbox 2217 4780 2392 4851; x_wconf 90' lang='lat' dir='ltr'><strong>atque</strong></span> <span class='ocrx_word' id='word_1_811' title='bbox 2414 4773 2680 4851; x_wconf 75' lang='lat' dir='ltr'><strong>quamvis</strong></span> <span class='ocrx_word' id='word_1_812' title='bbox 2707 4771 2882 4834; x_wconf 85' lang='lat' dir='ltr'><strong>aliam</strong></span> <span class='ocrx_word' id='word_1_813' title='bbox 2916 4783 3112 4854; x_wconf 89' lang='lat' dir='ltr'><strong>aptam</strong></span> <span class='ocrx_word' id='word_1_814' title='bbox 3147 4774 3220 4836; x_wconf 88' lang='lat' dir='ltr'><strong>ad</strong></span> <span class='ocrx_word' id='word_1_815' title='bbox 3255 4778 3548 4842; x_wconf 89' lang='lat' dir='ltr'><strong>urendum</strong></span> <span class='ocrx_word' id='word_1_816' title='bbox 3583 4801 3712 4844; x_wconf 83' lang='lat' dir='ltr'><strong>ma-</strong></span> 
     </span>
    </p>
   </div>
   <div class='ocr_carea' id='block_1_112' title="bbox 2067 4860 3713 4939">
    <p class='ocr_par' dir='ltr' id='par_1_112' title="bbox 2067 4860 3713 4939">
     <span class='ocr_line' id='line_1_113' title="bbox 2067 4860 3713 4939; baseline 0.007 -16"><span class='ocrx_word' id='word_1_817' title='bbox 2067 4861 2274 4923; x_wconf 86' lang='lat' dir='ltr'><strong>teriam</strong></span> <span class='ocrx_word' id='word_1_818' title='bbox 2304 4879 2318 4919; x_wconf 92' lang='lat'><strong>:</strong></span> <span class='ocrx_word' id='word_1_819' title='bbox 2347 4867 2404 4922; x_wconf 91' lang='lat' dir='ltr'><strong>et</strong></span> <span class='ocrx_word' id='word_1_820' title='bbox 2429 4860 2544 4920; x_wconf 90' lang='lat' dir='ltr'><strong>nisi</strong></span> <span class='ocrx_word' id='word_1_821' title='bbox 2571 4878 2817 4939; x_wconf 88' lang='lat' dir='ltr'><strong>magnus</strong></span> <span class='ocrx_word' id='word_1_822' title='bbox 2840 4861 3102 4924; x_wconf 87' lang='lat' dir='ltr'><strong>Helenus</strong></span> <span class='ocrx_word' id='word_1_823' title='bbox 3126 4863 3329 4926; x_wconf 86' lang='lat' dir='ltr'><strong>miseri</strong></span> <span class='ocrx_word' id='word_1_824' title='bbox 3361 4867 3713 4934; x_wconf 83' lang='lat' dir='ltr'><strong>calamitatis</strong></span> 
     </span>
    </p>
   </div>
   <div class='ocr_carea' id='block_1_113' title="bbox 2068 4951 3714 5034">
    <p class='ocr_par' dir='ltr' id='par_1_113' title="bbox 2068 4951 3714 5034">
     <span class='ocr_line' id='line_1_114' title="bbox 2068 4951 3714 5034; baseline 0.005 -20"><span class='ocrx_word' id='word_1_825' title='bbox 2068 4953 2372 5028; x_wconf 75' lang='lat' dir='ltr'><strong>misertus,</strong></span> <span class='ocrx_word' id='word_1_826' title='bbox 2409 4968 2568 5026; x_wconf 89' lang='lat' dir='ltr'><strong>eum,</strong></span> <span class='ocrx_word' id='word_1_827' title='bbox 2603 4969 2734 5012; x_wconf 90' lang='lat' dir='ltr'><strong>cum</strong></span> <span class='ocrx_word' id='word_1_828' title='bbox 2760 4951 2883 5030; x_wconf 90' lang='lat' dir='ltr'><strong>jam</strong></span> <span class='ocrx_word' id='word_1_829' title='bbox 2917 4961 3076 5014; x_wconf 89' lang='lat' dir='ltr'><strong>esset</strong></span> <span class='ocrx_word' id='word_1_830' title='bbox 3100 4955 3447 5034; x_wconf 89' lang='lat' dir='ltr'><strong>semiustus,</strong></span> <span class='ocrx_word' id='word_1_831' title='bbox 3485 4977 3714 5023; x_wconf 82' lang='lat' dir='ltr'><strong>senas-</strong></span> 
     </span>
    </p>
   </div>
   <div class='ocr_carea' id='block_1_114' title="bbox 2067 5040 3712 5122">
    <p class='ocr_par' dir='ltr' id='par_1_114' title="bbox 2067 5040 3712 5122">
     <span class='ocr_line' id='line_1_115' title="bbox 2067 5040 3712 5122; baseline 0.005 -18"><span class='ocrx_word' id='word_1_832' title='bbox 2067 5051 2179 5122; x_wconf 89' lang='lat' dir='ltr'><strong>set,</strong></span> <span class='ocrx_word' id='word_1_833' title='bbox 2214 5041 2343 5122; x_wconf 88' lang='lat' dir='ltr'><strong>ipsa</strong></span> <span class='ocrx_word' id='word_1_834' title='bbox 2376 5040 2564 5120; x_wconf 86' lang='lat' dir='ltr'><strong>magia</strong></span> <span class='ocrx_word' id='word_1_835' title='bbox 2595 5047 2652 5101; x_wconf 90' lang='lat' dir='ltr'><strong>et</strong></span> <span class='ocrx_word' id='word_1_836' title='bbox 2703 5040 2931 5103; x_wconf 87' lang='lat' dir='ltr'><strong>callidis</strong></span> <span class='ocrx_word' id='word_1_837' title='bbox 2986 5043 3110 5105; x_wconf 88' lang='lat' dir='ltr'><strong>suis</strong></span> <span class='ocrx_word' id='word_1_838' title='bbox 3158 5046 3410 5109; x_wconf 88' lang='lat' dir='ltr'><strong>inventis</strong></span> <span class='ocrx_word' id='word_1_839' title='bbox 3467 5051 3712 5113; x_wconf 91' lang='lat' dir='ltr'><strong>omnino</strong></span> 
     </span>
    </p>
   </div>
   <div class='ocr_carea' id='block_1_115' title="bbox 2071 5130 3709 5216">
    <p class='ocr_par' dir='ltr' id='par_1_115' title="bbox 2071 5130 3709 5216">
     <span class='ocr_line' id='line_1_116' title="bbox 2071 5130 3709 5216; baseline 0.005 -22"><span class='ocrx_word' id='word_1_840' title='bbox 2071 5132 2372 5214; x_wconf 86' lang='lat' dir='ltr'><strong>periisset,</strong></span> <span class='ocrx_word' id='word_1_841' title='bbox 2409 5131 2494 5192; x_wconf 92' lang='lat' dir='ltr'><strong>sic</strong></span> <span class='ocrx_word' id='word_1_842' title='bbox 2527 5130 2772 5211; x_wconf 89' lang='lat' dir='ltr'><strong>pulchre</strong></span> <span class='ocrx_word' id='word_1_843' title='bbox 2799 5131 2931 5209; x_wconf 83' lang='lat' dir='ltr'><strong>igne</strong></span> <span class='ocrx_word' id='word_1_844' title='bbox 2960 5131 3227 5196; x_wconf 88' lang='lat' dir='ltr'><strong>fraudem</strong></span> <span class='ocrx_word' id='word_1_845' title='bbox 3261 5137 3546 5216; x_wconf 88' lang='lat' dir='ltr'><strong>puniente</strong></span> <span class='ocrx_word' id='word_1_846' title='bbox 3576 5160 3709 5203; x_wconf 90' lang='lat' dir='ltr'><strong>cum</strong></span> 
     </span>
    </p>
   </div>
   <div class='ocr_carea' id='block_1_116' title="bbox 2071 5219 3711 5309">
    <p class='ocr_par' dir='ltr' id='par_1_116' title="bbox 2071 5219 3711 5309">
     <span class='ocr_line' id='line_1_117' title="bbox 2071 5219 3711 5309; baseline 0.005 -26"><span class='ocrx_word' id='word_1_847' title='bbox 2071 5223 2333 5286; x_wconf 86' lang='lat' dir='ltr'><strong>veritate.</strong></span> <span class='ocrx_word' id='word_1_848' title='bbox 2367 5219 2507 5282; x_wconf 70' lang='lat' dir='ltr'><strong>Haec</strong></span> <span class='ocrx_word' id='word_1_849' title='bbox 2534 5219 2651 5309; x_wconf 86' lang='lat' dir='ltr'><strong>illis</strong></span> <span class='ocrx_word' id='word_1_850' title='bbox 2681 5219 3045 5302; x_wconf 88' lang='lat' dir='ltr'><strong>dicentibus,</strong></span> <span class='ocrx_word' id='word_1_851' title='bbox 3079 5222 3249 5286; x_wconf 90' lang='lat' dir='ltr'><strong>beata</strong></span> <span class='ocrx_word' id='word_1_852' title='bbox 3281 5227 3381 5287; x_wconf 92' lang='lat' dir='ltr'><strong>illa</strong></span> <span class='ocrx_word' id='word_1_853' title='bbox 3412 5247 3534 5309; x_wconf 65' lang='lat' dir='ltr'><strong>pra;</strong></span> <span class='ocrx_word' id='word_1_854' title='bbox 3560 5247 3711 5309; x_wconf 83' lang='lat' dir='ltr'><strong>gau-</strong></span> 
     </span>
    </p>
   </div>
   <div class='ocr_carea' id='block_1_117' title="bbox 2070 5308 3714 5395">
    <p class='ocr_par' dir='ltr' id='par_1_117' title="bbox 2070 5308 3714 5395">
     <span class='ocr_line' id='line_1_118' title="bbox 2070 5308 3714 5395; baseline 0.004 -19"><span class='ocrx_word' id='word_1_855' title='bbox 2070 5312 2169 5376; x_wconf 92' lang='lat' dir='ltr'><strong>dio</strong></span> <span class='ocrx_word' id='word_1_856' title='bbox 2194 5311 2352 5374; x_wconf 89' lang='lat' dir='ltr'><strong>varie</strong></span> <span class='ocrx_word' id='word_1_857' title='bbox 2381 5308 2773 5390; x_wconf 76' lang='lat' dir='ltr'><strong>afﬁciebatur,</strong></span> <span class='ocrx_word' id='word_1_858' title='bbox 2794 5309 3122 5388; x_wconf 59' lang='lat' dir='ltr'><strong>laetabatur,</strong></span> <span class='ocrx_word' id='word_1_859' title='bbox 3148 5308 3582 5395; x_wconf 80' lang='lat' dir='ltr'><strong>admirabatur,</strong></span> <span class='ocrx_word' id='word_1_860' title='bbox 3611 5338 3714 5382; x_wconf 88' lang='lat' dir='ltr'><strong>eos</strong></span> 
     </span>
    </p>
   </div>
   <div class='ocr_carea' id='block_1_118' title="bbox 2071 5399 3711 5487">
    <p class='ocr_par' dir='ltr' id='par_1_118' title="bbox 2071 5399 3711 5487">
     <span class='ocr_line' id='line_1_119' title="bbox 2071 5399 3711 5487; baseline 0.004 -23"><span class='ocrx_word' id='word_1_861' title='bbox 2071 5403 2173 5485; x_wconf 89' lang='lat' dir='ltr'><strong>qui</strong></span> <span class='ocrx_word' id='word_1_862' title='bbox 2206 5400 2551 5482; x_wconf 88' lang='lat' dir='ltr'><strong>narrabant,</strong></span> <span class='ocrx_word' id='word_1_863' title='bbox 2583 5399 2829 5478; x_wconf 82' lang='lat' dir='ltr'><strong>rogabat</strong></span> <span class='ocrx_word' id='word_1_864' title='bbox 2859 5409 2924 5462; x_wconf 89' lang='lat' dir='ltr'><strong>ut</strong></span> <span class='ocrx_word' id='word_1_865' title='bbox 2957 5420 3062 5483; x_wconf 82' lang='lat' dir='ltr'><strong>per</strong></span> <span class='ocrx_word' id='word_1_866' title='bbox 3101 5402 3263 5485; x_wconf 89' lang='lat' dir='ltr'><strong>ipsos</strong></span> <span class='ocrx_word' id='word_1_867' title='bbox 3291 5407 3711 5487; x_wconf 88' lang='lat' dir='ltr'><strong>adduceretur,</strong></span> 
     </span>
    </p>
   </div>
   <div class='ocr_carea' id='block_1_119' title="bbox 2073 5490 3718 5579">
    <p class='ocr_par' dir='ltr' id='par_1_119' title="bbox 2073 5490 3718 5579">
     <span class='ocr_line' id='line_1_120' title="bbox 2073 5490 3718 5579; baseline 0.003 -22"><span class='ocrx_word' id='word_1_868' title='bbox 2073 5502 2132 5557; x_wconf 87' lang='lat' dir='ltr'><strong>et</strong></span> <span class='ocrx_word' id='word_1_869' title='bbox 2165 5491 2445 5573; x_wconf 72' lang='lat' dir='ltr'><strong>episcopo</strong></span> <span class='ocrx_word' id='word_1_870' title='bbox 2480 5490 3005 5554; x_wconf 89' lang='lat' dir='ltr'><strong>commendaretur</strong></span> <span class='ocrx_word' id='word_1_871' title='bbox 3044 5494 3171 5573; x_wconf 88' lang='lat' dir='ltr'><strong>ipsa</strong></span> <span class='ocrx_word' id='word_1_872' title='bbox 3220 5504 3278 5558; x_wconf 91' lang='lat' dir='ltr'><strong>et</strong></span> <span class='ocrx_word' id='word_1_873' title='bbox 3323 5496 3536 5560; x_wconf 88' lang='lat' dir='ltr'><strong>fratres</strong></span> <span class='ocrx_word' id='word_1_874' title='bbox 3567 5518 3718 5579; x_wconf 87' lang='lat' dir='ltr'><strong>quos</strong></span> 
     </span>
    </p>
   </div>
   <div class='ocr_carea' id='block_1_120' title="bbox 2073 5579 3724 5656">
    <p class='ocr_par' dir='ltr' id='par_1_120' title="bbox 2073 5579 3724 5656">
     <span class='ocr_line' id='line_1_121' title="bbox 2073 5579 3724 5656; baseline 0.002 -10"><span class='ocrx_word' id='word_1_875' title='bbox 2073 5581 2335 5656; x_wconf 82' lang='lat' dir='ltr'><strong>adducit,</strong></span> <span class='ocrx_word' id='word_1_876' title='bbox 2371 5589 2429 5642; x_wconf 92' lang='lat' dir='ltr'><strong>et</strong></span> <span class='ocrx_word' id='word_1_877' title='bbox 2481 5579 2566 5642; x_wconf 91' lang='lat' dir='ltr'><strong>sic</strong></span> <span class='ocrx_word' id='word_1_878' title='bbox 2623 5580 2682 5641; x_wconf 92' lang='lat' dir='ltr'><strong>in</strong></span> <span class='ocrx_word' id='word_1_879' title='bbox 2742 5580 2856 5643; x_wconf 90' lang='lat' dir='ltr'><strong>hoc</strong></span> <span class='ocrx_word' id='word_1_880' title='bbox 2907 5585 3268 5646; x_wconf 88' lang='lat' dir='ltr'><strong>monasterio</strong></span> <span class='ocrx_word' id='word_1_881' title='bbox 3319 5590 3724 5650; x_wconf 85' lang='lat' dir='ltr'><strong>communiter</strong></span> 
     </span>
    </p>
   </div>
   <div class='ocr_carea' id='block_1_121' title="bbox 2073 5669 3719 5754">
    <p class='ocr_par' dir='ltr' id='par_1_121' title="bbox 2073 5669 3719 5754">
     <span class='ocr_line' id='line_1_122' title="bbox 2073 5669 3719 5754; baseline 0.003 -17"><span class='ocrx_word' id='word_1_882' title='bbox 2073 5672 2360 5737; x_wconf 85' lang='lat' dir='ltr'><strong>viverent.</strong></span> <span class='ocrx_word' id='word_1_883' title='bbox 2396 5669 2478 5734; x_wconf 89' lang='lat' dir='ltr'><strong>Ita</strong></span> <span class='ocrx_word' id='word_1_884' title='bbox 2499 5669 2717 5734; x_wconf 85' lang='lat' dir='ltr'><strong>obnixe</strong></span> <span class='ocrx_word' id='word_1_885' title='bbox 2749 5677 3312 5753; x_wconf 73' lang='lat' dir='ltr'><strong>rogans,persuailet</strong></span> <span class='ocrx_word' id='word_1_886' title='bbox 3341 5675 3615 5754; x_wconf 87' lang='lat' dir='ltr'><strong>cuiquam</strong></span> <span class='ocrx_word' id='word_1_887' title='bbox 3647 5696 3719 5742; x_wconf 87' lang='lat' dir='ltr'><strong>ex</strong></span> 
     </span>
    </p>
   </div>
   <div class='ocr_carea' id='block_1_122' title="bbox 3238 5790 3316 5856">
    <p class='ocr_par' dir='ltr' id='par_1_122' title="bbox 3238 5790 3316 5856">
     <span class='ocr_line' id='line_1_123' title="bbox 3238 5790 3316 5856; baseline 0.026 -2"><span class='ocrx_word' id='word_1_888' title='bbox 3238 5790 3316 5856; x_wconf 77' lang='lat'><strong>20</strong></span> 
     </span>
    </p>
   </div>
  </div>
