4148 6436
423 322 542 388 619
1741 328 2019 392 MENSIS
2058 328 2483 393 ECEMBER.
3687 330 3809 396 620

419 460 498 522 iis
528 458 629 543 qui
657 460 931 535 aderant,
965 459 1068 541 qui
1096 458 1420 522 vocabatur
1472 459 1813 542 Eutropius,
1846 472 1910 523 ut
1941 466 2046 525 hau

2150 467 2285 538 μετὰ
2342 465 2547 532 πολλῆς
2602 462 2826 540 δεομένη
2873 467 2969 532 τῆς
3014 463 3321 543 προσεδρίας
3353 466 3517 521 πείθει
3563 464 3626 532 δή
3686 474 3791 523 τῶν

425 551 627 612 omnia
651 550 708 610 ei
738 551 1042 625 fierent,et
1060 567 1270 630 preces
1294 549 1553 612 deferret
1582 552 1653 613 ad
1685 553 2046 631 episcopum

2145 555 2417 630 παρόντων
2449 554 2539 609 ἕνα
2582 556 2700 611 τινὰ
2738 554 3018 633 Εὗτρόπιον
3079 554 3214 611 οὕτω
3244 553 3570 628 καλούμενον
3623 557 3794 613 πάντα

423 639 921 720 Quando,inquit,
945 638 1186 701 divertit
1214 647 1272 700 et
1304 640 1606 717 paululum
1639 642 2046 721 requievit,ill¢

2143 645 2308 719 ταύτῃ
2340 644 2576 720 γενέσθαι
2628 644 2721 701 καὶ
2774 651 2850 717 τῷ
2904 644 3180 719 ἑπισκόπῳ
3237 644 3332 711 τὴν
3393 645 3570 708 δέησιν
3622 669 3791 725 προσ-

422 738 757 810 opportune
782 741 841 791 et
870 729 931 790 in
961 730 1084 791 otio
1117 727 1342 808 praebet
1391 729 1446 791 ei
1478 729 1579 809 qui
1611 730 1775 808 dicit,
1810 733 2046 793 audien-

2146 732 2426 810 αγγεῖλαι.
2490 724 2749 801 Ὀπηνίκα
2805 733 2869 801 δὴ
2928 734 3250 804 καταλύσας,
3298 736 3479 809 φησὶν,
3528 740 3648 793 εἶτα
3697 760 3794 810 μι-

418 819 586 880 tiam.
2149 825 2273 900 χρὸν
2344 822 2836 899 διαναπαυσάμενος
2897 826 3147 901 εὐκαίρως
3226 825 3314 880 καὶ
3381 826 3516 880 κατὰ
3584 824 3793 905 σχολὴν

2148 912 2353 974 ἐκεῖνος
2383 913 2575 992 ὑπέχει
2606 914 2704 981 τὴν
2749 914 2918 980 ἀκοὴν
2949 920 3025 986 τῷ
3054 912 3285 990 λέγοντι,

503 997 601 1060 1X.
634 995 881 1058 Interim
912 1001 1112 1057 autem
1140 994 1280 1056 dum
1313 996 1440 1057 haec
1470 998 1627 1058 inter
1647 1016 1713 1059 se
1741 998 2036 1078 loqueban

2230 1001 2313 1063 6’.
2377 1000 2467 1058 Ἐν
2497 1003 2542 1075 ᾦ
2574 999 2626 1057 δὲ
2667 1013 2830 1061 ταῦτα
2877 1004 3000 1080 πρὸς
3041 1001 3305 1071 ἀλλήλους
3348 1002 3602 1081 ὡμίλουν,
3646 1002 3798 1082 ἤγγι-

419 1084 1101 1167 tur,appropinquarunt
1132 1086 1516 1159 monasterio,
1542 1096 1602 1148 et
1629 1087 1744 1167 ipsi
1770 1088 2037 1149 intraruu

2150 1112 2245 1145 σαν
2289 1098 2365 1164 τῷ
2418 1092 2777 1169 μοναστηρίῳ,
2815 1093 2899 1147 καὶ
2952 1094 3098 1147 αὐτοί
3149 1112 3203 1146 τε
3248 1092 3383 1165 μετὰ
3427 1094 3517 1147 του
3571 1092 3795 1147 ἒπισκό-

416 1193 550 1238 cum
587 1175 891 1255 episcopo.
919 1171 1048 1236 Una
1074 1191 1215 1235 vero
1246 1193 1381 1235 cum
1407 1175 1495 1236 eis
1527 1175 1794 1256 ingressa
1823 1188 1910 1238 est
1939 1178 2046 1239 Eu-

2147 1203 2248 1236 που
2304 1181 2573 1256 εἰσῄεσαν,
2614 1183 2699 1236 καὶ
2757 1181 2856 1245 τὴν
2914 1182 3161 1257 Εὗγενίαν
3220 1182 3381 1256 εἶψον
3438 1188 3794 1237 συνεισιιυσαν

416 1264 612 1346 genia,
639 1263 1010 1326 adolescenti
1044 1262 1220 1341 plane
1242 1263 1456 1325 similis
1477 1275 1538 1326 et
1558 1284 1729 1327 coma
1752 1275 1807 1327 et
1826 1276 2055 1329 vestitu.

416 1356 563 1420 Cum
616 1355 739 1435 jam
791 1359 988 1413 autem
1049 1352 1330 1414 incitatus
1378 1352 1588 1416 fuisset
1634 1356 1954 1436 Eutropius
1984 1358 2056 1418 ad

412 1441 872 1524 signiﬁcandum
906 1440 983 1503 de
1011 1458 1082 1502 ea
1111 1440 1726 1523 episcopo,quoddam
1761 1448 2056 1507 somnium

412 1552 481 1596 se
505 1529 988 1603 obtulitHeleno,
1022 1528 1125 1609 qui
1147 1541 1279 1609 post
1318 1531 1579 1593 divinam
1608 1534 1868 1613 mysterii
1894 1535 2054 1596 cele-

411 1621 746 1686 brationem
796 1619 867 1680 ad
923 1636 1197 1680 somnum
1259 1618 1684 1685 declinaverat.
1732 1621 1870 1684 Erat
1916 1642 2055 1686 vero

411 1708 759 1791 hujusmodi
777 1706 1075 1769 somnium
1095 1720 1109 1766 :
1133 1705 1442 1787 Sculptum
1464 1710 1758 1790 quoddam
1788 1713 2054 1775 mulieris

2145 1272 2411 1348 νεανίσχῳ
2459 1272 2587 1346 πρὸς
2646 1268 2912 1341 ἀκρίϐειαν
2972 1270 3205 1329 ἐοικυῖαν
3266 1276 3334 1337 τῆ
3386 1293 3440 1325 τε
3499 1272 3642 1346 κόμῃ
3708 1272 3792 1326 καὶ

2142 1365 2208 1434 τῇ
2250 1358 2438 1433 στολῇ.
2499 1356 2648 1425 "Ean
2681 1357 2733 1414 δὲ
2790 1358 3113 1438 ὡρμημένου
3174 1370 3264 1418 τοῦ
3314 1360 3599 1437 Εὖτροπίου
3644 1382 3788 1434 γνω-

2142 1451 2279 1525 ρίσαι
2325 1456 2399 1522 τῷ
2454 1448 2731 1521 ἐπισκόπῳ
2786 1454 2851 1504 τᾶ
2902 1445 3012 1506 κατ’
3074 1448 3261 1527 αὐτὴν,
3294 1448 3491 1525 ὄνειρός
3551 1470 3631 1511 τις
3692 1446 3786 1528 ἐφ·-

2143 1540 2355 1594 ίπταται
2412 1539 2489 1612 τῷ
2549 1531 2745 1610 Ἐλὲνῳ
2830 1538 2963 1611 μετᾶ
3035 1538 3133 1605 τὴν
3218 1539 3359 1594 θείαν
3411 1538 3787 1614 μυσταγωγίαν

2140 1630 2269 1705 πρὸς
2341 1627 2504 1684 ὕπνον
2574 1627 2824 1688 κλίνοντι,
2892 1629 2987 1685 Καὶ
3058 1630 3085 1683 ὁ
3156 1627 3375 1704 ὄνειρος’
3440 1626 3674 1683 Γλυπτόν
3734 1650 3783 1683 τι

2138 1717 2306 1774 ἐδόκει
2364 1719 2607 1795 γυναικὸς
2654 1714 2879 1773 εἴδωλον
2935 1716 3021 1773 ὑπ’
3081 1714 3279 1793 ἀνδρῶν
3333 1716 3556 1791 ἐντίμως
3600 1713 3783 1773 διαδα-

410 1801 793 1864 simulacrum
826 1793 1136 1857 videbatur
1166 1815 1200 1858 a
1242 1796 1385 1860 viris
1429 1799 1574 1860 ferri
1609 1801 1960 1880 honorifice,
1993 1813 2046 1867 et

2139 1810 2416 1878 στάζεσόαι
2472 1808 2561 1863 καὶ
2591 1814 2742 1863 τουτο
2794 1809 3089 1881 νομίζεσθαι
3141 1805 3266 1881 παρ’
3307 1806 3488 1868 αυτοῖς
3538 1808 3610 1870 ὡς
3642 1809 3780 1863 θεόν·

408 1891 469 1953 id
500 1890 573 1952 ab
605 1889 692 1950 eis
750 1893 1027 1967 tanquam
1077 1885 1254 1946 deum
1313 1888 1621 1971 reputari;
1657 1890 1821 1953 illum
1855 1903 2052 1956 autem

407 1997 562 2061 aegre
583 1974 1065 2055 ferentem,quod
1089 1974 1362 2038 homines
1379 1978 2052 2059 deciperentur,dixisse

407 2070 464 2133 ei
483 2070 633 2148 deae,
666 2083 797 2147 quia
820 2072 947 2126 erat
965 2063 1123 2143 apud
1148 2064 1313 2144 ipsos
1339 2083 1352 2125 :
1379 2068 1567 2143 Itane,
1599 2089 1735 2131 cum
1763 2072 1845 2133 sis
1867 2091 1899 2133 a
1930 2074 2050 2134 Deo

406 2167 607 2222 creato
631 2166 689 2217 et
709 2154 881 2217 nobis
901 2156 1487 2227 conserva,sustines
1518 2157 1591 2219 ab
1621 2159 1765 2239 ipsis
1785 2160 2042 2235 adorari,

406 2257 467 2312 et
486 2250 610 2311 Deo
634 2262 835 2325 parem
858 2245 1121 2323 reputari
1146 2242 1177 2303 Ἰ
1198 2242 1304 2306 llla
1357 2263 1498 2309 vero
1521 2267 1653 2309 cum
1679 2249 1792 2313 hoc
1814 2253 2044 2313 audiis-

403 2335 795 2419 set,protiuus
815 2352 949 2415 cum
972 2331 1169 2394 adhuc
1192 2342 1548 2413 portaretur,
1570 2358 1600 2397 τι
1630 2339 1770 2400 viris
1799 2340 2042 2421 quidem

402 2425 686 2505 recessit;
713 2440 849 2485 eum
880 2430 1077 2483 autem
1101 2432 1192 2483 est
1220 2431 1446 2503 secuta,
1480 2428 1629 2489 tales
1659 2448 1833 2491 voces
1863 2431 2043 2492 emit-

401 2526 536 2579 tens
569 2532 583 2577 :
616 2515 699 2577 At
727 2531 836 2593 ego
864 2531 900 2573 a
956 2519 1013 2573 te
1070 2512 1313 2576 minime
1366 2518 1668 2599 recedam,
1704 2519 1899 2582 donec
1949 2542 2043 2585 me

400 2605 723 2669 adduxeris
767 2602 841 2664 ad
900 2599 1269 2691 creatorem.
1331 2603 1469 2668 Haec
1501 2606 1765 2671 Helenus
1795 2611 2039 2691 quidem

399 2696 545 2760 vidit
572 2694 633 2755 in
659 2692 913 2755 somnis.
946 2690 1245 2755 Excitatus
1264 2705 1488 2778 autem,
1522 2700 1677 2778 apud
1711 2718 1775 2760 se
1806 2690 2040 2762 dubita.

399 2787 524 2860 bat,
557 2802 811 2866 quonam
866 2782 1199 2845 rediturum
1261 2795 1439 2863 esset,
1473 2788 1631 2867 quod
1681 2807 1715 2850 a
1755 2807 1821 2851 se
1854 2792 2039 2852 visum

398 2875 613 2939 fuerat.
665 2872 875 2936 Statim
933 2889 1074 2933 vero
1104 2872 1343 2935 advenit
1399 2874 1738 2957 Eutropius,
1772 2885 1871 2960 qui
1904 2889 2037 2941 tan-

397 2983 572 3046 quam
604 2962 681 3026 de
709 2962 836 3024 viro
862 2961 1113 3042 loquens
1164 2962 1237 3024 de
1267 2962 1530 3045 Eugenia
1564 2988 1577 3028 :
1618 2969 1761 3042 Viri,
1797 2970 1876 3031 ait
1906 2972 2037 3050 epi-

2138 1898 2228 1953 τὸν
2285 1896 2338 1952 δὲ
2405 1903 2470 1973 τῇ
2503 1897 2719 1973 ’ἀπάτῃ
2789 1901 2893 1953 τῶν
2970 1896 3257 1974 ἀνθρώπων
3326 1894 3780 1973 περιαλγήσαντα,

2137 1988 2289 2065 φάναι
2342 1988 2473 2064 πρὸς
2502 1986 2602 2052 τὴν
2650 1984 2774 2062 παρ’
2807 1987 2988 2049 αὖτοϊς
3019 1986 3161 2041 θεάν·
3228 1985 3383 2058 Εἶτα,
3422 1985 3481 2039 σὺ
3512 1981 3566 2038 δέ
3610 1984 3781 2065 ἀνέχῃ

2137 2077 2330 2151 κτίσμα
2397 2084 2522 2132 οὖσα
2568 2082 2697 2131 Θεοῦ
2752 2076 2839 2130 καὶ
2898 2076 3032 2148 ἡμῖν
3092 2072 3379 2145 ὁμοδο·)λος
3456 2074 3542 2128 bn’
3611 2078 3781 2131 αὖτὼν

2136 2169 2541 2243 προσκυνεῖσθαι
2601 2167 2687 2220 καὶ
2718 2164 2812 2220 ἴσα
2868 2167 2983 2236 Θεῷ
3040 2164 3336 2234 νομίζεσθαι
3380 2184 3395 2233 ;
3446 2170 3608 2219 Τοῦτο
3638 2163 3780 2219 ἐκεί-

2129 2279 2225 2330 νην
2276 2257 2574 2312 ἀκούσασαν
2646 2256 2790 2317 εὒῶς
2862 2252 2938 2309 ἔτι
3009 2253 3406 2328 βασταζομένην
3478 2253 3778 2319 ἀποστῆναι

2129 2346 2226 2420 μέν
2256 2368 2360 2401 των
2416 2343 2638 2422 ἀνδρῶν,
2676 2343 2981 2399 ἀκολουθεῖν
3014 2339 3067 2397 δέ
3112 2341 3255 2415 αὖτῴ
3297 2343 3543 2404 τοιαύτας
3588 2342 3776 2421 ἀφιεῖ-

2126 2457 2222 2492 σαν
2283 2437 2485 2514 φωνάς’
2552 2433 2657 2489 ’λλ’
2718 2433 2886 2510 ἔγωγε
2959 2431 3199 2505 οὐδαμῶς
3251 2431 3623 2507 ἂποστήσομαί
3682 2454 3775 2490 σου

2126 2524 2228 2589 ἕως
2284 2525 2345 2580 ἃν
2398 2525 2474 2599 τῷ
2530 2524 2716 2598 κτίστῃ
2775 2544 2842 2596 με
2904 2521 3268 2598 προσαγάγῃς.
3359 2519 3529 2578 Ταῦτα
3587 2523 3682 2596 μέν
3746 2525 3774 2579 ὀ

2124 2612 2357 2676 ἻΞλενος
2425 2614 2565 2691 ἑώρα
2593 2614 2728 2668 κατὰ
2779 2612 2899 2676 τοὺς
2942 2609 3152 2675 ὕπνους.
3217 2612 3505 2687 Διεγερθεὶς
3539 2609 3593 2667 δέ
3648 2611 3770 2678 διη-

2125 2704 2274 2780 πόρει
2331 2703 2443 2759 καθ’
2493 2704 2679 2758 ἑαυτὸν
2738 2702 2811 2765 εἰς
2869 2702 2918 2756 τί
2948 2700 3009 2755 ἃν
3070 2703 3157 2756 καὶ
3187 2696 3417 2766 ἀποϐαίη
3462 2702 3521 2756 τὸ
3566 2700 3767 2780 ὁραθέν.

2129 2795 2227 2851 Καὶ
2285 2794 2470 2849 αὐτίκα
2524 2793 2762 2869 παρέστη
2821 2791 2849 2846 ὀ
2913 2791 3221 2866 Εὐτρόπιος,
3277 2790 3333 2851 ὃς
3394 2788 3491 2868 ἄρα
3552 2793 3637 2847 καὶ
3695 2794 3767 2856 ὡς

2121 2884 2238 2960 περὶ
2314 2880 2496 2959 ἀνδρὸς
2582 2882 2678 2948 τῆς
2756 2881 3001 2957 Εὖγενίας
3085 2877 3355 2943 διεξελθὼν
3414 2880 3506 2934 τὸν
3584 2878 3767 2958 λόγον,

2122 2970 2374 3048 ”Ανδρες,
2445 2970 2545 3052 ἔφη
2603 2971 2733 3048 πρὸς
2792 2973 2882 3026 τὸν
2945 2969 3255 3047 ἐπίσκοπον³
3323 2968 3497 3044 τρεῖς,
3559 2968 3772 3050 ἀδελφοὶ

396 3071 604 3134 scopo,
638 3060 782 3132 tres,
818 3051 1030 3141 fratres
1085 3053 1324 3130 animis,
1383 3055 1596 3119 fratres
1654 3060 2032 3139 corporibus,

2133 3062 2214 3126 τὰς
2264 3051 2726 3141 ψυχὰςίᾶδελφοὶ
2772 3062 2836 3115 τὰ
2886 3059 3133 3137 σώματα,
3173 3060 3483 3136 ὀμοφρόέως
3534 3058 3648 3137 ἄρτι
3706 3064 3771 3119 τὰ

395 3142 682 3222 abjuratis
703 3140 1077 3243 m_od3_rebus
1099 3143 1437 3243 gentilium,
1462 3146 1522 3208 in
1556 3158 1659 3209 tuo
1685 3167 1864 3228 grege
1897 3168 2032 3211 ver-

2133 3140 2393 3219 Ἐυλήνιον
2464 3149 2868 3223 ἐξομοσάμενοι,
2943 3148 3041 3206 ὀινὰ
3109 3149 3208 3216 τὴν
3279 3148 3378 3214 σὴν
3446 3146 3764 3225 διατρίϐουσι

392 3243 647 3312 saritur,
702 3231 776 3291 ad
835 3229 1133 3293 Christum
1186 3234 1585 3311 accedentes,
1648 3246 1708 3298 et
1768 3239 2034 3300 divinum

2133 3241 2353 3314 ποίμνην
2419 3246 2628 3317 Χριστῷ
2699 3237 3080 3317 προσελθόντες
3130 3237 3220 3294 τοῧ
3276 3260 3331 3294 τε
3375 3239 3510 3293 θείου
3567 3239 3760 3315 βαπτί-

391 3320 757 3402 baptismum
789 3328 1071 3397 rogantes
1102 3322 1338 3402 assequi
1375 3346 1387 3382 :
1420 3334 1478 3386 et
1507 3326 1726 3387 deinde
1777 3327 2030 3403 tonderi,

2133 3351 2320 3403 ιματος
2378 3327 2641 3394 ἀξιοῦντες
2686 3342 2924 3406 τυχεῖιν,
2973 3327 3098 3383 εἶτα
3156 3328 3417 3405 κείρασθαι
3461 3327 3556 3391 τὰς
3589 3327 3758 3402 κόμας

398 3419 458 3473 et
479 3410 691 3471 referri
713 3409 774 3469 in
798 3426 1111 3470 numerqu
1136 3410 1349 3473 horum
1402 3415 1854 3479 monachorum.
1888 3421 2032 3479 Cum

2133 3420 2204 3474 ιαὶ
2234 3432 2353 3481 τοῖς
2410 3417 2512 3473 ὦδε
2546 3432 2816 3497 μοναχοϊς
2847 3416 3171 3494 ἐγκριθῆναι.
3237 3420 3357 3475 Νέοι
3386 3415 3439 3472 δέ
3494 3417 3640 3482 ὄντες
3673 3420 3758 3474 καὶ

381 3499 503 3562 sint
561 3507 758 3560 autem
808 3498 1083 3577 juvenes,
1137 3509 1196 3561 et
1250 3520 1285 3562 a
1340 3521 1406 3564 se
1445 3503 1698 3567 invicem
1733 3506 2033 3584 pendeant

2133 3507 2367 3576 ὶλλήλων
2424 3509 2698 3586 ὑπερφυῶς
2759 3506 3051 3585 ἠρτημένοι
3096 3518 3183 3563 και
3236 3514 3393 3565 τοῦτο
3450 3510 3579 3586 πρὸς
3638 3525 3754 3573 τοτς

382 3588 836 3678 admirabiliter,
899 3590 1010 3678 hoc
1068 3598 1277 3668 petunt
1335 3602 1549 3673 praeter
1578 3603 1817 3669 castera,
1851 3604 1915 3657 ut
1961 3615 2027 3659 se

2133 3597 2292 3662 ἱλλοις
2385 3600 2650 3656 αἰτοῦνται
2733 3597 2857 3670 μίαν
2930 3599 3099 3652 ανῦτὼν
3187 3597 3241 3652 ἐν
3323 3596 3509 3672 μηδενὶ
3604 3601 3759 3678 γενέ-

380 3677 640 3741 invicem
692 3677 855 3739 nulla
903 3676 965 3737 in
990 3694 1058 3738 re
1089 3678 1526 3759 disjungantur,
1562 3701 1681 3744 non
1730 3683 1790 3743 in
1817 3703 2022 3763 opere,

2133 3693 2227 3745 ιθαι
2304 3686 2594 3760 διάστασίν,
2651 3690 2729 3762 μὴ
2789 3688 2926 3744 κατὰ
3000 3687 3095 3754 τήν
3160 3686 3429 3765 ἐργασίαν,
3490 3690 3568 3764 μὴ
3624 3691 3759 3746 κατὰ

379 3787 498 3832 non
525 3770 585 3830 in
604 3766 989 3842 habitatione,
1024 3785 1219 3846 neque
1248 3768 1310 3830 in
1337 3770 1537 3851 aliqua
1556 3771 1672 3832 alia
1702 3792 2023 3836 conversa-

2133 3778 2204 3844 ῑὴν
2267 3775 2506 3851 οἴκησιν,
2543 3778 2680 3851 μήτε
2714 3778 2823 3851 μὴν
2865 3777 2983 3852 περί
3025 3799 3141 3833 τινα
3194 3775 3364 3843 ἄλλην
3394 3776 3755 3859 ἀναστροφὴν,

378 3860 543 3922 tione
570 3857 712 3920 :sed
734 3856 919 3918 dividi
943 3876 1061 3918 non
1089 3859 1337 3937 possint,
1373 3867 1470 3940 qui
1491 3860 1577 3922 sic
1600 3870 1736 3923 sunt
1765 3883 1872 3925 con
1875 3865 2021 3944 jun-

2133 3866 2228 3922 ιλλ⁹
2292 3866 2457 3931 οὕτως
2517 3865 2841 3942 ἁδιαιρέτους
2913 3867 3054 3922 εἶναι
3115 3872 3341 3944 Χριστοῦ
3403 3874 3479 3940 τῷ
3536 3856 3757 3943 ὀνόματι

376 3947 454 4009 cti
473 3948 533 4009 iu
552 3946 769 4009 Christi
792 3945 1057 4008 nomine.
1089 3948 1228 4009 Haec
1254 3948 1401 4010 mihi
1424 3948 1723 4027 dixerunt,
1753 3953 2025 4034 lacrymis

2133 3959 2499 4031 ὐνημμὲνους.
2574 3964 2746 4013 Ταῦτα
2824 3955 2955 4033 πρός
3045 3976 3111 4029 με
3196 3955 3436 4029 εἰρήκασι
3523 3953 3756 4033 δακρύων

374 4039 597 4099 vultum
630 4054 836 4099 eorum
861 4035 1194 4114 rigantibus
1225 4045 1308 4112 et,
1343 4047 1408 4100 ut
1446 4039 1647 4101 omnia
1682 4040 1787 4103 tibi
1815 4043 2020 4106 decla-

2133 4048 2276 4103 ιῦτών
2358 4047 2478 4108 τοῖς
2570 4046 2881 4122 προσώποις
2966 4042 3349 4121 ὐποῤῥεόντων,
3423 4043 3511 4098 καὶ
3584 4044 3756 4104 πάντα

370 4142 591 4202 tarem,
634 4125 1022 4188 vehementer
1053 4135 1356 4205 rogarunt.

2133 4139 2234 4215 πρὸς
2265 4136 2323 4190 σὲ
2359 4134 2681 4213 διασαφῆσαι
2714 4135 2917 4210 θερμῶς
2964 4129 3209 4197 ἠξίωσαν.

451 4215 525 4278 Χ.
588 4215 735 4280 Cum
793 4233 863 4277 ex
921 4215 1015 4277 his
1066 4217 1429 4295 conjecisset
1477 4220 1776 4282 somnium
1814 4223 2021 4286 beatus

2188 4223 2251 4286 1’.
2314 4226 2447 4301 Πρὸς
2479 4223 2643 4279 ταῦτα
2690 4227 2798 4279 τῶν
2859 4220 3061 4298 ὄνειρον
3119 4222 3146 4275 ὁ
3206 4218 3464 4297 μακάριος
3523 4218 3755 4286 ’Ἕλενος

369 4306 658 4386 Helenus,
691 4314 751 4367 et
774 4312 838 4365 ut
859 4304 1195 4383 oportebat,
1227 4324 1331 4386 pro
1355 4306 1635 4369 omnibus
1654 4309 1775 4373 Deo
1800 4313 2022 4391 egisset

2133 4312 2389 4389 ὐμϐαλὼν
2442 4314 2529 4371 καὶ
2588 4311 2717 4389 ὅπερ
2787 4308 2889 4365 ἔδει
2957 4311 3112 4389 χάριν
3159 4315 3275 4382 Θεῷ
3338 4310 3467 4389 ὑπὲρ
3534 4332 3754 4367 παντων

368 4402 607 4475 gratias,
627 4394 802 4475 jubet
832 4410 935 4456 eos
967 4400 1092 4455 tros
1123 4394 1301 4456 simul
1348 4395 1403 4457 ei
1452 4398 1580 4458 sisti
1629 4400 1686 4459 in
1719 4419 2015 4482 conspec-

2134 4402 2470 4482 μολογήσας,
2516 4402 2604 4457 ὑπ’
2642 4400 2764 4476 ὄψιν
2819 4404 2960 4472 αὖτῴ
2991 4401 3109 4465 τοὺς
3140 4413 3285 4477 τρεῖς
3321 4396 3431 4475 ἅμα
3490 4406 3619 4478 πρὸς
3652 4402 3752 4457 αὒ-

368 4483 841 4572 tum.Postqua_m
855 4489 1052 4543 autem
1069 4486 1677 4560 accessissent,statim
1694 4490 1899 4552 dextra
1915 4513 2011 4572 ap-
2038 4552 2046 4572 ι

2133 4495 2187 4549 ὸν
2232 4497 2421 4561 στῆναι
2468 4490 2694 4551 κελεύει.
2765 4483 2856 4555 ἐὶς
2917 4488 2969 4545 δὲ
3026 4489 3389 4566 παρέστησαν,
3454 4487 3748 4564 λαϐόμενος

362 4573 747 4664 prehendens
768 4570 1116 4664 Eugeniam,
1143 4583 1198 4633 et
1225 4592 1360 4664 eam
1396 4576 1706 4656 alloquens
1736 4552 2005 4664 hilarius,
2036 4552 2046 4602 ¹

2138 4583 2344 4660 ὖγενίας
2404 4582 2548 4645 εὒθυς
2608 4580 2669 4636 ἐκ
2712 4580 2809 4647 τῆς
2869 4578 3062 4655 δεξας,
3110 4581 3196 4634 καὶ
3227 4578 3553 4657 ἱλαρώτατος
3617 4581 3748 4655 αὖτῇ

361 4661 593 4741 placido
618 4661 824 4722 etlaeto
849 4660 1011 4723 vultu
1042 4662 1264 4740 rogavit
1293 4682 1500 4725 eorum
1528 4668 1793 4749 nomina,
1820 4660 2011 4747 genus

2133 4673 2330 4747 ντυῴὼν
2407 4671 2519 4738 ἤθει
2581 4692 2638 4726 τε
2698 4670 2989 4749 εὖπροσίτῳ
3060 4671 3146 4724 καὶ
3205 4670 3476 4746 προσώπῳ
3546 4667 3746 4747 φαιδρῷ

362 4758 423 4812 et
473 4752 746 4830 patriam.
810 4749 920 4811 Illa
972 4768 1110 4812 vero
1171 4754 1549 4817 verecunde.
1589 4767 1651 4819 et
1697 4778 1833 4821 cum
1890 4780 2001 4837 eo,

2133 4762 2324 4837 ιόματα
2398 4762 2598 4817 τούτων
2670 4761 2757 4815 καὶ
2805 4759 2957 4838 γένος
3020 4759 3116 4814 καί
3179 4756 3401 4835 πατρίδα
3460 4756 3740 4812 διεπυνθά-

358 4839 460 4931 qui
492 4840 779 4931 virginem
831 4840 1087 4931 maxime
1135 4843 1329 4920 decet,
1365 4845 1611 4927 rubore,
1647 4848 1835 4911 Nobis
1867 4853 2003 4931 quia

2133 4873 2230 4909 tto.
2286 4841 2347 4907 Ἠ
2393 4848 2445 4905 δέ
2501 4851 2636 4926 μετὰ
2688 4850 2783 4917 τῆς
2815 4850 2971 4929 φίλης
3029 4847 3199 4909 αἰδοῦς
3254 4849 3457 4903 καὶτοῦ
3501 4845 3738 4925 παρθένῳ

354 4930 518 5018 dem,
550 4929 773 5007 inquit,
804 4950 838 4990 ο
867 4928 1132 4992 divinum
1157 4943 1356 5013 caput,
1388 4937 1574 5015 patria
1600 4946 1658 4998 et
1689 4928 2004 5017 genus—est

2133 4940 2321 4998 άλιστα
2377 4942 2745 5018 προσήκοντος
2806 4937 3157 5017 ἐρυθήματος,
3207 4938 3396 5014 Πατρὶς
3430 4936 3528 5010 μὲν
3576 4938 3735 5015 ἡμῖν⁷

351 5017 611 5109 gloriosa
644 5020 874 5095 Roma;
928 5019 1140 5083 fratres
1197 5032 1393 5085 autem
1450 5043 1656 5087 sumus
1717 5029 1995 5095 invicem.

2133 5054 2211 5109 in,
2257 5032 2301 5084 ὦ
2359 5017 2472 5086 θεία
2530 5052 2621 5104 μοι
2671 5027 2904 5106 κεφαλὴ,
2954 5029 3040 5084 καὶ
3094 5027 3245 5106 γένος
3304 5027 3338 5094 ἡ
3384 5022 3737 5103 μεγαλόδόξος

348 5106 579 5169 Nomen
613 5126 750 5170 vero
784 5110 975 5189 primo
1031 5112 1272 5191 quidem
1314 5121 1404 5175 est
1434 5113 1680 5191 Protas;
1729 5121 1996 5182 secundo

2133 5106 2292 5196 έώμη,
2327 5118 2549 5197 ἀδελφοὶ
2583 5117 2830 5187 ἀλλήλων
2915 5120 3102 5191 ἡμεῖς,
3136 5117 3372 5189 ὀνόματα
3420 5113 3472 5170 δὲ
3506 5121 3580 5189 τῷ
3637 5115 3734 5189 μὲν

347 5206 572 5279 autem,
602 5200 991 5279 Hyacinthus;
1027 5202 1166 5263 mihi
1188 5221 1349 5280 vero,
1376 5202 1697 5281 Eugenius.
1721 5205 1995 5272 Jucunde

2133 5212 2275 5283 :o'mp
2335 5216 2577 5287 Πρωτᾶς,
2613 5210 2688 5282 τῷ
2733 5207 2787 5263 δὲ
2851 5210 2988 5281 μετα
3040 5208 3224 5261 τοῦτον
3272 5197 3571 5278 Ὑάκινθος,
3619 5204 3736 5277 ἐμοὶ

344 5296 544 5378 autem
595 5308 725 5351 eam
783 5290 1022 5351 intuens
1082 5291 1289 5354 beatus
1323 5294 1634 5356 Helenus:
1672 5296 1879 5359 Merito
1938 5310 1995 5363 te

2133 5327 2140 5356 ι
2202 5299 2472 5378 Εὒγένισς.
2541 5290 2662 5353 Ἠδὺ
2720 5296 2773 5352 δὲ
2822 5301 2951 5371 αὖτῂ
3021 5293 3363 5374 προσϐλέψας
3408 5298 3433 5351 ὂ
3479 5296 3736 5373 μακάριος

339 5376 693 5460 Eugenium,
718 5380 936 5461 inquit,
969 5399 1215 5457 vocas,o
1238 5382 1522 5463 Eugenia,
1554 5393 1617 5444 ut
1640 5404 1856 5449 nomen
1895 5398 1990 5451 tuo

2133 5389 2314 5465 ηλενος,
2369 5389 2642 5465 Εὐλόγιος,
2707 5387 2833 5466 ἔφη,
2868 5390 2933 5444 Εὖ
2980 5386 3115 5443 ἑνιον
3177 5386 3425 5460 σεαυτὴν,
3473 5391 3518 5438 ὡ
3568 5384 3735 5463 Εὖγε-

338 5470 702 5549 respondeat
730 5470 990 5548 Spiritui,
1020 5490 1153 5532 cum
1188 5472 1414 5534 virilem
1450 5473 1669 5535 habeas
1700 5477 1982 5555 animam,

2133 5503 2180 5553 α,
2217 5479 2566 5554 μετακαλεϊς,
2602 5478 2693 5533 ἴνα
2749 5474 2813 5547 δή
2860 5500 2936 5533 σο·
3000 5480 3096 5532 καί
3140 5478 3199 5531 τὸ
3259 5473 3431 5550 ὄνομα
3489 5477 3618 5551 πρὸς
3676 5477 3736 5530 τὸ

338 5567 399 5620 et
427 5557 596 5621 valde
631 5568 686 5620 te
718 5559 1038 5622 masculaiu
1095 5560 1376 5623 ostendas
1428 5563 1488 5622 in
1520 5565 1796 5628 omnibus
1829 5585 1842 5628 :
1878 5572 1983 5631 sed

2133 5572 2324 5645 δόνημα
2473 5566 2711 5647 ἀνδρείαν
2757 5589 2813 5623 τε
2876 5568 3060 5646 qia/ﬁ,»
3118 5566 3320 5645 ἐχούσῃ
3370 5566 3456 5622 καὶ
3489 5564 3622 5621 πολὺ
3679 5578 3736 5619 το

331 5649 642 5749 proposito
693 5651 889 5713 adhuc
951 5650 1153 5713 vincas
1210 5661 1503 5734 naturam,
1536 5662 1594 5715 et
1651 5658 1708 5717 in
1751 5654 1982 5723 Christo

2134 5660 2373 5738 ῥενωπὸν
2431 5660 2486 5715 ἓν
2542 5658 2740 5716 ἅπασιν
2808 5655 3243 5733 ἐπιδεικνυμένῃ,
3310 5654 3475 5715 Ἀλλὰ
3535 5655 3735 5733 νικῴης
