4148 6422
415 348 534 419 623

1725 338 2006 413 MENSIS
2043 336 2470 417 DEGEMBER.

3671 343 3789 420 624

416 491 576 574 quod
606 491 947 574 gerebatur,
984 490 1134 555 nihil
1164 507 1397 566 eorum,
1451 507 1583 571 quae
1626 506 1782 570 pone
1814 486 2053 561 ﬁebant,

2142 489 2445 567 γενομένων
2503 488 2825 565 αἰσθόμενοι,
2884 488 2998 546 ἐπεὶ
3041 489 3129 546 καὶ
3172 490 3233 545 τὸ
3278 494 3412 562 ζῶον
3471 489 3791 547 ἀκολουθοῦν

417 582 771 660 sentientes,
829 584 1109 665 quoniam
1167 598 1270 643 eos
1320 579 1682 660 sequebatur
1709 577 1949 657 animal,
2009 586 2067 639 et

420 673 675 734 maxime
704 671 824 735 Deo
859 672 994 735 huic
1044 674 1132 732 rei
1191 669 1566 750 providentia
1615 685 1721 729 sua
1769 686 1938 747 opem
1973 667 2063 729 fe-

418 772 611 843 rente,
644 763 727 824 ita
757 768 921 824 recta
952 761 1195 822 iverunt
1243 757 1688 821 Alexandriam.
1740 756 2063 838 POStquam

417 859 614 914 autem
640 852 765 932 jam
798 853 1038 913 fuerunt
1067 867 1253 929 prope
1283 847 1605 921 civitatem,
1641 847 1739 928 qui
1797 846 2063 908 rescive-

413 949 556 1002 runt
577 939 815 1021 quidem
838 957 873 1002 e
893 941 1071 1001 domo
1095 939 1536 1012 exierunt,cum
1561 936 1818 998 maximo
1848 935 2063 1014 gaudio

415 1028 754 1110 suscepturi
808 1028 1157 1109 Eugeniam,
1219 1026 1747 1089 anteambulonum
1796 1025 2065 1087 videntes

416 1117 950 1199 multitudinem,et
970 1116 1153 1179 alium
1187 1116 1477 1197 deinceps
1506 1122 1874 1178 conventum
1911 1132 2063 1194 pue-

415 1207 799 1271 rorum.Cum
814 1227 954 1270 vero
975 1210 1096 1286 jam
1121 1225 1306 1288 prope
1334 1214 1556 1280 essent,
1580 1213 1642 1267 et
1664 1204 1844 1267 alacri
1866 1203 2064 1266 animo

411 1297 485 1359 ad
514 1296 856 1360 vehiculum
901 1296 1326 1377 accurrissent,
1357 1303 1416 1358 et
1445 1295 1792 1358 cathedram
1821 1294 2064 1375 quidem

412 1386 704 1450 vidissent
727 1405 996 1461 vacuam,
1031 1403 1322 1466 nusquam
1376 1393 1575 1446 autem
1609 1382 1965 1460 Eugeniam,
1999 1400 2066 1444 re

414 1476 721 1557 inopinata
753 1486 813 1540 et
842 1493 1017 1558 quam
1045 1492 1353 1555 nunquam
1386 1483 1750 1554 sperassent,
1786 1472 2066 1551 obstupe-

416 1564 579 1641 facti,
609 1565 680 1627 ad
712 1566 1003 1645 lacrymas
1027 1570 1087 1626 et
1118 1563 1342 1626 luctum
1376 1563 1453 1626 de
1500 1572 1716 1625 caetero
1748 1569 1889 1623 sunt
1913 1580 2059 1623 con-

415 1654 1079 1737 vorsi,etcommuniter
1104 1671 1428 1715 commune
1462 1660 1683 1715 bonum
1718 1651 2058 1713 deflebant:

418 1743 568 1817 Quid
596 1745 811 1807 factum
832 1742 971 1806 est?
1007 1741 1162 1815 Quid
1207 1750 1403 1804 actum
1426 1750 1519 1805 est
1538 1747 1565 1802 ?
1586 1742 1895 1815 Quodnam
1932 1759 2059 1802 ma-

415 1833 537 1895 lum
562 1831 1021 1915 inexpugnabile
1043 1830 1216 1893 nobis
1235 1829 1501 1894 accidit?
1527 1828 2065 1894 dicentes.Deinde
2088 1818 2125 1868 Β

414 1923 659 1986 nomine
717 1922 1005 1985 vocabant
1054 1919 1409 1999 Eugeniam,
1473 1919 1690 1982 vultum
1782 1918 2066 1981 ferientes

412 2013 719 2095 manibus,
753 2012 1129 2094 plangentes,
1165 2017 1223 2071 et
1257 2008 1433 2090 plane
1465 2009 1783 2072 tumulenti
1832 2008 2060 2070 dolore.

412 2102 529 2167 Sed
561 2104 688 2166 haec
726 2101 968 2184 quidem
1001 2099 1147 2163 foris
1176 2096 1477 2162 faciebant
1520 2099 1698 2161 amici
1733 2106 1793 2161 et
1825 2099 1974 2171 noti,
2009 2108 2067 2159 et

409 2192 631 2272 quibus
661 2191 825 2254 nulla
853 2210 986 2254 cum
1023 2209 1094 2253 ea
1122 2189 1533 2252 intercedebat
1554 2189 1898 2269 conjunctio
1925 2207 2059 2249 san-

408 2282 627 2364 guinis.
659 2281 880 2344 Eorum
911 2287 1131 2354 autem,
1166 2279 1268 2361 qui
1298 2280 1456 2342 intus
1506 2274 1695 2353 erant,
1732 2278 1865 2360 quis
1915 2279 2056 2340 satis

410 2375 633 2453 tragice
660 2373 1049 2453 descripserit
1100 2369 1546 2433 calamitatem?
1575 2369 1863 2431 Parentes
1891 2370 2052 2430 enim

410 2464 842 2547 propemodum
878 2469 1170 2526 venerunt
1194 2461 1266 2524 ad
1299 2463 1605 2544 laqueum,
1645 2469 1704 2523 et
1734 2478 2051 2541 propemo-

411 2554 555 2616 dum
588 2574 652 2618 se
711 2572 857 2617 ense
916 2552 1313 2627 conﬁxerunt,
1370 2551 1511 2633 quid
1557 2568 1676 2613 non
1734 2549 2054 2627 loquentes

409 2644 752 2707 miserabile
773 2642 799 2707 ?
820 2642 961 2726 quid
985 2661 1106 2705 non
1127 2641 1420 2705 facientes
1458 2641 1702 2720 dignum
1734 2640 2006 2721 lacrymis
2023 2644 2051 2701 ’ἶ

409 2732 605 2797 Genas
628 2733 991 2811 lacerabant,
1032 2731 1343 2813 pulverem
1403 2730 1584 2812 capiti
1631 2728 2048 2803 infundebant,

408 2840 476 2886 se
508 2824 673 2885 humi
704 2822 958 2905 turpiter
988 2819 1465 2904 prasternebant,
1500 2817 1716 2881 acerbe
1747 2817 2050 2881 exclama-

407 2910 573 2990 bant,
626 2920 906 2993 parentes
935 2910 1148 2989 filiam,
1205 2909 1417 2972 fratres
1465 2926 1834 2989 germanam,
1897 2906 2051 2969 servi

2148 580 2332 658 εἶχον,
2368 578 2545 643 ἄλλως
2595 600 2652 635 τε
2709 576 2765 634 δέ
2816 578 2902 635 καὶ
2954 584 3048 634 τοῦ
3101 586 3233 638 Θεοῦ
3287 577 3794 655 συλλαμϐανομένου

2145 670 2213 744 τῇ
2247 670 2361 747 περὶ
2410 676 2562 726 τοῦτο
2606 669 2901 743 οἰκονομίᾳ,
2958 668 3074 727 εὐθὺ
3124 674 3221 736 τῆς
3268 667 3666 748 Ἀλεξανδρείας
3724 672 3797 735 ὡς

2149 758 2310 837 εἶχον
2353 756 2540 834 ᾔεσαν.
2590 756 2739 814 Ἐπεὶ
2784 756 2837 813 δέ
2890 755 2995 824 ἤδη
3040 760 3107 835 τῇ
3151 756 3307 814 πόλει
3370 759 3702 840 προσέσχον,
3752 760 3800 815 οἱ

2150 847 2247 923 μέν
2304 848 2403 914 τῆς
2464 848 2631 910 οἰκίας
2664 847 2883 926 γνόντες
2934 846 3155 923 ἐξῂεσαν
3200 846 3315 922 μεθ’
3350 848 3480 916 ὅστις
3525 850 3586 905 ἂν
3620 848 3796 912 εἴποις

2148 941 2247 1003 τῆς
2304 934 2525 1011 ἡδονῆς,
2588 937 2834 1014 Εὖγενίαν
2879 934 3032 1004 δῆθεν
3075 937 3510 1013 ἀποληψόμενοι,
3576 945 3682 994 τῶν
3740 956 3795 995 τε

2148 1031 2482 1102 προπομπῶν
2524 1027 2586 1083 τὸ
2629 1024 2832 1092 πλῆθος
2882 1027 3107 1102 ὁρῶντες
3167 1028 3254 1084 καὶ
3311 1029 3410 1094 τὴν
3471 1025 3642 1095 ἄλλην
3688 1026 3796 1085 τών

2149 1114 2347 1172 παίδων
2404 1114 2588 1196 ἐφεξῆς
2621 1114 2880 1176 συνοδίαν.
2917 1113 3012 1178 Ὠς
3044 1114 3100 1172 δέ
3139 1115 3239 1173 καῖ
3281 1114 3507 1183 πλησίον
3563 1117 3793 1195 γενόμε-

2147 1228 2227 1261 νοι
2300 1206 2495 1268 πάντες
2555 1205 2796 1281 ἐκθύμως
2852 1202 3216 1284 προσέδραμοο
3275 1214 3353 1281 τῷ
3409 1206 3658 1285 ὀχήματι
3709 1207 3796 1262 καὶ

2146 1295 2247 1361 τὴν
2295 1296 2392 1370 μὲν
2447 1294 2699 1374 καθέδραν
2729 1295 2891 1363 κενὴν
2924 1295 3091 1357 οὕτως
3136 1296 3340 1373 ἑώρων,
3400 1298 3500 1363 τὴν
3544 1295 3795 1372 Εὖγενίαν

2148 1382 2203 1441 δὶ
2256 1383 2507 1459 οὖδαμοῦ,
2556 1382 2782 1462 uappa;
2827 1388 2905 1459 τῷ
2934 1382 3182 1457 ἀδοκήτῳ
3227 1385 3525 1463 πληγέντες
3582 1386 3655 1451 εἰς
3697 1382 3794 1440 δά-

2147 1495 2278 1553 κρυα
2333 1475 2393 1530 τό
2425 1473 2612 1531 λοιπὸν
2643 1474 2883 1554 ἐχώρουν
2932 1476 3021 1531 καὶ
3083 1475 3343 1555 οἰμωγὰς,
3379 1477 3466 1531 καὶ
3525 1479 3679 1550 κοινῇ
3734 1474 3797 1530 τὸ

2148 1564 2322 1621 κοινὸν
2354 1563 2547 1641 ἀγαθὸν
2607 1562 2880 1644 ἐδάκρυον,
2916 1564 2975 1622 Τί
3027 1564 3267 1643 γέγονες
3329 1565 3379 1621 τί
3436 1563 3739 1643 πέπρακται
3781 1582 3798 1639 ;

2147 1655 2196 1709 τί
2252 1656 2313 1709 τὸ
2371 1652 2574 1729 συμϐὰν
2616 1655 2754 1728 ἡμῖν
2786 1652 3001 1731 ἄμαχον
3062 1655 3276 1733 κακόν,
3324 1653 3601 1731 λέγοντες.
3666 1657 3800 1710 Εἶτα

2147 1744 2277 1821 πρὸς
2323 1742 2491 1818 ὄνομα
2548 1742 2646 1809 τὴν
2708 1743 2958 1820 Εὖγενίαν
3014 1742 3392 1818 ἀνεκαλοῦντο,
3464 1742 3589 1817 ὄψιν
3644 1744 3802 1822 χερσὶ

2147 1832 2421 1907 παίοντες,
2482 1844 2676 1911 χεῖρας
2731 1830 2993 1901 ἀλλήλαις
3051 1832 3435 1906 πατάσσοντες,
3496 1838 3800 1912 περιφανῶς

2147 1927 2223 1995 τῷ
2265 1922 2419 1979 πάθει
2477 1922 2780 1996 μεθύοντες.
2830 1919 2997 1977 Ἀλλᾶ
3052 1931 3217 1980 ταῦτα
3274 1923 3375 1996 μὲν
3429 1922 3497 1979 τὰ
3552 1928 3659 1978 τῶν
3704 1920 3804 1987 ἔξω

2146 2016 2284 2091 φημὶ
2313 2010 2482 2090 φίλων
2514 2012 2600 2067 καὶ
2642 2011 2924 2088 γνωρίμων
2977 2011 3066 2068 καὶ
3117 2010 3285 2086 μηδέν
3328 2013 3512 2069 κοινὶν
3553 2011 3795 2093 ἐχόντων

2146 2100 2198 2167 ἐξ
2242 2100 2473 2176 α’ίματος
2510 2120 2523 2132 ’
2558 2106 2664 2158 τῶν
2710 2098 2763 2156 δέ
2806 2098 2951 2157 ἔνδον
3005 2099 3059 2157 δέ
3104 2103 3181 2165 τίς
3216 2099 3277 2157 ἂν
3312 2100 3669 2180 ὲκτραγῳδοίη
3697 2103 3798 2169 τὴν

2144 2194 2415 2271 συμφοράν
2453 2209 2468 2264 ;
2514 2191 2573 2248 Ol
2631 2191 2730 2268 γὰρ
2789 2188 3034 2256 τεκόντες
3079 2198 3269 2266 μικροῦ
3313 2192 3402 2247 καὶ
3444 2190 3530 2246 ἐπὶ
3589 2190 3794 2272 βρόχον

2138 2278 2324 2351 ἦλθον,
2384 2286 2574 2356 μικροῦ
2628 2282 2717 2335 καὶ
2776 2277 2918 2359 ξίφος
2977 2277 3095 2337 καθ’
3140 2280 3339 2336 ἑαυτῶν
3389 2280 3785 2356 ἐπεσπάσαντο,

2136 2371 2186 2426 τί
2228 2369 2306 2444 μὴ
2363 2379 2657 2448 φωνοῦντες
2715 2368 2944 2425 ἐλεεινόν
2982 2388 2998 2445 ;
3059 2369 3109 2425 τί
3154 2369 3229 2445 μή
3273 2367 3496 2449 δρῶντες
3547 2367 3785 2447 δακρύων

2134 2456 2322 2533 ἄξιον,
2381 2456 2640 2524 ’Ἕξαινον
2700 2461 2945 2536 παρειὰς,
2991 2460 3138 2515 κόνιν
3196 2465 3294 2526 τῆς
3351 2457 3589 2539 κεφαλῆς
3649 2482 3784 2518 κατ-

2138 2548 2319 2629 έχεον,
2370 2549 2606 2629 αἰσχρῶς
2636 2549 2850 2613 ἑαυτοὺς
2880 2554 2949 2625 τῇ
2977 2554 3049 2626 γῇ
3078 2545 3430 2629 κατέϐαλλον,
3477 2546 3779 2608 ἐπεϐοῶντο

2133 2644 2360 2717 πικρῶς,
2407 2639 2454 2694 οἱ
2525 2638 2746 2716 πατέρες
2800 2638 2897 2706 τὴν
2951 2636 3232 2716 θυγατέρα,
3293 2640 3340 2695 οἰ
3408 2635 3623 2719 ἀδελφοὶ
3681 2643 3781 2706 τὴν

2135 2729 2382 2807 γνησίαν,
2443 2729 2489 2783 οἱ
2548 2725 2722 2787 δοῦλοι
2780 2727 2881 2794 τὴν
2925 2724 3208 2784 δέσποιναν
3246 2743 3261 2758 '
3324 2725 3489 2794 οὒδεὶς
3519 2728 3776 2809 ἄτρωτος,

2135 2815 2303 2881 ούδεὶς
2334 2826 2428 2876 τοῦ
2488 2817 2682 2883 πάθους
2712 2815 3003 2895 ἐλεύθερος,
3036 2814 3161 2873 ἀλλ’
3208 2816 3348 2876 οῧτω
3400 2815 3596 2895 κομιδῆ
3652 2840 3786 2877 κατ-

2136 2904 2344 2986 ειλήφει
2375 2907 2467 2963 τὸν
2499 2906 2655 2964 οἰκον
2685 2907 2852 2987 χωρὶς
2884 2908 3049 2986 πυρὸς
3079 2907 3421 2987 ἓμπρησμός.

408 3001 764 3080 dominam;
822 3000 1020 3063 nullus
1076 2999 1505 3075 invulneratus,
1568 2997 1766 3060 nullus
1814 2998 1970 3060 liber
2009 2995 2083 3060 ab
2150 2995 2333 3059 animi
2382 2996 2883 3077 perturbatione:
2953 3004 3069 3058 tam
3115 2996 3442 3060 vehemens
3488 2996 3793 3062 invaserat

406 3090 651 3154 domum
682 3091 908 3173 absque
937 3091 1072 3169 igne
1103 3088 1477 3153 incendium.

486 3179 764 3246 Xll-I.Sed
789 3190 1099 3261 postquam
1126 3178 1374 3242 inutiles
1392 3178 1673 3240 viderunt
1692 3195 1826 3241 esse
1845 3177 2042 3257 lacry-

2208 3175 2312 3240 ll".
2376 3173 2524 3233 Ἐπεὶ
2578 3174 2634 3232 δὲ
2681 3175 2953 3251 ἄπρακτον
3011 3176 3073 3234 τὸ
3123 3173 3346 3256 δάκρυον
3396 3176 3578 3255 ἑώρων
3609 3220 3629 3253 ,
3698 3176 3785 3234 ἐπὶ

407 3269 839 3349 mas,conversi
860 3275 997 3329 sunt
1017 3267 1087 3329 ad
1114 3267 1494 3349 quaerendam
1517 3267 2054 3330 charissimamJn-

405 3358 787 3437 terrogabant
828 3363 1215 3432 mercatores,
1248 3356 1790 3437 percunctabantur
1819 3356 2052 3436 agrico-

405 3447 522 3524 las,
559 3447 916 3528 praediorum
948 3445 1332 3527 habitatores,
1367 3457 1428 3507 et
1458 3446 1685 3509 viarum
1718 3445 1998 3509 custodes
2031 3458 2046 3505 :

409 3536 865 3599 sciscitabantur
893 3545 1055 3597 vates
1108 3534 1535 3617 ventriloquos,
1572 3542 1628 3597 et
1676 3535 1877 3597 omnia
1921 3534 2049 3596 daa-

409 3644 654 3687 monum
679 3626 1007 3699 oracula,et
1036 3642 1104 3686 ea
1138 3623 1453 3705 placabant
1483 3632 1541 3687 et
1570 3623 1842 3687 colebant
1866 3624 2049 3686 sacri-

408 3715 738 3778 ficiis.Cum
770 3723 967 3777 autem
999 3732 1117 3776 non
1149 3713 1516 3777 inveniretur
1547 3730 1617 3776 ea
1648 3732 1780 3795 quae
1809 3732 2048 3795 quare-

407 3803 601 3882 batur,
639 3804 985 3887 parentibus
1014 3822 1197 3866 unum
1231 3803 1696 3884 excogitant,qui
1726 3804 1855 3884 ejus
1886 3803 2048 3882 quod

408 3903 499 3956 est
526 3913 724 3975 grave,
758 3894 1119 3956 videbantur
1163 3911 1436 3971 quaerere
1466 3892 1762 3955 solatium.
1792 3892 2049 3973 Fingunt

408 3985 723 4064 quamdam
771 3983 1055 4062 fabulam,
1091 3983 1240 4045 nihil
1292 3982 1647 4047 dissimilem
1681 3984 1754 4045 iis
1783 4002 1914 4064 qua;
1944 4003 2048 4046 ca-

2136 3266 2235 3333 τὴν
2276 3266 2500 3337 ζήτησιν
2534 3270 2631 3332 τῆς
2679 3264 2941 3343 φιλτάτης
2986 3264 3170 3334 ἦλθον.
3220 3267 3534 3344 Ἦρωτῶντο
3590 3266 3638 3323 οἰ
3676 3265 3781 3342 ἔμ-

2135 3376 2310 3432 ποροι,
2371 3354 2796 3433 περιειργάζοντο
2875 3358 3142 3435 γεωργοὶ,
3204 3354 3416 3435 χωρίων
3475 3354 3778 3435 οἰκήτορες,

2134 3442 2268 3501 ὁδῶν
2310 3442 2561 3525 φύλακες,
2621 3444 2978 3522 ἐπηρωτῶντο
3037 3446 3281 3519 μάντεις,
3340 3443 3776 3527 ἐγγαστρίμυθοι,

2133 3534 2305 3591 πάντα
2358 3533 2424 3589 τά
2473 3533 2580 3589 τῶν
2622 3531 2885 3610 δαιμόνων
2942 3535 3242 3614 ἠρευν·ἶ›ντο
3277 3548 3530 3610 μαντεῖα,
3579 3538 3669 3592 καὶ
3698 3539 3785 3593 θυ-

2130 3624 2266 3685 σίαις
2322 3623 2720 3702 ἐθεραπεύοντο.
2771 3614 2862 3687 (Ως
2916 3621 2971 3679 δὲ
3015 3626 3110 3681 οὒκ
3155 3625 3224 3691 ἦν
3252 3623 3350 3693 τῆς
3380 3624 3716 3701 ζητουμένης
3746 3627 3782 3696 ἡ

2131 3713 2353 3785 εὕρεσις,
2413 3715 2469 3768 ἒν
2526 3725 2646 3777 τοῖς
2690 3712 2948 3793 πατρᾶσιν
2992 3713 3292 3772 ἐπινοοῦσιν
3335 3714 3391 3771 οἴ
3440 3737 3502 3794 γε
3535 3738 3783 3796 παρηγο-

2130 3803 2249 3880 ρείν
2305 3800 2580 3869 δοκοῦντες
2622 3813 2717 3862 τοῦ
2778 3801 2950 3860 δεινοῦ
3003 3805 3338 3883 παραμύθιον
3372 3824 3389 3840 ⁶
3445 3805 3608 3881 μῦθόν
3664 3827 3783 3863 τινα

2129 3892 2448 3969 πλάττουσι,
2480 3905 2601 3959 τοῖς
2645 3891 2922 3969 άδομένοις
2952 3893 3075 3973 παρ’
3111 3884 3387 3962 ’Ἓλλησιν
3444 3892 3594 3952 οὐδὲν
3650 3893 3782 3951 ἀνό-

2130 4004 2307 4060 μοιον,
2355 3982 2540 4061 ὅτιπερ
2599 3983 2848 4062 Εὗγενίας
2922 3985 2969 4040 οἱ
3031 3983 3147 4040 θεοὶ
3203 3982 3372 4060 ἔρωτα
3416 3984 3642 4063 σχόντες
3705 3985 3781 4049 εἰς

404 4082 630 4136 nuntur
651 4074 805 4155 apud
827 4073 1068 4137 Grmcos
1094 4092 1109 4134 :
1163 4072 1347 4155 quod,
1375 4091 1510 4135 cum
1545 4073 1628 4135 dii
1656 4074 1815 4154 capti
1847 4080 2052 4136 essent

2140 4074 2378 4152 οὐρανοὺς
2440 4073 2603 4140 αύτὴν
2646 4070 3046 4151 ἂνηρπᾶσαντο.
3092 4071 3267 4153 Ὅπερ
3331 4079 3409 4148 τῷ
3468 4074 3628 4151 πατρὶ
3685 4073 3779 4131 ἅτε

405 4180 610 4226 amore
630 4162 932 4245 Eugeniae,
967 4181 1096 4226 eam
1128 4163 1190 4225 in
1247 4163 1461 4226 caelum
1494 4172 1845 4243 rapuerunt.
1879 4162 2047 4236 Quod

2140 4163 2360 4226 πολλοῖς
2417 4166 2673 4227 τοιούτοις
2732 4162 3073 4239 ἐνειθισμὲνῳ
3114 4163 3211 4232 τὴν
3256 4163 3424 4232 ἀκοὴν
3482 4161 3779 4244 εὐπιράδε-

405 4254 647 4335 quidem
673 4253 847 4333 patri,
882 4259 950 4313 ut
974 4253 1144 4333 cujus
1177 4269 1355 4314 aures
1377 4251 1594 4312 talibus
1624 4252 2043 4326 assuevissent,

2140 4274 2258 4309 κτον
2301 4257 2390 4332 ἦν,
2445 4265 2633 4328 τιμαῖς
2676 4273 2733 4308 τε
2791 4253 2890 4320 τὴν
2935 4252 3195 4332 θυγατέρα
3237 4250 3591 4333 διαφερόντως
3626 4253 3783 4331 ἐτίμα

404 4352 636 4423 gratum
670 4349 796 4404 erat
827 4353 888 4404 et
912 4349 1317 4422 acceptum,et
1342 4341 1521 4404 tiliam
1553 4340 1887 4420 insignibus
1916 4341 2047 4403 afﬁ-

2140 4344 2218 4399 ιιαὶ
2251 4340 2468 4420 ἄγαλμα
2510 4341 2675 4421 ταύτῃ
2707 4348 2937 4421 χρυσοῦν
2969 4342 3298 4413 ἀνεστήσατο
3340 4343 3429 4400 καὶ
3488 4343 3559 4406 ὡς
3614 4348 3784 4421 καινῇ

403 4432 604 4495 ciebat
633 4430 985 4492 honoribus.
1020 4430 1421 4502 Quamobrem
1466 4447 1706 4491 auream
1753 4430 1809 4491 ei
1861 4432 2048 4493 erexit

2140 4435 2223 4503 θεᾷ
2250 4431 2389 4488 θύειν
2418 4428 2634 4508 ἤρξατο.
2693 4430 2759 4488 Ἢ
2791 4433 2974 4509 μήτηρ
3016 4429 3072 4488 δὲ
3118 4433 3205 4489 καὶ
3263 4432 3309 4488 οἱ
3368 4430 3582 4511 ἀδελφοὶ
3626 4430 3781 4490 Ἀϐί-

404 4529 682 4600 statuam,
716 4529 776 4581 et
807 4528 1085 4599 tanquam
1118 4536 1284 4579 novre
1312 4519 1441 4580 deae
1470 4518 1649 4598 coepit
1679 4519 2042 4581 sacriﬁcare.

2140 4544 2226 4586 τας
2287 4541 2337 4577 τε
2396 4520 2492 4577 καί
2526 4521 2747 4600 Σέργιος
2779 4521 2875 4577 οὒκ
2906 4521 3069 4601 εἶχον
3096 4520 3320 4601 ὁμοίως,
3346 4519 3481 4577 ἀλλὰ
3512 4523 3781 4578 πιστεύειν

400 4611 591 4674 Mater
618 4586 813 4671 autem
848 4616 906 4669 et
925 4586 1148 4670 fratres
1178 4608 1379 4670 Avitas
1423 4616 1482 4671 et
1529 4586 1772 4689 Sergius
1817 4628 1935 4670 non
1967 4610 2047 4671 ita

2140 4611 2267 4669 33m)
2308 4623 2427 4674 τοῖς
2490 4586 2797 4689 λεγόμένοις
2849 4586 3168 4681 ὀκντξδαντές
3217 4586 3452 4690 ἰσχῖυρῶς
3503 4609 3777 4674 ἐπένθουν.

403 4716 469 4760 se
500 4698 823 4772 habebant,
856 4698 960 4760 sed
1012 4697 1087 4760 iis
1137 4716 1268 4778 quae
1297 4697 1674 4775 dicebantur,
1707 4698 2047 4762 dubitantes

2140 4700 2277 4769 Πλὴν
2308 4698 2445 4756 ἀλλὰ
2474 4700 2538 4755 τὰ
2571 4702 2706 4774 μετὰ
2758 4700 2858 4769 τῆν
2919 4700 3093 4779 φυγὴν
3152 4700 3424 4779 Εὐγενίας,
3484 4698 3574 4755 καὶ
3628 4697 3776 4763 ὅπως

402 4789 674 4865 credere,
709 4788 877 4850 valde
924 4787 1224 4867 lugebant.
1261 4789 1453 4870 Atque
1495 4787 1773 4868 Eugeniae
1804 4790 2042 4870 quidem

2140 4793 2189 4849 36
2245 4789 2443 4869 γονέων
2500 4788 2663 4865 μόνον
2708 4792 2864 4869 αὐτῇ,
2916 4788 3051 4847 ἀλλὰ
3108 4791 3196 4847 καὶ
3252 4792 3357 4848 τῶν
3410 4785 3585 4845 ἄλλων
3644 4789 3776 4867 πρὸς

401 4879 561 4959 fuga,
598 4887 656 4941 et
683 4877 1187 4960 quemadmodum
1238 4898 1359 4941 non
1388 4878 1579 4941 solum
1608 4888 1909 4961 parentes,
1939 4879 2046 4942 sed

404 4986 508 5032 eos
563 4970 739 5032 etiam
798 4968 901 5049 qui
954 4967 1010 5030 ei
1068 4967 1224 5032 bene
1270 4969 1566 5043 volebant,
1617 4969 1905 5048 atfecerit,
1964 4969 2044 5031 ita

400 5057 601 5123 habet.

480 5148 635 5215 XIV.
668 5149 938 5230 Engenia
964 5160 1169 5213 autem
1216 5149 1278 5211 in
1310 5148 1525 5211 divinis
1557 5147 1882 5229 Scripturis
1909 5166 2044 5211 ver-

399 5239 641 5303 sabatur
662 5248 720 5301 et
742 5240 1135 5303 meditabatur
1163 5239 1427 5313 assidue,
1455 5247 1513 5300 et
1545 5238 1824 5319 parandae
1858 5238 2044 5300 virtu-

399 5330 475 5393 tis
509 5348 778 5410 magnam
838 5349 1040 5392 curam
1098 5328 1365 5410 gerebat.
1422 5330 1554 5403 Quo
1584 5330 1801 5391 factum
1834 5337 1947 5411 est,
1983 5336 2048 5391 ut

399 5439 533 5483 cum
571 5439 688 5482 non
747 5420 1059 5501 plusquam
1117 5420 1268 5482 duos
1314 5437 1502 5481 annos
1550 5419 1936 5497 transegisset
1983 5419 2045 5480 in

401 5510 789 5586 monasterio,
844 5528 1051 5572 omnes
1101 5509 1415 5572 vinceret:
1482 5509 1716 5585 mulier,
1771 5509 2041 5590 inquam,

401 5601 584 5663 viros.
619 5598 813 5673 Quare
861 5619 960 5663 res
1011 5598 1348 5662 communis
1394 5607 1485 5661 est
1530 5598 1741 5676 virtus,
1776 5609 1839 5661 et
1868 5617 2046 5661 sexus

398 5690 632 5762 nullum
656 5690 751 5757 alii
769 5697 825 5752 rt
861 5690 1348 5780 impedimentum
1383 5689 1437 5752 ei
1470 5688 1570 5777 qui
1600 5707 1666 5752 se
1710 5697 1875 5753 recte
1902 5689 2046 5752 velit

2129 4881 2288 4949 αὑτὴν
2321 4878 2506 4959 φιλίως
2536 4878 2885 4958 διακειμένων
2915 4881 3179 4957 καθίκετο,
3215 4877 3380 4943 οὕτως
3412 4877 3552 4958 ἔχει.

2208 5149 2297 5207 ιΔ¹
2312 5199 2327 5213 .
2361 5156 2438 5228 Τῇ
2469 5152 2689 5229 Εὗγενίᾳ
2720 5148 2775 5206 δὲ
2832 5149 3011 5219 πολλὴ
3066 5150 3164 5227 μὲν
3192 5150 3226 5218 ἡ
3259 5144 3386 5228 περί
3417 5149 3518 5218 τὴν
3548 5146 3780 5227 μελέτην

2127 5241 2234 5295 τῶν
2288 5241 2440 5297 θείων
2502 5246 2722 5320 Γραφῶν
2782 5239 3086 5320 προσεδρία,
3122 5238 3305 5308 πολλὴ
3337 5237 3392 5295 δὲ
3423 5241 3458 5308 ἡ
3521 5262 3640 5308 περι
3681 5241 3782 5309 τὴν

2129 5329 2316 5397 κτῆσιν
2364 5334 2465 5397 τῆς
2512 5332 2706 5409 ἀρετῆς
2764 5328 3070 5407 ἐπιμέλεια,
3104 5330 3232 5407 παρ’
3262 5330 3291 5386 ὃ
3338 5330 3429 5386 καὶ
3480 5331 3559 5407 μὴ
3590 5328 3782 5388 πλεῖον

2127 5418 2163 5486 ἢ
2193 5416 2283 5475 δύο
2312 5418 2406 5485 ἔτη
2439 5424 2508 5493 τῇ
2540 5423 2680 5495 μονῇ
2710 5416 3148 5495 συνδιενεγκοῦσα
3194 5418 3303 5475 τῶν
3354 5419 3570 5476 πάντων
3616 5418 3781 5498 ἐκρά-

2127 5529 2229 5583 τει,
2276 5509 2408 5587 γυνή
2455 5529 2595 5588 φημι
2654 5514 2759 5565 τῶν
2809 5507 3033 5590 ἀνδρῶν,
3090 5508 3258 5566 ’Ὥστε
3304 5511 3483 5568 κοινὸν
3532 5510 3569 5578 ἢ
3616 5508 3781 5588 ἀρετὴ

2125 5600 2213 5655 καὶ
2243 5596 2389 5657 οῦδὲν
2420 5598 2526 5680 ᾇπὸ
2569 5605 2661 5656 τοῦ
2703 5598 2886 5679 γένους
2926 5598 3150 5677 κώλυμα
3192 5600 3271 5675 τῷ
3311 5602 3597 5680 κατορθοῦν
3649 5601 3782 5677 βου-

2126 5687 2357 5769 λομένῳ,
2423 5678 2484 5743 Ἠ
2541 5687 2629 5747 οὖν
2695 5690 2911 5774 Εὐγενία
2968 5689 3088 5748 κατ’
3152 5689 3348 5773 ἀρετὴν
3410 5678 3779 5773 πρωτεύουσα,
