4148 6418
354 402 480 468 6‘25
1535 404 2007 469 MARTYRIUM
2052 406 2114 468 S.
2163 401 2417 470 EUGEN
2430 405 2540 468 I/E.
3611 403 3729 470 626

356 535 496 595 ⁴ἴδιον
551 533 607 592 δὲ
663 533 901 612 μάλιστα
961 537 1157 605 ταύτης
1217 539 1279 594 τὸ
1329 537 1538 602 ἐπιεκές
1587 559 1644 595 τε
1675 537 1888 616 μέτριον
1918 540 2000 596 καὶ

2086 557 2321 618 gerere.
2371 537 2628 618 Eugenia
2683 556 2824 618 ergo
2881 537 3103 619 primas
3154 545 3348 620 partes
3395 539 3643 619 gerebat
3671 541 3733 602 in

355 627 420 684 τὸ
476 624 694 704 πρώτην
751 626 905 684 οὖσαν
967 626 1020 682 ἐν
1080 639 1198 692 τοῖς
1254 625 1445 692 καλοῖς
1508 626 1652 686 οὐδὲν
1701 631 1862 694 ἦττον
1922 630 2000 686 καῖ

2088 627 2326 700 virtute,
2362 629 2492 708 ejus
2517 635 2712 690 autem
2740 628 2995 690 maxime
3020 635 3145 690 erat
3176 628 3417 710 propria
3447 629 3736 690 modestia

357 714 578 794 πρώτην
637 715 780 772 εῖναι
840 723 916 789 τῷ
973 718 1172 794 μετρίῳ
1226 715 1431 785 δηλαδὴ
1488 725 1580 775 τοῦ
1644 719 2001 798 φρονήματος.

361 805 610 883 Εὖγενίας
658 806 748 862 καὶ
790 812 955 863 ταῦτα
1005 809 1367 888 γνωρίσματα,
1420 809 1481 864 τὸ
1533 808 1751 885 πρώτην
1808 809 2005 873 ταύτην

354 895 571 953 πάντων
602 892 656 952 ἐν
687 907 808 959 ταῖς
857 893 1128 961 συνάξεσιν
1179 897 1521 975 ἀπαντῶσαν,
1571 897 1810 976 ἐσχάτην
1859 897 2003 962 αὖθις

351 989 462 1039 τῶν
519 981 693 1040 ἄλλων
753 985 1072 1064 ἀναχορεῖνο
1133 987 1266 1064 πρὸς
1321 985 1375 1042 δὲ
1433 985 1528 1043 καὶ
1560 993 1636 1059 τῷ
1689 985 2003 1060 λυπουμένῳ

351 1074 512 1129 παντὶ
570 1073 939 1154 συμπάσχειν,
999 1078 1308 1155 συγχαίρειν
1363 1073 1417 1132 δὲ
1475 1076 1706 1154 γνησίως
1765 1079 2000 1141 καὶτοῖς

351 1162 414 1218 εὖ
469 1163 795 1241 πάσχωσιν·
855 1164 986 1244 ὅπερ
1044 1165 1143 1243 ἄρα
1201 1165 1289 1222 καὶ
1317 1166 1447 1244 πρὸς
1477 1167 1539 1222 τὸ
1564 1170 1846 1243 κατορθοῦν
1874 1163 2002 1222 δυσ-

350 1252 673 1332 χερέστερον
729 1254 815 1310 διὰ
869 1256 964 1321 τὰς
1023 1255 1084 1312 ἐκ
1135 1262 1226 1312 τοῦ
1283 1255 1471 1335 φθόνου
1540 1256 1880 1323 κακοηθείας⁸
1941 1258 2002 1313 τὸ

353 1341 518 1420 λόγον
583 1342 732 1422 ἔχειν
799 1347 995 1410 παντὸς
1065 1345 1405 1423 ὀργιζομένου
1474 1347 1716 1423 στορέσαι
1790 1345 2002 1424 καρδίαν

351 1431 778 1512 ἀνυσιμώτατον,
839 1434 976 1491 ὥστε
1004 1435 1096 1491 τὸν
1124 1434 1222 1492 ’ίσα
1273 1437 1362 1492 καὶ
1417 1437 1606 1514 θηρσὶν
1665 1436 2000 1514 ἀγριαίνοντα

353 1518 607 1597 προϐάτῳ
671 1520 836 1589 δεῖξαι
907 1524 1006 1591 τὴν
1077 1525 1390 1602 ἡμερότητα
1459 1523 1854 1600 παραπλήσιον.
1930 1526 2000 1582 Τὸ

353 1609 667 1668 τελευταῖον
725 1613 936 1669 πάντων
995 1614 1150 1671 τοῦτο
1198 1614 1285 1671 καὶ
1327 1619 1536 1691 πρῶτον
1567 1614 1809 1694 ἀτεχνῶς
1842 1636 1999 1693 περι-

355 1701 709 1780 εκτικώτερον
767 1704 803 1770 ἡ
853 1712 984 1781 πρὸς
1031 1703 1230 1767 πάντας
1280 1701 1513 1778 ἀψευδὴς
1565 1703 1750 1781 ἀγάπη
1793 1705 1877 1760 καὶ
1926 1705 2003 1779 μὴ

2089 725 2148 780 et
2176 717 2503 780 moderatio
2531 739 2542 779 :
2594 727 2651 780 et
2695 717 2853 799 quod
2885 737 3018 780 cum
3053 718 3243 798 prima
3276 726 3435 780 esset
3465 718 3524 779 in
3555 716 3736 780 rebus

2087 808 2378 879 honestis,
2411 808 2599 870 nihilo
2629 808 2826 870 secius
2858 818 3014 870 esset
3054 810 3230 871 etiam
3289 809 3479 889 prima
3532 809 3593 870 in
3635 828 3730 885 eo,

2086 896 2244 978 quod
2275 907 2474 959 essent
2503 899 2636 978 ejus
2666 897 2959 960 moderati
2991 898 3255 979 spiritus.
3296 899 3578 978 Eugeniae
3610 900 3735 962 haec

2086 1006 2327 1068 quoque
2354 1002 2525 1050 erant
2553 987 2742 1067 signa,
2789 989 3004 1069 quibus
3049 989 3540 1069 cognoscebatur,
3577 990 3734 1069 quod

2086 1095 2219 1138 cum
2287 1077 2476 1157 prima
2529 1078 2797 1139 omnium
2844 1079 3074 1140 veniret
3115 1079 3187 1140 ad
3219 1096 3490 1158 synaxes,
3525 1097 3734 1140 rursus

2083 1166 2294 1228 ultima
2324 1166 2591 1228 omnium
2619 1167 2970 1243 recederet;
3007 1175 3298 1247 praeterea
3328 1185 3462 1228 vero
3487 1167 3736 1230 misere-

2083 1265 2248 1318 retur
2265 1257 2440 1318 etiam
2461 1257 3511 1338 cujuslibet,quialiquaafﬁciebatur
3533 1259 3733 1321 mode.

2083 1347 2234 1410 stia:
2299 1365 2436 1409 vere
2491 1355 2688 1408 autem
2750 1355 2806 1407 et
2863 1347 3100 1408 sincere
3152 1347 3436 1426 gauderet
3468 1366 3602 1408 cum
3660 1347 3736 1410 iis

2085 1435 2304 1517 quibus
2334 1444 2502 1498 erant
2533 1455 2630 1498 res
2661 1437 2962 1510 secundae,
2993 1436 3153 1516 quod
3187 1436 3430 1516 quidem
3457 1445 3547 1497 est
3577 1437 3732 1499 factu

2085 1525 2407 1588 difficillius
2439 1534 2683 1606 propter
2743 1525 3198 1607 malignitatem,
3265 1544 3396 1606 quae
3449 1525 3639 1588 oritur
3663 1546 3736 1588 ex

2084 1614 2346 1677 invidia:
2407 1613 2564 1694 quod
2624 1613 2871 1676 haberet
2924 1633 3290 1690 sermonem,
3346 1614 3418 1675 ad
3473 1615 3735 1694 cujusvis

2083 1703 2396 1766 irascentis
2427 1723 2528 1766 cor
2577 1702 2932 1779 sedandum,
2990 1705 3162 1784 longe
3218 1703 3729 1784 efficacissimum,

355 1792 523 1872 μέχρι
584 1791 814 1872 χειλέων
866 1795 1062 1850 ίστῶσα
1117 1796 1179 1850 τὸ
1235 1792 1470 1874 φίλτρον,
1544 1792 1680 1850 ἀλλὰ
1736 1795 1829 1850 καί
1895 1795 2001 1851 ἀπὸ

352 1881 528 1953 μέσης
560 1887 746 1962 ψυχῆς
779 1884 1111 1940 συνάπτουσα
1123 1931 1136 1946 ,

351 1971 469 2032 hoc
529 1978 678 2047 erat,
714 1979 772 2033 et
807 1971 1091 2052 primum,
1125 1982 1188 2034 et
1235 1971 1501 2035 omnium
1533 1989 1742 2035 revera
1789 1971 2272 2053 capacissimum,
2305 1990 2422 2033 non
2485 1971 2618 2032 ﬁcta
2673 1969 2734 2032 in
2768 1987 2978 2032 omnes
3027 1971 3308 2051 charitas,
3341 1979 3398 2032 et
3429 1989 3561 2052 quae
3619 1990 3736 2032 non

350 2077 620 2122 amorem
652 2060 725 2122 ad
763 2060 927 2123 labra
957 2080 1150 2142 usque
1175 2061 1446 2142 sistebat,
1475 2063 1581 2125 sed
1615 2063 1791 2125 etiam
1823 2081 1858 2123 a
1889 2061 2085 2125 media
2113 2062 2311 2123 anima
2343 2061 2678 2124 emanabat.

437 2149 542 2213 ιε’.
574 2151 646 2208 Οὐ
699 2151 835 2209 πολὺ
865 2153 926 2208 τὸ
981 2153 1034 2208 ἐν
1087 2153 1257 2228 μέσῳ,
1290 2156 1377 2210 καὶ
1411 2154 1566 2234 χάρις
1614 2154 1747 2230 αὐτῇ
1774 2154 1880 2211 τῶν
1909 2156 1998 2210 ία-

2165 2151 2292 2216 XV.
2347 2149 2475 2214 Non
2527 2151 2780 2212 multum
2833 2149 3170 2212 intercessit
3222 2150 3532 2230 temporis,
3573 2151 3736 2213 eiad

346 2241 534 2316 μάτων
595 2240 838 2320 ἐπιφοιτᾷ
896 2240 1016 2317 μεθ’
1071 2241 1204 2310 ὅσης
1271 2243 1366 2310 τῆς
1427 2243 1698 2321 ἀφθονίας,
1774 2242 1860 2300 καί
1917 2241 2000 2299 διὰ

2085 2258 2214 2302 eam
2246 2239 2498 2301 accessit
2520 2243 2708 2319 gratia
2737 2237 3114 2302 curationum
3147 2257 3282 2302 cum
3344 2239 3603 2300 maxima
3631 2258 3738 2301 co-

345 2337 508 2386 τοῦτο
561 2329 706 2393 ὅσοις
766 2330 829 2386 ἂν
861 2332 946 2386 καὶ
993 2330 1110 2388 κατ’
1143 2331 1423 2407 ἐπίσκεψιν
1469 2332 1622 2388 νόσου
1652 2329 2000 2406 παραϐεϐλή-

2084 2329 2206 2410 pia.
2271 2330 2344 2391 Et
2400 2329 2534 2392 ideo
2581 2330 2655 2392 ad
2707 2347 3101 2410 quoscunque
3162 2327 3488 2391 accedebat
3546 2329 3738 2392 morbi

349 2442 457 2490 κοι,
495 2421 591 2477 οὒκ
620 2422 680 2476 ὲκ
709 2429 800 2478 τοῦ
831 2418 1006 2498 λέγειν
1037 2423 1197 2496 μόνον
1228 2425 1412 2486 αὐτοῖς
1461 2420 1624 2480 ἐδίδου
1680 2423 1773 2486 τὰς
1822 2443 2000 2500 παρα-

2085 2419 2310 2481 visendi
2341 2419 2548 2499 gratia,
2583 2439 2700 2482 non
2723 2420 2918 2482 solum
2941 2437 3045 2481 eos
3069 2418 3264 2480 verbis
3290 2418 3732 2495 consolabatur,

346 2512 596 2589 κλήσεις,
657 2509 795 2566 ἀΙλὰ
847 2513 933 2565 καὶ
985 2518 1081 2567 τοῦ
1140 2509 1426 2574 λυποόντος
1479 2512 1620 2590 ἠφίει
1667 2512 1999 2586 νοσήματος.

2085 2509 2189 2569 sed
2223 2509 2398 2570 etiam
2431 2508 2720 2571 liberabat
2747 2527 2782 2570 a
2839 2507 3071 2588 morbo,
3103 2507 3205 2589 qui
3255 2526 3359 2569 eos
3409 2509 3733 2573 cruciabat.

352 2605 650 2674 Μιμοῦνται
709 2597 764 2654 δὲ
819 2600 984 2666 αὐτὴν
1041 2599 1140 2657 ὅσα
1199 2602 1328 2678 πρὸς
1386 2598 1604 2674 δύναμιν
1661 2607 1882 2678 Πρωτᾶς
1914 2602 2000 2656 καὶ

2084 2597 2224 2659 Eam
2262 2609 2460 2660 autem
2496 2598 2806 2663 imitantur
2837 2617 2940 2678 pro
2985 2596 3214 2659 viribus
3259 2599 3462 2658 Protas
3491 2606 3546 2660 et
3578 2597 3737 2678 Hya-

348 2687 656 2762 Ὑάκινθος,
715 2688 800 2754 οὒς
857 2691 946 2745 καὶ
979 2691 1007 2746 ὁ
1059 2688 1215 2768 λόγος
1248 2689 1446 2769 φθάσας
1498 2687 1787 2760 ἐδήλωσεν,
1823 2691 2000 2754 Οὕτως

2085 2688 2347 2762 cinthus,
2381 2688 2460 2751 de
2481 2689 2700 2769 quibus
2724 2697 2896 2750 antea
2917 2687 3198 2752 diximus.
3225 2688 3372 2751 Cum
3405 2689 3488 2748 sic
3515 2689 3738 2753 viveret

357 2780 606 2856 Ιοὲὖγενίας
661 2779 878 2854 βιούσης
940 2781 968 2835 ὁ
1015 2785 1112 2846 τῆς
1153 2785 1323 2853 μονῆς
1363 2782 1632 2858 προεστὼς
1665 2781 1800 2854 μετὰ
1829 2781 2000 2858 τρίτον

2088 2779 2374 2858 Eugenia,
2414 2777 2726 2858 praefectus
2784 2778 3128 2839 monasterii
3177 2777 3347 2839 tertio
3393 2784 3525 2854 post
3577 2797 3734 2841 anno

355 2867 477 2931 ἔτος
532 2867 810 2924 ἀπολείπει
867 2869 957 2925 τὸν
1013 2869 1148 2946 βίον,
1211 2867 1425 2928 Ἐκάλει
1475 2869 1527 2926 δὲ
1575 2871 1740 2936 αὗτὴν
1783 2872 1816 2937 ἡ
1848 2871 2000 2937 κοινὴ

2089 2867 2326 2928 excedit
2355 2886 2387 2928 e
2418 2868 2566 2929 vivis
2595 2891 2619 2940 ;
2651 2868 2838 2948 ipsam
2871 2885 3010 2929 vero
3042 2866 3291 2927 vocabat
3316 2865 3388 2927 ad
3418 2867 3733 2947 praefectu-

359 2961 468 3014 τῶν
498 2955 730 3038 ἀδελφῶν
781 2959 962 3038 ψῆφος
993 2961 1066 3024 εἰς
1123 2961 1444 3036 προστασίαν
1503 2961 1574 3022 ὡς
1635 2957 1776 3036 ἀνδρὶ
1831 2981 2000 3037 προσ-

2087 2974 2211 3017 ram
2244 2957 2492 3018 fratrum
2525 2975 2845 3019 commune
2875 2955 3243 3034 suffragium.
3277 2954 3419 3016 Eam
3443 2957 3602 3018 enim
3628 2975 3734 3037 pro

367 3046 602 3124 έχοντες,
675 3049 763 3104 καὶ
829 3050 890 3105 τὸ
945 3048 1044 3122 μὲν
1101 3051 1281 3126 περιὸν
1349 3053 1448 3115 τῆς
1519 3047 1710 3127 ἀρετῆς
1783 3046 1998 3123 εἰδότες,

2087 3045 2211 3106 viro
2244 3044 2545 3107 habebant
2575 3055 2634 3107 et.
2665 3047 2936 3107 virtutem
2988 3045 3231 3125 quidem
3268 3044 3568 3120 videbant,
3603 3065 3735 3126 qua}

362 3137 633 3213 ἀγνοῦντες
692 3135 747 3194 δὲ
803 3140 864 3194 τὸ
919 3138 1047 3216 παρ’
1103 3141 1237 3215 αὐτῇ
1281 3139 1672 3218 κρυπτόμενον.
1732 3136 2000 3215 Λαμϐάνει

2086 3135 2298 3216 inerat,
2363 3135 2716 3214 ignorabant
2779 3143 2975 3198 autem
3038 3135 3123 3209 id,
3181 3137 3340 3214 quod
3389 3134 3543 3214 apud
3598 3153 3730 3198 eam

355 3233 482 3302 γοῦν
538 3226 696 3305 φόϐος
753 3227 960 3295 ἐκείνην
1012 3229 1100 3284 καὶ
1153 3229 1366 3307 ἀπορίαο
1429 3226 1546 3285 οὔτε
1613 3229 1714 3306 γὰρ
1773 3241 2000 3307 γυναῖκα

2087 3226 2326 3288 latebat.
2364 3226 2527 3289 Illam
2562 3227 2762 3307 itaque
2795 3235 2986 3287 metus
3035 3224 3258 3286 invadit
3305 3233 3364 3285 et
3411 3223 3728 3288 dubitatio.

351 3315 515 3372 οὖσαν
571 3316 877 3393 προεστάνει
936 3316 1135 3395 ἀνδρῶν
1195 3316 1444 3389 ἐδικαίου,
1507 3319 1593 3374 καὶ
1651 3319 1710 3376 τὸ
1760 3315 2000 3395 παριδεῖν

2085 3315 2293 3395 Neque
2325 3317 2482 3378 enim
2511 3335 2744 3397 :equum
2778 3315 3082 3394 censebat,
3145 3321 3206 3374 ut
3262 3333 3394 3394 qua:
3441 3323 3598 3376 esset
3641 3315 3734 3377 fe-

347 3404 686 3485 ἂδελφότητα
755 3414 945 3470 κοινῶς
1004 3407 1243 3472 ἀξιοῦσαν
1315 3409 1781 3487 ἷσχυρογνώμονος
1858 3409 2000 3465 εἶναι

2089 3406 2270 3480 mina,
2299 3405 2437 3467 viris
2487 3415 2795 3487 praeesset,
2861 3413 2920 3465 et
2976 3405 3377 3465 communiter
3430 3412 3736 3467 vocantem

347 3496 440 3552 καὶ
472 3496 715 3561 ἀπειθοῠς
745 3497 969 3575 ἔκρινεν.
1028 3495 1243 3562 ’Ἔδοξεν
1303 3501 1390 3554 οὖν
1439 3499 1500 3555 ἐκ
1557 3506 1650 3555 τοῦ
1682 3496 2000 3576 Εὗαγγελίου

2087 3495 2398 3576 despicere
2427 3496 2883 3570 fraternitatem,
2914 3493 3223 3574 judicabat
3249 3511 3380 3555 esse
3411 3495 3736 3574 pervicacis

346 3585 402 3641 τί
462 3584 716 3650 ποιητέον
773 3589 986 3660 μαθεῖν,
1065 3593 1182 3661 Θεῷ
1235 3589 1294 3644 τὸ
1352 3586 1548 3653 ἄδηλον
1594 3587 1998 3665 ἐπιτρέψαντας.

2086 3594 2143 3646 et
2173 3586 2454 3648 obstinati
2497 3586 2702 3648 animi.
2740 3584 2947 3648 Visum
2981 3591 3242 3662 estergo
3298 3602 3368 3643 ex
3417 3581 3736 3662 Evangelio

349 3675 504 3732 Ἐπεὶ
557 3672 610 3730 δὲ
668 3675 1046 3756 ἀνεπτύσσετο,
1107 3678 1140 3744 ἡ
1199 3681 1500 3742 Δεσποτικη
1534 3678 1666 3743 αὕτη
1696 3677 2000 3750 θαυμασίως

2087 3674 2345 3755 discere,
2377 3675 2519 3752 quid
2555 3675 2876 3753 agendum,
2913 3677 3035 3737 Deo
3071 3673 3455 3752 permittente
3486 3673 3545 3734 id
3575 3674 3738 3753 quod

347 3767 627 3843 ὖπηχεϊτο
655 3767 830 3844 φωνήο
873 3789 899 3820 α
938 3766 1002 3823 Ei"
1033 3788 1114 3830 τις
1147 3765 1287 3822 θέλει
1323 3768 1378 3822 ἐν
1402 3769 1532 3841 ὑμῖν
1581 3766 1725 3822 εἶναι
1766 3771 1998 3842 πρῶτος,

2088 3772 2214 3825 erat
2248 3767 2537 3827 incertum
2571 3775 2629 3826 et
2659 3764 3004 3826 obscurum.
3039 3761 3356 3842 Postquam
3391 3771 3586 3824 autem
3630 3763 3740 3824 fuit

349 3854 495 3910 ἔστω
537 3855 750 3910 πάντων
793 3853 1019 3934 ἔσχατος
1067 3857 1152 3912 καὶ
1195 3857 1406 3912 πάντων
1443 3855 1709 3918 διάκονος,
1743 3878 1770 3909 n
1807 3855 2000 3912 Τούτου

2088 3854 2470 3934 explicatum,
2519 3853 2956 3915 admirabiliter
2985 3854 3110 3914 haec
3141 3869 3249 3912 vox
3290 3850 3527 3914 Domini
3565 3869 3736 3913 reso-

348 3945 599 4023 ῥηθέντος
649 3946 748 4012 την
803 3944 902 4020 μὲν
930 3947 1252 4023 προστασίαν
1291 3945 1606 4026 ὑπέρχεται,
1641 3946 1730 4000 καὶ
1761 3944 1839 4019 μὴ
1869 3946 2000 4020 βου-

2089 3941 2306 4003 nabat:
2353 3963 2380 4002 α
2413 3943 2473 4004 Si
2528 3945 2658 4022 quis
2704 3943 2829 4005 vult
2876 3943 3032 4005 inter
3079 3962 3184 4006 vos
3214 3960 3345 4004 esse
3379 3940 3628 4020 primus,
3662 3942 3738 4002 sit

349 4034 584 4112 λομὲνη,
615 4036 714 4100 τῆς
745 4032 1011 4098 διακονίας
1061 4033 1115 4091 δὲ
1154 4034 1256 4103 ὅλη
1308 4037 1394 4092 καὶ
1439 4033 1605 4097 οὕτως
1635 4034 1828 4090 ἐκουσα
1863 4036 2000 4111 γίνε-

2087 4035 2352 4092 omnium
2409 4031 2678 4105 ultimus,
2727 4041 2787 4095 et
2837 4032 3103 4094 omnium
3161 4032 3432 4093 minister
3460 4031 3508 4090 4.
3549 4055 3575 4086 »
3613 4029 3738 4091 Ηοο

349 4145 465 4198 ται,
518 4125 566 4180 τί
625 4125 701 4198 μὴ
752 4133 976 4182 ποιοῦσα
1007 4131 1113 4180 τῶν
1162 4125 1389 4182 εὖτελῶν
1420 4128 1509 4182 καὶ
1533 4123 1621 4181 ὑπ’
1652 4123 1824 4179 αὐτῶν
1858 4121 1996 4188 ὅλως

2081 4120 2257 4192 dicto,
2313 4119 2720 4198 praefecturam
2778 4119 3019 4200 quidem
3070 4119 3230 4180 subit
3285 4119 3373 4178 vel
3404 4117 3632 4180 invita:
3671 4134 3736 4180 se

349 4219 459 4269 τῶν
532 4216 733 4284 μικρῶν
796 4212 1248 4289 ἀπαξιουμένωνς
1323 4213 1457 4294 ὕδωρ
1525 4213 1839 4280 ἐξαντλοῦσα
1907 4222 1998 4272 τοῦ

2081 4217 2275 4271 autem
2312 4209 2395 4269 sic
2428 4207 2603 4270 etiam
2637 4208 2736 4269 dat
2767 4217 2948 4270 totam
2982 4208 3053 4269 ad
3081 4207 3560 4282 ministrandurn,
3587 4205 3733 4286 quid

347 4302 599 4384 φρέατος,
663 4303 832 4359 οἷγὶαν
889 4302 1160 4380 σαίρουσα,
1223 4303 1346 4371 ξύλα
1397 4302 1666 4361 διακλῶσα
1699 4303 1875 4382 χερσὶ,
1911 4303 1998 4358 καὶ

2082 4317 2201 4358 non
2234 4297 2456 4359 faciens
2487 4298 2824 4375 indignum,
2861 4306 2919 4359 et
2979 4316 3112 4378 quae
3169 4296 3371 4368 etiam,
3433 4295 3536 4373 qui
3597 4303 3736 4356 sunt

346 4391 522 4449 τᾶλλα
579 4392 751 4449 πάντα
811 4391 910 4447 ὅσα
969 4391 1175 4464 μᾶλλον
1227 4401 1334 4449 τῶν
1386 4392 1684 4474 ἐλαχίστων
1714 4395 1831 4449 ἔστί
1861 4391 2000 4448 κατὰ

2082 4388 2230 4448 viles
2291 4397 2349 4448 et
2404 4387 2644 4466 abjecti,
2707 4387 2904 4449 facere
2969 4385 3659 4474 dedignantur?aquam
3701 4403 3734 4445 e

345 4479 584 4549 σπουδὴν
639 4481 965 4559 πράττουσα·
1029 4482 1166 4538 ὥστε
1213 4485 1302 4540 καὶ
1352 4473 1582 4561 θυρωρὸς
1638 4483 1780 4538 εἶναι
1833 4480 2000 4537 διὰτὸ

2084 4488 2262 4557 puteo
2296 4477 2611 4551 effodiens,
2641 4477 2883 4539 domum
2925 4495 3192 4552 verrens,
3249 4475 3524 4538 manibus
3574 4473 3734 4552 ligna

344 4573 483 4648 πρὸς
513 4573 612 4638 τὴν
635 4568 856 4636 ἓντολὴν
881 4570 1282 4628 εὖπειθέστατον
1310 4571 1462 4640 ἡδέος
1493 4570 1797 4652 ἀνέχεσθαι.

2083 4566 2386 4647 frangens,
2423 4575 2482 4630 et
2511 4567 2624 4629 alia
2651 4569 2874 4644 omnia,
2909 4587 3044 4648 qum
3094 4576 3231 4628 sunt
3265 4566 3534 4641 minima,
3591 4563 3734 4624 dili-

346 4667 562 4739 genter
589 4657 810 4720 faciens
848 4675 861 4720 :
919 4658 1070 4721 adeo
1097 4667 1166 4722 ut
1210 4658 1386 4724 etiam
1420 4677 1551 4723 esse
1592 4659 1918 4740 janitorem
1949 4656 2213 4720 libenter
2269 4658 2618 4731 sustineret,
2659 4665 2974 4737 propterea
3010 4657 3168 4737 quod
3228 4664 3522 4737 praecepto
3553 4671 3732 4735 pare-

345 4757 445 4813 ret
475 4748 892 4812 libentissime.

437 4841 560 4914 ις’.
595 4837 744 4896 Οὕτω
773 4839 833 4893 τὸ
864 4861 1074 4916 μετριον
1133 4839 1483 4920 διαφερόντως
1544 4841 1850 4913 ἀσκήσασα,
1914 4838 2000 4895 καὶ

2164 4836 2315 4899 XVI.
2377 4836 2522 4898 Cum
2579 4837 2668 4898 sic
2742 4855 2881 4915 ergo
2969 4837 3281 4913 insigniter
3366 4835 3744 4898 exercuisset

2083 1793 2232 1855 adeo
2289 1802 2349 1854 ut
2402 1795 2501 1874 qui
2549 1812 2667 1855 non
2700 1810 2876 1855 secus
2907 1812 2972 1854 ac
3006 1793 3148 1854 ferae
3180 1793 3562 1867 etferabatur,
3607 1795 3738 1873 ejus

2023 1890 2062 1940 Β
2084 1882 2177 1944 ovi
2206 1881 2464 1944 similem
2491 1881 2771 1944 redderet
2797 1882 3336 1944 mansuetudinem.
3363 1881 3736 1944 Postremum

348 4931 494 4989 οὕτω
525 4929 621 4984 κάν
651 4934 718 5005 τῇ
755 4930 1046 5006 προστασίᾳ
1094 4931 1250 4987 πάλιν
1310 4937 1610 5011 περιφανῶς
1650 4928 1997 5004 διαλάμψασα

349 5019 546 5100 εἴχετο
598 5019 686 5074 καὶ
742 5015 818 5073 ἔτι
872 5023 970 5084 τῆς
1025 5022 1156 5096 πρὸς
1199 5021 1326 5078 Θεὸν
1372 5021 1656 5099 φερούσης,
1691 5018 1870 5076 Ὅσων
1903 5017 1998 5093 μὲν

350 5112 446 5168 οὖν
499 5108 778 5182 θαυμάτων
827 5109 1114 5187 αὐτουργὸς
1155 5109 1372 5188 γέγονεν
1402 5112 1580 5188 ἐτέρου
1613 5109 1838 5165 δεῖσθαι’
1873 5128 1999 5164 και-

356 5206 452 5279 ροῦ
520 5201 734 5277 σχολῆς
799 5215 858 5251 τε
907 5195 1036 5262 ἰδίας
1081 5201 1175 5254 τοῧ
1235 5201 1546 5279 πράγματος
1609 5197 1860 5274 δεομένου
1915 5197 2002 5252 καὶ

353 5287 535 5353 ἄλλως
566 5288 849 5369 φεύγοντος
877 5293 970 5344 τοῦ
1013 5287 1173 5367 λόγου
1218 5291 1278 5346 τὸ
1320 5297 1494 5366 μῆκος
1526 5287 1611 5345 διὰ
1666 5289 1758 5345 τὸν
1815 5287 1994 5365 κόρον⁶

348 5379 384 5434 ὃ
415 5375 470 5434 δὲ
498 5379 586 5435 καὶ
615 5375 732 5432 λίαν
765 5373 1059 5452 ἀναγκαῖον
1090 5379 1266 5435 εἰπεῖν
1323 5381 1408 5438 καὶ
1450 5381 1478 5437 ὃ
1537 5378 1818 5458 μαρτυρίου
1848 5375 2000 5440 τέλος

436 5539 468 5587 4
495 5536 700 5602 Matth.
734 5553 833 5614 xx,
866 5537 966 5615 26,
1053 5541 1086 5589 5
1117 5538 1374 5623 Philipp.
1410 5557 1496 5618 ιιι,
1532 5542 1629 5603 13.

2083 4927 2579 5007 moderationem,
2609 4935 2668 4988 et
2718 4928 2773 4988 in
2809 4927 3165 5005 praefectura
3196 4944 3405 4987 rursus
3455 4924 3731 5005 resplen-

2083 5017 2327 5096 duisset,
2391 5014 2701 5076 insistebat
2755 5017 2932 5076 etiam
2995 5017 3052 5076 in
3113 5015 3226 5088 via,
3280 5033 3416 5091 qua:
3463 5014 3631 5075 ducit
3660 5014 3732 5076 ad

2084 5109 2296 5185 Deum,
2335 5129 2360 5161 α
2397 5105 2467 5166 ad
2525 5105 2820 5166 anteriora
2873 5105 3135 5185 quidem,
3191 5113 3254 5165 ut
3297 5104 3533 5165 divinus
3587 5104 3736 5164 dicit

2084 5195 2301 5258 Paulus
2321 5198 2372 5269 δ,
2407 5213 2472 5255 se
2503 5194 2850 5269 extendens,
2886 5212 3092 5257 eorum
3126 5203 3354 5268 autem,
3403 5213 3539 5270 quae
3566 5202 3731 5255 retro

2084 5294 2273 5359 erant,
2309 5284 2666 5346 obliviscens
2698 5291 2941 5364 propter
2987 5295 3317 5365 promptam
3369 5293 3426 5345 et
3467 5285 3730 5345 alacrem

2085 5374 2492 5456 operationem
2519 5374 2846 5454 (9).Alque
2903 5392 3076 5455 quam
3109 5375 3296 5438 multa
3349 5373 3590 5454 quidem
3640 5370 3733 5433 fe-

435 5654 520 5737 (2)
583 5654 782 5719 Verba
828 5655 976 5734 haec,
1011 5657 1092 5720 ad
1154 5659 1465 5722 anteriora
1530 5659 1878 5741 quidem...
1933 5660 2196 5725 alacrem
2247 5662 2683 5744 operationem,
2718 5659 2936 5722 desunt
2965 5659 3026 5720 in
3086 5658 3488 5737 manuscripto
3522 5662 3726 5718 nostro

350 5735 522 5806 Eutr.
