4148 6414
434 368 548 441 6'27

1746 371 1907 436 ΜΕΝ
1914 372 2025 436 SIS
2068 370 2494 434 DECEMBER.

3696 368 3813 436 628

431 506 581 569 cerit
610 503 922 583 miracula,
986 522 1230 570 narrare
1279 511 1365 568 est
1408 505 1654 568 alterius
1704 508 1989 586 temporis
2021 515 2077 568 et

2168 507 2444 564 Ξικολουθεῖ
2478 508 2561 563 καῖ
2594 507 2687 563 τὸν
2717 507 2896 583 εἱρμὸν
2926 503 3214 586 ἀκόλουθον
3270 506 3388 586 ἔχει
3447 510 3564 569 τοῖς
3597 504 3805 586 ἐφεξῆς,

431 599 655 679 operis,
690 598 843 678 quod
882 598 1186 678 proprium
1242 597 1497 673 postulat
1536 596 1761 657 otium:
1824 596 2078 658 maxime

430 706 566 749 cum
601 696 842 768 propter
873 687 1204 749 satietatem
1238 686 1426 747 oratio
1461 685 1602 746 vitet
1654 685 2071 766 prolixitatem.

430 776 598 850 Quod
631 795 770 839 vero
802 786 860 838 et
888 778 1048 838 dictu
1081 784 1171 839 est
1221 776 1416 847 facile,
1465 782 1520 836 et
1563 778 1655 836 cui
1703 793 2077 855 consequens

432 875 523 929 est
558 867 690 928 finis
723 866 1010 947 martyrii,
1045 874 1100 927 et
1131 867 1309 927 habet
1346 864 1565 926 seriem
1609 875 2073 945 consequentum

429 956 504 1017 iis
532 973 663 1036 quae
693 956 980 1036 deinceps
1002 963 1355 1035 sequuntur,
1381 955 1492 1016 hoc
1510 955 1634 1034 jam
1659 954 1912 1016 dicetur.
1942 953 2076 1015 Erat

426 1044 806 1108 Alexandria
859 1044 1129 1121 quaedam
1181 1044 1418 1123 mulier,
1455 1043 1696 1105 nomine
1726 1044 2070 1119 Melanthia,

428 1150 558 1215 quae
584 1133 894 1195 facultates
920 1133 1160 1215 quidem
1185 1131 1444 1194 habebat
1467 1131 1788 1194 multorum
1817 1132 2034 1193 talento
2054 1165 2073 1178 -

423 1242 583 1298 rum,
623 1222 727 1285 Dei
759 1232 955 1286 autem
985 1223 1217 1285 timoris
1247 1232 1306 1284 et
1332 1222 1561 1284 virtutis
1595 1229 1719 1283 erat
1746 1226 1942 1301 inops.
1996 1221 2077 1283 Ea

427 1331 562 1375 cum
593 1312 912 1395 aliquando
945 1331 976 1373 a
1003 1312 1285 1373 diuturno
1317 1319 1373 1374 et
1404 1311 1566 1391 gravi
1600 1311 1808 1373 morbo
1839 1316 2078 1391 arrepta

428 1409 587 1465 esset
619 1403 770 1482 (erat
801 1405 959 1464 enim
992 1403 1231 1478 horror,
1265 1409 1478 1482 quarto
1509 1420 1747 1480 quoque
1783 1400 1880 1461 die
1911 1419 2077 1462 acce-

428 1492 629 1571 dens),
684 1491 785 1552 ubi
844 1493 997 1553 fama
1041 1491 1114 1551 ad
1175 1509 1305 1552 eam
1364 1490 1640 1571 pervasit,
1697 1508 1829 1552 esse
1889 1491 2073 1550 virum

427 1580 748 1662 quemdam
780 1579 1025 1642 nomine
1062 1580 1303 1660 quidem
1339 1579 1694 1658 Eugenium,
1729 1580 1846 1639 vita
1878 1588 2074 1641 autem

430 1669 711 1732 omnibus
741 1669 1186 1738 admirandum,
1230 1669 1331 1750 qui
1381 1668 1552 1730 facile
1605 1669 1776 1730 solvit
1839 1669 2079 1731 morbos

427 1759 722 1834 difﬁciles,
775 1759 971 1820 statim
1024 1757 1305 1821 omnibus
1335 1757 1469 1819 aliis
1513 1757 1766 1831 omissis,
1824 1758 2078 1819 maxima

429 1848 735 1911 celeritate
760 1849 917 1909 venit
945 1847 1015 1908 ad
1073 1847 1525 1921 monasterium,
1578 1855 1636 1908 et
1689 1847 2138 1930 vehementerB

425 1949 617 2018 rogat,
640 1946 705 1999 ut
724 1937 1017 2000 liberetur
1042 1955 1075 1998 a
1102 1937 1289 2016 plaga,
1320 1955 1451 2017 qum
1478 1955 1610 1997 eam
1640 1938 1875 2017 premit.
1909 1939 2081 1999 Mise-

428 2026 686 2089 ricordia
722 2028 922 2105 itaque
978 2035 1251 2090 movetur
1287 2025 1589 2103 Eugenia:
1650 2034 1708 2087 et
1760 2046 1895 2089 cum
1947 2047 2077 2090 eam

426 2126 631 2180 sancto
691 2117 825 2179 oleo
884 2117 1107 2179 sanctis
1150 2117 1423 2177 unxisset
1472 2116 1766 2196 manibus,
1813 2117 2081 2196 protinus

428 2207 637 2282 officit,
691 2216 758 2268 ut
809 2215 1042 2268 evomat
1094 2207 1401 2267 materiam
1455 2205 1644 2267 morbi
1696 2207 2075 2269 eﬂicientem.

428 2294 645 2377 Sicque
667 2295 980 2358 Melantliia
1007 2314 1155 2377 pure
1174 2304 1492 2358 consecuta
1516 2296 1854 2376 sanitatem,
1879 2298 2081 2359 valens

427 2385 668 2465 quidem
701 2386 1059 2448 revertitur:
1117 2391 1276 2446 venit
1319 2395 1516 2446 autem
1551 2385 1622 2446 ad
1658 2387 1973 2465 quemdam
2009 2404 2077 2447 ex

428 2476 553 2536 suis
584 2475 760 2552 agris,
794 2476 896 2555 qui
929 2475 1102 2536 etiam
1137 2482 1261 2536 erat
1291 2492 1474 2555 prope
1530 2475 1971 2539 monasterium.
2022 2483 2080 2537 et

428 2581 547 2625 non
587 2564 772 2625 multo
806 2572 936 2644 post
964 2572 1257 2645 tempore,
1294 2581 1430 2625 cum
1464 2581 1533 2623 ex
1577 2564 1784 2643 pulcro
1825 2572 1883 2625 et
1933 2582 2078 2643 puro

430 2660 675 2733 argento
708 2653 823 2716 tria
858 2670 990 2716 vasa
1018 2652 1400 2727 confecisset,
1437 2671 1506 2714 ea
1537 2655 1715 2713 mittit
1762 2653 1833 2713 ad
1883 2652 2076 2731 Euge-

428 2742 615 2817 niam,
650 2742 998 2805 monasterii
1027 2743 1137 2804 aedi
1187 2743 1461 2804 oratoriae
1506 2761 1574 2804 ea
1607 2741 1762 2803 dona
1793 2741 2080 2804 dedicans

430 2848 539 2913 pro
570 2832 890 2912 gratiarum
923 2834 1179 2895 actione.
1224 2832 1367 2895 Cum
1425 2840 1620 2894 autem
1657 2850 1871 2893 munus
1904 2831 2075 2893 obla-

2161 604 2312 653 τοῦτο
2374 594 2428 652 δὲ
2489 597 2575 651 καὶ
2622 595 2970 673 λεχθήσεται.
3031 585 3128 650 Ἦν
3188 616 3264 655 τις
3331 585 3390 650 ἓν
3450 593 3813 672 Ἀλεξανδρείᾳ

2162 687 2293 763 γυνὴ
2325 684 2555 758 τοῦνομα
2589 684 2848 743 Μελανθία
2881 683 3277 747 πολυταλαντος
3309 684 3408 759 μὲν
3447 685 3548 752 τὴν
3605 685 3807 749 οὗσίαν,

2160 774 2325 855 φόϐου
2352 773 2405 831 δὲ
2436 776 2573 831 θείου
2604 775 2690 831 καὶ
2720 774 2920 852 ἀρετῶν
2952 771 3137 839 ἐνδεῶς
3194 773 3418 853 ἔχουσα,
3479 773 3622 842 Αῧτη
3679 776 3809 831 ποτὲ

2160 867 2361 943 χρονίῳ
2386 864 2646 938 νοσήματι
2679 866 2767 920 καὶ
2821 864 2979 941 βαρεῖ
3037 861 3307 943 ληφθεῖσα
3363 864 3527 941 (ῥίγος
3593 864 3694 942 γὰρ
3742 865 3811 932 ἧν

2159 955 2219 1010 τὸ
2249 951 2333 1010 διὰ
2394 954 2648 1025 τετάρτης
2706 952 3085 1029 ἐπισμαϊνον),
3144 951 3329 1021 ἐπειδὴ
3388 950 3443 1007 δὲ
3505 955 3591 1009 καὶ
3647 954 3811 1020 criti,»

2160 1045 2192 1111 ἡ
2252 1044 2409 1124 φήμη
2470 1040 2888 1121 συμπεριέλαϐεν
2947 1041 3106 1121 ἄνδρα
3162 1043 3278 1099 τινὰ
3338 1043 3508 1121 εἶναι,

2157 1132 2349 1200 κλῆσιν
2409 1132 2673 1211 Εὒγὲνιον,
2735 1134 2828 1187 τὸν
2884 1132 2996 1208 βίον
3053 1132 3105 1186 δὲ
3157 1138 3318 1188 πᾶσιν
3387 1130 3808 1206 ἀξιοθαυμαστω

2161 1222 2225 1278 τὰ
2255 1220 2487 1299 δυσχερῆ
2520 1228 2624 1277 τῶν
2656 1222 2973 1296 νοσημάτων
3032 1222 3265 1301 εὖχερῶς
3325 1220 3537 1278 λύοντα·
3598 1243 3810 1298 παραυ-

2160 1314 2278 1367 τίκα
2309 1311 2477 1367 τᾶλλα
2524 1312 2696 1367 πάντα
2744 1310 3030 1391 σχολάζειν
3082 1311 3278 1389 ἀφεῖσα
3337 1318 3413 1385 τῷ
3474 1311 3815 1389 μοναστηρίῳ

2161 1404 2292 1478 πρὸς
2324 1401 2495 1480 τάχος
2529 1401 2774 1480 ἐπιφοιτᾶ
2806 1403 2890 1457 καὶ
2937 1401 3145 1480 θερμῶς
3178 1404 3404 1458 αἰτεῖται
3445 1402 3538 1470 τῆς
3595 1402 3814 1471 πιεζού-

2162 1498 2261 1557 σης
2295 1491 2552 1569 μάστιγος
2611 1492 2711 1557 τὴν
2770 1489 3082 1570 ἐλευθερίαν,
3146 1491 3344 1553 Οἰκτος
3404 1491 3492 1548 οὖν
3554 1489 3813 1565 λαμόανει

2160 1581 2256 1645 τὴν
2291 1582 2563 1657 Εὔγενίαν,
2597 1580 2684 1635 καὶ
2712 1586 2789 1653 τῷ
2819 1580 2954 1658 ἁγίῳ
3001 1580 3197 1646 ταύτην
3230 1578 3389 1637 ὲλαίω
3438 1580 3612 1658 ἁγίαις
3661 1581 3817 1659 χερσὶ

2164 1669 2539 1748 περιχρίσασα,
2614 1674 2950 1748 παραχρῆμα
3033 1669 3132 1725 τὶν
3213 1670 3496 1726 νοσσποιὸν
3570 1667 3815 1744 ἐξεμέσαι

2159 1755 2293 1824 ὕλην
2350 1771 2518 1831 ποιεῖ,
2580 1758 2666 1814 καὶ
2725 1757 2890 1819 οὕτως
2941 1761 2973 1826 ἡ
3016 1756 3278 1814 Μελανθία
3313 1762 3543 1836 καθαρᾶς
3582 1767 3817 1837 τυχοῦσα

2161 1853 2261 1914 τῆς
2314 1849 2513 1925 ὑγιείας
2576 1847 2790 1903 ἐπάνεσι
2852 1847 2949 1922 μὲν
3011 1846 3304 1926 ἐρρωμένη,
3376 1850 3506 1925 πρὸς
3578 1870 3693 1904 τινα
3760 1845 3814 1903 δὲ

2164 1943 2266 1993 τῶν
2321 1937 2518 2003 ταύτης
2578 1936 2755 2014 ἀργῶν
2813 1934 2872 1999 ὅς
2930 1937 3017 1992 καὶ
3074 1942 3142 2011 τῇ
3203 1941 3342 2009 μονῆ
3403 1940 3719 2013 ἐγγειτονῶν
3748 1939 3814 2004 ῆν

3561 1043 3664 1109 τῆν
3714 1048 3811 1116 μὲν

2162 2027 2532 2106 παραγίνεται,
2598 2024 2693 2080 καί
2765 2026 2880 2101 μετ’
2957 2025 3014 2081 οὒ
3087 2024 3222 2081 πολὺ
3288 2026 3534 2103 ἀργυρίου
3599 2023 3817 2104 φαιδροῦ

2161 2116 2277 2192 τρία
2326 2115 2488 2181 σκεύη
2542 2114 2848 2193 φιλοκάλως
2908 2113 3190 2182 ἀσκήσασα
3240 2113 3442 2188 πέμπει
3472 2114 3539 2189 τῇ
3573 2114 3818 2192 Εὖγενίφ,

2163 2211 2240 2278 τῷ
2298 2204 2559 2282 εὖκτηρίῳ
2608 2202 2763 2269 δῆθεν
2820 2208 2919 2270 τῆς
2977 2203 3143 2277 μονῆς
3198 2201 3301 2277 οἵῳ
3330 2202 3471 2275 δῶρα
3496 2206 3817 2262 καθοσιοῦσα

2163 2295 2570 2373 εὖχαριστήρια.
2634 2294 2719 2361 Μὴ
2782 2291 3143 2371 προσιεμένης
3204 2290 3259 2348 δὲ
3310 2293 3409 2360 τὴν
3455 2296 3816 2371 προσαγωγὴν

2162 2383 2384 2462 ξέφασκε
2415 2392 2521 2460 γὰρ
2553 2386 2611 2441 οὔ
2659 2381 2910 2450 λυσιτελῆ
2968 2394 3238 2461 μοναχοτς
3295 2383 3435 2438 εἶναι
3481 2381 3590 2439 οὐδ’
3624 2384 3818 2440 οἰκείαν

2162 2473 2256 2540 τῆν
2290 2480 2380 2530 τοῦ
2409 2471 2634 2549 ἀργύρου
2665 2471 2875 2543 κτῆσιν,
2912 2469 3049 2525 ἀλλὰ
3081 2469 3290 2527 πωλεῖν
3339 2468 3422 2527 δεῖ
3473 2472 3561 2527 καὶ
3621 2474 3816 2537 πένησι

2163 2560 2426 2631 διανέμειν
2479 2561 2515 2628 ἢ
2576 2567 2753 2640 χρεῶν
2808 2558 2985 2623 ἄλλως
3044 2561 3193 2639 βάρει
3243 2558 3629 2640 πιεξομένοις),
3683 2565 3816 2627 αὕτη

2164 2652 2293 2727 πρὸς
2326 2650 2429 2717 τὴν
2455 2651 2705 2724 Εὗγενίαν
2736 2650 3060 2729 φοιτήσασα,
3096 2652 3188 2706 καί
3248 2652 3299 2707 τί
3357 2652 3487 2729 πρὸς
3540 2652 3706 2707 πειθὼ
3733 2651 3810 2724 μὴ

2163 2743 2381 2797 εἰποῦσα
2412 2737 2728 2819 ἥδραὶσασα,
2790 2741 2953 2796 πείθει
3013 2737 3201 2796 λαϐεῖν
3258 2742 3346 2797 καί
3402 2740 3673 2797 ἀναθεῖναι
3725 2740 3816 2796 τὸν

2164 2829 2402 2909 ἄργυρων
2432 2836 2510 2903 τῷ
2540 2836 2649 2903 ναῷ
2661 2879 2672 2891 ,

429 2929 556 2983 tum
591 2940 710 2983 non
744 2922 1085 2985 admitteret
1139 2920 1402 3000 (dicebat
1433 2921 1591 2983 enim
1648 2940 1766 2983 non
1799 2940 1933 2984 esse
1967 2920 2273 2983 monachis
2320 2918 2555 2992 utilem,
2589 2936 2788 2999 neque
2818 2917 3273 2981 convenientem
3322 2918 3553 2999 argenti
3585 2936 3821 2998 posses-

432 3009 688 3084 sionem,
726 3011 832 3073 sed
890 3029 1018 3073 eam
1054 3028 1186 3073 esse
1244 3011 1642 3075 vendendam.
1678 3020 1737 3072 et
1786 3011 2153 3092 pauperibus
2209 3008 2710 3087 distribuendam,
2742 3015 2843 3069 aut
2873 3008 2947 3070 iis
2995 3008 3097 3086 qui
3128 3007 3351 3089 aliquid
3403 3008 3824 3089 opprimuntur

431 3100 703 3179 pondere
753 3099 1147 3181 debitorum),
1184 3101 1312 3181 ipsa
1344 3120 1476 3162 cum
1509 3101 1770 3163 venisset
1812 3100 1885 3162 ad
1917 3100 2270 3179 Eugeniam,
2309 3107 2368 3160 et
2397 3098 2538 3177 quid
2574 3117 2692 3159 non
2746 3096 3015 3173 dixisset,
3052 3106 3151 3159 aut
3183 3097 3421 3160 fecisset
3449 3098 3522 3159 ad
3569 3115 3819 3177 persua-

428 3188 1077 3294 depdp'm,'pe.rsuadet
1105 3190 1452 3289 ut.accipiat
1484 3198 1818 3291 argentum,
1859 3199 1926 3288 et
1948 3197 2201 3270 reponat
2228 3187 2940 3294 initemploﬁdedicatum.

507 3276 692 3340 XVII.
728 3277 861 3338 Fuit
893 3286 1094 3339 autem
1143 3278 1331 3357 pietas
1375 3278 1605 3340 occasio
1642 3279 1985 3358 impietatis,
2021 3285 2135 3339 etc

426 3385 633 3429 verum
691 3376 783 3426 est
838 3367 896 3427 id
951 3367 1115 3444 quod
1174 3366 1313 3427 (-Iim
1370 3368 1590 3428 dictum
1641 3375 1751 3441 est,
1791 3386 1909 3428 non
1952 3385 2083 3429 esse

426 3456 614 3517 ullam
648 3472 775 3517 rem
810 3456 981 3516 alteri
1016 3464 1129 3516 tam
1166 3456 1551 3537 propinquam
1585 3474 1760 3537 quam
1810 3462 2082 3518 virtutem

424 3545 568 3607 vitio
599 3565 611 3602 :
663 3554 723 3606 et
771 3562 927 3626 saepe
958 3544 1171 3625 aliquis
1196 3546 1363 3624 juxta
1392 3564 1523 3607 eam
1572 3546 1815 3624 vadens,
1850 3548 2082 3625 impru-

431 3634 580 3696 dens
604 3633 944 3711 ingreditur
963 3640 1022 3694 in
1052 3639 1444 3695 contrarium.
1469 3634 1635 3707 Quod
1661 3638 1839 3696 etiam
1866 3635 2087 3696 accidit

425 3723 792 3786 Melanthite.
834 3722 1083 3785 Virtutis
1114 3724 1273 3785 enim
1307 3723 1556 3785 fortasse
1589 3724 1950 3785 mediocrem
1973 3743 2082 3785 cu-

425 3831 553 3874 ram
587 3830 825 3893 gerens,
883 3813 1259 3891 imprudens,
1314 3810 1594 3894 quoniam
1651 3823 1911 3875 mentem
1967 3831 2086 3875 non

427 3901 724 3972 adhibuit,
760 3901 833 3963 ad
868 3920 1162 3964 summam
1190 3902 1448 3964 deducta
1475 3902 1588 3964 fuit
1618 3902 2082 3981 improbitatem.

433 3989 569 4054 Jam
604 3991 763 4053 enim
822 3991 1036 4054 effecta
1083 3992 1414 4072 familiaris,
1473 4010 1606 4053 cum
1668 3993 1740 4053 ad
1796 4010 1925 4054 eam
1973 3992 2088 4054 iret

428 4080 691 4156 assidue,
727 4088 785 4143 et
810 4081 1006 4143 virum
1033 4081 1269 4143 videret
1296 4082 1497 4163 specie
1518 4084 1821 4162 juvenem,
1852 4089 1911 4141 et
1938 4082 2089 4144 facie

429 4171 782 4251 formosum,
816 4189 946 4233 eam
981 4170 1137 4233 subit
1189 4189 1359 4232 amor
1419 4190 1790 4252 nequaquam
1839 4172 2084 4251 quidem

428 4260 742 4323 illiberalis
768 4278 783 4323 ε
818 4268 877 4323 et
900 4260 1183 4341 paulatim
1204 4260 1661 4322 rlemulcebatur
1684 4263 1814 4340 ejus
1845 4271 1899 4320 et
1930 4261 2085 4323 deli-

432 4349 714 4412 niebatur
732 4349 1215 4430 animus,deinde
1230 4350 1405 4410 etiam
1431 4351 1601 4412 valde
1623 4351 2083 4425 accendebatur,

430 4450 495 4500 ut
550 4457 680 4519 quas
739 4440 1106 4500 existimaret
1154 4437 1473 4516 Eugeniam
1527 4458 1599 4500 ne
1632 4456 1806 4517 posse
1842 4440 2084 4520 quidem

435 4544 674 4608 semper
704 4543 839 4588 esse
890 4534 1137 4608 castam,
1170 4529 1273 4589 sed
1334 4546 1527 4607 neque
1562 4528 1753 4589 morbi
1802 4529 2082 4609 p0pu|sa-

2171 4534 2407 4606 μαγικῆς
2438 4530 2524 4585 καί
2556 4529 2821 4586 ἁντιθέτου
2861 4528 3132 4604 δυνάμεως
3168 4548 3185 4567 ·

434 4614 659 4677 tionem
718 4614 936 4675 divina;
993 4614 1177 4675 fuisse
1231 4615 1456 4693 gratim,
1518 4613 1625 4676 sed
1681 4615 1825 4677 artis
1891 4617 2087 4697 potius

436 4702 702 4782 magicas,
760 4711 820 4763 et
866 4702 1092 4764 inimici
1140 4704 1439 4783 potentiae.
1483 4703 1620 4766 Haec
1662 4724 1793 4786 quae
1822 4724 1927 4767 cor
1957 4707 2088 4786 ejus

436 4801 887 4873 occupaverant,
951 4801 1008 4853 et
1062 4794 1383 4855 vehemens
1438 4796 1677 4856 flamma
1734 4796 1977 4871 amoris,
2029 4805 2090 4858 et

436 4883 630 4963 gravis
659 4881 1067 4958 incredulitas,
1103 4884 1485 4965 persuadent,
1519 4894 1579 4945 ut
1612 4885 1801 4948 audax
1859 4885 2087 4947 facinus

437 4971 835 5050 aggrediatur,
871 4980 929 5033 et
957 4990 1054 5034 res
1086 4974 1464 5035 tenebrarum
1510 4975 1697 5036 libere
1746 4975 2082 5056 eloquetur,

2241 3277 2343 3340 IZ'.
2409 3273 2504 3333 Ἦν
2556 3276 2611 3332 δὲ
2658 3276 2756 3355 ἄρα
2806 3282 2905 3344 τῆς
2936 3275 3178 3342 ἀσεϐείας
3210 3277 3451 3339 ὁπόθεσις
3483 3278 3517 3344 ἡ
3550 3273 3812 3357 εὒσέϐεια,

2167 3368 2251 3425 καὶ
2309 3367 2501 3433 ἀληθὲς
2559 3368 2620 3423 τὸ
2678 3366 2841 3422 πάλαι
2900 3368 3076 3445 ῥηθὲν,
3134 3366 3214 3423 ὅτι
3265 3363 3411 3424 οὒδὲν
3446 3365 3651 3443 ἐγγίζον
3683 3364 3817 3424 ἄλλο

2166 3459 2298 3537 πρὸς
2358 3456 2538 3533 ἕτερον
2592 3459 2663 3518 ὡς
2716 3456 2877 3531 ἀρετὴ
2909 3458 3040 3534 πρὸς
3073 3459 3282 3513 κακία-ο·
3314 3454 3411 3512 καῖ
3443 3454 3701 3518 πολλάκις
3736 3478 3819 3520 τις

2167 3547 2309 3624 παρὰ
2367 3546 2564 3612 ταύτην
2623 3543 2844 3615 ϐαδίζων
2900 3550 2997 3614 τῆς
3050 3544 3290 3608 ἐναντίας
3352 3543 3525 3601 λαθὼν
3572 3544 3707 3601 εἴσω
3735 3545 3821 3623 γέ·

2167 3652 2340 3715 γονεν”
2407 3635 2452 3710 ᾧ
2508 3632 2572 3702 δὴ
2627 3635 2714 3690 καὶ
2771 3634 3034 3692 Μελανθία
3105 3634 3516 3708 συμπέπτωκεν.
3592 3632 3816 3713 Ἀρετῆς

2167 3727 2267 3803 γὰρ
2298 3724 2431 3789 ἴσως
2461 3725 2688 3802 μετρίως
2732 3725 3071 3803 φροντίζουσα
3130 3724 3321 3792 λέληθε
3375 3731 3452 3799 τῷ
3514 3726 3590 3800 μὴ
3641 3746 3813 3802 προσ-

2167 3814 2319 3894 έχειν
2377 3815 2468 3870 τὸν
2524 3820 2643 3870 νοῦν
2700 3815 2772 3879 εἰς
2822 3811 2981 3892 ἄκρον
3038 3815 3342 3895 μοχθηρίας
3390 3817 3807 3894 παρενεχθεῖσα.

2169 3901 2311 3970 ’Ἡδη
2344 3905 2443 3981 γὰρ
2475 3903 2705 3969 συνήθης
2736 3918 2992 3981 γεγονυῖα
3027 3907 3120 3960 καί
3156 3910 3397 3983 συνεχῶς
3446 3904 3590 3981 παρὰ
3621 3903 3819 3969 ταύτην

2167 3995 2337 4067 ἰοῦσα,
2404 3991 2562 4070 ἄνδρα
2617 4014 2675 4048 τε
2733 3995 2909 4070 ὁρῶσα
2967 4000 3043 4067 τῷ
3100 3993 3407 4073 φαινομένῳ
3451 3994 3701 4063 νεάζοντα
3730 3992 3818 4047 καὶ

2167 4081 2291 4158 ὄψιν
2363 4080 2688 4161 περικαλλῆ,
2763 4081 2891 4159 ἔρως
2953 4083 3118 4150 αὐτὴν
3189 4082 3492 4162 εἰσέρχεται
3568 4078 3819 4156 οὕμενουν

2169 4172 2389 4251 ἆγενὴς,
2420 4172 2506 4227 καὶ
2539 4172 2674 4226 κατὰ
2720 4173 2909 4250 μικρὸν
2965 4170 3209 4249 ἐθέλγετο
3266 4173 3365 4232 τὴν
3420 4171 3628 4251 ψυχήν.
3682 4170 3819 4227 Εἶτα

2168 4262 2257 4317 καὶ
2281 4262 2513 4340 ἰσχυρῶς
2547 4260 2867 4339 ἀνεφλέγετο
2920 4261 3202 4336 νομίζουσα
3260 4258 3389 4335 μηδ’
3449 4260 3513 4316 ἂν
3568 4259 3820 4338 Εοόγενὶιν

2170 4349 2407 4426 ἁγνεύειν
2467 4350 2595 4405 ποτὲ
2658 4349 2928 4430 δύνασθαι,
2990 4349 3125 4407 ἀλλὰ
3185 4349 3319 4425 μηδὲ
3382 4352 3479 4416 τὴν
3539 4354 3638 4416 τῆς
3670 4348 3825 4405 νόσου

2170 4442 2340 4518 φυγὴν
2397 4441 2586 4506 θεϊκῆς
2644 4440 2884 4517 γενέσθαι
2944 4440 3184 4519 χάριτος
3262 4438 3464 4518 τέχνης
3514 4436 3568 4494 δὲ
3619 4436 3823 4515 μᾶλλον

3238 4531 3412 4587 Ταῦτα
3458 4530 3553 4596 τὴν
3608 4526 3824 4603 καρδίαν

2169 4623 2332 4686 αὐτῆς
2389 4619 2686 4699 ἐπισχόντα
2737 4617 2866 4698 φλόξ
2925 4641 2981 4675 τε
3037 4626 3131 4676 τοῦ
3186 4619 3383 4691 ἔρωτος
3447 4616 3665 4698 χαλεπὴ
3732 4617 3821 4671 καὶ

2169 4709 2387 4765 ἀπιστία
2441 4707 2585 4776 δεινὴ
2640 4710 2872 4768 πείθουσι
2921 4710 3008 4765 καὶ
3065 4711 3206 4783 αὒτῷ
3237 4715 3313 4780 τῷ
3344 4707 3480 4785 ἔργῳ
3516 4704 3820 4779 ἓπιτῡλμῆ·

2169 4821 2257 4854 σαι
2289 4799 2378 4854 καὶ
2432 4798 2500 4855 τὰ
2537 4808 2628 4857 τοῦ
2682 4800 2904 4862 σκότους
2957 4797 3443 4877 παρρησιάσασθαι,
3490 4796 3670 4851 Δεινὸν
3718 4793 3818 4869 γὰρ

2168 4888 2253 4944 καὶ
2315 4886 2650 4963 ἰταμώτατον
2701 4887 2860 4968 ἔρως,
2919 4890 3005 4945 καὶ
3077 4890 3180 4967 οὺχ
3256 4886 3423 4949 οὕτως
3495 4881 3641 4941 οὒδὲν
3714 4888 3822 4937 τῶν

2170 4978 2461 5056 ἀνεφίκτων
2491 4977 2519 5032 ὃ
2550 4980 2627 5053 μὴ
2687 4977 2900 5055 ἐφικτὸν
2958 4979 3144 5049 ἶςκείνῳ
3196 4975 3346 5032 δοκεῖ
3398 4975 3485 5031 καί
3537 4974 3821 5046 ἀνύσιμον.

442 5061 560 5123 Res
592 5061 752 5121 enim
783 5064 978 5141 gravis
1035 5073 1124 5125 est
1150 5082 1323 5125 amor
1372 5074 1429 5125 et
1460 5065 2002 5145 impudentissima,
2034 5065 2241 5149 Neque
2288 5082 2388 5128 res
2421 5075 2511 5128 est
2541 5066 2665 5128 ulla
2713 5067 2864 5130 adeo
2897 5067 3059 5129 aditu
3106 5064 3388 5147 difﬁcilis,
3422 5064 3495 5126 ad
3551 5080 3729 5145 quam
3760 5079 3829 5123 se

439 5169 557 5212 non
593 5167 769 5230 posse
803 5153 1120 5231 pervenire
1153 5161 1211 5215 et
1243 5171 1374 5215 eam
1409 5154 1697 5233 consequi
1728 5154 2051 5219 existimet.

517 5237 725 5302 XVIII.
761 5240 907 5303 Cum
953 5242 1149 5322 itaque
1180 5243 1425 5321 degeret
1456 5244 1515 5303 in
1555 5247 1733 5323 agris,
1769 5252 1831 5303 ut
1861 5244 2084 5306 dictum

438 5340 529 5391 est
581 5328 794 5391 vicinis
855 5331 1239 5404 monasterio,
1305 5345 1361 5393 et
1395 5333 1845 5413 perturbatione
1901 5334 2081 5395 animi

443 5419 606 5482 valde
631 5420 884 5497 laboret,
917 5422 1159 5485 simulat
1190 5440 1253 5483 se
1277 5441 1529 5502 corpore
1553 5442 1683 5484 esse
1700 5432 1998 5504 aegrotum,
2029 5436 2087 5488 et

438 5508 778 5571 incredibili
811 5509 1119 5573 celeritate
1150 5512 1408 5573 accersit
1449 5511 1799 5587 Eugenium,
1853 5532 1967 5575 non
2010 5515 2081 5575 ti-

437 5605 596 5659 ctum
632 5599 789 5661 hunc
822 5600 1093 5661 morbum
1119 5603 1587 5676 curaturam,se.|
1624 5601 1751 5661 veri
1784 5609 1843 5662 et
1866 5604 2084 5665 occulti

442 5688 866 5753 miserabiliter
884 5689 1144 5752 futurum
1163 5691 1538 5773 participem.
1559 5690 1870 5772 Postquam
1886 5702 2080 5755 autem

2260 5244 2371 5303 IH'.
2413 5246 2748 5319 Διαιτωμένη
2808 5253 2935 5324 γοῦν
2991 5245 3048 5301 ἐν
3095 5248 3307 5325 ἀγροῖς,
3362 5249 3543 5322 ωσπερ
3576 5241 3824 5321 εἴρηται,

2176 5340 2373 5413 γείτοσι
2405 5336 2500 5403 τῆς
2533 5339 2702 5411 μονῆς
2761 5338 2849 5392 καὶ
2904 5337 3001 5403 τὴν
3061 5338 3247 5416 ψυχὴν
3307 5334 3507 5416 σφόδρα
3564 5336 3827 5390 παθαινοο

2169 5424 2305 5500 μένη
2391 5426 2638 5499 σώματος
2710 5425 2978 5482 ἂσθένειαν
3048 5427 3385 5504 ὑποκρίνεται
3456 5426 3545 5481 καὶ
3619 5423 3828 5497 ἀπίστῳ

2169 5515 2325 5592 τάχει
2358 5513 2711 5589 μετεκαλεϊτο
2744 5515 2841 5581 τὴν
2876 5515 3149 5593 Εὒγενίαν,
3208 5515 3266 5572 οὔ
3307 5516 3404 5583 τὴν
3461 5512 3827 5590 προσποίητον

2169 5606 2321 5659 νόσον
2383 5603 2691 5678 ἰασομένην,
2747 5602 2882 5660 ἀλλὰ
2945 5608 3042 5674 τῆς
3116 5603 3376 5682 ἀψευδοῦς
3451 5607 3539 5659 καὶ
3608 5606 3827 5682 κρυφίου

2168 5692 2416 5757 ἐλεεινῶς
2448 5695 2843 5766 γοινωνήσασα,
2911 5695 3059 5753 Ἐπεὶ
3116 5693 3171 5752 δὲ
3227 5696 3314 5753 καὶ
3371 5696 3433 5753 τὸ
3490 5693 3826 5769 ποθούμενον
