4148 6426
369 411 488 480 629

1547 411 2018 478 MARTYRIUM
2061 415 2122 478 S.
2172 413 2555 478 EUGENLE.

3623 409 3744 478 630

371 548 654 628 πρόσωπον
729 547 865 606 εἴσω
921 551 1086 626 θυρῶν
1145 549 1233 621 ἦν,
1303 549 1334 616 ἡ
1395 547 1678 628 Μελανθία,
1739 550 1800 604 τὸ
1851 549 2013 614 ποίθος

2101 567 2170 612 ea
2201 569 2374 631 quam
2413 550 2816 627 desiderabat,
2845 551 3032 614 iacies
3077 550 3186 614 fuit
3213 553 3368 614 intra
3395 549 3578 618 fores.
3609 554 3736 618 Me-

367 639 514 697 ’ένδον
555 638 890 719 φλεγμαῖνον
935 637 1028 694 οὒκ
1066 636 1350 715 ἐνεγκοῦσα
1379 639 1524 699 εὒθὺς
1581 637 1641 694 ἐκ
1685 637 1779 695 τοῧ
1834 661 2012 706 πονη-

372 737 465 808 ροῦ
519 735 784 806 θησαυροῦ
841 728 1103 803 πονηροὺς
1146 729 1369 806 προΐησι
1431 726 1644 804 λόγους,
1703 731 1793 784 καὶ
1829 735 2014 804 πρῶτα

369 815 472 892 μὲν
527 818 658 894 πρὸς
690 817 917 892 ἄθεσμον
970 815 1213 894 ἠπείγετο
1243 815 1404 890 μίξιν,
1456 816 1510 872 Εἰ
1561 815 1614 872 δὲ
1645 817 1723 891 μὴ
1776 818 2008 894 βούλοιο,

367 907 556 984 φησὶν,
603 906 739 962 ἀλλὰ
781 909 866 963 καὶ
931 907 1077 980 νόμῳ
1131 906 1308 984 γάμον.)
1363 904 1605 981 λήψομαί
1662 928 1721 962 σε
1778 908 2012 987 φανερῶς

367 998 444 1061 εἷς
493 994 672 1073 ἄνδρα,
719 998 805 1052 καὶ
857 996 1086 1053 πλούτου
1130 996 1304 1074 κύριος
1353 994 1449 1072 ἔσῃ
1507 994 1730 1075 πολλοῦ,
1787 1003 2012 1076 χρυσοῦ,

366 1085 619 1163 ἇργύρου,
669 1088 892 1151 ἐσθῆτος
950 1081 1297 1161 πολυτελοῦς,
1358 1082 1558 1160 ἀγρῶν,
1619 1089 1852 1155 κτηνῶν,
1914 1083 2013 1138 ἁν-

360 1172 661 1252 δραπόδων,
699 1173 816 1248 μεθ’
846 1177 920 1230 ὧν
971 1172 1103 1239 ἕξεις
1152 1171 1291 1245 κάμὲ
1345 1169 1538 1238 δούλην
1592 1172 1706 1228 ἀντ’
1739 1170 2012 1249 ἐλευθέρας

361 1265 455 1320 καὶ
488 1265 768 1340 ὸμοτίμου,
819 1264 908 1320 καὶ
951 1263 1145 1320 τούτων
1194 1259 1514 1326 ἀπολαύσεις
1565 1261 1778 1323 πάντως
1825 1263 2005 1338 αὐτὸς,

362 1354 478 1410 ἐπεῖ
512 1355 600 1410 καὶ
658 1353 842 1431 ἀνδρὸς
901 1353 1098 1431 ἔρημος
1145 1351 1254 1429 ἐγὼ
1294 1353 1382 1406 καὶ
1415 1349 1614 1406 παίδων
1657 1353 1745 1407 καὶ
1809 1373 2009 1430 συγγε-

363 1449 499 1505 νῶν.
537 1445 619 1504 Εἰς
651 1443 702 1499 τί
725 1444 824 1522 γὰρ
880 1443 968 1498 καὶ
1011 1439 1162 1504 ἄνθος
1207 1441 1453 1515 σώματος
1506 1439 1646 1496 οὕτω
1701 1439 1864 1498 καλὸν
1921 1443 2010 1499 καὶ

359 1533 480 1608 ὥρα
524 1531 797 1610 πάγκαλος
854 1531 1078 1600 ἀσκήσει
1133 1531 1222 1587 καὶ
1285 1529 1465 1592 πόνοις
1494 1528 1767 1604 τηκόμενα
1797 1528 2005 1602 διαμεί-

359 1643 450 1678 ναι
485 1641 504 1698 ;
553 1631 720 1682 Ταῦτα
779 1623 876 1689 τῆς
939 1619 1230 1684 Μελανθίας
1259 1621 1436 1696 θερμῷ
1465 1617 1558 1674 καί
1590 1632 1813 1699 συνεχεῖ
1844 1620 2010 1677 πνεύ-

361 1731 500 1785 ματι
543 1708 808 1778 δεξιούσης
843 1712 877 1778 ἡ
923 1710 1156 1785 μακαρία
1196 1708 1290 1764 καί
1337 1707 1449 1764 καθ’
1488 1707 1710 1766 ἕκαστον
1763 1710 1861 1784 μὲν
1905 1712 2012 1766 τῶν

359 1800 672 1878 λεγομένων
729 1800 904 1856 ἔστενε
959 1800 1046 1856 καὶ
1103 1799 1198 1866 τῆς
1243 1796 1523 1862 ὃιαλέξεως
1573 1797 1771 1878 σφόδρα
1801 1801 1864 1856 τὸ
1909 1800 2012 1876 ἐμ-

2097 639 2326 702 lnnthia
2341 659 2459 702 non
2492 642 2690 702 ferens
2711 639 2896 703 animi
2921 649 3144 703 motum
3172 643 3334 704 intus
3354 650 3734 726 aestuantem,

2095 729 2294 790 statim
2329 737 2609 809 tanquam
2643 751 2716 792 ex
2772 731 2926 794 malo
2983 731 3264 794 thesauro
3297 732 3482 793 malos
3513 735 3738 812 promit
3813 732 3822 740 ’

2096 837 2427 883 sermones.
2460 820 2530 881 Et
2563 819 2818 900 primum
2877 820 3118 899 quidem
3150 820 3224 883 ad
3255 821 3550 884 nefarium
3579 823 3739 886 inci-

2102 907 2259 970 tabat
2281 909 2522 984 coitum,
2557 909 2724 982 Quod
2756 911 2807 971 si
2837 911 3013 982 nolis,
3047 909 3262 990 inquit,
3287 917 3344 973 at
3373 929 3486 992 ego
3518 922 3578 974 te
3606 912 3739 991 lege

2102 998 2466 1059 matrimonii
2511 999 2700 1078 palam
2731 999 3016 1080 accipiam
3066 999 3128 1062 in
3163 1001 3463 1074 maritum,
3497 1007 3739 1079 erisque

2098 1087 2377 1149 dominus
2433 1088 2600 1149 multi
2659 1091 2808 1163 auri,
2869 1090 3121 1168 argenti,
3200 1091 3477 1170 pretiosae
3531 1089 3733 1169 vestis,

2097 1195 2400 1256 agrorum,
2427 1177 2862 1259 jumentorum,
2882 1179 3314 1260 mancipiorum
3344 1202 3358 1244 :
3384 1197 3493 1260 pro
3513 1179 3732 1262 quibus

2097 1284 2192 1328 me
2223 1285 2458 1347 quoque
2489 1267 2736 1329 habebis
2758 1267 3034 1330 ancillam
3057 1287 3166 1350 pro
3207 1269 3417 1349 libera,
3445 1279 3504 1332 et
3533 1271 3641 1332 tibi
3670 1276 3734 1334 in

2095 1355 2324 1416 honore
2353 1355 2588 1434 aequali,
2647 1365 2706 1419 et
2735 1355 2830 1419 his
2864 1357 3142 1419 omnibus
3170 1357 3298 1437 ipse
3322 1357 3562 1421 frueris.
3596 1360 3733 1423 Non

2095 1451 2183 1505 est
2214 1445 2372 1506 enim
2407 1445 2552 1507 mihi
2613 1447 2884 1520 maritus,
2945 1464 3057 1508 nec
3113 1447 3243 1518 ﬁlii,
3305 1465 3417 1510 nec
3470 1449 3732 1528 cognati.

2093 1533 2386 1606 Quorsum
2420 1534 2580 1596 enim
2616 1542 2730 1597 tam
2766 1536 3016 1617 pulcher
3062 1537 3170 1597 tios
3215 1537 3508 1618 corporis,
3539 1546 3598 1599 et
3623 1556 3732 1600 ve-

2093 1623 2440 1685 nustissima
2498 1624 2770 1704 species,
2835 1643 2900 1686 se
2958 1625 3388 1688 exercitatione
3445 1637 3736 1708 perpetua

2094 1711 2372 1774 tabefacit
2429 1719 2486 1774 et
2535 1713 2880 1778 laboribus?
2914 1714 3050 1777 Haec
3081 1733 3216 1776 cum
3249 1718 3370 1778 acri
3417 1723 3478 1778 et
3534 1720 3733 1781 conti-

2095 1801 2260 1862 nenti
2285 1801 2495 1881 spiritu
2519 1811 2991 1882 persequeretur
3004 1803 3522 1878 Melanthia,beata
3539 1806 3738 1887 suspi-

360 1891 530 1949 1t10‘:c
591 1891 932 1964 ἐμυσάττετο.
982 1889 1144 1953 Τέλος
1193 1886 1243 1944 δὲ
1276 1889 1408 1965 πρὸς
1449 1889 1547 1956 τὴν
1594 1887 1802 1956 πολλὴν
1846 1890 2011 1958 αύτῆς

2101 1890 2523 1971 rabatquidem
2555 1891 2627 1952 ad
2657 1910 2844 1954 unum
2889 1893 3170 1974 quodque
3219 1911 3428 1956 eorum
3474 1914 3606 1976 qua;
3633 1886 3734 1958 di-

363 1979 690 2060 ἀδολεσχίαν
721 1979 1064 2058 ἰλιγγιάσασα
1093 1981 1181 2036 καὶ
1220 1985 1394 2055 κηρῷ,
1429 1979 1489 2034 τὸ
1521 1988 1613 2036 τοῦ
1655 1976 1837 2060 λόγου,
1870 2001 2008 2059 φρα-

363 2068 569 2146 ξαμένη
612 2070 678 2125 τὰ
733 2072 866 2148 ὦτα,
927 2071 1022 2125 καί
1083 2067 1219 2144 μηδὲ
1274 2069 1484 2124 ἀκούειν
1542 2067 1618 2124 ἔτι
1677 2067 2011 2150 ἀνεχομένη,

359 2157 651 2239 Ἐπίσχες,
715 2156 987 2232 ἐξεϐόησε,
1070 2159 1242 2235 γύναι,
1333 2157 1572 2236 ἐπίσχες,
1663 2160 1750 2214 καὶ
1805 2159 2012 2236 μακρὰν

361 2256 536 2304 ταῦτα
593 2246 685 2324 ἄγε
729 2247 818 2328 ἀφ’
866 2249 1022 2322 ἡμῶν
1055 2265 1069 2280 ⁸
1133 2247 1288 2303 αὑτὸν
1347 2248 1448 2325 γὰρ
1486 2249 1623 2322 ἡμῖν
1666 2249 1759 2304 τὸν
1799 2248 1878 2304 ἱὸν
1923 2255 2015 2305 τοῦ

363 2335 600 2395 παλαιοῦ
637 2335 918 2408 δράκοντος
991 2337 1284 2398 ἀποπτύεις
1319 2354 1336 2372 ο
1401 2337 1462 2392 ού
1519 2338 1864 2413 προησόμεθα
1916 2336 2013 2405 τὴν

363 2425 604 2504 ἁγνείαν,
639 2427 698 2481 οὗ
760 2428 1047 2505 φθεροῦμεν
1105 2427 1204 2494 τὴν
1256 2426 1560 2502 παρθενίαν,
1597 2429 1678 2500 οὗ,
1718 2433 1848 2486 Θεοό
1899 2431 2014 2502 μῆ-

363 2538 482 2594 τερ,
527 2513 608 2595 ἐρ’
655 2514 718 2583 ἣν
750 2515 858 2592 ἐγὼ
913 2515 1163 2589 πέποιθα,
1195 2517 1285 2572 καὶ
1343 2514 1594 2592 Παριιὲνε,
1630 2519 1690 2574 οὗ
1747 2516 2015 2591 ψεύσομαι

362 2607 491 2676 τὰς,
521 2604 654 2679 ἐμὰς
684 2605 972 2672 συνθήκας,
1007 2605 1102 2670 Εἷς
1136 2606 1272 2679 ἡμῖν
1301 2603 1494 2682 γάμος,
1531 2607 1558 2660 ὁ
1616 2607 1746 2682 πρὸς
1793 2606 2018 2684 Χριστὸν

367 2697 556 2766 πόθος,
591 2694 676 2758 εἶς
708 2691 960 2774 πλοῦτος,
1003 2695 1068 2751 τὰ
1099 2693 1153 2749 ἐν
1185 2694 1430 2773 οὖρανοῖς
1480 2694 1671 2773 ἀγαθὰ,
1725 2695 1820 2769 μία
1879 2694 2016 2764 κτῆ-

368 2806 480 2864 σις’
513 2785 549 2851 ἡ
582 2789 783 2861 γνῶσις
817 2789 916 2850 τῆς
947 2783 1221 2851 ἀληθείας,

466 3051 564 3115 ΙΘ’.
597 3053 804 3110 Τούτων
845 3055 880 3120 ἡ
926 3053 1154 3128 ἄσεμνος
1205 3053 1477 3110 ἀκούσασα
1543 3050 1830 3125 Μελανθία,
1871 3056 2021 3126 θυμῷ

377 3165 428 3199 τε
458 3142 734 3222 άποῤῥήτῳ
792 3140 1135 3200 διακαυθεϊσα
1193 3144 1375 3222 (βαρὺς
1436 3143 1537 3221 γὰρ
1575 3141 1830 3220 ὑϐρισθεὶς
1887 3140 2019 3218 ἔρως

369 3235 464 3289 καὶ
511 3231 627 3289 οὔδε
683 3234 940 3296 καθεκτὸς
998 3231 1157 3306 ὅλως)
1189 3282 1205 3313 ,
1287 3233 1419 3310 πρὸς
1474 3232 1572 3299 τὴν
1633 3229 2020 3310 Ἀλεξανδρέων

366 3323 588 3402 ἐχώρει,
634 3322 748 3378 λίαν
805 3321 947 3378 δεινὰ
1004 3323 1140 3378 κατὰ
1203 3322 1448 3400 Εὐγενίας
1521 3320 1800 3384 ὠδίνουσα,
1885 3325 2019 3378 Εἶτα

367 3412 464 3468 ιιαί
511 3411 762 3490 χαλεπὴν
806 3411 935 3486 αύτῇ
967 3409 1275 3489 σοῤῥάψασα
1318 3413 1416 3478 τὴν
1477 3409 1752 3483 διαϐολὴν,
1802 3411 2021 3490 ἐφιστα-

364 3524 455 3557 ται
503 3502 578 3576 τῷ
622 3501 847 3582 ἐπάρχῳ
877 3499 1148 3574 Φιλίππῳ,
1198 3499 1365 3575 μηδὲν
1413 3499 1580 3558 εἰδυῖα
1610 3507 1716 3556 τῶν
1757 3503 1894 3558 κατὰ
1922 3500 2022 3568 τὴν

365 3588 649 3667 εὖγενίαν,
685 3589 815 3664 μήθ’
861 3590 940 3646 ὅτι
999 3591 1178 3666 πατὴρ
1232 3590 1384 3654 οὗτος
1429 3589 1619 3665 αύτῆς,
1685 3587 1813 3665 μάθ’
1874 3590 2020 3654 ὅπως

361 3680 544 3746 ἐκείνη
591 3679 652 3736 ἐκ
708 3688 962 3757 γύναικὸς
995 3680 1068 3744 εἷς
1115 3675 1272 3758 ἄνδρα
1331 3685 1391 3734 το
1445 3685 1638 3758 σχῆμα
1682 3677 2024 3753 μεταϐεϐλή-

361 3793 479 3830 κοι.
541 3769 732 3842 Τούτῳ
775 3776 1053 3848 τοιγαροῦν
1100 3767 1360 3825 ἐπιστᾶσα
1425 3772 1658 3843 μέτεισιν
1711 3767 1760 3834 ἐξ
1817 3767 2025 3825 ἀκολα-

364 3861 484 3920 σίας
546 3859 675 3935 πρὸς
731 3859 831 3924 τὴν
886 3859 1233 3938 συκοφαντίαν
1293 3859 1381 3914 καὶ
1443 3869 1767 3934 Λατηγορετν
1797 3858 2024 3937 ἄρχεται

364 3949 488 4005 λίαι
528 3950 807 4017 γακοῆθως
858 3949 948 4004 καὶ
1005 3953 1274 4025 πονηρῶς,
1330 3947 1550 4010 Νεανίας
1599 3969 1703 4020 τις,
1765 3947 2019 4025 λέγουσα,

359 4040 463 4106 τὴν
508 4038 603 4111 μὲν
662 4037 792 4111 ὄψιν
851 4036 1198 4115 περικαλλὴς,
1260 4039 1350 4092 τὸν
1406 4034 1460 4092 δὲ
1519 4036 1714 4112 τρόπον
1763 4038 1851 4092 καὶ
1902 4035 2020 4092 λίαν

359 4128 586 4204 ἐναγὴς,
653 4134 983 4203 Χριστιανῶν
1065 4128 1363 4204 ὑποκριθεὶς
1453 4123 1736 4182 εὒλάϐειαν
1809 4125 2018 4194 εἰσῆλθε

361 4219 498 4296 πρός
543 4238 634 4292 με.
696 4219 829 4273 Μίαν
881 4216 932 4270 δὲ
975 4217 1114 4291 κάμὲ
1173 4223 1279 4272 τῶν
1323 4216 1566 4292 ἆσέμνων
1596 4217 1814 4290 νομίσας
1847 4216 2016 4290 εἶναι,

362 4316 578 4386 πρῶτον
635 4309 732 4384 μὶν
792 4307 1023 4384 ῥ’ςμασιν
1074 4305 1406 4382 ἆπλτηλοτς,
1453 4311 1574 4364 εἶτα
1619 4307 1705 4363 καὶ
1759 4307 1942 4386 χερσῗν
1990 4309 2018 4362 ὁ

361 4396 670 4473 πάντολμος
702 4399 830 4474 πρὸς
875 4398 990 4473 βίαν
1041 4397 1268 4476 ἐχρῆτο,
1315 4396 1410 4452 καί
1457 4395 1510 4452 εἴ
1553 4418 1612 4474 γε
1663 4397 1741 4470 μὴ
1774 4396 2016 4474 γεγωνό-

361 4509 517 4561 τερον
590 4486 844 4554 ἐξεϐόησα
919 4488 1006 4543 καὶ
1066 4487 1252 4553 σεῇναι
1323 4488 1420 4554 τὴν
1488 4487 1809 4564 θεράπαιναν
1871 4507 2015 4564 παρ-

360 4577 622 4634 εσκεύασα
684 4577 958 4656 δρομαίαν,
1005 4578 1079 4639 ὡς
1123 4577 1216 4650 μιά
1259 4575 1320 4630 ἂν
1369 4577 1452 4631 καὶ
1497 4574 1632 4642 αὒτὴ
1690 4581 1798 4630 τῶν
1855 4573 2013 4642 ἐξηνο

2097 1979 2407 2054 cebantur,
2461 1988 2519 2042 et
2572 1979 2756 2042 animi
2801 1981 3249 2062 perturbatione
3295 1983 3529 2062 plenam
3562 1983 3734 2048 valde

2097 2067 2456 2130 abhorrebat
2481 2068 2834 2133 orationem.
2883 2069 3150 2133 Tandem
3182 2079 3380 2134 autem
3413 2072 3485 2134 ad
3519 2073 3737 2135 multas

2098 2159 2229 2238 ejus
2259 2175 2448 2234 nugas
2479 2157 2763 2239 caligans,
2797 2176 2958 2241 cera,
2989 2171 3057 2222 ut
3113 2160 3352 2236 dicitur,
3385 2179 3559 2224 aures
3589 2161 3734 2224 obs-

2098 2253 2324 2316 truens,
2359 2254 2418 2308 et
2449 2266 2561 2308 nec
2593 2248 2848 2328 amplius
2871 2249 3116 2326 quidem
3147 2249 3354 2312 audire
3384 2252 3686 2314 sustinens
3712 2271 3730 2311 :

2099 2335 2325 2398 Cohibe
2355 2335 2640 2416 linguam,
2674 2356 2710 2398 o
2744 2338 2980 2408 mulier.
3016 2339 3388 2416 exclamavit,
3417 2341 3654 2422 cohibe,
3680 2349 3742 2404 et

2098 2427 2216 2486 sint
2241 2427 2363 2486 haec
2392 2426 2656 2507 procula
2677 2427 3132 2510 nobis.Exspuis
3155 2429 3316 2492 enim
3338 2431 3396 2492 in
3420 2446 3529 2494 nos
3547 2431 3742 2510 ipsum

2101 2513 2264 2576 virus
2295 2515 2570 2577 draconis
2599 2519 2840 2580 veteris.
2877 2516 3005 2579 Non
3033 2518 3357 2598 prodemus
3385 2523 3740 2598 castitatem,

2104 2621 2223 2666 non
2248 2605 3112 2686 corrumpemusvirginitatem
3141 2625 3158 2670 :
3193 2627 3335 2686 non,
3371 2627 3405 2670 ο
3428 2610 3534 2672 Dei
3564 2609 3748 2673 Mater

2102 2702 2159 2754 et
2193 2694 2392 2772 Virgo,
2429 2698 2487 2754 in
2533 2713 2708 2776 quam
2761 2715 2872 2776 ego
2929 2697 3187 2772 conﬁdo,
3221 2717 3339 2761 non
3386 2699 3581 2761 fallam
3615 2717 3751 2763 mea

2106 2793 2272 2864 pacta
2324 2795 2634 2848 conventa.
2669 2785 2862 2847 Unum
2917 2795 3006 2848 est
3053 2787 3226 2850 nobis
3277 2787 3746 2865 matrimonium,

2103 2872 2316 2936 Christi
2343 2873 2711 2935 desiderium
2742 2876 2977 2951 ;unic:e
2992 2884 3132 2938 sunt
3155 2876 3400 2952 divitiae,
3434 2877 3589 2940 bona
3618 2897 3752 2960 qua;

2105 2970 2243 3022 sunt
2266 2965 2322 3023 in
2338 2963 2556 3039 caelis;
2589 2963 2764 3024 unica
2799 2965 3122 3042 possessio,
3157 2965 3423 3043 cognitio
3453 2967 3746 3030 veritatis.

2182 3049 2342 3114 XIX.
2377 3051 2512 3114 Hzec
2556 3071 2690 3114 cum
2722 3053 3040 3116 inhonesta
3089 3054 3376 3116 audiisset
3405 3055 3746 3130 Melanthia,

2105 3142 2214 3223 ira,
2245 3160 2376 3222 quae
2407 3142 2520 3204 dici
2556 3160 2674 3203 non
2705 3150 2924 3224 potest,
2950 3142 3196 3204 incensa
3222 3144 3341 3221 (est
3369 3143 3528 3206 enim
3560 3146 3750 3224 gravis

2101 3250 2292 3304 amor,
2323 3239 2381 3291 et
2405 3231 2642 3312 quinon
2670 3239 2864 3312 potest
2887 3232 3131 3294 omnino
3163 3233 3457 3316 cohiberi)
3492 3235 3754 3315 profecta

2104 3331 2195 3381 est
2225 3319 2846 3394 Alexandriam,valde
2878 3321 3074 3401 gravia
3104 3323 3442 3403 parturiens
3467 3323 3752 3387 adversus

2107 3411 2455 3490 Eugeniam.
2492 3411 2720 3472 Deinde
2775 3429 2911 3473 cum
2973 3413 3154 3474 etiam
3186 3411 3490 3474 difﬁcilen
3525 3413 3585 3474 in
3617 3431 3750 3476 eam

2107 3501 2389 3562 stuxisset
2411 3501 2798 3575 calumniam,
2829 3500 2988 3562 venit
3017 3501 3086 3563 ad
3121 3500 3464 3582 praefectum
3513 3501 3746 3584 Philip-

2107 3590 2432 3670 pum,nihil
2463 3589 2661 3652 sciens
2694 3607 2763 3652 ex
2796 3591 2868 3651 iis
2899 3608 3029 3670 qua:
3061 3591 3118 3652 ei
3150 3601 3470 3654 evenerant
3507 3611 3522 3654 :
3557 3609 3755 3674 neque

2107 3679 2266 3760 quod
2295 3680 2344 3740 is
2367 3687 2525 3740 esset
2552 3687 2715 3758 pater
2744 3677 3048 3758 Eugeniae,
3075 3696 3271 3760 neque
3301 3679 3461 3758 quod
3493 3680 3594 3743 illa
3622 3699 3758 3744 mu-

2109 3775 2292 3828 tasset
2314 3765 2581 3828 habitum
2610 3767 2964 3828 muliebrem
2987 3767 3049 3828 in
3072 3768 3428 3831 virilem.Ad
3452 3787 3590 3830 eum
3610 3787 3752 3848 ergo

2106 3855 2514 3935 accedens,ab
2546 3856 3014 3936 intemperantia
3042 3855 3256 3918 transit
3275 3856 3347 3918 ad
3367 3857 3752 3934 calumniam,

2109 3952 2170 4005 et
2200 3963 2329 4006 eam
2363 3943 2574 4023 incipit
2607 3962 2892 4006 accusare
2916 3945 3240 4006 admodum
3273 3945 3531 4022 maligne
3559 3953 3618 4008 et
3647 3953 3760 4008 lm-

2110 4034 2316 4112 probe,
2351 4033 2560 4094 dicens
2593 4051 2606 4093 :
2643 4031 2896 4105 Quidam
2926 4033 3299 4114 adolescens,
3331 4034 3481 4098 facie
3511 4035 3754 4116 quidem

2104 4123 2427 4198 formosus,
2461 4123 2564 4183 sed
2596 4121 2868 4183 moribus
2899 4123 3070 4184 valde
3101 4123 3447 4198 sceleratus,
3475 4124 3754 4190 Christia-

2106 4231 2315 4272 norum
2349 4212 2635 4272 simulans
2669 4211 2974 4292 pietatem,
3015 4211 3086 4274 ad
3121 4229 3218 4274 me
3269 4221 3360 4274 est
3404 4213 3750 4292 ingressus:

2105 4312 2160 4363 et
2191 4320 2323 4363 cum
2353 4319 2446 4362 me
2477 4301 2737 4380 aliquam
2799 4309 3064 4380 putasset
3115 4319 3248 4362 esse
3301 4301 3662 4381 impudicam
3697 4311 3758 4366 et

2103 4393 2505 4465 inhonestam,
2543 4392 2799 4470 primum
2862 4391 3102 4470 quidem
3154 4389 3354 4452 verbis
3411 4391 3746 4468 fallacibus,

2100 4481 2319 4542 deinde
2343 4482 2518 4541 etiam
2553 4480 2826 4541 manibus
2844 4481 2918 4542 ad
2939 4480 3058 4541 vim
3082 4498 3226 4541 usus
3249 4489 3338 4542 est
3361 4481 3454 4541 vir
3474 4481 3745 4542 audacis.

2101 4571 2312 4644 simus,
2343 4579 2402 4630 et
2433 4569 2546 4630 nisi
2579 4569 2756 4630 altius
2786 4569 3298 4644 exclamassem,et
3323 4577 3387 4629 ut
3411 4579 3752 4633 accurreret

357 4665 797 4746 δραποδισμένων
883 4666 1226 4740 ἐμιαινόμηι,
1313 4663 1492 4728 Οὕτως
1568 4665 1600 4732 ἡ
1662 4663 1882 4730 ἀναιδὴς
1954 4665 2013 4720 τὸ

2103 4661 2342 4738 ancilla,
2379 4659 2740 4734 eilecissem,
2771 4678 2879 4738 ego
2939 4666 3218 4738 tanquam
3275 4659 3501 4738 captiva
3551 4658 3751 4740 aliqua

356 4755 573 4822 ἒκείνης
633 4763 798 4830 μῦσος
857 4763 924 4832 τῇ
1003 4758 1206 4830 καθαρᾷ
1275 4755 1583 4832 περιάπτειν
1643 4752 1866 4834 ἐτόλμα,
1930 4748 2015 4810 καὶ

361 4849 500 4920 ἅπερ
567 4847 698 4912 αὒτὴ
776 4843 980 4922 δράσειε
1056 4846 1246 4900 παθῖϊν
1321 4842 1524 4918 μᾶλλον
1608 4856 2011 4922 προσεποιεῖτο.

359 4943 539 4995 Ταῦτα
583 4937 722 4992 οὒτω
777 4935 1000 5013 ῥηθέντα
1046 4934 1296 5007 ἐξέμηνεν
1350 4935 1585 5012 ἰσχυρῶς
1630 4934 1721 4988 τὸν
1773 4932 2012 5012 ἔπαρχον

357 5027 450 5084 καὶ
483 5023 720 5099 δεσμίους
771 5021 987 5101 ἄγεσθαι
1019 5025 1145 5100 παρ’
1191 5024 1346 5080 αὒτῦν
1402 5021 1642 5078 ἐκέλευεν
1687 5023 1779 5078 οὐκ
1841 5028 2012 5100 Εὖγε-

357 5117 475 5172 νῖαν
534 5115 717 5188 μόνον,
775 5113 911 5168 ἀλλὰ
969 5115 1055 5170 καὶ
1100 5113 1302 5173 πάντας
1346 5111 1457 5186 ἅμα
1514 5112 1636 5174 τοὺς
1697 5111 1788 5168 σὺν
1850 5111 2006 5179 αὖτῆ,

358 5205 588 5268 Τούτους
650 5203 747 5276 μὲν
807 5205 896 5258 οὖν
957 5205 1094 5260 κατὰ
1153 5205 1212 5258 τὸ
1268 5201 1544 5258 κελευσθὲν
1623 5201 1880 5280 ἀχθέντας
1959 5203 2010 5257 αἱ

359 5296 579 5376 φρουραὶ
609 5292 771 5349 ἄλλον
805 5289 943 5360 ἄλλη
989 5289 1365 5368 διεμερίζοντο,
1399 5291 1572 5371 ’ῼήθη
1619 5292 1718 5368 γὰρ
1769 5293 1796 5346 ὁ
1842 5291 2006 5366 ἔπαρ.

358 5406 464 5466 χος
521 5384 599 5460 μὴ
663 5380 724 5438 ἄν
791 5403 920 5437 ποτε
977 5392 1192 5441 τοιαῦτα
1263 5379 1640 5455 διαψεύσασθαι
1714 5378 2008 5437 Μελανθίαν

357 5487 588 5551 γυναῖκα
621 5470 758 5528 οὕτω
812 5491 870 5526 τε
929 5473 1117 5549 εὖγενῆ
1165 5471 1250 5526 καὶ
1297 5469 1512 5543 ulmis-9
1555 5470 1641 5526 καὶ
1673 5467 1797 5547 δόξῃ
1848 5491 2006 5547 περι-

356 5566 536 5645 φανῶς
585 5562 842 5642 ἔχουσαι,
880 5563 972 5617 οὒκ
1030 5561 1178 5624 εἰδὼς
1238 5559 1317 5615 ὅτι
1374 5559 1604 5616 πλούτου
1640 5561 1730 5615 καὶ
1786 5581 2012 5639 περιρραο

357 5655 499 5716 νείας
547 5651 891 5731 ἰσχυρότερον
947 5655 1132 5732 ψυχῆς
1194 5651 1384 5712 πάθος.
1418 5659 1704 5730 Τοιγαροῦν
1759 5653 1805 5706 οἱ
1853 5649 2006 5706 δικά-

354 5750 538 5820 ζοντες
583 5741 780 5803 πάντες
841 5750 1030 5818 μικροῦ
1097 5747 1202 5799 τῶν
1245 5739 1408 5820 ἁγίων
1453 5739 1660 5818 ἐρήμην
1707 5742 2008 5820 οιατεψηφί-

2105 4749 2328 4828 polluta
2359 4749 2673 4810 essem.[ta
2695 4747 3016 4826 impudens
3041 4746 3356 4810 mulierilli
3382 4765 3545 4826 pura;
3566 4748 3752 4810 audeo

2101 4839 2199 4900 hat
2229 4856 2400 4899 suum
2452 4837 2755 4899 ascribere
2809 4837 3120 4916 ﬂagitium.
3167 4836 3309 4898 Haec
3339 4837 3426 4898 sic
3456 4835 3614 4898 dicta
3669 4837 3744 4899 ad

2099 4929 2359 4990 furorem
2385 4927 2552 4988 valde
2607 4929 2980 4988 concitarunt
3032 4926 3402 5007 praefectum,
3431 4934 3490 4987 et
3520 4927 3744 4989 vinctos

2097 5018 2167 5078 ad
2200 5036 2265 5078 se
2289 5016 2469 5096 jussit
2499 5016 2738 5094 adduci,
2795 5034 2916 5076 non
2973 5016 3167 5078 solum
3220 5014 3572 5096 Eugeniam,
3631 5015 3741 5078 sed

2096 5107 2274 5169 etiam
2309 5124 2519 5166 omnes
2551 5105 2752 5185 simul,
2789 5105 2892 5186 qui
2919 5123 3055 5168 cum
3086 5123 3158 5166 ea
3187 5112 3378 5166 erant.
3415 5107 3612 5184 Atque
3635 5121 3742 5168 eos

2095 5195 2364 5272 quidem,
2397 5202 2461 5254 ut
2485 5195 2720 5273 jussum
2752 5194 2967 5268 fuerat,
3021 5194 3334 5266 adductos,
3384 5193 3564 5256 alium
3595 5193 3739 5256 alibi

2092 5286 2342 5346 diversae
2365 5283 2648 5346 tenebant
2674 5281 3373 5346 custodimExistimabat
3397 5283 3554 5345 enim
3580 5302 3738 5363 prte-

2093 5376 2281 5437 fectus
2311 5393 2612 5455 nunquam
2670 5373 2806 5435 talia
2855 5373 3242 5436 conﬁcturam
3294 5371 3480 5435 fuisse
3507 5371 3736 5436 Melan.

2095 5465 2622 5540 thiam,mulierem
2648 5463 2797 5526 adeo
2819 5461 3448 5544 nobilem,opibusque
3467 5472 3527 5523 et
3547 5463 3738 5542 gloria

2091 5555 2385 5634 insignem
2426 5576 2439 5616 :
2474 5554 2751 5616 nesciens
2780 5554 3120 5616 divitiarum
3177 5563 3237 5616 et
3284 5551 3570 5614 claritatis
3600 5572 3734 5618 esse

2091 5644 2600 5709 vehementiorem
2658 5643 2841 5706 animi
2901 5642 3432 5724 perturbationem,
3492 5651 3554 5703 et
3600 5661 3732 5722 qum

2093 5743 2286 5821 potest
2340 5735 2725 5816 persuadere,
2788 5734 2892 5798 illa
2947 5733 3192 5816 quidem
3225 5746 3400 5816 parva
3429 5737 3726 5812 reputare,
