4148 6416
443 355 555 423 631
1746 361 1800 423 Μ
1813 359 2032 423 ENSIS
2075 360 2512 424 DEGEMBER.
3705 361 3821 428 63‘2

444 507 691 580 propter
719 497 776 560 id
814 500 1040 571 autem,
1076 495 1230 577 quod
1265 491 1318 555 ei
1363 492 1595 554 videtur
1627 491 1684 552 in
1742 490 2066 580 praesentia

2182 500 2358 566 ζοντο,
2423 497 2508 552 καὶ
2558 497 2755 554 τούτων
2807 499 2852 553 οἳ
2911 497 3009 570 μὲν
3057 496 3229 556 ὀδοῦσι
3285 500 3480 578 θηρίων
3522 498 3825 566 ὓποεληθῆφ

444 579 675 669 gratum
705 587 927 667 eligere
959 581 1593 649 mendacium.0mnes
1620 579 2073 660 itaquejudices

2186 604 2268 638 ναι
2316 586 2499 648 αὐτοὺς
2544 583 2823 662 ἐδικαίουν,
2888 589 2935 644 οἱ
2993 585 3047 643 δὲ
3095 587 3379 663 ἀναρτήσει
3425 587 3612 669 ξύλων,
3672 592 3718 646 οἱ
3771 589 3824 646 δὲ

443 677 723 740 absentes
752 685 989 739 sanctos
1021 673 1453 755 propemodum
1488 669 1967 732 condemnabant
2002 687 2014 728 :
2042 689 2073 728 e

2183 673 2517 753 πικροτέροις
2570 676 2785 754 τρόποις
2841 680 3134 756 τιμωριῶν,
3216 676 3532 750 κολάζοντες
3588 679 3701 754 ἅμα
3757 684 3825 760 τῇ

444 786 514 830 ex
547 767 644 843 iis,
677 766 777 828 alii
823 765 1061 845 quidem
1113 780 1347 842 aequum
1381 758 1706 822 censebant
1737 777 1847 820 eos
1880 756 2072 836 subjic

2181 770 2501 843 συκοφαντίᾳ
2533 768 2616 822 καὶ
2642 766 2739 834 τὴν
2770 765 3060 827 εὖσέϐειαν.

443 855 718 919 dentibus
748 855 1042 928 ferarum;
1075 852 1179 912 alii
1210 869 1350 912 vero
1380 851 1439 910 in
1472 848 1633 928 ligno
1665 847 1952 928 suspendi
1990 868 2005 924 ;
2039 846 2144 910 alii
2173 858 2379 914 autem
2409 853 2820 916 acerbioribus
2852 854 3176 934 generibus
3217 854 3670 938 suppliciorum,
3703 876 3822 922 una

442 964 574 1007 cum
609 943 910 1005 calumnia
942 942 1266 1023 punientes
1302 939 1604 1020 pietatem.

519 1031 964 1112 XX.Postquam
985 1038 1183 1093 autem
1208 1029 1396 1093 adfuit
1413 1025 1794 1108 diesjudicii,
1828 1044 2085 1103 congre-

439 1131 567 1198 gata
597 1127 829 1198 quidem
855 1136 974 1183 erat
997 1138 1205 1196 magna
1233 1123 1536 1180 multitudo
1557 1136 1625 1178 ex
1653 1121 1942 1186 omnibus,
1966 1136 2088 1192 quae

438 1210 833 1273 circumcirca
892 1218 1085 1278 erant,
1153 1206 1444 1284 urbibus;
1499 1206 1703 1267 aderat
1735 1223 1872 1266 vero
1906 1205 2084 1267 etiam

436 1300 773 1381 praefectus,
809 1308 866 1361 et
895 1299 954 1361 in
1009 1297 1271 1359 medium
1327 1294 1769 1375 producebatur
1798 1292 2083 1372 Eugenia,

437 1410 576 1472 quae
606 1389 881 1469 gravibus
943 1387 1257 1450 tenebatur
1316 1387 1591 1447 catenis:
1647 1385 1860 1446 theatri
1890 1392 2084 1446 autem

434 1480 728 1542 clamores
750 1479 1016 1559 undique
1047 1478 1532 1558 erumpebant,et
1567 1481 1763 1536 morte
1795 1492 1928 1535 esse
1953 1474 2086 1534 affi-

438 1569 712 1631 ciendam
764 1567 1092 1647 Eugeniam
1144 1565 1544 1627 communiter
1602 1562 2082 1644 pronuntiabant.

434 1659 666 1722 Paratae
698 1666 870 1720 erant
897 1656 1335 1736 bestim,parata
1369 1662 1680 1734 tormenta,
1713 1653 2076 1731 rotae,ignes,

438 1757 497 1809 et
527 1748 642 1809 alia
671 1764 894 1826 genera
930 1721 1384 1826 suppliciorum,
1420 1751 1478 1805 et
1511 1761 1615 1823 per
1645 1721 1845 1802 omnia
1875 1721 2079 1804 acerbi
2105 1721 2141 1770 Β

436 1846 713 1917 tortores,
741 1843 800 1898 et
833 1855 902 1898 ex
933 1853 1102 1916 aequo
1128 1833 1202 1895 ad
1230 1832 1524 1912 supplicia
1549 1832 1858 1892 inferenda
1874 1834 2076 1893 saevis-

433 1927 570 1988 simi
591 1925 965 1987 etacerrimi.
1001 1923 1066 1985 In
1108 1940 1279 1983 suum
1306 1922 1503 2002 itaque
1527 1929 1913 2000 conspectum
1941 1921 2074 1982 duci

432 2011 1344 2096 Eugeniamjussitjudexﬂuie
1365 2030 1496 2072 cum
1542 2010 1871 2073 astitisset:
1921 2012 2069 2086 Hoc,

427 2105 844 2186 inquit,v0bis,
869 2124 902 2166 ο
935 2103 1202 2165 omnium
1235 2103 1542 2164 hominum
1580 2100 1836 2161 maxime
1866 2101 2070 2180 impie,

425 2195 596 2273 jubet
627 2203 820 2257 vester
847 2193 1216 2264 Christus,ut
1247 2211 1357 2252 nec
1389 2191 1540 2251 clam
1573 2190 1813 2270 quidem
1846 2190 2074 2252 faciatis

429 2302 497 2345 ea
529 2303 660 2364 quae
713 2292 851 2345 sunt
903 2282 1262 2360 turpissima,
1317 2278 1422 2341 sed
1454 2290 1569 2342 tam
1605 2281 1986 2358 impudenter
2017 2288 2074 2341 et

432 2374 724 2436 violenter
752 2371 1182 2452 aggrediamini
1217 2389 1285 2432 ea
1308 2389 1437 2450 quae
1468 2377 1604 2430 sunt
1635 2370 1901 2430 nefaria?
1930 2369 2070 2440 Quis

429 2463 589 2526 enim
625 2472 756 2524 tuus
787 2470 913 2523 erat
937 2463 1192 2534 animus,
1231 2459 1468 2536 quando
1495 2467 1768 2538 tanquam
1805 2459 2073 2520 medicus

433 2553 803 2632 ingrediens,
839 2561 903 2613 ut
933 2551 1037 2629 qui
1073 2569 1187 2611 non
1222 2551 1413 2611 solum
1445 2567 1609 2610 esses
1641 2548 1932 2620 medicus,
1967 2547 2070 2609 sed

435 2642 540 2723 qui
564 2642 740 2704 etiam
775 2659 883 2722 per
913 2649 970 2702 te
1005 2658 1212 2722 posses
1241 2640 1437 2701 facere
1466 2638 1775 2711 miracula,
1795 2656 1862 2699 ea
1894 2638 2074 2699 facie-

429 2734 560 2806 bas,
606 2750 736 2812 quae
779 2738 1167 2810 corruptores
1216 2738 1275 2791 et
1329 2727 1586 2790 adulteri
1621 2747 1634 2788 :
1672 2737 1726 2788 et
1760 2727 2072 2788 mulierem

429 2831 548 2882 tam
577 2821 763 2883 nobili
786 2820 918 2882 loco
969 2831 1190 2894 natam,
1225 2827 1341 2879 tam
1366 2817 1705 2892 divitem,et
1735 2826 1848 2879 tam
1884 2817 2075 2877 hone-

429 2911 536 2972 stis
587 2920 645 2972 et
717 2909 1039 2972 moderatis
1093 2908 1380 2987 moribus,
1445 2916 1720 2988 tanquam
1779 2905 2075 2968 scenicam

429 3001 795 3082 quampiam,
825 3006 928 3062 aut
951 3017 1017 3060 ex
1044 2998 1302 3060 hostium
1326 2998 1564 3075 regione
1589 2995 2077 3076 captam,probro

2255 1039 2344 1092 K’.
2407 1033 2563 1092 Ἐπεί
2621 1034 2709 1090 οὖν
2771 1037 2802 1105 ἦ
2861 1037 3008 1114 κυρία
3065 1035 3328 1112 παρέστη,
3386 1037 3446 1092 τὸ
3477 1035 3572 1112 μὲν
3619 1036 3817 1106 πλῆθος

2171 1120 2312 1176 ἅπαν
2368 1128 2475 1180 τῶν
2529 1121 2677 1200 πέριξ
2733 1126 2992 1202 συνήγετο
3034 1125 3244 1181 πόλεων
3281 1141 3294 1155 '
3345 1129 3520 1203 παρῆν
3573 1123 3626 1181 δὲ
3658 1131 3754 1183 κα³ι
3789 1129 3817 1184 ὁ

2171 1209 2434 1292 ἔπαρχος,
2469 1214 2557 1269 καὶ
2613 1214 2649 1280 ῆ
2704 1215 2922 1290 Εὖγενία
2966 1216 3039 1279 εἷς
3100 1213 3260 1288 μέσον
3293 1213 3456 1292 ἤγετο
3501 1215 3816 1292 βαρυτάταις

2170 1297 2414 1355 ἁλύσεσιν
2477 1300 2741 1376 ἑλκομένη
2779 1319 2791 1331 ·
2840 1304 3064 1381 κραυγαὶ
3095 1302 3150 1358 δὲ
3201 1311 3293 1361 τοῦ
3349 1304 3568 1379 θεάτρου
3611 1305 3814 1361 πάντο-

2170 1391 2255 1444 θεν
2305 1389 2709 1469 ἀνεῤῥήγνυντο,
2773 1394 2860 1449 καὶ
2919 1396 3114 1457 πάντες
3157 1392 3502 1450 θανατοῦσθαι
3561 1395 3656 1462 τὴν
3710 1397 3816 1452 Εὖ-

2170 1479 2346 1554 γενίαν
2430 1487 2621 1545 κοινῶς
2700 1481 3076 1562 ἀπεφαίνοντο.
3169 1473 3551 1558 Ἠτοιμέζοντο
3636 1487 3814 1561 θῆρες,

2169 1568 2520 1641 ἡτοιμάζοντο
2551 1568 2821 1649 στρέϐλαι,
2857 1573 3069 1652 τροχοὶ,
3105 1579 3228 1649 πῦρ,
3262 1572 3415 1652 ἔτερα
3467 1571 3589 1640 εἴδη
3645 1576 3815 1630 κολα-

2169 1659 2419 1734 στηρίων,
2481 1661 2568 1716 καὶ
2633 1659 2716 1716 διὰ
2773 1661 2985 1718 πάντων
3041 1664 3089 1718 οἱ
3155 1662 3332 1740 πικροὶ
3399 1661 3655 1720 κολασταὶ
3721 1663 3816 1720 καί

2161 1748 2298 1837 πρὸς
2368 1749 2464 1810 τὰς
2524 1751 2778 1828 τιμωρίας
2839 1750 3032 1817 ἐπίσης
3092 1752 3389 1827 ὠμότατοι,
3424 1750 3513 1809 καὶ
3557 1750 3814 1816 ὀξύτατοι,

2183 1839 2407 1912 Αγεσθαι
2487 1847 2766 1917 τοιγαροῦν
2857 1841 2929 1904 εἰς
3019 1840 3143 1916 ὄψιν
3203 1840 3346 1914 αὐτῷ
3402 1842 3501 1909 τὴν
3566 1843 3816 1920 Εὖγενίαν

2161 1921 2443 1983 ἐπέταττεν
2489 1930 2515 1983 ὁ
2560 1926 2806 2008 δικάζων,
2872 1931 2964 1985 καί
3010 1931 3382 2008 παραστάτης,
3445 1941 3610 1989 Τοῦτο
3652 1933 3807 2006 ὑμῖν,

2159 2013 2283 2092 ἔφη,
2321 2015 2533 2072 πάντων
2566 2016 2852 2095 ἀνθρώπων
2911 2019 3261 2093 ἀνοσιώτατε,
3312 2021 3339 2076 ὀ
3372 2020 3626 2098 ὑμέτερος
3682 2021 3808 2078 ἐπι-

2156 2102 2336 2183 τρέπει
2380 2108 2625 2181 Χριστὸς,
2685 2109 2745 2163 τὸ
2781 2107 2918 2183 μηδὲ
2969 2114 3140 2187 κρυφῆ
3201 2110 3266 2165 τὰ
3320 2109 3586 2188 αἴσχιστα
3633 2113 3805 2189 πράτ-

2155 2212 2287 2264 τειν,
2324 2191 2442 2249 ἀλλ’
2501 2193 2724 2260 ἀναιδῶς
2783 2195 2922 2252 οὕτω
2979 2197 3068 2252 καὶ
3125 2198 3312 2273 βιαίως
3355 2210 3474 2259 τοῖς
3536 2198 3804 2274 ἀθεμίτοις

2155 2278 2454 2359 ἐπιχειρεῖν
2494 2304 2509 2358 ;
2552 2283 2709 2340 Ἐπεὶ
2745 2285 2858 2340 τίνα
2903 2288 3059 2365 εἶχες
3105 2287 3166 2342 σὺ
3210 2289 3308 2353 τῆν
3357 2286 3568 2366 ψυχὴν,
3602 2289 3806 2346 ὁπόταν

2154 2371 2226 2431 ὡς
2258 2371 2434 2448 ἰατρὸς
2494 2374 2700 2452 εἰσιὼν,
2760 2375 2847 2430 καὶ
2913 2374 3014 2455 οὐχ
3073 2374 3257 2440 ἁπλῶς
3314 2377 3518 2454 ἰατρὸς,
3551 2375 3672 2434 ἀλλ’
3707 2379 3804 2434 αὖ·

2155 2460 2376 2537 τουργὸς
2431 2463 2713 2536 θαυμάτων
2772 2465 2914 2520 εἶναι
2973 2463 3282 2545 δυνάμενος,
3329 2466 3395 2522 τὰ
3443 2472 3548 2521 τῶν
3599 2465 3805 2543 λοιμῶν

2157 2546 2352 2624 ἐποίεις
2394 2549 2489 2605 καί
2534 2558 2638 2607 τῶν
2672 2555 2909 2632 μοιχῶν,
2940 2555 3028 2609 καὶ
3086 2567 3314 2631 γυναῖκα
3369 2553 3509 2610 οῧτω
3562 2557 3659 2630 μὲν
3703 2559 3801 2634 γέ-

2158 2659 2301 2716 νους,
2335 2636 2472 2694 οὕτω
2502 2635 2555 2694 δὲ
2598 2640 2850 2715 πλούτου,
2886 2643 3025 2699 οὕτω
3081 2641 3135 2699 δὲ
3199 2643 3286 2700 καὶ
3330 2644 3526 2722 τρόπου
3588 2647 3802 2724 σώφρο-

2160 2748 2247 2788 νος
2293 2725 2528 2807 ἔχουσαν
2571 2730 2664 2786 οἷά
2696 2753 2814 2787 τινα
2847 2731 2954 2788 τῶν
3012 2731 3099 2788 ἐπὶ
3143 2738 3239 2800 τῆς
3285 2739 3516 2811 σκηνῆς,
3547 2735 3582 2804 ἢ
3615 2733 3803 2811 δούλην

2160 2816 2219 2872 ἐκ
2277 2815 2536 2892 πολεμίας
2591 2817 2767 2876 λαϐὼν
2841 2823 3088 2901 αίσχῦναι
3151 2822 3445 2900 προείλου;
3521 2831 3804 2903 Τοιγαροῦν

2159 2913 2250 2962 τοῦ
2294 2905 2640 2982 τολμήματος
2672 2909 2816 2976 ἀξίαν
2847 2910 3048 2990 ὑφέξεις
3097 2911 3196 2980 τὴν
3226 2911 3398 2989 δίκην,
3433 2915 3598 2978 κακὸς
3637 2919 3807 2978 ιιακῶς

2161 2993 2546 3070 ἀπολλύμενος.

428 3099 488 3152 et
543 3091 844 3153 dedecore
874 3089 1111 3150 afﬁcere
1177 3085 1476 3148 voluisti?
1525 3086 1784 3150 Audacis
1815 3086 2017 3166 itaque
2079 3091 2140 3146 tu
2193 3083 2370 3164 coepti
2429 3085 2674 3149 meritas
2727 3087 2858 3150 lues
2890 3106 3114 3168 pmnas,
3149 3096 3209 3152 et
3265 3090 3454 3153 malus
3486 3091 3639 3154 male
3692 3112 3805 3173 pe-

425 3179 598 3242 ribis.

505 3268 656 3333 XXI.
691 3269 835 3331 Cum
860 3277 978 3330 tam
1006 3267 1288 3330 iracunde
1312 3269 1567 3328 minatus
1585 3274 1744 3328 esset
1762 3265 1816 3327 ei
1848 3264 2063 3346 praefe-
2084 3271 2126 3323 c

425 3367 576 3438 ctus,
634 3358 898 3437 Eugenia
952 3357 1114 3418 vultu
1170 3357 1228 3416 in
1282 3365 1498 3418 terram
1535 3355 1816 3417 inclinato
1878 3373 1955 3415 ne
2007 3354 2067 3414 in

427 3450 739 3527 praesentia
760 3449 890 3526 ejus
920 3447 1116 3510 vultus
1149 3446 1299 3525 patri
1331 3446 1610 3508 evaderet
1662 3443 2012 3506 manifestus
2049 3463 2063 3502 :

421 3538 614 3616 Meus,
641 3538 851 3617 inquit,
880 3540 1036 3600 Deus
1071 3555 1189 3598 non
1224 3555 1290 3597 ea
1321 3533 1620 3608 solum,de
1650 3533 1870 3614 quibus
1907 3551 2066 3594 nunc

421 3645 456 3688 a
487 3626 654 3688 vobis
685 3645 952 3700 accusor,
981 3625 1284 3706 prohibet,
1319 3624 1422 3686 sed
1458 3642 1527 3685 ea
1559 3623 1734 3685 etiam
1763 3623 1894 3702 lege
1922 3641 2064 3684 san-

423 3717 526 3797 cit,
556 3735 687 3797 quae
708 3727 847 3778 sunt
887 3718 978 3779 his
1017 3715 1201 3777 multo
1231 3714 1560 3776 excelsiora
1587 3731 1600 3776 :
1625 3714 1724 3793 qui
1759 3731 1853 3774 me
1885 3713 2062 3775 etiam

417 3825 576 3869 nunc
605 3811 805 3870 volens
826 3815 1159 3882 perpetuam
1185 3823 1419 3866 servare
1443 3808 2059 3878 castitatem,providit,

417 3904 483 3956 ut
511 3897 774 3958 viverem
799 3916 933 3958 cum
961 3896 1181 3974 his,qui
1205 3895 1266 3957 in
1293 3892 1510 3974 pietate
1532 3912 1596 3955 se
1616 3902 2061 3966 εχει-θεοί,ωο-

413 3986 646 4061 nachis,
682 3987 982 4066 quomodo
1016 3986 1076 4046 in
1130 3984 1484 4047 hodiernum
1542 4001 1732 4059 usque
1776 3983 1934 4044 diem
1969 4002 2063 4046 me

411 4076 809 4155 conservavit,
862 4084 926 4137 ut
989 4083 1046 4137 et
1107 4074 1223 4155 ipsi
1253 4082 1342 4136 est
1371 4071 1774 4154 perspicuum,
1810 4081 1868 4133 et
1899 4071 2064 4134 vobis

410 4165 523 4226 erit
548 4166 722 4246 paulo
747 4177 900 4246 post.
945 4165 1113 4239 Quod
1147 4173 1346 4226 autem
1403 4162 1544 4223 mihi
1583 4169 1642 4223 et
1672 4169 1967 4222 tormenta
2005 4169 2064 4222 et

409 4265 663 4318 mortem
721 4257 1040 4335 minitaris,
1079 4253 1432 4333 imprudens
1460 4251 1762 4312 incussisti
1804 4251 1950 4312 mihi
1984 4253 2060 4314 tio

407 4364 647 4415 morem,
683 4353 781 4421 qui
805 4364 923 4406 non
955 4363 1098 4418 opus
1126 4347 1298 4404 habet
1329 4347 1604 4403 oratione.
1644 4345 2054 4402 Erubescerom

405 4433 592 4515 enim,
627 4434 677 4495 si
703 4434 917 4494 horum
945 4439 1106 4493 metu
1141 4448 1467 4511 qumrerem
1495 4448 1589 4491 me
1623 4427 1972 4508 defendere,
1999 4437 2054 4489 et

404 4541 523 4583 non
558 4523 715 4602 quod
751 4523 1098 4597 timeam,ne
1131 4538 1230 4583 res
1263 4518 1737 4582 Christianorum
1771 4517 1927 4598 apud
1955 4535 2054 4578 vos

405 4613 558 4672 male
587 4610 833 4672 audiant
865 4619 928 4671 et
983 4609 1369 4672 irrideantur.
1417 4607 1639 4669 Verum
1704 4607 1864 4668 enim
1915 4625 2120 4693 veroD

2236 3263 2370 3324 KA'.
2433 3265 2582 3324 Οὕτω
2652 3272 2744 3323 τοῦ
2822 3269 3062 3348 ἐπάρχου
3119 3268 3604 3343 διαπειλησαμένου
3663 3273 3793 3350 πρὸς

2153 3353 2315 3420 αὐτὴν
2375 3355 2621 3432 ὀργίλως,
2681 3357 2714 3424 ἡ
2779 3360 3018 3436 Εὖγενία,
3078 3362 3139 3417 τὸ
3211 3361 3497 3437 πρόσωπον
3550 3361 3621 3426 εὶς
3693 3361 3795 3439 γῆν

2151 3442 2395 3522 κλίνασα,
2453 3444 2546 3500 ἵνα
2602 3446 2681 3518 μῆ
2725 3447 2784 3502 τό
2823 3469 2880 3526 γε
2940 3455 3025 3504 εὖ)
3070 3448 3198 3531 ἔχον
3244 3446 3363 3524 ὄψις
3426 3448 3592 3514 οὕτως
3626 3452 3796 3508 οἰκεία

2151 3530 2289 3603 δήλη
2346 3540 2422 3608 τῷ
2466 3535 2622 3604 πατρὶ
2681 3537 2910 3614 γένοιτο,
2947 3529 3004 3596 Ὀ
3051 3529 3147 3613 μὲν
3207 3540 3358 3618 ἐμὸς,
3393 3537 3518 3619 ἔφη,
3555 3542 3683 3604 Θεὸς
3737 3543 3797 3598 ού

2149 3632 2312 3682 ταῦτα
2373 3625 2533 3698 μόνον
2593 3624 2625 3680 ἃ
2655 3632 2740 3681 νῦν
2793 3627 3169 3706 κατηγόρημαι
3217 3626 3344 3707 παρ’
3386 3631 3533 3705 ὑμῶν
3577 3630 3790 3708 ἀπαγο-

2148 3713 2308 3791 ρεύει,
2345 3712 2482 3769 ἀλλὰ
2512 3715 2598 3771 καὶ
2655 3714 2963 3794 ὑψηλότερα
3017 3715 3205 3792 πολλῷ
3247 3717 3447 3775 τούτων
3486 3723 3789 3794 νομοθετεῖ,

2147 3804 2204 3868 ὃς
2261 3804 2401 3880 κὰμέ
2456 3811 2543 3861 νῦν
2607 3805 2847 3884 ἁγνεύειν
2903 3804 2988 3862 διὰ
3045 3825 3240 3870 παντος
3299 3807 3621 3883 βουλόμενος
3672 3823 3791 3874 τοῖς

2148 3894 2465 3961 ἆτκητικοῖς
2523 3893 2738 3972 ἀνδράσι
2815 3896 3024 3960 τούτοις
3096 3893 3349 3970 συμϐιοῦν
3420 3898 3791 3972 ᾠκονόμησεν,

2147 3983 2325 4062 ὤσπερ
2373 3983 2436 4052 δὴ
2491 3986 2576 4040 καὶ
2607 3984 2760 4040 εἰσέτι
2793 3992 2882 4042 νῦν
2939 4005 3004 4058 με
3062 3983 3473 4060 διατετήρηκεν,
3520 3989 3592 4049 ὡς
3652 3986 3794 4062 αὖτῷ

2146 4093 2204 4129 τε
2253 4071 2412 4140 δῆλόν
2445 4072 2554 4128 ἐστι
2585 4073 2672 4128 καὶ
2701 4074 2831 4147 ὑμῖν
2863 4070 2984 4127 ὅσον
3017 4072 3163 4128 οὔπω
3211 4072 3531 4150 γενώσεται,
3576 4073 3708 4134 "Ott
3739 4075 3794 4134 δέ

2146 4184 2235 4231 μοι
2293 4163 2380 4218 καὶ
2424 4162 2682 4238 βασάνους
2727 4163 2814 4217 καὶ
2870 4161 3090 4218 θάνατον
3145 4160 3417 4236 ἀπειλεῖς,
3451 4163 3682 4232 λέληθας
3732 4168 3793 4223 τὸ

2144 4257 2235 4307 τοῦ
2278 4249 2440 4328 λόγου
2499 4248 2646 4312 ἀδεὲς
2684 4247 2800 4312 δέος
2831 4271 2922 4324 μοι
2962 4249 3208 4307 ἐπισείων
3245 4268 3258 4282 ⁸
3299 4254 3660 4333 αἰσχυναίμην
3693 4255 3792 4333 γὰρ

2142 4339 2225 4412 ἂν,
2259 4341 2301 4395 εί
2358 4336 2504 4419 φόϐῳ
2546 4339 2743 4393 τούτων
2775 4338 2994 4410 ζητοίην
3042 4340 3454 4420 ἀπολογεῖσθαι,
3510 4342 3648 4400 ἀλλὰ
3711 4346 3790 4419 μὴ

2140 4427 2286 4508 φόϐῳ
2316 4435 2408 4484 τοῦ
2436 4425 2577 4494 δόξαι
2608 4429 2673 4483 τὰ
2700 4435 2805 4484 τῶν
2839 4435 3168 4508 Χριστιανῶν
3228 4433 3301 4496 είς
3354 4430 3606 4501 διαϐολὴν
3661 4448 3786 4491 κεῖ-

2139 4521 2256 4574 σθαι
2315 4519 2401 4574 καὶ
2462 4517 2893 4595 μυκτηρίζεσθαι.
2939 4519 3084 4588 Πλὴν
3136 4521 3254 4578 ἀλλ’
3287 4522 3458 4600 ἐχρῆν
3510 4525 3644 4599 ὅμᾶς
3707 4526 3784 4599 μὴ

2138 4608 2304 4672 οὕτως
2360 4608 2591 4670 εὐκόλως
2645 4607 2867 4687 ὑπέχειν
2900 4623 3018 4673 τοῖς
3051 4612 3372 4689 κατηγόροις
3432 4613 3526 4675 τὰς
3587 4613 3780 4685 ἀκοὰς,

403 4701 716 4779 oportebat
739 4717 842 4761 vos
875 4718 992 4761 non
1045 4708 1160 4760 tam
1213 4698 1417 4760 faciles
1446 4715 1622 4781 aures
1651 4695 1916 4778 praebere
1947 4716 2048 4758 ac-

2158 4695 2265 4765 ιηδ⁹
2318 4696 2378 4754 ἐκ
2432 4697 2650 4777 πρώτης
2713 4698 2938 4774 ἑτοίμως
3012 4700 3462 4778 καταγινώσκειν,
3525 4699 3662 4756 ἀλλὰ
3722 4702 3781 4756 τὸ

402 4789 796 4865 cusatoribus,
831 4808 1025 4868 neque
1057 4807 1190 4850 cum
1241 4788 1499 4869 primum
1533 4787 1892 4863 audiissetis,
1931 4795 2048 4850 tam

2158 4793 2342 4866 ιρῶτον
2383 4787 2586 4866 ἀμφοῖν
2643 4785 3046 4863 διακούσαντας,
3102 4794 3224 4847 εἶτα
3295 4791 3391 4846 καὶ
3444 4793 3542 4856 τὴν
3603 4794 3781 4868 ψῆφον

401 4878 522 4940 cito
571 4879 998 4960 condemnare,
1059 4879 1164 4940 sed
1223 4876 1514 4941 ambobus
1584 4876 1745 4957 prius
1802 4877 2045 4951 auditis,

2162 4877 2393 4958 κφέρειν,
2429 4878 2527 4934 κᾶν
2572 4877 2671 4953 μὲν
2723 4879 2831 4956 ἐγὼ
2886 4881 3102 4935 τοιαῦτα
3161 4877 3394 4958 δράσασα
3442 4879 3637 4959 φανερὰ
3683 4879 3780 4957 γέ-

398 4968 618 5031 deinde
647 4968 804 5032 ferre
833 4970 1280 5048 sententiam,et
1309 4967 1360 5028 si
1397 4967 1768 5028 manifestum
1803 4967 2044 5047 quidem

2158 4991 2330 5043 ιωμαι,
2391 4964 2595 5024 δικαίαν
2642 4969 2869 5048 ὑπόσχω
2920 4969 3017 5035 τὴν
3063 4967 3345 5047 τιμωρίαν,
3391 4969 3435 5024 εἰ
3493 4965 3546 5024 δὲ
3590 4967 3781 5045 ψεῦδος

396 5059 686 5122 exstiterit
720 5078 813 5120 me
874 5060 1010 5122 talia
1067 5059 1304 5133 fecisse,
1354 5058 1583 5137 justum
1617 5057 1772 5117 luam
1805 5057 2043 5137 suppli-

2166 5062 2293 5116 αὕτα
2329 5058 2425 5116 καὶ
2457 5060 2776 5137 συκοφαντία
2819 5059 3012 5137 σαφὴς,
3049 5058 3172 5132 μίαν
3219 5058 3335 5115 ἀντὶ
3383 5058 3598 5115 πάντων
3652 5061 3782 5116 αἰτῶ

394 5147 552 5210 cium
592 5171 606 5207 :
641 5148 732 5211 sin
776 5159 971 5212 autem
997 5151 1124 5211 haec
1157 5158 1296 5211 sunt
1326 5147 1474 5209 falsa
1505 5154 1559 5207 et
1582 5155 1785 5228 aperta
1815 5147 2045 5208 calum-

2158 5151 2311 5229 χάριν,
2346 5150 2408 5204 τὸ
2465 5145 2634 5223 μηδὲν
2691 5147 2787 5214 τήν
2847 5159 3077 5224 γυναῖκα
3109 5147 3306 5214 ταύτην
3334 5149 3632 5217 ὑποστῆναι
3667 5149 3782 5206 δει-

391 5238 514 5311 nia,
548 5258 725 5300 unam
755 5257 858 5317 pro
881 5239 1160 5301 omnibus
1184 5238 1317 5320 peto
1350 5239 1623 5316 gratiam,
1649 5248 1711 5296 ut
1743 5236 1868 5298 haec
1909 5256 2040 5297 mu-

2160 5242 2240 5320 ὸν,
2275 5236 2401 5314 μηδ’
2435 5239 2478 5293 εἰ
2510 5235 2694 5310 πολλῷ
2724 5237 2921 5292 τούτων
2955 5235 3121 5316 χείρω
3155 5235 3350 5308 διεξήει
3403 5241 3521 5318 περὶ
3569 5241 3726 5315 ἡμῶν
3764 5256 3778 5270 ⁸

392 5328 504 5390 lier
534 5329 683 5390 nihil
714 5349 892 5408 grave
924 5331 1195 5410 patiatur,
1235 5347 1344 5389 nec
1396 5327 1446 5388 si
1478 5329 1555 5388 de
1589 5325 1762 5390 nobis
1795 5326 2037 5407 quidem

2158 5329 2264 5386 ῧτω
2320 5326 2476 5407 γὰρὸ
2538 5348 2596 5382 τε
2658 5324 2915 5404 ἡμέτερος
2975 5327 3176 5383 κελεύει
3221 5327 3412 5403 νόμος,
3469 5331 3556 5385 καὶ
3614 5331 3780 5405 ἡμεῖς

387 5417 482 5479 his
516 5419 720 5499 pejora
749 5419 983 5481 dixerit.
1029 5417 1128 5482 Sic
1161 5418 1320 5480 enim
1357 5423 1557 5478 nostra
1591 5417 1678 5477 lex
1727 5417 1922 5496 jubet,
1979 5427 2040 5479 et

2158 5419 2407 5493 τειθόμεθα
2475 5410 2746 5492 μηδέποτε
2778 5428 2971 5480 κακοῖς
3030 5417 3094 5473 τὰ
3145 5419 3310 5492 κακὰ,
3369 5417 3507 5475 ἀλλὰ
3552 5423 3777 5478 τοῦναν-

385 5526 495 5568 nos
519 5508 1024 5589 obtemperamus,
1063 5515 1125 5569 ut
1157 5525 1457 5588 nunquam
1507 5507 1661 5567 mala
1695 5525 1797 5586 pro
1838 5506 2036 5582 malis,

382 5597 487 5660 sed
519 5607 722 5659 contra
757 5598 912 5660 bona
939 5600 1136 5679 potius
1166 5597 1489 5660 reddamus
1520 5597 1570 5656 6.
1605 5595 1798 5676 Hujus
1829 5599 1912 5658 rei
1944 5616 2033 5657 so.

463 5714 491 5758 ε
517 5713 693 5778 Rom.
724 5731 827 5792 xu,
866 5718 964 5780 17.

2122 5509 2229 5564 τίον
2288 5504 2496 5582 μᾶλλον
2553 5517 2672 5567 τοῖς
2732 5504 2954 5582 ἀγαθοῖς
3033 5503 3366 5582 ἀμείϐεσθαι.
3429 5510 3596 5565 Τοῦτο
3653 5518 3778 5586 γοῦν

2121 5621 2212 5674 μοι
2270 5597 2357 5652 καὶ
2414 5594 2576 5673 μόνον
2648 5594 2945 5651 πιστούσθιυ
3007 5593 3071 5651 δι’
3132 5597 3313 5677 ὃρκου,
3359 5596 3448 5654 καὶ
3505 5597 3563 5654 οὔ
3617 5620 3774 5655 τινων
