4148 6402
318 375 440 444 633

1503 377 1975 444 MARTYRIUM
2021 375 2084 438 S.
2134 372 2518 438 EUGENLE.

3584 361 3699 433 634

319 511 691 586 δέηθῆσόμεθα
751 509 928 591 λόγων
987 510 1097 570 οὖδ⁹
1166 514 1504 592 ἀντιθέσεων,
1553 512 1672 569 ἀλλ’
1730 513 1855 569 αὒτὸ
1900 508 1965 578 δὴ

2060 510 2173 572 Ιιιηι
2209 510 2347 572 mihi
2380 510 2515 571 dato
2546 507 2696 570 fides
2728 507 2826 569 ﬁat
2873 503 3292 588 jurejurando,
3323 519 3521 582 neque
3549 519 3705 584 opus

319 600 480 668 δείξει
527 603 588 658 τὸ
617 607 842 681 πρᾶγμα
903 609 1112 684 σαφῶς,
1141 603 1232 661 καὶ
1285 604 1331 659 οἱ
1361 600 1449 660 σοῖ
1522 603 1689 660 ὁᾶστα
1719 601 1972 659 δικάσου-

323 716 409 751 σιν
436 690 717 772 ὀγθαλμοί,

409 860 541 935 KB'.
608 871 761 931 Οὕτω
805 874 1024 931 εἰποῦσα
1065 873 1198 951 πρὸς
1253 875 1350 941 τὴν
1395 870 1688 930 Μελανθίαν
1743 869 1974 942 ἰδιαζόν-

317 986 454 1037 τως,
503 962 664 1042 ἔτυχε
693 964 794 1041 γὰρ
837 963 955 1020 ἐκεῖ
983 963 1072 1020 καὶ
1129 964 1262 1030 αὐτὴ
1307 969 1565 1042 παροῦσα,
1602 964 1660 1020 Εἰ
1691 962 1777 1018 καὶ
1834 961 1974 1017 πάν-

316 1075 438 1124 ταςΙ
475 1053 603 1133 ἔφη,
649 1052 835 1110 λαθεῖν
879 1051 1121 1131 δυνατὸν,
1186 1051 1323 1110 ἀλλὰ
1380 1054 1440 1110 τό
1493 1073 1554 1131 γε
1611 1053 1702 1108 σὸν
1746 1049 1978 1116 συνειδὸς

315 1144 538 1204 πάντως
605 1145 666 1200 οὗ
719 1142 898 1212 λήσει,
952 1145 1040 1211 Μὴ
1112 1143 1284 1202 τοίνυν
1334 1143 1422 1198 καὶ
1479 1143 1706 1208 σεαυτὴν
1763 1141 1976 1218 ἀγνοεῖν

317 1230 505 1310 δόξῃς,
539 1235 634 1288 καί
690 1231 977 1312 ὀφθαλμῶν
1035 1231 1188 1288 θείων
1250 1233 1613 1312 ὀλιγωρήσῃς,
1675 1239 1735 1289 οὗ
1803 1230 1975 1288 πάντα

317 1344 380 1380 τε
439 1323 601 1401 δρῶσι
631 1325 719 1378 καὶ
773 1325 1126 1402 συκοφαντίαν
1173 1319 1387 1385 ἓνδίιιως
1439 1321 1776 1392 κολάζουσιν.
1823 1317 1975 1378 Ἐπεὶ

317 1411 377 1468 δὲ
436 1409 583 1468 οὒδὲν
642 1412 802 1479 ἧττον
847 1411 1022 1478 ἐκείνη
1084 1411 1348 1468 Μελανθῖα
1409 1412 1499 1492 ἧν,
1535 1408 1640 1469 οὔδ’
1697 1411 1831 1489 ὑφίει
1874 1414 1973 1477 τῆς

317 1498 615 1574 ἀναιδείας,
649 1501 790 1567 εὖθὺς
851 1499 1059 1557 ἐκέλευε
1114 1506 1451 1579 παραστῆναι
1502 1505 1600 1567 τῆν
1656 1499 1972 1575 θεράπαιναν

315 1591 387 1658 ἣν
447 1593 480 1658 ἡ
515 1589 776 1647 Μελανθία
827 1592 1062 1669 μάρτυρα
1121 1589 1223 1670 ἔφη
1282 1593 1378 1656 τῆς
1428 1590 1565 1666 βίας.
1631 1586 1876 1645 Ἐκέλευε
1919 1586 1974 1644 δὲ

317 1678 617 1737 καλεῖσθαι
662 1684 764 1759 οὐχ
810 1681 884 1743 ὠς
941 1679 1148 1745 τάληθῆ
1199 1682 1659 1758 μαρτυρήσουσαν,
1698 1678 1833 1758 (πῶς
1876 1677 1976 1755 γάρ

318 1771 385 1826 ἃν
445 1771 482 1839 ἠ
559 1768 716 1836 δούλη
767 1771 896 1848 πρὸς
955 1771 1053 1836 τὴν
1113 1768 1392 1826 δέσποιναν
1448 1769 1700 1825 ἀντετίθει
1737 1768 1785 1847 ;)
1853 1765 1972 1822 ἀλλ’

2057 598 2412 662 habebimus
2446 598 2584 660 ullis
2612 596 3006 671 orationibus,
3039 614 3232 677 neque
3277 592 3705 657 contradictio-

2057 688 2258 763 nibus,
2293 688 2397 752 sed
2451 707 2550 750 res
2580 688 2710 770 ipsa
2757 694 2966 768 aperte
2994 683 3290 761 ostendet,
3322 691 3380 746 et
3424 681 3705 745 facillime

2060 778 2141 839 tui
2169 778 2528 858 judicabunt
2557 778 2739 841 oculi.

2137 867 2366 930 XXVII.
2408 869 2547 933 Cum
2579 874 2664 930 sic
2694 868 2966 949 dixisset,
2991 885 3260 930 seorsum
3290 863 3444 928 dixit
3475 861 3704 926 Melan-

2059 956 2200 1019 thiae
2231 966 2387 1031 (nam
2447 958 2548 1020 illa
2582 977 2819 1040 quoque
2850 975 3111 1038 presens
3165 955 3437 1034 aderat):
3474 952 3705 1016 Etiam—

2061 1051 2108 1108 si
2161 1047 2290 1108 ﬁeri
2351 1049 2558 1129 possit,
2613 1060 2678 1109 ut
2737 1066 2945 1110 omnes
2990 1048 3190 1121 lateat,
3255 1054 3315 1107 at
3365 1052 3524 1106 tuam
3583 1059 3703 1104 non

2061 1135 2270 1198 latebit
2317 1138 2562 1198 omnino
2611 1137 3058 1200 conscientiam.
3115 1136 3201 1199 Ne
3250 1153 3390 1214 ergo
3449 1132 3700 1216 teipsam

2060 1225 2314 1288 videaris
2373 1228 2671 1306 ignorare,
2726 1235 2783 1290 et
2840 1227 3072 1289 divinos
3129 1225 3420 1307 despicias
3468 1223 3698 1295 oculos,

2056 1316 2161 1392 qui
2210 1315 2409 1377 omnia
2439 1315 2662 1399 vident,
2700 1326 2758 1379 et
2808 1319 2970 1396 juste
3004 1316 3259 1397 puniunt
3315 1313 3698 1377 calumniam.

2057 1406 2202 1466 Cum
2260 1424 2402 1467 vero
2459 1407 2606 1468 nihil
2657 1407 2904 1469 cederet
2969 1405 3321 1487 Melanthia,
3383 1422 3576 1484 neque
3627 1403 3703 1465 de

2055 1495 2426 1575 impudentia
2457 1497 2677 1578 aliquid
2729 1503 3083 1570 remitteret,
3111 1495 3284 1576 jubet
3334 1495 3524 1556 statim
3559 1511 3702 1573 pro-

2056 1584 2194 1646 duci
2248 1584 2555 1660 ancillam,
2609 1604 2791 1668 quam
2851 1585 3090 1648 dicebat
3147 1583 3465 1647 Melanthia
3522 1583 3705 1645 fuisse

2058 1681 2269 1736 testem
2331 1674 2648 1737 violentiae.
2715 1675 2899 1737 .lussit
2953 1685 3150 1738 autem
3209 1673 3429 1754 vocari,
3463 1692 3582 1735 non
3641 1680 3707 1734 ut

2057 1782 2192 1840 quae
2228 1782 2363 1826 vera
2395 1773 2552 1827 esset
2585 1766 2991 1840 testificatura,
3030 1765 3354 1846 (quomodo
3400 1763 3560 1827 enim
3592 1780 3705 1824 an-

318 1860 462 1918 ὤστε
513 1861 570 1916 τὸ
603 1858 793 1935 ψεῦδος
839 1859 901 1916 ἐκ
954 1859 1155 1917 πολλοῦ
1205 1858 1582 1938 διεγεγχθῆναι
1617 1866 1708 1916 τοῦ
1757 1856 1972 1936 περιόν-

2060 1853 2191 1914 cilia
2241 1854 2561 1917 restitisset
2627 1854 2889 1916 dominae
2920 1854 2962 1926 ἲ)
3027 1854 3129 1916 sed
3189 1863 3253 1914 ut
3299 1852 3705 1915 abundantius

318 1973 444 2029 τος,
489 1951 576 2006 καὶ
623 1948 919 2006 Μελανθίαν
974 1951 1202 2030 ὀφθῆναι
1263 1955 1366 2028 οὐχ
1409 1947 1554 2012 ὅπως
1612 1949 1782 2023 μόνην
1839 1945 1975 2002 ἀλλὰ

318 2041 412 2096 καὶ
485 2040 601 2114 μεθ’
659 2039 852 2117 ἐτέρων
914 2038 1176 2114 ἑλομένην
1218 2051 1591 2118 συκοφαντεῖν.
1655 2042 1974 2115 Παραστᾶσα

319 2128 412 2185 οὗν
456 2130 490 2196 ἡ
549 2129 842 2207 θεράπαινα
903 2129 991 2184 καὶ
1048 2134 1114 2206 τῇ
1173 2126 1422 2202 δεσποίνῃ
1477 2128 1781 2207 χαρίζεσθαι
1841 2127 1972 2201 βου-

321 2217 555 2294 λομένη,
589 2215 776 2294 ψεῦδος
809 2220 886 2292 τῷ
919 2216 1096 2294 ψεύδει
1129 2219 1380 2296 συνείρειν
1426 2219 1521 2273 οὒκ
1557 2217 1772 2292 ἀμαθῶς
1817 2215 1971 2294 εἶχε,

323 2307 499 2387 Κάμὲ,
561 2306 810 2384 λέγονσα,
879 2310 906 2363 ὃ
961 2310 1150 2386 μιαρὸς
1217 2309 1392 2365 οὑτοσὶ
1448 2306 1708 2369 πολλάκις
1769 2305 1972 2379 ἐπείρα.

322 2396 445 2455 Εἶθ’
489 2399 525 2464 ἡ
557 2398 786 2466 συνήθης
843 2395 1103 2453 ἀκολασία
1133 2399 1222 2453 καὶ
1264 2398 1397 2473 αὒτῇ
1428 2397 1750 2462 ἐπιπανῆναι
1782 2395 1973 2460 ἐποίη-

319 2507 382 2542 σε
435 2492 505 2562 τῇ
537 2484 816 2563 δεσποίνῃ,
865 2487 1008 2561 ᾗμὴ
1041 2485 1340 2562 βουλομένῃ
1382 2488 1498 2563 βίαν
1556 2486 1756 2563 ἐπῆγεν
1785 2484 1883 2550 ἕως
1939 2485 1974 2551 ἠ

321 2575 422 2650 μὲν
480 2577 552 2638 ὣς
586 2576 747 2654 εἶχεν
777 2575 1095 2653 ἀνέκραγεν·
1144 2575 1250 2653 ἐγώ
1278 2573 1332 2630 δὲ
1376 2575 1636 2631 ἐπιστᾶσα
1665 2575 1754 2630 καὶ
1811 2572 1976 2637 ἄλλας

319 2664 810 2740 μετακαλεσαμὲνη
897 2665 1004 2720 τῶν
1063 2663 1392 2742 ὁμοδούλων,
1454 2666 1610 2732 μόλις
1671 2664 1830 2720 αὐτὸν
1885 2669 1977 2720 τοῦ

323 2757 550 2835 αἰσχροῦ
592 2754 898 2834 ἐπέσλομεν
953 2753 1377 2833 ἐγχειρήματος,
1408 2756 1466 2810 αἳ
1500 2755 1585 2810 καὶ
1639 2752 1976 2830 βουλομένων

321 2846 496 2919 ὑμῶν,
555 2846 598 2900 εί
657 2843 1076 2923 μεταγληθεϊεν,
1141 2845 1348 2900 εἴσεσθε
1419 2845 1565 2906 ὃπως
1627 2856 1747 2905 τοῖς
1819 2843 1975 2918 ἐμοῖς

330 2932 536 2990 ’έσονται
566 2933 877 3006 συνᾴδουσαι
917 2933 1125 3011 λόγοις.
1186 2934 1316 2991 Τότε
1363 2936 1390 2988 ὁ
1447 2934 1543 3007 μὲν
1573 2931 1817 3010 ἄπαρχὸς
1875 2954 1974 2987 πι-

331 3022 559 3100 κρότατα
625 3021 999 3103 διαταραχθεὶς
1043 3020 1251 3101 ὕϐρεσιν
1301 3021 1489 3079 ἔϐαλλε
1542 3022 1640 3088 τὴν
1699 3022 1971 3099 Εὒγενίαν,

328 3113 421 3167 καὶ
469 3109 622 3180 δῆλος
651 3135 719 3179 ην
765 3115 852 3168 καὶ
883 3113 970 3168 ἐπὶ
1021 3114 1116 3176 τὰς
1163 3113 1422 3187 βασάνους
1467 3109 1570 3178 ἤδη
1619 3111 1871 3189 ὁρμήσων
1901 3111 1974 3169 ὡς

2055 1942 2268 2003 falsum
2294 1945 2842 2024 convinceretur,et
2871 1954 3223 2004 cerneretur
3243 1941 3561 2006 Melanthia
3583 1958 3704 2001 non

2056 2032 2204 2112 sola,
2238 2031 2342 2094 sed
2403 2051 2538 2095 cum
2571 2034 2704 2095 aliis
2751 2032 3082 2095 instituisse
3113 2029 3490 2094 calumniari.
3551 2032 3701 2092 Cum

2058 2122 2342 2202 producta
2403 2130 2563 2184 esset
2613 2141 2754 2201 ergo
2808 2121 3046 2197 ancilla,
3082 2129 3140 2184 et
3189 2121 3392 2182 volens
3446 2119 3704 2180 dominae

2057 2211 2406 2290 gratiﬁcari,
2442 2231 2560 2274 non
2622 2212 2897 2292 imperite
2957 2211 3331 2273 mendacium
3392 2209 3702 2272 mendacio

2059 2309 2438 2364 contexeret:
2475 2301 2588 2382 Me,
2625 2301 2852 2372 dicens.
2875 2301 3204 2364 sceleratus
3233 2300 3348 2362 iste
3379 2317 3539 2380 saepe
3569 2309 3704 2361 ten-

2058 2391 2218 2453 tavit.
2245 2390 2478 2453 Deinde
2502 2400 2788 2453 consueta
2815 2392 3283 2472 intemperantia
3299 2390 3354 2452 ei
3385 2389 3702 2471 persuasit,

2057 2479 2202 2540 utin
2232 2481 2416 2560 ipsam
2452 2499 2690 2562 quoque
2715 2481 2944 2542 fureret
2973 2480 3274 2542 dominam
3310 2497 3324 2542 :
3361 2478 3457 2542 cui
3479 2478 3706 2540 nolenti

2063 2569 2175 2630 vim
2209 2569 2519 2646 afferebat,
2555 2569 2748 2632 donec
2777 2569 2878 2631 illa
2907 2569 3146 2651 quidem
3179 2567 3526 2631 exclamavit
3553 2585 3567 2630 :
3596 2587 3704 2648 ego

2061 2669 2256 2721 autem
2289 2678 2422 2721 cum
2457 2660 2872 2736 accessissem,
2907 2669 2965 2721 et
2993 2659 3141 2721 alias
3172 2676 3510 2721 evocassem
3556 2677 3705 2721 con-

2059 2767 2284 2822 servas,
2330 2769 2364 2810 a
2419 2751 2575 2828 turpi
2638 2757 2854 2810 ccnatu
2919 2749 3011 2810 vix
3063 2767 3200 2811 eum
3262 2747 3701 2829 prohibuimus.

2061 2836 2218 2910 Quas
2250 2841 2294 2900 si
2326 2838 2518 2900 velitis
2550 2857 2862 2900 accersere
2915 2837 3118 2900 scietis
3146 2856 3320 2918 quam
3357 2837 3606 2918 pulchre
3634 2837 3708 2898 iis

2059 2945 2191 3005 qua;
2220 2946 2253 2988 a
2305 2945 2398 2987 me
2458 2927 2760 3001 dicuntur,
2797 2927 3137 2988 concinant.
3172 2926 3338 2988 Tunc
3392 2927 3707 3008 praefectus

2059 3014 2302 3094 quidem
2327 3014 2720 3077 acerbissime
2749 3015 3162 3097 conturbatus,
3185 3014 3420 3095 probris
3449 3025 3704 3096 appete-

2060 3106 2158 3164 bat
2209 3105 2562 3181 Eugeniam,
2599 3113 2658 3166 et
2680 3106 2804 3183 jam
2864 3114 3069 3185 aperte
3100 3103 3448 3167 ostendebat
3479 3123 3543 3166 se
3573 3122 3708 3166 esse

321 3199 527 3266 οὐδενὸς
589 3200 664 3257 ἔτι
723 3201 1044 3276 λειπομένου
1098 3204 1229 3274 πρὸς
1286 3200 1538 3281 ἔλεγχον,
1589 3192 1648 3256 ’Β
1713 3198 1767 3255 δὲ
1816 3198 1974 3278 (ἀλλὰ

2063 3201 2483 3274 prorupturum
2519 3195 2587 3255 ad
2648 3202 2962 3270 tormenta,
2996 3201 3200 3275 utpote
3230 3193 3388 3271 quod
3424 3193 3570 3254 nihil
3601 3212 3701 3256 re-

323 3291 675 3365 προσεκτέονο
709 3289 866 3359 ἡδεῖα
914 3293 1013 3369 γὰρ
1044 3293 1172 3368 πρὸς
1229 3291 1395 3357 ἀκοὴν
1424 3293 1458 3358 ἡ
1516 3289 1812 3366 διήγησις),
1847 3300 1974 3347 Και-

2061 3292 2245 3345 staret
2264 3284 2334 3345 ad
2367 3303 2497 3346 eam
2525 3285 3013 3346 convincendam.
3049 3285 3155 3347 Illa
3169 3300 3310 3345 vero
3341 3283 3464 3356 (sed
3495 3292 3583 3344 est
3611 3291 3706 3345 at-

322 3383 438 3455 ρὸς,
485 3380 728 3460 εἰποῦσα³
787 3378 1244 3458 παρρησιάσασθαι
1297 3381 1397 3447 τὴν
1445 3379 1718 3452 ἀλήθειαν,
1755 3377 1844 3435 ἵνα
1900 3378 1977 3454 μὴ

325 3471 389 3526 τὸ
457 3469 647 3544 ψεῦδος
713 3469 877 3537 αὐτῆς
947 3470 1031 3527 ἐπὶ
1103 3469 1266 3526 πλέον
1332 3472 1844 3548 κατακουχήσηταὶ,
1893 3480 1978 3531 καὶ

323 3555 642 3626 εὖδιᾶϐλητα
706 3558 944 3624 ’Ἕλλησι
1011 3559 1075 3615 τὰ
1149 3564 1480 3638 Χριστιανῶν
1546 3559 1606 3638 ᾗ,
1667 3560 1719 3614 τί
1789 3571 1977 3631 natat;

323 3647 711 3728 Ἀναγκάζεται
773 3647 858 3706 διὰ
889 3649 985 3716 τὴν
1059 3647 1268 3714 πολλὴν
1332 3657 1425 3703 τού
1467 3649 1770 3725 κατηγόρου
1825 3647 1976 3702 ἀναί-

317 3737 464 3794 δειαν
524 3742 610 3795 καὶ
668 3737 802 3814 πέρα
861 3761 909 3793 τι
943 3746 1035 3796 τοῦ
1091 3745 1285 3814 σεμνοῦ
1328 3742 1576 3803 ποιῆσαι·
1629 3738 1716 3793 καὶ
1745 3736 1979 3792 λαϐοῦσα

321 3827 700 3906 διαῤῥήγνυσιν
744 3828 940 3883 ἄνωθεν
997 3829 1089 3884 τὸν
1142 3829 1490 3907 χιτωνίσκον,
1535 3827 1619 3881 οιαὶ
1677 3825 1812 3904 μέρη
1861 3825 1978 3880 τινὰ

2062 3373 2453 3447 tendendum,
2515 3382 2604 3435 est
2635 3374 2796 3435 enim
2847 3374 3052 3436 auditu
3101 3372 3363 3453 jucunda
3398 3373 3701 3447 narratio),

2060 3461 2344 3543 Tempus,
2383 3472 2492 3536 est,
2520 3463 2751 3536 dicens,
2790 3462 2980 3524 libere
3010 3463 3604 3526 dicendiveritatem:
3631 3481 3706 3523 ne

2062 3553 2136 3614 de
2168 3553 2298 3632 ipsa
2326 3553 2550 3614 dictum
2583 3550 2959 3614 mendacium
2994 3553 3244 3614 nimium
3270 3553 3618 3632 jactaretur,
3649 3560 3710 3613 et

2059 3642 2380 3703 Christiani
2406 3641 2559 3703 male
2582 3642 2860 3704 audirent
2880 3643 3033 3722 apud
3058 3643 3331 3717 gentiles,
3365 3642 3504 3723 quid
3524 3642 3660 3704 facit
3680 3648 3708 3705 ?

2061 3729 2305 3810 Cogitur
2320 3740 2562 3812 propter
2579 3733 2822 3792 nimiam
2845 3733 3226 3794 accusatricis
3248 3731 3704 3812 impudentiam,

2061 3820 2236 3880 etiam
2299 3820 2522 3900 aliquid
2574 3821 2772 3882 facere
2808 3829 3024 3901 praeter
3074 3821 3386 3884 honestum
3419 3828 3478 3881 et
3521 3821 3707 3882 deco-

315 3917 414 3976 τοῦ
468 3919 611 3990 ἱεροῦ
680 3917 1012 3993 γυμνώσασα
1084 3919 1334 3991 σώματος
1407 3913 1604 3971 ἐδείκνυ
1676 3919 1834 3971 πασιν
1895 3913 1974 3975 ὅτι

2060 3927 2190 3970 rum
2227 3929 2241 3968 :
2278 3917 2338 3970 et
2364 3928 2624 3990 superne
2655 3919 2956 3990 acceptam
2985 3910 3304 3990 disrumpit
3334 3912 3614 3986 tunicam,
3651 3917 3711 3973 et

317 4009 408 4064 καὶ
471 4007 621 4085 φύσει
652 4007 787 4072 αὕτη
839 4009 926 4062 καὶ
956 4005 1176 4078 ἀληθείᾳ
1235 4007 1390 4084 γυνή,
1425 4005 1577 4082 Λέγει
1608 4025 1666 4060 τε
1723 4005 1853 4080 πρὸς
1881 4006 1972 4060 τὸν

2060 4015 2190 4085 cum
2217 4001 2508 4079 quasdam
2545 4009 2746 4079 partes
2774 4017 2910 4061 vere
2933 3999 3087 4060 sacri
3115 4000 3396 4061 nudasset
3417 3999 3708 4081 corporis,

317 4095 586 4175 ἔπαρχον·
643 4095 797 4174 Κύριέ
842 4117 970 4174 μου,
1003 4098 1063 4150 σὺ
1122 4096 1223 4170 μὲν
1279 4095 1406 4169 ἐμὸς
1465 4115 1598 4150 κατα
1642 4094 1810 4169 σάρκα
1860 4116 1970 4149 πα-

2060 4076 2335 4150 omnibus
2355 4106 2421 4149 se
2453 4076 2584 4150 esse
2615 4107 2759 4151 sexu
2793 4097 2851 4150 et
2877 4107 3089 4150 revera
3119 4089 3400 4151 feminam
3434 4076 3712 4151 deinonsl

315 4188 421 4262 τήρ
475 4187 503 4240 ὁ
532 4187 825 4261 Φίλιππος,
864 4183 1092 4241 Κλαυδία
1140 4182 1193 4238 δὲ
1240 4186 1422 4261 μήτηρ
1451 4183 1581 4258 ἒμὴ,
1616 4185 1704 4238 καὶ
1760 4181 1973 4262 ἀδελφοὶ

2060 4177 2227 4238 travit
2265 4194 2280 4252 ;
2313 4186 2371 4238 et
2399 4177 2544 4239 dicit
2568 4177 2866 4258 praefecto:
2895 4181 3148 4242 Domine
3178 4179 3349 4254 mi,tu
3366 4180 3607 4260 quidem
3639 4197 3706 4241 es

318 4277 486 4348 οὗτοι,
532 4274 586 4330 οἳ
661 4295 721 4352 γε
784 4277 878 4329 καὶ
955 4273 1362 4350 συγκαθέζονταί
1433 4295 1538 4346 σοι,
1603 4270 1813 4335 Ἀϐίτας
1883 4275 1972 4330 καὶ

2060 4285 2223 4328 meus
2254 4268 2584 4329 secundum
2621 4286 2862 4329 carnem
2897 4277 3064 4348 pater
3093 4267 3426 4348 Philippus,
3460 4267 3708 4329 Claudia

319 4361 556 4441 Σέργιος⁶
618 4362 728 4442 ἐγὼ
774 4360 829 4418 δὲ
888 4363 958 4429 σὴ
1017 4365 1252 4441 θυγάτηρ
1311 4362 1554 4442 Εύγενία,
1602 4363 1722 4429 ἣτις
1766 4362 1968 4438 κόσμον

2060 4366 2250 4418 autem
2286 4357 2430 4417 mihi
2456 4364 2740 4437 mater,et
2768 4357 2984 4419 fratres
3009 4357 3088 4433 hi,
3118 4359 3218 4438 qui
3251 4367 3443 4419 tecum
3467 4357 3702 4433 sedent,

315 4451 698 4528 ἀποδυσαμένη
759 4454 933 4508 πάντα
993 4456 1083 4507 καὶ
1139 4453 1204 4508 τὰ
1247 4452 1301 4507 ἐν
1365 4452 1577 4530 κόσμῳ,
1625 4454 1785 4526 μόνον
1856 4452 1968 4508 ἀντὶ

2060 4448 2259 4510 Abitas
2281 4456 2338 4508 et
2360 4449 2625 4525 Sergius.
2661 4446 2780 4526 Ego
2804 4466 2941 4508 ver)
2967 4466 3098 4509 sum
3125 4459 3222 4509 tua
3253 4447 3370 4508 ﬁlia
3419 4446 3700 4526 Eugenia:

317 4541 532 4598 πάντων
561 4542 887 4618 ἐνεδυσάμην
931 4541 1178 4620 Χριστόν.
1241 4540 1370 4598 ’ἰδοὺ
1403 4544 1490 4598 καὶ
1535 4544 1624 4606 οὓς
1674 4543 1966 4623 εὐνούχους

2060 4559 2184 4620 quae
2234 4559 2369 4600 cum
2422 4541 2765 4601 universum
2815 4541 3127 4614 mundum,
3163 4549 3220 4601 et
3279 4559 3412 4617 quae
3455 4547 3591 4601 sunt
3640 4539 3702 4602 in

317 4633 470 4708 δρᾷς,
507 4637 722 4711 Πρωτᾶς
753 4631 864 4688 ἐστι
920 4633 1008 4688 καὶ
1041 4629 1337 4700 ἰ’άκινθος,
1374 4633 1421 4688 οἱ
1455 4633 1541 4688 καὶ
1600 4629 1840 4696 παιδείας
1873 4655 1965 4708 μοι

2060 4631 2296 4705 mumlo,
2321 4630 2495 4691 facile
2530 4631 2852 4711 exuissem,
2876 4649 2981 4712 pro
3017 4629 3294 4693 omnibus
3315 4631 3504 4692 solum
3537 4629 3706 4690 indui

312 4730 406 4778 καί
428 4719 541 4798 βίου
569 4728 663 4779 τοῦ
692 4724 828 4781 κατὰ
860 4721 1081 4802 χριστὸν
1112 4722 1558 4791 κοινωνήσαντες.

2060 4720 2380 4784 Christum.
2441 4719 2596 4781 Ecce
2656 4721 2832 4782 etiam
2895 4740 3044 4802 quos
3077 4721 3240 4782 vides
3299 4721 3626 4796 eunuchos,
3662 4719 3705 4780 ii

2053 4818 2190 4871 sunt
2222 4809 2428 4871 Protas
2453 4819 2510 4870 et
2539 4809 2929 4892 Hyacinthus,
2957 4811 3055 4891 qui
3085 4809 3231 4872 mihi
3255 4819 3311 4872 et
3332 4810 3617 4872 doctrinae
3647 4817 3707 4872 et

2054 4900 2205 4974 vitae,
2242 4919 2374 4980 quae
2404 4909 2496 4961 est
2523 4919 2592 4960 ex
2621 4899 2873 4967 Christo,
2912 4901 3076 4962 fuere
3105 4899 3277 4963 socii.

403 4987 530 5048 KF'.
578 4989 728 5046 Οὕτω
759 4989 921 5066 πέρας
973 4989 1124 5046 ἐτίθει
1171 5001 1290 5054 τοῖς
1340 4989 1545 5069 λόγοις³
1574 4989 1667 5046 καῖ
1697 4991 1725 5046 ὀ
1765 4990 1966 5068 πατὴρ,

2134 4987 2408 5052 XXXIII.
2440 4988 2714 5050 Nondum
2743 4989 3193 5051 oralionifinem
3227 4989 3609 5069 imposuerat,
3645 4996 3705 5050 et

319 5081 392 5145 ὡς
423 5078 480 5135 δὲ
527 5080 613 5134 καὶ
643 5082 689 5135 οἱ
721 5075 957 5158 ἀδελφοὶ,
991 5086 1147 5135 τοῦτο
1176 5080 1275 5154 μὲν
1332 5078 1421 5160 ἀφ’
1452 5083 1526 5136 ὦν
1569 5077 1783 5157 διεξῄει,
1818 5086 1972 5136 τοῦτο

2060 5087 2229 5160 pater
2285 5085 2345 5142 et
2402 5078 2681 5141 similiter
2738 5083 2917 5139 etiam
2980 5078 3217 5158 fratres,
3279 5097 3414 5140 cum
3489 5078 3700 5160 partim

317 5167 374 5225 δὲ
435 5167 759 5244 καὶμᾶλλον
803 5169 910 5225 ἀπὸ
951 5175 1058 5224 τῶν
1113 5169 1167 5224 ἐν
1197 5175 1262 5246 τῇ
1313 5169 1433 5246 ὄψει
1477 5171 1811 5246 παρασήμων
1855 5192 1970 5248 γω-

2060 5168 2297 5245 quidem
2331 5185 2399 5229 ex
2443 5168 2517 5228 iis
2544 5185 2675 5248 quae
2706 5167 2965 5246 dicebat,
2999 5168 3210 5247 partim
3261 5180 3485 5244 autem,
3519 5175 3703 5248 atque

317 5259 571 5338 ρᾶσαντες
634 5259 732 5325 τὴν
778 5257 1055 5324 ἀληθειαν·
1118 5258 1426 5338 ἀνέγνωσαν
1484 5258 1583 5338 γάρ
1629 5257 1972 5324 ἐπιϐαλόντες

2060 5257 2201 5320 adeo
2234 5257 2422 5318 multo
2456 5257 2642 5336 magis
2697 5274 2766 5318 ex
2799 5257 3006 5337 signis,
3043 5276 3178 5338 qum
3209 5266 3378 5319 erant
3413 5261 3468 5320 in
3513 5258 3696 5332 vultu,

318 5349 718 5427 περιεργόνερον
765 5355 842 5421 τῷ
872 5349 1145 5425 προσώπῳ
1187 5349 1282 5411 τὰς
1326 5348 1478 5424 ὄψεις
1517 5350 1710 5416 ταύτην
1760 5348 1968 5416 ἐκείνην

2060 5347 2597 5427 deprehendissent
2655 5348 2962 5409 veritatem
3015 5355 3390 5426 (agnoverant
3431 5350 3590 5409 enim
3641 5347 3703 5408 in

316 5437 460 5494 εἶναι
504 5439 602 5506 τὴν
649 5438 934 5515 Εὖγειίαν.
992 5439 1092 5504 τὴν
1150 5438 1248 5512 μέν
1293 5437 1505 5517 καρδίαν
1561 5437 1755 5506 hami}:
1800 5438 1964 5517 ἆῤῥῆ⁶

2060 5454 2181 5498 eam
2237 5437 2528 5515 conjectis
2560 5436 2861 5498 curiosius
2914 5437 3125 5516 oculis,
3163 5436 3314 5499 hanc
3346 5436 3534 5515 ipsam
3567 5455 3702 5499 esse

313 5549 429 5598 του,
491 5533 593 5582 τῶν
653 5524 705 5592 ἐξ
774 5524 970 5593 ἡδονῆς
1035 5525 1090 5582 δὲ
1151 5527 1384 5607 δακρύων
1444 5527 1770 5606 πληροῦνται
1841 5529 1962 5594 τοὺς

2060 5525 2422 5605 Eugeniam),
2459 5526 2546 5588 eis
2591 5543 2695 5586 cor
2744 5527 2985 5603 quidem
3039 5526 3336 5606 voluptate
3386 5525 3697 5601 ineffabili,

317 5615 643 5694 ὀφθαλμούς·
701 5614 886 5671 ἔπειτα
943 5615 1028 5671 ἐπὶ
1087 5616 1184 5683 τὴν
1244 5617 1575 5697 ἀρχοντικὴν
1623 5618 1783 5686 αὔτὴν
1825 5622 1961 5676 καθ-

2060 5633 2167 5695 ριιω
2223 5614 2516 5694 voluptate
2574 5623 2772 5676 autem
2829 5615 3202 5677 manantibus
3249 5614 3524 5694 lacrymis
3595 5632 3699 5675 re-

317 5703 467 5784 έδραν
523 5702 937 5770 ἀναϐιϐάσαντες
991 5706 1281 5786 μονονουχὶ
1339 5708 1439 5764 καὶ
1487 5706 1581 5773 τὰς
1645 5707 1824 5789 ψυχὰς
1873 5705 1962 5765 ἔπ’

2060 5706 2282 5785 alantur
2324 5705 2504 5768 oculi.
2537 5705 2765 5770 Deinde
2818 5723 2952 5769 cum
3017 5722 3148 5768 eam
3206 5703 3585 5768 sustulissent
3631 5703 3694 5776 in
