4148 6412
458 339 574 410 635

1761 344 2042 409 MENSIS
2084 344 2510 409 DECEMBER.

3711 351 3829 422 636

457 481 676 545 solium
709 483 1002 566 praesidis,
1031 481 1464 566 prepomodum
1511 482 1568 546 in
1599 481 1785 563 ipsam
1817 481 1977 560 ipsas
2007 481 2098 544 ef-

2191 483 2316 558 αὗτῇ
2369 479 2659 558 ἒξεκένουν,
2709 482 2795 539 καὶ
2841 485 2916 557 τῷ
2971 479 3168 563 φίλτρῳ
3221 482 3423 554 ταύτην
3479 484 3828 568 διεμερίζοντο

459 571 790 636 fundebant
817 581 1066 656 animas,
1099 583 1157 635 et
1187 573 1242 636 ei
1297 592 1466 634 suum
1500 590 1764 635 amorem
1797 570 2110 652 dispertie-

461 661 626 739 bant,
665 663 803 724 hinc
857 672 1049 744 pater,
1082 663 1247 724 illinc
1302 662 1533 743 fratres,
1565 670 1625 722 et
1680 661 1792 722 alia
1822 679 1891 721 ex
1941 671 2107 740 parte

465 761 656 813 mater
686 753 912 830 (aderat
941 753 1095 814 enim
1131 751 1258 832 ipsa
1289 770 1548 832 quoque,
1583 769 1716 812 cum
1768 749 1827 811 id
1860 749 2105 812 didiciS»

461 843 606 920 set),
637 852 694 904 et
719 841 928 922 partim
957 841 1360 920 amplexibus,
1385 841 1599 920 partim
1630 838 1828 901 verbis
1859 839 2107 901 amanti-

461 928 574 991 bus
602 930 757 990 inter
785 947 850 991 se
879 929 1343 1009 contendebant,
1378 947 1647 1008 quaenam
1679 927 1950 990 membra
1983 930 2108 1008 qui-

459 1019 594 1081 dem
617 1038 734 1080 non
755 1019 1184 1098 amplectentes
1206 1020 1236 1078 ?
1267 1020 1407 1096 quid
1433 1028 1629 1080 autem
1650 1038 1766 1080 non
1791 1019 2104 1099 patientes,

457 1115 554 1168 aut
583 1125 699 1168 non
733 1116 975 1187 agentes
1007 1127 1076 1170 ex
1108 1109 1313 1171 laetitia
1348 1107 1677 1171 inetlabili?
1707 1115 1810 1170 aut
1840 1106 1979 1187 quid
2012 1125 2111 1169 eo-

455 1213 614 1278 rum,
651 1215 781 1277 quae
812 1197 1166 1278 voluptatem
1201 1199 1381 1260 animi
1435 1198 1795 1278 signiﬁcant,
1831 1205 2106 1259 caventes

454 1276 649 1348 facere
672 1276 920 1367 propter
952 1276 1418 1350 multitudinem
1451 1276 1889 1367 {Magistratus
1944 1285 2100 1348 enim

457 1377 946 1458 majestatem,et
1007 1387 1190 1442 totam
1250 1378 1440 1452 illam,
1483 1396 1616 1458 quae
1672 1395 1739 1438 ex
1800 1375 2102 1454 dignitatis

455 1466 778 1545 Splendore
836 1469 1045 1542 oritur,
1081 1470 1426 1547 gravitatem
1485 1465 1804 1548 superabat.
1863 1476 2098 1542 natura,

459 1563 516 1616 et
545 1564 752 1636 aperte
809 1557 1158 1638 repellebat,
1195 1557 1538 1621 Clamabam
1569 1557 1768 1637 itaque
1821 1565 2100 1636 tanquam

457 1642 656 1706 divino
687 1645 884 1709 furore
917 1647 1116 1710 aﬂlati:
1163 1647 1294 1726 Ipsa
1329 1657 1416 1708 est
1448 1648 1591 1720 ﬁlia,
1625 1651 1752 1724 ipsa
1781 1654 1876 1708 est
1907 1663 2100 1721 soror,

459 1735 764 1796 oculorum
790 1737 1080 1816 voluptas,
1114 1737 1556 1815 imaguanimte,
1593 1754 1768 1816 quam
1795 1735 2101 1796 existima-

2191 571 2424 630 ἐντεῦθεν
2482 569 2508 626 ὁ
2573 571 2773 650 πατὴρ,
2834 571 3035 630 ἐκεῖθεν
3069 576 3115 630 οἱ
3173 572 3412 656 ἀδελφοὶ,
3443 575 3743 659 ἀλλαχόθεν
3793 584 3826 650 ἡ

2192 663 2398 736 μήτηρ’
2443 659 2616 738 παρῆν
2670 663 2770 740 γὰρ
2814 663 2900 718 καὶ
2959 662 3091 731 αὕτη
3149 667 3404 738 μαθοῦσα⁶
3449 669 3537 724 καὶ
3581 671 3710 748 πρὸς
3741 670 3832 730 ἀλ·

2191 749 2384 818 λήλους
2428 757 2582 808 τοῦτο
2639 749 2736 824 μὲν
2778 751 3152 830 περιπλοκαῖς,
3215 775 3369 812 τουτο
3426 755 3480 812 δὲ
3536 761 3623 815 καὶ
3672 759 3830 840 φιλο-

2192 841 2434 918 στόργοις
2544 838 2851 914 ἧμιλλῶντο
2934 844 3255 922 προσρήσεσι
3290 866 3304 878 ·
3396 848 3512 904 τίνα
3594 838 3695 923 μὲν
3773 851 3832 909 οὕ

2190 931 2596 1010 περικάλλεντες
2649 931 2812 1008 μέλη,
2846 933 2895 990 τί
2953 931 3007 990 δὲ
3061 935 3138 1009 μὴ
3183 937 3484 1015 πάσχοντες
3607 939 3829 1018 δρῶντες

2192 1021 2242 1087 ἐξ
2287 1021 2586 1099 ἀποῤῥήτου
2643 1025 3011 1102 περιχαρείας,
3057 1025 3092 1091 ἢ
3147 1026 3199 1082 τί
3251 1033 3357 1084 τῶν
3409 1025 3828 1106 διαγγελλόντων

2195 1110 2388 1177 ἡδονὴν
2419 1111 2599 1186 ψυψῆς
2643 1109 2727 1167 διὰ
2757 1114 2817 1168 τὸ
2859 1111 3058 1180 πλῆθος
3090 1129 3266 1171 ποιεῖν
3317 1115 3726 1195 εὖλαϐούμενοις
3757 1123 3828 1179 Τὸ

2189 1223 2288 1279 γαρ
2337 1203 2530 1274 σεμνὸν
2585 1203 2681 1266 τῆς
2716 1202 2916 1279 ἀρχῆς,
2951 1204 3037 1259 καὶ
3070 1204 3167 1271 τὴν
3216 1203 3348 1272 ὅλην
3392 1205 3452 1262 ἐκ
3492 1211 3827 1288 περιφανείας

2186 1291 2509 1366 κομψότητα
2568 1288 2782 1370 ἧφύσις
2839 1290 3210 1369 παρευδοκίμει
3241 1297 3326 1350 καὶ
3385 1303 3624 1374 φανερῶς
3655 1297 3827 1377 ἤλεγ-

2186 1402 2309 1458 χεν,
2371 1379 2644 1456 ’Ἒκραζον
2692 1383 2778 1435 οὖν
2839 1385 2955 1438 οἷον
3015 1382 3404 1448 ἐνθουσίῶντες·
3469 1385 3534 1442 Ἢ
3597 1389 3829 1466 Θυγάτηρ

2185 1469 2343 1544 αὕτη,
2376 1471 2409 1536 ἡ
2467 1467 2692 1548 ἀδελφὴ,
2725 1471 2759 1536 ἡ
2803 1471 2910 1526 τῶν
2953 1471 3236 1550 ὁῳθαλμῶν
3281 1472 3471 1549 ἡδονὴ,
3502 1477 3564 1532 τὸ
3606 1483 3704 1544 τῆς
3732 1479 3828 1534 τύ·-

2185 1581 2295 1637 χης
2358 1557 2688 1635 ἄγαλλίαμα,
2736 1560 2800 1625 ἣν
2857 1559 3192 1637 ἀνάρπαστον
3248 1563 3488 1639 γενέσθαι
3543 1567 3646 1623 ὑπὸ
3699 1570 3831 1624 θεῶν

2187 1649 2559 1724 νενομίκαμεν,
2595 1649 2660 1716 ἢν
2718 1649 2879 1724 ἡμεῖς
2923 1652 3027 1729 οὔχ⁸
3087 1653 3312 1730 ὁρῶντες
3359 1653 3472 1710 οὐδὲ
3522 1656 3646 1732 ὀρᾷν
3692 1655 3832 1721 ὅλως

2187 1742 2298 1802 φῶς
2364 1737 2717 1817 ἠνειχόμεθα.
2797 1748 2971 1796 Ταῦτα
3042 1743 3130 1796 καὶ
3203 1743 3230 1796 ὁ
3295 1740 3463 1815 δῆμος
3521 1743 3835 1809 ἀκούσαντες

460 1829 650 1912 vimus
704 1825 888 1887 fuisse
919 1845 954 1887 a
1015 1826 1124 1887 diis
1155 1835 1383 1906 raptam
1425 1848 1438 1887 :
1495 1845 1671 1907 quam
1706 1843 1816 1886 nos
1846 1844 1964 1886 non
2015 1824 2103 1887 vi-

2191 1824 2394 1894 δηλαδῆ
2452 1829 2540 1883 καὶ
2597 1827 2845 1901 ὁρῶντες,
2896 1830 2994 1892 Εἷς
3055 1831 3188 1894 Θεὸς
3247 1830 3454 1899 ἀληθὴς
3509 1834 3537 1888 ὀ
3590 1838 3836 1912 Χριστὸς,

457 1911 690 1989 dentes,
719 1933 792 1977 ne
823 1914 1030 1978 videre
1050 1915 1290 1996 quidem
1319 1915 1508 1977 lucem
1536 1921 1780 1976 omnino
1812 1913 2103 1976 sustinui-

457 2019 610 2063 mus.
645 2005 788 2066 Haec
821 2005 1072 2085 populus
1103 2023 1340 2086 quoque
1371 2005 1601 2066 scilicet
1645 2004 1895 2066 audiens
1926 2013 1986 2065 et
2015 2004 2103 2065 vi-

458 2089 609 2154 dens
643 2115 656 2156 :
691 2093 856 2157 Unus
885 2093 1044 2157 Deus
1096 2104 1184 2157 est
1214 2115 1386 2157 verus
1418 2094 1708 2168 Christus,
1746 2093 2100 2156 clamabant.

460 2179 813 2264 Quicunque
843 2193 1040 2246 autem
1069 2203 1137 2247 ex
1167 2185 1518 2246 Christianis
1561 2185 1729 2264 paulo
1762 2183 2104 2264 diligentio-

457 2269 625 2334 ribus
669 2274 1112 2355 exspectabant,
1161 2284 1222 2336 ut
1285 2284 1415 2356 post
1473 2281 1726 2336 mortem
1789 2282 2104 2354 martyrum

467 2377 718 2440 corpora
773 2363 1070 2439 tollerent,
1109 2371 1168 2427 et
1204 2365 1656 2427 convenientem
1691 2363 1777 2424 eis
1833 2372 2108 2442 pararent

465 2452 856 2529 sepulturam,
893 2455 936 2515 ii
992 2474 1127 2517 cum
1182 2454 1512 2516 audiissent
1565 2463 1680 2516 tam
1729 2453 2104 2534 repentinam

462 2541 720 2618 praefecti
752 2552 808 2605 et
831 2545 1034 2626 populi
1068 2544 1481 2618 mutationem,
1518 2562 1650 2607 cum
1691 2542 1876 2604 turbis
1909 2544 2104 2622 prosi-

463 2628 614 2692 liunt
644 2652 658 2693 :
716 2659 739 2689 ιι
777 2634 920 2706 Quis
951 2645 1040 2696 est
1072 2652 1340 2714 magnus,
1375 2634 1526 2694 sicut
1575 2634 1734 2696 Deus
1766 2639 1967 2693 noster
1993 2632 2046 2708 τ,
2076 2655 2100 2692 ι)

459 2719 574 2782 alta
631 2741 772 2784 voce
822 2726 1166 2803 clamantes,
1221 2749 1244 2778 α
1285 2722 1388 2804 qui
1438 2723 1660 2785 revelat
1705 2721 1996 2802 profunda
2052 2731 2111 2784 et

454 2812 724 2886 oculta8,
759 2815 906 2876 etin
966 2813 1182 2876 astutia
1239 2813 1506 2896 ipsorum
1557 2811 1953 2892 apprehendit
2007 2831 2108 2872 sa—

457 2903 746 2980 pientes9
779 2903 804 2964 ?
853 2903 1030 2966 Pater
1059 2911 1255 2966 autem
1307 2921 1441 2964 cum
1474 2901 1716 2964 invitam
1776 2900 2104 2980 Eugeniam

2190 1915 2379 1972 ἐϐόων.
2447 1914 2617 1973 ’Ὅσοι
2649 1915 2702 1972 δὲ
2752 1923 2856 1972 τῶν
2886 1917 3303 1996 σπουδειοτὲρων
3349 1929 3672 1997 Χριστιανῶν
3736 1947 3837 1982 πε-

2191 2025 2493 2086 ριμενοντες
2539 2006 2702 2081 ἦσαν,
2735 2007 2871 2062 ὥστε
2931 2009 3067 2080 μετά
3116 2011 3208 2065 τὸν
3266 2010 3490 2067 θάνατον
3532 2019 3638 2070 τῶν
3696 2037 3838 2092 μαρ-

2190 2094 2356 2172 τύρων
2389 2094 2663 2153 ἀνελέσθαι
2715 2097 2779 2152 τὰ
2814 2097 3039 2172 σώματα
3093 2101 3182 2155 καὶ
3238 2105 3411 2180 ταφῆς
3463 2100 3683 2166 ἀξιῶσαι
3739 2105 3838 2174 τῆς

2191 2187 2593 2262 προσηκούσης,
2639 2186 2780 2242 οὗτοι
2810 2185 2863 2241 δὲ
2918 2187 3209 2261 πυθόμενοι
3269 2189 3364 2255 τὴν
3421 2189 3588 2255 οὕτως
3647 2193 3834 2272 ἀθρόαν

2193 2273 2362 2344 δήπου
2411 2282 2502 2332 τοῦ
2533 2275 2773 2354 ἐπάρχου
2829 2278 3036 2333 καὶτοῦ
3079 2275 3252 2351 δημου
3282 2277 3582 2348 μεταϐολὴν
3641 2285 3836 2352 εἰσπη-

2191 2363 2317 2421 eam
2359 2365 2495 2439 μετά
2543 2370 2648 2421 τῶν
2697 2363 2903 2444 ὄχλων,
2938 2368 3022 2428 Τίς
3068 2367 3234 2444 μέγας
3275 2370 3348 2432 ὡς
3407 2370 3434 2425 ὁ
3466 2372 3594 2433 Θεὸς
3655 2375 3832 2452 ἡμῶν,

2191 2454 2523 2531 γεγωνοτέρᾳ
2565 2459 2633 2528 τῇ
2679 2462 2829 2533 φωνῇ
2878 2456 3132 2535 βοῶντες,
3166 2458 3193 2513 ὁ
3235 2457 3620 2517 ἀνακαλύπτων
3675 2463 3837 2538 βαθέα

2193 2547 2278 2600 καὶ
2336 2543 2612 2623 ἀπόκρυφοι
2644 2545 2727 2600 καὶ
2789 2550 2856 2620 τῇ
2911 2548 3080 2602 αὐτῶν
3137 2548 3426 2625 πανουργίᾳ
3470 2551 3591 2616 τοὺς
3647 2553 3834 2632 σοφοὺς

2191 2632 2606 2709 δρασσόμενος;
2664 2631 2723 2689 Ὀ
2779 2633 2961 2707 μέντοι
3026 2635 3202 2714 πατὴρ
3250 2638 3338 2692 καὶ
3381 2635 3609 2698 ἄκουσαν
3667 2631 3831 2718 Εὖγε-

2191 2724 2300 2779 νίαν
2334 2720 2608 2801 διαχρύσῳ
2657 2721 2956 2800 περιϐαλὼν
3013 2724 3181 2794 στολῆ
3244 2725 3524 2804 (ἠϐούλετο
3554 2729 3652 2806 γὰρ
3711 2753 3830 2788 κοι-

2189 2813 2385 2876 νωνοὺς
2448 2813 2649 2876 πάντας
2682 2813 2781 2880 τῆς
2837 2814 3164 2893 εὔφροσύνης
3223 2815 3458 2890 λαϐεῖν),
3492 2818 3574 2898 ἐφ’
3629 2819 3838 2895 ὑψηλοῦ

2189 2923 2246 2958 τε
2281 2900 2556 2959 ἀνεϐίϐασε
2586 2902 2770 2981 θρόνου
2799 2904 2886 2960 καὶ
2915 2905 3100 2972 ὀθῆναι
3128 2911 3255 2962 πᾶσι
3297 2909 3576 2974 πεποίηκε.

449 3010 630 3054 aurea
681 3001 842 3055 veste
871 2993 1165 3056 induisset
1191 2991 1460 3071 (volebat
1507 2991 1667 3054 enim
1700 3009 1910 3052 omnes
1958 3009 2090 3054 esse
2121 3009 2243 3054 suae
2285 2991 2608 3072 participes
2656 2991 2914 3070 laetitiae),
2949 2993 3012 3055 in
3042 2993 3158 3056 alta
3207 3011 3338 3056 eam
3369 2994 3515 3058 sede
3571 2997 3836 3064 colloca-

448 3083 550 3156 vit,
587 3091 645 3145 et
676 3083 816 3145 fecit
845 3093 910 3147 ut
937 3083 1241 3145 videretur
1269 3081 1342 3143 ab
1370 3081 1669 3144 omnibus.

534 3172 900 3237 XXIVDum
927 3173 1052 3235 haec
1075 3181 1271 3235 autem
1293 3170 1816 3252 gerebantur,ipse
1839 3190 2076 3253 quoque
2123 3183 2164 3231 c

455 3264 552 3344 qui
587 3273 676 3325 est
701 3265 762 3325 in
790 3264 940 3326 coelo
971 3262 1148 3343 Deus,
1180 3271 1279 3324 aut
1305 3270 1366 3323 ut
1397 3263 1588 3343 potius
1619 3261 1808 3322 dicam
1841 3281 1975 3324 cum
2008 3261 2100 3324 di-

455 3353 588 3414 vino
647 3351 780 3428 Job,
813 3353 913 3432 qui
973 3361 1100 3414 erat
1159 3351 1220 3412 in
1254 3351 1418 3414 caelis
1451 3351 1620 3412 testis
1667 3350 1966 3428 Eugeniae,
2001 3351 2104 3427 qui

457 3451 588 3505 erat
617 3442 679 3504 in
711 3441 879 3504 caelis
910 3443 1042 3522 ejus
1073 3441 1348 3504 conscius
1377 3441 1450 3522 ίο,
1482 3441 1863 3520 repentinum
1905 3441 2101 3518 ignem

456 3531 1054 3612 desuperjaculatus,
1089 3529 1421 3593 Melanthiae
1457 3530 1701 3591 domum
1735 3530 2105 3610 consumpsit

459 3623 728 3684 omnino.
765 3621 930 3684 Illam
954 3623 1114 3682 enim
1141 3629 1360 3681 aeterno
1379 3620 1718 3683 reservavit.
1751 3619 1876 3682 Hoc
1903 3628 2099 3680 autem

455 3716 675 3775 factum
709 3711 930 3784 effecit,
959 3719 1018 3772 ut
1051 3709 1218 3772 multi
1252 3719 1750 3771 converterentur
1776 3710 1846 3770 ad
1882 3710 2100 3771 verita-

457 3811 602 3864 tem.
671 3801 949 3864 Protinus
1007 3818 1147 3878 ergo
1197 3818 1231 3860 a
1285 3798 1640 3862 Christianis
1689 3797 2103 3860 celebrabatur

453 3895 666 3956 festum
698 3897 1108 3965 commune,et
1130 3888 1304 3966 longa
1330 3895 1553 3950 mutata
1586 3895 1674 3950 est
1696 3887 2098 3969 tristitia,cum

457 3981 770 4063 praefectus
793 3979 1032 4058 quidem
1053 3977 1383 4040 simulcum
1411 3977 1529 4038 ﬁlia
1566 3977 1893 4039 invenisset
1925 3979 2104 4058 pieta-

459 4081 602 4146 tem,
627 4079 686 4134 et
713 4071 781 4132 ad
816 4070 1116 4132 Christum
1168 4067 1538 4139 accessisset,
1569 4077 1628 4128 et
1657 4075 1861 4130 sancto
1891 4067 2100 4130 fuisset

447 4160 787 4239 obsignatus
819 4159 1174 4240 baptismate
1205 4175 1218 4220 :
1261 4156 1617 4218 Christianis
1649 4175 1786 4219 vero
1833 4157 2104 4236 protinus

447 4269 631 4312 sacrm
655 4250 908 4312 redditae
939 4256 1136 4310 essent
1166 4246 1460 4327 ecclesiae,
1487 4255 1546 4308 et
1574 4247 1612 4308 ii
1640 4266 1788 4328 quos
1814 4247 1976 4326 prius
2000 4245 2102 4307 ba-

447 4340 691 4414 bebant,
726 4340 987 4400 honores
1045 4345 1103 4397 et
1139 4336 1461 4416 privilegia.
1497 4337 1629 4400 Non
1680 4336 1870 4396 solum
1902 4343 2098 4396 autem

445 4433 571 4494 haec
600 4431 837 4491 fuerant
887 4426 1222 4504 consecuti,
1254 4427 1356 4488 sed
1391 4425 1565 4488 etiam
1612 4425 1700 4487 eis
1729 4423 1945 4486 licebat
1976 4432 2098 4486 tuto

2271 3174 2405 3232 KA'.
2455 3170 2548 3230 Ἐν
2592 3173 2637 3248 ᾧ
2695 3170 2751 3228 δὲ
2805 3175 2969 3230 ταῦτα
3025 3175 3336 3250 ἐπράττετο,
3366 3179 3453 3232 καὶ
3495 3177 3651 3235 αὐτὸς
3693 3179 3721 3234 ὁ
3778 3178 3832 3234 ἐν

2189 3262 2392 3339 οὖρανῷ
2451 3263 2604 3341 Θεὸς,
2639 3262 2674 3330 ἢ
2728 3260 2957 3337 μᾶλλον,
2988 3263 3048 3318 τὸ
3105 3274 3197 3324 τοῦ
3249 3265 3386 3321 θείου
3416 3261 3540 3320 Ἰὼϐ
3593 3261 3770 3343 φάναι,
3806 3266 3834 3320 ὀ

2187 3351 2242 3406 ἐν
2299 3352 2542 3429 οὔρανοῖς
2577 3351 2828 3428 Εὗγενίας
2859 3352 3080 3431 μάρτυς,
3115 3353 3143 3408 ὁ
3207 3352 3261 3409 ἐν
3292 3352 3530 3427 etiam;
3581 3356 3835 3432 συνίστωρ

2191 3443 2375 3516 αὐτῆς,
2441 3447 2540 3516 πῦρ
2599 3439 2850 3520 αἰφνίδιον
2924 3441 3196 3514 οὐρανόθεν
3256 3441 3402 3522 ἀφεὶς
3458 3447 3549 3500 τὸν
3619 3442 3836 3500 Μελαν-

2186 3530 2298 3594 θίας
2353 3530 2508 3587 οἶκον
2539 3531 2612 3594 εἷς
2670 3529 2810 3588 ἅπαν
2863 3530 3128 3588 ἀνάλωσε·
3177 3531 3382 3599 ἐκείνην
3426 3533 3526 3610 γὰρ
3584 3539 3660 3608 τῷ
3703 3535 3838 3590 αἰω-

2186 3619 2279 3676 νίω
2331 3617 2535 3694 μᾶλλον
2579 3619 2955 3695 ἐταμιεύσατο.
3006 3623 3104 3680 Καὶ
3145 3623 3207 3678 τὸ
3251 3623 3469 3700 γεγονὸς
3515 3628 3671 3680 τοῦτο
3713 3622 3836 3680 ἐπιε-

2187 3708 2408 3786 στρέψαι
2465 3708 2696 3774 πολλοὺς
2776 3712 2906 3788 πρὸς
2966 3711 3064 3778 τὴν
3109 3709 3364 3780 ἀλήθειαν
3422 3712 3834 3790 παρεσκεύασεν.

2187 3800 2380 3856 Λύτίκα
2436 3806 2562 3878 γοῦν
2621 3812 2739 3863 τοῖς
2821 3806 3162 3877 Χριστιανοῖς
3219 3799 3384 3876 ἤγετο
3425 3807 3578 3869 κοινὴ
3655 3801 3836 3879 ἑορτὴ,

2185 3889 2273 3946 καὶ
2317 3891 2350 3957 ἡ
2413 3889 2591 3964 μακρὰ
2631 3887 2894 3965 κατήφεια
2961 3885 3341 3963 μετεϐάλλετο,
3375 3897 3468 3944 τοῦ
3513 3890 3610 3954 μὲν
3671 3890 3838 3968 ἐπάρ-

2185 4002 2290 4058 χου
2361 3981 2497 4054 μετὰ
2579 3978 2836 4055 θυγατρός
2911 3977 3022 4051 ἅμα
3093 3978 3183 4032 καὶ
3245 3978 3338 4044 τὴν
3410 3977 3680 4036 εὐσέϐειαν
3745 3982 3840 4036 εὑ-

2187 4069 2410 4146 ρηκότος
2445 4073 2654 4146 Χριστῷ
2722 4086 2778 4121 τε
2853 4063 3230 4143 προσελθόντος
3288 4067 3377 4122 καὶ
3437 4075 3510 4141 τῷ
3571 4069 3705 4146 ἁγίῳ
3734 4091 3841 4136 ση.

2183 4156 2500 4232 μειωθέντος
2568 4155 2921 4230 βαπτίσματι,
2979 4155 3320 4232 Χριστιανοῖς
3396 4155 3451 4212 δὲ
3510 4179 3614 4212 των
3688 4161 3842 4237 ἱερῶν

2184 4248 2328 4309 εόθὺς
2388 4245 2688 4311 ἐκκλησιῶν
2748 4242 3098 4301 ἀναδοθεισῶν
3150 4245 3246 4302 καῖ
3293 4247 3368 4304 ὧν
3399 4249 3560 4328 εἶχον
3593 4251 3695 4327 πρὸ
3749 4257 3842 4306 τοῦ

2183 4341 2352 4409 τιμῶν
2423 4356 2480 4390 τε
2537 4335 2624 4389 καὶ
2698 4335 3022 4410 προνομίων,
3085 4337 3158 4393 Οὔ
3229 4337 3394 4412 μόνον
3453 4337 3506 4393 δὲ
3580 4360 3840 4396 τοιούτων

2182 4425 2502 4504 ἐτύγχανον,
2535 4421 2672 4479 ἀλλὰ
2697 4425 2784 4480 καὶ
2827 4423 2990 4491 ἀδεῶς
3039 4424 3221 4506 ἐφεῖτο
3277 4428 3372 4490 τὰς
3407 4427 3593 4491 πόλεις
3639 4431 3836 4490 οἰκεῖν.

443 4519 713 4582 habitare
762 4517 1028 4579 civitates
1066 4536 1082 4592 ;
1111 4515 1224 4577 hoc
1251 4515 1411 4576 enim
1445 4515 1535 4578 eis
1587 4517 1920 4596 procuravit
1951 4513 2096 4575 Phi-

2191 4513 2458 4578 Ψίλιππως
2507 4514 2605 4592 γὰρ
2651 4516 2805 4572 τοῦτο
2850 4515 3034 4581 αὐτοῖς
3067 4521 3484 4596 περιεποιήσατο
3529 4532 3646 4584 τοῖς
3699 4541 3837 4596 κρα-

449 4610 668 4688 lippus,
697 4626 829 4667 cum
862 4574 1164 4668 retulisset
1189 4605 1259 4666 ad
1302 4574 1697 4684 imperato'res
1725 4606 2008 4666 Severum
2040 4613 2098 4664 et

2191 4607 2356 4662 τοῦσιν
2414 4574 2734 4682 ἀνεύεγκὼν,
2770 4605 2988 4682 Σευήρῳ
3019 4628 3073 4663 τε
3102 4574 3189 4664 καὶ
3233 4574 3348 4680 Diu;
3400 4611 3476 4680 τῷ
3534 4574 3833 4687 Ἀντωνίῳ,

451 4699 608 4779 pium
640 4695 984 4767 Antonium,
1011 4712 1140 4756 esse
1165 4694 1376 4756 inutile
1407 4693 1660 4775 imperio
1683 4695 2094 4756 Romanorum

2191 4691 2485 4758 Ξιλυσιτελές
2556 4694 2700 4751 εὗναι
2759 4701 2828 4772 τῇ
2897 4695 3177 4771 Ῥωμαίων
3261 4698 3407 4774 dupli,
3493 4697 3832 4772 Χριστιανοὺς

447 4785 662 4866 expelli
695 4783 1158 4858 Christianos,ut
1189 4785 1288 4864 qui
1317 4803 1432 4846 non
1468 4783 1525 4844 in
1551 4781 1754 4863 paucis
1784 4782 1903 4843 sint
1927 4799 2096 4842 com-

455 4873 621 4936 muni
647 4875 841 4936 utiles.
869 4873 1097 4950 Eisque
1119 4873 1635 4954 convenientibus,
1661 4890 1868 4936 rursus
1899 4870 2101 4932 videre

452 4963 666 5026 licebat
727 4964 1146 5026 Alexandriam
1181 4963 1359 5026 veluti
1414 4963 1612 5025 denuo
1645 4959 1967 5023 conditam.
2005 4958 2099 5022 Si-

453 5054 612 5116 milis
645 5053 836 5136 quies,
864 5063 920 5116 et
965 5053 1174 5115 similis
1213 5071 1528 5116 successus
1563 5059 1688 5113 erat
1721 5056 1898 5110 etiam
1937 5049 1998 5111 in
2031 5048 2104 5112 iis

454 5163 584 5226 quae
635 5151 772 5206 sunt
802 5145 860 5204 in
914 5143 1185 5226 Egypto,
1222 5142 1492 5215 urbibus,
1531 5147 1588 5202 et
1643 5138 1934 5202 ﬂorebant
1989 5138 2102 5201 ite-

445 5253 577 5295 rum
617 5252 713 5295 res
746 5233 1245 5312 Christianorum,
1281 5231 1574 5312 clamque
1609 5237 1668 5293 et
1700 5229 1950 5291 excelsae
1985 5229 2094 5290 tie-

449 5323 612 5386 banL

527 5413 710 5477 XXV.
747 5413 863 5476 Sed
917 5412 1198 5492 quoniam
1230 5429 1361 5471 cum
1398 5410 1580 5472 virtus
1639 5409 1788 5472 adeo
1818 5419 1982 5473 recte
2035 5432 2100 5476 se

452 5505 722 5580 haberet,
776 5503 993 5564 accidit
1053 5509 1117 5563 ut
1166 5508 1377 5562 contra
1429 5501 1724 5582 irreperet
1781 5501 2010 5584 vitium,
2045 5512 2102 5566 et

536 5687 564 5741 7
594 5686 748 5750 Psal.
785 5701 985 5763 Lxxw,
1018 5685 1116 5755 14.
1208 5685 1240 5736 8
1267 5683 1414 5749 Dan.
1449 5701 1513 5758 ιι,
1549 5685 1648 5752 22.

1738 5685 1769 5743 9
1797 5682 1936 5752 Job.
1971 5701 2032 5766 v,
2064 5684 2143 5747 t3
2175 5705 2190 5762 ;
2228 5681 2252 5747 Ι
2283 5683 2418 5748 Cor.
2453 5693 2544 5766 ιιι,
2578 5682 2676 5746 19.

2183 4784 2591 4854 ἀπελαύνεσθαι,
2624 4786 2718 4843 ἅτε
2751 4788 2828 4862 μὴ
2887 4785 2942 4842 ἐν
2973 4786 3173 4863 ὀλίγοις
3230 4787 3526 4865 χρησίμους
3564 4785 3641 4858 τῷ
3672 4789 3835 4857 κοινῷ

2184 4875 2520 4952 γενομένους.
2557 4876 2662 4938 Καὶ
2716 4876 3019 4952 συνιόντων,
3056 4874 3120 4942 ἦν
3176 4875 3300 4952 ὁρᾷν
3351 4873 3498 4938 αὖθις
3542 4873 3639 4940 τὴν
3673 4871 3832 4930 Ἀλε-

2183 4963 2438 5045 ξανδρὲων
2496 4965 2676 5041 ὥσπερ
2739 4965 2801 5022 ἐκ
2858 4962 3095 5040 δευτέρου
3117 4963 3280 5019 πάλιν
3331 4961 3692 5036 οἷκιζομὲνην·
3745 4961 3834 5022 Ἐν

2184 5056 2392 5131 ὁμοίαις
2447 5053 2501 5110 δέ
2551 5067 2674 5118 ταῖς
2735 5053 2944 5109 ἀνέσεσι
3004 5052 3092 5106 καὶ
3136 5063 3258 5112 ταῖς
3315 5052 3576 5119 εὖθηνίαις
3642 5055 3727 5111 καὶ
3785 5058 3836 5111 αἱ

2186 5144 2304 5202 κατ’
2359 5144 2631 5222 Αἴγυπτον
2689 5141 2875 5205 πόλεις
2917 5139 3078 5215 ἦσαν,
3109 5142 3198 5196 καὶ
3258 5141 3424 5199 πάλιν
3461 5143 3525 5199 τὰ
3582 5151 3830 5222 Χριστια-

2186 5243 2288 5294 νῶν
2317 5233 2484 5312 ἤνθει,
2519 5231 2780 5307 διέλαμπέ
2816 5252 2874 5287 τε
2903 5231 2992 5286 καὶ
3020 5229 3338 5309 ὑπερῄρετο.

2267 5411 2395 5471 ΚΕ’.
2429 5408 2582 5466 Ἀλλ’
2612 5406 2823 5480 ἐπειδὴ,
2856 5405 3035 5474 καλῶς
3063 5407 3201 5465 οὕτω
3219 5415 3317 5477 τῆς
3348 5412 3541 5489 ἀρετῆς
3573 5411 3836 5492 ἐχούσης,

2183 5505 2282 5570 τὴν
2339 5501 2527 5557 κακίαν
2585 5498 2824 5576 ἔμπαλιν
2886 5497 3184 5557 συνέϐαινεν
3214 5499 3461 5580 ὑποῤῥεῖν
3515 5502 3840 5572 πλήττεσθαί

2767 5679 2818 5725 ιο
2843 5680 2978 5747 .Iob.
3010 5696 3133 5764 xvr,
3166 5683 3270 5748 20.
