4148 6394
320 356 440 424 637

1502 356 1969 425 MARTYRIUM
2024 357 2083 421 S.
2150 358 2533 423 EUGENI/E.

3585 356 3701 425 638

318 519 384 554 τε
436 497 525 553 τον
570 488 732 565 αὗτῆς
792 494 970 554 αἴτιον
1027 494 1280 576 ἰσχυρῶς,
1349 494 1464 555 οὐδὲ
1521 504 1677 554 τανῦν
1735 497 1877 577 φέρει
1942 498 1970 553 ὁ

2064 496 2155 576 qui
2212 505 2303 558 est
2360 498 2492 577 ejus
2552 505 2782 574 auctor,
2843 496 3102 576 graviter
3159 495 3548 575 sauciarelur,
3602 494 3701 563 res

320 601 444 653 τοῖς
516 586 708 652 καλοῖς
769 586 1132 661 ἀντικείμενος
1160 629 1177 659 ,
1230 586 1366 643 ἀλλὰ
1420 592 1528 644 τῶν
1591 584 1970 664 Ἀλεξανδρέων

321 679 473 742 τινας
504 676 742 734 ὑπελθὼν
787 677 841 735 ο’ί
874 677 1090 752 πλούτῳ
1132 677 1231 753 μὲν
1288 679 1374 733 καὶ
1428 679 1737 755 περιφανείᾳ
1782 699 1970 755 περιτ-

317 772 430 832 τῶς
481 772 663 848 εἰχον,
702 768 808 824 ὑπὸ
851 765 906 824 δὲ
950 772 1050 834 τῆς
1093 768 1211 844 περὶ
1269 767 1337 822 τὰ
1367 765 1566 823 εἴδωλα
1614 769 1804 842 μανίας
1834 788 1969 846 κρα-

309 863 480 921 ταιῶς
541 856 787 937 εἴχοντο,
853 860 1019 913 πείθει
1082 857 1146 911 τὰ
1203 854 1445 931 βασίλειά
1501 859 1560 913 τε
1617 854 1964 931 καταλαϐεῖν,

308 949 405 1004 καὶ
460 960 579 1012 τοῖς
625 949 875 1025 κρατοῦσι
933 944 1322 1025 προσελθόντας
1385 948 1476 1002 τὸν
1561 947 1658 1024 μὲν
1718 950 1818 1025 πρὸ
1877 969 1968 1003 τοο

308 1038 514 1116 χρόνον
544 1040 717 1093 εἱπεϊν
760 1036 970 1093 ἅπαντα
1002 1035 1178 1098 καλῶς
1212 1057 1269 1091 τε
1307 1042 1369 1113 τῇ
1400 1036 1548 1115 ἀρχῇ
1576 1040 1667 1093 τὸν
1697 1037 1966 1094 Φίλιππον

308 1125 606 1202 διαπρέψαι
665 1127 754 1182 καὶ
806 1124 1158 1182 εύσεϐέστατα
1217 1124 1517 1193 διατεθῆναι
1562 1128 1628 1182 τὰ
1672 1129 1790 1193 περὶ
1843 1127 1967 1191 τοὺς

310 1217 492 1294 θεούς,
554 1217 663 1272 νυνὶ
719 1214 798 1289 δὲ,
857 1217 1006 1296 φασὶ,
1067 1214 1287 1271 δέκατον
1343 1213 1461 1278 ἔτος
1519 1218 1643 1273 ούκν
1673 1214 1781 1272 οἷδ’
1823 1214 1851 1271 ὅ
1910 1230 1965 1271 τι

310 1306 503 1363 παθὼν
558 1305 745 1361 ἑαυτόν
802 1327 858 1361 τε
917 1307 1002 1360 καὶ
1061 1310 1236 1360 πᾶσαν
1295 1305 1398 1371 τὴν
1456 1304 1613 1360 πόλιν
1669 1305 1963 1384 ἀνατρέψαι

313 1395 653 1469 διενοήσατο,
699 1396 798 1463 τὴν
855 1400 960 1450 τῶν
1010 1393 1276 1471 μεγίστων
1323 1393 1456 1451 θεῶν
1526 1395 1690 1470 τιμὴν
1731 1397 1803 1459 εἷς
1848 1396 1964 1461 ἐνὸς

314 1484 598 1561 ἀνθρώπου
665 1484 909 1558 λατρείαν
987 1484 1334 1562 μεταγαγὼν,
1407 1485 1465 1538 δν
1521 1487 1577 1540 ἒν
1638 1484 1963 1562 Παλαιστίνῃ

2057 594 2386 665 praesentes
2420 605 2535 648 non
2567 586 2921 668 patitor,qui
2954 594 3045 648 est
3077 586 3252 649 bonis
3275 588 3652 650 adversarius
3684 606 3698 649 :

2055 674 2160 736 sed
2194 674 2369 737 tacite
2400 694 2463 737 se
2495 675 2806 738 insinuans
2857 676 3212 757 quibusdam
3258 677 3705 754 Alexandrinis,

2054 763 2156 845 qui
2188 773 2359 825 erant
2382 766 2605 828 divitiis
2632 766 2875 849 quidem
2911 774 2969 828 et
2995 767 3236 847 generis
3263 768 3593 848 splendore
3619 766 3708 831 in-

2054 853 2274 933 signes,
2334 855 2792 918 simulacrorum
2846 865 3041 918 autem
3075 857 3275 919 cultus
3317 857 3505 918 furori
3540 864 3710 920 erant

2050 943 2324 1023 impense
2354 944 2562 1019 dediti,
2598 946 2922 1027 persuadet
2951 946 3061 1027 eis,
3109 955 3173 1008 ut
3208 954 3343 1009 eant
3375 948 3433 1008 in
3480 947 3705 1025 regiam

2050 1040 2111 1093 et
2138 1034 2499 1096 accedentes
2530 1036 2602 1096 ad
2628 1038 3279 1116 imperatores,dicant,
3308 1046 3428 1099 toto
3460 1039 3702 1118 quidem

2052 1123 2414 1204 prmaedenti
2441 1135 2715 1206 tempore
2744 1144 2809 1187 se
2831 1126 2891 1187 in
2917 1128 3263 1206 magistratu
3298 1128 3544 1207 pulchre
3559 1145 3700 1207 ges-

2051 1212 2204 1274 sisse
2228 1213 2569 1296 Philippum
2605 1265 2621 1290 ,
2655 1223 2716 1278 et
2748 1215 2916 1277 valde
2946 1217 3043 1297 pie
3074 1218 3345 1279 affectum
3397 1217 3583 1278 fuisse
3641 1217 3704 1278 in

2047 1301 2216 1366 deos.
2250 1302 2419 1365 Nunc
2448 1314 2668 1381 autem,
2706 1305 3007 1386 inquiunt,
3032 1307 3333 1368 nescimus
3365 1327 3481 1388 quo
3516 1317 3701 1383 motu,

2042 1392 2167 1471 jam
2198 1392 2410 1455 decem
2444 1395 2620 1456 annis
2650 1395 2888 1470 abhinc,
2949 1405 3006 1457 et
3036 1414 3102 1457 se
3128 1406 3181 1457 et
3218 1404 3401 1458 totam
3441 1405 3706 1458 nostram

2054 1482 2354 1546 civitatem
2383 1485 2441 1545 in
2475 1488 2675 1547 animo
2708 1485 2917 1547 habuit
2943 1495 3233 1560 evertere,
3268 1488 3496 1548 honore
3528 1487 3713 1548 maxi-

313 1577 451 1653 πρὸς
504 1571 765 1632 Ἰοδδαίων
822 1572 1265 1630 ἆνέσκολοπίσθαι
1352 1572 1593 1651 λέγουσι,
1651 1576 1830 1651 Ταύτῃ
1891 1598 1971 1633 τοι

2064 1590 2291 1633 morum
2337 1573 2589 1635 deorum
2623 1574 2895 1637 traducto
2938 1576 3009 1638 ad
3044 1576 3269 1638 cultum
3303 1576 3479 1637 unius
3507 1575 3709 1637 homi-

322 1667 417 1720 καὶ
477 1663 629 1722 ἔλυσε
715 1665 814 1736 μὲν
898 1663 991 1729 ἔθη
1073 1663 1269 1740 πάτρια
1305 1710 1322 1742 ,
1380 1662 1603 1740 ἐτίμησε
1677 1662 1731 1720 δὲ
1781 1666 1974 1740 νόμους

2064 1661 2357 1741 nis,quem
2383 1663 2589 1725 dicunt
2632 1664 2694 1725 in
2730 1666 3047 1727 Palrestina
3078 1666 3264 1729 fuisse
3295 1666 3646 1728 cruciﬁxum
3676 1684 3712 1726 a

325 1753 504 1834 νέοος,
556 1755 879 1830 προετίμησε
922 1753 978 1809 δὲ
1023 1752 1143 1814 τοὺς
1187 1751 1402 1815 ἀσεϐεῖς
1445 1756 1622 1829 ἡμῶν,
1687 1756 1774 1811 καὶ
1818 1777 1974 1812 συνε-

2064 1751 2395 1815 Ιιιιὶωίελιε
2422 1771 2623 1815 mores
2651 1754 2897 1835 quidem
2927 1756 3101 1816 solvit
3130 1756 3378 1836 patrios,
3400 1755 3712 1818 honoravit

325 1843 524 1906 λόντας
580 1845 772 1917 είπεϊν,
806 1841 952 1899 οὒδὲν
999 1849 1107 1898 τῶν
1157 1844 1232 1907 εἷς
1277 1843 1580 1920 ἀνατροπὴν
1637 1842 1778 1908 ὅλως
1821 1846 1978 1919 ἡμῶν

2064 1859 2201 1903 vero
2226 1860 2404 1904 novas
2432 1843 2617 1922 leges,
2644 1844 2860 1925 impios
2889 1852 3086 1907 autem
3120 1844 3294 1906 nobis
3320 1844 3602 1925 praetulit,
3647 1854 3707 1906 et

328 1954 387 1989 τε
416 1933 507 1990 καὶ
544 1936 677 1989 θεῶν
737 1931 1084 1990 ἀπολέλοιπε.
1144 1939 1319 1989 Ταῦτα
1375 1935 1420 1989 οἱ
1469 1933 1716 2008 βασιλεῖς
1760 1932 1975 1991 διακού-

2064 1941 2127 1993 ut
2175 1933 2359 1994 semel
2393 1932 2688 2008 dicamus,
2752 1934 2901 1995 nihil
2961 1936 3208 1996 omnino
3260 1935 3462 1996 omisit
3493 1952 3703 1995 eorum

326 2044 521 2082 σαντες
577 2020 951 2081 ἐπιστέλλουσι
995 2018 1170 2078 τοιάδε
1229 2020 1483 2095 Φιλίππῳ
1525 2042 1539 2057 ⁸
1599 2027 1660 2081 ‘0
1722 2024 1818 2098 μὲν
1873 2026 1974 2102 πρὸ

2064 2041 2199 2100 qua:
2229 2022 2535 2103 pertinent
2571 2023 2642 2084 ad
2698 2040 2809 2085 nos
2855 2031 2914 2085 et
2963 2023 3112 2085 deos
3142 2024 3517 2085 evertendas.
3571 2022 3710 2085 Haec

323 2116 487 2187 ἡμῶν
543 2114 812 2176 θειότατος
869 2112 1190 2190 Αὔγουστος,
1224 2112 1551 2190 θεραπευτὴν
1579 2112 1706 2170 ὄντα
1757 2135 1816 2169 σε
1870 2120 1976 2169 τῶν

2064 2130 2194 2174 cum
2227 2112 2560 2173 audiisseut
2607 2112 3029 2192 imperatores,
3095 2113 3220 2175 haec
3281 2112 3561 2174 scribunt
3632 2111 3705 2173 ad

321 2207 464 2260 θεῶν
520 2201 691 2281 εἰδὼς,
758 2203 848 2258 καὶ
907 2203 1025 2279 περὶ
1066 2202 1164 2265 τὰς
1213 2202 1412 2258 τούτων
1466 2204 1626 2278 τιμὰς
1658 2201 1971 2274 σπουδαῖον,

325 2294 592 2370 μεγίστην
632 2313 717 2349 σοι
762 2291 857 2348 καΐ
901 2293 1057 2354 αὐτὸς
1119 2290 1425 2372 παρέσχετο
1483 2294 1582 2360 τὴν
1640 2292 1837 2374 ἀρχὴν,
1890 2295 1978 2350 καὶ

325 2382 511 2462 ὥσπερ
567 2380 790 2457 βασιλέα
850 2380 1056 2457 μᾶλλον
1115 2380 1153 2449 ἢ
1214 2380 1453 2461 ἔπαρχον
1504 2382 1683 2449 πάσης
1741 2381 1977 2463 ἄρχοντα

323 2476 426 2538 τῆς
488 2471 751 2548 Αἰγύπτου
812 2471 1257 2549 καχειροτόνηοιε,
1290 2473 1379 2527 καὶ
1413 2469 1682 2546 μηδέποτέ
1734 2493 1792 2527 σε
1848 2470 1977 2552 ἄχρι

325 2563 419 2619 καὶ
476 2558 742 2621 διατελεῖς
785 2566 915 2639 ζῶν,
951 2560 1047 2626 τῆς
1090 2560 1267 2639 ἀρχῆς
1312 2561 1511 2627 ταύτης
1542 2560 1976 2642 ἀποχειροτονη-

326 2655 487 2717 θῆναι
539 2648 949 2721 διεκελεύσατο,
1010 2648 1149 2706 ἀλλὰ
1199 2647 1707 2728 συνδιαμετρηθῆναι
1751 2659 1829 2726 τῷ
1880 2653 1979 2728 βίῳ

327 2741 420 2796 καὶ
482 2740 574 2806 τὴν
618 2739 821 2818 ἀρχήν,
874 2729 1064 2815 Ἠμεϊς
1109 2737 1164 2794 δέ
1207 2760 1290 2795 σοι
1334 2741 1422 2796 καὶ
1464 2742 1656 2805 ταύτας
1711 2738 1975 2798 διασεσώ-

330 2849 523 2901 καμεν,
558 2827 694 2884 ipsi
735 2835 899 2884 ταῦτα
957 2827 1152 2908 μέχρις
1211 2828 1270 2884 οὗ
1317 2829 1404 2884 καὶ
1448 2828 1608 2891 αύτὸς
1651 2818 1800 2910 φίλος
1861 2842 1977 2892 τοῖς

2059 2200 2401 2282 Philippum
2441 2220 2455 2260 :
2491 2201 2592 2283 qui
2624 2220 2732 2262 nos
2764 2201 3006 2283 quidem
3064 2202 3370 2283 prmcessit
3399 2200 3709 2263 divinissi-

2064 2307 2192 2350 mus
2226 2296 2674 2364 Augustus,cum
2714 2304 2768 2350 te
2794 2294 2965 2352 sciret
2995 2309 3120 2352 esse
3150 2294 3431 2353 cultorem
3453 2296 3709 2358 deorum,

2062 2386 2121 2437 et
2150 2377 2399 2440 honoris
2429 2390 2638 2439 eorum
2673 2396 2807 2440 esse
2838 2378 3372 2459 studiosissimum,
3398 2379 3525 2458 ipse
3557 2395 3711 2459 quo-

2063 2485 2178 2546 que
2209 2466 2313 2527 tibi
2349 2469 2668 2529 maximum
2704 2466 2960 2548 praebuit
2992 2468 3404 2550 imperium,et
3432 2476 3709 2548 tanquam

2062 2573 2268 2634 regem
2306 2557 2501 2636 potius
2534 2576 2713 2638 quam
2771 2558 3138 2636 prastectum,
3183 2558 3360 2637 elegit
3395 2558 3711 2637 praesidem

2061 2645 2289 2727 Egypti
2319 2668 2335 2722 ;
2362 2665 2476 2709 nec
2500 2649 2853 2729 te,quaudiu
2877 2648 3128 2723 viveres,
3156 2648 3230 2709 ab
3255 2649 3367 2710 hoc
3393 2650 3574 2729 jussit
3607 2665 3711 2709 re-

2061 2737 2282 2797 moveri
2319 2737 2688 2816 magistratu,
2739 2739 2844 2799 sed
2902 2756 3036 2800 cum
3100 2738 3232 2799 vita;
3283 2746 3554 2820 tempore
3604 2735 3713 2798 tibi

2061 2842 2195 2887 esse
2226 2826 2609 2888 demensum.
2648 2829 2769 2888 Nos
2789 2835 2986 2890 autem
3014 2826 3120 2889 tibi
3143 2836 3203 2889 et
3232 2828 3389 2890 hunc
3422 2828 3710 2889 honorem

338 2920 482 2980 θεοῖς
539 2917 828 2998 ἐτύγχανες
899 2916 997 2979 ὤν.
1070 2919 1221 2975 Ἐπεὶ
1276 2916 1331 2974 δὲ
1397 2926 1485 2975 νῦν
1542 2916 1978 2997 διατεθρύλληται

2064 2915 2571 2996 conservavimus,
2625 2923 2682 2975 et
2734 2935 2853 2977 non
2887 2935 3114 2998 paucos
3145 2917 3294 2978 alios
3350 2915 3709 2995 adiecimus.

340 3007 461 3083 περὶ
498 3017 610 3086 σοῦ,
652 3008 715 3062 τά
773 3028 831 3063 τε
890 3008 1017 3084 πρὸς
1062 3007 1210 3070 θεοὺς
1274 3004 1601 3081 μεταϐαλεῖν
1658 3029 1717 3064 σε
1765 3012 1863 3064 καὶ
1913 3009 1978 3065 τὰ

2064 3002 2181 3066 Sed
2216 3008 2361 3078 haec,
2419 3005 2680 3085 quandiu
2738 3005 2897 3067 fuisti
2952 3006 3069 3068 diis
3116 3005 3368 3069 amicus.
3416 3003 3709 3076 Quoniam

337 3097 471 3169 πρὸς
543 3098 679 3171 ἡμᾶς
751 3096 849 3153 οὒκ
924 3099 1181 3158 εὐδοίκῶς
1242 3095 1436 3174 ἔχειν,
1494 3098 1894 3176 προστάττομεν
1945 3097 1978 3165 ἢ

2064 3112 2206 3155 vero
2238 3113 2397 3156 nunc
2427 3095 2501 3157 de
2533 3104 2587 3156 te
2617 3097 2899 3174 jactatum
2934 3102 3024 3156 est
3078 3097 3137 3156 in
3192 3097 3422 3175 vulgus,
3459 3094 3620 3171 quod
3655 3101 3714 3155 et

329 3185 592 3264 ἐχόμενόν
624 3208 682 3242 σε
713 3191 821 3241 τῶν
866 3187 1133 3263 προτέρων
1162 3183 1380 3266 ἔχεσθαι
1433 3187 1522 3243 καὶ
1559 3187 1658 3254 τῆς
1716 3193 1904 3261 τιμῆς,
1944 3186 1978 3256 ἢ

2066 3185 2124 3245 in
2157 3183 2450 3262 religione
2483 3185 2727 3247 deorum
2761 3185 2843 3247 sis
2898 3192 3181 3260 mutatus,
3217 3203 3329 3246 nec
3357 3183 3530 3245 nobis
3560 3183 3715 3246 bene

325 3274 723 3353 ἆποστέρξαντα
772 3276 832 3331 τὸ
912 3276 1031 3350 περὶ
1083 3277 1206 3339 τοὺς
1276 3276 1424 3339 θεοὺς
1483 3274 1641 3339 σέϐας
1714 3281 1978 3343 παυθῆναι

2068 3274 2235 3349 velis,
2262 3275 2646 3356 jubemus,ut
2677 3283 2776 3337 aut
2802 3275 3138 3337 insistendo
3172 3274 3477 3356 prioribus
3505 3273 3566 3335 in
3602 3273 3713 3334 ho-

326 3365 417 3420 καὶ
444 3364 542 3432 τῆς
586 3365 789 3445 ἀρχῆς,
837 3366 897 3421 οὗ
940 3365 1048 3438 μὴν
1083 3364 1138 3419 δὲ
1198 3362 1335 3421 ἀλλὰ
1378 3366 1468 3421 καὶ
1521 3366 1795 3446 ἀφαίρεσιν
1840 3368 1977 3422 ὁπο-

2064 3381 2213 3426 nore
2242 3375 2728 3445 permaneas,aut
2753 3365 2801 3426 si
2825 3365 3074 3427 deorum
3096 3365 3319 3427 cultum
3354 3362 3713 3444 repudiave-

328 3458 522 3520 στῆναι
553 3453 649 3511 καΐ
681 3459 778 3521 τῆς
823 3455 1025 3518 οὐσίας.

415 3632 566 3708 κς.
616 3636 791 3692 Ταῦτα
831 3630 1116 3709 δεξάμενον
1175 3635 1264 3690 καὶ
1306 3633 1601 3709 ἀναγνόντα
1659 3635 1749 3690 τὸν
1778 3633 1979 3689 Φίλιπ-

329 3744 455 3803 πον,
504 3724 657 3779 νόσον
702 3723 1042 3800 ὁποκριθῆναι
1101 3721 1201 3788 ἕως
1260 3719 1678 3791 διαπωλήσαντα
1735 3724 1833 3790 τὴν
1886 3723 1980 3780 οὒ-

335 3814 455 3869 σίαν
512 3811 645 3893 διχῆ
712 3810 933 3893 διελεῖν,
986 3815 1074 3869 καὶ
1133 3813 1198 3868 τὰ
1267 3811 1365 3885 μὲν
1421 3810 1753 3891 ἐκκλησίαις,
1814 3813 1881 3868 τὰ
1929 3811 1983 3867 δὲ

334 3915 589 3982 πτωχοῖς
642 3899 913 3976 διανεῖμαι
955 3915 1077 3966 τοῖς
1111 3902 1210 3958 ἀνὰ
1255 3906 1426 3957 πᾶσαν
1460 3901 1556 3982 τῂν
1589 3899 1983 3979 Ἀλεξάνδρειάν

464 3975 529 4014 ’νὴ
617 3993 631 4014 ν
682 3992 696 4011 \
822 3975 827 3976 ⁷
864 3989 889 4012 ν
1304 3995 1325 4005 -ν
1390 4014 1401 4029 ε
1499 3975 1527 4002 ’⁷
1660 3986 1700 4007 M
1788 3994 1803 4014 ν
1841 3975 1850 3979 ⁷
1968 3993 1980 4011 ε

331 4012 393 4047 τε
446 4013 532 4049 και
576 4014 742 4059 auth
817 4001 1088 4068 Αιγυπτον
1148 4010 1442 4064 περιουσιδ,
1522 3996 1597 4045 Ην
1654 4004 1709 4044 Οε
1754 4013 1814 4048 Ου
1866 4010 1984 4066 περι

333 4083 399 4137 τὸ
429 4081 604 4159 λέγειν
650 4082 812 4156 μόνον
845 4084 871 4136 ὃ
902 4080 1170 4142 Φίλιππος
1202 4079 1412 4158 ἐνεργὸς
1457 4081 1558 4146 τὴν
1615 4077 1860 4157 γλῶτται
1910 4100 1982 4142 ως

334 4169 568 4235 πολλοὺς
629 4178 734 4228 τῶν
791 4169 1067 4239 Ἑλλήνων
1148 4172 1478 4244 μεταμαθεῖν
1538 4170 1638 4234 την
1683 4167 1979 4241 ἐεᾱσέϐειαν,

332 4259 474 4317 ἀλλὰ
515 4262 601 4317 καὶ
629 4263 722 4317 τὸν
752 4262 865 4337 βίον
911 4258 1322 4338 θεοφιλέστατος
1380 4258 1466 4313 καὶ
1496 4256 1931 4337 φιλοσοφώτατος
1961 4276 1977 4294 ·

333 4351 475 4408 ὥστε
532 4358 701 4407 πᾶσαν
751 4351 849 4417 τὴν
894 4346 1280 4426 Ἀλεξανδρέων
1331 4351 1482 4424 κοινῇ
1528 4350 1693 4425 ψήφῳ
1721 4350 1851 4426 πρὸς
1882 4347 1981 4415 τὴν

334 4440 638 4508 ἐπισκοπὴν
695 4442 854 4499 αὒτὸν
912 4437 1354 4513 μετακαλεϊσθαι,
1415 4436 1544 4494 "Ott
1601 4435 1655 4492 δὲ
1712 4440 1801 4494 καὶ
1865 4439 1983 4516 περὶ

331 4531 438 4597 τὴν
480 4532 655 4586 πίστιν
708 4529 772 4597 ἧν
828 4529 1149 4605 θερμότατός
1209 4547 1266 4582 τε
1308 4526 1396 4582 καὶ
1455 4525 1913 4607 στεναγνιύτατος,

2065 3455 2167 3535 ris,
2203 3471 2404 3517 cesses
2428 3455 2605 3517 etiam
2639 3474 2851 3533 gerere
2883 3454 3318 3534 magistratum,
3351 3457 3495 3534 quin
3537 3451 3715 3515 etiam

2065 3544 2413 3606 facultatum
2445 3545 2665 3607 subeas
2695 3545 3084 3607 ablationem.

2146 3632 2502 3696 XXVlﬂaac
2519 3653 2656 3695 cum
2682 3635 3016 3715 accepisset
3038 3642 3095 3695 et
3119 3633 3713 3714 legissetPhilippus,

2068 3722 2343 3783 morbum
2377 3724 2696 3803 simulavit,
2763 3724 2959 3785 donec
3008 3723 3261 3784 venditis
3310 3722 3712 3796 facultatibus,

2067 3828 2169 3871 eas
2200 3810 2515 3892 dupliciter
2544 3812 2838 3893 diviserit,
2887 3820 2946 3873 et
2977 3820 3204 3892 partem
3238 3811 3479 3890 quidem
3514 3810 3713 3873 eccle-

2070 3900 2198 3980 siis,
2231 3909 2457 3980 partem
2510 3911 2710 3964 autem
2764 3900 3126 3982 pauperibus
3157 3900 3553 3980 distribuerit,
3615 3899 3715 3981 qui

2068 3998 2237 4050 erant
2290 4006 2396 4069 per
2455 3997 2633 4051 totam
2696 3989 3120 4052 Alexandriam
3172 3996 3231 4049 et
3290 3989 3478 4067 ipsam
3533 3989 3714 4069 [Egy-

2069 4087 2256 4159 ptum.
2310 4077 2449 4139 Erat
2504 4097 2641 4141 vero
2676 4079 2986 4160 Philippus
3019 4097 3138 4139 non
3171 4078 3366 4140 solum
3426 4078 3718 4157 linguain

2066 4167 2321 4229 dicendo
2353 4168 2666 4250 facundus,
2721 4170 2871 4230 adeo
2926 4176 2990 4228 ut
3047 4168 3216 4228 multi
3271 4168 3526 4245 gentiles
3588 4171 3721 4250 ejus

2067 4257 2455 4339 persuasiene
2487 4258 2766 4339 pietatem
2802 4256 3149 4331 didicerint,
3205 4258 3308 4318 sed
3364 4262 3545 4319 etiam
3601 4259 3721 4319 vita

2067 4347 2328 4409 maxime
2361 4348 2496 4428 pius
2556 4357 2616 4410 et
2650 4348 3070 4429 philosophus,
3125 4347 3276 4409 adeo
3335 4357 3400 4408 ut
3446 4352 3722 4409 universa

2071 4437 2424 4499 Alexandria
2480 4438 2786 4499 communi
2836 4438 3117 4513 suffragio
3176 4455 3312 4498 eum
3374 4437 3600 4498 vocarit
3644 4437 3720 4498 ad

2067 4528 2502 4607 episcopatum.
2566 4527 2736 4600 Quod
2770 4536 2966 4590 autem
2999 4527 3058 4588 in
3093 4527 3207 4588 ﬁde
3258 4544 3494 4607 quoque
3541 4525 3722 4587 fuerit.

328 4617 565 4686 δήλωτις
594 4618 654 4674 ἐκ
683 4618 776 4675 τοῦ
832 4618 1036 4683 τέλους.
1100 4613 1331 4686 Τελευτᾷ
1376 4616 1477 4693 γὰρ
1521 4617 1612 4670 τὸν
1667 4617 1780 4692 βίον
1839 4638 1978 4694 μαρ-

2068 4617 2403 4677 acerrimus
2433 4626 2491 4679 et
2522 4615 3066 4691 constantissimus,
3090 4634 3158 4677 ex
3196 4617 3312 4677 (ine
3340 4616 3715 4677 ostendetur.

328 4709 508 4781 τυρίον)
576 4708 820 4787 στεφάνῳ
877 4708 1159 4780 κοσμήσας
1234 4705 1333 4772 τὴν
1396 4703 1661 4783 κεφαλήν.
1709 4705 1984 4780 Πέμπεται

334 4806 467 4878 γοῦν
490 4796 740 4877 διάδοχος
777 4796 917 4871 αὐτῷ
946 4796 1042 4864 τῆς
1097 4796 1277 4874 ἀρχῆς
1336 4794 1640 4871 Ταρέντιος,
1675 4796 1733 4857 ὃς
1764 4795 1880 4870 ἅμα
1928 4816 1986 4850 τε

336 4896 410 4964 τῇ
473 4885 857 4965 Ἀλεξανδρέων
934 4882 1103 4953 ἐπέϐη
1187 4885 1278 4940 καὶ
1349 4884 1523 4939 πάντα
1593 4883 1773 4939 κάλων
1826 4886 1986 4942 ἐκίνει

337 4976 594 5052 Φιλίππῳ
625 4978 725 5045 τὴν
777 4977 1040 5045 ἀναίρεσιν
1096 4973 1545 5052 σκαιωρουμὲνος.
1602 4972 1753 5030 Ἐπεὶ
1797 4974 1851 5030 δὲ
1910 4976 1987 5050 μὴ

337 5066 569 5136 ἠδύνατο
621 5073 857 5145 φανερῶς
916 5067 1073 5125 αὖτὸν
1154 5063 1369 5121 ἀνελεῖν
1439 5061 1598 5141 (πολὺ
1655 5064 1753 5142 γὰρ
1818 5065 1886 5133 ἧν
1928 5067 1989 5121 τὸ

338 5157 465 5233 περῖ
507 5158 774 5213 Φίλιππον
816 5155 913 5223 τῆς
955 5155 1165 5219 πόλεως
1211 5153 1465 5234 φίλτρον),
1529 5152 1693 5231 λάθρα
1749 5176 1985 5233 κακουρ-

324 5259 428 5325 έγετ
480 5248 579 5315 τὴν
610 5246 941 5326 μιαιφονίαν,
977 5247 1067 5303 καί
1095 5266 1197 5300 τισι
1257 5251 1363 5300 τῶν
1421 5244 1800 5322 προσποιήτων
1851 5251 1985 5323 Χρι·

336 5344 566 5394 στιανῶν
622 5338 689 5393 τὰ
745 5335 837 5392 τοῦ
894 5334 1159 5410 δράματος
1205 5334 1509 5413 ἐγχειρίσας
1570 5331 1655 5389 ἐπὶ
1686 5336 1779 5389 τὸν
1824 5335 1983 5413 φόνον

334 5427 689 5506 παρώρμησε,
725 5433 833 5483 τῶν
894 5423 1154 5500 βασιλέων
1216 5426 1341 5482 αὐτὸ
1401 5422 1557 5478 τοῦτο
1603 5421 1809 5496 μᾶλλον
1856 5424 1981 5480 ἐπι-

334 5516 670 5598 τρεχαίντων,
747 5518 801 5571 o'i
851 5517 939 5571 καὶ
991 5512 1158 5592 κρύφα
1208 5514 1337 5591 πρὸς
1386 5512 1656 5569 Φίλιππον
1712 5514 1982 5570 εἰσελθόν-

331 5630 418 5672 τες
476 5606 623 5685 εὖχῇ
680 5606 767 5660 καὶ
824 5603 1001 5673 δεήσει
1081 5609 1151 5679 τῇ
1234 5603 1360 5681 πρὸς
1446 5603 1578 5657 Θεὸν
1637 5604 1983 5680 προκείμενον

330 5700 635 5778 ἀναιροῦσι.
695 5691 952 5762 Φοϐηθεὶς
996 5692 1050 5748 δὲ
1105 5690 1375 5770 Τερέντιος
1404 5692 1615 5768 μὴκαὶ
1646 5694 1674 5749 ὁ
1705 5690 1873 5769 δῆμος
1923 5695 1985 5750 τὸ

2072 4708 2116 4766 Ε
2142 4713 2256 4766 vita
2289 4710 2447 4768 enim
2484 4708 2743 4783 excedit,
2782 4708 2975 4786 capite
3003 4705 3284 4768 redimita
3317 4724 3533 4767 corona
3566 4723 3720 4767 mar-

2070 4795 2225 4875 tyrii.
2288 4796 2658 4875 Magistratus
2718 4797 2917 4877 itaque
2978 4813 3297 4857 successor
3363 4796 3416 4856 ei
3468 4795 3719 4856 mittitur

2072 4886 2392 4943 Terentius.
2426 4887 2534 4954 Qui
2562 4901 2693 4942 cum
2728 4889 2976 4955 primum
3004 4886 3249 4942 venisset
3282 4884 3713 4949 Alexandriam,

2072 4985 2311 5027 omnem
2346 4967 2620 5028 movebat
2674 4966 3012 5039 rudentem,
3066 4965 3322 5026 moliens
3379 4965 3719 5045 Philippum

2074 5061 2282 5122 tollere
2311 5061 2387 5122 de
2418 5060 2639 5124 medio.
2672 5058 2791 5121 Sed
2843 5060 3130 5141 quoniam
3165 5077 3284 5121 non
3322 5067 3550 5138 poterat
3579 5076 3720 5121 eum

2069 5162 2274 5234 aperte
2326 5153 2670 5214 interﬁcere
2720 5154 2879 5231 (erat
2936 5152 3099 5213 enim
3154 5151 3412 5213 civitatis
3472 5169 3721 5229 maguus

2070 5261 2237 5304 amor
2266 5246 2325 5304 in
2363 5243 2751 5323 Philippum),
2783 5242 3121 5303 clanculum
3174 5240 3436 5302 admittit
3471 5240 3721 5319 parrici-

2067 5332 2257 5408 dium,
2294 5340 2517 5395 etcum
2567 5332 2925 5413 quibusdam
2975 5332 3127 5393 [ictis
3178 5330 3531 5393 Christianis
3590 5347 3718 5390 rem

2068 5422 2408 5484 mandasset
2427 5421 2891 5501 exsequendam,
2922 5421 2996 5483 ad
3028 5421 3249 5484 caedem
3285 5428 3382 5482 est
3403 5419 3719 5499 impulsus,

2066 5529 2201 5573 cum
2234 5513 2347 5573 hoc
2378 5513 2433 5573 ei
2455 5511 2780 5592 jussissent
2810 5511 3229 5591 imperatores.
3260 5511 3305 5572 li
3352 5518 3551 5569 autem
3577 5525 3713 5568 cum

2069 5601 2218 5661 clam
2253 5602 2505 5678 ingressi
2537 5609 2739 5662 essent
2768 5601 2840 5661 ad
2880 5601 3551 5679 Philippum,intentum
3583 5612 3716 5675 pre-

2068 5690 2241 5755 cibus
2263 5698 2322 5754 et
2349 5692 2602 5754 orationi
2632 5689 2705 5754 ad
2734 5689 2943 5767 Deum,
2977 5708 3115 5753 eum
3141 5689 3353 5753 tollunt
3386 5686 3462 5749 de
3488 5686 3711 5750 medio.
