4148 6404
453 339 572 409 639

1754 339 2036 404 MENSlS
2083 339 2513 407 DECEMBER.

3715 350 3835 418 640

448 481 690 546 Timore
717 498 856 545 vero
886 480 1130 546 aﬁ‘ectiis
1179 480 1520 555 Terentius,
1553 498 1630 543 ne
1690 477 1947 562 populus
2000 478 2091 540 fa-

2179 479 2418 559 πραχθὲν
2481 481 2715 557 μισήσας
2773 479 2893 540 κατ’
2948 482 3109 541 αὐτοῦ
3187 488 3381 562 κινηθῇ
3454 484 3540 543 καὶ
3596 487 3831 564 μάλιστα

449 580 610 635 ctum
642 590 799 652 aegre
855 573 1076 648 ferens,
1125 571 1412 634 adversus
1463 572 1658 651 ipsum
1727 576 2092 651 moveretur,

451 662 710 724 maxime
730 681 865 725 cum
894 672 1047 725 esset
1072 669 1269 725 tantus
1292 663 1420 742 ejus
1445 679 1613 723 amor
1633 661 1694 721 in
1716 659 2094 740 Philippum,

443 751 617 834 jubet
644 751 1075 832 comprehendi
1108 769 1211 812 eos
1241 752 1343 832 qui
1402 751 1596 832 ipsum
1633 749 2006 829 occiderant,
2037 757 2098 812 et

449 842 670 922 conjici
692 840 753 902 in
785 859 1112 910 carcerem,
1145 859 1212 902 re
1267 840 1400 902 ﬁcta
1451 838 1702 902 studens
1753 840 1841 902 rei
1895 839 2096 902 celare

449 938 780 1011 veritatem,
817 939 876 992 et
931 932 1236 993 seminans
1295 930 1723 1011 suspicionem,
1759 929 1918 1010 quod
1975 947 2094 992 non

453 1020 1058 1102 processissetcaedes
1080 1039 1151 1082 ex
1183 1020 1315 1100 ejus
1347 1019 1665 1082 sententia.
1702 1017 1932 1080 Deinde
1955 1037 2092 1079 cum

452 1129 570 1172 non
603 1109 856 1172 multum
887 1110 1275 1192 praeteriisset
1298 1109 1612 1190 temporis,
1632 1107 2094 1190 imperatoribus

451 1199 680 1262 scilicet
707 1200 783 1260 ita
836 1199 1324 1276 decernentibus,
1382 1218 1486 1261 eos
1540 1198 1715 1260 solvit
1753 1217 1787 1260 a
1820 1197 2094 1261 vinculis.

449 1290 550 1354 Sic
572 1288 831 1352 decessit
850 1289 1182 1372 Philippus,
1216 1308 1352 1352 cum
1378 1298 1501 1352 tres
1541 1289 1671 1351 dies
1690 1287 1934 1352 vixisset
1965 1296 2098 1368 post

450 1379 680 1460 plagam
705 1389 1038 1461 acceptam.
1074 1383 1234 1444 Intra
1290 1380 1590 1442 civitatem
1642 1395 1785 1441 vero
1811 1379 2098 1460 sepelitur

447 1467 688 1546 inloco,
723 1469 829 1547 qui
870 1470 1086 1533 dicitur
1139 1471 1342 1541 lsium,
1377 1469 1479 1530 ubi
1510 1475 1662 1550 ipse,
1711 1487 1847 1530 cum
1894 1468 2093 1530 adhuc

447 1559 696 1631 viveret,
731 1559 922 1620 aedem
956 1578 1182 1621 sacram
1212 1558 1544 1622 aediﬁcavit.

529 1647 770 1712 XXVII.
795 1647 1058 1728 Eugenia
1087 1659 1309 1723 autem,
1349 1657 1481 1730 post
1517 1647 1902 1727 agnitionem,
1958 1665 2092 1708 cum

450 1737 582 1800 aliis
610 1737 940 1816 virginibus
969 1739 1150 1818 elegit
1179 1739 1531 1812 castitatem,
1571 1745 1627 1800 et
1661 1737 1834 1799 vitam
1869 1755 2093 1798 secun-

2181 568 2384 648 φίλτρῳ
2443 571 2666 645 τοιούτῳ
2721 574 2853 650 πρὸς
2910 572 3179 632 Φίλιππον
3245 573 3571 653 ῆμοσμένος,
3618 578 3826 648 συλλη-

2180 662 2371 738 φθῆναι
2417 662 2537 726 τοὺς
2585 661 3000 728 ἀποκτείναντας
3059 665 3218 722 αὐτὸν
3262 666 3348 721 καὶ
3407 673 3604 746 φρουρᾷ
3659 667 3824 738 δοθῆ-

2179 769 2264 804 ναι
2341 751 2712 832 προστάττει,
2797 751 3110 828 ἐπιπλάστῳ
3189 755 3460 832 πράγματι
3533 760 3828 836 συγκρύψαι

2177 836 2404 906 τάληθὲς
2464 842 2864 920 μηχανώμενος
2949 841 3198 899 ὑπόνοιάν
3265 865 3322 900 τε
3378 843 3696 924 διασπείρων
3755 851 3827 916 ὡς

2176 926 2255 1002 μὴ
2311 929 2448 984 κατὰ
2499 930 2720 1007 γνώμην
2769 933 2913 1004 αὒτῷ
2961 929 3222 1009 προϐῆναι
3253 934 3344 990 τὸν
3374 935 3558 1013 φόνον.
3583 933 3828 996 ’Ἐπειτα

2177 1019 2370 1096 μικροῦ
2424 1017 2781 1093 παρελθόντος
2863 1020 3088 1099 χρόνου,
3171 1023 3277 1079 τῶν
3348 1022 3613 1099 βασιλέων
3668 1025 3825 1095 δῆθεν

2177 1105 2314 1163 οὕτω
2359 1109 2671 1186 κρινάντων,
2737 1109 2945 1176 ἀνίησιν
2996 1111 3182 1178 αὖτοὺς
3228 1115 3336 1169 τῶν
3393 1111 3624 1188 δεσμῶν.
3673 1116 3825 1175 Οὕτω

2179 1197 2443 1263 Φίλιππος
2499 1197 2772 1272 ἐτελεύτα,
2826 1198 3032 1278 ἡμέρας
3089 1214 3236 1278 τρεῖς
3278 1203 3416 1277 μετὰ
3462 1202 3562 1269 τῆν
3607 1203 3826 1283 πληγὴν

2178 1284 2458 1357 ἐπιζήσας,
2497 1289 2773 1368 Τυφχάνει
2807 1286 2861 1344 δὲ
2911 1291 3077 1371 ταφῆς
3120 1289 3256 1348 εἵσω
3303 1297 3396 1358 τῆς
3453 1291 3663 1356 πόλεως
3724 1294 3824 1372 ἐγ-

2178 1377 2270 1452 γύς
2315 1399 2415 1433 που
2465 1377 2556 1433 τοῦ
2598 1376 2924 1454 καλευμένου
2966 1379 3149 1455 ἰσίου,
3198 1379 3334 1440 ὅπου
3383 1380 3567 1462 αὐτὸς,
3627 1385 3826 1463 περιὼν

2179 1462 2281 1544 ἔτι,
2327 1469 2481 1524 οἷκον
2512 1468 2650 1545 ἱερὸν
2681 1468 3050 1546 ῴκοδομησεν.

2261 1648 2383 1704 ΚΖ’.
2447 1649 2665 1726 Εὖγε-δία
2707 1647 2761 1704 δὲ
2807 1649 2943 1724 μετὰ
2987 1650 3077 1706 τὸν
3148 1649 3555 1729 ἆναγνωρισμὸν
3616 1651 3828 1728 σύναμα

2178 1734 2266 1790 καὶ
2309 1731 2496 1801 ἄλλαις
2527 1738 2802 1815 παρθένοις
2857 1740 3070 1817 ἁγνείας
3123 1761 3181 1796 τε
3221 1741 3308 1797 καὶ
3359 1745 3452 1798 τοῦ
3509 1743 3646 1799 κατᾶ
3691 1750 3827 1815 Χρι-

449 1827 591 1889 dum
623 1827 946 1890 Christum.
1010 1833 1183 1891 Beata
1237 1848 1376 1891 vero
1433 1828 1703 1904 Claudia,
1739 1845 1914 1908 quam
1947 1825 2090 1887 Phi-

2179 1825 2301 1881 στὸν
2334 1824 2525 1904 εἴχετο
2569 1829 2705 1904 βίου.
2756 1827 2818 1884 Ἠ
2863 1827 2919 1886 δέ
2947 1851 3005 1906 γε
3038 1830 3271 1908 μακαρία
3319 1829 3569 1907 Κλαυδία,
3603 1832 3668 1900 ἢν
3726 1839 3824 1888 (Inv

449 1915 596 1996 lippi
623 1917 865 1998 quidem
895 1917 1454 1998 uxorein,Eugeniec
1476 1924 1673 1980 autem
1700 1924 1948 1978 matrem
1981 1934 2093 1977 an-

450 2013 544 2068 tea
583 2007 977 2082 ostendimus,
1014 2009 1188 2071 aliam
1220 2026 1458 2090 quoque
1486 2007 1730 2070 domum
1782 2005 2096 2068 aediﬁcavit

449 2095 522 2156 ad
577 2095 965 2178 excipiendos
1024 2099 1312 2178 hospites,
1371 2105 1583 2178 praeter
1632 2115 1760 2158 eam
1795 2113 1926 2177 quas
1974 2097 2093 2173 jam

449 2183 603 2247 facta
624 2186 874 2249 fuerata
897 2186 1129 2263 marito,
1168 2197 1440 2266 magnam
1491 2187 1606 2248 vim
1634 2185 1905 2267 pecunia:
1933 2185 1994 2246 in
2025 2203 2096 2248 ea

447 2292 806 2337 consecrans
835 2277 909 2338 ad
953 2294 1024 2338 ea
1052 2277 1650 2358 suppeditanda,quaa
1680 2283 1848 2338 erant
1875 2291 2092 2338 neces-

446 2364 602 2425 saria
628 2363 705 2425 iis
733 2365 838 2441 qui
857 2365 1306 2446 accipiebantur
1326 2366 1607 2447 hospitio.
1643 2365 1759 2428 Sed
1797 2365 1923 2426 haec
1951 2365 2094 2444 qui—

451 2452 589 2515 dem
619 2457 796 2529 sic,et
825 2457 1135 2538 hucusque
1163 2456 1428 2534 Eugenia
1458 2456 1633 2519 vitam
1665 2474 1831 2518 suam
1875 2453 1961 2516 sic
1992 2454 2091 2516 ad.

457 2544 834 2607 ministravit.
881 2544 1018 2607 Vult
1046 2554 1242 2607 autem
1277 2549 1464 2608 oratio
1506 2547 1636 2627 ejus
1667 2564 1904 2628 quoque
1937 2561 2090 2624 prm—

450 2634 767 2698 clariurem
796 2636 926 2696 vitai
957 2635 1178 2696 exitum
1227 2635 1567 2712 ostendere,
1604 2644 1668 2697 ut
1710 2636 1813 2716 qui
1846 2635 2093 2715 insignis

449 2724 628 2786 fuerit
659 2743 880 2786 corona
915 2724 1198 2805 martyrii.
1254 2726 1576 2806 Aliquanto
1629 2724 1790 2788 enim
1827 2734 2095 2807 tempore

449 2823 581 2894 post
613 2823 863 2877 mortem
900 2814 1182 2895 Philippi,
1235 2816 1452 2895 conjux
1502 2817 1630 2895 ejus
1669 2815 1914 2878 Claudia
1957 2833 2091 2876 cum

447 2904 875 2987 assumpsisset
905 2904 1080 2967 ﬁlios.
1107 2903 1368 2979 Abitam,
1405 2907 1670 2986 inquam,
1700 2912 1759 2966 et
1788 2903 2090 2984 Sergium,

448 3004 506 3057 et
536 3003 820 3076 praeterea
841 2993 1187 3074 Eugeniam,
1211 2993 1273 3056 in
1299 3013 1572 3071 magnam
1604 2994 1851 3057 Romam
1886 3013 2093 3056 rever-

447 3083 811 3146 titur.Patria
832 3094 1028 3146 autem
1055 3102 1182 3146 eam
1220 3083 1478 3163 benigne
1533 3084 1774 3164 excipit,
1812 3093 1872 3146 et
1923 3102 2094 3147 sena-

448 3183 542 3238 tus
572 3174 978 3264 Romanorum
1007 3176 1142 3254 ejus
1172 3174 1331 3264 ﬁlios
1361 3175 1527 3250 eligit
1555 3176 1627 3236 ad
1662 3173 1927 3254 insignes
1959 3194 2092 3238 ma-
2110 3212 2152 3264 ο

448 3266 727 3344 gistratus
764 3285 777 3327 :
811 3263 1047 3326 Abitam
1080 3263 1323 3341 quidem
1346 3265 1759 3343 proconsulem
1783 3265 2090 3342 Carthagi-

448 3355 562 3429 nis,
597 3353 869 3432 Sergium
934 3361 1131 3415 autem
1188 3353 1409 3416 Africae
1447 3355 1726 3417 vicarium
1765 3376 1778 3416 :
1815 3353 2095 3433 Eugeniaa

446 3461 586 3505 vero
613 3442 1104 3504 sufﬁciebathaec
1133 3442 1260 3504 sola
1319 3443 1573 3521 dignitas
1631 3443 1898 3505 omnium
1963 3463 2091 3506 ma-

446 3532 627 3604 xima,
662 3549 877 3611 nempe
908 3529 1115 3605 virtus,
1171 3539 1232 3594 et
1266 3534 1388 3595 Deo
1439 3541 1742 3613 parentem
1779 3533 1996 3615 vivere,
2031 3542 2092 3596 et

447 3621 669 3683 habere
690 3638 896 3682 secum
921 3620 1066 3682 alias
1099 3640 1169 3682 ex
1195 3621 1430 3683 ﬁliabus
1452 3631 2085 3703 senatorum,quarum

2178 1911 2374 1970 λίππου
2433 1917 2531 1988 μὲν
2590 1919 2855 1995 γαμετὴν,
2905 1919 3151 1995 Εὖγενίας
3211 1916 3267 1974 δὲ
3315 1920 3525 1994 μητέρα
3576 1923 3603 1976 ὁ
3662 1920 3824 1998 λόγος

2179 2007 2378 2080 φθάσας
2436 2003 2673 2076 ἐδήλωσε
2704 2056 2718 2081 ,
2778 2010 2867 2065 καὶ
2939 2007 3117 2085 ἕτερον
3187 2009 3343 2066 οἶκον
3419 2012 3491 2073 εἰς
3549 2008 3826 2091 ὑποδοχὴν

2178 2091 2337 2157 ξένων
2379 2101 2455 2167 τῷ
2497 2096 2597 2152 ὑπὸ
2647 2105 2734 2155 τοῦ
2775 2095 2960 2172 ἀνδρὸς
3004 2095 3112 2164 ἤδη
3161 2096 3436 2174 γενομένῳ
3495 2097 3833 2177 προσῳκοδό-

2178 2204 2345 2257 μησε,
2409 2183 2612 2252 πλῆθος
2668 2185 2723 2242 ἐν
2787 2188 2932 2259 αὖτῷ
2983 2187 3284 2265 χρημάτων
3342 2187 3684 2267 ἀφιερώσασα
3755 2191 3828 2252 εἰς

2177 2273 2443 2350 χορηγίαν
2511 2277 2617 2332 τῶν
2678 2276 3059 2354 προσηκόντων
3136 2274 3556 2351 ἐπιξενουμένοις
3628 2278 3824 2346 ἐπιτη-

2176 2359 2350 2424 δείων,
2404 2360 2572 2422 Ἀλλὰ
2617 2375 2780 2424 ταῦτα
2825 2367 2925 2440 μὲν
2967 2365 3128 2439 οὕτω,
3177 2368 3265 2422 καὶ
3311 2367 3562 2435 τοιαύτην
3610 2368 3830 2446 Εὖγενία

2176 2452 2236 2506 τὸ
2295 2451 2458 2532 μέχρι
2517 2453 2666 2511 τοῦδέ⁹
2709 2455 2806 2522 τὴν
2853 2457 2969 2533 περὶ
3001 2457 3092 2512 τὸν
3122 2457 3234 2531 βίον
3286 2455 3447 2536 ἔσχεν
3495 2458 3819 2533 οἰκονομίαν.

2178 2539 2435 2598 Βούλεται
2477 2541 2531 2598 δὲ
2567 2545 2594 2599 ὁ
2626 2543 2785 2620 λόγος
2815 2545 2904 2601 καὶ
2947 2543 3315 2623 λαμπρότερον
3377 2547 3509 2620 αὐτῇ
3565 2543 3827 2612 ἐπιδεῖξαι

2177 2631 2236 2686 τὸ
2280 2629 2434 2694 τέλος
2476 2631 2569 2689 ἅτε
2614 2635 2701 2690 καὶ
2763 2642 3073 2713 μαρτυρικῴ
3123 2635 3366 2712 στεφάνῳ
3421 2633 3822 2711 δεδοξασμένον,

2180 2720 2362 2797 Χρόνῳ
2401 2722 2501 2797 γὰρ
2530 2721 2746 2799 ὕστερον
2779 2723 2916 2797 μετὰ
2988 2723 3242 2791 τελευτὴν
3271 2723 3536 2782 Φιλίππου
3568 2725 3603 2792 ἡ
3635 2725 3824 2780 σύνευ-

2180 2831 2265 2875 νος
2342 2808 2567 2868 Κλαυδία
2637 2812 2755 2877 τοὺς
2845 2810 3040 2876 παῖδας
3120 2811 3524 2890 παραλαϐοῦσα,
3607 2811 3821 2870 ’Λϐίταν

2178 2901 2315 2978 φημὶ
2371 2901 2456 2957 καὶ
2515 2900 2758 2980 Σέργιον,
2789 2902 2922 2980 πρὸς
2954 2899 3008 2957 δὲ
3056 2903 3144 2958 καὶ
3173 2905 3270 2969 τὴν
3319 2901 3588 2979 Εὖγενίαν,
3623 2903 3696 2965 εἷς
3728 2905 3824 2970 τῆν

2177 2991 2421 3066 μεγάλην
2464 2990 2704 3048 ἐπάνεισι
2745 2991 2982 3066 Ῥώμην.
3021 2990 3125 3050 Καί
3162 2994 3196 3060 ἡ
3257 2992 3443 3070 πατρὶς
3506 2992 3606 3067 μὲν
3664 2993 3829 3060 αὐτὴν

2178 3082 2411 3154 εὐμενῶς
2476 3079 2718 3160 δέχεται,
2765 3083 2860 3138 καί
2891 3082 2924 3149 ἡ
2985 3084 3091 3138 τῶν
3145 3072 3422 3156 Ῥωμαίων
3478 3081 3646 3158 βουλὴ
3698 3083 3834 3160 πρὸς

2178 3170 2351 3252 ἀρχὰς
2412 3170 2710 3246 ἐπισήμους
2782 3171 2902 3234 τοὺς
2965 3169 3160 3236 παῖδας
3223 3185 3552 3251 χειροτονεῖ,
3617 3169 3835 3228 Ἀϐίταν

2177 3262 2276 3335 μὲν
2325 3267 2422 3328 τῆς
2484 3261 2822 3340 Καρθαγένης
2892 3261 3208 3340 ἀνθύπατον,
3299 3264 3397 3329 τῆς
3455 3259 3711 3339 Ἀφρικῆς
3776 3259 3832 3316 δὲ

2177 3352 2267 3408 τὸν
2329 3351 2551 3430 Σέργιον
2595 3350 2868 3430 οὖϊκάριον
2906 3369 2918 3382 ·
2971 3352 3186 3428 Εὖγενίᾳ
3217 3347 3270 3406 δέ
3301 3349 3451 3429 ἤρκει
3481 3352 3637 3407 τοῦτο
3667 3349 3832 3424 μόνον

2179 3441 2383 3515 ἀξίωμα
2427 3443 2489 3496 τὸ
2532 3441 2747 3498 πάντων
2791 3448 3002 3517 μεῖζον,
3050 3441 3084 3507 ἡ
3127 3439 3311 3518 ἀρετὴ,
3347 3442 3435 3496 καὶ
3477 3440 3538 3495 τί)
3583 3439 3684 3495 ὑπὸ
3717 3444 3835 3512 Θεῷ

2179 3534 2298 3610 ζῇν,
2331 3531 2418 3587 καὶ
2464 3528 2628 3596 ἄλλας
2672 3538 2779 3588 τῶν
2807 3531 2903 3598 τῆς
2933 3529 3134 3608 βουλῆς
3165 3529 3465 3608 θυγατέρων
3511 3527 3661 3608 ἔχειν
3706 3525 3827 3604 μεθ’

2174 3620 2366 3688 ἑαυτῆς
2399 3626 2493 3677 τοῦ
2523 3618 2645 3676 ἴσου
2693 3619 2858 3691 ζήλου
2887 3622 2974 3676 καὶ
3019 3628 3111 3678 τοῦ
3164 3625 3366 3676 σκοποῦ
3423 3615 3832 3694 μεταποιουμέ-

445 3723 565 3772 erat
593 3715 742 3770 idem
773 3713 931 3770 zelus
962 3722 1016 3772 et
1047 3713 1196 3771 idem
1221 3715 1570 3773 institutum.
1599 3716 1754 3772 Inter
1785 3730 1926 3786 quas
1969 3723 2091 3773 erat

2178 3733 2291 3774 νας.
2325 3708 2416 3768 Ἐν
2447 3714 2538 3768 αῖς
2567 3711 2653 3766 καὶ
2687 3710 2780 3784 μία
2811 3731 2890 3774 τις
2935 3709 3000 3776 ῆν
3028 3707 3215 3783 πολλῷ
3243 3715 3349 3765 τῶν
3383 3707 3584 3766 λοιπῶν
3617 3707 3829 3784 διενεγ-

445 3819 563 3861 una
589 3798 836 3880 reliquis
866 3798 1045 3877 longe
1095 3799 1469 3880 praestantior
1501 3818 1707 3862 revera
1757 3799 2088 3864 admirabi-

2178 3823 2364 3879 κουσα,
2411 3802 2444 3869 ἡ
2503 3801 2782 3876 θαυμαστὴ
2842 3807 2918 3874 τῷ
2971 3799 3081 3855 ὄντι
3139 3797 3400 3872 Βασίλλα,
3451 3796 3511 3854 ἐκ
3554 3794 3836 3873 βασιλικοῦ

445 3889 518 3952 lis
547 3889 926 3969 Basilla,quae
951 3888 1203 3951 ducebat
1235 3890 1527 3968 originem
1558 3909 1628 3952 ex
1658 3909 1878 3970 genere
1903 3891 2089 3973 impe-

2178 3894 2265 3948 τοῦ
2320 3890 2501 3968 γένους
2557 3888 2928 3968 καταγομένη,
2967 3887 3083 3955 ἥτις
3121 3886 3215 3943 καί
3277 3884 3668 3964 παραπὶησίως
3724 3887 3832 3944 Εὗ-

445 3979 686 4052 ratoris,
734 3997 866 4059 quae
914 3979 1094 4041 etiam
1153 3979 1529 4060 resplenduit
1578 3980 1860 4042 similiter
1909 3988 2091 4058 atque

2178 3980 2322 4058 γενίᾳ
2371 3978 2694 4056 διέλαμψεν,
2754 3981 2828 4042 ὡς
2889 3978 3076 4034 αὐτίκα
3147 3976 3461 4054 ῥηθήσεται.
3525 3973 3669 4042 Αὕτη
3729 3973 3832 4051 γὰρ

443 4067 733 4146 Engenia,
785 4069 936 4130 sicut
981 4068 1176 4130 statim
1237 4069 1490 4132 dicetur.
1552 4069 1682 4149 Ipsa
1740 4069 1901 4131 enim
1954 4090 2089 4133 cum

444 4157 770 4232 Christum,
805 4166 1027 4236 etquae
1081 4166 1218 4219 sunt
1277 4161 1406 4240 ejus
1451 4159 1847 4231 admirabilia,
1911 4160 2090 4222 audi-

442 4249 602 4310 tione
633 4249 986 4328 accepisset,
1019 4248 1163 4329 quin
1187 4248 1365 4311 etiam
1390 4248 1675 4310 audiisset
1697 4249 1770 4310 de
1801 4249 2085 4328 Eugenia,

443 4339 684 4401 maximi
715 4337 956 4419 quidem
989 4339 1245 4402 faciebat
1275 4339 1346 4401 ad
1373 4357 1501 4401 eam
1534 4340 1850 4415 ventitare,
1879 4348 2089 4402 etesse

439 4428 776 4490 divinorum
811 4427 943 4507 ejus
971 4429 1288 4489 verborum
1321 4429 1646 4509 particeps.

521 4515 936 4580 XXVlIl.Cum
964 4517 1035 4578 ab
1067 4536 1138 4580 eo
1161 4527 1358 4581 autem
1382 4527 1716 4593 arceretur,
1741 4524 1801 4579 et
1836 4523 2088 4598 propter

443 4625 729 4687 sponsum
767 4606 1088 4688 (desponsa
1118 4609 1275 4670 enim
1306 4609 1500 4671 fuerat
1528 4607 1836 4687 Pompeio)
1867 4614 1926 4668 et
1951 4626 2084 4689 pro-

443 4704 574 4776 pter
605 4695 1081 4775 persecutionem
1120 4698 1259 4777 (jam
1313 4699 1474 4759 enim
1509 4716 1719 4774 magna
1752 4697 2084 4778 persecutio

439 4784 877 4847 accendebatur
894 4787 1531 4869 Christianis),invenit
1553 4789 1872 4868 quemdam
1892 4788 2084 4850 virum

441 4874 678 4936 ﬁdelem
712 4875 958 4937 latorem
983 4896 1223 4941 suorum
1249 4877 1654 4952 verborum,et
1679 4896 1784 4958 per
1805 4897 1940 4940 eum
1968 4897 2086 4940 non

440 4973 632 5026 cessat
663 4965 919 5045 mittere,
954 4968 1206 5030 multum
1265 4987 1479 5047 rogans
1528 4968 1881 5049 Eugeniam,
1913 4977 1976 5030 ut
2008 4968 2084 5030 de

439 5053 638 5116 divina
681 5055 798 5117 ﬁde
828 5059 1026 5118 omnia
1067 5057 1124 5120 ei
1158 5059 1374 5122 litteris
1403 5058 1718 5138 signiﬁCet.
1749 5059 1854 5121 llla
1885 5065 2083 5120 autem

439 5162 573 5205 cum
607 5145 853 5225 pulchre
883 5147 1086 5225 sciret,
1123 5157 1410 5230 quantum
1459 5149 1698 5210 intersit
1745 5149 1902 5210 inter
1932 5149 2085 5212 scri-

437 5244 674 5314 pturam
733 5245 790 5296 et
845 5256 1073 5310 vocem,
1109 5248 1166 5300 et
1221 5239 1381 5318 quod
1435 5257 1552 5301 non
1612 5237 1888 5301 similiter
1953 5237 2086 5320 quis

437 5326 799 5405 persuaserit
819 5335 915 5388 aut
965 5327 1236 5389 docuerit
1266 5327 1560 5403 scribens,
1590 5337 1768 5411 atque
1799 5331 1873 5390 de
1902 5327 2085 5391 tantis

435 5413 618 5476 rebus
639 5415 961 5491 disserens,
999 5422 1282 5495 quoniam
1340 5418 1590 5480 multum
1639 5421 1891 5482 interest
1923 5419 2087 5480 inter

433 5505 616 5566 verba
647 5505 930 5580 animata,
966 5516 1025 5567 et
1074 5507 1399 5568 inanimam
1455 5517 1868 5590 mortuamque
1903 5507 2081 5570 insti-

435 5595 746 5667 tutionem,
773 5594 1036 5675 prudens
1066 5597 1240 5658 simul
1287 5599 1599 5662 consilium
1633 5601 1789 5681 capit
1821 5608 1879 5661 et
1901 5601 2083 5680 juve-

436 5683 580 5753 nile.
615 5685 763 5748 Nam
796 5702 928 5747 cum
965 5687 1158 5750 Prota:
1201 5698 1260 5752 et
1293 5688 1622 5772 Hyacintho
1656 5690 2080 5780 persuasisset,

2176 4070 2395 4140 Χριστόν
2428 4091 2485 4126 τε
2516 4071 2604 4125 καὶ
2633 4069 2699 4125 τὰ
2755 4074 2846 4123 τοῦ
2881 4071 3107 4144 Χριστοῦ
3153 4065 3396 4139 θαύματα
3440 4062 3823 4142 παραλαϐοῦσα

2174 4158 2240 4216 δι’
2288 4161 2479 4238 ἀκοῆς,
2525 4157 2584 4215 οὗ
2631 4159 2738 4232 μὴν
2785 4155 2923 4213 ἀλλὰ
2955 4157 3042 4212 καὶ
3085 4158 3203 4230 περὶ
3238 4154 3488 4233 Εὗγενίας
3520 4154 3815 4226 ἀκούσασα,

2171 4251 2264 4305 τοῦ
2292 4250 2490 4311 παντὸς
2549 4247 2647 4321 μὲν
2688 4244 2833 4314 ἡξίου
2889 4245 2948 4301 τὸ
2987 4245 3130 4322 παρὰ
3187 4243 3386 4312 ταύτην
3437 4249 3690 4324 φοιτῆσαι
3720 4247 3818 4300 καὶ

2171 4360 2274 4394 των
2305 4337 2454 4394 θείων
2484 4335 2660 4414 λόγων
2689 4338 2852 4403 αὐτῆς
2887 4339 3213 4413 μετασχεῖν.

2254 4514 2392 4575 KH'.
2456 4515 2652 4574 Τούτου
2709 4512 2765 4571 δὲ
2823 4515 3104 4595 εἰργομένη
3149 4513 3234 4571 διά
3275 4536 3333 4571 τε
3379 4517 3468 4570 τὸν
3499 4518 3812 4592 μνηστῆρα,

2171 4606 2435 4683 Πομπηίῳ
2492 4607 2593 4685 γὰρ
2633 4605 3012 4682 ἐμνηστεύετο,
3045 4603 3131 4660 διά
3159 4625 3216 4661 τε
3269 4606 3356 4660 τὸν
3405 4603 3664 4678 διωγμὸν,
3714 4599 3818 4668 ἤδη

2168 4697 2266 4774 γὰρ
2311 4704 2650 4776 Χριστιανοϊς
2706 4695 2997 4769 ἀνήπτιτο,
3030 4691 3187 4769 ἄνδρα
3241 4693 3361 4748 τινὰ
3404 4693 3589 4747 πισθὸν
3649 4692 3818 4764 πορθ-

2169 4787 2271 4863 μέα
2322 4791 2427 4844 τῶν
2485 4786 2661 4864 λόγων
2717 4785 2969 4864 εὒρίσκει,
3040 4784 3128 4840 καὶ
3191 4779 3259 4837 δι’
3316 4780 3475 4839 αὒτοῦ
3530 4777 3818 4852 πέμπουσα

2169 4878 2264 4932 οὒκ
2319 4875 2448 4933 ἀνίει
2508 4874 2684 4935 πολλὰ
2741 4873 2967 4948 δεομένη
3029 4877 3127 4939 τῆς
3193 4869 3444 4946 Εὗγενίας
3503 4866 3815 4946 γράμμασιν

2169 4968 2302 5043 «an;
2361 4964 2532 5022 πάντα
2587 4966 2654 5022 τὰ
2710 4965 2826 5041 περὶ
2873 4962 2969 5028 τῆς
3019 4961 3159 5020 θείας
3193 4959 3421 5043 πίστεως
3449 4954 3692 5035 γνώριμα
3720 4953 3818 5011 θέ-

2168 5042 2309 5118 σθαι,
2373 5047 2434 5112 Ἠ
2495 5053 2548 5110 δὲ
2597 5051 2774 5116 καλῶς
2829 5048 2996 5106 εἰδυῖα
3050 5047 3175 5104 ὅσόν
3235 5047 3296 5101 τὸ
3349 5042 3671 5111 ἓξαλλάττον
3703 5043 3815 5102 ἐστὶ

2168 5150 2374 5226 γραφῆς
2432 5146 2520 5202 καὶ
2573 5147 2778 5224 φωνῆς,
2823 5140 2911 5196 καὶ
2955 5138 3035 5194 ὃτι
3079 5138 3184 5216 οὐχ
3232 5135 3428 5212 δμοίως
3488 5135 3549 5192 ἄν
3580 5157 3661 5198 τις
3694 5135 3817 5226 πεί-

2169 5222 2306 5292 σειεν
2351 5236 2384 5303 ἢ
2414 5222 2660 5298 διδάξειεν
2705 5227 3034 5287 ἑπιστέλλων
3066 5226 3102 5295 ἢ
3135 5227 3252 5306 περὶ
3303 5225 3635 5293 τηλικούτων
3693 5222 3816 5281 δια-

2169 5325 2483 5404 λεγόμενος,
2530 5322 2642 5378 ἐπεὶ
2699 5319 2788 5376 καὶ
2842 5317 2902 5375 τὸ
2949 5317 3111 5393 μέσον
3156 5316 3420 5395 ἐμψύχων
3469 5312 3818 5404 λόγωνγπολὺ

2168 5403 2256 5474 καὶ
2288 5414 2502 5492 ἀψύχου
2531 5411 2619 5467 καὶ
2681 5415 2866 5487 νεκρᾶς
2920 5408 3281 5486 εἰσηγήσεως,
3315 5404 3516 5482 βουλὴν
3559 5403 3817 5481 βουλεύε-

2165 5529 2252 5563 ται
2305 5503 2526 5570 συνετὴν
2571 5503 2704 5576 ὁμοῦ
2759 5500 2848 5555 καὶ
2909 5497 3180 5566 νεανικήν,
3241 5497 3476 5553 Πείσασα
3535 5496 3634 5573 γὰρ
3693 5494 3817 5555 to):

2167 5598 2284 5674 περὶ
2342 5600 2561 5674 Πρωτᾶν
2619 5593 2706 5648 καὶ
2746 5591 3020 5648 Ὑάκινθον
3081 5592 3276 5670 σχῆμα
3320 5586 3563 5646 δουλικὸν
3617 5584 3814 5643 ὑποδῦ-

2169 5673 2275 5766 ναι,
2310 5673 2474 5768 δῶρον
2505 5684 2690 5748 αὐτοὺς
2744 5686 2812 5762 τῇ
2862 5679 3094 5739 Βασίλλα
3142 5679 3405 5755 ἐκπέμπει
3457 5676 3625 5735 πάντα
3659 5673 3814 5755 εγνέ-
