4148 6430
283 375 398 450 641

1455 368 1930 446 MARTYRIUM
1981 375 2041 439 s.
2099 366 2486 442 EUGENIE.

3547 377 3666 446 642

285 526 409 578 σθαι
466 521 578 577 ἀντ’
628 519 919 589 ἒπιστολῆς
945 521 1079 596 αὐτῇ
1126 520 1450 594 σπεύδουσα,
1482 518 1688 595 μᾶλλον
1727 516 1782 573 δὲ
1831 517 1930 573 αὗ-

2036 519 2080 573 ιι
2109 511 2387 573 servilem
2420 511 2691 576 habitum
2751 512 3098 594 induerent,
3136 532 3243 595 per
3293 532 3396 576 eos
3454 533 3668 578 munus

283 613 412 675 τοὺς
476 610 699 675 ἐκείνους
752 608 1045 675 ἐπιστολὴν
1095 608 1366 688 ἕμψυίον.
1434 609 1656 672 Τούτους
1711 606 1800 663 οὖν
1863 604 1944 660 καὶ

288 699 413 756 λίαν
455 699 701 773 ἀσμένως
758 701 793 766 ἡ
852 695 1086 755 Βασίλλα
1145 695 1406 771 δοξκμὲνη
1453 697 1550 753 οἶά
1605 717 1750 761 τινας
1801 693 1942 750 ἀπο-

290 789 514 853 στόλους
571 789 883 867 προσεκύνει
915 795 1162 866 Χριστοῦ.
1196 787 1388 844 Μαθὼν
1431 787 1487 842 δὲ
1516 787 1582 842 τὰ
1611 784 1728 842 κατ’
1781 783 1944 850 αὐτὴν

285 881 383 936 καὶ
430 879 748 955 Κορνήλιος,
783 880 811 933 ὁ
845 877 1013 956 μέγας
1047 877 1101 932 ὲν
1145 877 1459 940 ἐπισκόποις
1490 876 1682 956 ἀστὴρ,
1712 876 1814 932 ὑπὸ
1845 874 1938 930 νύ·-

284 990 392 1026 κτα
451 965 537 1024 διὰ
584 969 674 1024 τὸν
732 967 969 1044 διωγμὸν
1027 966 1242 1047 ἀφίκετο
1301 967 1432 1046 πρὸς
1484 966 1650 1034 αὐτὴν
1709 967 1795 1022 καὶ
1849 963 1942 1020 τοῦ

291 1057 438 1114 θείου
499 1059 697 1124 ταὸτην
726 1056 870 1122 άξιοῦ
924 1056 1313 1133 βαπτίσματος.
1363 1055 1516 1114 Οὕτω
1559 1056 1658 1131 μὲν
1689 1057 1778 1112 οῦν
1833 1062 1942 1109 Βα-

284 1146 447 1204 σίλλα
481 1148 566 1203 καὶ
620 1145 837 1224 Εὗγενία
869 1143 1048 1222 δεσμῶ
1093 1167 1197 1203 τινι
1227 1144 1436 1224 ἂῤῥήτῳ
1475 1151 1545 1221 τῇ
1594 1143 1678 1200 διὰ
1719 1143 1941 1222 Χριστὸν

288 1234 626 1294 συνδεθετσαι
683 1235 856 1315 φιλία,
907 1241 1092 1314 ζεῦγος
1141 1237 1483 1314 ἡρμόσθησαν
1537 1241 1615 1308 τῷ
1671 1239 1810 1308 Θεῷ,
1843 1233 1941 1289 αὗ-

287 1339 417 1390 ταϊς
461 1326 658 1404 τύχαις
706 1323 957 1395 ἀλλήλων
1001 1324 1294 1403 ἧρτημέναι
1325 1326 1413 1380 καὶ
1458 1325 1652 1402 νοερῶς
1690 1321 1942 1400 συγγινό-

287 1425 474 1495 μεναι,
507 1415 567 1472 οὐ
620 1415 698 1491 μὴ
750 1413 888 1471 ἀλλὰ
939 1414 1144 1495 πολλὰς
1193 1415 1282 1472 καὶ
1326 1413 1489 1479 ἄλλας
1533 1417 1605 1476 εἰς
1650 1413 1742 1468 τὸν
1784 1412 1944 1468 αὐτὸν

285 1489 471 1584 ζυγὸν,
507 1489 886 1583 ἐφελκόμσναι.
958 1489 1056 1566 ηΩς
1125 1508 1298 1569 πόσας
1350 1503 1448 1579 μὲν
1503 1509 1610 1561 τῶν
1671 1499 1942 1580 παρθένων

287 1595 508 1666 ἐκεῖνα,
539 1594 711 1658 πόσας
771 1592 824 1649 δὲ
863 1598 972 1651 τῶν
1014 1599 1203 1674 χηρῶν
1241 1595 1276 1661 ἡ
1321 1593 1491 1669 σεμνὴ
1545 1589 1777 1651 Κλαυδίά
1833 1591 1942 1647 πό·-

288 1705 414 1748 σους
450 1684 507 1738 δὲ
536 1683 644 1740 τῶδ
701 1681 902 1762 ἀνδρῶν
953 1690 1169 1762 Πρωτᾶς
1206 1685 1290 1738 καὶ
1348 1675 1619 1747 Ὑάκινθος
1647 1683 1726 1757 τῷ
1783 1687 1944 1754 κοινῷ

289 1773 546 1847 Δεσπότῃ
577 1773 944 1852 προσήγαγον,

380 2039 511 2100 ΚΘ’.
555 2039 704 2108 Πλὴν
733 2038 854 2096 ἀλλ’
886 2040 1024 2098 οὕτω
1053 2040 1216 2121 μέχρι
1265 2039 1466 2100 πολλοῦ
1487 2045 1584 2108 τῆς
1617 2044 1946 2116 Χριστιανῶν

289 2129 730 2206 ὒπεραυξομένης
784 2131 1035 2208 πίστεως,
1097 2134 1125 2186 ὁ
1176 2137 1268 2187 τοῦ
1327 2137 1559 2209 πονηροῦ
1615 2131 1802 2209 φθόνος
1861 2127 1946 2183 ἐπὶ

291 2227 486 2296 μεῖζον
529 2219 668 2276 κατὰ
739 2225 844 2274 τῶν
916 2217 1144 2278 εὐσεϐῶν
1190 2219 1371 2297 ᾔρετο.
1434 2218 1786 2295 Οὐαλεριανοῦ
1851 2217 1948 2295 γὰρ

289 2311 383 2365 καὶ
447 2307 670 2365 Γαλλίου
726 2309 826 2376 τὴν
885 2300 1160 2390 Ῥωμαίων
1215 2309 1396 2390 ἀρχὴν
1425 2307 1736 2384 διεπόντων,
1787 2308 1948 2370 αὐτὸς

297 2399 414 2463 τοὺς
480 2397 713 2462 πολλοὺς
791 2398 961 2454 ὑπιὼν
1041 2389 1317 2473 Ῥωμαίων
1387 2404 1596 2477 πονηρὰ
1670 2396 1948 2474 σπέρματα

290 2501 418 2551 ταῖς
478 2489 650 2546 αὐτῶν
706 2485 921 2542 ἐνέϐαλε
978 2485 1255 2562 διανοίαις,
1301 2492 1398 2544 καὶ
1445 2488 1626 2553 στάσις
1685 2487 1950 2554 ἆνήπτετο

292 2577 434 2634 κατὰ
492 2583 824 2649 Χριστιανῶν
874 2575 1122 2656 χαλεπή.
1184 2578 1281 2634 Καὶ
1331 2579 1366 2646 ἡ
1427 2583 1523 2644 τῆς
1557 2577 1790 2642 στάσεως
1847 2574 1949 2642 ὕλη

298 2663 602 2742 Κορνήλιος
653 2664 823 2735 δήπου
863 2667 951 2724 καὶ
981 2668 1028 2723 οἱ
1087 2667 1205 2745 περὶ
1256 2666 1414 2723 αὐτὸν
1470 2668 1632 2741 ἦσαν,
1669 2666 1747 2724 ὅτι
1803 2668 1952 2743 πάσῃ

294 2757 447 2835 χειρὶ
503 2757 590 2812 καὶ
634 2755 824 2833 γνώμῃ
856 2757 940 2836 ,τὰ
996 2763 1326 2835 Χριστιανῶν
1374 2755 1658 2813 πλατύνειν
1706 2778 1952 2836 προῃρη-

2027 599 2204 662 mittit
2246 601 2500 676 Basillae,
2538 604 2807 684 studens,
2841 611 2904 664 ut
2943 603 2985 664 ii
3017 603 3070 665 ei
3104 610 3304 664 essent
3333 605 3534 666 omnia
3564 622 3670 682 pro

2027 690 2300 770 epistola,
2332 691 2428 752 vel
2460 691 2544 752 illi
2580 693 2692 773 ipsi
2727 694 2919 774 potius
2939 692 3189 774 epistola
3222 693 3497 756 animata.
3522 695 3670 756 Cum

2027 779 2139 842 hos
2200 798 2340 859 ergo
2369 781 2689 845 admodum
2749 784 3010 846 libenter
3057 783 3386 864 excepisset
3431 783 3672 860 Basilla,

2025 869 2309 932 adorabat
2341 878 2618 952 tanquam
2651 872 2882 955 aliquos
2932 874 3145 937 Christi
3173 873 3494 954 apostolos.
3527 872 3671 936 Cum

2030 959 2105 1021 de
2129 978 2199 1021 ea
2245 968 2440 1022 autem
2475 963 2813 1032 rescivisset
2868 963 3206 1042 Cornelius,
3242 981 3455 1044 magna
3501 962 3677 1026 stella

2027 1048 2186 1112 inter
2214 1051 2552 1131 episcopos,
2588 1060 2766 1115 noctu
2797 1055 2957 1116 venit
2986 1053 3058 1114 ad
3106 1070 3234 1114 eam
3261 1059 3506 1133 propter
3536 1070 3674 1134 per-

2029 1139 2423 1212 secutionem,
2459 1150 2518 1202 et
2564 1159 2693 1203 eam
2728 1143 2928 1204 divino
2978 1142 3255 1223 dignatur
3302 1143 3668 1222 baptismate.

2027 1229 2124 1291 Sic
2180 1247 2322 1308 ergo
2377 1229 2597 1293 Basilla
2659 1240 2717 1294 et
2745 1232 3032 1312 Eugenia,
3082 1231 3369 1293 ineil‘abili
3421 1230 3673 1313 quodam

2025 1318 2266 1380 vinculo
2296 1319 2586 1398 colligata)
2621 1329 2869 1402 propter
2901 1322 3204 1385 Christum
3237 1320 3673 1395 amicitianue-

2028 1416 2168 1469 runt
2198 1408 2336 1487 biga
2367 1410 2636 1490 quaedam
2671 1413 2991 1492 conjuncta
3021 1411 3295 1486 Domino,
3320 1410 3431 1490 ipsi
3461 1411 3678 1474 animis

2027 1515 2062 1558 a
2109 1516 2176 1558 se
2207 1497 2464 1560 invicem
2499 1501 2858 1580 pendentes,
2893 1510 2951 1564 et
3001 1501 3398 1581 intelligantur
3425 1519 3678 1563 conver-

2025 1596 2246 1662 santes,
2283 1588 2386 1668 qui
2444 1589 2624 1652 etiam
2659 1591 2876 1654 multas
2935 1593 3081 1654 alias
3127 1592 3200 1653 ad
3258 1591 3417 1653 idem
3474 1591 3678 1671 iugum

2027 1677 2356 1740 trahentes.
2419 1679 2469 1741 Ο
2501 1698 2676 1760 quam
2713 1681 2926 1744 multas
2953 1683 3195 1763 quidem
3227 1680 3347 1744 illa;
3400 1682 3678 1763 virgines,

2026 1785 2202 1847 quam
2237 1769 2451 1830 multas
2475 1769 2682 1832 viduas
2712 1771 3071 1834 venerabilis
3110 1771 3374 1846 Claudia,
3407 1780 3553 1852 quot
3581 1790 3681 1833 au-

1967 1889 2005 1940 B
2030 1865 2148 1917 tem
2185 1857 2345 1918 viros
2375 1859 2581 1921 Proias
2610 1866 2668 1920 et
2698 1860 3064 1940 Hyacinthus
3093 1861 3396 1924 communi
3427 1861 3683 1924 Domino

2030 1945 2383 2008 obtulerunt
2416 1947 2430 2006 !

2101 2038 2285 2096 XXIX.
2319 2039 2427 2097 Sed
2459 2054 2591 2098 cum
2626 2042 2706 2098 sic
2737 2043 3064 2100 mirandum
3099 2045 3153 2100 in
3198 2043 3430 2100 modum
3462 2058 3685 2101 cresce-

2031 2127 2122 2181 ret
2155 2120 2306 2182 ﬁdes
2333 2121 2829 2200 Christianorum,
2851 2123 3096 2203 maligni
3129 2124 3352 2185 invidia
3377 2124 3562 2205 magis
3585 2143 3681 2186 ex-

2033 2208 2326 2271 citabatur
2354 2210 2642 2274 adversus
2675 2213 2825 2293 pios.
2879 2212 3025 2276 Nam
3060 2233 3195 2276 cum
3248 2212 3598 2276 Valerianus
3627 2220 3687 2276 et

2033 2299 2315 2363 Galienus
2377 2302 2786 2364 Romanorum
2848 2312 3120 2366 tenerent
3177 2304 3682 2386 imperium,ipse

2033 2388 2220 2449 multo
2249 2388 2553 2452 Romanos
2584 2392 2764 2455 tacite
2795 2392 3063 2469 subiens,
3096 2395 3250 2456 mala
3277 2393 3682 2474 seminainje-

2034 2479 2115 2540 cit
2139 2497 2343 2540 eorum
2375 2481 2701 2564 mentibus,
2736 2484 3048 2564 gravisque
3076 2501 3327 2547 accensa
3348 2492 3438 2546 est
3467 2484 3682 2547 seditio

2035 2568 2329 2632 adversus
2375 2569 2766 2649 Christianos.
2801 2573 3125 2636 Seditionis
3185 2581 3379 2636 autem
3439 2576 3686 2636 materia

2037 2657 2146 2718 luit.
2203 2658 2538 2738 Cornelius,
2573 2669 2632 2723 et
2663 2661 2767 2739 qui
2818 2681 2951 2725 cum
2987 2681 3057 2725 eo
3113 2672 3302 2739 erant,
3337 2664 3494 2745 quod
3547 2682 3684 2725 cum

2042 2754 2160 2809 tota
2191 2765 2368 2810 manu
2422 2759 2486 2812 et
2514 2758 2715 2813 mente
2747 2771 2844 2814 res
2901 2753 3378 2816 Christianornm
3436 2753 3689 2816 dilatare

295 2845 452 2920 μένοι
511 2845 572 2902 οὒ
626 2846 788 2919 μόνον
851 2835 1065 2922 Ῥώμην
1127 2845 1293 2913 αὐτὴν
1345 2853 1536 2926 μικροῦ
1589 2851 1784 2920 πᾶσαν,
1817 2835 1951 2901 ἀλλὰ

2039 2840 2442 2926 instituissent,
2479 2857 2595 2901 non
2627 2845 2815 2902 solum
2848 2845 3081 2903 Romam
3115 2848 3298 2917 ipsam
3346 2847 3462 2904 fere
3493 2855 3686 2913 totam,

301 2934 397 2990 καὶ
450 2933 542 2998 τὰς
567 2932 748 3008 κύκλῳ
805 2933 990 3000 πόλεις
1022 2956 1080 2991 τε
1137 2938 1236 2991 καὶ
1282 2925 1468 3014 χώρας
1528 2935 1625 3002 τῆς
1657 2937 1762 2990 τῶν
1819 2938 1951 2990 θεῶν

2036 2925 2144 3014 sed
2176 2925 2351 2987 etiam
2409 2928 2589 2989 urbes
2620 2938 2676 2989 et
2704 2928 3004 3008 regiones,
3039 2948 3172 3010 quae
3227 2939 3398 2992 erant
3423 2929 3687 2991 circum-

304 3019 548 3100 λατρείας
578 3023 909 3102 ἀπέστησαν,
955 3026 1044 3081 καὶ
1100 3026 1192 3080 τὸν
1244 3012 1636 3100 ὀνομαζόμενον
1664 3022 1789 3102 παρ’
1851 3022 1951 3079 αὒ-

2036 3012 2219 3089 circa,
2242 3033 2275 3075 a
2307 3015 2465 3078 cultu
2494 3015 2744 3078 deorum
2777 3017 3168 3095 abduxerant,
3203 3026 3262 3080 et
3307 3019 3405 3100 qui
3435 3018 3509 3080 ab
3543 3018 3690 3100 ipsis

306 3122 428 3176 τοῖς
471 3113 684 3190 Χριστὸν
735 3113 913 3171 κοινὸν
977 3112 1258 3182 Δεσπότην
1299 3115 1390 3170 καὶ
1442 3115 1572 3170 Θεὸν
1617 3115 1950 3193 ἁπιγράφον-

2037 3102 2458 3193 nominabatur
2490 3103 2784 3181 Christus,
2819 3114 2883 3167 ut
2910 3106 2984 3168 ab
3015 3107 3103 3169 eis
3133 3107 3470 3170 communis
3484 3107 3687 3171 Domi-

301 3221 414 3263 ται,
464 3201 804 3281 Παραχρῆμα
852 3203 1024 3260 τοίνυν
1079 3203 1360 3279 βασιλικὸν
1391 3201 1706 3283 ἐξειρωνεϊτο
1761 3192 1951 3258 Θέσπι-

2037 3211 2150 3254 nus
2170 3201 2229 3256 et
2248 3192 2408 3256 Deus
2431 3194 2849 3270 ascriberetur,
2877 3197 3217 3259 effecerant.
3245 3196 3520 3259 Protinus
3550 3214 3688 3275 ergo

2040 3283 2489 3310 ε.....,..-ι-..ε--...
2544 3285 2946 3310 __..-_-_I.__a__-_
3003 3287 3252 3310 -J2-n_____
3342 3294 3391 3310 ,Α
3458 3305 3684 3310 .___-___._

297 3310 436 3366 σμα,
490 3292 580 3349 καὶ
633 3292 816 3359 πάσης
878 3297 976 3360 τῆς
1050 3293 1328 3368 Ῥωμαίων
1389 3293 1596 3370 ἐψοίτα,
1675 3297 1951 3372 πανταχοῦ

2040 3283 2491 3364 imperatorium
2544 3285 2948 3367 promulgatur
2996 3287 3281 3363 edictum,
3336 3294 3394 3350 et
3451 3305 3690 3370 quoquo

297 3379 503 3443 πάντας
554 3382 676 3446 τοὺς
730 3384 839 3439 τῶν
882 3389 1213 3459 Χριστιανῶν
1267 3382 1533 3463 ἐκκρίτους
1590 3405 1649 3441 τε
1709 3387 1797 3440 καὶ
1868 3390 1951 3440 τοῦ

2042 3391 2250 3436 versus
2279 3375 2534 3456 pervasit
2564 3395 2670 3458 per
2698 3384 2878 3438 totam
2911 3376 3314 3439 Romanorum
3356 3378 3687 3457 regionem,

297 3468 570 3548 δόγματος
629 3472 919 3550 εἰσηγητὰς
967 3470 1499 3548 συλλαμϐανομένους
1562 3474 1772 3548 θανάτῳ
1813 3471 1951 3530 δίδο-

2043 3473 2108 3526 ut
2129 3465 2472 3546 quicunque
2497 3475 2672 3528 erant
2697 3465 2900 3528 eximii
2923 3486 2994 3529 ex
3017 3467 3454 3549 Christianis,et
3481 3484 3690 3529 eorum

299 3563 447 3622 σθαι,
509 3559 830 3639 Ἀνῃροῦντο
873 3569 998 3639 γοῦν
1029 3560 1181 3618 ἄλλοι
1212 3562 1310 3637 μὲν
1369 3562 1530 3640 ἄλλῃ,
1563 3561 1857 3642 Κορνήλιος
1905 3560 1951 3618 δὲ

2046 3555 2338 3635 dogmatis
2361 3555 2656 3632 doctores,
2685 3557 3128 3636 comprehensi,
3161 3565 3351 3619 morte
3381 3557 3692 3620 afﬁceren-

299 3647 626 3721 διελάνθανε,
675 3650 908 3725 μάλιστα
951 3653 1051 3726 μὲν
1131 3660 1208 3729 ’τῷ
1263 3654 1350 3710 καὶ
1410 3659 1478 3729 τῇ
1522 3651 1811 3731 συγκλήτῳ
1878 3650 1951 3708 διὸ

2049 3652 2165 3706 tur.
2204 3644 2706 3708 lnterimebantur
2727 3663 2877 3725 ergo
2908 3645 3010 3707 alii
3040 3647 3281 3726 quidem
3312 3648 3428 3709 alio
3461 3647 3637 3709 modo
3671 3667 3688 3710 :

297 3743 466 3814 τιμῆς
498 3737 748 3819 ἄγεσθαν,
783 3742 871 3797 καὶ
920 3741 1062 3820 παρά
1109 3744 1214 3800 τῶν
1245 3742 1299 3798 ἐν
1355 3743 1490 3818 αὗτῇ
1523 3739 1746 3819 πρώτων
1780 3741 1951 3819 ὥσπερ

2043 3733 2352 3795 Cornelius
2380 3743 2578 3796 autem
2607 3734 2852 3814 latebat,
2875 3741 3131 3797 maxime
3153 3735 3421 3817 quidem,
3447 3735 3606 3818 quod
3629 3736 3692 3796 in

300 3829 408 3884 ὑπό
439 3850 598 3886 τινωδ
648 3827 928 3908 προϐόλων
973 3834 1458 3911 περιφρουρεῖσθαι,
1493 3829 1595 3905 ἤδη
1647 3827 1702 3885 δὲ
1749 3831 1838 3886 καὶ
1885 3837 1951 3904 τῷ

2042 3822 2272 3884 honore
2302 3821 2630 3885 haberetur
2658 3843 2689 3884 a
2722 3833 2961 3898 senatu,
2997 3832 3056 3886 et
3083 3824 3157 3886 ab
3193 3826 3268 3886 iis
3299 3826 3402 3906 qui
3434 3833 3602 3887 erant
3630 3825 3691 3886 in

299 3930 494 3996 τηρεῖν
545 3920 702 3984 αὐτὸς
734 3919 920 3977 ἑαυτὸν
967 3919 1058 3977 ἐπὶ
1117 3921 1332 3978 πολλῶν
1364 3921 1621 3995 σωτηρίᾳ.
1695 3918 1951 3998 Συνεκρό-

2043 3930 2113 3974 eo
2169 3911 2369 3992 primi,
2405 3919 2687 3990 tanquam
2721 3931 2756 3973 a
2815 3917 3278 3993 propugnaculis
3333 3913 3691 3996 quibusdam

298 4029 428 4065 τουν
458 4005 514 4064 δὲ
564 4007 805 4080 ἀλλήλας
835 4012 966 4088 πρὸς
1017 4013 1109 4068 τὸν
1140 4011 1322 4091 ἂγῶνα
1380 4010 1612 4067 Βασίλλα
1640 4011 1728 4067 καὶ
1791 4013 1951 4087 Εὖγε-

2045 4001 2492 4091 defenderetur.
2547 4001 2729 4064 Porro
2783 4021 2922 4065 vero
2951 4003 3082 4084 ipso
3134 4022 3373 4085 quoque
3425 4003 3693 4085 seipsum

302 4098 416 4170 νία,
462 4099 523 4154 α⁴ἱ
565 4099 644 4173 μὴ
697 4100 948 4180 φέρουσαι
990 4102 1092 4168 τὴν
1135 4089 1240 4160 ἀπὸ
1310 4108 1402 4158 τοῦ
1443 4102 1610 4160 τόπου
1664 4097 1951 4182 διάστασιν1

2047 4089 2436 4152 conservabat
2456 4091 2527 4152 ad
2555 4091 2872 4154 multorum
2905 4093 3181 4156 salutem.
3208 4095 3286 4156 Se
3307 4093 3560 4156 invicem
3583 4112 3697 4156 au-

303 4186 424 4244 ἐπεὶ
467 4189 602 4246 κατὰ
644 4179 832 4270 ψυχὴν
875 4189 1138 4262 ἀλλήλαις
1169 4190 1376 4260 ἤνωντο
1422 4190 1517 4248 καῖ
1543 4197 1620 4265 τῷ
1651 4191 1801 4263 τόπῳ
1841 4179 1951 4246 συνξ

2047 4189 2165 4270 tem
2211 4179 2676 4270 exhortabantur
2704 4181 2776 4243 ad
2811 4189 3114 4245 certamen
3145 4183 3364 4246 Basilla
3411 4192 3469 4244 et
3496 4182 3695 4262 Euge-

303 4276 545 4334 άπτοντα
599 4268 920 4358 καίνλόγων
978 4288 1320 4338 κοινωνοῦσιν
1393 4279 1679 4350 ἀλλήλαις.
1754 4279 1820 4338 Ἤ
1863 4280 1951 4356 μὲν.

2047 4269 2184 4331 nia:
2221 4287 2354 4350 quae
2397 4287 2430 4330 a
2462 4268 2590 4331 loco
2624 4270 2886 4350 disjnngi
2935 4289 3054 4333 non
3104 4279 3383 4348 ferentes,
3418 4273 3696 4354 quoniam

307 4368 401 4422 οὖν
460 4368 685 4445 Εὖγενία
714 4371 848 4447 πρὸς
901 4375 998 4447 τῇν
1060 4369 1324 4427 Βασίλλαν
1366 4368 1504 4428 ἅλλα
1559 4391 1617 4427 τε
1647 4369 1823 4428 πολλὰ
1875 4381 1951 4429 τοῐ

2049 4359 2270 4422 animis
2298 4368 2466 4421 erant
2497 4359 2655 4422 inter
2683 4378 2748 4421 se
2779 4361 2983 4436 unitae,
3008 4362 3139 4424 loco
3173 4380 3409 4444 quoque
3437 4362 3696 4441 conjun-

308 4471 664 4534 προκειμένου
709 4459 871 4538 χάριν
929 4459 1139 4539 ἀγῶνος
1189 4458 1396 4524 διέξεισι
1439 4461 1534 4516 καί
1593 4460 1665 4524 ὠς
1699 4457 1951 4531 ἐπιδήλως

2049 4457 2289 4530 guntur,
2321 4457 2378 4511 et
2406 4467 2471 4512 se
2502 4449 2885 4512 sermonibus
2908 4451 3169 4514 vicissim
3203 4454 3696 4533 impertiunt.At-

306 4549 447 4622 αὐτῇ
496 4548 524 4602 ὁ
581 4551 806 4625 Χριστὸς
866 4548 930 4604 τὰ
982 4551 1102 4629 περὶ
1151 4548 1319 4618 αύτῆς
1372 4549 1710 4626 ἐκκαλύψειν,
1751 4548 1830 4607 ὅτι
1873 4552 1951 4607 τοι

2049 4526 2163 4620 que
2193 4526 2458 4619 Eugenia
2486 4539 2726 4620 quidem
2752 4539 2986 4603 Basillze
3008 4549 3065 4603 et
3095 4544 3277 4604 multa
3292 4526 3422 4604 'alia
3449 4541 3699 4604 disserit

306 4635 405 4692 τοῦ
451 4639 734 4716 μαρτυρίου
765 4636 962 4716 δρόμον
990 4638 1117 4696 ὅσον
1168 4638 1315 4696 οὔπω
1345 4637 1650 4717 δραμεῖται,
1684 4641 1774 4696 καὶ
1837 4641 1951 4697 στέ-

2049 4630 2124 4691 de
2155 4629 2461 4710 proposito
2491 4629 2847 4706 certamina,
2883 4638 2942 4693 et
2971 4631 3126 4712 quod
3158 4639 3364 4713 aperte
3395 4631 3452 4694 ei
3478 4631 3701 4694 revela-

311 4747 478 4806 φανον
512 4726 565 4782 ἔν
607 4733 686 4802 τῷ
726 4727 868 4785 τέλει
901 4731 1165 4809 γενομένη
1209 4728 1467 4806 λήψεται.
1513 4729 1753 4806 Ὀμοὶως
1783 4727 1850 4797 δὴ
1880 4731 1951 4786 κα¹

2047 4719 2129 4781 vit
2158 4717 2470 4796 Dominus,
2504 4719 2698 4799 ipsam
2754 4722 3017 4802 martyrii
3049 4740 3290 4784 cursum
3325 4741 3456 4784 mox
3487 4739 3702 4802 perac-

313 4813 553 4872 Βασίλλα
610 4830 728 4881 τοῖς
760 4817 904 4883 ἴσοις
957 4819 1124 4887 αὐτὴν
1153 4819 1447 4898 ἣμείψατο,
1482 4817 1560 4874 ὅτι
1603 4819 1692 4875 καὶ
1725 4818 1860 4895 αὖτῇ
1903 4819 1951 4874 τὶ

2051 4813 2244 4872 turam
2280 4816 2334 4898 et
2363 4826 2645 4898 coronam
2703 4811 2941 4872 tandem
2974 4820 3377 4889 accepturam.
3415 4810 3704 4874 Similiter

313 4907 435 4984 περὶ
479 4907 726 4986 Εὗγενίας
782 4907 1064 4988 ἐγνώρισεν
1111 4911 1138 4965 ὁ
1181 4896 1441 4988 Χριστὸς,
1463 4910 1549 4964 καὶ
1601 4907 1749 4968 ὅπως
1800 4905 1951 4982 διπλᾷ

2052 4907 2250 4988 autem
2282 4896 2500 4988 Basilla
2558 4917 2796 4988 quoque
2826 4899 2882 4962 ei
2936 4900 3268 4981 respondit,
3305 4899 3462 4978 quod
3523 4905 3702 4963 etiam

314 4995 503 5071 μέλλει
547 4985 791 5078 στεφάνῳ
820 4985 933 5067 τὴν-
964 4997 1203 5078 κεφαλήν
1230 4985 1618 5075 νκοσμήθῆναι,
1665 4999 1738 5054 ἑνὶ
1770 4997 1867 5074 μὲν
1895 5001 1951 5073 τῆ

2055 4987 2130 5050 de
2158 4986 2420 5078 Eugenio
2447 4985 2714 5050 Christus
2753 4991 2804 5050 ei
2839 4989 3214 5072 signiﬁcavit,
3240 4992 3366 5053 fore
3387 4997 3452 5052 ut
3480 4988 3704 5070 duplici

313 5085 446 5163 ὑπὲρ
513 5093 621 5143 τῶν
661 5077 815 5144 κατὰ
882 5088 982 5156 τὴν
1041 5077 1440 5168 Ἀλεξάνδρειαν
1496 5089 1580 5144 καὶ
1645 5087 1744 5155 τὴν
1802 5086 1951 5154 ἄλλη·

2055 5095 2276 5140 corona
2309 5077 2361 5138 ei
2391 5085 2567 5158 caput
2596 5087 2916 5140 exornetur
2949 5099 2960 5136 :
2991 5098 3106 5140 una
3130 5080 3369 5160 quidem
3405 5097 3512 5162 pro
3537 5079 3703 5159 peri-

311 5176 581 5254 Αἰγύπτου
640 5175 893 5236 κινδύνων
960 5178 1056 5235 καί
1114 5167 1316 5258 πόνων,
1375 5177 1538 5258 ἑτέρῳ
1599 5175 1654 5234 δὲ
1711 5177 1789 5253 τῷ
1842 5176 1951 5254 imi,

2057 5167 2209 5258 culis
2239 5175 2300 5230 et
2348 5167 2653 5229 laboribus
2683 5187 2830 5250 quos
2859 5168 3042 5231 subiit
3091 5169 3490 5245 Alexandrim,
3525 5177 3584 5232 et
3643 5170 3704 5230 in

310 5272 407 5322 τοῦ
461 5269 744 5347 μαρτυρίου
806 5269 893 5325 καὶ
955 5273 1054 5336 τῆς
1114 5265 1181 5324 δι’
1253 5271 1462 5326 ἱκεϊνον
1502 5273 1735 5348 σφαγῆς.
1798 5273 1975 5326 Ταῦτα

313 5353 579 5426 ἀλλήλαις
633 5379 692 5414 τε
744 5356 1051 5435 συνθέμεναι
1097 5359 1184 5414 καὶ
1233 5355 1485 5425 ἀλλήλων
1533 5355 1969 5436 ὺπερευξάμεναι,

316 5443 452 5502 ἀλλὰ
482 5448 573 5504 καὶ
620 5453 728 5504 τῶν
761 5451 880 5528 περὶ
933 5448 1034 5514 τὴν
1082 5447 1334 5524 Εὗγενίαν
1393 5447 1663 5528 παρθένων
1711 5448 1808 5512 τὰς
1864 5451 1971 5523 ψυ-

317 5537 423 5616 χὰς
468 5537 839 5616 ἁῤῥενώσασαι
902 5539 992 5596 καὶ
1048 5538 1274 5595 θανάτου
1331 5536 1416 5595 διά
1472 5539 1698 5616 Χριστὸν
1749 5538 1975 5614 ἀμελεῖν

319 5628 598 5709 πείσασαι,
662 5626 950 5684 διίστανται
1007 5627 1068 5684 τό
1138 5649 1200 5706 γε
1272 5633 1360 5685 νῦν
1417 5626 1548 5708 ἕχον
1627 5634 1973 5705 σωματικῶς,

317 5715 471 5802 ἑτέρα
528 5717 678 5794 πόθῳ
706 5721 807 5785 τῆς
869 5715 1050 5798 ἑτέρας
1083 5717 1255 5777 πυκνὰ
1306 5723 1416 5775 τῶν
1445 5715 1732 5801 ὀφθαλμῶν
1792 5716 1979 5800 ἀφιεῖ-

2056 5257 2288 5340 reliqua
2345 5259 2635 5337 Egypto:
2700 5258 2885 5320 altera
2935 5277 3100 5341 vero,
3153 5278 3259 5342 pro
3309 5259 3587 5341 martyrio
3648 5267 3708 5322 et

2059 5347 2244 5424 caede,
2278 5364 2413 5429 quae
2441 5354 2687 5429 propter
2708 5347 2872 5410 illam
2896 5348 3048 5411 facta
3077 5360 3185 5412 est.
3212 5348 3350 5412 Hac
3380 5368 3516 5412 cum
3547 5348 3706 5411 inter

2059 5457 2126 5502 se
2157 5437 2570 5513 contulissent,
2600 5445 2659 5499 et
2681 5456 2784 5518 pro
2815 5456 2880 5499 se
2911 5438 3162 5501 invicem
3195 5452 3461 5522 praecata;
3479 5447 3703 5521 essent,

2061 5529 2204 5610 quin
2238 5528 2408 5591 etiam
2442 5526 2792 5610 virginibus,
2819 5547 2954 5607 quae
2979 5539 3145 5593 erant
3166 5530 3320 5612 apud
3353 5529 3702 5610 Eugeniam,

2062 5619 2361 5682 masculos
2390 5618 2622 5681 animos
2649 5619 3042 5696 addidissent,
3072 5629 3131 5681 et
3181 5621 3619 5702 persuasissent
3645 5627 3709 5680 ut

2061 5719 2317 5777 mortem
2377 5720 2624 5794 propter
2679 5709 2983 5774 Christum
3038 5711 3428 5792 negiigerent,
3459 5725 3710 5793 corpore
