4148 6394
457 332 575 398 643

1779 337 2061 400 MENSIS
2105 335 2534 401 DECEMBER.

3728 342 3844 410 644

460 466 708 549 quidem
742 466 803 529 in
839 464 1148 548 praesentia
1179 468 1622 550 disjunguntur.
1656 470 1844 531 altera
1874 467 2105 530 deside-

2197 492 2256 527 σα
2345 469 2564 551 δακρυα,
2638 472 2818 551 ὥσπερ
2890 475 2986 531 οὐκ
3066 473 3414 554 ἀνεχομένων
3488 479 3674 541 αὐταῖς
3741 486 3846 535 τῶν

457 557 547 618 rio
599 556 863 632 alterius,
901 556 1140 619 crebras
1173 577 1241 619 ex
1274 558 1466 619 oculis
1517 557 1804 638 lacrymas
1831 557 2116 620 emitten-

464 654 576 723 tes,
613 654 818 726 utpme
848 646 1005 726 quod
1040 647 1195 709 ferre
1233 666 1350 708 non
1397 657 1640 727 possent
1669 645 1829 710 oculi
1880 664 1982 709 eas
2011 666 2117 709 se-

463 736 662 816 parari
695 754 729 796 a
759 736 848 795 sui
878 734 1132 797 invicem
1164 736 1526 816 spectaculo.

544 824 722 887 XXX.
758 828 900 888 Cum
933 834 1132 887 autem
1193 827 1371 887 ﬁnem
1405 825 1683 906 accipere
1714 834 2017 906 oporteret
2046 843 2117 889 ea

464 933 596 993 quae
649 915 724 975 de
756 914 902 994 ipsis
956 914 1237 994 praedicta
1266 916 1501 978 fuerant
1528 934 1562 977 a
1593 914 1871 990 Domino,
1904 915 1980 977 de
2012 916 2116 976 Ba-

462 1004 594 1065 silla
625 1002 867 1082 quidem
902 1002 1049 1065 dixit
1081 1006 1365 1087 Pompeio
1397 1023 1515 1067 una
1545 1023 1614 1067 ex
1655 1005 1729 1066 iis
1758 1024 1892 1083 qua;
1924 1004 2112 1084 ipsam

461 1092 890 1173 sequebantur,
924 1094 1373 1175 ancillis,quod
1425 1095 1538 1155 nisi
1591 1095 1754 1156 omni
1808 1095 2001 1156 studio
2057 1104 2116 1155 et

462 1202 639 1245 manu
669 1183 833 1261 regia
889 1182 1000 1244 sibi
1061 1183 1425 1265 desponsam
1473 1184 1776 1265 Basiliam,
1811 1203 1944 1265 qum
1987 1185 2110 1265 jam

461 1282 585 1335 erat
657 1271 901 1348 nubilis,
949 1273 1191 1335 domum
1258 1274 1515 1347 duxerit,
1564 1293 1682 1335 non
1742 1274 1996 1354 amplius
2054 1275 2112 1335 in

462 1373 767 1443 posterum
795 1380 924 1424 eam
951 1363 1481 1426 habebituxorem.
1516 1362 1683 1426 Scias
1706 1364 2110 1445 enim,inquit.

459 1475 585 1518 eam
609 1461 813 1518 lactant
844 1476 967 1517 esse
998 1460 1382 1519 Christianam
1418 1462 1785 1519 sermonibus
1818 1462 2113 1533 Eugeniae.

461 1562 715 1623 eamque
771 1562 888 1605 non
940 1544 1128 1605 solum
1191 1544 1593 1624 matrimonio,
1624 1546 1727 1605 sed
1789 1546 1964 1605 etiam
2010 1551 2115 1606 toti

466 1634 688 1695 mundo
720 1634 1091 1697 renuntiare.
1119 1634 1202 1697 Ea
1233 1634 1307 1695 de
1339 1652 1517 1695 causa
1546 1634 1677 1713 ejus
1698 1652 1937 1716 quoque
1965 1642 2118 1696 tuto-

459 1740 587 1785 rem
615 1723 910 1785 Helenum
943 1722 1186 1784 differre
1204 1723 1465 1803 nuptias,
1493 1724 1596 1802 qui
1623 1724 1859 1803 estipse
1879 1742 2118 1803 quoque

2200 562 2377 637 ὄψεων
2419 565 2515 629 τῆς
2548 562 2801 630 ἀλλήλων
2835 564 3128 633 ἀποστῆναι
3158 565 3301 631 θέας.

2280 833 2365 890 Λ’.
2410 831 2565 891 Ἐπεΐ
2596 824 2650 882 δὲ
2700 824 2832 883 ἔδειν
2864 834 2950 889 καὶ
2978 831 3140 910 πέρας
3199 832 3331 899 ἕξειν
3375 834 3441 890 τὰ
3469 836 3570 892 ὑπὸ
3598 843 3691 893 τοῦ
3740 847 3848 895 Κυ-

2198 921 2307 999 ρίου
2361 924 2477 1000 περὶ
2522 922 2693 981 αὐτῶν
2756 922 3209 999 προηγορευμένα,
3268 928 3365 989 τῆς
3427 924 3524 998 μὲν
3590 924 3850 992 Βασίλλας

2197 1023 2423 1068 κατεῖπε
2468 1013 2596 1089 πρὸς
2631 1012 2719 1068 τὸν
2780 1013 3065 1085 Πομπήϊον
3110 1012 3205 1087 μία
3229 1033 3309 1074 τις
3356 1014 3461 1069 τῶν
3506 1013 3845 1093 ἐφεπνμένων

2198 1103 2332 1177 αὐτῇ
2391 1102 2705 1160 παιδισκῶν·
2764 1101 2836 1163 ὡς
2879 1101 2922 1155 εἴ
2979 1101 3059 1175 μὴ
3112 1098 3313 1176 σπουδῇ
3355 1103 3502 1177 πάσῃ
3548 1106 3634 1160 καὶ
3686 1105 3845 1179 βασι-

2195 1190 2323 1264 λείῳ
2365 1193 2505 1272 χειρὶ
2537 1192 2635 1258 τὴν
2683 1193 3103 1263 μνηστευθεϊσαν
3160 1192 3302 1264 αύτῷ
3336 1191 3597 1248 Βασίλλαν
3651 1194 3846 1271 ὡραίαν

2196 1279 2298 1347 ἤδη
2363 1283 2529 1358 γάμου
2599 1280 2966 1358 γεγενημένην
3013 1282 3145 1358 πρὸς
3204 1281 3293 1336 τὸν
3339 1281 3494 1337 οἷκον
3551 1282 3843 1359 ἀγάγηται,

2198 1369 2370 1426 ούκὲτι
2429 1371 2489 1424 τὸ
2547 1369 2684 1444 μετὰ
2740 1379 2905 1428 ταῦτα
2949 1381 3179 1444 γυναῖκα
3224 1370 3318 1436 τὴν
3377 1371 3660 1447 εἰρημένην
3718 1370 3840 1436 ἕξει·

2200 1460 2519 1537 Χριστιανήν
2581 1480 2637 1513 τε
2697 1459 2796 1536 γὰρ
2870 1458 3002 1537 ἴσθι,
3056 1462 3208 1538 φησί,
3263 1471 3381 1521 τοῖς
3440 1460 3537 1528 τῇς
3599 1462 3845 1537 Εὖγενίας

2199 1551 2515 1625 γεγενῆσθαι
2593 1546 2798 1625 λόγοις,
2846 1549 2934 1604 καὶ
2979 1548 3038 1604 οὗ
3112 1549 3268 1624 γάμῳ
3322 1548 3509 1622 μόνον,
3555 1547 3691 1604 ἀλλὰ
3759 1551 3849 1606 καὶ

2200 1639 2388 1711 κόσμῳ
2439 1639 2595 1693 παντὶ
2643 1636 3050 1693 ἁποτάττισθαν
3126 1639 3289 1694 ταῦτα
3338 1660 3418 1694 τοι
3479 1638 3684 1694 καὶτὸν
3742 1640 3846 1695 πά-

2199 1751 2371 1808 τρωνα
2445 1727 2640 1791 ταύτης
2717 1725 2907 1782 Ελενον
2966 1729 3094 1804 πρὸς
3171 1728 3291 1790 τοὺς
3365 1727 3568 1804 γάμους
3632 1727 3846 1803 μέλλειν

464 1811 856 1884 Christianus,
877 1820 935 1873 et
966 1813 1234 1892 ejusdem
1265 1812 1540 1875 instituti.
1571 1811 1907 1884 Quinetiam
1940 1832 2109 1893 quos,

2200 1819 2453 1874 κάκεῖνον
2511 1816 2823 1892 Χριστιανὸν
2895 1815 3018 1871 ὄντα
3087 1818 3176 1872 καὶ
3247 1824 3338 1873 τοῦ
3407 1818 3590 1891 ὁμοίου
3648 1826 3848 1875 σκοποῦ

459 1900 676 1981 inquit,
707 1903 1015 1963 eunuchos
1037 1901 1303 1979 Eugenia
1325 1912 1602 1982 tanquam
1638 1920 1840 1964 servos
1868 1902 1943 1964 ad
1978 1921 2108 1964 eam

460 1991 639 2065 misit,
669 1990 711 2052 ii
735 1992 822 2053 vel
845 1990 1112 2052 omnium
1142 1998 1399 2053 maxime
1420 1999 1610 2053 artem
1648 2001 1955 2054 sectantur
1979 2010 2108 2053 ma-

447 2082 661 2158 gicam,
687 2088 747 2143 et
781 2082 865 2143 sic
892 2100 1023 2143 eam
1059 2082 1462 2156 incantarunt,
1489 2089 1551 2142 ut
1585 2080 1838 2143 fateatur
1863 2099 1928 2143 se
1953 2101 2111 2144 nunc

452 2189 554 2233 eos
584 2170 806 2233 habere
835 2171 1133 2243 dominos,
1168 2179 1228 2232 et
1283 2189 1388 2232 eos
1421 2171 1624 2232 colere
1658 2179 1935 2251 tanquam
1965 2171 2113 2233 deos

451 2260 840 2323 immortales.
877 2259 1022 2323 Cum
1078 2260 1232 2321 mala
1273 2259 1361 2321 sic
1408 2259 1625 2321 ancilla
1673 2257 1954 2341 Pompeio
2007 2278 2109 2321 re-

453 2351 810 2431 nuntiasset,
845 2359 903 2412 et
932 2351 1189 2429 linguam
1237 2348 1471 2412 diabolo
1503 2357 1709 2430 aperte
1742 2349 2106 2423 tradidisset,

453 2448 513 2501 et
564 2441 690 2503 haec
744 2440 938 2501 locuta
990 2447 1150 2501 esset
1218 2438 1504 2500 adversus
1567 2438 1968 2514 Christianos,
2024 2439 2111 2500 ira

452 2528 619 2591 valde
653 2529 761 2590 fuit
809 2547 1099 2590 accensus
1132 2528 1475 2608 Pompeius,
1509 2536 1567 2589 et
1614 2527 1894 2591 adversus
1925 2527 2105 2591 Hele-

454 2636 601 2679 num
655 2617 855 2696 gravia
904 2619 1139 2697 spirans
1194 2626 1286 2678 est
1318 2617 1645 2696 profectus.
1713 2619 1786 2679 Et
1846 2617 2107 2697 primum

456 2708 698 2788 quidem
745 2706 801 2768 ei
830 2707 948 2769 vim
1000 2704 1310 2786 alferebat,
1346 2715 1407 2767 ut
1457 2706 1569 2768 sibi
1602 2706 1858 2786 puellam
1912 2717 2105 2769 osten.

453 2799 645 2873 deret,
675 2796 897 2858 deinde
950 2796 1123 2857 etiam
1157 2794 1495 2857 celebraret
1527 2796 1787 2877 nuptias,
1823 2796 1937 2857 nisi
1980 2797 2108 2878 ipse

452 2898 659 2967 aperte
692 2887 869 2949 vellet
899 2903 1033 2947 esse
1094 2885 1281 2946 hostis
1313 2884 1766 2965 imperatorum.
1802 2886 1937 2949 Haec
1971 2906 2107 2949 cum

453 2975 678 3040 diceret
730 2975 1074 3055 Pompeius,
1110 2994 1227 3036 non
1280 2974 1447 3036 latuit
1495 2974 1736 3056 quidem
1789 2973 2108 3058 Helenum,

451 3067 741 3126 undenam
778 3068 1026 3139 profesta
1060 3076 1209 3124 esset
1243 3066 1489 3137 proditio
1524 3087 1537 3134 ;
1572 3068 1887 3139 ingenuum
1918 3077 2108 3128 autem

2194 1908 2495 1987 γινόμενον.
2547 1906 2619 1962 Ού
2665 1906 2773 1976 μὴν
2828 1903 2964 1961 ἀλλὰ
3022 1907 3109 1961 καὶ
3155 1907 3264 1981 οὒς,
3299 1906 3489 1985 φησὶν,
3534 1909 3567 1974 ἡ
3631 1910 3849 1986 Εύγενία

2194 1997 2477 2078 εὐνούχους
2531 1996 2603 2059 ὡς
2661 1993 2877 2057 δούλους
2936 1995 3072 2069 αὒτῇ
3122 1993 3427 2073 πέπομφεν,
3460 1995 3602 2053 οὗτοι
3645 1994 3701 2052 δὲ
3762 1999 3848 2054 καὶ

2193 2089 2406 2144 πάντων
2466 2084 2700 2160 μάλιστα
2758 2088 2855 2150 τῆς
2913 2089 3153 2161 μαγικῆς
3211 2084 3421 2141 ἔχονται
3503 2086 3706 2164 τάχνης
3761 2088 3850 2143 καὶ

2194 2177 2334 2234 οῧτω
2404 2177 2604 2241 ταύτην
2690 2174 3119 2250 κατεγοήτευσαν
3189 2173 3329 2230 ὥστε
3415 2198 3502 2230 νυι
3587 2174 3846 2240 δεσπότας

2194 2267 2380 2331 αὖτοὺς
2424 2264 2579 2343 ἔχειν
2624 2261 2917 2341 ὁμολογεῖν
2959 2264 3044 2319 καὶ
3088 2265 3161 2327 ὡς
3215 2261 3503 2326 ἀθανάτους
3547 2266 3698 2326 θεοὺς
3752 2266 3846 2322 σέ-

2192 2354 2397 2417 ϐεσθαι.
2452 2354 2602 2412 Οὕτω
2644 2352 2740 2420 τῆς
2804 2358 3043 2430 πονηρῆς
3091 2349 3285 2420 δούλης
3351 2356 3629 2428 Πομπηΐῳ
3673 2377 3844 2432 προσ-

2194 2446 2523 2525 αγγειλάσης
2579 2444 2790 2522 ἀνήφθη
2851 2440 3050 2521 σφόδρα
3107 2444 3198 2498 τὸν
3256 2446 3418 2518 θυμὸν
3469 2446 3497 2500 ὁ
3559 2447 3847 2520 Πομπήϊος

2191 2539 2279 2592 καὶ
2362 2536 2499 2592 κατὰ
2556 2540 2651 2590 τοῦ
2724 2530 2940 2588 Ἐλένον
3020 2532 3151 2609 βαρὺ
3231 2535 3402 2588 πνέων
3467 2533 3685 2612 ἐχώρει.
3751 2535 3849 2591 Καὶ

2191 2626 2375 2702 πρῦτα
2424 2623 2523 2698 μὲν
2554 2619 2814 2686 ἐπιδεῖξαι
2847 2622 2990 2694 αὐτῷ
3031 2621 3128 2687 τήν
3161 2622 3323 2697 κόρην
3373 2621 3611 2698 ἀνάγκην
3649 2621 3845 2700 ἐπῆγε,

2191 2716 2314 2772 εἶτα
2364 2715 2606 2776 καὶτοὺς
2664 2712 2868 2789 γάμους
2928 2710 3163 2790 τελέσαι,
3198 2710 3250 2766 εἴ
3303 2732 3364 2788 γε
3407 2712 3486 2786 μὴ
3519 2712 3699 2783 αὐτὸς,
3733 2734 3846 2791 φη-

2192 2806 2295 2879 σὶν,
2356 2804 2547 2883 ἐχθρὸς
2610 2802 2757 2858 εἶναι
2815 2808 2918 2857 τῶν
2964 2801 3363 2879 αὐτοκρατόρων
3422 2802 3643 2879 ωανερὸς
3717 2802 3847 2877 βού-

2192 2893 2364 2955 λοιτο.
2426 2903 2600 2951 Ταῦτα
2630 2899 2723 2949 τοῦ
2769 2893 3062 2968 Πομπηίου
3107 2890 3361 2969 λέγοντος
3419 2895 3515 2950 οὒκ
3567 2889 3718 2947 ἔλαθε
3752 2892 3850 2965 μὲν

2192 2986 2284 3041 τὸν
2341 2982 2575 3042 ’Ἕλενον
2604 2981 2720 3039 ὅθεν
2765 2984 2799 3050 ἡ
2828 2980 3103 3060 προδοσία,
3136 2980 3413 3059 ἐλευθέραν
3478 2978 3533 3037 δὲ
3563 2980 3710 3055 ὅμως
3763 2981 3852 3037 καὶ

2193 3068 2396 3128 δικαίαν
2449 3071 2544 3137 την
2594 3069 2874 3147 ἀπόκρισιν
2935 3069 3252 3139 ἐποιήσατο,
3306 3069 3476 3146 Ἐγὼ,
3524 3068 3720 3146 λέγων,
3753 3072 3851 3136 τῆς

451 3152 764 3232 etjustum
802 3151 857 3213 ei
890 3150 1057 3213 dedit
1085 3169 1467 3231 responsum.
1525 3150 1646 3231 Ego
1677 3170 1831 3229 sum,
1870 3152 1971 3231 qui
2011 3153 2109 3215 ob-

2197 3161 2361 3237 κόρης
2432 3159 2795 3238 ἐπιτροπεύειν
2880 3158 3093 3238 λαχὼν,
3141 3159 3306 3237 μέχρι
3358 3160 3457 3233 μὲν
3528 3159 3593 3227 ἦν
3668 3159 3850 3216 παισὶν

452 3240 603 3320 tigit,
629 3240 861 3316 dicens,
898 3239 1113 3320 puellm
1145 3239 1487 3321 tutela,quae
1512 3240 1706 3303 donec
1730 3241 1972 3321 quidem
2006 3242 2109 3304 im-

453 3330 642 3411 pubes
670 3330 802 3406 fuit,
829 3348 899 3391 ea
920 3342 976 3392 et
1009 3349 1042 3391 a
1064 3348 1161 3392 me
1188 3329 1476 3408 alebatur,
1512 3339 1570 3392 et
1600 3331 1829 3393 vivebat
1856 3341 1923 3393 ut
1945 3332 2105 3395 vole-

453 3420 614 3482 bam.
650 3420 794 3481 Cum
818 3438 957 3481 vero
977 3418 1099 3499 jam
1128 3420 1197 3482 ad
1234 3420 1469 3501 plenam
1508 3426 1849 3501 pervenerit
1876 3431 2107 3484 aetatem

453 3508 646 3587 etjam
685 3516 921 3589 tempus
946 3510 1251 3589 acceperit
1294 3510 1650 3590 legitimum,
1677 3512 1805 3588 ipsa
1834 3530 1954 3573 non
1985 3530 2107 3574 am-

452 3597 608 3678 plius
658 3616 852 3660 meam
884 3608 1167 3679 sequetur
1213 3600 1600 3675 voluntatem,
1636 3602 1741 3665 sed
1779 3620 1945 3664 suam
2006 3621 2099 3665 se-

452 3706 643 3769 quens
672 3689 1055 3770 sentcntiam,
1088 3690 1263 3754 faciet
1297 3692 1352 3753 id
1392 3692 1548 3772 quod
1579 3692 1756 3755 volet.

530 3775 732 3840 XXXI.
772 3777 1083 3861 Postquam
1129 3781 1240 3843 hoc
1274 3799 1627 3861 responsum
1656 3782 1891 3863 accepit
1926 3787 2104 3844 Pom-

451 3867 651 3948 peius,
681 3867 754 3928 ad
788 3869 1020 3930 Basillm
1051 3869 1210 3932 aedes
1271 3871 1541 3951 protinus
1573 3882 1664 3935 est
1697 3873 2019 3953 profectus,
2054 3884 2114 3938 et

454 3959 685 4036 pulsato
708 3959 886 4033 ostio,
905 3957 1154 4037 janltori
1178 3960 1515 4041 imperavit,
1542 3970 1602 4023 ut
1638 3962 1690 4023 ei
1709 3964 2108 4028 annuntiaret.

453 4046 561 4109 llla
612 4055 810 4109 autem
845 4048 1068 4108 sensim
1128 4068 1263 4112 eum
1299 4051 1519 4130 repulit
1554 4070 1658 4132 per
1706 4070 1978 4133 puerum,
2014 4054 2108 4115 di-

454 4152 599 4196 cens
652 4136 802 4197 nihil
837 4156 968 4199 esse
1000 4157 1318 4201 commune
1366 4141 1599 4203 Basillze
1631 4161 1768 4203 cum
1800 4141 2103 4221 Pompeio,

453 4225 557 4287 sed
595 4244 789 4306 neque
845 4228 978 4307 ejus
1007 4228 1328 4291 adventum
1374 4231 1619 4293 omnino
1652 4232 1825 4312 culpa
1874 4250 2106 4294 carere.

450 4314 766 4388 Quomodo
821 4319 1004 4392 cnim,
1053 4318 1153 4399 qui
1200 4320 1272 4381 ad
1328 4317 1615 4400 virginem
1664 4322 2003 4393 accesserit,
2049 4334 2109 4383 et

448 4423 582 4467 cum
618 4423 688 4467 ea
719 4423 987 4468 seorsum
1024 4408 1431 4489 loquiquaerit,
1460 4430 1636 4492 quam
1672 4409 2105 4491 pr0pemodum

2193 3248 2280 3307 ὑπ’
2322 3250 2440 3325 ἐμοί
2473 3271 2529 3306 τε
2589 3247 2921 3327 τρεφομένην
2963 3248 3126 3326 εἶχον
3173 3251 3261 3304 καὶ
3313 3248 3577 3323 θελήματι
3611 3251 3686 3322 τῷ
3737 3247 3851 3324 ἐμῷ

2191 3346 2387 3411 ζῶσαν·
2455 3339 2569 3395 ἐπεὶ
2640 3338 2695 3393 δὲ
2725 3337 2939 3405 ἡλικίας
2998 3335 3190 3416 ἐπέϐη,
3225 3336 3318 3393 καὶ
3373 3339 3566 3416 χρόνον
3596 3336 3699 3405 ἤδη
3758 3339 3849 3393 τὸν

2194 3428 2412 3498 ἕνςομον
2464 3428 2778 3507 ἀπειλήφει,
2841 3426 3013 3484 οὖκέτι
3070 3427 3334 3501 θελήματι
3394 3433 3469 3501 τῷ
3529 3428 3643 3503 ἐμῴ
3713 3424 3846 3494 αὕτη

2191 3517 2395 3577 ἕπεται.
2432 3518 2571 3577 ἀλλὰ
2614 3518 2805 3596 γνώμη
2836 3522 2906 3593 τῇ
2952 3515 3054 3590 ἰδίᾳ
3106 3516 3398 3597 στοιχοῦσα
3455 3516 3600 3581 ὅπως
3654 3515 3716 3572 ἂν
3759 3524 3848 3579 καὶ

2187 3609 2436 3685 βούλοιτο
2480 3606 2595 3687 δρᾷ.
2608 3655 2623 3671 .
2637 3655 2650 3670 .
2663 3652 2676 3668 .

2268 3778 2404 3839 AA’.
2470 3778 2677 3845 Ταύτην
2707 3779 2823 3835 ἐπεὶ
2887 3780 3174 3852 Πομπήϊος
3221 3776 3432 3843 ἐδέξατο
3486 3777 3586 3843 τὴν
3620 3775 3849 3853 ἁκόκρι-

2196 3890 2297 3943 σιν,
2348 3871 2477 3947 πρὸς
2535 3868 2631 3936 τὴν
2690 3873 2788 3935 τῆς
2834 3868 3092 3944 βασὶλλας
3165 3869 3332 3924 οἰκίαν
3388 3873 3659 3947 παχρῆμα
3700 3864 3847 3946 ἐχώ-

2194 3979 2297 4039 ρει,
2354 3961 2440 4015 καὶ
2501 3955 2673 4033 κόψας
2724 3958 2820 4025 τὴν
2878 3960 3031 4036 θύραν
3089 3964 3165 4030 τῷ
3193 3961 3408 4035 θυρωρῷ
3429 3959 3645 4013 ὲκέλευε
3676 3976 3849 4035 προσ-

2195 4049 2498 4126 αγγέλλειν.
2558 4046 2621 4103 Ἦ
2674 4047 2728 4101 δὲ
2780 4045 2954 4125 ἠρέμα
3008 4044 3091 4102 διὰ
3147 4057 3241 4104 τοῦ
3274 4046 3459 4110 παιδὸς
3504 4048 3659 4103 αὐτὸν
3694 4047 3851 4101 ἀπω-

2192 4138 2344 4194 θεῖτο
2375 4136 2539 4212 μηδὲν
2586 4136 2729 4194 εἶναι
2775 4135 2952 4191 κόίνὸν
2994 4135 3225 4213 λέγουσα
3262 4137 3501 4210 Βασιλλᾳ
3546 4138 3635 4193 καὶ
3694 4142 3848 4211 Πομ-

2193 4229 2367 4302 πηίῳ,
2416 4226 2556 4281 ἀλλὰ
2599 4224 2708 4300 μὴν
2767 4222 2884 4282 οιῦδὲ
2944 4227 3108 4293 αὒτὴν
3154 4226 3293 4291 ὅλως
3353 4227 3452 4294 τὴν
3498 4225 3667 4307 ἄφιξιν
3706 4226 3852 4300 αὖτῷ

2193 4315 2341 4393 ἔχειν
2403 4313 2724 4390 ἀμέμπτως.
2787 4316 2907 4379 Πῶς
2940 4316 3062 4395 γὰρ,
3098 4316 3156 4381 ὅς
3214 4338 3275 4395 γε
3334 4319 3549 4395 γυναικί
3615 4315 3854 4394 παρθένῳ

2192 4404 2391 4471 ἐπῆλθε
2447 4405 2534 4459 ναὶ
2592 4402 2888 4474 ἰδιᾶζοισαν
2951 4405 3167 4479 ὁμιλίαν
3226 4407 3496 4480 ἐπιζητεῖ,
3569 4404 3687 4473 ἥτις
3761 4428 3850 4480 μι-

449 4514 526 4558 ne
556 4495 749 4557 oculis
780 4496 1021 4576 quidem
1057 4499 1179 4560 suis
1225 4500 1364 4562 licet
1397 4500 1676 4563 masculis
1713 4499 1971 4561 intueri?
2005 4499 2109 4561 His

2197 4500 2321 4572 κρου
2379 4492 2590 4549 πάντων
2649 4494 2949 4572 ὀφθαλμοῖς
3009 4494 3239 4573 ἆῤῥὲνων
3308 4497 3456 4552 ἐστῖν
3530 4493 3848 4570 ἄψαυστοςς

460 4584 658 4646 verbis
713 4585 916 4647 furore
971 4590 1301 4652 concitatur
1343 4587 1684 4671 Pompeius,
1738 4597 1795 4650 et
1847 4588 2105 4670 primum

450 4673 697 4754 quidem
732 4675 976 4740 veniens
1033 4679 1091 4740 in
1125 4689 1419 4755 senatum,
1456 4699 1592 4742 eum
1639 4687 1824 4758 rogat.
1883 4678 2110 4741 Deinde

451 4782 586 4826 cum
627 4782 729 4826 eos
778 4765 952 4828 etiam
998 4770 1445 4850 assumpsisset,
1496 4767 1678 4849 pedes
1728 4769 2113 4850 imperatoris

452 4852 776 4934 prehendit
828 4875 947 4917 non
981 4859 1110 4920 sine
1166 4859 1465 4940 lacrymis,
1500 4868 1557 4919 et
1603 4877 1773 4919 suum
1834 4868 2108 4940 tanquam

452 4960 769 5006 commune
815 4945 1083 5009 deﬂebat
1134 4948 1548 5024 infortunium,
1584 4946 1696 5009 Pro
1730 4948 1897 5010 vobis
1940 4949 2109 5027 ipsis,

453 5031 680 5110 dicens,
715 5054 749 5096 ο
786 5036 1143 5100 divinissimi
1187 5036 1459 5115 Augusti,
1499 5055 1603 5117 pro
1634 5036 1802 5099 vobis
1847 5038 1990 5117 ipsis
2022 5058 2110 5101 ex-

452 5124 673 5202 surgite
704 5133 762 5187 et
794 5127 1006 5188 vestris
1034 5127 1173 5200 diis,
1207 5139 1270 5188 et
1308 5145 1486 5207 quem
1521 5146 1591 5189 ex
1618 5127 1873 5208 [Egypto
1897 5146 2109 5190 novum

450 5213 640 5276 Deum
694 5234 851 5276 nunc
903 5216 1232 5278 introduxit
1284 5215 1567 5294 Eugenia,
1607 5235 1676 5279 ex
1727 5216 1876 5278 urbe
1924 5227 2115 5282 vestra

451 5305 751 5384 expellite.
781 5306 931 5367 Nam
964 5307 1024 5366 in
1057 5307 1259 5367 multis
1290 5307 1528 5387 quidem
1565 5306 1742 5368 etiam
1775 5307 1909 5369 aliis
1940 5309 2108 5371 dam-

452 5412 597 5455 num
631 5396 892 5457 oﬂ‘erunt
938 5393 1287 5471 Christiani,
1322 5395 1645 5459 irridentes
1694 5396 2108 5481 imperatores,

453 5480 622 5561 leges
676 5484 1104 5565 despicientes,
1138 5484 1426 5564 benignos
1494 5495 1555 5549 et
1604 5499 1936 5550 servatores
1969 5480 2114 5551 deos

454 5581 733 5655 tanquam
777 5572 977 5634 inania
1009 5575 1279 5654 quaedam
1316 5578 1650 5640 manufacta
1683 5589 2107 5660 conspuentes.

450 5660 623 5732 Nunc
655 5671 850 5725 autem
885 5662 998 5727 hoc
1025 5683 1262 5750 quoque
1292 5668 1489 5734 scelus
1512 5670 1763 5752 impium
1797 5679 1888 5737 est
1918 5670 1995 5735 ab
2026 5679 2114 5738 eis

2195 4584 2535 4658 Ἐκμαίνεται
2592 4597 2711 4648 τοῖς
2770 4585 3002 4662 ῥήμασιν
3066 4588 3093 4642 ὀ
3154 4587 3464 4663 Πομπήϊος,
3526 4585 3612 4639 καὶ
3665 4589 3848 4661 πρῶτα

2192 4673 2293 4750 μὲν
2346 4674 2418 4737 εἷς
2451 4673 2550 4739 τὴν
2609 4674 2813 4750 βουλὴν
2844 4675 3143 4752 παρελθὼν,
3179 4673 3353 4730 ἐδεῖτο
3382 4672 3604 4738 ταύτηςθ
3664 4670 3846 4726 ἔπειτα

2192 4764 2282 4819 καὶ
2330 4764 2542 4828 τούτους
2601 4761 2926 4841 παραλαϐὼν
2983 4771 3087 4820 τῶν
3145 4765 3322 4820 ποδῶν
3380 4772 3472 4820 τοῦ
3527 4767 3844 4835 κρατοῦντος

2196 4855 2290 4911 οὒκ
2347 4850 2570 4932 ἄδακρυς
2631 4852 2847 4934 ἥπτετο,
2894 4856 2978 4911 καὶ
3022 4854 3095 4917 ὣς
3152 4876 3199 4909 τι
3257 4854 3433 4909 κοινὸν
3486 4850 3743 4929 ἀτύχημα
3785 4849 3848 4903 τὸ

2197 4941 2335 4999 ἴδιον
2389 4943 2713 5022 ὠλοφύρετο,
2762 4942 2925 5022 ’Υπὲρ
2956 4944 3102 5018 ὑμῶν
3161 4944 3356 5013 αύτῶν,
3388 4939 3586 5019 λέγων,
3633 4942 3678 4996 ὦ
3706 4940 3848 4995 θειό-

2193 5055 2343 5090 τατοι
2406 5032 2720 5110 Αὕγουστοι,
2781 5033 2909 5111 ὑπὲρ
2979 5033 3127 5104 ὑμῶν
3183 5032 3352 5086 αὐτων
3427 5029 3706 5097 διανάτητε
3765 5031 3849 5086 καὶ

2195 5130 2300 5179 τῶν
2333 5122 2597 5202 ὑμετέρων
2656 5127 2813 5196 θεῶν,
2858 5122 2951 5178 καὶ
2996 5123 3055 5176 ὃν
3084 5119 3135 5186 ιξ
3185 5120 3445 5198 Αἰγόπτου
3502 5129 3589 5179 νῦν
3635 5119 3854 5199 Εὐγενία

2194 5215 2553 5291 ἒπεισήγαγεν
2609 5210 2725 5271 νέον
2759 5212 2889 5268 Θεὸν
2920 5216 3017 5278 τῆς
3074 5210 3327 5291 ὑμετέρας
3378 5210 3590 5276 πόλεως
3640 5210 3852 5269 ἀπελά-

2197 5325 2349 5367 σατε,
2400 5302 2584 5359 Πολλὰ
2615 5302 2713 5378 μὲν
2759 5302 2859 5382 γὰρ
2903 5303 2992 5358 καὶ
3050 5303 3190 5358 ἄλλα
3249 5315 3367 5367 τοῖς
3428 5303 3702 5381 πράγμασι
3763 5301 3853 5355 λυ-

2197 5397 2470 5470 μαίνονται
2540 5396 2841 5472 Χριστιανοὶ
2903 5394 3303 5470 καταγελιῦντες
3385 5393 3678 5468 βασιλέων,
3755 5411 3856 5445 κα-

2194 5490 2577 5564 ταφρονοῦντες
2663 5484 2863 5560 νόμων,
2939 5485 3058 5550 τοὺς
3131 5488 3378 5560 εὔμενεϊς
3439 5487 3536 5539 κπῖ
3600 5484 3850 5558 σωτῆρας

2194 5577 2343 5637 θεοὺς
2395 5575 2467 5636 ὡς
2500 5573 2702 5648 μάταιά
2745 5595 2861 5630 τινα
2914 5575 3264 5655 χειροποίητα
3318 5571 3678 5636 διαπτύοντες’
3744 5569 3851 5625 νυνὶ

2200 5666 2253 5725 δὲ
2309 5666 2397 5724 καὶ
2455 5663 2609 5720 τούτο
2650 5661 2835 5729 αὐτοῖς
2893 5663 3232 5735 ἐπινενόηται
3312 5685 3372 5722 το
3431 5660 3703 5741 ἀσέϐημα,
3762 5658 3849 5719 καὶ
