4148 6432
489 331 606 399 647
1797 338 1962 402 ΜΕΝ
1969 334 2080 400 SIS

2207 327 2560 405 ECEMBER.
3753 351 3870 422 548

482 476 592 541 est,
620 487 653 530 o
681 469 983 550 praefecte,
1020 489 1128 533 nos
1159 469 1370 531 vestris
1420 469 1535 532 diis
1593 469 1914 550 imperare.
1968 469 2118 532 Illud

2209 474 2396 554 ἄρχειν
2427 481 2531 530 τῶν
2559 473 2827 552 ὑμετέρων
2867 479 3020 533 θεῶν’
3084 477 3260 536 ἐκεῖνο
3323 479 3377 536 δε
3444 503 3528 538 σοι
3587 486 3676 540 καὶ
3729 510 3869 545 παν-

485 566 682 620 autem
716 568 805 620 est
836 560 1010 640 plane
1041 560 1389 635 absurdum,
1423 568 1482 620 et
1512 560 1585 621 ad
1635 561 2005 637 arguentium
2037 560 2118 622 fa-

2211 563 2379 625 τελῶς
2413 563 2611 620 ἄτοπον
2643 565 2730 621 καὶ
2779 565 3110 645 εὐέλεγκτον,
3141 571 3202 624 τὸ
3258 577 3464 648 μαγικῇ
3517 572 3690 653 τέχνῃ
3740 575 3864 633 ἐπι-

489 646 803 723 cillimum,
840 649 998 726 quod
1031 649 1298 712 ascribas
1341 650 1542 710 omnia
1570 652 1680 710 arti
1715 651 1978 726 magicae,
2013 669 2130 711 non

489 745 686 800 autem
739 739 915 800 alicui
974 740 1192 801 divinae
1240 748 1298 801 et
1354 738 1801 821 inexpugnabili
1850 740 2130 818 potentiae

398 827 404 830 ’
487 827 639 907 ejus,
674 828 774 908 qui
805 846 944 890 vere
967 837 1056 891 est
1085 829 1246 890 solus
1277 829 1431 909 apud
1470 848 1578 890 nos
1615 831 1793 892 Deus.
1851 828 1914 891 Si
1965 829 2124 890 enim

486 918 636 996 magi
669 917 936 998 quidem,
970 927 1032 978 ut
1064 937 1164 980 vos
1195 917 1414 993 dicitis,
1453 918 1796 980 immundos
1838 919 2124 1000 quosdam

487 1013 542 1066 et
575 1006 912 1069 materiales
969 1007 1249 1070 invocant
1307 1008 1630 1083 daamones,
1685 1009 1780 1069 isti
1834 1026 1972 1070 vero
2025 1026 2127 1070 eos

484 1095 591 1171 qui
649 1105 788 1158 sunt
835 1097 991 1176 apud
1045 1116 1166 1168 vos.
1229 1098 1375 1158 deos
1424 1107 1730 1178 superant,
1783 1097 1871 1158 vel
1932 1099 2127 1178 potius

485 1188 743 1266 primum
780 1205 852 1249 ex
883 1188 1250 1262 celestibus,
1283 1205 1405 1250 non
1455 1191 1656 1251 omnia
1685 1207 1892 1251 rursus
1926 1190 2125 1250 inver—

482 1276 659 1347 tetis,
719 1283 777 1338 et
828 1295 959 1357 quae
1025 1287 1163 1339 sunt
1220 1295 1524 1358 superna,
1583 1278 1817 1340 inferna
1869 1278 2121 1351 facietis,

482 1365 815 1444 majoribus
845 1365 961 1426 diis
992 1367 1340 1428 inferiorem
1367 1377 1586 1429 sortem
1613 1368 2038 1429 attribuentes:
2067 1375 2128 1428 et

481 1473 594 1516 nec
623 1454 770 1517 deos
799 1455 1068 1536 quidem,
1101 1456 1207 1518 sed
1239 1475 1342 1518 eos
1374 1475 1577 1518 servos
1610 1457 1869 1532 facietis,
1904 1467 1962 1518 et
1991 1476 2124 1518 ser-

480 1561 585 1605 vos
617 1544 978 1617 daemonum,
1011 1546 1314 1608 dsemones
1345 1557 1542 1608 autem
1578 1547 1746 1621 deos,
1795 1557 1851 1608 et
1901 1547 2124 1627 primos

481 1633 752 1697 deorum.
793 1633 961 1706 Quod
1003 1635 1240 1714 quidem
1296 1637 1474 1698 etiam
1525 1637 1641 1698 alio
1673 1656 1914 1718 quoque
1949 1637 2122 1698 modo

483 1741 688 1786 verum
724 1733 833 1799 est,
860 1743 995 1786 cum
1023 1741 1124 1786 vos
1148 1743 1252 1787 eos
1279 1733 1562 1803 tanquam
1596 1745 1767 1787 veros
1794 1726 1940 1788 deos
1972 1745 2120 1788 con-

2211 653 2452 733 γρᾶφειν,
2513 652 2649 709 ἀλλὰ
2707 655 2784 729 μὴ
2841 656 2952 728 θείᾳ
3008 658 3115 712 τινί
3154 660 3238 715 καὶ
3290 659 3493 740 ἀμάχῳ
3526 652 3741 738 δυνάμει
3775 673 3864 723 τοῦ

2212 742 2335 820 παρ’
2368 743 2503 817 ἡμῖν
2534 743 2697 806 ὅντως
2728 745 3072 819 μόνουθεοῦ.
3140 749 3195 804 Εἰ
3246 750 3345 827 γὰρ
3401 751 3564 828 μάγοι
3615 755 3737 828 μὲν,
3791 756 3864 819 ὠς

2209 832 2364 905 ὑμεῖς
2396 834 2547 910 φατὲ,
2582 833 2902 904 ἀκαθάρτους
2934 833 2997 903 δή
3048 859 3195 901 τινας
3254 840 3348 895 καὶ
3397 840 3606 907 ἐνύλους
3664 845 3861 902 ἐπικα-

2209 919 2424 978 λοῦνται
2479 919 2747 1002 δυνάμεις,
2806 925 2948 982 οὗτοι
3006 923 3059 980 δὲ
3113 934 3217 982 τῶν
3274 929 3398 1005 παρ’
3460 932 3591 997 ἁμῖν
3635 931 3861 1010 ἐπικρα-

2208 1016 2355 1066 τοῦσι
2413 1014 2570 1090 θεῶν,
2632 1011 2837 1085 μᾶλλον
2895 1011 2948 1068 δὲ
3011 1023 3103 1071 τοῦ
3165 1017 3374 1092 πρώτου
3420 1025 3525 1074 τῶν
3583 1019 3858 1095 οδρὶνίων,

2209 1097 2380 1156 ὤχετ’
2439 1098 2500 1154 ἂν
2560 1102 2799 1180 φθάνοιτε
2847 1103 3019 1160 πάντα
3081 1106 3313 1178 μάλιστα
3388 1107 3700 1188 στρέφοντες
3774 1115 3864 1167 καὶ

2207 1190 2273 1246 τὰ
2303 1185 2412 1244 ἅνω
2441 1189 2587 1245 κάτω
2645 1198 2941 1264 ποιοῦντες,
2992 1207 3110 1259 τοῖς
3166 1196 3263 1269 μὲν
3305 1185 3708 1270 μείζοσινθεοτς
3765 1200 3864 1266 τὴν

2208 1279 2356 1333 κάτω
2414 1292 2609 1356 μοΐραν
2670 1280 3128 1359 ἀποπληρουντεσο
3193 1287 3284 1340 καί
3341 1285 3454 1342 οῦδὲ
3501 1289 3674 1358 θεοὺς,
3728 1288 3866 1345 ἀλλὰ

2209 1365 2422 1432 δούλους
2456 1369 2643 1432 αὐτοὺς
2676 1378 2948 1435 ποιοῦντες
2979 1375 3064 1429 καὶ
3121 1373 3336 1440 δούλους
3394 1374 3688 1457 δαιμόνων,
3742 1380 3864 1442 τοῦς

2208 1455 2460 1531 δαίμονας
2526 1455 2578 1512 δὲ
2635 1461 2782 1514 θεοὺρ
2845 1462 2929 1516 κχὶ
2977 1484 3015 1516 π
3073 1461 3084 1481 ν
3199 1486 3217 1498 ,
3265 1467 3292 1519 ο
3338 1472 3356 1480 -
3470 1466 3491 1484 η
3531 1463 3576 1484 Μ
3625 1488 3634 1498 η
3674 1455 3682 1457 ~
3849 1466 3863 1487 ,

2277 1501 2288 1510 '
2558 1501 2579 1512 "
2668 1503 2688 1514 ··
2758 1501 2779 1522 ἰ
3019 1484 3216 1540 ρωτου,
3297 1485 3422 1542 εων,
3467 1488 3494 1518 o
3527 1485 3590 1532 οη
3627 1470 3712 1522 καὶ
3743 1471 3842 1522 καθ

2207 1543 2386 1623 ἕτερον
2418 1546 2657 1614 ἀληθεύει
2690 1552 2886 1628 τρόπον
2923 1568 2935 1582 ’
2969 1550 3184 1615 τούτους
3218 1555 3316 1630 γὰρ
3368 1555 3524 1628 ὑμεῖς
3587 1557 3661 1618 ὡς
3722 1555 3863 1622 ἀλη-

2205 1639 2316 1701 θεῖς
2371 1637 2520 1700 θεοὺς
2580 1641 3008 1714 προστησάμενοι
3069 1645 3156 1696 καὶ
3213 1643 3440 1719 ἀγαθοὺς
3512 1644 3654 1700 εἶναι
3705 1646 3862 1719 νομίσ-

2206 1732 2382 1795 ζοντες
2415 1724 2744 1804 διαπορεῐτε,
2781 1731 2824 1784 τί
2854 1729 2918 1796 δὴ
2950 1752 3079 1785 ποτε
3124 1733 3226 1786 τῶν
3283 1733 3533 1810 πονηρῶν
3589 1733 3857 1800 ἡττῶνται

477 1813 765 1887 stitueris,
802 1822 862 1874 et
890 1813 1080 1875 bonos
1131 1833 1264 1877 esse
1320 1816 1561 1896 putetis,
1597 1814 1884 1877 dubitetis
1919 1823 2118 1878 autem

2207 1812 2494 1890 δαιμόνων,
2555 1821 2651 1875 οὐκ
2709 1817 2902 1880 εἰδότες
2962 1817 3040 1874 ὅτι
3099 1823 3245 1878 α·’›τοὶ
3297 1822 3396 1896 μὲν
3429 1821 3642 1888 ἀληθῶς
3675 1823 3855 1879 οἱκα-

478 1920 735 1980 quanam
785 1903 861 1964 de
909 1922 1085 1966 causa
1114 1923 1148 1966 a
1182 1905 1354 1966 malis
1383 1905 1695 1967 vincantur
1726 1905 2115 1980 daemonibus,

477 1993 815 2054 nescientes
840 1994 1002 2074 ipsos
1037 2011 1171 2056 esse
1201 1993 1442 2074 quidem
1491 1995 1678 2055 malos
1729 2004 1786 2056 et
1819 1995 2122 2057 maleﬁcos

473 2082 797 2157 daemones,
838 2102 1020 2144 unum
1049 2101 1194 2146 vero
1227 2101 1360 2146 esse
1423 2086 1608 2146 Deum
1666 2084 1724 2145 in
1786 2084 2116 2147 omnibus:

475 2174 646 2252 cujus
678 2191 898 2235 nomen
929 2173 1127 2235 solum
1161 2174 1257 2235 isti
1291 2192 1410 2235 non
1456 2174 1737 2254 ferentes,
1774 2180 1926 2235 sicut
1957 2192 2116 2249 cera,

476 2273 540 2324 ut
569 2264 649 2325 ait
680 2262 913 2326 divinus
939 2263 1123 2326 David
1150 2263 1225 2340 '9,
1261 2282 1294 2326 a
1324 2264 1471 2326 facie
1502 2263 1677 2342 ignis,
1718 2263 2030 2342 liqueﬁunt
2068 2272 2127 2325 et

474 2363 748 2435 pereunt.

553 2439 814 2507 XXXIV.
847 2441 989 2506 Haec
1046 2443 1300 2504 audiens
1345 2442 1631 2518 Nicetius,
1686 2443 1818 2522 ejus
1874 2443 2120 2523 quidem

474 2550 753 2611 magnum
786 2540 844 2594 et
878 2532 1176 2594 excelsum
1230 2531 1635 2594 admirabatur
1678 2531 1965 2592 animum.
2001 2530 2118 2594 Sed

472 2639 608 2682 cum
632 2629 792 2683 esset
824 2628 978 2682 totus
1012 2621 1250 2682 dedi'us
1271 2623 1517 2683 insaniae
1543 2621 2022 2689 simulacrorum,
2061 2630 2118 2683 et

2206 1907 2414 1960 κοποιοί
2471 1928 2527 1962 τε
2582 1909 2668 1962 καὶ
2728 1909 2951 1985 πονηροὶ
3001 1908 3269 1988 δαίμονες,
3334 1911 3418 1973 εἶς
3480 1909 3532 1966 δὲ
3589 1911 3674 1968 ἐπὶ
3727 1919 3853 1968 πᾶσι

2207 1995 2360 2068 Θεὸς,
2395 1995 2454 2051 οὗ
2485 1997 2579 2051 καί
2612 1997 2778 2070 ὄνομα
2810 1997 2971 2071 μόνον
3007 1998 3147 2054 οὗτοι
3202 2000 3278 2074 μὴ
3335 2000 3580 2078 φέροντες
3627 2004 3701 2064 ὡς
3745 2023 3854 2068 κη-

2205 2085 2317 2163 ρὸς,
2379 2087 2414 2152 ἦ
2466 2109 2626 2164 φησι)
2685 2089 2711 2142 6
2767 2091 2914 2149 θεῖος
2975 2086 3162 2168 Δαυίδ,
3217 2089 3323 2145 ἀπὸ
3373 2089 3661 2170 προσώπου
3692 2091 3856 2170 πυρὸς
3917 2093 3922 2098 ’

2207 2174 2459 2242 τήκονταί
2486 2196 2544 2231 τε
2574 2177 2660 2233 καὶ
2692 2175 3037 2239 ἀπόλλυνται.

2288 2433 2399 2490 AA!
2478 2445 2517 2494 Τ
2557 2443 2580 2454 ~
2710 2436 2742 2492 ἆ
2823 2438 2834 2457 I
2998 2447 3013 2460 ν
3199 2459 3221 2476 ρ
3299 2437 3344 2460 ΡΙ
3594 2440 3610 2458 \
3733 2439 3747 2460 ν
3801 2441 3812 2455 ι

2402 2479 2416 2494 .
2522 2459 2651 2493 αυτα
2747 2458 2914 2493 κουων
2973 2437 3222 2506 Ῑνικήτιος
3271 2438 3508 2503 ἒςιστατο
3550 2461 3649 2515 μεν
3692 2461 3860 2506 αυτην

2202 2525 2301 2589 τῆς
2356 2523 2732 2602 μεγαλονοίας,
2789 2526 2912 2588 ὅλος
2973 2524 3026 2581 δὲ
3087 2532 3186 2592 τῆς
3243 2534 3349 2584 τῶν
3400 2526 3630 2584 εἰδώλων
3663 2531 3858 2604 μανίας

2201 2613 2486 2689 γενόμενος
2547 2617 2634 2672 καὶ
2692 2615 2837 2671 οῦδὲν
2894 2615 3072 2694 ἕτερον
3128 2615 3172 2672 ὤ
3231 2619 3290 2673 τὸ
3347 2617 3563 2679 ἐκείνοις
3607 2617 3855 2694 ἀρέσκειν

472 2710 622 2772 nihil
652 2709 811 2772 aliud
845 2719 1169 2791 spectaret,
1195 2730 1370 2792 quam
1423 2719 1484 2772 ut
1513 2711 1599 2772 eis
1634 2709 1915 2792 placeret,
1945 2710 2117 2790 jubet

2207 2700 2522 2778 διασκοπῶν,
2605 2705 2675 2766 εἷς
2761 2706 2851 2760 τὸν
2937 2707 3062 2760 ναὸν
3132 2707 3290 2773 αῦτη-θ
3362 2708 3460 2772 τῆς
3535 2704 3850 2784 Ἀρνέμιδος

473 2817 605 2862 eam
639 2799 777 2862 duci
798 2799 861 2862 in
891 2800 1176 2882 templum
1214 2791 1434 2880 Dianae,
1470 2800 1639 2882 sequi
1680 2809 1875 2862 autem
1907 2800 2113 2881 spicu-

2207 2793 2506 2872 ἂπαχθῆναι
2537 2791 2764 2867 κελεύει,
2813 2793 3095 2873 ἐφέπεσθαι
3150 2792 3200 2850 δὲ
3262 2796 3347 2851 καὶ
3407 2797 3493 2851 τὸν
3555 2795 3851 2852 σπεκουλά-

472 2891 719 2952 latorem
751 2889 808 2952 ei
839 2881 1049 2952 ensem
1082 2890 1478 2953 intentantem
1511 2913 1524 2954 :
1557 2881 1616 2952 et
1647 2891 1855 2971 partim
1874 2890 2116 2970 quidem

2207 2903 2344 2959 τωρα
2373 2885 2433 2938 τὸ
2466 2881 2766 2962 ξίφος⁷αὖτῇ
2812 2883 3132 2964 ἐπισείοντα,
3192 2885 3280 2941 καὶ
3334 2891 3488 2942 τοῦτο
3546 2886 3644 2959 μὲν
3704 2907 3849 2964 παρ-

469 2980 917 3054 admonentem,
951 2980 1164 3062 partim
1184 2989 1384 3042 autem
1409 2979 1975 3060 minitantem,quod
2003 2979 2118 3041 nisi

2207 2979 2468 3046 αινοῦντα,
2528 2975 2683 3030 τοῦτο
2739 2971 2793 3028 δὲ
2841 2978 2936 3046 κᾳὶ
2972 2972 3409 3050 διαπειλούμενον
3451 2973 3531 3032 ὅτι
3579 2975 3657 3050 μὴ
3690 2976 3849 3032 θύου-

469 3069 790 3149 sacrificet,
829 3088 899 3132 eo
930 3054 1108 3151 quem
1143 3069 1324 3133 habet
1353 3069 1416 3131 in
1471 3089 1670 3145 manu,
1726 3054 2111 3150 transadiget,

2207 3084 2295 3118 σαν
2325 3064 2387 3118 τὸ
2430 3063 2484 3117 ἐν
2515 3064 2656 3141 χειρὶ
2687 3061 3083 3138 μετελεύσεται,
3123 3063 3391 3121 ἓεικνύντα
3448 3066 3510 3120 τὸ
3567 3063 3730 3143 ξίφος,
3788 3054 3853 3120 Ἠ

468 3160 846 3266 ostendendo
875 3149 1105 3223 ensem.
1141 3159 1247 3266 llla
1303 3178 1446 3262 vero
1503 3169 1810 3262 postquam
1858 3159 2021 3222 venit
2053 3149 2113 3220 in

2207 3149 2276 3226 δὲ,
2339 3151 2525 3219 ἒπειδή
2583 3153 2714 3220 ἧκεν
2771 3155 2844 3215 εἰς
2878 3154 2968 3208 τὸν
3021 3155 3168 3229 ναὸν,
3201 3153 3369 3210 στᾶσα
3402 3154 3539 3210 κατὰ
3568 3153 3855 3232 πρόσωπον

2207 3247 2284 3266 _,‘!
2326 3241 2349 3266 2.
2400 3240 2447 3266 ΙἹ
2512 3263 2625 3266 ,,__,
2662 3241 2678 3266 2
2750 3243 2854 3266 _,,,!
2913 3264 2982 3266 HA,
3073 3265 3081 3266 κ
3267 3248 3329 3266 ~,
3415 3248 3440 3258 ’-
3543 3249 3602 3266 κν
3705 3241 3812 3266 ενοι

470 3250 782 3331 templum,
819 3258 982 3312 stans
1007 3269 1077 3311 ex
1111 3249 1358 3313 adverso
1388 3249 1670 3328 imaginis
1699 3253 1903 3330 specie
1932 3268 2110 3311 oran-

2207 3247 2288 3297 co3
2319 3240 2626 3320 ἀγάλματος
2658 3241 2711 3296 ἐν
2745 3243 2989 3320 σχήματι
3022 3248 3332 3322 προσευχῆς
3380 3248 3476 3309 τῆς
3535 3249 3640 3298 τῶν
3699 3241 3851 3299 εἰδώ-

471 3340 569 3420 tis,
596 3329 860 3419 precata
907 3346 999 3401 est
1050 3338 1356 3401 interitum
1416 3329 1905 3420 simulacrorum,
1957 3338 2114 3401 Deus

2207 3331 2303 3388 λων
2361 3331 2666 3411 κατηύχετο
2725 3331 3000 3412 ἆπολείας,
3061 3333 3121 3389 '0
3174 3335 3325 3406 Θεὸς,
3363 3331 3618 3410 λέγουσα²
3655 3334 3683 3388 6
3715 3332 3856 3388 αἰώ-

469 3438 715 3503 aeterne,
747 3427 976 3505 dicens,
1009 3429 1108 3509 qui
1136 3447 1233 3490 me
1290 3437 1388 3490 tua
1434 3427 1738 3490 voluntate
1770 3436 1832 3489 et
1859 3427 2023 3490 nasci
2055 3437 2111 3491 et

2207 3443 2306 3484 νιος
2338 3423 2364 3477 6
2396 3426 2472 3493 τῷ
2500 3427 2578 3494 σῷ
2632 3421 2728 3496 μὲν
2768 3420 3066 3497 βουλήματι
3125 3421 3352 3486 αΞιώσας
3403 3423 3492 3478 καὶ
3551 3421 3704 3500 φῦναι
3765 3425 3854 3479 καὶ

467 3515 710 3578 educari
744 3523 802 3576 et
856 3517 1143 3595 virginem
1197 3517 1257 3577 in
1300 3515 1659 3578 hodiernum
1713 3535 1904 3597 usque
1949 3517 2109 3579 diem

2207 3511 2455 3588 ιραφῆναι
2520 3515 2607 3568 καὶ
2660 3513 2912 3590 παρθένον
2969 3511 3096 3592 ἄχρι
3156 3515 3244 3567 καὶ
3304 3512 3390 3568 νῦν
3449 3511 3854 3590 δατηρηθῆναιν

465 3607 805 3668 conservari
830 3604 1107 3685 dignatus
1129 3614 1281 3686 es,et
1314 3614 1375 3667 ut
1407 3607 1686 3668 elﬁcerer
1715 3625 1933 3685 sponsa
1967 3605 2110 3669 Uni-

2207 3602 2406 3680 νύμφην
2457 3623 2512 3657 τε
2541 3609 2634 3658 τοῦ
2683 3609 3001 3679 μονογενοῦς
3067 3623 3161 3658 σου
3223 3599 3500 3682 δειχθῆναι
3563 3603 3706 3681 ι’ίοῦ,
3765 3603 3856 3658 καὶ

465 3695 743 3776 geniti,et
765 3702 826 3755 nt
844 3694 904 3756 in
928 3713 1024 3757 me
1045 3695 1280 3758 adeSset
1303 3695 1722 3758 sanctissimus
1739 3695 2021 3776 Spiritus,
2059 3707 2114 3758 et

2207 3693 2552 3770 τυμπαρεῖναί
2581 3713 2672 3766 μοι
2704 3693 2762 3748 τὸ
2795 3691 2946 3770 ἅγιον
3007 3698 3219 3768 Πνεῦμα
3273 3693 3362 3748 καὶ
3413 3691 3466 3748 ἐν
3514 3693 3635 3767 ὶμοὶ
3691 3692 3854 3768 βασι-

463 3791 523 3847 in
547 3803 638 3846 me
659 3787 1345 3860 regnaret,eﬂecisti,ipse
1369 3803 1522 3846 nunc
1545 3804 1774 3861 quoque
1799 3791 1937 3846 mihi
1961 3790 2117 3848 adsis

461 3873 524 3935 in
547 3873 658 3935 hac
683 3871 768 3933 tui
795 3871 1479 3952 confessione,efﬁciens
1509 3872 1882 3934 admirabilia
1903 3881 2113 3951 etquae

462 3964 582 4024 sint
607 3969 810 4023 contra
829 3961 1270 4044 opinionem,ut
1293 3962 1393 4040 qui
1415 3971 1469 4024 te
1492 3962 1694 4024 colunt
1717 3962 2116 4039 quidem,sint

460 4053 522 4109 in
543 4051 1070 4124 gloriajgnominia
1095 4061 1283 4111 autem
1301 4053 1648 4110 etdedecore
1665 4052 2111 4124 alﬂciantur,qui

458 4137 618 4198 hanc
646 4142 866 4196 mutam
891 4143 950 4197 et
971 4135 1212 4196 surdam
1241 4135 1488 4198 adorant
1511 4135 2116 4216 abominationem,et

476 4229 805 4310 gloriantur
825 4228 885 4290 in
909 4229 1032 4291 suis
1055 4229 1542 4310 sculptilibus.Ea
1558 4230 1684 4292 haec
1715 4230 2116 4306 orante,Deus

475 4318 719 4401 quidem
751 4319 919 4380 valde
952 4326 1144 4380 movet
1174 4331 1416 4393 terram,
1459 4320 1746 4399 templum
1777 4337 1916 4381 vero
1941 4337 2116 4382 ever-

476 4411 642 4490 titur,
675 4409 1000 4470 conteritur
1034 4415 1230 4470 antem
1274 4409 1688 4480 simulacrum,
1725 4409 1955 4488 reliqua
1977 4427 2118 4470 vero

2197 3780 2376 3838 λεῦσαι
2440 3781 2842 3857 παρασκευάσας
2903 3783 3058 3846 αὐτὸς
3112 3781 3356 3860 παρέστω
3403 3804 3493 3856 μοι
3527 3803 3615 3837 και
3649 3788 3737 3837 νῦν
3795 3781 3850 3836 ἐν

2196 3877 2263 3948 τῇ
2320 3871 2448 3949 ὑπὲρ
2519 3879 2613 3928 σοῦ
2685 3871 2850 3949 ταύτῃ
2922 3871 3179 3950 ὁμολογίᾳ
3250 3869 3521 3950 παράδαξα
3592 3869 3849 3945 ἐκτελῶν,

2197 3960 2342 4026 ὅπως
2403 3963 2450 4017 οἱ
2504 3961 2602 4037 μὲν
2661 3959 2938 4036 σεὸόμενοί
2994 3983 3051 4016 σε
3111 3959 3449 4040 δοξασθῶσιν,
3517 3962 3841 4040 αἰσχυντῶσι

2197 4049 2252 4106 δὲ
2284 4048 2477 4114 πάντες
2530 4052 2576 4107 οἱ
2626 4057 2704 4124 τῷ
2755 4049 2937 4124 ἆλᾶλῳ
2979 4051 3148 4122 τούτῳ
3197 4051 3284 4106 καὶ
3329 4056 3491 4128 κωφῷ
3521 4049 3842 4128 βδελύγματι

2198 4147 2610 4222 προσκυνοῦντες
2664 4141 2753 4196 καὶ
2809 4153 2925 4204 τοῖς
2982 4138 3240 4218 γλυπτοῖς
3280 4143 3450 4198 αύτῶν
3479 4139 3842 4218 ὲγκαυχώμε-

2199 4255 2301 4291 νοι.
2335 4231 2510 4289 Ταῦτα
2538 4229 3004 4310 προσευχομένης,
3061 4229 3204 4286 κινεῖ
3241 4230 3336 4304 μὲν
3368 4233 3394 4286 ὁ
3456 4232 3583 4295 Θεὸς
3613 4231 3711 4296 τὴν
3742 4236 3845 4309 γῇν

2198 4324 2458 4400 ὶσχυρῶς,
2519 4319 2932 4398 καταστρέφεται
2991 4317 3044 4374 δὲ
3104 4321 3130 4374 ὁ
3189 4322 3337 4395 ναὸς,
3397 4317 3720 4392 συντρίϐεται
3790 4317 3846 4375 δὲ

2201 4413 2263 4466 τὸ
2342 4408 2589 4484 εἴδωλον,
2663 4409 2730 4464 τὰ
2819 4409 2979 4467 λοιπὰ
3050 4406 3104 4463 δὲ
3176 4411 3310 4484 ὁμοῦ
3379 4407 3843 4488 συνταράσσονται,

474 4497 652 4560 simul
682 4495 1137 4558 conturbantur.
1173 4495 1449 4578 Stupent,
1487 4498 1592 4576 qui
1624 4498 1826 4559 vident
1857 4517 1872 4573 ;
1907 4515 2112 4576 perva-

2207 4499 2503 4566 Ἐξίσταντο
2561 4500 2605 4556 οἱ
2666 4501 2912 4577 ὁρῶντες’
2975 4498 3153 4579 φθάνει
3211 4497 3263 4554 δὲ
3311 4500 3550 4560 καὶτοὺς
3580 4497 3757 4577 πύῤῥω
3785 4500 3846 4554 τὸ

473 4587 560 4649 dit
588 4586 768 4648 etiam
799 4585 872 4647 ad
907 4604 1008 4648 eos
1065 4586 1166 4668 qui
1221 4589 1426 4669 procul
1485 4597 1675 4662 erant,
1713 4587 2068 4648 miraculum
2101 4609 2117 4662 ;

472 4676 620 4737 alius
671 4683 868 4736 autem
950 4674 1191 4736 aliunde
1263 4677 1682 4755 conﬂuentes,
1769 4673 2116 4754 quicunque

474 4773 644 4828 erant
674 4763 916 4845 quidem
947 4783 1108 4827 sanae
1139 4767 1379 4842 mentis,
1415 4765 1489 4827 id“
1528 4764 1685 4846 quod
1719 4763 1934 4826 factum
1964 4773 2109 4840 erat,

473 4854 769 4916 ducebant
801 4855 1180 4936 miraculum,
1244 4865 1303 4918 et
1352 4856 1636 4938 putabant
1695 4873 1846 4936 opus
1899 4855 2115 4916 divina;

471 4943 784 5026 potentiae:
807 4943 1266 5026 quibuscunque
1287 4962 1427 5008 vero
1449 4951 1662 5026 praeter
1678 4943 1928 5025 id,quod
1946 4952 2114 5006 erant

468 5042 635 5096 recta
665 5033 876 5115 privati
905 5034 1216 5115 opinione,
1249 5035 1456 5096 deerat
1484 5035 1659 5094 etiam
1719 5034 2037 5114 sapientia,
2073 5035 2111 5095 ii

472 5125 672 5185 multis
686 5124 1064 5186 contumeliis
1083 5123 1916 5204 afﬁcientesEugeniam,eam
1933 5125 2110 5186 etiam

468 5211 756 5274 vocabant
793 5231 1044 5292 magam.

549 5301 782 5364 XXXV.
819 5302 956 5366 Haec
994 5300 1158 5364 audit
1185 5301 1365 5363 etiam
1401 5303 1746 5383 imperator,
1778 5311 1838 5366 et
1867 5322 2112 5367 suorum

471 5391 724 5454 deorum
751 5391 1196 5470 quodammodo
1229 5391 1382 5453 ultor
1408 5392 1536 5454 fieri
1566 5411 1915 5474 properans,
1945 5395 2118 5474 jubet

469 5480 724 5563 lapidem
773 5480 1017 5560 quidem
1067 5481 1476 5560 gravissimum
1533 5483 1818 5564 suspendi
1870 5503 1903 5545 a
1961 5485 2114 5546 collo

470 5571 623 5653 ejus,
657 5573 846 5654 ipsam
878 5579 1077 5634 autem
1103 5571 1225 5652 jaci
1255 5570 1316 5632 in
1359 5572 1600 5634 fluvium
1651 5572 1938 5638 Tiberim.
1997 5574 2113 5638 Sed

551 5705 606 5751 η
633 5705 790 5774 Psal.
824 5723 1006 5786 van,
1035 5705 1093 5768 3.

2199 4594 2396 4669 θαῦμα,
2453 4589 2549 4646 καί
2606 4587 2766 4652 ἄλλος
2818 4589 3037 4647 ἄλλοθεν
3093 4587 3392 4667 συῤῥυέντες
3425 4587 3567 4650 ὅσοις
3602 4588 3699 4662 μὲν
3730 4590 3846 4653 νοῦς

2200 4683 2364 4758 ὑγιῶς
2396 4678 2540 4758 ἔχων
2573 4679 2659 4736 καὶ
2703 4679 2906 4758 φρένεις
2951 4679 3087 4746 ἦσαν
3132 4676 3216 4734 διὰ
3257 4679 3522 4752 θαύματος
3568 4679 3628 4732 τὸ
3682 4698 3846 4753 γεγο-

2199 4773 2286 4834 νὸς
2346 4769 2639 4844 ἐποιοῦντο,
2716 4771 2802 4825 καὶ
2855 4769 2995 4832 θείας
3055 4770 3206 4846 ἔργον
3262 4769 3488 4845 ἡγοῦντο
3545 4765 3839 4837 δυνάμεωςο

2198 4865 2306 4918 ἓσοι
2363 4858 2418 4916 δὲ
2479 4861 2612 4936 μετᾶ
2671 4866 2762 4916 τοῦ
2820 4856 2973 4924 δόξης
3031 4857 3206 4936 ὑγιοῦς
3252 4857 3560 4933 ἐσσερῆσθαι
3608 4852 3703 4908 καΐ
3747 4860 3840 4910 τοῦ

2197 4964 2408 5033 φρονεῖν
2452 4947 2826 5027 ἀπελείποντο,
2887 4949 3026 5004 οὗτοι
3085 4945 3314 5004 πολλαῖς
3371 4942 3545 5022 ὕϐρεσι
3589 4943 3686 5011 τὴν
3743 4945 3842 5000 E6-

2197 5042 2372 5121 γενίαν
2401 5040 2685 5119 βάλλοντες
2717 5040 2794 5095 ἔτι
2823 5041 2909 5095 καὶ
2940 5038 3113 5116 μάγον
3146 5035 3385 5095 ἐκάλουν.

2278 5301 2416 5362 ΛΕ’.
2451 5298 2656 5358 Ἀκούει
2707 5307 2872 5357 ταῦτα
2902 5300 2988 5356 καὶ
3019 5296 3265 5375 βασιλεὺς
3323 5297 3412 5353 καὶ
3467 5297 3701 5375 τιμωρὸς
3752 5298 3846 5353 οἶα

2198 5392 2435 5472 γενέσθαι
2494 5396 2599 5447 τῶν
2654 5393 2810 5449 αὐτοῦ
2838 5392 2969 5445 θεῶν
3000 5389 3346 5468 ἒπείγόμενος
3384 5385 3526 5444 λίθον
3584 5387 3684 5463 μὲν
3741 5387 3846 5462 βα-

2200 5483 2418 5560 ρύτατον
2480 5479 2683 5536 κελεύει
2736 5478 2827 5536 τοῦ
2882 5479 3164 5559 τραχήλου
3218 5478 3416 5543 ταύτης
3474 5475 3846 5555 ὲξαρτηθῆναι,

2199 5574 2408 5654 ῥιφῆναι
2439 5569 2493 5626 δὲ
2529 5569 2691 5638 αὐτὴν
2722 5569 2858 5626 κατὰ
2917 5577 3008 5626 τοῦ
3062 5573 3302 5645 ποταμοῦ
3361 5563 3651 5645 Τιϐέριδος.
3697 5562 3848 5622 Ἀλλ’
