4148 6470
286 388 411 462 649
1458 384 1932 456 MARTYRIUM
1977 388 2039 452 S.
2087 385 2472 454 EUGENI/E.
3547 384 3673 456 650

292 535 437 592 οὕτω
503 532 602 608 μὲν
673 534 721 589 οἱ
794 526 1256 606 συλλαμϐάνοντες
1324 526 1486 584 πόνον
1554 527 1643 582 καὶ
1681 528 1992 587 τίκτοντεςΑ

2083 542 2116 586 c
2144 524 2416 601 quidem,
2453 522 2556 605 qui
2587 522 2940 603 concipiunt
2984 522 3278 599 laborem,
3327 531 3387 587 et
3445 527 3685 607 pariunt

294 624 542 699 ἀνομίαν·
604 620 875 699 ἄπρακτον
931 617 987 675 δὲ
1029 618 1186 675 αὐτὸν
1236 631 1412 674 ποιεῖν
1442 619 1502 673 τὸ
1551 616 1819 694 ἐπίταγμα
1874 622 1949 688 τῷ

2079 614 2380 694 ιιιιιὶίιιιεη]
2410 612 2506 677 ίὸε
2542 615 2667 677 1)θο
2718 624 2919 677 autem
2949 632 3111 676 curae
3150 621 3302 692 erat,
3363 622 3427 677 ut
3473 633 3684 680 eorum

299 719 419 787 Θεῷ
451 710 647 787 μέλλον
675 710 766 779 ἦν.
800 709 958 769 ’Ὅθεν
1000 711 1028 765 6
1067 708 1170 785 μὲν
1214 705 1354 770 λίθος
1400 708 1494 764 τοῦ
1541 705 1819 785 τραχήλου
1848 708 1948 763 αὖ·

2079 721 2233 764 lSSllS
2264 709 2421 765 esset
2441 703 2644 766 irritus
2677 709 2736 765 et
2766 703 3065 767 inefﬁcax.
3094 702 3268 768 Unde
3299 704 3472 767 etiam
3506 704 3689 785 lapsis

298 807 402 868 τῆς
457 798 738 874 ἀπελύετο,
797 797 930 865 αὕτη
989 795 1043 852 δὲ
1102 796 1198 853 οἶα
1252 796 1442 874 Πέτρος
1494 797 1521 851 6
1553 794 1718 871 μέγας
1751 793 1949 849 ἀπταί-

2079 792 2278 853 uidem
2309 791 2382 854 ab
2415 794 2545 872 ejus
2578 791 2731 854 collo
2764 799 2856 856 est
2891 794 3224 858 exsolutus:
3250 792 3377 875 ipsa
3400 811 3545 856 vero
3571 812 3692 856 non

299 912 441 955 στως
496 902 612 954 τοῖς
672 888 967 962 ποταμίοις
1010 882 1211 956 ἐϐάδιζε
1237 885 1484 960 νάμασιν.
1542 884 1681 941 Εἶτα
1731 883 1952 961 κρείττω

2079 901 2208 945 acus
2238 902 2305 945 ac
2340 902 2594 965 magnus
2625 883 2861 965 Petrus,
2898 886 3048 947 citra
3080 885 3261 947 ullam
3295 885 3689 949 oﬂ‘ensionem

296 992 560 1061 φανεῖσαν
614 984 708 1035 τοῦ
763 975 949 1040 ὕδατος
1014 977 1132 1053 πυρὶ
1202 973 1444 1045 κολάζειν
1506 973 1669 1040 α’ύτὴν
1741 971 1949 1029 διεσκέ-

2079 972 2481 1052 ngrediebatur
2508 993 2684 1055 supra
2715 975 2906 1038 undas
2951 974 3237 1036 ﬂuminis.
3290 973 3521 1037 Deinde
3551 994 3690 1039 cum

296 1075 495 1146 ψαντο,
529 1069 622 1125 καί
654 1067 878 1142 κάμινος
908 1062 1201 1144 ὑπεδέχετο
1258 1064 1356 1132 τὴν
1405 1061 1670 1142 μεγάλην,
1723 1061 1873 1119 Ἀλλ’
1924 1065 1951 1119 6

2079 1081 2105 1124 ε
2134 1081 2283 1143 aqua
2313 1063 2435 1124 visa
2460 1071 2619 1126 esset
2641 1065 2962 1143 potentior,
2991 1083 3118 1126 eam
3144 1069 3282 1142 igne
3316 1064 3528 1144 punire
3550 1084 3692 1128 con-

295 1164 539 1240 qpouptbv
604 1156 765 1224 αὖτὴν
828 1155 1004 1233 Κύριος
1074 1154 1160 1210 καὶ
1228 1160 1385 1209 τανῦν
1458 1152 1674 1209 ἐνταῦθα
1746 1157 1947 1230 παρῆν,

2079 1151 2317 1226 tituit,et
2340 1172 2609 1234 magnam
2634 1154 2792 1216 illam
2818 1153 3141 1234 Eugeniam
3173 1155 3409 1237 accepit
3458 1155 3687 1219 fornax.

302 1238 389 1307 καὶ
448 1248 508 1303 τὸ
564 1253 664 1324 πῦρ
723 1248 816 1301 οἶα
876 1245 975 1310 τὴν
1032 1243 1184 1321 φύσιν
1231 1238 1511 1299 ἀποϐαλὸν
1559 1243 1702 1305 εὐθὺς
1734 1239 1956 1320 διηλέγ-

2079 1241 2157 1303 ιθά
2193 1241 2291 1322 qui
2337 1260 2468 1304 eam
2522 1242 2898 1305 custodiebat
2944 1243 3255 1319 Dominus,
3305 1244 3403 1305 hic
3453 1263 3692 1327 quoque

301 1360 465 1420 χετο,
528 1336 615 1391 καὶ
643 1335 703 1390 τὸ
737 1335 891 1408 σῶμα
923 1333 1120 1398 ταύτης
1172 1331 1368 1395 ἀπαθὲς
1421 1329 1725 1402 διεσώζετο.
1787 1332 1846 1389 Τί
1901 1334 1961 1388 τὸ

2085 1350 2202 1392 unc
2229 1331 2432 1393 aderat
2462 1354 2474 1395 :
2505 1333 2828 1413 statimque
2865 1341 3169 1396 ostensum
3201 1333 3688 1415 fuit,ignempro.

303 1427 444 1502 μετὰ
500 1424 717 1503 ταύτα;
776 1423 964 1479 Σκότει
1014 1419 1296 1491 κολάζεται
1347 1420 1644 1505 βαθυτάτῳξ
1696 1422 1826 1499 πρὸς
1890 1429 1962 1495 τῷ

2079 1423 2201 1483 inus
2231 1421 2503 1484 amisisse
2541 1431 2836 1499 naturam,
2874 1431 2931 1485 et
2963 1441 3177 1504 corpus
3218 1424 3352 1502 ejus
3380 1442 3688 1488 conserva-

303 1515 485 1573 σκότει
549 1513 603 1569 δὲ
657 1512 754 1568 καί
810 1510 972 1585 λιμῷ·
1034 1511 1121 1566 καὶ
1178 1507 1323 1566 οἴκία
1374 1507 1429 1565 δὲ
1474 1510 1671 1575 ταύτην
1714 1511 1960 1590 ἓσχάτιος

2079 1529 2171 1573 um
2207 1520 2298 1572 est
2327 1511 2601 1576 illzesum.
2638 1510 2791 1584 Quid
2827 1512 3077 1592 postea?
3123 1510 3417 1575 Tenebris
3451 1515 3695 1594 punitur

304 1601 603 1680 ἐλάμϐανεν
637 1601 899 1682 ἀφεγγὴς,
941 1597 1078 1676 μηδὲ
1125 1605 1329 1678 τροφῆς
1385 1597 1523 1663 ὅλως
1582 1608 1955 1658 κοινωνοῦσαν.

2079 1599 2782 1681 ινοΐυηιίἰεεὶωἱε,ρι·ωιει·
2800 1602 3076 1664 tenebras
3092 1610 3288 1664 autem
3312 1603 3487 1665 etiam
3512 1603 3693 1684 fame,

305 1693 561 1771 Ἦγνόονν
591 1688 645 1747 δὲ
672 1690 885 1754 πάντως
918 1687 1034 1765 μετ’
1079 1687 1243 1754 αὐτῆς
1295 1688 1437 1744 εἶναι
1491 1688 1581 1743 τὸν
1639 1690 1732 1744 τοῦ
1785 1690 1960 1768 φωτὸς

2083 1697 2103 1751 t
2129 1708 2257 1751 eam
2295 1690 2511 1754 domus
2535 1693 2771 1771 accepit
2794 1691 3071 1768 obscura,
3098 1710 3210 1754 nec
3229 1691 3349 1754 cibi
3371 1692 3697 1774 quidquam

307 1784 524 1861 Κύριον³
558 1781 644 1861 ὑφ’
676 1783 735 1837 οὗ
759 1780 847 1835 καὶ
878 1777 1124 1856 πρώϊμον
1154 1776 1314 1856 αὒτῇ³
1361 1777 1497 1833 κατὰ
1525 1778 1615 1834 τὸν
1655 1779 1958 1858 προφήτην,

2087 1779 2292 1840 mnino
2307 1788 2666 1841 sumentem.
2690 1781 3053 1844 Nesciebant
3070 1788 3271 1843 autem
3296 1782 3540 1843 omnino
3565 1799 3700 1843 esse

306 1871 507 1951 ὲῤῥείγη
556 1872 618 1926 τὸ
662 1872 775 1950 φῶς
824 1871 911 1925 καὶ
965 1867 1096 1946 φωτὶ
1139 1870 1304 1940 θείκῷ
1354 1864 1492 1928 ἄπας
1541 1869 1567 1922 6
1618 1866 1772 1931 οἶκος
1805 1889 1992 1947 περι-γ

2083 1887 2180 1930 um
2209 1886 2279 1931 ea
2302 1867 2619 1930 Dominum
2646 1869 2860 1949 lucis,a
2889 1888 3006 1950 quo
3038 1869 3214 1931 etiam
3250 1874 3701 1945 matutinum,ut

307 1962 608 2037 ελάμπετο,
672 1960 745 2016 Οὔ
800 1964 913 2038 φῶς
970 1954 1024 2012 δὲ
1075 1957 1236 2032 μόνον
1288 1952 1509 2029 ἐδίδοτο,
1561 1954 1699 2011 ἀλλά
1726 1955 1820 2012 καί
1850 1958 1960 2012 θεία

2081 1957 2125 2018 it
2151 1958 2437 2037 propheta
2479 1959 2557 2032 Η,
2612 1958 2814 2020 lumen
2847 1959 3069 2039 erupit,
3128 1967 3187 2020 et
3218 1957 3420 2021 divino
3470 1959 3701 2024 lumine

306 2073 392 2114 τις
426 2049 621 2106 ἄνωθεν
651 2046 976 2127 ἐχορηγεῖτο
1019 2045 1210 2124 τροφὴ,
1262 2043 1416 2120 ἄρτος
1476 2044 1705 2111 ἑκάστης
1762 2045 1964 2124 ἡμέρας

2079 2052 2167 2106 ota
2197 2046 2411 2108 domus
2437 2046 2875 2110 illustrabatur.
2922 2046 3052 2109 Non
3084 2048 3279 2110 solum
3323 2066 3463 2111 vero
3493 2048 3702 2113 lumen

312 2137 622 2217 παραδόξως
681 2136 1117 2212 ἐτοιμαζόμενος,
1190 2132 1499 2209 λευκότερος
1588 2133 1685 2208 μὲν
1750 2134 1964 2214 χιόνος⁷

2079 2133 2322 2209 labatur,
2370 2136 2476 2198 sed
2528 2141 2704 2198 etiam
2749 2137 3048 2218 quoddam
3111 2136 3379 2198 divinum
3441 2155 3700 2218 superne

308 2231 415 2297 τὴν
446 2226 639 2298 ἡδονήν
669 2224 724 2282 δὲ
754 2225 1047 2288 θεσπέσιος.
1085 2225 1156 2280 Τὸ
1187 2221 1241 2278 δὲ
1292 2228 1501 2297 μεῖζον,
1557 2224 1703 2289 εὒτὸς
1760 2223 1966 2286 ἐκεῖνος

2083 2224 2543 2304 uppeditabatur
2602 2228 2981 2299 alimentum,
3042 2226 3209 2307 panis
3262 2226 3365 2307 qui
3430 2228 3703 2304 quotidie

304 2318 588 2396 δφίσταται
647 2316 677 2371 ἀ
733 2314 950 2393 Σωτὴρ,
1012 2310 1154 2390 Ἐγώ
1205 2312 1337 2386 εἰμι,
1383 2309 1577 2391 λέγων,
1636 2312 1877 2393 same,
1911 2312 1968 2376 ὃς

311 2409 405 2466 καὶ
435 2405 658 2485 σταυρὸν
691 2401 775 2460 διὰ
803 2401 860 2459 σὲ
913 2404 999 2459 καὶ
1032 2404 1254 2458 θάνατον
1283 2400 1623 2479 ἠνεσχόμην,
1671 2399 1738 2456 δι’
1784 2402 1842 2457 ὃν
1885 2402 1974 2457 καὶ

318 2498 383 2556 σὺ
443 2502 607 2554 ταῦτα
660 2491 907 2571 προείλου
964 2493 1181 2551 παθεῖν.
1234 2497 1520 2569 Τοιγαροῦν
1592 2491 1678 2546 καὶ
1743 2490 1971 2568 μεγίστῃ

315 2608 378 2643 σε
440 2584 562 2661 δόξῃ
621 2579 911 2660 περιὼλῶ,
973 2582 1060 2636 καὶ
1113 2577 1329 2636 πολλῶν
1386 2578 1651 2654 ἐμπλήσω
1709 2585 1969 2658 χαρίτων.

317 2676 504 2735 ’Ἔστω
532 2673 589 2730 δέ
617 2694 705 2730 σοι
738 2672 827 2728 καὶ
863 2669 1016 2727 τοῦτο
1072 2670 1171 2735 τῆς
1230 2669 1349 2746 περὶ
1388 2667 1446 2724 σὲ
1493 2668 1651 2744 τιμῆς
1686 2666 1968 2743 σύμϐολον·

317 2763 456 2833 αὕτη
514 2764 614 2842 γὰρ
670 2764 705 2830 ἦ
760 2759 934 2836 ἡμέρα
993 2759 1122 2835 πρὸς
1188 2757 1288 2825 τὴν
1357 2756 1468 2816 ἅνω
1518 2779 1576 2814 σε
1625 2758 1974 2835 παραπέμψει

323 2855 495 2932 ζωὴν³
525 2852 642 2920 ἥτις
670 2850 810 2926 κάμὲ
845 2849 959 2905 εἶδε
990 2860 1108 2912 τοῖς
1138 2847 1286 2903 κάτω
1314 2844 1743 2923 ἐπιδημήσαντα.

2055 2313 2371 2393 parabatur
2399 2314 2857 2391 admirabiliter,
2893 2317 3028 2379 nive
3076 2315 3317 2397 quidem
3363 2316 3696 2393 candidior,

2056 2402 2351 2483 voluptate
2382 2411 2580 2466 autem
2617 2406 2790 2486 plane
2824 2406 3056 2468 divinus
3087 2427 3100 2469 :
3156 2413 3215 2466 et
3257 2406 3415 2486 quod
3448 2413 3541 2468 est
3568 2424 3704 2469 om-

2055 2490 2223 2552 nium
2257 2493 2605 2572 maximum,
2663 2495 2762 2557 ille
2794 2496 2923 2576 ipse
2965 2495 3195 2557 accedit
3242 2493 3540 2573 Servator,
3580 2496 3704 2575 Ego

2055 2597 2211 2661 sum,
2247 2580 2481 2658 dicens,
2514 2584 2810 2664 Eugenia,
2864 2583 2967 2665 qui
2998 2591 3243 2665 propter
3274 2592 3331 2646 te
3375 2602 3618 2646 crucem
3652 2591 3712 2647 et

2058 2676 2310 2731 mortem
2368 2671 2650 2754 sustinui,
2702 2682 2958 2754 propter
3006 2691 3188 2754 quem
3221 2680 3280 2734 tu
3312 2690 3557 2755 quoque
3580 2673 3710 2735 haec

2058 2758 2176 2838 pati
2235 2762 2648 2840 constituisti;
2701 2781 2842 2842 ergo
2896 2770 2953 2824 te
3007 2771 3066 2825 et
3121 2763 3379 2824 maxima
3433 2762 3711 2825 amiciam

2057 2846 2243 2926 gloria
2270 2856 2329 2909 et
2362 2850 2561 2913 multis
2592 2851 2852 2933 implebo
2908 2851 3138 2930 gratiis.
3199 2850 3290 2914 Sit
3339 2858 3540 2913 autem
3594 2851 3711 2912 hoc

327 2959 564 3025 quoque
613 2939 848 3018 signum
882 2937 965 2999 tui
1023 2936 1289 2998 honoris.
1322 2932 1459 3015 Ipse
1508 2935 1665 2997 enim
1697 2934 1811 2996 iste
1841 2932 1971 2995 dies
2016 2941 2078 2996 te
2128 2940 2486 3000 transmittet
2544 2940 2618 3001 ad
2655 2940 2827 3004 vitam
2881 2958 3226 3021 supernam,
3263 2939 3366 3020 qui
3415 2958 3513 3002 me
3561 2937 3713 3000 vidit

332 3024 489 3094 infra
517 3030 861 3092 adventasse
889 3025 963 3089 ad
993 3024 1291 3087 homines.

416 3120 557 3196 AC,
591 3117 766 3180 Οὕτως
825 3117 1007 3191 εἰπὼν,
1055 3118 1082 3172 6
1136 3116 1235 3190 μὲν
1283 3111 1375 3170 ἀπ’
1422 3111 1587 3181 αὖτῆς
1631 3113 1862 3180 ἀπέστη’
1912 3115 1992 3169 οὒς

2133 3110 2387 3177 XXXVI.
2423 3115 2569 3179 Cum
2600 3116 2688 3179 sic
2747 3116 3015 3193 dixisset,
3080 3118 3184 3179 ille
3236 3116 3482 3195 quidem
3535 3114 3713 3179 abea

331 3213 540 3291 μακρὰν
593 3207 648 3265 δὲ
704 3209 795 3281 καὶ
847 3209 953 3263 τῶν
1008 3203 1346 3270 λαληθέντων
1406 3201 1618 3272 ἀπήντα
1675 3205 1736 3259 τὸ
1786 3201 1976 3280 πέρας,

330 3290 620 3359 Στέλλεται
649 3299 751 3378 γὰρ
779 3319 857 3361 τις
886 3301 992 3353 τῶν
1023 3292 1249 3363 ἀσεϐῶν,
1285 3295 1346 3349 τὸ
1376 3298 1482 3348 τῶν
1541 3298 1795 3372 μοναχῶν
1828 3290 1979 3347 ἐκεῖ·

330 3413 423 3457 νος
480 3394 675 3470 σχῆμα
732 3386 1171 3464 ὑποκρινόμενος,
1230 3381 1288 3446 ὅς
1361 3380 1468 3439 ἔσω
1534 3383 1817 3460 γενόμενος
1890 3386 1984 3437 τοῦ

333 3478 697 3555 δεσμωτηρίου
727 3476 843 3534 κατ’
876 3475 1039 3543 αὐτὴν
1069 3473 1170 3553 ἄρα
1221 3473 1320 3540 τὴν
1370 3470 1573 3550 ἡμέραν
1630 3470 1833 3527 τελειοῐ
1883 3470 1983 3538 τὴν

337 3572 576 3650 μάρτυρα
629 3572 699 3645 τῇ
750 3563 836 3622 8ιά
890 3562 1064 3645 ξίφους
1124 3567 1325 3640 σφαγῇ,
1379 3560 1497 3617 καθ’
1556 3560 1623 3629 ἢν
1676 3562 1763 3617 καὶ
1812 3561 1847 3628 ἡ
1878 3564 1985 3650 τῷν

336 3647 624 3718 Γενεθλίων
693 3656 850 3736 ἑορτὴ
903 3652 1064 3733 ἤγετο
1126 3651 1220 3709 τοῦ
1283 3658 1532 3729 Σωτῆρος
1588 3652 1767 3725 ἡμῶν.
1831 3647 1986 3706 Τελέ-

338 3770 526 3814 σαντες
580 3746 669 3804 οὗν
742 3744 839 3802 ὅσα
892 3741 1039 3820 θέμις
1094 3740 1161 3809 ἦν
1229 3739 1313 3797 ἐπὶ
1354 3739 1567 3819 θυγατρὶ
1623 3738 1843 3814 τοιαύτῃ
1899 3738 1987 3794 καὶ

338 3838 567 3919 ἀδελφῇ,
622 3837 659 3906 ἢ
716 3857 777 3891 τε
830 3835 1034 3913 μήτηρ,
1079 3833 1239 3906 φημί,
1297 3830 1384 3886 καὶ
1414 3829 1463 3884 οι
1492 3826 1729 3908 ἀδελφοὶ³
1762 3829 1822 3883 τὸ
1848 3827 1990 3919 ἱερόν

344 3916 513 3997 αὐτῆς
562 3927 811 4003 λείψανον
855 3927 909 3981 ὲν
960 3924 1110 3996 τόπῳ
1159 3921 1260 3996 μὲν
1304 3919 1667 3975 κατατίθενται
1697 3919 1758 3974 οὗ
1787 3916 1993 3996 μακρὰν

344 4018 611 4099 ἀπέχοντι
644 4002 884 4093 Ῥώμης,
941 4014 975 4082 ἡ
1032 4002 1268 4087 Ῥωμαία
1310 4006 1364 4064 δὲ
1397 4005 1516 4072 ὁδὸς
1539 4004 1988 4099 ἐπικαλουμένῳ.

348 4093 502 4168 Οὕτω
551 4108 650 4185 μὲν
709 4104 930 4184 Εὕγενία
984 4098 1173 4158 ἒϐίωσε
1221 4102 1453 4174 σεμνῶς
1503 4097 1641 4154 οὕτω
1687 4094 1757 4185 δὲ
1792 4093 1995 4185 ἀλπεϐίω

347 4199 485 4256 καθὰ
540 4183 628 4254 καὶ
682 4183 993 4273 κεκλήρωτο
1049 4194 1300 4270 εὐγενῶς,
1363 4187 1501 4245 ὥστε
1558 4187 1636 4263 μὴ
1695 4184 1761 4241 δι’
1819 4183 1997 4264 ἕτερον

350 4287 504 4369 ἔχειν
531 4289 673 4364 ἡμᾶς
704 4282 911 4362 μᾶλλον
964 4279 1267 4357 θαυμάξειν,
1326 4278 1427 4369 τῂν
1483 4276 1536 4334 ἐκ·
1594 4280 1805 4369 Χριστῷ
1855 4275 1998 4369 ζωὴν

353 4362 425 4447 ii"
450 4362 726 4454 16v611‘sp
782 4380 1008 4454 Χριστοῦ
1061 4370 1305 4430 θάνατον·
1366 4367 1482 4424 ὅθεν
1538 4367 1625 4423 καὶ
1683 4364 1814 4433 ὅσης
1868 4362 2000 4431 αὕτη

2065 3210 2319 3268 recessit.
2357 3212 2517 3270 Haud
2544 3214 2639 3272 diu
2675 3224 2803 3288 post
2836 3224 3024 3274 autem
3058 3214 3322 3273 eﬂ‘ectum
3354 3213 3549 3272 sortita
3581 3223 3718 3272 sunt

2065 3306 2135 3351 ea
2163 3308 2297 3371 quae
2329 3291 2483 3354 dicta
2516 3292 2770 3359 fuerant.
2809 3296 3059 3357 Mittitur
3090 3294 3248 3355 enim
3301 3292 3541 3374 quidam
3594 3291 3716 3353 im-

2067 3378 2220 3459 pius,
2255 3384 2635 3446 monomachi
2668 3385 2933 3448 habitum
2957 3402 3079 3466 prae
3109 3402 3175 3446 se
3209 3384 3428 3463 ferens,
3455 3382 3559 3463 qui
3582 3399 3719 3444 cum

2065 3466 2278 3531 fuisset
2300 3470 2456 3533 intra
2475 3490 2955 3553 carcerem,ense
2976 3474 3125 3536 facta
3147 3472 3311 3536 caede
3344 3478 3720 3534 consummat

2068 3574 2385 3638 martyrem
2419 3578 2491 3623 eo
2520 3560 2650 3643 ipso
2687 3564 2806 3641 die,
2860 3584 2978 3647 quo
3028 3561 3447 3626 celebrabatur
3498 3560 3716 3623 festum

2067 3647 2279 3709 natalis
2310 3647 2638 3714 Servatoris
2672 3654 2881 3716 nostri.
2918 3656 3065 3717 Cum
3110 3654 3264 3730 iusta
3303 3660 3501 3714 autem
3534 3649 3720 3713 fecis-

2068 3744 2201 3796 sent
2258 3737 2358 3799 tali
2417 3738 2555 3801 ﬁliae
2613 3758 2672 3803 et
2729 3743 2925 3804 sorori
2988 3742 3121 3821 ejus
3172 3748 3360 3803 mater
3389 3747 3447 3801 et
3484 3738 3723 3810 fratres,

2071 3842 2271 3887 sacras
2303 3827 2431 3904 ejus
2453 3828 2741 3910 reliquias
2760 3832 3069 3913 deponunt
3091 3829 3335 3911 quidem
3366 3828 3427 3889 in
3454 3826 3720 3908 loco,qui

2074 3932 2196 3975 non
2221 3913 2387 3977 abest
2419 3918 2624 3996 procul
2654 3938 2687 3981 a
2712 3920 2924 3997 Roma,
2960 3928 3203 3983 vocatur
3232 3926 3432 3982 autem
3464 3918 3554 3979 via
3601 3914 3724 3977 Ro-

2078 4020 2274 4064 mana.
2308 4001 2402 4065 Sic
2435 4005 2676 4083 quidem
2711 4009 2848 4071 vixit
2868 4009 3201 4072 honorifice
3230 4006 3523 4087 Eugenia,
3554 4013 3613 4068 et
3639 4005 3727 4068 sic

2078 4110 2112 4154 e
2131 4091 2249 4154 vita
2262 4110 2554 4171 generose
2576 4097 2854 4174 excessit,
2882 4098 3306 4160 convenienter
3336 4115 3443 4159 suo
3474 4094 3727 4172 nomini,

2078 4181 2229 4244 adeo
2270 4189 2335 4243 ut
2365 4189 2722 4262 nesciamus,
2756 4195 2956 4249 utrum
3006 4186 3190 4266 magis
3234 4186 3628 4259 admiremur,
3668 4182 3730 4244 in

2081 4270 2400 4333 Christone
2434 4271 2635 4346 vitam,
2697 4293 2774 4337 an
2825 4284 3076 4339 mortem
3111 4293 3216 4356 pro
3268 4273 3527 4337 Christo.
3559 4270 3734 4337 Unde

2084 4361 2572 4442 etiam,quautam
2593 4364 2670 4424 sit
2686 4383 2793 4446 pro
2816 4369 3087 4446 utrisque
3108 4364 3361 4446 gloriam
3384 4369 3733 4446 consecuta,

357 4466 456 4535 τῆς
485 4464 639 4534 δόξης
689 4450 842 4545 ὅπερ-
870 4460 1184 4544 ἀμφοτέρων
1240 4456 1482 4532 ἠξίωται,
1541 4454 1702 4523 δῆλον
1760 4457 1820 4513 οὗ
1870 4455 1992 4531 μετᾶ

2088 4451 2271 4513 evasit
2299 4450 2472 4532 paulo
2505 4461 2638 4533 post
2668 4453 3072 4519 manifestum.

358 4558 497 4617 πολὺ
525 4556 733 4636 γέγονε,

440 4635 567 4710 ΛΖί.
630 4656 846 4710 Δισσοτς
903 4644 1003 4723 γὰρ
1059 4652 1177 4706 τοῖς
1231 4637 1420 4696 πάθεσι
1463 4635 1815 4715 μεριζομὲνης
1874 4637 2009 4712 αἰτῇ

358 4745 463 4809 τῆς
492 4740 719 4818 μητρὸς,
750 4736 837 4795 καὶ
866 4739 944 4809 τῷ
972 4732 1070 4807 μὲν
1123 4728 1208 4786 διὰ
1266 4729 1491 4818 Χριστὸν
1534 4730 1751 4794 τυθῆναι
1781 4725 2010 4818 χαιρού-

361 4815 792 4906 σηςςάλγούσης
840 4822 896 4880 δὲ
946 4828 1021 4898 τῷ
1072 4819 1324 4898 θυγατρὸς
1378 4815 1684 4895 διαζυγῆναι
1740 4817 2007 4906 τοιαύτης,

365 4903 485 4979 καίγ
516 4903 619 4976 τὸν
661 4914 943 4997 χωρισμὸν
995 4910 1190 4979 ἥκιστα
1232 4909 1416 4985 πράως
1465 4905 1857 4981 ὑπομενούσης,
1891 4903 2018 4983 ὄναρ

369 5013 403 5081 ἡ
474 4992 705 5090 μάρτυς*
739 4992 875 5083 αὐτῇ
943 5001 1213 5084 ἐφίσταται
1286 4996 1421 5055 οὔτ-ι)
1495 4996 1593 5072 μὲν
1667 4992 2019 5090 ἑστολισμένη

366 5083 629 5180 λαμ-πριῦς
685 5099 760 5161 ὡς
816 5092 952 5172 μηδὲ
1016 5087 1381 5180 προσβάλλειν
1409 5085 1564 5180 γαῦτῄ
1612 5086 1704 5140 τὸν
1753 5083 2022 5180 ὀφθαλμὸν

367 5173 564 5253 ἱκανῶς
595 5187 769 5268 ἔχειν,
827 5181 1097 5244 τοιαύταις
1147 5178 1203 5234 δὲ
1259 5176 1555 5268 παρθένοις
1592 5173 2022 5268 προπεμπομένη

372 5262 666 5361 ιραιδραῒιςς⁷
710 5278 784 5341 ὡς
842 5271 978 5351 μηδὲ
1035 5271 1159 5361 μίαν
1215 5268 1349 5345 αὐτῇ
1399 5273 1505 5361 τιῖζν
1534 5262 1816 5361 βασιλίδων
1845 5285 2023 5361 παρα-

2174 4628 2454 4694 XXXVII.
2483 4632 2630 4695 Nam
2665 4651 2799 4695 cum
2830 4633 3062 4697 duobus
3089 4635 3272 4698 animi
3324 4632 3581 4697 motibus
3620 4632 3744 4696 dis-

2094 4722 2431 4785 traheretur
2476 4728 2685 4796 mater,
2743 4734 2804 4784 et
2855 4724 3071 4805 partim
3126 4724 3368 4806 quidem
3417 4723 3740 4798 laetaretur,

2100 4809 2259 4891 quod
2312 4816 2556 4889 propter
2608 4811 2913 4874 Christum
2973 4821 3129 4877 esset
3187 4813 3540 4894 sacriﬁcata,
3576 4812 3750 4875 ﬂeret

2100 4906 2326 4978 autem,
2348 4897 2508 4980 quod
2536 4916 2570 4960 a
2594 4901 2714 4961 filia
2745 4900 2843 4962 tali
2875 4901 3346 4984 disjungeretur,
3384 4910 3442 4965 et
3470 4921 3590 4965 non
3614 4921 3748 4963 mo—

2102 4989 2309 5051 derate
2336 4987 2520 5048 ferret
2549 4991 3021 5069 separationem,
3071 5001 3292 5072 martyr
3323 4992 3379 5053 ei
3408 4999 3657 5073 apparet
3688 4992 3753 5052 in

2104 5075 2354 5151 somnis,
2387 5076 2536 5139 adeo
2565 5078 2806 5160 quidem
2837 5080 3152 5160 splendide
3181 5082 3408 5157 vestita,
3444 5090 3506 5143 ut
3548 5100 3660 5144 nec
3688 5080 3754 5143 in

2107 5186 2237 5231 eam
2262 5167 2403 5229 satis
2434 5176 2635 5247 posset
2664 5169 2965 5249 conjicere
2992 5170 3220 5252 oculos,
3250 5170 3464 5233 talibus
3489 5189 3627 5233 vero
3643 5190 3752 5234 co-

2109 5258 2311 5319 mitata
2339 5256 2693 5335 virginibus,
2729 5268 2787 5321 et
2820 5266 2936 5321 tam
2970 5260 3293 5341 praeclaris,
3347 5272 3413 5322 ut
3462 5260 3625 5323 nulla
3652 5279 3753 5323 re-

373 5347 661 5437 έεϐλῖσθαι
721 5347 988 5423 δύνασθαι.
1041 5358 1191 5418 Οὕτω
1244 5355 1520 5435 τοιγαροῦν
1563 5354 1824 5411 ἐπιστᾶσα
1872 5353 1992 5428 ἐῴκε

2110 5347 2247 5427 gina
2278 5352 2476 5427 posset
2510 5363 2644 5407 cum
2705 5348 2794 5409 eis
2852 5349 3211 5430 comparari.
3273 5352 3422 5414 Cum
3479 5350 3567 5412 sic
3617 5369 3760 5430 ergo

376 5465 449 5535 τῇ
504 5459 666 5537 μητρὶ
722 5448 901 5534 λέγειν
933 5470 951 5490 ’
1010 5450 1129 5508 Ἵνα
1183 5447 1253 5521 τί,
1311 5444 1358 5501 ὧ
1412 5443 1799 5537 pﬁ1sp,_oi31w
1854 5465 1937 5501 σοι
1967 5465 1992 5499 τ

2113 5436 2486 5516 accessisset,
2539 5436 2658 5497 visa
2714 5444 2802 5498 est
2859 5436 3063 5503 dicere
3113 5439 3320 5501 matri:
3354 5438 3670 5518 Quorsum,
3725 5462 3759 5504 ο

378 5524 706 5605 δεινόπαθεϊν
745 5524 974 5606 πολλοῖς
1018 5538 1150 5617 ὑπὲρ
1207 5539 1363 5612 ἡμῶν
1421 5547 1538 5600 τοῖς
1590 5530 1801 5611 δάκρυσι
1857 5554 1992 5601 τηκο

2117 5535 2325 5606 mater,
2353 5531 2437 5586 ita
2466 5532 2525 5587 te
2548 5524 2819 5607 aﬁlictas,
2856 5525 3056 5591 multis
3087 5546 3194 5611 pro
3224 5527 3399 5593 nobis
3449 5528 3765 5612 liquefacta

468 5668 526 5719 18
552 5665 709 5745 Psal,
747 5685 847 5751 vn,
874 5668 976 5734 15.
1061 5666 1120 5718 ιι
1139 5662 1253 5730 Isa.
1288 5681 1411 5742 VIII,
1444 5664 1546 5729 20.

709 5813 974 5879 Ρλτιιοι.
1002 5813 1114 5876 Gn.
1152 5811 1358 5876 CXVI.

3405 5804 3474 5874 21
