4148 6390
433 396 557 467 657
1581 408 1770 474 VITA
1813 408 1876 471 S.
1923 405 2314 473 THEODORI
2357 406 2673 471 GRAPTI.
3707 401 3826 471 658

433 558 524 608 τα,
581 534 677 595 καί
742 536 866 603 τοὺς
924 539 1148 614 σεμνοὺς
1219 537 1468 620 τρόπους,
1545 540 1730 598 ἑαυτὸν
1803 539 2086 620 ῥυθμίζειν.

2184 538 2545 623 versabatur,
2580 558 2755 623 quam
2790 540 2852 603 in
2884 538 3243 603 venerandis
3286 538 3543 622 templis.
3580 536 3819 603 Nullum

433 628 699 708 καύχημα
751 626 796 684 δ’
857 628 1059 686 ἐκείνου
1110 629 1198 686 καὶ
1258 629 1641 707 σεμνολόγημα
1683 632 1745 688 τὸ
1784 632 2095 706 πειθόμενον

2184 629 2236 692 ei
2283 630 2607 710 jucundius
2638 629 3069 710 spectaculum,
3101 649 3275 711 quam
3325 639 3391 693 ut
3420 631 3490 694 ad
3545 631 3830 714 pulcher-

435 718 651 797 ὁρᾶσθαι
709 726 937 796 γενεῦσι,
1001 719 1086 776 καὶ
1144 716 1430 777 συνελόντα
1487 720 1671 801 φάναι,
1720 718 1879 788 δῆλος
1920 720 1987 789 ἦν
2039 720 2095 777 ἐκ

2184 720 2368 781 rimos
2416 719 2700 800 omnique
2750 721 3069 782 honestate
3118 720 3388 791 conditos
3437 737 3635 782 mores
3681 738 3832 783 con-

435 807 733 883 προοιμίων
761 806 940 886 ὤσπερ
992 806 1059 865 ταὶ
1114 810 1304 885 εὖγενῆ
1361 816 1466 867 τῶν
1524 816 1699 889 φυτῶν
1758 810 1820 867 ἐκ
1878 809 2095 886 πρώτης

2184 808 2430 884 tuendo,
2468 826 2532 871 se
2579 811 2649 871 ad
2685 827 2789 871 eos
2816 816 3221 890 componeret.
3261 808 3399 890 Ejus
3430 810 3491 872 in
3523 829 3593 871 eo
3640 809 3833 891 posita

437 896 514 955 ἔτι
544 899 643 965 τῆς
672 896 931 977 βλαστῆς,
967 900 1157 962 ὁποῖος
1194 898 1293 978 ἄρα
1334 900 1434 967 τὴν
1488 900 1683 979 ἀρετὴν
1738 899 2093 971 ἀποϐήσεται,

2184 898 2454 979 gloriatio
2500 917 2570 960 ac
2619 898 2825 976 decus,
2880 907 2943 961 ut
3002 897 3346 980 parentibus
3398 898 3831 982 obsequentem

436 996 576 1047 sese
601 985 953 1065 _exhiberet.
988 985 1062 1048 Et
1113 993 1176 1050 ut
1209 989 1394 1051 semel
1443 987 1667 1069 dicam,
1701 987 1894 1052 instar
1939 1006 2249 1069 generosa:
2305 988 2544 1069 plantae,
2582 988 2773 1069 primo
2805 988 2999 1051 statim
3053 987 3312 1050 ostendit
3348 991 3642 1068 germine,
3677 1008 3830 1071 qua-

436 1074 513 1137 lis
541 1093 609 1137 ac
639 1083 895 1157 quantus
926 1076 1142 1139 virtute
1173 1095 1458 1140 evasurus
1485 1086 1669 1140 esset.

523 1165 608 1225 Δ’.
665 1164 809 1234 ’Ἤδη
873 1167 928 1223 δὲ
983 1167 1084 1235 τὴν
1143 1166 1396 1236 παιδικὴν
1458 1168 1665 1238 ἡλικίαν
1721 1165 1975 1244 ἀμείϐων,
2031 1170 2095 1239 είς

2270 1167 2366 1230 IV.
2404 1167 2549 1231 Cum
2585 1176 2783 1229 autem
2815 1187 2850 1231 a
2879 1168 3093 1249 puerili
3116 1170 3240 1250 jam
3274 1177 3443 1232 aetate
3489 1169 3826 1252 excederet,

437 1262 850 1334 γραμματιστοῦ
906 1262 1096 1337 φοιτᾷν
1150 1258 1255 1314 ὑπὸ
1315 1260 1424 1315 τῶν
1478 1258 1815 1337 γεννητόρων
1884 1256 2095 1315 κελεύε-

2184 1254 2437 1336 jubetur
2494 1276 2528 1318 a
2598 1257 2950 1339 parentibus
3001 1258 3073 1320 ad
3131 1259 3546 1338 grammatices
3604 1277 3831 1338 praece-

437 1366 549 1405 ται.
585 1344 699 1402 Ἵνα
728 1342 782 1401 δὲ
814 1345 892 1419 μὴ
925 1345 1086 1421 μόνον
1142 1359 1260 1413 τοῖς
1312 1348 1622 1424 μαθήμασιν
1671 1346 2095 1427 ἀσχολούμενος,

2189 1353 2419 1425 plorem
2477 1346 2787 1410 ventitare.
2850 1346 2937 1409 Ne
2991 1356 3187 1410 autem
3250 1347 3441 1409 solum
3500 1347 3833 1429 disciplinis

438 1431 578 1489 ἀλλᾶ
608 1435 701 1489 γαί
732 1435 864 1512 πρὸς
898 1434 1093 1512 ἀρετήν
1124 1436 1454 1510 τυπούμενος
1486 1436 1546 1516 ἦ,
1606 1442 1675 1512 τῇ
1727 1446 1819 1495 τοῦ
1848 1435 2095 1515 θεοφόρου

2187 1443 2441 1511 vacaret,
2496 1436 2600 1497 sed
2650 1437 2723 1498 ad
2774 1440 3045 1499 virtutem
3102 1456 3341 1519 quoque
3387 1437 3830 1502 informaretur.

440 1520 589 1579 Σάϐα
618 1529 756 1597 μονῇ
787 1521 1162 1601 παραδίδωται,
1223 1522 1540 1583 διδασκάλου
1597 1524 1662 1594 δὴ
1720 1547 1858 1589 τινος
1917 1526 2095 1604 τυχὼν

2187 1524 2439 1587 traditur
2468 1524 2653 1587 divini
2702 1525 2876 1587 Sabaa
2917 1528 3301 1589 monasterio.
3357 1526 3419 1590 ln
3479 1546 3548 1588 eo
3583 1525 3833 1608 presby-

440 1608 811 1690 πρεσϐυτέρου’
873 1612 990 1678 ἑνός
1050 1635 1190 1691 φημι
1248 1618 1357 1670 τῶν
1428 1620 1528 1683 τῆς
1599 1613 1925 1681 Ἐκκλησίας
1990 1612 2095 1690 ἅμα

2186 1620 2381 1675 terum
2440 1614 2855 1695 (ecclesiastici
2901 1616 3133 1678 scilicet
3185 1616 3413 1682 ordinis
3440 1616 3654 1698 virum)
3711 1634 3832 1677 ma-

441 1702 545 1778 μὲν
600 1703 674 1765 είς
735 1698 999 1777 παιδείαν,
1061 1700 1173 1779 ἅμα
1226 1701 1281 1760 δὲ
1335 1705 1424 1762 καὶ
1481 1706 1554 1769 είς
1603 1705 1795 1782 ἀρετὴν
1834 1704 1897 1762 τὰ
1940 1726 2095 1770 τηνι-

2184 1703 2429 1783 gistrum
2490 1705 2786 1785 ejusmodi
2819 1713 3028 1767 nactus
3079 1713 3190 1780 est,
3226 1708 3330 1787 qui
3361 1714 3420 1769 et
3469 1707 3830 1783 eruditione,

440 1796 609 1848 καῦτα
665 1791 1053 1869 πρωτεύοντος.
1115 1792 1260 1873 Εἶχε
1315 1791 1370 1850 δὲ
1427 1795 1514 1850 καὶ
1557 1795 1647 1851 τὸν
1692 1792 1915 1875 ἀδελφὸν
1960 1801 2095 1850 Θεο-

2184 1801 2239 1853 et
2277 1792 2492 1855 virtute
2544 1802 2666 1855 tum
2706 1794 2929 1876 primas
2978 1794 3299 1857 obtineret.
3333 1793 3601 1859 Habebat
3630 1806 3832 1859 autem

442 1882 638 1959 φάνην,
725 1881 854 1959 πρὸς
928 1882 1027 1956 μὲν
1095 1882 1194 1950 τὴν
1266 1880 1482 1951 ἡλικίαν
1565 1883 1782 1964 χρόνοις
1868 1897 2095 1964 συχνοῖς

2184 1890 2241 1945 et
2300 1881 2726 1962 Theophanem
2789 1884 3059 1961 fratrem,
3123 1893 3294 1947 atate
3365 1884 3607 1965 quidem
3663 1886 3836 1947 annis

442 1969 801 2049 ὑστερίζοντα,
869 1971 1001 2047 πρὸς
1084 1969 1139 2028 δὲ
1223 1975 1322 2040 τὴν
1404 1971 1596 2049 ἀρετήν
1680 1973 1747 2030 τὰ
1829 1971 2095 2052 δευτερεῖα

2184 1990 2299 2033 non
2360 1972 2564 2051 paucis
2616 1971 2923 2052 juniorem
2963 1989 2979 2048 ;
3026 1983 3087 2034 at
3144 1974 3242 2053 qui
3300 1973 3531 2035 virtutis
3587 1974 3835 2037 nomine

440 2064 613 2141 φέρειν
673 2060 769 2116 οὐκ
824 2059 1157 2141 ἀνεχόμενον
1194 2079 1210 2098 ·
1269 2063 1357 2119 καὶ
1411 2064 1473 2119 τὸ
1527 2061 1766 2144 ἀδελφῶς
1826 2063 1969 2120 εἶναι
2004 2063 2098 2120 οὐκ

442 2151 549 2206 ἀπὸ
601 2149 706 2206 τῶν
764 2156 1032 2227 σαρκικῶν
1089 2149 1295 2227 μᾶλλον
1352 2150 1738 2227 όμοιωμάτων,
1798 2152 1921 2210 ὅσον
1990 2153 2097 2210 ἀπὸ

440 2246 533 2296 τοῦ
589 2236 756 2314 μηδὲν
812 2239 974 2297 αὒτοῦ
1031 2239 1421 2320 παραλλάττειν
1478 2244 1550 2309 εἷς
1606 2242 1799 2320 ἀρετήν
1828 2242 2090 2320 βουλόμε-

442 2344 555 2385 νον⁶
586 2326 724 2385 ἀλλὰ
754 2331 876 2394 τοὺς
936 2329 1175 2409 ἀρίστους
1231 2332 1560 2407 μιμούμενον
1616 2339 1722 2390 τῶν
1775 2332 2093 2413 ζωγράφων,

440 2420 530 2478 καὶ
571 2419 702 2495 πρὸς
791 2417 1002 2476 ἐκεῖνον
1058 2419 1237 2499 ὥσπερ
1298 2423 1373 2485 είς
1430 2420 1733 2501 ἀρχέτυπον
1802 2420 2092 2503 βλέποντα,

440 2509 528 2565 καὶ
556 2506 819 2580 ζηλοῦντα
848 2508 939 2564 σὺν
972 2507 1230 2588 ἀκριϐείᾳ.

525 2597 607 2659 Ε’.
683 2594 896 2655 Ἐκεϊσε
967 2597 1066 2671 μὲν
1149 2597 1238 2657 οὗν
1312 2598 1626 2679 ἀμφοτέροις
1696 2603 1745 2657 αἱ
1812 2598 2093 2679 διατριϐαί.

2182 2079 2377 2142 neque
2442 2061 2737 2123 secundas
2806 2060 2965 2123 terre
3038 2063 3385 2139 sustineret,
3459 2062 3681 2144 quique
3752 2063 3836 2126 ita

2182 2159 2560 2231 comparatus
2605 2158 2792 2222 esset,
2829 2159 2896 2213 ut
2943 2169 3062 2212 non
3108 2160 3224 2213 tam
3274 2170 3345 2213 ex
3377 2152 3606 2214 carnali
3658 2152 3832 2213 simi-

2184 2239 2457 2314 litudine,
2510 2258 2689 2321 quam
2741 2259 2809 2303 ex
2868 2239 3099 2302 virtutis
3145 2258 3378 2302 summa
3435 2240 3833 2303 consensione

2184 2348 2252 2391 ac
2298 2327 2568 2411 paritate,
2609 2328 2769 2391 illius
2802 2329 2986 2393 frater
3031 2329 3209 2393 vellet
3240 2331 3472 2393 enitere
3506 2351 3520 2412 ;
3556 2331 3837 2411 Optimos-

2183 2437 2299 2499 que
2328 2419 2640 2481 aemulatus
2673 2424 2948 2500 pictores,
2983 2418 3045 2481 in
3079 2438 3213 2481 eum
3272 2427 3331 2482 ut
3361 2420 3668 2501 exemplar
3694 2438 3836 2482 con-

2183 2518 2374 2585 tuens,
2403 2517 2607 2573 exacte
2642 2510 2887 2571 omnino
2937 2509 3099 2572 illius
3130 2508 3393 2572 ducebat
3432 2510 3830 2572 characteres.

2260 2600 2330 2662 V.
2366 2601 2565 2676 Atque
2596 2599 2719 2663 illic
2751 2598 2991 2679 quidem
3024 2597 3198 2668 ambo
3228 2597 3625 2661 versabantur
3653 2620 3667 2659 :

441 2688 592 2749 Ἀλλ’
652 2691 681 2746 ὁ
736 2692 881 2751 θεῖος
940 2686 1232 2770 Θεόδωρος,
1295 2690 1552 2758 ὀξυτάτης
1612 2691 1937 2773 μεταλαχὼν
1990 2693 2093 2774 φύ-

2184 2686 2480 2751 enimvero
2531 2688 2765 2749 divinus
2820 2686 3193 2762 Theodorus,
3253 2707 3387 2750 cum
3457 2686 3835 2749 subtilissimi

441 2802 603 2851 σεως,
662 2780 751 2836 καὶ
793 2779 893 2846 τὴν
958 2776 1193 2836 παιδείαν
1248 2780 1458 2837 ἅπασαν
1518 2780 1574 2837 ἐν
1640 2782 1823 2861 χρόνῳ
1892 2784 2095 2862 βραχεῖ

2184 2778 2403 2857 ingenii
2458 2787 2641 2853 esset,
2702 2796 2769 2839 ac
2856 2776 3020 2839 brevi
3077 2786 3348 2857 tempore
3410 2776 3837 2839 institutionem

444 2869 681 2945 διελθὼν,
714 2868 1060 2947 ὑψηλοτέρων
1093 2890 1151 2925 τε
1207 2870 1539 2946 μαθημάτων
1589 2869 1759 2951 ἔρωτα
1812 2872 2089 2952 ἐσχηκὼς,

2184 2885 2422 2928 omnem
2474 2876 2752 2945 artesque
2784 2864 2970 2928 bonas
2991 2866 3380 2940 decurrisset,
3415 2864 3832 2926 sublimiorem

442 2958 599 3025 ἔξεισι
631 2958 729 3034 μὲν
758 2961 859 3027 τῆς
892 2959 1083 3035 μονῆς³
1146 2957 1289 3038 ἀνδρί
1314 3026 1322 3033 ⁸
1347 2957 1403 3016 δέ
1457 2981 1556 3016 τινι
1614 2968 1934 3042 προσφοιτᾷ,
1994 2961 2095 3029 τὴν

2184 2955 2630 3035 disciplinarum
2655 2974 2921 3018 amorem
2947 2963 3221 3035 captus,e
3250 2960 3610 3016 monasterio
3635 2972 3831 3033 egres-

448 3049 545 3124 μὲν
597 3048 811 3118 ἠλικίαν
863 3049 1178 3126 προήκοντι·
1245 3048 1344 3105 ἀνὰ
1399 3046 1559 3127 λόγον
1633 3049 1688 3106 δὲ
1744 3057 1839 3108 τοῦ
1899 3053 2095 3131 χρόνου

2184 3064 2280 3107 sus
2312 3046 2385 3106 ad
2420 3047 2606 3106 virum
2662 3044 3006 3126 quemdam,
3035 3044 3179 3120 adit,
3215 3050 3386 3106 aetate
3420 3042 3658 3124 quidem
3692 3061 3831 3124 pro-

446 3140 530 3195 καὶ
586 3139 775 3217 ἀρετὴν
834 3137 1153 3211 ἀσκήσαντι,
1232 3138 1326 3196 καί
1386 3137 1625 3196 παιδείαν
1695 3139 2091 3217 συλλεξαμένῳ.

2184 3136 2546 3198 vectumzsed
2565 3135 2666 3217 qui
2686 3153 2793 3216 pro
2815 3134 3099 3214 temporis
3118 3133 3344 3195 ratione
3365 3134 3636 3195 virtutem
3660 3150 3832 3195 exer-

435 3228 661 3303 ἐκείνῳ
708 3229 988 3306 τοιγαροῦν
1041 3226 1269 3304 ὁμιλῶν,
1332 3231 1428 3297 τῆς
1481 3251 1540 3286 τε
1598 3230 1792 3309 ἀρετῆς
1853 3231 2097 3306 μιμητὴς

433 3319 659 3396 γίνεται,
719 3319 807 3374 καὶ
865 3319 994 3395 πρὸς
1047 3318 1146 3385 τὴν
1208 3319 1305 3385 τῆς
1377 3317 1624 3383 παιδείας
1682 3319 1965 3396 ἀντίληψιν
2038 3320 2097 3377 οὒ

432 3406 636 3466 πολλοῗ)
685 3405 858 3464 δεῖται
921 3407 1144 3486 χρόνου·
1207 3406 1349 3464 ἄλλα
1400 3412 1476 3484 τῷ
1505 3416 1694 3483 πτηνῷ
1745 3411 1833 3466 καὶ
1863 3408 2099 3490 διαπύρῳ

433 3503 534 3565 τῆς
592 3498 822 3576 φύσεως,
881 3499 971 3554 καὶ
1028 3502 1105 3571 τῷ
1162 3498 1396 3572 συντόνῳ
1450 3503 1550 3567 τῆς
1601 3500 1715 3576 περὶ
1761 3506 1925 3556 ταῦτα
1971 3499 2097 3556 ἐπι-

434 3586 676 3663 μελείας,
730 3587 906 3643 πάντα
965 3589 1022 3642 ἓν
1080 3586 1247 3665 ὀλίγῳ
1300 3589 1432 3667 πρὸς
1493 3589 1594 3656 τὴν
1653 3589 1838 3645 ἑαυτοῦ
1912 3589 2098 3670 ψυχὴν

439 3677 778 3750 είσῳκίσατο.
864 3677 959 3735 Καὶ
1044 3677 1303 3756 μάρτυρες
1375 3677 1572 3733 τούτων
1645 3681 1692 3733 οἱ
1763 3677 1938 3757 λόγοι,
2014 3680 2099 3744 οὓς

481 3771 493 3791 ς
541 3769 553 3785 ε
690 3764 716 3785 υ
765 3788 786 3799 _
996 3767 1008 3783 ο
1067 3766 1082 3784 \
1242 3767 1255 3787 ν
1333 3763 1363 3785 ρ

439 3789 598 3830 αυτος
690 3787 908 3843 υσ.ερον
992 3787 1121 3843 υπερ
1209 3766 1472 3828 ευσεοείας
1559 3765 1782 3840 ἐξέθετο,
1873 3767 1916 3821 εἰ
2009 3768 2097 3823 καὶ

440 3856 621 3923 πάσης
651 3858 750 3924 τῆς
782 3856 897 3933 περὶ
955 3857 1111 3913 αὒτοῦ
1170 3851 1262 3934 (2)
1322 3852 1623 3935 φιλοτιμίας
1685 3855 1945 3931 ἂνώτερος
2001 3856 2090 3923 ἦν,

522 4035 635 4111 ς’.
710 4033 862 4094 Ἀλλ’
932 4036 966 4104 ἡ
1040 4035 1136 4109 μὲν
1207 4037 1324 4113 περὶ
1392 4036 1512 4101 τοὺς
1598 4034 1788 4114 λόγους
1861 4034 2094 4117 ἀσχολία

439 4126 613 4205 μέχρι
686 4125 853 4188 τινός.
928 4124 1107 4184 Ἐνίκα
1175 4126 1275 4204 γὰρ
1346 4128 1373 4182 ὁ
1464 4132 1557 4194 τῆς
1638 4126 1831 4205 ἀρετῆς
1903 4126 2085 4201 πόθος,

2183 3225 2426 3299 cuisset,
2460 3244 2527 3287 ac
2558 3224 2956 3286 eruditionem
2990 3241 3231 3284 omnem
3287 3228 3714 3302 comparasset,
3746 3220 3827 3283 illi

2181 3334 2421 3396 operam
2456 3315 2725 3377 daturus.
2763 3314 2908 3377 Cum
2942 3312 3044 3375 illo
3077 3331 3219 3391 ergo
3251 3329 3517 3386 versans,
3553 3318 3675 3371 tum
3708 3311 3828 3373 vir-

2184 3405 2324 3467 tutis
2355 3405 2418 3467 ﬁt
2465 3404 2749 3484 imitator,
2783 3412 2905 3466 tum
2941 3421 3059 3463 non
3093 3403 3279 3464 multo
3310 3410 3576 3482 tempore
3605 3400 3835 3478 indiget

2182 3495 2254 3557 ad
2286 3492 2661 3574 disciplinam
2714 3511 2953 3554 omnem
2994 3490 3398 3573 capiendam:
3453 3490 3556 3552 sed
3606 3490 3833 3569 ingenii

2180 3584 2486 3646 celeritate
2521 3584 2776 3663 ejusque
2808 3584 3001 3662 ignea,
3037 3581 3119 3659 vi,
3156 3600 3267 3642 nec
3297 3599 3416 3642 non
3449 3589 3505 3642 et
3536 3580 3661 3642 acri
3692 3598 3833 3641 con-

2183 3683 2462 3755 tentaque
2513 3673 2845 3753 diligentia,
2880 3672 3034 3732 intra
3089 3670 3299 3732 breves
3360 3688 3556 3731 moras
3616 3678 3832 3734 cuncta

2180 3763 2377 3825 animo
2410 3760 2626 3823 hausit.
2663 3764 2751 3824 Ac
2787 3768 2966 3822 testes
2994 3768 3157 3840 sunt,
3193 3777 3341 3839 quos
3373 3759 3470 3820 ille
3500 3766 3704 3839 postea
3724 3776 3830 3838 pro

2182 3851 2399 3913 tuenda
2449 3852 2667 3932 pietate
2698 3850 2884 3913 libros
2936 3849 3147 3925 edidit,
3183 3848 3297 3910 etsi
3336 3848 3497 3910 omni
3553 3847 3831 3927 superior

2180 3940 2579 4014 mmulatione,
2617 3959 2722 4018 pro
2765 3937 3123 4000 eruditionis
3165 3937 3268 4000 illa
3300 3937 3661 4016 praestantia,
3695 3937 3827 3999 fuit.

2256 4028 2354 4092 VI.
2391 4027 2506 4091 Sed
2540 4026 2884 4108 aliquandiu
2934 4025 3181 4103 quidem
3212 4033 3483 4109 versatus
3514 4034 3602 4087 est
3629 4026 3688 4086 in
3720 4025 3822 4087 lit-

2182 4118 2345 4181 teris.
2400 4116 2688 4178 Vincebat
2734 4116 2893 4177 enim
2937 4115 3171 4176 virtutis
3204 4132 3391 4190 amor,
3418 4114 3473 4175 id
3510 4133 3716 4192 agens,
3765 4123 3831 4176 ut

430 4204 560 4272 ὅλον
590 4217 663 4279 εἰς
697 4215 884 4271 ἑαυτὸν
941 4213 1283 4294 ἆπασχολετν
1342 4204 1689 4291 βουλόμενος,
1753 4216 1838 4272 καὶ
1895 4214 1974 4291 μὴ
2024 4220 2091 4291 τῇ

2184 4218 2358 4271 totum
2410 4207 2527 4268 sibi
2576 4206 2904 4280 addiceret,
2940 4223 3050 4265 nec
3108 4205 3312 4266 siuens
3366 4212 3426 4265 ut
3484 4204 3818 4294 studiorum

428 4307 562 4385 πρὸς
620 4306 848 4366 ἐκείνους
904 4292 1180 4381 ἐπιμελείᾳ
1234 4305 1330 4374 τὴν
1387 4302 1608 4374 διηνεκῆ
1666 4305 1861 4372 ταύτης
1932 4325 2089 4382 περι-

2184 4298 2274 4359 illa
2335 4296 2857 4377 diligentia,jugis
2908 4313 3039 4355 cum
3091 4312 3156 4354 ea
3215 4292 3586 4355 consuetudo
3637 4292 3829 4354 inter-

429 4380 717 4452 κόπτεσθαι
772 4380 1006 4469 ὁμιλίαν,
1071 4392 1288 4469 Ἀμέλει
1347 4394 1432 4450 καὶ
1490 4394 1632 4460 αὖθις
1697 4400 1765 4471 τῇ
1816 4403 1907 4454 τοῦ
1963 4380 2086 4450 θεο-

2184 4397 2579 4471 rumperetur.
2638 4385 2935 4461 Denique,
3001 4382 3187 4444 divini
3246 4380 3414 4444 Saba;
3471 4381 3832 4443 monasterio

425 4485 591 4564 φόρου
648 4459 814 4539 Σάϐπί
864 4489 1004 4559 μονῇ
1070 4459 1249 4562 φέριον
1328 4482 1512 4539 ἑαυτὸν
1585 4459 1789 4540 δίδωσι·
1860 4484 1947 4540 καὶ
2022 4484 2089 4552 ἧν

2184 4497 2239 4540 se
2271 4459 2477 4538 rdrsus
2532 4475 2714 4537 tradit
2747 4494 2764 4551 ;
2798 4459 2979 4553 atque
3011 4474 3070 4533 in
3103 4490 3237 4533 eum
3274 4473 3513 4533 modum
3563 4473 3677 4531 vita
3706 4471 3830 4533 Deo

427 4573 594 4636 οὕτως
664 4574 767 4628 ὑπὸ
844 4577 960 4641 Θεῷ
1029 4579 1156 4645 ζῶν,
1234 4569 1362 4649 ἔργα
1420 4594 1477 4627 τε
1538 4574 1737 4647 μετιὼν
1806 4570 2092 4651 ὀφθαλμῶν

427 4662 628 4719 ἐκείνου
728 4668 833 4718 τῶν
920 4664 1165 4726 καθαρῶν
1251 4659 1389 4726 ἄξια.
1480 4659 1747 4719 Ἐντεῦθεν
1832 4662 1911 4725 τίς
1996 4662 2093 4737 μὲν

427 4750 696 4830 Θεοδώρου
725 4753 786 4807 τὸ
817 4756 1066 4830 φρόνημα
1121 4750 1527 4829 μετριώτεροςς
1579 4750 1667 4813 Τίς
1727 4749 1781 4806 δὲ
1832 4756 2095 4829 κρατῆσαι

427 4846 595 4915 θυμοῦ
677 4843 1084 4919 γενναιότερος;
1173 4840 1260 4904 Τίς
1348 4842 1481 4918 πρὸς
1566 4840 1846 4915 ἐπιθυμίας
1927 4841 2096 4918 ὁρμὰς

435 4930 858 5009 ἁκλινὲστερος;
936 4933 1019 4994 Γίς
1094 4928 1231 4987 οὕτω
1303 4932 1394 4987 καὶ
1469 4928 1646 5008 λέγειν
1729 4931 1817 4986 καὶ
1890 4936 2096 5001 σιωπᾷν

438 5022 832 5094 εὔκαιρότετος,
894 5022 1074 5097 καιρόν
1132 5041 1188 5075 τε
1247 5018 1434 5077 εἰδέναι
1491 5020 1691 5082 παντὸς
1757 5019 2093 5097 πράγματος,

441 5114 514 5175 ὡς
552 5109 679 5183 μήθ’
733 5109 964 5189 ἡσυχίαν
1020 5109 1301 5189 ἀτιμάσαι,
1361 5109 1499 5184 μήτε
1555 5107 1848 5187 παῤῥησίάν
1909 5112 2097 5181 μεθεῖ-

440 5223 520 5258 νοι
556 5198 637 5256 διὰ
670 5198 932 5275 μαλακίαν
990 5198 1168 5277 dux-71c
1225 5202 1313 5255 καὶ
1364 5196 1703 5280 φρονήματος
1753 5197 2097 5273 ὕπτιότητα;

440 5291 530 5355 Τίς
589 5289 727 5347 οὕτω
784 5288 953 5363 σάρκα
1017 5309 1075 5344 τε
1135 5287 1383 5362 ἐκόλασε,
1443 5291 1530 5345 καὶ
1585 5286 1856 5367 ὀφθαλμόν
1906 5285 2101 5366 ἐχαλί-

2177 4567 2399 4641 dedita,
2457 4584 2588 4646 qua:
2644 4563 2805 4625 illius
2878 4562 3117 4624 mundis
3172 4562 3362 4623 oculis
3422 4562 3595 4640 digna
3647 4578 3833 4642 opera

2180 4663 2403 4729 essent,
2463 4665 2618 4715 totus
2679 4651 3156 4715 consectabatur.
3218 4651 3393 4731 Hinc,
3440 4650 3570 4731 quis
3625 4651 3830 4713 Theo-

2178 4747 2535 4807 doro‘sensu
2569 4743 2927 4804 modestior?
2950 4741 3097 4814 Quis
3126 4741 3197 4802 ad
3232 4738 3653 4802 continendam
3677 4739 3828 4802 iram

2181 4836 2281 4897 illo
2342 4832 2745 4912 generosior?
2800 4830 2946 4903 Quis
3003 4830 3075 4891 ad
3136 4829 3477 4909 cupiditatis
3534 4830 3832 4908 eXpIenda

2189 4922 2484 4985 desideria
2529 4920 2832 4999 rigidior?
2882 4922 3022 4994 Quis
3078 4919 3317 4980 dicendi
3362 4928 3541 5000 atque
3591 4919 3829 4981 tacendi

2181 5012 2573 5094 opportunius
2605 5017 2886 5072 uomenta
2935 5008 3304 5081 observabat,
3340 5027 3407 5069 ac
3441 5008 3700 5087 cujusvis
3739 5008 3831 5070 rei

2182 5100 2468 5165 faciendae
2499 5107 2734 5181 tempus
2765 5097 3158 5179 pernoscebat
3179 5102 3207 5159 ?
3253 5104 3316 5159 ut
3346 5116 3539 5178 neque
3569 5099 3829 5178 quietem

2183 5192 2608 5271 silentiumque
2645 5195 3083 5262 contemneret,
3116 5204 3314 5264 neque
3369 5196 3614 5268 propter
3642 5185 3830 5248 animi

2187 5280 2523 5354 mollitiem,
2559 5277 2978 5357 abjectumque
3019 5294 3088 5338 ac
3142 5275 3473 5338 demissum
3525 5277 3826 5358 spiritum,

1744 5398 1844 5459 Fr.
1892 5392 2252 5460 Combeﬁsii
2316 5392 2502 5452 notae.

528 5503 614 5585 (9)
664 5503 785 5581 Περί
810 5503 1010 5586 αδττξῦε,
1044 5502 1356 5586 ΙλίροῐηεΨ-
1391 5504 1644 5586 interi)".
1680 5505 1833 5566 Γοηθ
1878 5498 2094 5586 ιεεβτίι
2168 5493 2726 5586 Ρονθξβίῗὲίρίίηέφ
2751 5492 3831 5586 319.939.9339?3-1“E13'P_°P...‘."_'{l°

442 5584 563 5663 περί
611 5587 806 5656 αὖτῶ-ι,
841 5584 1078 5663 redditq

479 5662 596 5718 nam
634 5669 698 5719 ut
743 5677 814 5718 ea:
861 5665 935 5718 eis
984 5662 1164 5720 ultam
1213 5662 1426 5721 laudem
1481 5665 1728 5722 ambiret.
1766 5664 1878 5722 Sed
1936 5662 2094 5720 nulla

487 5750 573 5793 rec
601 5733 785 5808 ratio.
839 5734 1017 5808 Plane
1055 5737 1211 5794 enim
1258 5736 1614 5795 adversativa
1656 5737 1927 5808 superius
1954 5733 2100 5792 illud

450 5804 727 5889 respicit,
749 5822 866 5886 quo
884 5805 1052 5889 dixit,
1081 5824 1321 5875 omnem
1344 5809 1398 5870 ἐν
1428 5809 1616 5892 ὀλίγῳ,
1642 5804 1929 5874 εἰσίητνί
1960 5814 2103 5872 tem-

1088 5562 1536 5647 υἵζῖὶὶάἧίέέ
1554 5562 2091 5658 ’έεζςὲἶὲάεοειῗὲξοη
2168 5562 2236 5628 in
2270 5562 2693 5658 _?9_?$§?"__‘.’_‘
2735 5563 3183 5658 .δὶωέἕίίέοὲίίἾὶ
3235 5562 3827 5658 ειὲξιξειέβξξείὲεῑεευ

2179 5656 2311 5698 cum
2347 5639 2545 5702 soleat,
2580 5650 2691 5706 qua
2735 5638 2817 5691 sic
2845 5636 3002 5706 brevi
3055 5637 3187 5704 quis
3245 5637 3492 5692 scientia
3531 5633 3827 5696 imbuitur,

2183 5711 2539 5771 defunctorie
2570 5704 2638 5767 ac
2675 5704 3063 5779 imperfectior
3091 5720 3234 5765 esse.
