4148 6390
420 358 537 433 661

1560 361 1747 429 VITA
1791 363 1851 426 S.
1899 362 2291 429 THEODORI
2352 362 2667 430 GRAPTI.

3677 359 3799 431 662

419 501 623 579 γίνεται
688 496 842 558 πάλιν
900 497 1018 580 ὄφις
1076 499 1164 558 καὶ
1220 496 1381 558 πάλιν
1437 496 1683 563 διάϐολος
1716 515 1732 533 ⁹
1793 498 1892 558 καί
1961 496 2063 556 δια-

2152 496 2458 560 hominem
2492 497 2739 575 viderat,
2777 508 2842 561 ut
2890 498 3195 563 hominem
3249 498 3468 564 deitate
3518 499 3788 579 donaret,

419 590 565 665 σύρει
624 589 744 654 τοὺς
823 587 990 653 θείους
1058 589 1251 665 νόμους
1309 590 1337 646 6
1396 590 1586 666 μιαρὸς
1646 589 1731 647 καὶ
1787 587 2012 663 θεσμούς
2045 602 2061 623 '

418 680 511 735 καὶ
566 676 951 755 παρερμηνεύει
993 675 1153 736 πάλιν
1197 686 1289 738 τοῦ
1346 677 1629 753 νομοθέτου
1680 677 1742 735 τὸ
1790 677 2056 755 βούλημα.

422 768 524 827 Καὶ
578 774 710 827 Θεοῦ
751 766 851 841 μὲν
894 765 1068 848 εἰδὼς,
1129 768 1202 831 ὥς
1247 770 1352 847 οὔχ
1402 766 1521 831 οἶός
1552 767 1611 824 τί
1640 766 1783 824 ἐστιν
1841 767 2065 847 ἀφιστᾷν

421 857 548 922 τοὺς
608 856 913 934 ἀνθρώπως
939 903 956 931 ,
1045 854 1333 932 δελεάματι
1387 861 1539 935 κιρνᾷ
1593 857 1694 925 τὴν
1750 853 2061 936 ἐπιϐουλὴν,

419 947 512 1003 καὶ
570 947 797 1026 Χριστὸν
854 945 1126 1025 ἀρνεῖσθαι
1173 945 1370 1003 πείθειν
1428 943 1718 1021 ἀδυνατῶν,
1761 955 1861 1013 τὴν
1905 944 2066 1002 αὒτοῦ

417 1035 563 1093 θείαν
638 1033 818 1092 είκόνα
900 1047 1222 1114 προσκυνεῖν
1306 1033 1446 1099 ὅλως
1538 1033 1854 1112 ἀπαγορεύει
1895 1050 1911 1066 ⁸
1986 1031 2062 1090 ἵν’

418 1124 561 1182 οὕτω
617 1122 751 1203 λάθῃ
807 1125 895 1182 καὶ
952 1124 1055 1193 τὴν
1125 1124 1223 1194 τῆς
1294 1124 1493 1181 ἰκείνου
1571 1122 1891 1204 σαρκώσεως
1956 1123 2063 1181 ἀπὸ

419 1216 613 1295 ψυχῶν
675 1212 991 1296 ὁμολογίαν,
1048 1214 1136 1271 καὶ
1184 1214 1279 1271 τὸν
1338 1211 1403 1270 δι’
1453 1213 1658 1282 ἐκείνης
1719 1214 1876 1289 ἡμῶν
1930 1213 2062 1292 πρὸς

416 1305 510 1360 τὸν
604 1304 851 1362 σώσαντα
945 1303 1108 1361 πόθον
1189 1302 1312 1361 κατ’
1397 1300 1575 1381 ὀλίγον
1656 1301 2058 1381 ἀπομαραίνων,

418 1390 572 1452 Ἐπεὶ
630 1389 684 1447 δὲ
740 1390 809 1448 τά
852 1393 954 1459 τῆς
995 1389 1283 1459 ἐπιϐουλῆς
1348 1391 1484 1448 κατά
1534 1390 1652 1448 νοῦν
1710 1393 1853 1465 αὐτῷ
1895 1410 2062 1470 προε-

417 1481 590 1562 χώρει
624 1480 763 1562 (εὗρε
794 1481 894 1560 γὰρ
946 1478 1274 1549 ἐπιτηδείως
1333 1481 1515 1561 ψυχὰς
1559 1481 1687 1559 πρὸς
1746 1480 1847 1547 τὴν
1904 1483 2061 1539 αὐτοῦ

414 1572 737 1651 σπερμάτων
791 1569 1112 1650 ὑποδοχὴν),
1171 1569 1217 1629 ὢ
1271 1574 1371 1638 τῆς
1419 1568 1630 1637 πολλῆς
1678 1590 1771 1626 σου
1801 1572 2061 1646 μακροθυ⁹

416 1660 568 1741 μίας,
629 1659 863 1738 Χριστέί
925 1661 1108 1741 φθάνει
1169 1661 1258 1717 καὶ
1315 1658 1480 1740 μέχρι
1538 1657 1802 1735 βασιλέων
1861 1661 2056 1731 αὐτῶν,

416 1752 509 1807 καὶ
563 1748 717 1807 πλέον
776 1750 952 1831 ἰσχύει
1007 1747 1225 1827 δύναμιν
1282 1748 1532 1827 εὑρίσκων
1587 1748 1693 1804 ἀπὸ
1748 1748 1850 1814 τῆς
1907 1744 2058 1812 ἐξου-

2146 602 2353 648 rursus
2377 604 2991 670 serpens,rursusque
3021 587 3295 652 diabolus
3324 590 3604 663 efﬁcitur,
3632 591 3791 653 divi-

2150 693 2374 756 nasque
2415 675 2575 756 leges
2604 694 2671 738 ac
2702 676 2851 740 scita
2901 679 3342 760 impurissimus
3371 681 3788 757 calumniatur,

2149 782 2582 847 perperamque
2600 784 2809 843 rursus
2830 767 3187 847 legislatoris
3212 778 3476 832 mentem
3503 773 3795 851 interpre-

2148 861 2324 916 tatur.
2361 856 2447 916 Ac
2505 873 2638 917 cum
2703 857 2909 935 sciret,
2964 858 3095 921 ﬁeri
3148 878 3268 921 non
3300 878 3477 940 posse
3510 870 3634 923 uta
3664 861 3791 924 Deo

2146 941 2423 1005 homines
2463 942 2808 1023 abduceret,
2844 965 2982 1010 esca
3008 947 3257 1011 insidias
3290 957 3582 1029 temperat
3615 971 3632 1027 ;
3678 968 3791 1012 ne-

2146 1050 2263 1112 que
2289 1032 2490 1096 valens
2546 1033 2660 1095 hoc
2707 1034 2963 1099 suadere
3019 1044 3083 1098 ut
3135 1037 3406 1102 Christus
3434 1037 3786 1117 abnegetur,

2146 1120 2406 1183 divinam
2429 1122 2561 1202 ejus
2592 1123 2910 1202 imaginem
2935 1126 3171 1189 adorari
3193 1127 3439 1190 omnino
3472 1127 3785 1209 prohibet;

2147 1218 2211 1273 ut
2238 1210 2326 1274 sic
2357 1211 2863 1292 imprudentibus,
2887 1214 3053 1279 illius
3082 1222 3320 1298 quoque
3358 1216 3788 1281 incarnationis

2146 1318 2216 1363 ex
2235 1300 2452 1362 animis
2467 1301 2907 1366 confessionem
2931 1304 3185 1382 aboleat,
3216 1307 3639 1388 paulatimque,
3665 1324 3787 1384 quo

2144 1389 2288 1451 inde
2312 1389 2718 1472 accendimur,
2751 1410 3042 1474 amorem,
3104 1412 3243 1475 erga
3292 1414 3426 1458 eum
3460 1398 3562 1476 qui
3594 1395 3788 1457 salute

2144 1477 2406 1554 donavit,
2466 1480 2829 1561 exstinguat.
2888 1481 3004 1546 Ubi
3069 1490 3268 1546 autem
3329 1486 3381 1547 ei
3436 1484 3669 1547 insidiae
3715 1502 3788 1547 ex

2142 1569 2343 1630 animo
2388 1579 2706 1632 cesserunt
2756 1571 3009 1650 (invenit
3056 1574 3217 1635 enim
3263 1573 3494 1639 animos
3546 1574 3619 1636 ad
3674 1592 3788 1637 sua

2143 1657 2370 1720 semina
2402 1659 2792 1740 suspicienda
2841 1661 3138 1739 idoneos),
3199 1683 3234 1727 o
3290 1682 3562 1744 magnam
3626 1672 3785 1727 tuam

2141 1754 2318 1829 atque
2349 1748 2660 1830 prolixam,
2696 1769 2731 1812 ο
2761 1750 3011 1825 Christe,
3063 1759 3441 1834 patientiam!
3495 1753 3570 1816 ad
3623 1753 3788 1835 ipsos

417 1840 536 1905 σίας
571 1853 586 1868 ⁸
634 1839 730 1896 καῖ
786 1839 1021 1914 τοσούτῳ
1063 1840 1339 1916 βοηθεῖται
1395 1844 1473 1913 τῷ
1517 1841 1727 1917 κρατεε,
1757 1841 1948 1913 μικροῦ
1972 1836 2060 1892 καὶ

2152 1855 2331 1918 usque
2359 1838 2659 1916 Augustos
2691 1841 2950 1920 pervasit
2980 1864 2995 1919 ;
3031 1852 3363 1921 nactusque
3391 1861 3461 1906 ex
3495 1850 3789 1924 potestate

417 1928 659 2007 γενέσθαι
688 1929 832 2005 ἡμᾶς
863 1930 934 1992 ὡς
967 1930 1029 1986 τὸ
1058 1926 1110 1996 ἐξ
1140 1927 1342 2010 ἀρχῆς,
1373 1926 1402 1984 ὃ
1427 1948 1560 2007 φησι
1605 1927 1673 1984 τὰ
1720 1926 1834 2005 ἱερά
1875 1923 2056 2003 λόγια,

417 2018 511 2076 ὅτε
540 2017 636 2075 οὒκ
662 2018 821 2097 ἦρκεν
850 2021 987 2096 ἡμῖν
1019 2018 1229 2098 Κύριος.

502 2279 562 2347 ῐ’.
623 2287 846 2353 Λέοντος
901 2288 1002 2367 γὰρ
1057 2292 1350 2354 τηνικαῦτα
1406 2295 1502 2345 τοῦ
1555 2283 1608 2351 ἑξ
1664 2282 1956 2364 Ἀρμενίων
1997 2281 2059 2337 τὸ

412 2377 572 2456 γένος
649 2376 894 2443 ἕλκοντος
930 2426 944 2450 ,
1044 2375 1282 2454 τυράννῳ
1364 2374 1515 2455 χειρί
1585 2381 1690 2432 τῶν
1774 2373 2062 2450 σκήπτρων

418 2465 839 2542 ἐπειλημμένοι),
886 2465 973 2525 καὶ
1014 2466 1107 2523 τὸν
1159 2462 1350 2532 εὖσεϐἦ
1401 2462 1622 2541 βασιλέα
1680 2459 1907 2542 Μιχαὴλ
1963 2465 2062 2527 τῆς

419 2558 520 2632 μὲν
577 2555 753 2637 ἀρχῆς
808 2555 1239 2634 παραλύσαντος,
1301 2554 1551 2635 σχήματι
1596 2550 1651 2609 δὲ
1712 2552 1800 2608 καὶ
1844 2551 1943 2628 βίῳ
1999 2550 2066 2607 τὰ

415 2653 526 2704 τῶν
608 2652 866 2726 μοναχῶν
949 2643 1188 2721 μετιέναι
1272 2643 1795 2722 παρασκευάσαντος’
1858 2640 2062 2704 ἐκεῖνος

416 2737 517 2808 μὲν
573 2738 636 2793 τὸ
692 2735 938 2792 ἀκούσιον
1000 2732 1216 2796 ἀλύπως
1275 2734 1348 2798 ὡς
1402 2733 1540 2791 κατά
1602 2732 1826 2812 γνώμην
1898 2751 2064 2808 προσ-

420 2825 527 2881 ίετο
558 2841 573 2856 ’
635 2822 790 2887 αὐτὸς
877 2821 931 2879 δὲ
1008 2823 1141 2899 πρὸς
1227 2822 1417 2899 μικρὸν
1492 2820 1570 2879 ἔτι
1642 2823 1743 2888 τὴν
1822 2816 2064 2877 ἀσέϐειαν

419 2913 565 2972 ’ἐνδον
621 2911 959 2992 οἷκουροῦσαν
1019 2910 1165 2993 ἔχων
1199 2957 1216 2991 ,
1277 2908 1448 2989 ἐξάγει
1527 2910 1726 2977 ταύτην
1785 2909 1859 2973 εἰς
1930 2914 2067 2986 φῶς,

428 3003 599 3080 ὥσπερ
654 3025 705 3060 τι
764 3002 914 3059 νόθον
959 3003 1044 3059 καὶ
1105 3002 1332 3081 πονηρὸν
1415 2999 1656 3079 γέννημα
1689 3018 1704 3035 ⁸
1765 2999 1859 3056 καὶ
1909 2995 2069 3064 δῆλος

427 3094 521 3150 οὐκ
557 3094 633 3159 εἷς
690 3091 897 3173 μακρὰν
951 3092 1176 3170 γίνεται,
1230 3088 1474 3170 χαλεπὸν
1531 3088 1706 3146 πνέων
1774 3087 1911 3144 κατὰ
1963 3091 2071 3145 τῶν

2140 1926 2320 2001 vires,
2355 1926 2489 2006 ipse
2517 1947 2582 1992 se
2615 1928 2829 1992 fortior
2857 1931 3093 2010 evadit;
3142 1940 3423 2014 tantaque
3473 1933 3787 2014 adiuvatur

2142 2016 2428 2098 potentia,
2462 2026 2529 2081 ut
2579 2037 2688 2082 nos
2733 2039 2973 2102 quoque
3001 2040 3214 2103 parum
3245 2022 3420 2096 absit,
3454 2022 3597 2103 quin
3630 2021 3785 2083 sicut

2139 2105 2214 2169 ab
2268 2105 2463 2182 initio,
2514 2126 2653 2171 cum
2710 2108 3003 2173 Dominus
3049 2113 3240 2176 nostri
3270 2131 3390 2174 non
3447 2109 3782 2186 imperabat

2145 2194 2255 2278 (uti
2284 2196 2477 2259 sacris
2508 2197 2805 2278 proditum
2840 2198 3051 2280 elogiis
3075 2200 3236 2282 esti)
3265 2200 3402 2264 facti
3432 2199 3650 2264 simus.

2222 2286 2303 2348 X.
2338 2284 2484 2348 Cum
2516 2294 2714 2349 autem
2744 2288 2866 2351 Leo
2896 2295 3025 2352 tum
3068 2290 3381 2371 temporis,
3433 2308 3503 2351 ex
3564 2289 3784 2352 Arme-

2146 2373 2245 2436 nia
2291 2373 2520 2437 ducens
2569 2375 2861 2454 originem
2891 2427 2907 2452 ,
2969 2379 3274 2461 tyrannica
3321 2397 3502 2441 manu
3551 2387 3788 2460 sceptra

2144 2463 2480 2539 invasisset,
2511 2463 2795 2547 piumque
2825 2471 3244 2549 imperatorem
3270 2468 3621 2531 Michaelem
3643 2487 3785 2530 ces-

2146 2571 2280 2615 sare
2305 2554 2536 2632 jussum
2564 2573 2634 2618 ac
2660 2565 3113 2622 exauctoratum
3139 2558 3213 2619 ad
3234 2558 3510 2621 monachi
3532 2557 3792 2621 induen-

2147 2642 2289 2705 dum
2323 2643 2590 2705 habitum
2623 2644 2878 2726 vitaeque
2909 2646 3055 2708 illud
3104 2647 3445 2709 institutum
3496 2648 3795 2728 arripien-

2148 2733 2290 2795 dum
2323 2732 2626 2811 adegisset
2655 2751 2671 2806 ;
2705 2735 2876 2812 isque
2908 2736 3058 2799 adeo
3108 2736 3270 2798 illam
3302 2738 3432 2816 ejus
3462 2737 3577 2797 vim
3611 2755 3678 2799 ac
3709 2737 3797 2798 in-

2145 2819 2396 2902 juriain,
2427 2840 2495 2883 ac
2524 2822 2575 2884 si
2606 2823 2734 2904 ipse
2761 2831 2977 2904 sponte
3006 2826 3272 2900 cederet,
3307 2825 3463 2889 haud
3494 2844 3655 2906 agre
3682 2824 3797 2888 ad-

2156 2909 2458 2987 misisset;
2504 2931 2681 2991 quem
2735 2913 2879 2993 dixi,
2915 2914 3059 2993 Leo,
3096 2914 3384 2995 tantisper
3415 2913 3610 2977 adhuc
3645 2934 3794 2977 con-

2153 2998 2335 3060 ditam
2368 2999 2573 3062 animo
2625 3001 2992 3082 impietatem
3046 3011 3280 3076 tenens,
3317 3021 3445 3066 eam
3478 3002 3541 3064 in
3571 3004 3796 3084 lucem,

2155 3097 2428 3169 tanquam
2452 3089 2856 3155 adulterinum
2891 3110 2960 3155 ac
3010 3092 3232 3154 malum
3286 3093 3473 3154 fetum
3529 3095 3791 3174 profert;

420 3182 572 3240 θείων
624 3180 864 3253 εἰκόνων,
926 3180 1019 3238 καὶ
1088 3179 1317 3255 ἀναιρῶν
1375 3180 1474 3248 τὴν
1529 3175 1911 3257 προσκύνησιν,
1972 3176 2063 3234 Καῖ

2154 3196 2266 3275 nec
2296 3179 2598 3275 longiores
2629 3180 2961 3261 interjectaa
3009 3201 3212 3257 morae,
3247 3201 3380 3243 cum
3433 3189 3600 3244 truce
3651 3182 3794 3263 quid

416 3279 612 3350 πρῶτα
673 3271 773 3348 μὲν
838 3268 1148 3350 συνεξορίζει
1190 3274 1269 3343 τῷ
1329 3273 1425 3336 τῆς
1485 3265 1776 3345 όρθοδοξίας
1822 3264 2070 3347 ἀρχιερεῖ

422 3362 521 3429 τὴν
604 3357 872 3419 εὐσέϐειαν
903 3378 919 3395 ’
997 3358 1180 3416 ἔπειτα
1276 3360 1365 3415 καὶ
1434 3363 1685 3430 κατασπᾷ
1754 3362 1861 3412 τῶν
1916 3354 2069 3431 ἱέρῶν

416 3450 800 3525 εἰκονισμάτων
861 3451 921 3505 τὸ
1002 3447 1196 3513 κάλλος
1229 3496 1246 3523 ,
1323 3446 1504 3523 ὥσπερ
1555 3447 1703 3511 τινὰς
1764 3443 2068 3524 ὀφθαλμοὺς

414 3538 693 3616 ἀμϐλύνων
746 3544 845 3606 τῆς
914 3537 1264 3604 Ἐκκλησίας.
1347 3537 1443 3595 Καὶ
1527 3538 1554 3593 6
1613 3535 1713 3610 μὲν
1798 3531 2067 3612 ὀρθόδοξος

413 3630 717 3710 ἀρχιερεὺς,
774 3628 952 3706 ὥσπερ
997 3627 1151 3708 ἔφην,
1221 3626 1483 3704 ἐξόριστος
1545 3626 1786 3703 γίνεται·
1849 3623 2064 3679 ἀντεισ-

411 3722 596 3798 άγεται
654 3716 711 3775 δὲ.
781 3720 1068 3795 μισθωτὸς,
1124 3719 1213 3774 καὶ
1289 3717 1414 3795 οὐχὶ
1500 3714 1702 3788 ποιμὴν
1734 3760 1751 3793 ,
1809 3712 2065 3793 ἀμόφρων

412 3814 491 3884 τῷ
542 3808 779 3887 τυράννῳ
828 3809 918 3865 καὶ
961 3808 1247 3887 σύμψυχος
1280 3805 1379 3873 τὴν
1442 3801 1685 3860 ἀσέϐειαν
1720 3817 1735 3832 ⁹
1789 3804 1816 3859 6
1859 3803 2064 3879 βωμὸς,

412 3899 566 3979 φασὶ,
629 3898 761 3976 τυρὸς
814 3896 873 3954 1:6
927 3894 1105 3977 ἱερόν⁶
1170 3896 1265 3953 καὶ
1325 3895 1420 3962 τὴν
1496 3891 1665 3953 πάλαι
1751 3894 2070 3979 τεθνηκυῖαν

422 3978 635 4067 αἵρεσιν
688 3991 804 4064 περὶ
867 3987 959 4049 τὰς
1015 3983 1215 4051 σεπτοὶς
1273 3984 1479 4047 εἰκόνας
1543 3980 1866 4067 ἀναστῆσαι-
1901 3978 2069 4060 φιλο-

410 4060 634 4141 νεικῶν,
672 4060 842 4135 Ἀλλὰ
870 4076 969 4154 γὰρ
1017 4075 1113 4133 οἷα
1144 4077 1210 4131 τὰ
1240 4082 1331 4131 τοῦ
1363 4080 1493 4131 Θεοῦ
1544 4072 1771 4148 κρίματι
1799 4069 1813 4129 ί
1851 4060 1915 4127 Ἠ
1962 4074 2070 4125 τῶν

405 4166 740 4245 ἁμαρτωλῶν
815 4163 1002 4244 ῥάϐδος
1090 4166 1237 4230 εὐθὺς
1318 4161 1434 4220 καθ’
1518 4163 1675 4235 ἡμῶν
1753 4159 2064 4239 ἐπαφίεται,

416 4256 503 4313 ίνα
530 4255 627 4312 κᾶν
656 4255 793 4313 οὕτω
822 4259 1087 4327 συνῶμεν,
1120 4256 1312 4311 ὁποῖον
1356 4251 1422 4319 δὴ
1476 4251 1568 4308 τὸν
1620 4246 1898 4317 Δεσπότην
1932 4248 2069 4305 κατὰ

409 4344 617 4414 πολλὴν
647 4344 827 4403 ἄνοιαν
871 4344 1287 4424 παροργίζομεν.

500 4524 609 4587 ιᾹ’.
670 4526 731 4582 Οἱ
811 4524 909 4603 γὰρ
980 4522 1115 4579 κατά
1173 4520 1274 4588 τήν
1343 4521 1545 4601 ἔρημον
1627 4515 1856 4598 ’Ἄραϐες
1934 4518 2065 4596 πρὸς

2152 3268 2438 3330 adversus
2466 3267 2703 3331 divinas
2734 3270 3020 3349 imagines
3042 3270 3568 3352 spirat,aufertque
3588 3288 3797 3333 earum

2153 3357 2404 3420 cultum.
2442 3360 2529 3421 Ac
2560 3359 2846 3437 primum,
2904 3379 3022 3422 una
3071 3379 3206 3422 cum
3264 3360 3598 3422 orthodoxe
3640 3362 3797 3422 anti-

2152 3446 2312 3517 stite,
2351 3445 2629 3527 pietatem
2679 3448 2973 3512 eliminat.
3007 3446 3236 3511 Deinde
3285 3447 3462 3511 ctiam
3492 3466 3795 3511 sacrarum

2152 3535 2475 3614 imaginum
2507 3538 2793 3600 decorem
2818 3538 3177 3613 detrahit,ac
3201 3544 3251 3600 si
3273 3536 3558 3600 Ecclesiae
3577 3537 3805 3601 lumina

2152 3625 2480 3689 hebetaret.
2514 3629 2600 3691 Ac
2632 3627 2875 3709 quidem
2908 3628 3271 3689 orthodoxus
3317 3627 3561 3710 praesul,
3583 3628 3670 3689 uti
3702 3627 3798 3689 di-

2150 3714 2601 3788 cebam,exsilio
2628 3718 2918 3795 traditur;
2944 3718 3195 3798 ejusque
3217 3716 3348 3779 loco
3370 3715 3799 3796 mercenarius,

2153 3813 2212 3866 et
2248 3824 2364 3866 non
2396 3815 2623 3886 pastor,
2672 3806 2946 3885 ejusdem
3003 3824 3140 3868 cum
3198 3814 3444 3887 tyranno
3493 3804 3805 3867 sententiae

2151 3893 2358 3973 illique
2394 3893 2704 3973 impietate
2750 3913 3027 3967 concors,
3099 3894 3440 3956 inducitur:
3493 3895 3611 3956 Ara
3665 3912 3805 3955 cum

2154 3981 2400 4063 templo,
2432 3983 2632 4065 aiunt;
2667 3985 2932 4065 olimque
2956 3983 3314 4046 exstinctam
3340 4003 3479 4063 erga
3502 4001 3800 4045 veneran-

2153 4072 2258 4134 das
2289 4072 2581 4153 imagines
2613 4074 2913 4152 haeresim,
2948 4072 3314 4153 postliminio
3364 4074 3620 4135 excitare
3651 4089 3801 4134 con-

2152 4161 2364 4224 tendit.
2400 4163 2515 4225 Sed
2551 4164 2738 4237 enim,
2765 4162 2960 4245 qualia
2990 4159 3379 4241 Deijudicia!
3410 4161 3801 4224 Peccatorum

2153 4252 2353 4312 statim
2387 4252 2549 4332 virga
2581 4254 2642 4314 in
2674 4271 2780 4314 nos
2811 4251 3125 4327 emittitur,
3158 4261 3222 4312 ut
3257 4250 3341 4312 vel
3373 4251 3459 4313 sic
3492 4250 3798 4329 intelliga-

2154 4359 2306 4416 mus,
2341 4342 2578 4422 qualem
2608 4360 2713 4423 per
2753 4358 3048 4404 summam
3081 4339 3442 4402 dementiam
3477 4338 3795 4402 Dominum

2151 4429 2223 4493 ad
2257 4430 2404 4492 iram
2442 4450 2855 4512 provocamus.

2232 4518 2336 4582 ΧΙ.
2370 4520 2600 4583 Arabes
2632 4521 3131 4600 euim,desertum
3166 4517 3325 4598 quod
3359 4526 3447 4579 est
3475 4516 3546 4578 ad
3576 4515 3795 4580 Orien-

416 4613 487 4671 ἕω
544 4591 835 4689 Ῥωμαίοις·
879 4591 1411 4690 ἐπιστρατεύσαντες,
1447 4591 1823 4683 ’πολλὰς-μὲν
1875 4591 2060 4686 χώρας

2152 4616 2274 4672 tem
2308 4591 2826 4685 colentes,educto
2858 4611 3152 4673 adversus
3178 4591 3475 4670 Romanos
3499 4606 3792 4683 exercitu,

406 4708 602 4778 αὐτῶν,
676 4702 851 4761 πολλὰ
922 4700 974 4758 3‘s
1032 4702 1119 4757 καὶ
1178 4700 1402 4781 φρούρια
1460 4698 1742 4770 ἐληΐζοντο
1779 4714 1793 4729 ⁶
1831 4700 1961 4776 πρὸς
2005 4694 2061 4752 δὲ

2152 4698 2363 4760 multas
2388 4718 2594 4762 eorum
2630 4700 2893 4782 populati
2925 4708 3066 4763 sunt
3099 4697 3458 4777 provincias,
3488 4696 3791 4777 multaque

406 4796 496 4851 καὶ
568 4795 632 4850 τὰ
689 4792 743 4848 ἐν
796 4791 1122 4867 Παλαιστίνῃ
1184 4789 1511 4868 κατέτρεχον
1578 4787 1932 4863 μοναστήρια,
1985 4783 2060 4841 ὧν

2152 4788 2326 4849 etiam
2364 4790 2636 4869 praesidia
2662 4785 3445 4869 diripuerunt.Monasteriis
3467 4804 3706 4866 quoque
3732 4786 3790 4847 in

405 4890 620 4961 πρῶτον
677 4884 763 4939 καὶ
817 4881 1070 4960 μέγιστον
1120 4879 1186 4947 ἦν
1212 4923 1229 4949 ,
1289 4879 1350 4934 τὸ
1407 4884 1501 4934 τοῦ
1561 4875 1814 4955 θεοφόρου
1884 4871 2057 4947 Σάϐα,

2152 4877 2453 4940 Palaestina
2484 4878 2872 4957 ingruebant,
2933 4885 3002 4940 ac
3055 4876 3484 4939 incursabant:
3535 4892 3790 4955 quorum

407 4975 575 5055 φημὶ,
607 4970 663 5028 ἐν
688 4972 735 5046 ᾧ
776 4973 862 5028 καὶ
894 4973 921 5027 6
953 4969 1120 5048 μέγας
1163 4966 1315 5055 οὗτος
1342 5016 1358 5043 ,
1410 4964 1590 5046 ὥσπερ
1619 4963 1870 5044 ἀνωτέρω
1921 4963 2059 5043 φθά-

2152 4966 2405 5045 primum
2434 4968 2876 5050 maximumque
2906 4967 3091 5030 divini
3144 4965 3373 5055 scilicet
3423 4961 3590 5055 Saliae
3638 4973 3785 5041 erat,

406 5052 596 5129 σαντες
625 5059 855 5142 ἔφημεν,
885 5054 1110 5129 ἠσκεῖτο
1141 5054 1439 5137 Θεόδωρος.

2152 5054 2207 5116 in
2241 5076 2358 5138 quo
2386 5075 2636 5138 magnus
2667 5058 2786 5130 hic,
2814 5057 2900 5119 uti
2952 5056 3014 5118 in
3045 5052 3456 5136 superioribus
3485 5053 3710 5115 dictum
3753 5072 3787 5114 a

2141 5144 2317 5208 nobis
2344 5154 2455 5221 est,
2488 5147 2841 5210 Theodorus
2872 5144 3289 5208 exercebatur.

496 5240 604 5309 lB',
635 5248 812 5300 Ταῦτα
851 5238 1064 5317 βλέπων
1114 5235 1205 5316 (4)
1233 5237 1261 5292 6
1317 5238 1464 5298 θεῖος
1521 5237 1621 5301 τῆς
1679 5229 2059 5311 Ἱεροσολύμων

2223 5234 2356 5300 Xll.
2389 5234 2526 5300 Haec
2555 5235 2766 5299 videns
2796 5234 3031 5297 divinus
3081 5233 3180 5297 ille
3227 5231 3770 5314 Hierosolymorum

490 5401 519 5445 ε
547 5399 660 5464 lsa.
695 5412 855 5461 um.
892 5398 987 5461 l9.
1740 5477 1821 5537 Fr
1887 5476 2063 5541 Comi

2152 5475 2246 5540 lsii
2290 5480 2479 5542 notae.

496 5615 582 5694 (4)
613 5622 789 5694 Ταῦτα
818 5611 1052 5689 βλέπων.
1111 5611 1217 5674 His
1271 5609 1689 5694 componenda
1733 5608 1958 5694 Mentea
1985 5608 2058 5671 ad
2144 5609 2316 5694 (irasci
2353 5613 2654 5694 rcc_o_lunt_:
2697 5619 2759 5670 ut
2797 5611 3181 5694 cismﬂicunt,
3233 5608 3434 5666 missos
3474 5608 3786 5694 adJThep-

400 5679 575 5759 diem
622 5696 683 5753 tt
749 5679 1053 5757 Octobris.
1125 5707 1242 5765 quo
1275 5679 1647 5768 Theophanis
1717 5691 2057 5753 memoriam
2140 5684 2386 5766 philum,
2426 5685 2790 5749 Theodorum
2832 5689 2889 5743 et
2938 5680 3345 5761 Theophanem
3376 5694 3405 5737 a
3461 5679 3782 5758 patriarcha
