4148 6392
378 402 501 474 665

1538 406 1726 471 VlTA
1771 406 1830 470 S.
1880 403 2269 469 THEODORI
2312 403 2629 470 GRAPTI.

3661 389 3781 463 666

373 545 556 625 λόγων
610 544 755 624 αὐτῷ
826 546 1160 622 κοίνωνῇοαι
1233 543 1318 602 καὶ
1391 542 1624 619 ὁμιλίας·
1701 543 1779 607 τίς
1833 564 1890 599 τε
1945 542 2038 611 εἴη

2131 539 2346 604 siones.
2380 540 2607 604 Deinde
2630 539 2807 604 etiam
2837 557 2977 603 cum
3001 537 3365 615 accersiit,et
3396 533 3771 602 familiariter

376 636 802 716 πυνθανόμενον,
854 636 944 693 καὶ
1009 634 1123 692 ὅθεν
1180 632 1328 701 ἥκει·
1385 632 1476 689 καὶ
1545 632 1593 688 τί
1650 631 1792 706 αὖτῷ
1851 630 2045 709 βούλε-

375 746 496 805 ται,
549 727 702 807 φησὶ,
751 727 815 783 τὸ
885 729 983 792 τῆς
1054 722 1348 803 παῤῥησίας
1407 721 1633 800 ἄκρατον
1701 723 1792 779 καὶ
1846 721 2043 802 ἀφύλα-

378 835 534 877 κτον.
583 814 646 874 ’0
689 814 744 872 δὲ
788 814 885 873 καί
936 815 1035 882 τὴν
1081 811 1304 891 πατρίδα
1359 812 1622 891 γνωρίζει,
1671 812 1757 868 καὶ
1783 811 1884 879 τὴν
1939 812 2045 869 ἀπὸ

381 902 747 973 Παλαιστίνης
805 902 979 970 ἄφιξιν
1036 900 1385 980 ἀπαγγέλλει·
1447 901 1535 956 καὶ
1578 898 1658 956 ὅτι
1713 903 1789 977 μή
1844 900 2044 979 ἔκρινεν

379 993 800 1051 ὑποστέλλεσθαι
855 991 969 1050 δεῖν
1021 994 1109 1049 καὶ
1160 993 1288 1068 πρὸς
1343 989 1628 1067 βασιλέως,
1676 992 1831 1058 ἡνίκα
1876 998 2040 1047 Βασι-

374 1080 476 1139 λέα
518 1082 627 1141 ἴδοι
656 1084 749 1141 τὸν
807 1082 861 1139 ἒν
902 1085 1148 1161 οὒρανοτς
1191 1077 1552 1160 δϐριζόμενον.
1611 1080 1752 1138 Εἶτα
1793 1077 2044 1158 διασαφεῖ

377 1173 447 1228 τὰ
509 1175 604 1230 τοῦ
665 1171 957 1251 δόγματος
1019 1168 1250 1228 διδάσκει
1293 1171 1393 1239 τὴν
1447 1172 1555 1227 τὼν
1623 1171 1776 1227 θείων
1826 1169 2040 1227 εἰκόνων

379 1262 569 1335 τιμήν·
633 1261 772 1321 ἄλλα
827 1282 886 1320 τε
968 1263 1152 1336 εἰπὼν,
1216 1261 1303 1317 καὶ
1360 1260 1624 1340 προσθεὶς,
1690 1259 1771 1316 ὅτι
1842 1257 2039 1338 δεῖγμα

378 1360 541 1410 τοῦτο
581 1358 677 1409 τοῦ
734 1353 866 1429 πρὸς
913 1351 1145 1430 Χριστὸν
1203 1349 1393 1428 πόθου,
1454 1350 1541 1408 καὶ
1611 1347 1870 1429 ὁμολογία
1942 1352 2039 1418 τῆς

376 1438 584 1498 ἐκείνου
667 1442 1013 1519 σαρκώσεως’
1089 1438 1282 1497 ἔπειτα
1352 1439 1601 1516 καθαιρεῖ
1686 1440 1753 1496 τὰ
1839 1437 2041 1496 ἐκείνου

376 1527 762 1607 προϐλήματα,
819 1531 994 1587 πίστει
1053 1535 1276 1604 Χριστοῦ
1332 1532 1420 1586 καὶ
1478 1527 1694 1603 δυνάμει
1738 1526 1899 1608 λόγου
1955 1528 2043 1586 καὶ

374 1618 708 1693 πνεύματος,
800 1617 952 1677 Ἐπεί
1022 1619 1119 1676 καί
1187 1617 1405 1676 πολλῶν
1491 1619 1685 1696 μεταξὺ
1754 1619 2038 1697 ῥηθέντων,

377 1708 431 1763 οἱ
511 1706 782 1786 Θεοδώρου
835 1705 988 1786 λόγοι
1060 1709 1160 1776 τὴν
1234 1713 1462 1765 νικῶσαν
1536 1708 1725 1788 εἶχον,
1792 1708 2042 1783 θαυμάζει

376 1795 591 1872 πρῶτον
648 1799 676 1853 ὁ
744 1796 1019 1874 βασιλεύς,
1079 1801 1201 1855 εἶτα
1267 1799 1356 1855 καὶ
1397 1798 1707 1876 θεραπεόειν
1745 1798 2040 1877 ἒπιχειρεϊ,

376 1882 540 1961 ἄνδρα
616 1892 857 1943 τοιοῦτον
937 1887 1360 1955 ὑποποίήσασθαι
1444 1887 1895 1965 προθυμούμενος,
1968 1884 2037 1943 δι’
2060 1916 2099 1969 Β

373 1976 442 2031 οὗ
480 1974 697 2032 ποὶλῶν
752 1976 1083 2053 περιέσεσθκι
1142 1973 1361 2041 δυνατὸς
1416 1977 1591 2038 ἔσται.
1647 1986 1719 2040 Ως
1765 1973 1819 2031 δὲ
1878 1975 2037 2055 ἀχεί-

374 2085 549 2143 ρωτον
615 2065 773 2121 αὐτὸν
821 2064 961 2141 ἑώρα
1016 2076 1138 2130 ταῖς
1193 2064 1395 2123 ἐκείνου
1462 2063 1685 2136 λαϐαῖς,
1747 2064 2039 2144 προσετίθει

379 2170 485 2231 γαρ
544 2155 633 2210 καὶ
686 2177 735 2210 τι
792 2160 1030 2212 τοιοῦτον
1088 2156 1219 2234 πρὸς
1276 2155 1459 2230 αὖτὸν,
1491 2152 1807 2229 Ἐπελάθου,
1840 2153 2037 2234 λέγων,

372 2244 482 2299 τῶν
544 2245 817 2310 συνθηκῶν
864 2245 939 2300 ὧν
996 2242 1115 2301 ἔθου
1164 2245 1296 2322 πρὸς
1343 2246 1498 2319 Θεὸν,
1544 2242 1789 2321 βπσιλεῦ⁶
1837 2246 1910 2301 ὧν
1939 2242 2039 2320 ἄρα

378 2333 605 2407 μεσίτης
663 2334 692 2389 ὁ
750 2332 921 2410 μέγας
976 2331 1255 2411 ἀρχιερεὺς
1310 2333 1550 2413 γέγονεν,
1610 2333 1766 2401 ἡνίκα
1817 2355 1909 2391 σου
1966 2339 2035 2409 τῇ

375 2418 587 2499 κεφαλῇ
657 2422 750 2477 τὸν
820 2419 1095 2479 ϐασιλικὸν
1169 2421 1395 2480 ἐπετίθει
1466 2421 1775 2503 στέφανον;
1846 2435 2036 2503 φεῖσαι

378 2512 478 2574 τῖς
537 2510 726 2568 ἑαυτοῦ
783 2514 990 2590 ψυχῆς,
1028 2511 1123 2567 καί
1171 2513 1263 2568 τὸν
1310 2512 1563 2589 πρότερον
1611 2512 1809 2588 κόσμον
1839 2511 2033 2574 ἀπόδος

376 2603 450 2675 τῇ
515 2597 833 2673 Ἐκκλησίᾳ’
878 2601 968 2656 καὶ
1027 2600 1105 2676 μὴ
1150 2598 1421 2681 διαμάχου
1471 2608 1609 2676 Θεῷ,
1641 2608 1797 2680 κριτῇ
1852 2599 2038 2675 δικαίῳ

374 2688 467 2745 καὶ
512 2689 742 2768 ἰσχυρῷ,
773 2689 873 2746 κᾶν
926 2690 971 2745 εί
1029 2690 1109 2763 μὴ
1156 2690 1256 2758 τὴν
1311 2691 1475 2770 ὀργὴν
1519 2691 1695 2769 ἐπάγῃ
1753 2688 1869 2748 καθ’
1902 2691 2031 2748 ἑκά-

380 2798 517 2845 στην
558 2777 764 2855 ἡμέραν
791 2775 877 2834 διὰ
906 2777 1207 2856 περιουσίαν
1238 2779 1641 2859 χρηστότητος.

470 3043 573 3110 lE'.
614 3054 791 3106 Ταῦτα
822 3048 850 3103 ὁ
909 3047 1008 3123 μέν
1063 3046 1203 3103 οὕτω
1246 3048 1379 3127 πρὸς
1440 3049 1601 3107 αὖτὸν
1660 3047 2042 3128 διεπαρρησιά-

385 3156 536 3196 σατο.
597 3135 661 3195 Ὀ
719 3135 798 3209 δέ,
857 3138 920 3193 τὸ
966 3138 1270 3216 πρόσχημα
1331 3139 1432 3205 τῆς
1493 3137 1782 3204 ἐπιεικείας
1855 3138 2043 3216 λύσας,

2128 646 2263 690 eum
2295 637 2384 692 est
2412 631 2727 710 allocutus,
2760 648 2978 709 rogans
3006 629 3279 711 quisnam
3307 635 3485 703 esset,
3521 646 3590 691 ac
3621 625 3781 689 unde

2127 718 2380 796 veniret,
2416 719 2633 801 quidve
2660 719 2776 781 sibi
2807 737 2973 782 mera
3022 719 3125 784 illa
3154 728 3215 782 et
3258 719 3497 785 incauta
3536 715 3780 779 dicendi

2127 807 2375 871 libertas
2399 809 2597 872 vellet.
2633 809 2740 872 Ille
2763 816 2959 871 autem
2993 817 3052 872 et
3080 808 3379 888 significat
3414 807 3690 888 patriam,
3721 811 3784 867 et

2126 916 2303 960 suum
2339 916 2409 961 ex
2441 898 2756 962 Palaestina
2783 899 3101 961 adventum
3129 897 3460 977 renuntiat,
3497 915 3609 960 nec
3666 893 3781 957 sibi

2127 987 2381 1050 liberum
2433 989 2750 1069 putavisse,
2784 996 2848 1051 ut
2877 990 2967 1051 vel
3020 986 3397 1071 imperatoris
3428 994 3590 1048 metu
3619 1004 3652 1047 a
3681 984 3780 1047 di-

2126 1077 2302 1139 cendi
2352 1078 2623 1141 libertate
2675 1078 3039 1159 discederet,
3094 1096 3228 1141 cum
3289 1079 3510 1156 Regem
3565 1074 3668 1156 qui
3716 1073 3780 1137 in

2126 1166 2290 1230 caelis
2320 1174 2435 1245 est,
2460 1168 2676 1247 injuria
2702 1168 2908 1230 violari
2942 1168 3336 1249 conspiceret.
3373 1162 3620 1245 Deinde,
3646 1181 3780 1245 quas

2122 1256 2417 1319 doctrinae
2456 1267 2617 1333 sunt,
2656 1258 2897 1339 aperit;
2948 1258 3123 1321 docet
3161 1257 3496 1319 divinarum
3547 1253 3777 1317 cultum

2122 1344 2471 1425 imaginum.
2507 1346 2579 1408 Et
2625 1356 2760 1411 cuiu
2824 1346 2937 1409 alia
2995 1347 3262 1427 dixisset,
3294 1353 3356 1407 et
3407 1343 3774 1424 adjecisset:

2122 1434 2277 1498 Ecce
2310 1436 2421 1498 hoc
2453 1436 2742 1499 iudicium
2793 1431 2979 1499 nostri
3011 1436 3070 1497 iu
3117 1435 3415 1499 Christum
3447 1433 3689 1506 amoris,
3720 1439 3781 1493 et

2127 1525 2567 1588 confessionem
2618 1531 2692 1588 ab
2726 1546 2796 1589 eo
2850 1533 3143 1607 suspectae
3171 1522 3417 1600 carnis;
3476 1530 3779 1602 postremo

2125 1615 2286 1677 illius
2320 1615 2585 1696 objecta,
2612 1616 2831 1680 Christi
2863 1615 3006 1689 fide,
3026 1614 3444 1695 sermonisque
3473 1612 3690 1672 virtute
3712 1627 3783 1672 ac

2125 1704 2391 1787 spiritus,
2412 1707 2643 1771 evertit.
2674 1705 3001 1786 Postquam
3027 1703 3397 1785 autem,hiuc
3420 1699 3559 1764 inde
3580 1698 3780 1761 multis

2126 1794 2359 1857 collatis
2381 1793 3059 1870 sermonibus,Theodou
3080 1812 3150 1856 us
3173 1794 3573 1874 disputatione
3594 1787 3780 1851 victor

2124 1883 2720 1964 exstiterat,primum
2740 1878 3579 1964 miraturimperator,deinde
3602 1877 3779 1939 etiam

2120 1971 2426 2035 blanditiis
2448 1972 2814 2053 aggreditur,
2847 1973 3037 2034 virum
3068 1979 3292 2034 tantum
3321 1968 3603 2032 addicere
3654 1972 3781 2053 sat-

2121 2081 2330 2144 agens,
2365 2081 2475 2144 per
2521 2052 2702 2140 quem
2760 2062 2978 2124 multos
3032 2070 3192 2124 esset
3247 2058 3611 2122 devicturus.
3665 2052 3777 2118 Ubi

2121 2160 2323 2214 autem
2347 2151 2495 2213 vidit
2515 2152 2648 2232 ejus
2662 2150 2768 2214 abs
2790 2170 2857 2214 se
2885 2149 3284 2214 constantiam
3315 2147 3481 2210 nulla
3509 2145 3564 2208 vi
3598 2160 3778 2226 posse

2124 2241 2488 2323 expugnari;
2516 2260 2651 2304 nam
2678 2250 2737 2305 et
2761 2240 3056 2323 ejusmodi
3080 2238 3385 2322 quidpiam
3411 2236 3484 2299 ad
3499 2252 3638 2296 eum
3656 2232 3776 2323 ad-

2115 2322 2346 2414 jecerat
2380 2353 2394 2396 :
2448 2331 2685 2396 Oblitus
2714 2322 2801 2407 es,
2836 2350 2871 2394 o
2917 2331 3264 2413 imperator,
3304 2344 3436 2409 quae
3466 2343 3601 2391 cum
3653 2322 3776 2385 Deo

2123 2434 2294 2504 pacta
2316 2422 2533 2485 inieras
2567 2443 2582 2503 ;
2614 2441 2869 2506 quorum
2893 2428 3207 2502 sequester
3238 2434 3485 2498 magnus
3531 2414 3779 2477 antistes

2123 2511 2254 2585 fuit,
2289 2520 2437 2585 tum,
2493 2531 2628 2574 cum
2687 2523 2786 2574 tuo
2843 2511 3021 2593 capiti
3067 2507 3440 2591 imperialem
3492 2520 3776 2567 coronam

2125 2601 2444 2680 imposuit?
2469 2604 2657 2665 Parce
2687 2601 2903 2683 animae
2935 2609 3070 2677 tuae,
3105 2620 3174 2663 ac
3207 2605 3466 2681 priorem
3501 2605 3778 2656 ornatum

2117 2689 2407 2753 Ecclesia)
2461 2692 2755 2766 restitue;
2803 2690 3048 2773 nolique
3101 2708 3233 2752 cum
3269 2688 3417 2760 Deo,
3452 2683 3555 2763 qui
3593 2683 3779 2764 judex

2110 2779 2311 2858 jusius
2341 2798 2410 2841 ac
2443 2790 2655 2860 potens
2683 2780 2771 2843 esi
2815 2781 2870 2856 5,
2904 2779 3016 2842 etsi
3050 2797 3169 2841 non
3201 2774 3466 2857 quotidie
3496 2773 3644 2835 iram
3689 2773 3779 2834 iu-

2122 2869 2267 2948 ﬂigit
2301 2870 2464 2949 (quae
2508 2872 2638 2950 ejus
2671 2869 2953 2933 bonitatis
3004 2866 3368 2931 abundantia
3409 2862 3543 2940 est),
3580 2880 3777 2944 pugna

2126 2957 2385 3020 contend
2399 2976 2522 3022 ere.

2208 3045 2481 3111 XVJlmc
2506 3048 2609 3111 ille
2641 3049 2881 3131 quidem
2913 3051 2997 3113 sic
3011 3048 3165 3130 apud
3182 3066 3318 3110 eum
3344 3045 3531 3108 libere
3548 3044 3782 3106 locutus

2132 3147 2261 3201 est:
2296 3138 2624 3219 imperator
2646 3152 2848 3202 autem
2886 3139 3146 3204 lenitatis
3172 3144 3456 3221 praetextu
3478 3135 3695 3207 soluto,
3721 3132 3783 3193 in

383 3226 515 3302 πρὸς
549 3224 713 3305 ὀργὴν
755 3224 976 3304 ἒξήγετο
1017 3229 1103 3282 καὶ
1136 3227 1352 3301 μανίανο
1415 3230 1502 3284 καὶ
1563 3228 1613 3283 εἴ
1674 3250 1751 3291 τις
1795 3226 2042 3305 Θεοδώρῳ

2136 3228 2281 3289 iram
2332 3228 2721 3309 furoremque
2770 3231 2988 3312 erupit,
3021 3249 3090 3292 ac
3146 3235 3336 3308 rogat,
3368 3244 3512 3287 num
3570 3221 3784 3324 aliquis

380 3315 690 3395 σύμψυχος,
757 3315 793 3384 ἢ
864 3312 1117 3389 ὀμόδοξυς
1186 3316 1286 3377 τὴν
1372 3315 1665 3390 εὐσέϐειαν,
1763 3317 2046 3397 ἀνηρεύνα.

388 3401 542 3462 Ἐπεὶ
591 3407 679 3461 οὖν
712 3409 854 3478 αὗτῷ
899 3403 1033 3472 δῆλα
1063 3408 1150 3462 καὶ
1198 3406 1262 3461 τὰ
1314 3407 1438 3484 περί
1487 3407 1787 3486 Θεοφάνους
1821 3410 2053 3478 γατὲστη

389 3503 482 3552 τοῦ
535 3491 788 3575 ἀδελφοῦ,
820 3495 907 3551 καὶ
958 3495 1040 3551 ὅτι
1096 3491 1266 3571 μηδέν
1323 3496 1487 3562 ἧττον
1534 3501 1634 3560 τῆς
1681 3498 1886 3576 φύσεως
1942 3499 2055 3558 δια-

392 3584 577 3655 σώζων
616 3582 726 3640 ἐστὶ
783 3584 883 3640 κᾶν
939 3598 1058 3650 τοῖς
1114 3582 1343 3662 δόγμασι
1383 3585 1444 3641 τὸ
1498 3587 1749 3663 συγγενὲς
1792 3589 1879 3644 καὶ
1926 3591 2057 3646 αὖτ-

393 3671 644 3753 άδελφον,
721 3671 967 3748 μάστιξὶν
1064 3673 1396 3753 ἀμφοτέρους
1487 3672 1720 3739 κολάσας
1794 3692 2050 3758 συχναῖς,

393 3763 521 3819 εἶτα
581 3764 669 3820 καὶ
717 3764 995 3843 ὑπερορίαν
1067 3765 1236 3820 αὐτῶν
1295 3763 1350 3819 έν
1391 3770 1468 3838 τῷ
1526 3770 1618 3819 τοῦ
1681 3765 1885 3823 Πόντου
1920 3768 2050 3824 στό-

383 3873 513 3929 ματι
588 3854 891 3930 κατακρίνει
963 3851 1218 3917 κελεύσας
1304 3853 1383 3928 μὴ
1452 3854 1661 3930 βρωτου
1742 3875 1909 3927 τινος,
1972 3858 2050 3929 μὴ

382 3948 578 4021 ποτοῦ,
639 3942 718 4017 μὴ
778 3940 1090 4018 ἐνδύματος,
1152 3938 1356 4016 μηδένα
1412 3948 1519 3998 τῶν
1577 3943 1800 4002 πάντων
1862 3946 2047 4010 αὐτοῖς

381 4045 688 4108 κοινωνεῖν,
765 4032 861 4088 ἶνα
932 4034 1111 4112 κακοὶ,
1168 4033 1348 4112 φησὶν,
1412 4031 1550 4089 οὕτω
1619 4039 1800 4098 κακῶς
1869 4034 2047 4106 ἐκτρι-

380 4118 553 4180 δεῖεν.

468 4209 594 4285 ις’.
660 4209 828 4269 Ἀλλὰ
886 4212 978 4269 τὸν
1027 4211 1279 4289 τύραννον
1332 4211 1432 4287 μὲν
1490 4210 1525 4280 ἤ
1581 4212 1739 4269 κακία
1802 4214 2050 4290 πράττειν

2137 3317 2408 3398 ejusdem
2461 3337 2593 3381 cum
2650 3310 3215 3392 Tbeodo‘ro’adimi,
3265 3315 3677 3399 ejusdemque,
3709 3310 3785 3374 ad

2140 3408 2316 3469 [idem
2347 3409 2504 3489 quod
2552 3410 2783 3492 attinet,
2812 3430 2943 3473 cum
2979 3430 3048 3474 eo
3079 3407 3441 3473 sententiae?
3469 3405 3785 3484 Postquam

2139 3516 2276 3559 vero
2321 3498 2612 3562 intellexit
2642 3501 2718 3563 de
2764 3502 2896 3582 ejus
2947 3500 3125 3563 etiam
3180 3500 3358 3563 fratre
3387 3494 3779 3576 TheOphaue,

2140 3588 2422 3669 quodque
2469 3589 2520 3651 is
2571 3608 2689 3651 non
2738 3593 2936 3653 minus
2981 3609 3156 3674 quam
3216 3596 3450 3668 natura,
3495 3583 3785 3664 dogmatis

2139 3697 2376 3758 quoque
2407 3679 2625 3740 obnixe
2655 3680 2848 3743 affinis
2881 3698 3323 3762 germanusque
3352 3675 3640 3748 consistit,
3661 3691 3783 3734 am-

2137 3765 2246 3827 bos
2275 3766 2377 3829 diu
2416 3768 2619 3847 ﬂagris
2649 3788 2862 3845 caesos,
2896 3770 2966 3831 ad
3010 3769 3177 3831 Ponti
3209 3761 3364 3830 Ostia
3393 3764 3598 3827 exsilio
3622 3761 3785 3824 rele-

2133 3854 2358 3935 gandos
2385 3857 2685 3933 decernit,
2705 3859 2998 3939 jubelque
3024 3859 3325 3920 neminem
3360 3854 3558 3917 cibum
3591 3850 3779 3913 ullum

2130 3952 2229 4006 aut
2259 3953 2484 4025 potum,
2518 3956 2616 4008 aut
2667 3946 3091 4009 vestimentum
3128 3946 3245 4008 illis
3292 3942 3583 4026 impertiri
3616 3960 3629 4004 :
3665 3957 3784 4022 quo

2132 4034 2221 4097 sic
2253 4034 2387 4095 mali
2414 4036 2567 4097 male
2600 4044 2968 4113 exterantur,
2999 4036 3213 4117 inquit.

2214 4211 2366 4277 XVI.
2417 4210 2638 4276 Verum
2688 4223 2999 4296 tyrannum
3050 4213 3293 4294 quidem
3347 4213 3461 4274 hoc
3494 4229 3558 4274 se
3605 4208 3782 4272 modo

390 4300 559 4365 οὕτως
631 4298 920 4359 ἐδίδασκεν
995 4299 1145 4358 οὐδὲν
1199 4302 1299 4379 γὰρ
1358 4302 1545 4374 κακὸν,
1593 4300 1652 4359 οὔ
1703 4303 1780 4378 μὴ
1839 4303 2042 4370 ἀνθέξε-

2137 4321 2348 4384 gerere
2366 4303 2616 4366 docebat
2637 4303 3009 4386 improbitas;
3036 4303 3187 4366 nihil
3218 4302 3376 4364 enim
3400 4299 3645 4363 sceleris
3666 4304 3779 4386 est,

378 4412 470 4447 ται
521 4388 725 4454 ἄδικος.
786 4389 933 4449 Ἐπεὶ
963 4389 1017 4448 δὲ
1062 4390 1142 4466 μὴ
1187 4390 1271 4447 ἐπὶ
1315 4388 1449 4447 πολὺ
1500 4390 1601 4452 τὴν
1660 4391 1827 4471 δργὴν
1884 4394 1912 4449 ὁ
1971 4391 2042 4450 δί-

2138 4394 2293 4473 quod
2347 4412 2462 4454 nou
2517 4385 2816 4474 propense
2863 4393 2951 4455 vir
3000 4394 3254 4474 injustus
3299 4390 3564 4469 arripiat.
3611 4385 3782 4461 Quod

380 4502 513 4537 καια
571 4480 761 4557 κρίνων
806 4482 937 4547 Θεὸς
979 4478 1327 4555 ἀνεϐάλλετο,
1389 4481 1449 4535 οὗ
1494 4480 1630 4537 πολὺ
1674 4502 1735 4538 το
1779 4480 1833 4537 ὲν
1877 4482 2042 4558 μέσῳ,

2140 4491 2334 4545 tamen
2384 4483 2436 4546 is
2478 4483 2578 4564 qui
2620 4484 2781 4563 justa
2822 4482 3078 4565 judicat,
3113 4482 3270 4544 Deus
3312 4500 3431 4542 non
3479 4479 3580 4541 diu
3632 4477 3783 4540 iram

379 4571 471 4627 καὶ
530 4570 559 4625 ὀ
624 4572 810 4650 θηρσὶν
882 4569 1041 4633 αὗτος
1111 4569 1375 4645 ὀνόματός
1448 4590 1507 4625 τε
1580 4571 1667 4627 καὶ
1739 4572 2042 4651 πράγματος

2137 4572 2396 4648 differat,
2453 4593 2570 4635 non
2612 4574 2863 4635 multum
2917 4573 3202 4654 temporis
3248 4568 3609 4645 intercessit,
3642 4585 3777 4630 cum

380 4660 680 4734 κοινωνῶν,
712 4658 1067 4737 συγκαταλύει
1098 4664 1167 4735 τῇ
1223 4657 1486 4736 τυραννίδι
1545 4659 1635 4715 τὸν
1690 4662 1828 4737 βίον.
1865 4662 2042 4719 Ἀναι-

2138 4663 2269 4737 iste,
2303 4663 2399 4723 cui
2444 4672 2504 4726 et
2553 4682 2775 4724 nomen
2803 4682 2937 4724 cum
2973 4639 3180 4725 be‘stiis
3222 4678 3540 4723 commune
3571 4665 3627 4720 et
3658 4658 3788 4739 ipsa

381 4762 554 4829 ρεϊτσι
581 4750 682 4827 γὰρ
735 4751 839 4809 ὒπὸ
871 4747 1122 4829 Μιχαὴλ,
1158 4751 1205 4822 ᾧ
1264 4745 1499 4826 Τραυλὸς
1532 4750 1567 4816 ἡ
1622 4748 1916 4825 ἐπωνυμία,
1950 4775 2042 4808 κα·

2137 4752 2348 4830 agendi
2398 4751 2571 4832 ratio,
2605 4770 2723 4816 una
2752 4771 2885 4814 cum
2929 4751 3240 4833 tyrannide
3291 4751 3464 4811 vitam
3517 4749 3669 4810 (init.
3704 4747 3787 4810 De

379 4844 519 4914 κὼς,
579 4840 727 4918 φασὶ,
778 4837 840 4894 τὰ
897 4841 1063 4896 κακὸν
1137 4835 1443 4912 ἐξιώμενον.
1506 4835 1710 4916 ’Πμέρα
1781 4837 1832 4895 δὲ
1891 4840 1954 4908 ἧν
2020 4843 2042 4896 ἱ

2141 4841 2334 4903 medio
2359 4842 2518 4903 enim
2542 4861 2576 4904 a
2602 4842 2887 4904 Michaele
2910 4841 3087 4904 Balbo
3112 4841 3399 4903 sublatus:
3433 4838 3580 4900 Male
3606 4837 3780 4911 malo,

379 4934 491 4984 τῶν
548 4936 643 4984 τοῦ
700 4935 931 4999 Χριστοῦ
1000 4925 1308 5004 γενεθλίων,
1368 4926 1456 4981 καὶ
1524 4927 1668 5001 αἷμα
1711 4930 1899 4989 τούτου
1962 4952 2042 4987 κε-

2141 4931 2327 5005 aiunt,
2358 4930 2706 4996 adhibitum.
2758 4932 3115 4994 remedium.
3153 4928 3368 4992 Christi
3400 4929 3530 4989 dies
3567 4925 3790 4989 Natalis

383 5025 589 5075 νοῦται·
650 5020 755 5097 οὺχ
791 5020 866 5079 ὡς
918 5015 981 5084 δή
1042 5038 1184 5082 τινος
1246 5015 1352 5072 τῶν
1403 5016 1607 5082 νηπίων
1631 5023 1707 5090 τῷ
1736 5018 1866 5096 ὑπὲρ
1897 5019 2042 5090 ἡμῶι

2140 5029 2290 5095 erat,
2318 5023 2571 5102 ejusque
2601 5022 2842 5101 sanguis
2873 5021 3199 5083 ellunditur
3228 5045 3242 5092 ;
3295 5036 3411 5080 non
3446 5024 3508 5078 ut
3535 5016 3788 5097 alicujus

383 5107 627 5187 τεχθέντι
699 5110 914 5182 Χριστῷ
982 5107 1411 5185 προσαγόμενον,
1471 5103 1593 5162 ἀλλ’
1663 5109 1737 5171 ὡς
1815 5107 2042 5186 Ἥρώδοι

2138 5127 2204 5171 ex
2240 5110 2721 5191 iufautibus,_qui
2750 5110 2873 5174 Deo
2920 5129 3026 5192 pro
3056 5109 3231 5172 nobis
3262 5117 3401 5171 nato
3446 5106 3786 5181 offerretur,

382 5195 612 5272 μᾶλλον,
670 5197 744 5261 είς
806 5194 1023 5254 πολλῶν
1086 5198 1249 5275 ἁγίων
1295 5199 1488 5275 ψυχῶν
1547 5193 1747 5252 ἔκτισιν
1795 5203 1900 5255 τῶν
1960 5199 2042 5255 ὑπ’

2138 5200 2241 5261 sed
2295 5200 2490 5279 potius
2540 5210 2604 5262 ut
2655 5199 2932 5277 Herodis,
2963 5199 3035 5262 ad
3066 5198 3401 5261 'multarum
3447 5204 3789 5257 sanctarum

383 5286 591 5342 ἐκείνου
684 5286 1137 5363 τυραννουμένων.
1202 5287 1378 5349 Τόπος
1450 5281 1503 5339 δὲ
1588 5283 1907 5368 ὑποδέχεται
1992 5296 2042 5352 τὲ

2137 5289 2492 5360 animarum,
2521 5308 2669 5371 quas
2698 5290 2797 5352 ille
2833 5308 2938 5369 per
2970 5288 3087 5350 vim
3135 5285 3534 5369 opprimebat,
3570 5284 3788 5347 eluen-

381 5377 568 5453 εναγὲς
601 5378 782 5456 ἅγιος·
834 5380 945 5457 καὶ,
978 5377 1023 5435 ὢ
1073 5385 1181 5434 τῶν
1212 5385 1302 5436 τοῦ
1351 5375 1481 5432 Θεοῦ
1525 5377 1677 5433 Θείων
1733 5377 2042 5458 χριμάτωνὲ

2136 5379 2269 5440 dam
2309 5397 2562 5459 prunam.
2600 5382 2976 5460 Suscipitque
3004 5379 3169 5442 locus
3198 5385 3439 5440 sanctus
3463 5373 3785 5454 piaculum,

380 5467 510 5525 αὖτό
568 5489 710 5545 φημι
767 5469 828 5524 τὸ
883 5469 1283 5546 θυσιαστήριον,
1342 5466 1400 5522 οὗ
1446 5488 1503 5522 τε
1562 5468 1720 5531 αὐτὸς
1777 5470 2042 5545 κατεψεύ-

2136 5477 2195 5531 et
2224 5470 2281 5549 (ο
2313 5468 2756 5549 divinajudicia
2802 5470 2838 5545 ε)
2886 5471 3035 5546 ipsa.
3069 5470 3336 5549 inquam,
3366 5482 3493 5540 ara,
3519 5464 3579 5526 in
3612 5482 3787 5543 quam

381 5579 536 5631 σατο,
585 5557 679 5618 τὰς
727 5559 989 5627 συνθήκας
1028 5554 1221 5638 διδοὺς,
1256 5554 1428 5633 μηδὲν
1493 5561 1591 5613 τῶν
1623 5557 1776 5639 ἱερῶν
1838 5557 2042 5639 δογμά-

2134 5558 2236 5625 ille
2286 5560 2565 5622 mentitus
2615 5574 2763 5637 erat,
2801 5559 3100 5643 pollicitus
3155 5556 3303 5620 nihil
3352 5573 3417 5623 se
3466 5571 3537 5615 ex
3598 5550 3786 5619 sacris

464 5717 500 5771 5
534 5714 697 5787 Psal.
730 5731 837 5795 vn,
872 5715 972 5783 t2.
