4148 6408
323 482 578 554 κοινωνίᾳ
608 528 626 559 ,

326 575 660 647 Χριστιανῶν
765 569 939 625 πίστιν
1050 569 1139 625 καὶ
1265 567 1554 646 ὁμολογίαν

325 684 460 736 των,
546 658 644 714 κᾶν
730 658 854 721 τοὺς
940 657 1244 738 ὀφθαλμοὺς
1329 658 1612 733 ἐκκόψαιεν
1639 706 1650 732 ,

329 754 489 824 σῶμα
544 748 799 804 καύσαιεν
877 754 954 822 τῷ
1014 749 1158 826 πυρὶ,
1216 746 1484 825 λεγόντων
1520 766 1534 783 ·
1596 750 1624 803 ὁ
1683 754 1774 803 τοῦ
1846 754 1979 819 Χρι-

328 836 618 895 στοδούλου
701 835 882 915 πατήρ
959 835 1014 891 ἐν
1093 836 1318 916 χάριτος
1405 836 1563 915 μοίρᾳ
1645 838 1735 892 τὸν
1818 834 1980 913 λόγον

326 934 451 993 τοῦς
526 927 780 991 ἐναντίοις
863 926 1179 1001 ποιούμενος
1213 973 1229 997 ,
1315 923 1623 1004 Ούδέποτε,
1681 927 1812 1002 πρὸς
1891 928 1982 982 τὸν

325 1016 572 1096 ἔπαρχον
642 1014 746 1093 ἔφη
782 1060 798 1088 ,
885 1014 1293 1093 προσεκύνησαν
1355 1021 1497 1072 οὗτοι
1576 1016 1752 1072 εἰκόνα
1785 1030 1799 1045 ⁸
1886 1014 1981 1071 καῖ

330 1108 450 1164 τίνα
506 1104 761 1167 παθόντες
831 1102 1147 1171 ἐληλύθασιν
1203 1102 1305 1159 ὧδε
1340 1151 1357 1179 ,
1446 1106 1539 1162 οὐκ
1617 1102 1762 1165 οἴδα.
1844 1104 1982 1183 Πρὸς

711 479 747 548 ἢ
825 478 924 536 κᾶν
1027 486 1152 557 γοῦν

1677 567 1974 635 ἀθετησᾶν-

1737 656 1834 713 κᾶν
1917 659 1979 713 τὸ

332 1197 399 1251 ὒν
488 1195 729 1273 αὖτηρῶς
817 1192 924 1272 ἐγὼ
959 1241 975 1274 ,
1061 1192 1304 1250 Ἀπόστα
1335 1238 1352 1269 ,
1426 1192 1560 1274 ἔφην
1591 1240 1609 1269 ,
1695 1193 1930 1250 ἐντεῦθεν
1964 1212 1978 1227 ·

339 1285 433 1341 οὔκ
511 1282 664 1348 οἶδας
746 1282 797 1338 τί
879 1281 1076 1361 λέγεις,
1163 1280 1291 1339 πύδὲ
1377 1284 1495 1362 περὶ
1575 1284 1729 1339 τίνων
1814 1280 1981 1339 διαϐε-

331 1371 576 1431 ϐαιοῦσαι
587 1420 598 1432 .

418 1460 549 1525 ΚΘ’,
608 1459 667 1520 Ὀ
726 1459 782 1518 δὲ
846 1462 1085 1542 ἔπαρχος
1156 1465 1300 1529 αὖθις
1358 1462 1610 1527 θωπείαις
1669 1461 1974 1543 χρώμενος,

330 1552 496 1633 Μίαν,
569 1552 717 1625 εἶπε,
776 1551 900 1627 μίαν
959 1555 1121 1627 μόνον
1180 1554 1542 1624 κοινωνήσατε
1570 1598 1587 1629 ,
1656 1554 1745 1609 καὶ
1803 1551 1980 1631 ἕτερον

330 1643 430 1699 οὐκ
514 1639 844 1715 ἃπαιτοῦμεν
880 1657 894 1670 ⁸
984 1641 1072 1696 καὶ
1155 1640 1385 1721 ἔρχομαι
1472 1643 1557 1699 καὶ
1653 1642 1765 1720 ἐγὼ
1867 1639 1981 1715 μεθ’

1480 334 1670 408 VITA
1715 340 1776 405 S.
1822 340 2213 419 THEODORI
2253 336 2562 405 GRAPTI.

1254 484 1323 555 τῇ
1407 478 1786 555 συγκαταθέσει
1868 482 1976 533 τῶν

2073 477 2244 539 nione
2269 494 2590 558 nunquam
2615 476 2993 557 polluamur,
3025 480 3180 543 eisve
3236 481 3570 562 quidquam
3600 502 3707 547 as-

3591 344 3709 415 678

2060 569 2420 642 sentiamur,
2454 569 2561 646 qui
2598 568 3005 630 Christianam
3064 568 3248 648 ﬁdem
3280 589 3353 632 ac
3378 576 3709 650 confessio-

2064 673 2203 717 nem
2234 657 2480 718 irritam
2511 658 2807 737 fecerunt,
2844 657 2933 719 vel
2993 660 3049 720 si
3104 657 3179 720 ab
3232 663 3320 722 eis
3350 663 3516 723 nobis
3547 666 3712 724 oculi

2064 746 2324 807 eruendi
2352 747 2599 818 sint,vel
2627 752 2681 808 si
2710 765 2928 826 corpus
2956 749 3089 827 igni
3114 750 3495 813 (inurendum
3530 772 3550 812 :
3584 759 3710 815 tum

2061 843 2233 912 pater
2266 834 2669 909 Christoduli,
2704 835 2863 898 velut
2918 837 3048 915 ipse
3104 855 3139 897 a
3204 839 3381 901 nobis
3437 844 3709 921 gratiam

2065 924 2375 985 initurus:
2437 922 2773 1015 Nunquam
2830 924 2916 1001 hi,
2968 927 3172 1006 inquit
3220 929 3304 987 ad
3330 932 3707 1015 praefectum,

2064 1015 2399 1094 imaginem
2433 1013 2850 1076 adoraverunt
2876 1034 2897 1091 ;
2927 1032 3037 1078 nec
3083 1017 3225 1077 novi
3257 1018 3408 1097 quid
3438 1018 3569 1081 illis
3598 1013 3705 1083 ac;

2063 1103 2304 1178 ciderit,
2343 1110 2410 1165 ut
2441 1104 2557 1165 huc
2602 1111 2902 1166 venirent.
2953 1106 3055 1165 Ad
3109 1123 3285 1184 quem
3342 1125 3453 1185 ego
3497 1125 3708 1172 severa

2064 1194 2532 1272 increpatione:
2593 1193 2877 1268 Abscede,
2939 1194 3220 1274 inquam,
3273 1195 3462 1274 hinc;
3514 1202 3708 1261 nescis

2063 1283 2211 1361 quid
2238 1282 2426 1357 dicas,
2463 1300 2572 1344 nec
2601 1282 2675 1345 de
2704 1282 2925 1362 quibus
2956 1282 3245 1361 afﬁrmes.

2144 1460 2359 1523 XXIX.
2376 1461 2452 1523 At
2470 1461 2792 1541 prtsfectus
2811 1479 3025 1525 rursus
3045 1462 3356 1526 blanditiis
3372 1470 3572 1527 utens:
3594 1466 3711 1530 Se-

2065 1549 2203 1623 mel,
2241 1551 2463 1631 inquit,
2485 1550 2667 1612 semel
2686 1549 2884 1613 solum
2910 1555 3375 1627 communicate,
3399 1572 3509 1617 nec
3538 1555 3710 1618 aliud

2067 1640 2370 1718 exigimus
2393 1659 2414 1717 ;
2458 1649 2516 1701 et
2565 1657 2676 1721 ego
2699 1640 3011 1703 vobiscum
3042 1640 3139 1704 ibo
3180 1642 3246 1703 in
3268 1642 3577 1707 ecclesiam
3599 1666 3624 1717 ;
3649 1653 3705 1707 et

328 1731 483 1806 ὑμῶν
567 1730 639 1794 εἷς
724 1730 820 1798 τὴν
904 1728 1194 1797 ἐκκλησίαν
1223 1775 1240 1807 ,
1325 1733 1414 1788 καὶ
1497 1731 1777 1808 πορεύεσθε
1861 1729 1984 1787 ὅποι

2073 1727 2289 1790 deinde
2314 1729 2418 1805 ite,
2452 1746 2569 1807 quo
2610 1730 2781 1792 vobis
2806 1730 3128 1809 placuerit.
3168 1732 3297 1809 Ego
3318 1749 3461 1797 vero
3482 1735 3539 1796 ei
3568 1735 3716 1796 dixi

332 1818 488 1900 φίλον
586 1820 738 1895 sum.
853 1818 997 1898 Ἐγὼ
1101 1817 1156 1876 δὲ
1241 1822 1374 1900 πρὸς
1459 1820 1618 1877 αὐτὸν
1704 1816 3717 1902 γελάσας,Βδιιὺνέιιεηεεδίωίιθᾳαίίίάὶοἱιςβιιοηιὶηερνωίετιεβε

333 1907 578 1983 ’Ὄμοιόν
660 1930 711 1966 τι
795 1907 1013 1987 λέγεις,
1103 1909 1247 1990 κύριε
1333 1913 1361 1967 ὁ
1445 1909 1711 1991 ἔπαρχος,
1799 1910 1981 1984 εἶπον,

2073 1911 2123 1967 si
2137 1908 2277 1986 quis
2298 1909 2491 1969 alium
2513 1910 2949 1990 rogans,dical:
2977 1908 3152 1971 Nihil
3170 1911 3346 1973 aliud
3363 1920 3713 1992 peto,quam

334 1998 516 2078 ὥσπερ
586 1997 648 2054 ἄν
723 2020 802 2062 τις
858 1996 1034 2078 ἕτερον
1098 1998 1258 2065 ἀξιῶν
1322 1999 1519 2080 λέγοι,
1583 1998 1745 2057 Οὐδὲν
1802 2001 1985 2056 αἰτοῦ-

2073 2003 2137 2057 ιιι
2157 1996 2333 2058 sernel
2353 1999 2651 2059 cervicem
2674 1999 2785 2078 tibi
2833 1998 3191 2061 abscindam
3218 2017 3238 2074 ;
3258 2009 3316 2061 et
3338 2007 3481 2063 tunc
3501 2010 3713 2080 postea

334 2090 432 2164 μαί
489 2109 574 2167 σε,
633 2085 755 2144 ἀλλ’
813 2089 848 2156 ἢ
922 2090 1024 2156 τὴν
1095 2091 1198 2157 σὴν
1253 2088 1392 2155 ἅπαξ
1462 2092 1758 2166 ἀποτεμεῖν
1828 2111 1985 2169 κεφα-

2073 2085 2369 2164 vade,quo
2392 2085 2563 2149 velis.
2597 2086 2773 2149 Scias
2795 2105 2962 2168 ergo,
2999 2089 3108 2150 hoc
3141 2106 3376 2169 quoque
3398 2089 3565 2151 nobis
3595 2107 3721 2152 esse

333 2176 462 2251 λὴν,
521 2179 610 2234 καὶ
693 2180 753 2233 τὸ
835 2179 971 2253 μετὰ
1052 2181 1216 2235 ταῦτα
1302 2180 1527 2258 πορεύου
1580 2178 1713 2237 ὅπου
1792 2178 1984 2242 θέλεις.

2073 2175 2486 2256 pudori,quod
2498 2176 2723 2238 audeat
2742 2193 2852 2239 nos
2874 2178 3104 2256 aliquis
3119 2177 3435 2240 adhortari
3458 2180 3538 2239 ad
3559 2196 3719 2242 com-

335 2270 571 2325 Γίνωσκε
639 2267 835 2339 τοίνυν,
893 2269 969 2333 ὡς
1029 2271 1167 2345 ἡμῖν
1223 2272 1311 2325 καί
1387 2276 1543 2327 τοῦτο
1602 2268 1671 2324 δι’
1729 2270 1989 2348 αἰσχύνης

337 2355 476 2430 ἐστὶ,
537 2356 599 2412 τὸ
658 2354 864 2431 τολμᾷν
920 2380 1037 2414 τινα
1123 2356 1260 2423 ὅλως
1318 2358 1453 2436 πρὸς
1510 2358 1787 2415 κοινωνίαν
1843 2361 1986 2433 ἡμᾶς

341 2443 724 2524 προτρέπεσθαι
756 2491 773 2519 ,
859 2447 992 2525 πρὸς
1076 2444 1146 2513 ἢν
1228 2447 1386 2511 αὐτὸς
1470 2449 1565 2503 οὐκ
1647 2445 1757 2504 οἷδ’
1842 2446 1987 2509 ὅπως

340 2537 619 2613 παραινεῖς
702 2532 879 2592 ἐλθεῖν
914 2583 931 2615 ,
1018 2538 1106 2591 καὶ
1188 2535 1267 2609 μὴ
1352 2533 1617 2615 πόῤῥωθεν
1702 2539 1989 2593 πεπεῖσθαι

337 2624 432 2680 τὸν
512 2629 751 2682 τοιοῦτον
784 2671 803 2704 ,
884 2626 958 2690 ὡς
1037 2624 1163 2702 ῥᾷοι
1243 2625 1387 2700 αὒτῷ
1442 2631 1546 2704 γῆν
1611 2627 1699 2683 καὶ
1769 2626 1989 2698 οὐρανὸν

339 2711 543 2771 ἄνωθεν
596 2715 683 2771 καὶ
737 2714 973 2772 κάτωθεν
1030 2728 1211 2772 ποιεῖν
1238 2762 1255 2789 ,
1316 2714 1454 2793 ἥπερ
1531 2717 1675 2792 ἡμᾶς
1760 2738 1988 2793 μετατι-

336 2801 485 2861 θέναι
566 2807 667 2871 τῆς
756 2800 1048 2868 εὐσεϐείας.
1121 2804 1253 2862 Τότε
1321 2804 1587 2884 γραφῆναι
1658 2806 1752 2869 τὰς
1836 2806 1988 2881 ὄψεις

340 2892 499 2965 ἡμῶν
555 2889 789 2954 ἐκέλευε.
868 2894 966 2951 Καὶ
1020 2889 1085 2961 δὴ
1143 2890 1221 2949 ἔτι
1279 2893 1385 2950 τῶν
1440 2892 1501 2950 ἐκ
1553 2899 1659 2951 τῶν
1716 2894 1990 2972 μαστίγων

344 2978 572 3059 πληγῶν
644 2980 1084 3062 φλεγμαινουσῶν
1154 2981 1209 3040 ἐν
1280 2984 1419 3059 ἡμῖν
1452 3031 1466 3059 ,
1547 2983 1636 3040 καὶ
1693 2983 1991 3063 ἀφορήτους

2074 2269 2418 2325 munionem
2437 2265 2547 2343 (ad
2563 2282 2751 2346 quam
2772 2268 2979 2327 nescio
2994 2267 3289 2346 quomodo
3300 2267 3526 2330 suades
3536 2276 3604 2329 ut
3622 2286 3720 2331 ac-

2071 2356 2349 2416 cedamus
2346 2355 2521 2434 ),nec
2540 2355 2680 2417 olim
2701 2372 3063 2435 persuasum
3086 2358 3449 2437 habeat,qui
3465 2359 3721 2431 eiusmo-

2070 2444 2142 2506 di
2166 2456 2276 2524 est,
2304 2446 2642 2523 proclivius
2664 2444 2759 2507 illi
2793 2461 2917 2507 esse
2938 2452 3007 2507 ut
3027 2445 3240 2508 coelum
3276 2462 3346 2510 ac
3366 2454 3597 2509 terram
3617 2466 3721 2511 sus

2072 2534 2265 2614 deque
2285 2536 2558 2612 misceat,
2585 2552 2769 2615 quam
2817 2540 2887 2597 ut
2934 2551 3044 2597 nos
3094 2554 3131 2598 a
3167 2537 3389 2617 pietate
3407 2538 3713 2601 traducat.

2076 2621 2242 2685 Tunc
2253 2624 2442 2703 jussit
2460 2623 2714 2687 inscribi
2752 2632 2992 2689 nostros
3024 2624 3224 2688 vultus
3249 2643 3262 2685 :
3287 2643 3542 2706 cumque
3569 2626 3714 2690 adeo

2071 2725 2327 2798 accepta:
2347 2736 2421 2781 ex
2437 2718 2788 2781 verberibus
2810 2717 3152 2800 plaga,qua
3177 2720 3502 2801 turgebant
3525 2720 3724 2785 adhuc

2072 2827 2145 2874 ac
2168 2811 2736 2891 inﬂammabantur,
2761 2812 3121 2876 incredibili
3152 2831 3267 2876 nos
3287 2817 3496 2878 dolore
3517 2815 3719 2894 afﬁce-

2069 2905 2631 2979 rent,e:ctendentes
2650 2922 2831 2985 super
2852 2905 3349 2980 scamma,vultus
3370 2913 3607 2970 nostros
3626 2909 3721 2971 in-

2070 2996 2407 3069 sculpebant.
2444 2998 2580 3056 Cum
2627 3004 2798 3053 autem
2811 3013 2910 3070 per
2930 2998 3142 3071 longum
3161 3005 3361 3072 tempus
3378 3000 3560 3059 vultus
3578 3016 3718 3057 cons-

345 3075 606 3128 ποιουσῶν
689 3071 784 3136 τὰς
862 3069 1048 3137 ὀδύνας
1083 3121 1102 3154 ,
1172 3068 1523 3139 διατείναντες
1592 3070 1676 3130 ἐπὶ
1739 3072 1985 3148 σκάμνων

2073 3068 2393 3153 pungerent,
2422 3082 2551 3139 solis
2570 3096 2759 3139 occasu
2778 3068 3157 3155 ingruentibus
3179 3068 3431 3151 tenebris,
3454 3084 3539 3141 vel
3564 3084 3722 3144 inviti

342 3157 439 3223 τὰς
547 3155 696 3235 ἅψεις
805 3158 1127 3225 ἐκόλαπτον,
1238 3158 1356 3220 Ἐπὶ
1464 3160 1673 3231 πολλὴν
1755 3158 1809 3217 δὲ
1892 3160 1991 3228 τὴν

2070 3165 2339 3238 prohibiti
2373 3174 2498 3224 sunt
2528 3183 2590 3222 ne
2626 3168 2947 3240 scripturam
2974 3183 3184 3225 omnem
3215 3168 3560 3226 absolverent.

340 3246 485 3327 ὥραν
568 3248 952 3308 ἐκκεντούντων
1034 3252 1102 3309 τὰ
1183 3251 1467 3332 πρόσωπα,
1553 3253 1744 3317 σκότος
1827 3252 2040 3330 ἐγέτετο
2124 3247 2396 3314 δεδυκότος
2481 3248 2656 3315 ἣλίοδ·
2745 3251 2773 3305 ὃ
2857 3253 2943 3306 καὶ
3027 3251 3104 3326 μὴ
3186 3251 3543 3327 βουλομένων,
3617 3253 3717 3321 τὴν

337 3339 412 3403 εἰς
441 3335 596 3403 τέλος
626 3337 828 3420 ἐπέσχε
855 3342 1087 3422 γραφήν.

420 3426 510 3489 Λ’.
569 3426 866 3492 Μέλλοντες
943 3427 998 3487 δὲ
1085 3430 1275 3498 ἐξιέναι
1302 3481 1318 3514 ,
1379 3433 1512 3512 πρὸς
1596 3433 1688 3490 τὸν
1744 3430 1985 3511 ἔπαρχον

342 3520 430 3577 καὶ
503 3518 628 3582 τοὺς
687 3518 976 3598 παρόντας,
1050 3522 1128 3580 Τὰ
1195 3522 1486 3602 γράμματα
1562 3521 1748 3597 ταῦτα,
1823 3521 1986 3577 εἵπο-

340 3631 440 3686 μεν
472 3652 492 3683 ,
570 3609 628 3665 εὖ
688 3607 812 3665 ’ίστε
839 3656 860 3682 ,
932 3612 1234 3689 θεασάμενα
1288 3613 1354 3672 τὰ
1414 3610 1698 3691 Χερουϐὶμ,
1758 3613 1986 3691 ὑποχω-

338 3700 517 3779 ρήσει,
576 3698 667 3755 καὶ
725 3698 760 3767 ἡ
829 3698 1056 3778 φλογίνη
1125 3701 1360 3783 ῥομφαία
1386 3749 1403 3782 ,
1467 3702 1531 3757 τὰ
1590 3706 1732 3757 νῶτα
1800 3698 1984 3779 δοῦσα,

335 3793 440 3855 τῆς
497 3784 702 3845 εἰσόδου
775 3787 914 3863 ἡμῖν
1004 3795 1100 3846 τοῦ
1183 3787 1503 3870 παραδείσου
1572 3790 1986 3869 παραχωρήσει,

342 3874 624 3953 αἰδούμενα
680 3876 776 3940 τὰς
831 3878 988 3952 ἡμῶν
1060 3875 1213 3956 ὄψεις
1246 3926 1265 3956 ,
1325 3879 1420 3943 τὰς
1476 3877 1606 3956 ὑπὲρ
1662 3878 1756 3935 τοῦ
1810 3885 1990 3935 κοινοῦ

346 3965 620 4024 Δεσπότω
697 3964 903 4043 ἀτίμως
1000 3967 1170 4032 οὕτως
1262 3969 1708 4049 ἐγκαραχθείσας.
1793 3968 1988 4033 Μόνοις

340 4057 443 4136 γὰρ
482 4054 576 4113 ἀπ’
635 4055 827 4121 αἰῶνος
890 4057 1026 4133 ἡμῖν
1088 4058 1389 4138 πέπρακται
1435 4060 1614 4138 τοῦτο,
1674 4058 1764 4115 καὶ
1805 4058 1988 4115 καινὸν

341 4142 670 4222 ἐπιτήδευμα
753 4144 973 4225 εὕρηται
1008 4166 1025 4183 ’
1119 4147 1216 4205 καί
1288 4146 1692 4227 φιλανθρώπους
1771 4145 1989 4205 ἀπεδεί-

338 4235 463 4302 ξατε
519 4236 746 4315 πάντας,
805 4234 922 4293 ὅσοι
979 4238 1118 4295 κατὰ
1194 4244 1288 4297 τοῦ
1357 4239 1496 4296 θείου
1548 4240 1705 4314 ἡμῶν
1778 4238 1989 4314 ἐμάνη-

338 4347 437 4383 σαν
522 4323 810 4404 δόγματος.
912 4326 1005 4384 Ἐν
1094 4325 1150 4384 δὲ
1232 4334 1310 4403 τῷ
1412 4326 1683 4406 προσώπῳ
1764 4334 1991 4407 Χριστοῦ

340 4414 554 4480 πάντως
625 4412 983 4494 ἐπιγνώσεσθε
1014 4465 1032 4492 ,
1129 4418 1219 4475 καὶ

339 4502 777 4584 παραστήσονται
846 4507 996 4563 ταυτὶ
1084 4506 1151 4563 τά
1216 4510 1531 4589 γράμματα.
1621 4508 1787 4573 Αὐτὸς
1886 4506 1987 4585 γάρ

337 4594 582 4672 εἴρηκεν,
650 4612 680 4655 ς
751 4593 905 4653 ’Ὀσα
984 4594 1050 4652 ἄν
1126 4598 1418 4667 ἐποιήσατε
1481 4598 1555 4655 ἑνὶ
1622 4598 1825 4656 τούτων
1881 4598 1988 4655 τῶν

340 4683 669 4765 ἐλαχίστων,
711 4682 833 4761 ἐμοὶ
862 4683 1175 4756 ἐποιήσατε.
1208 4706 1240 4747 )

420 4774 556 4834 AA’.
641 4773 873 4839 Τούτους
981 4775 1106 4842 τοὺς
1214 4775 1408 4855 λόγους
1492 4777 1566 4840 ὡς
1650 4776 1878 4845 ἤκουσεν
1960 4779 1988 4833 ὃ

336 4863 587 4944 βασιλεὺς
682 4860 765 4920 διὰ
846 4873 941 4924 τοῦ
1029 4865 1273 4947 ἐπάρχου
1305 4912 1323 4942 ,
1413 4864 1551 4931 ἔδοξε
1639 4864 1815 4946 λέγειν
1886 4869 1988 4925 δπὸ

330 4960 434 5024 τῆς
517 4958 622 5011 τῶν
706 4952 981 5033 λογισμῶν
1064 4956 1368 5035 ἐναργείας,
1437 4957 1511 5018 ὡς
1565 4956 1750 5037 οἶμαι,
1811 4979 1985 5014 κατα-

335 5041 642 5124 ϐροντηθείς
678 5060 691 5075 ⁸
772 5044 830 5100 Εἰ
914 5042 1222 5121 ἐπιστάμην
1298 5043 1494 5113 ἀληθὲς
1572 5044 1717 5102 εἶναι
1801 5053 1983 5128 τοῦτο,

332 5134 495 5192 παντὶ
562 5138 642 5207 τῷ
723 5130 840 5206 λαῷ
924 5156 1028 5210 μου
1111 5132 1278 5198 οὕτως
1362 5134 1423 5193 ἃν
1507 5143 1670 5193 ταῦτα
1754 5134 1981 5214 ἔγραψα.

331 5226 533 5300 Ἦμεῐς
596 5220 695 5299 μὲν
762 5224 851 5279 οὖν
898 5229 1093 5297 ταῦτα,
1144 5222 1359 5283 πολλῶν
1422 5223 1591 5282 ὅντων
1641 5223 1738 5281 καὶ
1780 5223 1983 5302 ἄλλων,

332 5311 733 5390 ἐπιτομώτερον
843 5309 1222 5390 δεδηλώκαμεν
1255 5360 1272 5388 ,
1413 5318 1519 5370 τῶν
1632 5311 1983 5393 πραχθέντων

334 5400 569 5467 πολλοὺς
644 5399 866 5481 ἔχοντες
952 5402 1219 5481 μάρτυρας
1252 5417 1266 5432 °
1359 5401 1558 5467 οἵτινες
1594 5450 1609 5480 ,
1690 5399 1749 5457 εὖ
1829 5402 1980 5484 οἴδα,

333 5492 428 5549 καὶ
515 5490 717 5547 τούτων
797 5487 1015 5548 πλείονα
1101 5494 1192 5550 καὶ
1276 5490 1598 5573 σαφέστερον
1682 5489 1981 5571 διηγήσονυ

417 5650 476 5709 ιο
507 5648 711 5720 Matth.
739 5665 880 5737 xxv,
910 5651 1010 5721 40.

2152 3427 2329 3493 ΧΧΧ.
2377 3428 2711 3508 Egressuri
2757 3446 2905 3492 vero
2955 3430 3242 3493 discimus
3290 3430 3602 3511 prcefecto,
3661 3438 3722 3496 et

2072 3518 2170 3581 his
2199 3522 2303 3596 qui
2330 3518 2586 3581 aderant
2617 3538 2636 3579 :
2668 3517 2868 3581 Hasce
2902 3520 3166 3596 litteras,
3214 3518 3401 3595 probe
3429 3523 3719 3595 scitis,vi-

2072 3610 2281 3671 dentes
2309 3607 2646 3671 Cherubim
2678 3610 3005 3687 recedent;
3031 3610 3459 3689 ﬂammeusque
3477 3610 3719 3691 gladius

2077 3705 2247 3777 terga
2293 3697 2446 3759 dans
2492 3698 2784 3777 paradisi
2833 3697 3003 3760 nobis
3032 3701 3321 3763 concedet
3352 3704 3715 3777 ingressum,

2070 3792 2179 3866 qui
2206 3793 2449 3848 nostros
2476 3786 2680 3850 vultus
2709 3796 3080 3860 revereatur,
3114 3788 3207 3850 sic
3229 3790 3720 3871 propudiosepro

2071 3878 2377 3939 communi
2405 3874 2668 3938 Domino
2698 3888 3008 3940 exaratos.
3044 3878 3161 3941 Uni
3180 3880 3344 3941 enim
3374 3896 3605 3955 sumus,
3651 3882 3721 3943 in

2072 3982 2221 4047 quos
2250 3983 2289 4028 a
2314 3968 2542 4030 saeculo
2572 3967 2867 4046 ejusmodi
2897 3966 3089 4030 scelus
3111 3977 3427 4047 patratum
3454 3972 3554 4032 sit.
3588 3968 3719 4033 No-

2071 4073 2333 4135 vumque
2384 4056 2494 4119 hoc
2559 4055 2802 4120 subtilis
2854 4058 3173 4119 cruciandi
3202 4062 3366 4121 artis
3401 4061 3720 4123 inventum

2072 4152 2160 4208 est
2193 4162 2206 4205 :
2242 4162 2360 4226 quo
2400 4147 2529 4226 ipso
2560 4145 2884 4209 clementes
2908 4146 3271 4210 exhibuistis
3295 4155 3479 4227 atque
3506 4149 3721 4212 huma-

2071 4253 2204 4312 nos,
2241 4243 2529 4317 quotquot
2556 4236 2879 4299 adversum
2912 4237 3329 4300 Christianum
3360 4239 3580 4318 dogma
3610 4242 3718 4318 fu-

2072 4331 2189 4388 riis
2219 4328 2440 4389 invecti
2472 4332 2724 4407 tyranni
2767 4326 3113 4390 swvierunt.
3182 4326 3251 4389 In
3307 4329 3461 4406 facie
3516 4337 3720 4391 autem

1303 4419 1377 4483 εἷς
1467 4417 1762 4496 ἀνάγνωσιν
1863 4418 1985 4483 δμϊν

2076 4417 2312 4480 Christi
2338 4433 2587 4495 prorsus
2617 4422 2974 4497 agnoscetis,
2998 4417 3476 4498 prostabuntque
3504 4419 3597 4481 ha
3624 4417 3721 4482 lit-

2072 4515 2224 4568 terae
2254 4516 2319 4569 ut
2367 4526 2406 4566 a
2465 4506 2634 4569 vobis
2682 4505 2989 4586 legantur.
3054 4506 3183 4586 Ipse
3210 4524 3475 4588 namque
3504 4508 3716 4573 dixit:

2075 4620 2102 4653 e
2139 4595 2526 4677 Quacunque
2554 4598 2786 4675 fecistis
2813 4603 2926 4659 uni
2972 4615 3052 4659 exc
3104 4597 3199 4660 his
3242 4598 3537 4673 minimis,
3566 4599 3724 4662 mihi

2070 4687 2307 4764 fecistis
2340 4687 2419 4749 10.
2457 4710 2484 4741 ι

2112 4773 2287 4837 XXXI
2298 4775 2446 4839 .Hos
2456 4793 2765 4839 sermones
2782 4784 2847 4839 ut
2859 4794 2939 4839 ea;
2950 4776 3244 4858 prafecto
3254 4777 3451 4841 audiit
3462 4778 3724 4859 impera-

2072 4863 2357 4939 tor,istud
2366 4864 2678 4928 dicendum
2693 4871 3725 4949 putavit,rationum,puto,perspi-

2069 4955 2302 5017 cuitate
2322 4957 2642 5017 attonitus:
2672 4956 2739 5016 id
2760 4972 2866 5036 ego
2888 4957 2942 5017 si
2962 4972 3168 5017 verum
3190 4973 3320 5018 esse
3339 4961 3724 5039 scirem,eum

2069 5044 2137 5105 in
2154 5042 2397 5107 modum
2414 5062 2561 5107 meae
2580 5045 2776 5107 omnis
2790 5043 2985 5123 plebis
3001 5044 3273 5108 vultibus
3290 5045 3422 5108 hazc
3436 5046 3723 5111 inscribe-

2069 5133 2353 5197 rem.Nos
2364 5152 2669 5210 vero,cum
2682 5133 2810 5197 alia
2834 5152 3069 5215 quoque
3080 5136 3266 5215 plura
3286 5136 3564 5208 sint,haec
3585 5136 3724 5200 bre-

2068 5225 2203 5286 vius
2224 5224 2809 5303 declaravimus,qui
2822 5241 3035 5286 eorum
3059 5241 3190 5303 qua:
3206 5233 3377 5304 gesta
3395 5227 3722 5303 sunt,mulo

2067 5322 2158 5377 tos
2180 5321 2352 5376 testes
2371 5313 2721 5391 habeamus,
2756 5332 2906 5395 quos
2960 5315 3104 5376 bene
3122 5316 3247 5378 scio
3270 5316 3429 5378 hisce
3448 5315 3636 5396 plura
3665 5324 3723 5380 et

2066 5405 2339 5483 apertius
2352 5422 2476 5467 esse
2488 5403 3549 5485 narraturos,quiscilicetquwtunc
3559 5407 3724 5484 facta

2063 5491 2692 5574 dictaquesuntmobis
2704 5493 2917 5558 melius
2932 5493 3555 5575 observarunt.Neque
3566 5495 3727 5559 enim
