4148 6424
410 331 528 406 683
1721 331 2001 408 MENSIS
2038 329 2465 406 DECEMBER.
3663 325 3779 401 684

409 494 479 539 ac
501 475 766 558 plus,qui
790 478 920 559 ipse
940 487 1176 558 quoque
1217 463 1413 560 aliqua
1434 479 1665 541 ratione
1687 497 1821 540 cum
1850 478 2042 541 athle-

2143 480 2324 554 τρόπον
2380 477 2497 537 τινά
2544 478 2637 533 καί
2692 476 2852 540 αῦτδς
2883 472 3137 537 κοινωνὸς
3170 472 3314 530 εἶναι
3357 485 3475 539 τοῖς
3517 472 3781 540 ἀθληταῖς

408 566 485 626 tis
507 581 859 627 coronarum
884 566 1083 628 socius
1105 583 1236 628 esse
1255 567 1558 643 studebat,
1585 567 1745 630 beati
1777 568 1884 628 viri
1911 585 2046 629 cor-

2143 566 2480 642 Ξουλόμενος,
2548 567 2646 634 τὴν
2734 573 2825 622 τοῦ
2902 566 3164 641 μακαρίου
3253 563 3442 618 τούτου
3530 562 3781 636 σώματος

406 672 518 734 pus
533 654 793 733 Apamea
814 655 1253 717 Cbalcedonem
1279 655 1559 717 transfert
1586 677 1598 718 :
1626 657 1784 736 quod
1805 658 2044 736 quidem

2144 654 2500 731 μετακομιδὴν
2559 655 2619 712 ἐκ
2671 657 2766 720 τῆς
2817 652 3106 727 Ἀπαμέων
3167 653 3252 706 ἐπὶ
3311 652 3408 719 τὴν
3463 649 3782 717 Χαλκηδόνα

407 747 711 822 perpetuis
733 744 985 805 canticis
1009 744 1546 824 prosequebantur,
1570 756 1628 806 et
1661 746 1958 825 manibus,
1990 753 2045 806 ut

2141 757 2396 818 ποιεῖται,
2441 743 2626 818 ὕμνοις
2688 743 2741 808 ἓξ
2812 743 2989 818 ὕμνων
3049 743 3208 797 αὐτοῦ
3265 744 3779 817 παραπεμπομενου,

408 849 516 912 par
546 838 655 904 est,
693 831 1008 910 portabant
1040 832 1382 894 sacerdotes
1412 841 1469 893 et
1500 835 1796 896 monachi.
1832 833 1958 906 Quo
1987 835 2046 896 in

2143 835 2220 890 καὶ
2275 835 2460 912 χερσὶν
2507 832 2689 908 ἱερέων
2738 833 2827 890 καὶ
2877 836 3160 910 μοναχῶν,
3217 830 3290 889 ὣς
3319 828 3492 904 θέμις,
3529 828 3781 906 διακομι-

408 919 542 981 Ιοοο
565 937 698 980 cum
716 937 950 981 sacrum
966 920 1321 982 aediﬁcasset
1341 921 1925 998 monasterium,illic
1951 922 2046 984 (le-

2141 921 2378 997 ζομένου.
2427 922 2500 979 Οὗ
2543 920 2606 989 δὴ
2649 923 2738 978 καὶ
2796 923 2932 998 ἱερὸν
2974 918 3294 994 δειμάμενος
3352 921 3779 998 φροντιστήριον,

406 1008 572 1087 ponit
605 1007 946 1070 thesaurum
982 1026 996 1071 :
1033 1017 1091 1070 et
1123 1028 1281 1074 nunc
1314 1010 1594 1071 omnibus
1623 1011 2044 1074 accedentibus

2144 1012 2311 1068 ἐκεῖσε
2370 1015 2463 1066 τὸν
2517 1013 2782 1088 θησαυρὸν
2842 1010 3149 1066 ἀποτίθεται
3188 1026 3202 1040 ⁸
3249 1012 3347 1064 καὶ
3381 1015 3469 1064 νῦν
3512 1007 3622 1064 ἐστι
3653 1015 3782 1064 πᾶσι

402 1084 619 1158 animae
648 1096 836 1158 robur
867 1105 1102 1178 praestat
1131 1117 1199 1160 ac
1227 1099 1527 1180 corporis,
1559 1111 1741 1176 atque
1773 1104 1847 1162 ab
1880 1100 2040 1163 omni

2178 1114 2249 1164 ης
2294 1106 2572 1179 προσιοῦσι
2633 1084 2888 1180 παρέχων
2931 1098 3093 1175 ῥῶσιν
3141 1102 3354 1177 ψυχῆς,
3400 1098 3561 1175 ῥῶσιν
3593 1084 3816 1171 σώμα-’

405 1185 615 1246 morbo
659 1193 715 1246 et
750 1187 1033 1266 languore
1063 1186 1278 1249 liberat
1309 1207 1326 1263 ;
1358 1188 1430 1249 ad
1465 1187 1701 1250 laudem
1725 1187 1831 1250 Dei
1856 1189 2043 1252 Patris

2141 1212 2248 1267 τος,
2302 1191 2499 1252 παντὸς
2547 1191 2851 1265 νοσήματος
2912 1188 3000 1242 καὶ
3044 1187 3242 1251 πάθους
3300 1185 3647 1263 ἀπαλλαγὴν,
3708 1186 3779 1248 εἰς

404 1295 474 1339 ac
504 1275 748 1339 Domini
777 1277 963 1339 nostri
991 1276 1134 1339 Jesu
1159 1276 1404 1357 Christi,
1435 1296 1617 1354 nunc,
1652 1287 1709 1340 et
1734 1278 1796 1338 in
1829 1277 2042 1341 saecula

2141 1277 2286 1344 δόξαν
2318 1286 2449 1337 Θεοῦ
2477 1281 2574 1335 καί
2607 1279 2834 1357 [latr-‘36:,
2870 1277 2957 1332 καὶ
3016 1277 3203 1354 Κυρίου
3245 1275 3400 1350 ἡμῶν
3433 1273 3612 1341 Ἰἧσοῦ
3645 1281 3779 1351 Χρι·

406 1363 788 1428 saeculorum.
817 1365 1038 1426 Amen.

2137 1377 2262 1426 στοῦ
2291 1374 2381 1424 νῦν
2412 1371 2498 1424 καὶ
2528 1371 2602 1434 εἰς
2632 1369 2754 1432 τοὺς
2787 1369 2983 1429 αἰῶνας
3015 1371 3120 1422 τῶι
3155 1365 3380 1428 αἰώνων,
3417 1361 3615 1440 Ἀμήν.

402 1538 3721 1572 W

894 1712 1546 1801 ΥΠΟΜΝΗΜΑ
1614 1718 1788 1802 ΕΙΣ
1863 1718 2086 1804 TON
2181 1715 2518 1801 ΑΓΙΟΝ
2596 1711 3291 1800 ΑΠΟΣΤΟΛΟΝ

1696 1943 2513 2072 ΙΩΑΝΝΗΝ

1464 2185 1592 2236 TON
1641 2182 2153 2236 ΕΥΑΓΓΕΛΙΣΤΗΝ
2201 2187 2312 2236 ΚΑΙ
2360 2181 2739 2239 ΘΕΟΛΟΓΟΝ.

967 2453 1849 2543 COMMENTARIUS
1933 2455 2045 2540 IN
2119 2453 2471 2539 DIVUM
2544 2451 3213 2539 APOSTOLUM

1689 2662 2506 2794 JOANNEM

1458 2894 2040 2961 EVANGELISTAM
2098 2895 2194 2962 AG
2244 2889 2730 2960 TBEOLOGUM.

959 3057 1099 3128 (Dec.
1133 3057 1225 3115 27.
1258 3057 1430 3113 Graece
1459 3066 1508 3117 et
1540 3058 1715 3114 Latine
1741 3057 1805 3113 ad
1833 3056 2034 3115 calcem
2067 3055 2200 3130 Opp.
2233 3055 2524 3116 (Ecumenii
2551 3061 2678 3113 tom.
2719 3052 2788 3123 ll,
2817 3052 2989 3114 Paris.
3025 3055 3216 3127 1651.)

467 3320 516 3384 Ι.
553 3323 740 3394 Quam
775 3335 982 3398 parum
1015 3317 1168 3379 absit
1196 3318 1376 3379 homo
1438 3315 1510 3376 ab
1559 3314 1811 3398 angelis,
1843 3315 2032 3396 quod.
2057 3323 2094 3373 Β

2199 3319 2284 3376 Α’.
2338 3314 2470 3375 "Ott
2529 3317 2606 3392 μὴ
2662 3314 2799 3374 πολὺ
2856 3321 2964 3373 τῶν
3019 3315 3264 3394 ἀγγέλων
3322 3314 3626 3396 ἀφέστηκεν
3684 3310 3776 3368 ἄνθ

389 3428 509 3492 que
539 3411 651 3488 ipsi
687 3406 968 3486 possibile
1019 3407 1096 3468 sit
1125 3424 1243 3468 una
1273 3422 1406 3466 cum
1461 3403 1582 3466 illis
1614 3405 1859 3483 versari,
1888 3403 2027 3466 vici-

2133 3410 2356 3487 θρωπος,
2416 3406 2504 3462 καὶ
2547 3406 2630 3463 ὅτι
2688 3404 2906 3463 δυνατὸν
2966 3406 3107 3480 αὒτῷ
3165 3403 3284 3482 μετ’
3340 3404 3556 3462 ἐκείνων
3603 3403 3771 3492 εἶναι,

391 3491 648 3578 niusque
680 3496 982 3568 assistere,
1029 3497 1148 3556 imo
1210 3493 1386 3556 etiam
1422 3493 1610 3555 Deum
1644 3493 1864 3556 imitari
1899 3511 2029 3574 pos-

2137 3497 2211 3552 ιαί
2267 3497 2467 3554 τούτων
2511 3497 2669 3574 ἔγγὺς
2729 3495 2969 3575 ἱστάναι,
3013 3493 3221 3570 μᾶλλον
3282 3499 3379 3570 μὲν
3441 3494 3530 3550 οὖν
3561 3492 3643 3548 ὅτι
3687 3491 3775 3549 καὶ

394 3587 782 3664 sit,quodque
806 3584 992 3644 multo
1018 3584 1209 3663 majus
1231 3591 1343 3662 est,
1370 3582 1527 3644 ﬁlius
1552 3580 1710 3643 illius
1729 3583 1892 3662 juxta
1913 3599 2032 3661 gra-

2128 3587 2254 3643 Θεδν
2303 3586 2639 3662 μιμήσασθαι
2698 3584 2934 3665 δύναται,
2993 3585 3082 3641 καὶ
3129 3585 3191 3642 τό
3221 3605 3282 3664 γε
3313 3583 3500 3658 πολλῴ
3553 3589 3766 3662 μεῖζον,

393 3677 534 3738 tiam
555 3673 1005 3753 efﬁci,ostendit
1027 3691 1148 3750 prae
1165 3670 1444 3732 omnibus
1467 3688 1718 3747 magnus
1741 3671 1838 3732 hic
1856 3689 2031 3733 evan-

2132 3675 2229 3738 ›ἶὸς
2287 3673 2487 3733 ἐκείνου
2543 3675 2680 3732 κατά
2730 3675 2891 3754 χάριν
2944 3673 3212 3754 γενέσθαι,
3271 3672 3495 3734 δείκνυσι
3537 3670 3770 3748 μάλιστα

391 3765 602 3844 gelista
623 3771 681 3825 et
702 3761 1040 3842 apostolus:
1063 3769 1249 3822 matre
1263 3761 1502 3840 quidem
1532 3760 1775 3838 Virgine
1796 3760 2029 3841 ditatus,

2128 3765 2334 3822 πάντων
2378 3766 2406 3821 6
2465 3765 2633 3843 μέγας
2673 3765 2825 3828 οὗτος
2885 3763 3272 3844 εὑαγγελιστὴς
3312 3765 3404 3822 καὶ
3447 3759 3766 3834 ἀπόστολος,

391 3854 616 3932 dignus
637 3860 837 3913 autem
867 3851 1102 3912 habitus
1123 3850 1224 3926 qui
1252 3849 1473 3912 Christi
1495 3849 1679 3910 lrater
1710 3857 2029 3924 vocaretur,

2131 3854 2328 3934 μητέρα
2397 3854 2497 3929 μὲν
2550 3854 2650 3922 τὴν
2723 3855 2988 3933 Παρθένον
3046 3853 3376 3928 πλουτήσας,
3440 3850 3666 3930 ἀδελφὸς
3715 3847 3769 3905 δὲ

389 3941 631 4020 ipsique
691 3940 882 4001 factus
939 3939 1138 4000 socius
1199 3947 1258 4000 et
1309 3943 1606 4019 particeps
1657 3955 2027 3999 arcanorum.

2131 3949 2347 4022 Χριστοῦ
2388 3942 2654 4012 κληθῆναι
2716 3941 2977 4017 ἀξιωθεὶς,
3025 3945 3114 4000 καὶ
3163 3944 3417 4008 κοινωνὸς
3467 3943 3610 4016 αῦτῷ
3664 3945 3769 3997 τῶν

388 4029 612 4092 Verum
647 4029 837 4109 ipsam
859 4037 916 4088 et
939 4028 1138 4089 divina
1161 4027 1402 4089 oracula
1417 4045 1561 4089 voce
1596 4028 1850 4088 maxima
1882 4044 2026 4107 prte-

2130 4031 2432 4112 ὶποῤῥήτων
2490 4034 2804 4112 γενόμενος.
2867 4030 3034 4089 Ἀλλά
3092 4032 3198 4089 τῶν
3270 4033 3369 4107 μὲν
3425 4030 3548 4088 κατ’
3611 4031 3768 4089 αὑτὸν

387 4119 590 4180 dicant
612 4118 720 4180 Dei
747 4117 808 4178 in
827 4116 1026 4197 seipso
1075 4116 1370 4195 magnalia
1397 4137 1410 4178 :
1465 4124 1722 4178 attamen
1753 4117 1815 4176 id
1841 4116 2025 4176 mani-

2129 4128 2211 4179 τοῦ
2257 4124 2387 4179 Θεοῦ
2447 4121 2745 4201 μεγαλείων
2804 4122 2938 4179 αὑτά
2979 4121 3046 4178 τά
3103 4120 3596 4201 μεγαλοφωνότατα
3649 4123 3767 4176 θεῖα

385 4207 598 4271 festius
618 4225 816 4269 sermo
834 4205 1006 4267 nobis
1022 4224 1092 4267 ex
1103 4203 1486 4286 plicabiLHic
1507 4206 1668 4268 enim
1694 4203 1877 4267 Verbi
1896 4221 2023 4284 vox,

2129 4211 2276 4288 λόγια
2335 4211 2563 4290 κήρυκες
2598 4228 2613 4244 ·
2679 4209 2910 4278 δηλώσει
2970 4207 3026 4266 δὲ
3095 4209 3243 4285 ὅμῳς
3302 4209 3624 4291 σαφέστερον
3681 4209 3767 4265 καὶ

385 4296 543 4358 ﬁlius
557 4295 1174 4369 tonitrui,universum
1191 4293 1614 4374 praedicatione
1630 4293 2023 4374 comprehen-

2127 4299 2258 4376 ἡμῖν
2304 4302 2331 4356 6
2361 4297 2550 4377 λόγος.
2581 4298 2745 4363 Οὗτος
2795 4299 2897 4378 γάρ
2942 4301 2977 4368 ἡ
3036 4302 3132 4358 τοῦ
3187 4299 3361 4379 Λόγου
3403 4300 3580 4380 φωνὴ,
3613 4299 3640 4354 6
3670 4297 3765 4366 τῆς

384 4385 534 4447 dens
555 4385 761 4447 orbem
786 4406 798 4442 :
827 4393 886 4444 et
908 4384 1066 4463 quod
1092 4383 1356 4443 omnium
1386 4384 1577 4461 majus
1600 4383 2022 4463 est,solumqu£

2127 4389 2341 4466 Βροντῆς
2411 4391 2544 4468 υίὸς,
2584 4391 2612 4446 6
2665 4389 2765 4457 τὴν
2816 4388 3134 4465 οἰκουμένην
3191 4395 3269 4464 τῷ
3316 4390 3620 4468 κηρύγματι
3666 4393 3765 4445 πᾶ-

384 4475 446 4536 in
479 4494 545 4537 se
572 4474 901 4546 sufﬁciens,
921 4473 1178 4533 dilectos
1205 4471 1279 4532 ab
1309 4471 1440 4551 ipso
1471 4473 1706 4534 Christo
1741 4491 1896 4552 meo,
1924 4490 2022 4553 pa-

2126 4499 2213 4534 m
2268 4475 2595 4559 περιλαϐὼν,
2649 4480 2739 4535 καί
2797 4479 2826 4534 ὃ
2896 4478 3112 4536 πάντων
3172 4486 3381 4559 μεῖζον,
3444 4480 3531 4536 καί
3599 4477 3764 4554 μόνον

383 4562 561 4626 triam
586 4563 826 4656 quidem
853 4579 972 4621 non
999 4559 1935 4656 habuitcivitatemaliquam,sed
1960 4580 2021 4623 ex

2125 4567 2348 4656 ὶρκοῦν,
2390 4568 2444 4656 ὃν
2473 4574 2550 4642 τῷ
2587 4655 2591 4656 7
2634 4569 2752 4642 ὶμῷ
2832 4568 3186 4646 ἡγαπημένος
3249 4575 3482 4648 Χριστῷ,
3542 4565 3763 4656 πατρίδα

384 4651 488 4737 vili
519 4650 776 4729 quodam
825 4667 973 4729 pago
1027 4656 1084 4710 et
1132 4647 1364 4727 abjecta
1416 4651 1663 4730 regione
1693 4659 1866 4713 natus
1915 4660 2022 4716 est.

2122 4657 2212 4731 μὲν
2267 4654 2512 4734 οὐδεμίαν
2569 4655 2701 4737 ἔσχε
2760 4661 2866 4714 τῶν
2919 4657 3153 4735 πόλεων,
3205 4657 3268 4715 ἐκ
3315 4647 3505 4734 κώμης
3536 4653 3591 4712 δέ
3618 4677 3760 4717 τινος

382 4736 752 4801 Conﬁrmant
778 4737 936 4798 hunc
961 4755 1304 4798 sermonem
1328 4739 1562 4814 scribae,
1591 4739 1861 4802 dicentes
1890 4759 2020 4820 pro-

2119 4744 2353 4811 εὐτελοῦς
2415 4748 2506 4803 καὶ
2563 4736 2750 4827 χώρας
2824 4746 3009 4825 γέγονε
3075 4746 3424 4827 φαυλοτέρας.
3485 4741 3757 4798 Βεϐαιοῦσι

381 4827 624 4908 phelam
658 4844 731 4888 ex
761 4825 1005 4889 Galilaea
1063 4844 1183 4886 non
1211 4829 1547 4891 surrexisse
1583 4850 1597 4890 :
1631 4829 1944 4892 conﬁrmat
1971 4840 2019 4892 el

2122 4837 2202 4892 τὸν
2259 4833 2420 4913 λόγον
2469 4837 2517 4892 οἱ
2568 4825 2946 4914 ἠγραμματεῖς,
3001 4825 3285 4915 προφήτην
3338 4832 3399 4888 ἐκ
3448 4832 3546 4898 τῆς
3595 4828 3760 4886 Γαλι-

376 4915 483 4982 ille
511 4933 650 4977 vere
672 4915 1342 4991 Israelita,conlendens
1371 4918 1599 4980 nullum
1635 4919 1856 4980 bonum
1895 4937 2014 4981 esse

2122 4923 2264 4989 λαίας
2297 4924 2374 5000 μὴ
2417 4923 2702 5003 ἐγηγέρθαι
2772 4924 3045 5003 λέγοντες.
3101 4918 3438 4979 Ἐπιϐξϐαιοϊ
3488 4917 3545 4974 δὲ
3588 4920 3676 4976 καὶ
3733 4921 3760 4975 ὃ

376 5023 557 5086 posse
613 5023 648 5066 a
697 5004 985 5094 Nazareth
1019 5004 1066 5069 ί.
1111 5005 1197 5067 Ex
1232 5007 1343 5069 hac
1373 5007 1556 5087 igitur
1588 5009 1706 5084 hic,
1743 5016 1801 5070 et
1831 5027 1901 5070 ex
1935 5009 2007 5070 tal

2122 5012 2326 5080 ὶληθῶς
2412 5013 2775 5094 ’[σραηλίτης,
2844 5010 2982 5088 μηδέ
3051 5029 3099 5068 τι
3178 5009 3356 5087 ἕτερον
3413 5009 3474 5066 ἐκ
3525 5009 3760 5089 Ναζαρὲτ

380 5100 580 5156 tantus
615 5093 1108 5167 sacerdos,veluti
1143 5114 1344 5156 ramus
1377 5099 1618 5177 quidam
1653 5097 1978 5178 productus
2009 5117 2018 5159 :

2121 5102 2307 5181 ὶγαθὸν
2365 5093 2510 5162 εἶναι
2567 5101 2813 5160 δύνασθαι
2891 5101 3316 5176 διατεινόμενος.
3377 5099 3583 5168 Ταύτης
3640 5121 3759 5156 τοι-

375 5188 544 5272 patre
569 5200 808 5263 quoque
841 5183 1230 5244 conformiter
1261 5186 1330 5245 ad
1377 5187 1626 5266 patriam
1673 5184 1944 5263 abjectus
1975 5208 2006 5248 ιε

2121 5200 2306 5272 γαροῦν
2362 5193 2516 5257 οὗτος
2575 5193 2662 5248 καὶ
2719 5191 2968 5257 τοιαύτης
3024 5193 3052 5246 6
3123 5188 3438 5257 τηλικοῦτος
3495 5192 3633 5270 ἱερὸς
3689 5189 3759 5256 ὥς

375 5269 918 5362 obscurus,nempe
951 5273 1249 5352 piscatore
1272 5292 1340 5335 ac
1369 5278 1738 5356 paupere.Et
1768 5274 1867 5336 hic
1899 5275 2013 5356 qui-

2123 5269 2198 5347 ‘th
2251 5281 2444 5347 κλάδος
2488 5281 2792 5362 ἁναδοθείς,
2846 5282 2934 5338 καὶ
3004 5283 3203 5360 πατρὸς
3263 5283 3461 5358 ὁμοίως
3530 5281 3626 5362 ἔφυ
3692 5287 3761 5357 τῇ

371 5357 510 5420 dem
550 5361 836 5453 puerilem
873 5361 994 5440 jam
1026 5369 1254 5424 aetatem
1303 5381 1582 5443 egressus
1615 5373 1744 5426 erat
1778 5386 1789 5423 :
1848 5383 2009 5444 porrc

2119 5370 2317 5452 πατρίδι
2375 5371 2482 5428 τῶν
2526 5357 2895 5428 εύτελῶνααὶ
2954 5371 3202 5453 ἀσήμων,
3267 5371 3458 5439 ἁλιέως
3511 5372 3598 5427 καὶ
3655 5371 3757 5428 πέ-

367 5447 748 5540 paterﬁlium
769 5448 840 5510 ad
865 5450 1025 5540 idem
1055 5452 1353 5531 opiﬁcium
1382 5453 1658 5534 assumit,
1694 5455 2005 5534 piscatoria

2121 5447 2290 5529 θητος.
2341 5462 2439 5519 Καὶ
2483 5462 2510 5518 6
2572 5459 2669 5536 μὲν
2721 5459 2824 5530 ἤδη
2876 5461 2973 5530 τὴν
3039 5447 3134 5519 τοῦ
3168 5447 3353 5527 παιδὸς
3385 5461 3595 5530 ἡλικίαν
3627 5483 3759 5540 παρα

366 5537 513 5600 artis
531 5538 833 5602 haeredem
860 5538 1057 5621 ipsum
1079 5540 1370 5606 efﬁciens.
1404 5543 1570 5605 Artis
1598 5542 1800 5625 itaque
1823 5546 2004 5610 sociu:

2117 5548 2331 5627 ἤμειϐεν
2366 5564 2380 5582 ⁸
2444 5551 2473 5607 6
2516 5547 2570 5606 δὲ
2624 5550 2827 5633 πατὴρ,
2862 5551 2946 5611 ἐπὶ
3007 5552 3106 5620 τὴν
3151 5553 3316 5622 αὐτὴν
3365 5555 3611 5632 ἓργασίαν
3665 5537 3755 5611 τδν

445 5671 668 5736 ίιῐοαη.
703 5688 810 5747 vn,
846 5671 946 5735 52.
