4148 6398
414 322 532 392 687
1732 319 2013 383 MENSIS
2055 316 2306 381 DECEM
2313 310 2481 380 BER.
3670 318 3790 385 688

414 463 666 526 auderet
695 460 1090 540 interrogare,
1115 472 1452 538 quanquam
1477 454 1703 535 primas
1736 462 1965 519 teneret
1996 458 2052 517 in

2146 456 2363 535 ρρικτῆν
2406 455 2613 523 ἐκείνην
2675 454 2959 534 προδοσίαν
3016 452 3246 534 ὠδίνων,
3299 459 3394 515 οὐκ
3446 457 3601 519 uoti):
3655 456 3784 535 θαῤ-

417 552 603 615 choro
629 546 1436 631 discipulorum,Joannihoc
1461 543 1799 620 committit;
1818 553 2055 607 noverat

2152 545 2225 602 δεῖ
2280 545 2374 613 τήν
2434 545 2717 623 ἐρώτησιν,
2781 545 2951 601 καίτοι
2997 552 3089 603 τοῦ
3150 551 3320 624 χοροῦ
3347 546 3631 622 πρωτεύων
3683 553 3790 603 τῶν

418 639 674 716 enim,id
698 638 857 720 quod
881 637 1147 701 Christus
1171 642 1296 697 erat
1315 632 1469 713 apud
1492 633 1710 712 ipsum,
1739 633 1852 695 hoc
1872 633 2056 696 Joan-

2151 636 2419 708 μαθητῶν,
2473 632 2595 690 ἀλλ’
2641 635 2860 711 Ἰωάννῃ
2906 636 3104 702 ταύτην
3148 635 3420 713 ἐπιτρέπει
3466 633 3632 705 ’ᾝδει
3689 636 3789 713 γὰρ

420 749 560 792 nem
591 746 722 792 esse
749 727 905 808 apud
943 722 1505 805 Christum,etquod
1526 722 1654 802 ipse
1685 722 1926 799 quidem
1959 723 2055 784 di-

2151 725 2215 786 ὼς
2276 722 2406 801 ὅπερ
2462 723 2526 791 ἧν
2615 725 2836 800 Τριστὸς
2894 722 3019 800 παρ’
3098 723 3265 798 αὐτῷ,
3324 726 3478 779 τοῦτο
3539 725 3789 791 Ἰωάννης

418 819 650 899 ligeret,
682 816 785 878 ille
814 823 1007 877 autem
1041 814 1294 876 dilectus
1325 819 1496 874 esset.
1540 808 1605 871 Et
1652 810 1785 873 vide
1842 822 2056 893 quanta

2150 810 2286 888 παρὰ
2342 817 2573 889 Χριστῷ,
2620 814 2709 868 καὶ
2747 810 2827 867 ὅτι
2891 811 3047 875 αὐτὸς
3102 812 3198 884 μὲν
3256 815 3283 868 ὁ
3341 810 3531 891 φιλῶν,
3584 813 3788 877 ἐκεῖνος

418 906 665 970 accedat
692 904 805 986 ipsi
824 903 1069 966 libertas
1091 900 1401 979 loquendi.
1421 902 1629 981 Neque
1654 900 1813 961 enim
1841 901 2056 980 vulgari

2149 898 2199 955 δὲ
2228 900 2292 968 ἦν
2337 902 2363 955 ὁ
2396 900 2747 978 φιλούμενος,
2796 902 2893 959 Καὶ
2947 900 3044 978 ὅρα
3078 906 3181 968 τῆς
3228 901 3521 980 παρρησίας
3570 904 3629 958 τὸ
3683 923 3787 959 πε-

421 995 599 1057 modo
628 995 969 1072 interrogat,
1007 1009 1198 1073 neque
1243 989 1500 1072 primum
1558 1006 1847 1050 excusans
1903 988 2059 1067 quod

2153 990 2255 1066 ριόν
2301 987 2431 1048 Οὒδὲ
2491 990 2589 1067 γάρ
2646 989 2829 1053 ἁπλῶς
2897 992 3089 1069 ἐρωτᾷ,
3139 990 3256 1047 οὒδέ
3314 1012 3375 1071 γε
3432 994 3791 1070 προθεραπεύ-

420 1092 583 1147 metu
613 1081 954 1158 accederet,
989 1080 1098 1143 sed
1154 1079 1354 1143 sciens
1383 1086 1601 1158 quanto
1632 1078 1825 1158 ipsum
1858 1097 2058 1139 amore

2153 1100 2241 1140 σας
2298 1078 2570 1155 ὑποστολῇ
2629 1080 2726 1146 τὴν
2771 1080 3134 1156 προσέλευαιν,
3196 1080 3334 1137 ἀλλὰ
3395 1082 3456 1138 τὸ
3485 1082 3601 1160 περὶ
3635 1082 3791 1138 αὐτὸν

420 1178 911 1255 prosequeretur,
970 1168 1206 1233 sedenti
1261 1169 1526 1231 adhaeret
1574 1168 1950 1249 praeceptori,
2010 1175 2058 1229 el

2154 1167 2361 1247 φίλτρον
2419 1167 2542 1225 ὅσον
2608 1168 2779 1243 εἰδὼς,
2854 1169 3085 1243 κειμένῳ
3140 1182 3452 1247 περιχεῖται
3511 1177 3589 1243 τῷ
3643 1168 3792 1227 διδα-

418 1264 482 1325 in
505 1262 684 1342 hujus
706 1268 914 1342 pectus
953 1258 1339 1332 recumbens,
1371 1257 1484 1319 ait:
1510 1257 1792 1331 Domine,
1827 1257 1961 1336 quis
1983 1270 2056 1319 esi

2156 1257 2354 1337 εκάλῳ,
2412 1259 2497 1314 καὶ
2554 1261 2629 1333 τῷ
2687 1259 2872 1315 τούτου
2917 1261 3097 1329 στήθει
3143 1260 3449 1339 ἀναπεσὼν,
3508 1261 3620 1340 Τίς,
3686 1261 3794 1319 Κύ-

422 1352 530 1434 qui
563 1351 752 1415 tradit
783 1355 839 1412 te
866 1348 944 1410 5?
972 1347 1080 1411 Ille
1111 1356 1308 1410 autem
1368 1346 1578 1409 libenti
1638 1346 1813 1408 etiam
1868 1346 2060 1407 animo

2156 1368 2250 1426 ριε,
2323 1349 2503 1426 φησὶν,
2565 1350 2592 1404 ὁ
2652 1346 2965 1427 παραδιδούς
3016 1371 3072 1405 σε
3108 1370 3125 1422 ;
3168 1342 3226 1407 Ὀ
3286 1348 3364 1429 δὲ,
3417 1351 3504 1406 καὶ
3551 1350 3794 1425 ἀσμένως

423 1439 639 1521 accipit
696 1438 854 1521 quod
909 1437 1012 1500 ille
1071 1437 1337 1513 fecerat,
1396 1444 1456 1499 et
1504 1434 1673 1516 quasi
1734 1446 2061 1517 opportune

2157 1438 2211 1492 τὸ
2270 1442 2489 1515 πρᾶγμα
2546 1435 2787 1517 δέχεται,
2847 1440 2933 1494 καί
2983 1440 3056 1503 ὣς
3112 1439 3363 1514 εὐκαίρως
3420 1438 3795 1518 παρρησιασά-

421 1530 604 1594 fuerit
634 1528 827 1593 libere
854 1526 1109 1602 locutus,
1161 1535 1388 1605 gratum
1448 1524 1645 1588 habet.
1680 1523 1767 1585 Ex
1799 1542 1870 1585 eo
1905 1523 2059 1585 enim

2159 1546 2313 1601 μενον
2369 1523 2716 1606 ἀποδέχεται.
2778 1529 2848 1584 Τὸ
2929 1529 3029 1607 γὰρ
3103 1530 3402 1605 παραυτίκα
3470 1528 3624 1585 λῦσαι
3700 1531 3797 1597 τὴν

422 1619 584 1702 quod
614 1619 886 1700 protinus
916 1614 1306 1696 qumstionem
1359 1613 1565 1690 solvat,
1599 1632 1668 1675 ac
1718 1631 1871 1693 pane
1901 1613 2060 1675 desi-

2159 1616 2434 1693 ἐρώτησιν,
2496 1617 2585 1672 καὶ
2641 1623 2717 1691 τῷ
2779 1616 2921 1694 ἄρτῳ
2987 1618 3079 1674 τόν
3120 1617 3384 1697 προδότην
3437 1618 3797 1694 ὑποσημήνα-

422 1716 565 1789 gnet
587 1705 1290 1790 proditorem,signiﬁcat
1319 1723 1382 1766 se
1415 1723 1535 1766 non
1566 1721 1720 1782 aegre
1752 1703 1911 1765 ferre
1936 1721 2060 1764 eam

2159 1708 2293 1780 σθαι,
2325 1706 2386 1760 τὸ
2417 1705 2495 1779 μὴ
2554 1704 2864 1780 μέμψασθαι
2907 1711 3007 1775 τὴν
3042 1706 3336 1786 παρρησίαν
3396 1705 3579 1776 δηλοῖ,
3632 1708 3797 1766 ’Ὠστε

425 1795 1005 1877 libertatem.Itaque
1029 1795 1169 1858 hinc
1191 1794 1366 1857 etiam
1393 1792 1769 1855 manifestum
1796 1801 1887 1855 est
1912 1792 2063 1874 quod

2160 1793 2310 1861 δῆλον
2361 1793 2619 1867 ἐντεῦθεν,
2681 1795 2761 1852 ὅτι
2819 1797 2907 1853 καὶ
2951 1797 3015 1865 ἢν
3076 1795 3247 1872 ᾔτησε
3306 1798 3533 1865 πλησίον
3589 1805 3798 1879 Χριστῷ

426 1887 769 1959 cathedram
806 1903 982 1967 quam
1044 1883 1312 1965 proxime
1371 1882 1673 1946 Christum
1721 1900 1857 1944 cum
1893 1881 2064 1945 fratre

2160 1884 2246 1941 σὺν
2296 1890 2372 1958 τῷ
2416 1882 2627 1964 ἀδελφῷ
2679 1884 2954 1963 καθέδραν,
3014 1889 3118 1967 οὐχ
3170 1888 3244 1951 ὡς
3273 1890 3407 1965 ipth
3449 1885 3628 1960 δόξης,
3678 1886 3798 1945 ἀλλ’

423 1975 653 2057 petivit,
690 1994 809 2038 non
840 1974 1066 2055 gloriae,
1101 1974 1205 2036 sed
1235 1972 1455 2037 Christi
1503 1989 1710 2034 amore
1769 1971 2061 2053 petiverit,

2163 1975 2224 2038 5ος
2285 1973 2416 2054 ἐρῶν
2475 1981 2720 2053 Χριστοῦ,
2756 1976 2953 2044 ταύτην
2983 1975 3181 2052 ᾔτησε,
3215 1981 3315 2034 xui
3347 1984 3425 2052 τῷ
3475 1978 3555 2052 μὴ
3607 1976 3801 2055 βούλε-

425 2074 485 2128 et
565 2065 724 2147 quod
796 2063 984 2128 nollet
1060 2062 1156 2125 hic
1233 2061 1417 2125 alium
1481 2078 1613 2123 esse
1685 2059 1797 2122 sibi
1852 2060 2063 2122 dilecto

2164 2066 2268 2119 ιθαι
2323 2063 2509 2120 τούτου
2560 2061 2738 2141 ἕτερον
2780 2068 2919 2121 εἷναι
2968 2067 3096 2145 πρὸς
3147 2067 3239 2122 τὸν
3286 2066 3609 2141 ποθούμενον
3652 2064 3802 2134 πλη-

422 2153 1259 2218 viciniorem.Condemnatur
1284 2150 1481 2226 Jesus,
1508 2158 1567 2212 et
1587 2149 1754 2212 adest
1782 2148 2060 2225 Joannes,

2162 2152 2436 2231 πιαίτερον.
2497 2154 2821 2232 Κατάκριτος
2873 2153 3120 2227 Ἰησοῦς,
3181 2156 3267 2211 καὶ
3308 2156 3557 2234 πάρεστιν
3611 2156 3800 2213 Ἰωάν-

425 2263 495 2308 ac
520 2242 594 2306 ad
626 2242 842 2307 atrium
875 2240 1351 2324 pontiﬁcis,cum
1382 2248 1564 2303 notus
1594 2246 1751 2302 esset
1781 2240 2063 2320 pontiﬁci,

2159 2264 2275 2322 νης,
2334 2243 2427 2297 καί
2488 2242 2621 2311 πρὸς
2678 2243 2776 2309 τὴν
2832 2250 2926 2299 τοῦ
2989 2238 3284 2323 ἆρὶιερέως
3339 2244 3506 2314 αὐλὴν
3561 2246 3797 2325 γνωστὸς

424 2352 545 2396 una
565 2332 972 2413 congreditur,
1012 2330 1399 2413 loquiturque
1432 2329 1709 2409 ostiarius,
1744 2335 1803 2391 et
1832 2327 2062 2391 Petrum

2157 2332 2254 2411 ὢν,
2311 2336 2389 2404 τῷ
2418 2331 2667 2411 ἀρχιερεῖ
2714 2332 3138 2414 συνεισέρχεται,
3184 2336 3315 2413 φησί
3356 2356 3413 2391 τε
3460 2341 3530 2412 τῇ
3557 2339 3795 2415 θυρωρῷ,

425 2442 534 2506 pro
562 2421 790 2485 foribus
820 2429 1074 2485 stantem
1123 2418 1473 2483 introducit.
1533 2418 1811 2480 Imminet
1841 2425 2063 2498 tempus

2162 2422 2243 2477 καὶ
2297 2422 2386 2477 τὸν
2446 2420 2641 2499 Πέτρον
2688 2423 2819 2497 πρὸς
2877 2423 2976 2489 τὴν
3031 2424 3187 2502 θύραν
3247 2423 3513 2491 ἑστηκότα
3573 2425 3800 2504 εἰσάγει.

427 2511 706 2577 salutaris
738 2512 1121 2594 passionis,et
1148 2508 1413 2572 Verbum
1441 2514 1753 2588 permanet
1782 2513 1846 2569 ut
1867 2525 2065 2588 proce-

2164 2509 2466 2590 Ἐφίσταται
2524 2512 2551 2566 ὁ
2615 2520 2705 2570 τοῦ
2760 2506 3131 2592 σωτηριώδους
3185 2510 3382 2579 πάθους
3433 2514 3640 2594 καιρὸς,
3703 2514 3802 2572 xui

427 2603 528 2666 dat
554 2602 630 2666 ad
658 2600 921 2683 Patrem,
949 2619 1021 2662 ac
1050 2598 1313 2662 Joannes
1335 2616 1469 2660 cum
1493 2603 1684 2660 matre
1706 2603 1856 2659 astat
1885 2598 2065 2671 cruci,

2160 2600 2186 2657 ὃ
2221 2601 2391 2677 Λόγος
2424 2598 2570 2676 μένει
2615 2600 2743 2677 πρὸς
2775 2602 2863 2659 τὸν
2911 2601 3116 2679 Πατέρα
3162 2615 3389 2682 χωρεῖν,
3423 2605 3512 2660 καὶ
3543 2603 3798 2673 Ἰωάννης

428 2700 738 2774 materque
750 2690 916 2754 audit
935 2708 969 2752 a
988 2687 1140 2752 Filio
1162 2706 1230 2751 ac
1244 2706 1353 2751 suo
1376 2685 2066 2750 conditorezEcceIilius

2161 2690 2251 2745 σὺν
2308 2693 2374 2765 τῇ
2417 2690 2578 2767 μητρὶ
2624 2688 2940 2768 παρίσταται
2983 2698 3061 2766 τῷ
3104 2695 3313 2769 σταυρῷ
3349 2693 3440 2750 καὶ
3495 2693 3532 2761 ἡ
3591 2695 3799 2770 μήτηρ⁹

430 2790 571 2845 tuus
591 2781 844 2845 dilectus
865 2803 889 2853 ;
918 2787 978 2842 et
1004 2795 1243 2841 rursum
1279 2777 1416 2839 hic:
1448 2775 1605 2839 Ecce
1648 2783 1852 2839 mater
1888 2784 1993 2839 tua
2020 2775 2068 2837 ϐ.

2163 2774 2281 2836 ’Ἴδε
2338 2780 2365 2834 ὁ
2421 2777 2530 2844 υἱός
2603 2800 2695 2836 σου
2752 2781 2781 2835 ὁ
2841 2780 3220 2860 ἠγαπημένοις,
3276 2781 3418 2861 παρά
3462 2789 3555 2841 τοῦ
3609 2781 3799 2848 παιδὸς

429 2872 526 2936 Ab
549 2871 663 2934 hoc
686 2866 1349 2950 igiturtempore,virgo
1370 2866 1470 2929 hic
1490 2873 1691 2928 mente
1713 2874 1773 2929 et
1792 2883 2067 2947 corpore,

2163 2869 2332 2927 Ξικούει
2389 2868 2484 2926 xui
2543 2870 2770 2937 ποιητοῦ
2812 2886 2823 2898 ·
2886 2871 2981 2928 καί
3013 2873 3189 2946 οὗτος,
3236 2869 3371 2930 Ἰδοὺ
3431 2871 3591 2929 πάλιν
3620 2873 3656 2940 in
3690 2874 3801 2950 μή·

431 2969 682 3023 matrem
713 2978 783 3023 ac
805 2959 1097 3040 virginem
1121 2956 1241 3021 sibi
1260 2955 1546 3029 vindicat;
1572 2973 1683 3018 nec
1707 2955 1891 3018 multo
1917 2964 2067 3037 post,

2163 2981 2257 3039 τηρ
2311 2979 2426 3019 σου.
2487 2960 2556 3017 Τὸ
2599 2957 2704 3015 ἀπὸ
2758 2958 2946 3018 τούτου
3000 2962 3090 3017 οὖν
3149 2964 3176 3018 ὁ
3230 2961 3484 3040 παρθένος
3528 2963 3681 3029 οὗτος
3711 2964 3801 3021 xui

426 3051 732 3115 Christum
755 3050 858 3133 qui
877 3054 1219 3111 surrexerat
1237 3044 1755 3126 videt,v1densque
1785 3046 2064 3125 agnoscit:

2161 3050 2215 3106 τὸ
2259 3051 2414 3124 σῶμα
2465 3047 2562 3105 xui
2617 3048 2714 3115 τὴν
2772 3046 3005 3107 διάνοιαν
3052 3050 3152 3119 τὴν
3208 3051 3413 3129 μητέρα
3452 3050 3549 3109 xui
3598 3053 3799 3131 παρθέ-

428 3148 490 3204 ει
519 3159 656 3204 cum
685 3143 864 3204 Petro
894 3138 968 3201 ad
1012 3135 1354 3227 sepulcrum
1385 3134 1600 3227 _veuit,_
1630 3133 1892 3227 ac_prior
1918 3153 2066 3227 pras-

2163 3159 2243 3197 νον
2284 3138 2639 3210 εἶσοικίζεται.
2676 3141 2749 3197 Ού
2777 3137 2912 3196 πολὺ
2944 3140 3003 3196 τὸ
3055 3142 3109 3198 εν
3156 3140 3305 3217 μέσῳ
3360 3143 3448 3199 καὶ
3502 3142 3801 3203 ἀναστάντα

436 3232 648 3307 currit,
682 3237 740 3292 et
770 3237 1080 3309 postquam
1108 3223 1465 3306 srpulcralia
1488 3222 1655 3296 vidit,
1689 3221 1945 3304 Spiritus
1973 3224 2072 3287 in-

2160 3229 2246 3284 τὸν
2301 3227 2526 3306 Χριστὸν
2583 3227 2700 3307 ὁρᾷ,
2761 3229 2848 3285 καὶ
2911 3231 3047 3308 ὁρῶν
3103 3228 3468 3310 ἐπιγινώσκει,
3530 3232 3619 3288 καὶ
3660 3233 3798 3308 μετὰ

435 3320 742 3383 ﬁationem
775 3317 1050 3397 suscipit,
1083 3316 1334 3395 ejusque
1355 3311 1531 3374 donis
1563 3313 1808 3389 ditatur,
1840 3330 1907 3375 ac
1930 3313 2073 3377 divi-

2159 3316 2357 3394 Πέτρου
2407 3316 2497 3373 ἐπὶ
2539 3317 2601 3373 τὸ
2672 3329 2942 3393 μνημεῖον
2998 3317 3140 3396 ἥκει,
3196 3320 3285 3377 καὶ
3343 3325 3552 3399 πρῶτος
3596 3341 3796 3398 προεκ-

431 3408 527 3470 nis
560 3406 834 3470 manibus
862 3412 1245 3467 consecratur
1264 3401 1529 3464 universi
1559 3400 1722 3464 orbis
1744 3403 2069 3484 apostolus.

2162 3405 2368 3486 δραμὼν
2426 3407 2512 3462 καὶ
2569 3406 2636 3462 τὰ
2695 3405 2914 3486 ἐντάφια
2965 3410 3316 3487 θεασάμενος,
3364 3411 3422 3466 τὸ
3478 3418 3572 3469 τοῦ
3626 3411 3800 3467 Πνεύ-

434 3521 601 3575 ματος
660 3498 950 3577 ἐμφύσημα
1006 3492 1245 3574 δέχεται,
1280 3494 1367 3550 καὶ
1415 3491 1641 3549 πλουτεῖ
1683 3493 1746 3549 τὰ
1802 3497 2112 3575 χαρίσματα
2169 3500 2257 3556 καὶ
2307 3509 2430 3561 ταῖς
2479 3497 2644 3561 θείαις
2693 3512 3084 3576 χειροτονεῖται
3132 3502 3288 3580 χερσὶ
3333 3506 3433 3570 τῆς
3490 3501 3807 3579 οἰκουμένης

432 3588 611 3654 πάσης
642 3584 968 3665 ἀπόστολος,

510 3673 585 3738 ΙΙ.
611 3673 900 3748 Quoniam
923 3679 1121 3735 autem
1151 3682 1574 3755 praeceptorem
1590 3671 1901 3739 audiverat
1926 3677 2073 3741 alias

2238 3666 2318 3741 θ’,
2368 3676 2519 3734 Ἐπεὶ
2561 3673 2615 3732 δὲ
2648 3676 2735 3735 xui
2764 3676 2917 3758 ἕτερα
2957 3680 3048 3737 τὸν
3092 3677 3406 3739 διδάσκαλον
3466 3680 3613 3761 ἔχειν
3642 3678 3804 3749 ἤκουε

432 3783 670 3846 quoque
690 3782 830 3827 oves
865 3762 1109 3839 habere,
1146 3781 1276 3844 quae
1305 3762 1445 3826 licet
1474 3781 1544 3825 ex
1573 3763 1687 3825 hoc
1713 3782 1833 3826 non
1871 3772 2070 3830 essent

2162 3764 2416 3846 πρόϐατα,
2451 3765 2585 3845 ἃπερ
2644 3768 2688 3823 εἰ
2744 3769 2832 3825 καὶ
2874 3768 2955 3845 μὴ
3011 3769 3073 3828 ἐκ
3128 3775 3229 3838 τῆς
3256 3770 3425 3839 αὒὶῆς
3468 3771 3667 3839 ταύτης
3711 3768 3800 3851 ἦν,

435 3854 912 3935 ovili,oporteret
933 3860 1131 3915 tamen
1155 3860 1212 3915 et
1233 3852 1368 3915 illas
1389 3862 1843 3935 congregare,et
1862 3854 1936 3917 ab
1967 3874 2073 3919 co-

2167 3855 2294 3914 Ξιλλὰ
2340 3856 2569 3913 κάκεῖνα
2611 3871 2935 3937 συναγαγεῖν
2987 3856 3112 3940 ἔδει,
3167 3861 3257 3917 καὶ
3302 3860 3387 3939 ὑφ’
3439 3860 3525 3918 ἐνὶ
3582 3866 3805 3930 ποιῆσαι

432 3944 568 4006 dem
585 3942 712 4023 regi
745 3951 1005 4023 pastore,
1032 3941 1283 4023 ﬁerique
1307 3962 1489 4005 unum
1512 3942 1756 4017 ovile,et
1782 3962 1882 4007 eas
1910 3953 2070 4009 recte

2168 3948 2396 4026 ποιμένι,
2445 3948 2540 4003 xui
2586 3946 2825 4025 γενέσθαι
2868 3949 3113 4024 ποίμνιον
3169 3946 3251 4025 ἓν,
3282 3950 3373 4006 xui
3432 3948 3613 4016 καλῶς
3664 3952 3806 4026 αὖτῷ

432 4050 503 4095 ac
526 4033 716 4095 libere
745 4033 941 4113 ipsum
965 4031 1158 4112 sequi,
1182 4050 1375 4114 neque
1406 4032 1600 4096 aliena
1633 4033 1826 4096 ﬁstula
1854 4035 1982 4117 rapi
2016 4042 2070 4100 et

2163 4034 2371 4094 ἕπεσθαι
2455 4035 2545 4092 xui
2629 4034 2958 4115 ἐλευθερίως,
3037 4035 3174 4114 μηδὲ
3262 4037 3514 4117 ἀλλοτρίᾳ
3588 4039 3801 4119 σύριγγι

432 4123 693 4204 dispergi
714 4142 782 4186 ac
804 4124 1147 4203 corrumpi:
1185 4124 1335 4202 hzec,
1370 4134 1659 4205 quantum
1692 4142 1925 4206 aequum
1961 4134 2070 4208 est,

2162 4124 2471 4183 κλέπτεσθαι
2558 4125 2644 4181 καὶ
2740 4123 3055 4183 διασπᾶσθαι
3139 4127 3226 4183 xui
3322 4129 3753 4208 καταφθείρεσθαι
3783 4175 3800 4205 ,

430 4212 601 4274 anxie
629 4220 885 4288 curat,et
906 4211 967 4273 in
994 4214 1105 4274 iter
1144 4212 1217 4274 ad
1248 4212 1377 4274 haec
1409 4212 1659 4274 mittitur
1680 4221 1744 4274 ut
1773 4214 2068 4295 dispersas

2168 4213 2377 4285 κήδεται
2408 4213 2506 4289 μὲν
2536 4214 2737 4271 τούτων
2768 4211 2894 4273 ὅσον
2944 4216 3107 4291 είκός,
3168 4216 3447 4276 στέλλεται
3478 4216 3533 4275 δὲ
3562 4218 3663 4288 τήν
3719 4216 3806 4276 ἐπὶ

430 4318 567 4364 oves
598 4301 659 4362 in
690 4320 876 4364 unum
927 4308 1351 4380 congregaret,
1402 4310 1460 4362 et
1491 4320 1619 4363 eam
1653 4320 1786 4383 quae
1816 4314 2068 4366 errasset

2167 4312 2320 4362 ταῦτα
2377 4302 2592 4382 πορείαν
2638 4304 2709 4369 εἰς
2767 4303 2821 4361 ἕν
2881 4305 2948 4362 τὰ
3000 4303 3356 4387 διεσπαρμένα
3406 4308 3661 4385 συνάξων,
3708 4306 3805 4365 xui

431 4391 629 4453 ﬁstula
659 4392 923 4453 veritatis
953 4398 1357 4466 revocaret,ac
1386 4390 1496 4453 sub
1524 4410 1640 4452 uno
1672 4409 1813 4453 vero
1841 4402 2069 4473 pastore

2166 4396 2218 4451 τὸ
2276 4392 2688 4470 πεπλανημένον
2747 4400 2814 4471 τῇ
2864 4394 3068 4477 σύριγγι
3128 4399 3223 4467 τῆς
3254 4398 3507 4467 ἀληθείας
3538 4396 3804 4457 ἀνακαλέ-

430 4480 586 4569 ovile
616 4489 925 4569 repararet
960 4500 972 4541 :
1024 4479 1090 4569 si
1123 4477 1256 4559 quis
1303 4478 1509 4569 duram
1541 4497 1609 4541 ac
1642 4490 2068 4559 repugnantem

2167 4505 2287 4564 των,
2340 4485 2428 4541 ναὶ
2485 4481 2574 4562 ὕφ’
2616 4484 2691 4541 ἑνὶ
2742 4488 2820 4557 τῷ
2849 4480 3688 4569 ἆληθινῷποιμένικαταρτίσων
3744 4488 3805 4546 τὸ

431 4567 681 4657 haberet
732 4568 1014 4647 animam,
1079 4568 1191 4628 hoc
1240 4566 1450 4657 eodem
1491 4568 1629 4647 igne
1662 4570 2069 4633 succulentam

2168 4579 2426 4653 ποίμνιον,
2459 4572 2513 4629 εἴ
2564 4594 2647 4637 τις
2692 4572 2927 4651 σκληρὰν
2974 4578 3161 4657 ψυχὴν
3220 4579 3308 4635 καὶ
3351 4566 3652 4655 ἀντίτυπον,
3712 4579 3806 4636 λι-

428 4656 871 4747 redditurusac
901 4665 1191 4747 teneram.
1226 4655 1395 4718 Unde
1425 4656 1635 4719 relicta
1662 4657 1977 4723 Palaestina
2008 4661 2066 4722 in

2168 4664 2326 4741 παρὰν
2398 4662 2564 4730 αὐτὴν
2623 4669 2700 4738 τῷ
2778 4664 2923 4739 αὒτῷ
2997 4653 3167 4741 τούτῳ
3230 4667 3352 4747 πυρὶ
3408 4653 3651 4738 ποιήσων
3719 4666 3806 4723 xui

429 4744 629 4806 Asiam
657 4744 1349 4821 proﬁcisciturﬂumque
1373 4756 1445 4806 ea
1465 4764 1596 4825 quae
1619 4747 1808 4828 ipsam
1832 4767 2067 4812 concer-

2163 4751 2395 4823 ὶπαλήν.
2459 4749 2624 4810 ’Ὅθεν
2679 4754 2776 4822 τὴν
2821 4753 3178 4824 Οαλαιστίνην
3218 4744 3522 4830 ἀπολιπὼν,
3553 4759 3621 4829 τῇ
3653 4751 3801 4826 Ἀσίᾳ

428 4832 678 4915 nebant,
731 4841 896 4896 recte
949 4834 1361 4914 disposuisset,
1398 4836 1622 4898 loniam
1674 4846 1945 4920 occupat,
2000 4857 2066 4902 ac

2164 4839 2436 4918 ἐπιδημεῖ.
2500 4845 2605 4900 Καὶ
2665 4843 2729 4900 νὰ
2804 4845 2916 4901 ιιατ’
2989 4845 3151 4913 αὐτὴν
3215 4844 3272 4901 εὗ
3338 4843 3642 4919 διαθέμενος
3703 4842 3802 4912 τὴν

426 4919 730 5012 Ephesum
784 4921 1148 5002 aggreditur,
1210 4921 1313 4985 ubi
1370 4923 1574 5004 plures
1604 4944 1673 4988 ac
1704 4919 2064 4991 crudeliores

2167 4930 2359 4988 Ἰωνίαν
2429 4930 2852 5008 καταλαμϐάνει,
2926 4934 3017 4989 καὶ
3092 4939 3160 5009 τῇ
3244 4931 3455 5011 Ἐφέσῳ
3532 4932 3805 5012 ἐφίσταται

425 5010 566 5100 ferai
593 5017 781 5100 erant,
843 5019 902 5074 et
955 5012 1092 5073 talia
1139 5030 1270 5092 quas
1314 5014 1580 5093 periculo
1635 5017 1842 5099 qnovis
1896 5017 2063 5096 longe

2167 5021 2276 5078 ἔνθα
2331 5021 2420 5079 καὶ
2462 5023 2511 5078 οἱ
2570 5024 2728 5100 θῆρες
2796 5022 3036 5087 πλείονες
3094 5023 3184 5079 καὶ
3241 5010 3527 5100 ὠμότεροι,
3574 5010 3682 5080 καὶ
3738 5024 3805 5082 τὰ

426 5098 859 5192 periculosiora
882 5110 1102 5164 essent.
1129 5102 1199 5162 Et
1222 5104 1473 5183 primum
1508 5105 1750 5186 quidem
1786 5107 2064 5187 templum

2166 5116 2253 5179 τῆς
2312 5114 2495 5191 πείρας
2539 5098 2725 5186 πολλῷ
2774 5111 3152 5192 χαλεπώτερα.
3203 5115 3302 5172 Καὶ
3344 5098 3530 5192 πρῶτα
3571 5114 3670 5190 μὲν
3714 5116 3804 5172 τὸν

424 5187 788 5283 Amazonum
839 5191 986 5270 ipsis
1040 5191 1218 5253 idolis
1277 5202 1687 5257 consecratum
1743 5215 1861 5260 una
1892 5214 2062 5277 prece

2166 5203 2259 5258 τῶν
2320 5187 2634 5277 Ἀμαζόνων
2692 5187 2815 5257 vadi
2866 5187 3075 5267 uincto
3103 5201 3342 5268 εἰδώλοις
3386 5187 3500 5280 ’μιᾷ
3556 5187 3804 5283 καθαιρεῖ

426 5273 740 5377 subvertit,
771 5297 839 5341 ac
888 5280 1079 5377 veluti
1110 5282 1316 5377 plateae
1345 5284 1532 5346 lutum
1564 5284 1797 5377 diruit..
1839 5273 2064 5350 Deinde

2163 5273 2456 5370 προσευχῇ,
2506 5290 2593 5346 καὶ
2648 5290 2776 5346 ὡσεὶ
2833 5288 3009 5357 πηλὸν
3079 5290 3275 5351 λεαίνει
3329 5273 3606 5359 π)ατείας.
3664 5273 3801 5351 Ε’ίτα

425 5366 832 5464 sacriﬁcor-um
847 5369 1846 5453 quiasacriﬁciorumappellatione
1860 5394 2063 5455 cogno-

2165 5366 2241 5437 ιαὶ
2283 5366 2629 5446 τῶννίερέων
2686 5378 2793 5434 ἀπὸ
2836 5382 2936 5449 τῆς
2980 5384 3087 5438 τῶν
3149 5384 3354 5464 ἱερείων
3402 5383 3644 5455 κλήσεως
3702 5383 3803 5451 τὴν

426 5471 571 5517 men
592 5457 784 5520 sortiti
813 5466 973 5537 sunt,
1006 5460 1114 5523 hos
1173 5461 1417 5539 quidem
1465 5463 1870 5543 sermonibus,
1934 5466 2064 5530 illos

2167 5469 2457 5544 ἐπωνυμίαν
2500 5465 2810 5547 λαχόντων,
2864 5471 2987 5537 τοὺς
3030 5472 3127 5548 μὲν
3178 5457 3387 5554 λόγοις,
3439 5474 3560 5538 τοὺς
3611 5470 3665 5529 δὲ
3696 5493 3805 5542 ση-

502 5635 536 5686 5
561 5633 738 5700 Joan.
767 5651 889 5712 xxx,
923 5639 1029 5701 20.
1112 5638 1146 5690 6
1171 5637 1345 5702 Joan.
1373 5655 1521 5720 xlx.,
1559 5638 1654 5703 26.
