4148 6402
468 379 579 446 691

1778 377 1940 439 ΜΕΝ
1947 375 2058 439 SIS
2100 372 2528 440 DECEMBER.

3722 380 3837 446 692

459 512 658 579 exsilii
675 512 1006 576 terminum
1032 528 1282 592 magnus
1305 510 1702 594 apostolus,et
1730 509 1989 571 insulam
2015 527 2101 592 ap

2197 532 2407 591 φουσιν,
2442 510 2518 576 εἰς
2565 509 2812 588 εὐνομίαν
2846 530 2898 567 τε
2943 505 3359 587 μεταϐάλλουσι,
3393 510 3482 569 καὶ
3511 516 3579 591 τῇ
3608 512 3840 589 εὐσεϐείᾳ

465 603 809 689 prehendit.
857 605 989 668 Non
1041 603 1216 681 longo
1270 599 1647 681 postmodum
1694 608 1966 689 tempore
2014 600 2101 661 in-

2200 601 2516 658 συντίθενται
2528 647 2540 660 .

463 687 693 757 sulares
722 701 1080 756 servatorem
1111 709 1179 753 ac
1211 699 1520 772 patronum
1568 689 1792 753 ducunt
1829 688 2072 752 tonitrui
2104 688 2319 771 ﬁlium,
2353 697 2412 753 et
2459 687 2532 752 ad
2566 687 2905 772 mquitatem
2940 695 3269 766 transeunt,
3302 707 3558 773 seseque
3584 691 3658 754 ad
3707 693 3839 775 pie-

467 791 640 846 tatem
675 788 1063 863 componunt.
1956 812 1961 819 ν

545 874 644 936 IV.
699 874 904 952 Itaque
935 888 1072 932 cum
1123 870 1216 931 hic
1250 876 1409 931 esset
1451 866 1773 950 apostolus,
1807 877 1864 931 et
1911 866 2109 931 admi-

460 960 684 1025 randus
712 958 1032 1040 Dionysius
1060 958 1254 1020 ferme
1278 959 1401 1038 jam
1457 957 1776 1037 nonaginta
1805 966 1960 1020 esset
2000 976 2110 1020 an-

461 1068 699 1124 norum,
735 1066 807 1110 ex
866 1047 1117 1110 Athenis
1166 1047 1375 1109 scribit
1406 1056 1466 1108 et
1512 1046 1571 1108 in
1601 1047 1760 1110 hunc
1818 1048 2105 1110 modum:

462 1142 653 1203 Tuam
674 1137 876 1201 saluto
895 1152 1133 1200 sacram
1155 1138 1453 1211 animam,
1478 1136 1723 1217 dilecte,
1747 1142 1800 1200 et
1815 1138 1931 1198 erit
1962 1136 2111 1198 mihi

453 1233 511 1289 id
537 1231 863 1306 peculiarius
885 1245 1007 1302 prta
1058 1228 1263 1288 multis.
1299 1230 1453 1287 Satve
1510 1230 1701 1303 igitur,
1735 1246 1851 1288 vere
1893 1228 2111 1288 Christo

453 1319 691 1382 dilecte.
750 1317 1203 1398 Consequenter
1253 1323 1448 1378 autem
1506 1317 1684 1378 etiam
1717 1314 1846 1377 haec
1894 1315 2107 1378 addit:

457 1408 617 1483 Quid
637 1405 1069 1469 admirandum
1094 1406 1151 1467 si
1169 1404 1450 1467 Christus
1476 1423 1681 1467 rerum
1713 1404 2021 1485 loquatur,
2053 1412 2110 1466 et

454 1498 657 1578 iniqui
683 1493 1012 1575 discipulos
1039 1512 1071 1556 ε
1099 1495 1452 1558 civitatibus
1479 1493 1813 1575 expellant,
1843 1495 1967 1574 ipsi
1991 1494 2110 1556 sibi

451 1591 587 1664 ipsis
631 1590 907 1661 condigna
936 1588 1337 1653 distribuentes,
1377 1593 1429 1645 et
1473 1588 1800 1646 exsecraudi
1841 1605 1874 1643 a
1901 1588 2109 1645 sanctis

451 1695 517 1741 se
571 1682 961 1758 segregantes
1004 1692 1074 1737 ac
1102 1680 1503 1754 separantes?
1550 1673 1778 1736 Deinde
1810 1674 1986 1737 etiam
2034 1673 2109 1736 ad

450 1766 649 1847 ipsum
707 1766 887 1828 ﬁnem
923 1763 1191 1846 epistolae
1218 1763 1349 1825 haec
1376 1763 1452 1826 de
1491 1762 1704 1825 futuris
1734 1763 2059 1825 subscribit
2090 1782 2104 1827 :

450 1859 680 1919 Omnino
708 1859 854 1916 enim
897 1858 1004 1930 ﬁde
1030 1858 1232 1930 dignus
1261 1873 1405 1928 suns,
1462 1856 1666 1930 inquit,
1698 1864 1760 1914 ut
1807 1860 1958 1930 quia
2001 1855 2111 1915 Deo

2279 871 2360 934 A'.
2422 867 2677 928 Ἐνταῦθα
2737 868 2803 937 δὴ
2873 871 2962 925 οὖν
3020 875 3094 944 τῷ
3147 870 3432 945 ἀποστάλῳ
3487 874 3838 954 τυγχάνοντι,

2192 961 2281 1016 καὶ
2337 961 2365 1016 ὁ
2410 960 2711 1035 θαυμαστὸς
2774 960 3046 1024 Διονύσιος
3104 961 3223 1033 περί
3281 983 3384 1018 που
3443 963 3506 1019 τὸ
3555 965 3838 1033 ὶννενηκο-

2191 1049 2317 1104 στὸν
2372 1045 2475 1116 ἤδη
2518 1047 2617 1117 τῆς
2661 1049 2872 1116 ἡλικίας
2918 1048 2991 1106 ὢν
3020 1046 3163 1124 ἔτος,
3210 1047 3263 1113 ἐξ
3320 1051 3559 1117 Ἀθηνῶν
3588 1051 3838 1110 ἐπιστέλ-

2193 1136 2273 1194 λει
2351 1135 2523 1194 τοιάδε
2557 1156 2574 1174 ο
2658 1140 3037 1217 Πριρσαγορεύω
3106 1160 3199 1199 σου
3249 1139 3349 1206 τὴν
3406 1141 3549 1219 ἱερὰν
3624 1143 3834 1222 ψυχὴν,

2192 1227 2538 1309 ἠγαπημένε,
2619 1232 2708 1285 καὶ
2816 1227 2962 1286 ἔσται
3067 1251 3160 1302 μοι
3243 1236 3401 1286 τοῦτο
3489 1228 3633 1305 παρά
3716 1232 3838 1297 τοὺς

2192 1315 2423 1381 πολλοὺς
2547 1315 2846 1396 ίδιαίτερον.
2980 1325 3148 1397 Χαῖρε
3269 1318 3443 1377 τοίνυν
3477 1366 3494 1389 ,
3622 1318 3837 1388 ἀληθῶς

2190 1406 2510 1483 ἠγαπημένε
2585 1414 2818 1484 Χριστῷ.
2897 1407 3051 1475 Ἐξῆς
3122 1405 3177 1464 δὲ
3242 1409 3332 1465 καὶ
3391 1411 3556 1467 ταῦτα
3611 1412 3834 1488 προστί-

2189 1498 2354 1562 θησι⁶
2428 1498 2488 1554 Τί
2555 1499 2884 1577 θαυμαστὸν,
2931 1496 3130 1578 λέγων,
3183 1500 3229 1556 εί
3290 1500 3515 1577 Χριστὸς
3561 1498 3834 1576 ἀληθεύει,

2193 1585 2279 1640 καὶ
2349 1586 2469 1649 τοὺς
2563 1587 2804 1661 μαθητὰς
2883 1588 2929 1643 οἱ
3016 1586 3193 1646 ἄδίκοι
3281 1594 3389 1645 τῶν
3450 1587 3668 1646 πόλσων
3747 1590 3839 1656 ἐξ·

2194 1671 2520 1755 ελαύνουσιν,
2592 1675 2735 1732 αὐτοὶ
2825 1676 2891 1733 τὰ
2982 1675 3101 1732 κατ’
3172 1674 3319 1742 ἀξίαν
3392 1678 3607 1741 ἑαυτοῖς
3692 1677 3837 1737 ἀπο·

2194 1761 2470 1843 νέμοντες,
2561 1765 2649 1820 καὶ
2732 1770 2837 1821 τῶν
2912 1764 3077 1844 ἁγίων
3173 1767 3221 1822 οἱ
3304 1764 3516 1845 ἐναγεῖς
3606 1766 3838 1826 ἀποδια-

2192 1849 2537 1927 στελλόμενοι
2618 1854 2704 1911 καὶ
2789 1854 3239 1935 ἀποφοιτῶντες;
3314 1860 3447 1913 Εἶτα
3530 1858 3619 1914 καὶ
3704 1860 3835 1938 πρὸς

447 1946 729 2004 didicerim
757 1961 878 2018 quas
907 1945 1116 2002 decreta
1144 1949 1268 2002 sunt
1296 1952 1356 2001 ut
1412 1944 1514 2002 tibi
1544 1942 1877 2016 contingant,
1909 1949 1958 1999 et
1986 1943 2101 2000 dico

2190 1940 2335 2013 αὒτῷ
2378 1948 2456 2017 τῷ
2496 1944 2595 2010 τῆς
2651 1942 2936 2012 ἐπιστολῆς
2980 1944 3121 2001 τέλει
3169 1952 3336 2002 ταῦτα
3400 1947 3494 2003 καί
3543 1949 3660 2026 περὶ
3728 1950 3835 2005 τῶν

448 2032 619 2088 etiam
664 2030 804 2102 quod
850 2029 1168 2088 liberandus
1202 2029 1276 2084 sis
1303 2045 1332 2086 e
1379 2028 1626 2086 custodia
1672 2028 1869 2099 quain
1922 2027 2107 2085 Patmo

445 2114 711 2181 servaris,
746 2119 797 2171 et
845 2118 904 2167 in
958 2112 1252 2169 Asiaticam
1304 2117 1499 2169 terram
1546 2127 1874 2177 reversurus,
1926 2111 2107 2184 ibique

445 2200 699 2271 facturus
751 2197 870 2253 boni
900 2196 1002 2253 Dei
1029 2196 1359 2255 imitationes
1406 2204 1453 2253 et
1486 2196 1569 2252 his
1602 2198 1696 2269 qui
1726 2201 1775 2252 te
1810 2201 2107 2269 sequentur

447 2282 790 2340 traditiones.
824 2280 937 2340 Sed
975 2282 1100 2339 haec
1137 2281 1369 2352 quidem
1409 2280 1773 2352 postmodum
1816 2296 1920 2337 suo
1960 2290 2104 2338 tem-

449 2384 596 2449 pore
625 2366 1028 2445 contigerunt,
1060 2383 1128 2426 ac
1150 2365 1471 2427 terminum
1505 2365 1736 2443 accepit
1762 2365 2101 2426 vaticinium

452 2458 978 2540 (quemadmodum
1010 2459 1066 2519 in
1091 2456 1484 2536 sequentibus
1502 2476 1701 2519 sermo
1726 2456 2106 2520 manifestare

450 2552 692 2634 poterit)
720 2570 736 2625 ;
770 2570 904 2614 cum
934 2552 1058 2632 jam
1092 2550 1430 2631 Dionysius,
1464 2551 1574 2613 sub
1602 2548 1963 2625 Domitiano,
2000 2568 2105 2631 pro

427 2631 687 2708 “Christo
731 2645 913 2707 vitam
942 2631 1231 2723 martyrio
1285 2643 1531 2705 ﬁnisset.
1569 2643 1711 2715 Quae
1741 2650 1878 2704 sunt
1908 2652 2105 2705 autem

448 2739 607 2801 facta
628 2748 766 2825 post
804 2739 931 2801 haec
956 2737 980 2798 Υ
1008 2737 1345 2800 Domitiano
1376 2756 1443 2800 ex
1476 2737 1819 2799 hominibus
1848 2736 2103 2813 sublato,

451 2832 647 2897 Nerva
667 2835 725 2895 in
745 2834 1001 2915 imperio
1020 2832 1312 2895 succedit:
1344 2839 1404 2893 et
1423 2831 1840 2894 condemnatis
1865 2840 1922 2893 et
1947 2831 2103 2893 exsi-

451 2923 617 3004 lium,
648 2930 923 3005 tanquam
960 2924 1252 3002 benignus
1278 2929 1337 2983 et
1367 2922 1684 2993 humanus,
1710 2920 1891 2984 donat
1918 2938 2103 2983 revo-

2190 2028 2496 2107 μελλόντων
2551 2032 3008 2109 ἐπισημαίνεται·
3089 2032 3418 2101 Ἀξιόπιστος
3479 2036 3601 2116 γὰρ,
3680 2039 3835 2118 φησὶ,

2188 2120 2400 2182 πάντως
2451 2120 2558 2197 είμὶ
2616 2122 2681 2177 τὰ
2741 2121 3158 2202 προεγνωσμένα
3225 2145 3308 2181 σοι
3368 2124 3460 2181 καί
3521 2127 3705 2201 μαθὼν
3776 2127 3835 2184 ἔκ

2188 2215 2320 2265 Θεοῦ
2377 2213 2464 2266 καὶ
2520 2208 2720 2290 λέγων,
2793 2210 2873 2266 ὅτι
2931 2213 3019 2268 καὶ
3088 2217 3189 2280 τῆς
3234 2211 3287 2268 ἓν
3347 2214 3550 2291 Πάτμῳ
3592 2214 3833 2295 φυλακῆς

2184 2295 2426 2386 ἀφεθήσῃ
2504 2299 2592 2354 καὶ
2642 2300 2716 2362 είς
2791 2299 2888 2367 τὴν
2981 2299 3258 2360 Ἀσιάτιδα
3343 2307 3447 2381 γῆν
3520 2302 3831 2386 ὶπανήξεις,

2186 2386 2282 2442 καῖ
2351 2384 2557 2466 δράσεις
2641 2388 2759 2446 ἐκεῖ
2840 2399 2933 2449 τοῦ
3016 2391 3214 2470 ἀγαθοῦ
3300 2400 3432 2450 Θεοὸ
3510 2384 3832 2475 μιμήματα,

2189 2475 2273 2531 καὶ
2334 2489 2450 2538 τοῖς
2503 2477 2639 2551 μετὰ
2705 2478 2765 2534 σὲ
2834 2477 3190 2556 παραδώσεις.
3266 2478 3433 2538 Ἀλλά
3498 2489 3665 2541 ταῦτα
3734 2485 3835 2560 μὲν

2189 2564 2369 2644 χρόνῳ
2405 2565 2619 2644 ὕστερον
2651 2565 2830 2642 ἐξέϐη,
2874 2568 2970 2626 καῖ
3028 2569 3191 2648 πέρας
3254 2569 3411 2649 ἔσχεν
3457 2573 3493 2641 ἠ
3537 2572 3832 2651 πρόρῥησις

2194 2652 2290 2734 (ὡς
2349 2655 2401 2711 ἐν
2455 2668 2572 2722 τοῖς
2624 2656 2741 2726 ἑςῆς
2788 2658 2817 2713 ὃ
2864 2657 3021 2737 λόγος
3052 2657 3389 2739 δηλώσειεν),
3423 2659 3526 2728 ἤδη
3560 2664 3833 2721 Διονυσίου

2187 2742 2329 2823 παρά
2385 2752 2713 2807 Δομετιανοῦ
2775 2754 2851 2822 τῷ
2926 2747 3055 2827 ὑπὲρ
3126 2751 3354 2827 Χριστοῦ
3413 2752 3681 2830 μαρτυρίιν
3737 2774 3831 2809 τε-

2187 2831 2511 2898 λειωθέντος.
2566 2836 2689 2893 Τίνα
2747 2836 2802 2893 δὲ
2845 2838 2910 2894 τὰ
2954 2836 3040 2895 ἐπὶ
3081 2838 3338 2914 τούτοις;
3397 2842 3723 2915 Δομετιανὸς
3781 2841 3834 2907 ἐξ

2186 2922 2493 3000 ἀνθρώπων,
2529 2927 2617 2981 καὶ
2678 2928 2909 3006 Νερούας
2968 2927 3066 2996 τὴν
3109 2928 3289 3008 ἀρχὴν
3323 2926 3646 3010 διαδέχεταιε
3712 2945 3833 2997 τοῖς

294 3314 299 3319 -
438 3278 632 3341 erant.
690 3281 1001 3341 Venerunt
1032 3297 1172 3358 ergo
1222 3288 1279 3339 et
1320 3279 1381 3340 in
1431 3277 1683 3339 Patmon
1727 3277 2101 3357 imperatoris

2187 3302 2294 3357 ται,
2351 3281 2438 3336 καὶ
2496 3280 2795 3347 ἀκολούθως
2855 3282 3107 3362 ἐωικυροῖ
3147 3286 3210 3340 τὸ
3267 3283 3637 3364 φιλάνθρωπον

372 3078 378 3086 _
449 3012 768 3075 cationem.
799 3014 924 3076 Nec
955 3012 1139 3073 multo
1172 3020 1302 3092 post
1334 3020 1605 3092 tempore
1636 3009 1928 3091 Trajanus
1958 3029 2098 3072 sce-

2187 3012 2464 3093 ὒπερορίαν
2523 3020 2981 3093 καταγνωσθεῖσιν
3054 3021 3148 3075 οἶα
3224 3016 3595 3099 φιλάνθρωπος
3650 3041 3832 3099 χειρι-

348 3176 351 3179 γ
448 3108 576 3182 ptra
628 3100 895 3164 Romana
952 3101 1224 3182 suscipit,
1257 3108 1318 3162 et
1348 3100 1729 3163 consecutive
1769 3101 2096 3162 humanum

2187 3101 2402 3177 ζόμενος
2461 3103 2559 3171 τὴν
2604 3104 2920 3188 ἀνάκλησιν,
2956 3108 3028 3165 Οὐ
3083 3109 3286 3188 βραχὺς
3348 3110 3374 3165 ὁ
3419 3109 3472 3165 ἐν
3506 3108 3653 3182 μέσῳ
3704 3130 3832 3165 και-

358 3194 379 3247 ’.
410 3191 758 3267 .gconﬁrmat
804 3191 1425 3263 edictum,'revocans
1473 3208 1574 3250 eos
1623 3188 1725 3268 qui
1777 3189 1840 3249 in
1889 3189 2100 3251 exsilio

2187 3191 2299 3271 ρὸς,
2359 3193 2445 3248 καὶ
2503 3194 2568 3248 τὰ
2630 3182 2903 3268 Ῥωμαίων
2962 3182 3228 3273 σκῆπτρα-
3263 3198 3525 3272 Τραϊανὸς
3565 3194 3831 3277 ἀναδέχε-

3708 3307 3833 3351 τους

444 3367 659 3443 edicta,
694 3374 853 3429 venit
879 3377 937 3429 et
965 3368 1035 3430 ad
1062 3332 1348 3430 Jdannem
1381 3366 1704 3429 revocatio.
1740 3332 2100 3443 Etrillequi-

2196 3332 2294 3357 μη,
2499 3332 2795 3347 mnuum.
2856 3332 3104 3362 η--η-,η-
3159 3332 3208 3340 -ν
3270 3332 3634 3364 γ---νσ--ι-ν-ι-ν-
3718 3332 3831 3351 σπι.

2187 3367 2237 3423 ἒν
2295 3369 2601 3448 ὖπερορίαις
2687 3369 3142 3447 ἀνακαλούμενος.
3207 3367 3335 3430 Ἠκε
3416 3332 3696 3453 τοιγαρούν
3747 3377 3833 3433 καὶ

444 3457 582 3519 dem
614 3456 883 3519 decrevit
911 3457 1186 3535 navigare
1220 3456 1279 3516 in
1314 3455 1610 3536 Ephesum
1644 3475 1657 3515 :
1696 3472 1875 3535 porro
1907 3461 2007 3531 qui
2042 3456 2101 3515 in

2187 3458 2257 3521 είς
2318 3458 2534 3533 Πάτμον
2590 3460 2655 3516 τὸ.
2708 3458 2976 3536 βασιλέως
3029 3465 3360 3538 θεσπίσματα
3400 3482 3413 3497 ⁶
3459 3464 3558 3532 ἧκε
3612 3465 3701 3521 καὶ
3757 3466 3830 3532 είς

441 3544 642 3608 insula
698 3554 866 3608 erant
923 3545 1205 3607 dicebant
1261 3564 1337 3606 ne
1393 3546 1727 3619 desereret,
1775 3544 1881 3605 sed
1940 3543 2098 3624 apud

2187 3543 2435 3633 Ἰωάννην
2497 3546 2809 3616 ἀνάκλησις.
2904 3553 3008 3608 Καὶ
3066 3554 3093 3607 ὁ
3179 3552 3277 3627 μὲν
3335 3551 3641 3633 παραπλεῖν
3692 3551 3832 3633 ἔγνω

436 3633 602 3715 ipsos
636 3643 1041 3715 permaneret,
1078 3653 1197 3696 non
1249 3634 1420 3696 aliter
1448 3652 1626 3714 quam
1662 3635 1758 3714 qui
1793 3634 1949 3695 ferre
1979 3651 2098 3695 non

2187 3635 2283 3703 τὴν
2335 3632 2584 3717 ’Ἔφεσον
2620 3653 2633 3667 ⁶
2691 3641 2737 3694 οἱ
2793 3637 2847 3694 δὲ
2893 3645 2991 3708 τῆς
3048 3642 3214 3712 νήσου
3271 3642 3349 3717 μὴ
3401 3644 3652 3717 μεθήσειν
3704 3642 3830 3700 ἔλε-

435 3733 684 3804 possunt
704 3732 768 3787 ut
790 3743 825 3786 a
848 3725 943 3805 pio
968 3732 1136 3805 patre
1177 3722 1691 3803 derelinquantur.
1720 3722 1872 3785 Hinc
1896 3730 2089 3784 autem

432 3814 714 3886 lamenta.
739 3813 938 3876 luctus
958 3831 1029 3876 ac
1054 3813 1350 3894 lacrymm.
1385 3811 1550 3887 Quis,
1579 3812 1878 3893 inquiunt,
1917 3813 2091 3875 nobis

434 3911 601 3964 tuum
652 3902 913 3985 explebit
965 3903 1236 3964 ordinem
1272 3910 1299 3965 ?
1330 3900 1436 3966 Cui
1490 3921 1628 3963 vero
1685 3901 1786 3963 tali
1820 3902 1972 3982 patri
2021 3920 2090 3963 ac

433 3993 660 4074 pastori
676 3991 931 4074 subjecti
949 4011 1082 4055 esse
1100 3992 1607 4073 poterimus?quid
1628 3990 2088 4072 desiderii,quid

434 4083 687 4143 ﬂammae
716 4101 784 4145 ex
818 4082 948 4163 ipso
997 4083 1380 4163 procedentis
1407 4082 1676 4143 solatium
1709 4080 2042 4143 efﬁciemus
2062 4086 2090 4143 ?

433 4171 582 4235 Cum
614 4179 811 4234 autem
847 4173 1213 4252 persuadere
1246 4191 1368 4234 non
1405 4179 1649 4251 possent
1678 4170 1818 4233 dum
1852 4171 2089 4251 suppli-

427 4269 634 4323 carent
676 4269 739 4324 ut
773 4262 966 4326 virum
997 4262 1152 4342 apud
1187 4281 1251 4323 se
1278 4262 1633 4334 retinerent,
1667 4260 1949 4322 secundm
1977 4260 2089 4324 fuit

427 4351 884 4431 supplicationis
907 4351 1173 4431 initium,
1200 4362 1258 4414 et
1278 4351 1573 4413 secundas
1599 4367 1835 4411 rursum
1867 4349 2089 4412 faciunt

432 4440 779 4521 petitiones,
807 4459 883 4504 ne
909 4448 1096 4502 totum
1123 4441 1385 4522 seipsum
1418 4440 1699 4515 auferret,
1733 4455 1927 4518 neque
1953 4439 2089 4499 uni-

430 4544 605 4590 versa
656 4529 914 4592 tristitiae
968 4529 1125 4592 mole
1158 4547 1262 4591 eos
1313 4528 1672 4602 offunderet,
1707 4526 1812 4587 sed
1845 4527 1933 4588 vel
1983 4543 2087 4606 pro

2177 3748 2297 3803 γον,
2331 3724 2452 3781 ἀλλ’
2486 3726 2802 3802 ἀνθέξεσθαι,
2852 3729 2957 3810 οὐχ
3011 3728 3173 3797 ἧττον
3230 3730 3265 3799 ἢ
3325 3730 3676 3810 φιλοστόργου
3715 3756 3829 3791 πα-

2174 3816 2296 3892 τρὸς
2336 3813 2723 3893 ἀπολειφθῆναι
2785 3818 2862 3892 μὴ
2932 3818 3275 3898 ἀνεχόμενοι.
3346 3821 3424 3878 Τὰ
3480 3820 3534 3876 δὲ
3593 3821 3829 3879 ἐντεῦθεν

2174 3906 2390 3981 θρῆνος,
2439 3903 2676 3982 ὀδυρμοὶ,
2736 3904 2954 3983 δάκρυα,
3003 3917 3092 3972 Τίς
3154 3910 3286 3983 ἡμῖν
3352 3908 3453 3976 τὴν
3510 3910 3612 3972 σὴν
3676 3908 3828 3977 πλη-

2172 3994 2330 4072 ρώσει
2397 3992 2593 4075 τάξιν;
2652 3996 2755 4052 ὑπὸ
2813 3996 2912 4052 τίνι
2960 3994 3013 4053 δὲ
3070 3999 3236 4071 ἡμεῖς
3267 3998 3487 4071 τοιούτῳ
3537 3999 3696 4075 πατρὶ
3742 4020 3810 4055 κα

2172 4082 2385 4159 ποιμένι
2429 4084 2708 4161 γενοίμεθα
2746 4104 2762 4160 ;
2819 4085 2880 4143 Τί
2922 4092 3013 4141 τοῦ
3053 4085 3237 4166 πόθου,
3292 4086 3344 4142 τί
3388 4090 3487 4153 τῆς
3549 4084 3601 4152 ἐξ
3656 4088 3819 4144 αὐτοῦ

2170 4171 2369 4253 φλογὸς
2428 4173 2757 4252 παραμύθιον
2816 4175 3201 4254 ποιησόμεθας
3265 4173 3358 4237 Ὠς
3388 4173 3443 4231 δὲ
3474 4175 3670 4233 πείθειν
3728 4176 3828 4234 οὐκ

2171 4261 2333 4340 εἶχον
2395 4262 2482 4327 οῖς
2536 4264 2629 4317 τὸν
2689 4258 2848 4340 ἄνδρα
2905 4262 3029 4340 παρ’
3084 4265 3295 4331 ἑαυτοῖς
3353 4262 3502 4346 ἔχειν
3557 4266 3819 4340 ἱκέτευον,

2171 4347 2412 4428 δευτέρας
2470 4350 2739 4430 ἱκετηρίας
2808 4350 2957 4432 ἀρχῆ
2988 4400 3003 4425 ,
3067 4355 3152 4411 καὶ
3208 4352 3451 4433 δευτέρας
3511 4354 3669 4412 πάλιν
3732 4358 3822 4413 1i-

2170 4440 2354 4510 τήσεις
2407 4445 2705 4514 ποιοῦνται,
2783 4442 2860 4517 μὴ
2918 4440 3040 4499 ὅλον
3115 4444 3302 4501 ἑαυτὸν
3372 4442 3619 4525 ἀφελεῖν,
3678 4444 3821 4521 μηδὲ

2170 4533 2349 4583 πᾶσαν
2397 4530 2569 4586 αὐτῶν
2613 4533 2879 4610 καταχέαι
2938 4531 3037 4601 την
3103 4533 3346 4615 ἀθυμίαν,
3393 4533 3516 4592 ἀλλ’
3557 4535 3672 4591 ἀντὶ
3732 4537 3827 4591 τοῦ

430 4634 499 4678 re
529 4617 831 4695 umbram,
862 4636 1025 4695 suos,
1053 4624 1323 4695 inquam,
1349 4634 1659 4679 sermones
1680 4633 1784 4694 pro
1817 4634 1905 4697 se,
1930 4616 2087 4697 apud

2187 4615 2485 4695 τράγματος
2570 4622 2669 4687 τὴν
2740 4620 2915 4695 σκιὰν,
2991 4624 3111 4686 τοὺς
3186 4624 3346 4681 αὐτοῦ
3429 4623 3619 4702 λόγους
3703 4623 3821 4680 ἀνθ’

430 4710 595 4784 ipsos
646 4689 1036 4788 relinqueret,
1071 4689 1155 4769 αρ’
1196 4689 1537 4787 mysterium
1583 4689 1740 4785 qued
1772 4689 1924 4786 apud
1967 4689 2089 4769 nos

2187 4689 2383 4776 ἑαυτοῦ,
2444 4708 2605 4788 φημὶ,
2659 4708 2784 4785 παρ’
2841 4689 3059 4776 ἐκείνοις
3131 4712 3476 4785 καταλιπεῖν,
3509 4689 3629 4769 ’καὶ
3684 4714 3822 4767 ὑπο-

433 4792 658 4856 factum
692 4803 785 4857 est
812 4796 1109 4858 universae
1139 4794 1603 4875 dispensationis
1627 4793 1841 4857 Christi
1863 4794 2093 4857 descri-

2178 4802 2418 4851 τυπῶσαι
2464 4797 2526 4853 τὸ
2583 4796 2696 4855 καθ’
2743 4800 2888 4876 ἡμᾶς
2918 4806 3017 4868 τῆς
3059 4800 3191 4869 ὅλης
3234 4809 3327 4859 τοῦ
3372 4800 3605 4879 Χρίττοῦ
3672 4802 3819 4856 οἷκο-

435 4881 628 4947 beret.
660 4884 832 4947 Cedit
863 4884 1046 4964 igitur
1075 4884 1315 4946 illorum
1355 4883 1781 4964 petitioni,imo
1805 4885 1962 4946 cedit
1984 4903 2096 4965 po-

2187 4884 2367 4961 νομίας
2425 4889 2736 4965 μυστήριον.
2801 4888 2951 4946 Εῗκει
3008 4896 3284 4966 τοιγαροῦν
3346 4895 3414 4966 τῇ
3473 4890 3686 4946 ἐκείνων
3732 4893 3820 4946 αἱ·-

436 4970 555 5060 tius
577 4973 845 5052 paternis
870 4974 1225 5056 visceribus,
1261 4974 1479 5054 quibus
1504 4973 1599 5033 hic
1618 4991 1761 5052 erga
1778 4973 1939 5054 ipsos
1962 4983 2097 5037 ute-

2187 4976 2331 5045 τήσει
2371 4994 2384 5009 ’
2445 4974 2648 5050 μᾶλλον
2702 4975 2757 5033 δὲ
2807 4990 2924 5041 τοῖς
2961 4990 3243 5056 πατρικοῖς
3277 4978 3410 5034 εἴκει
3458 4977 3818 5060 σπλάγχνοις,

438 5058 665 5123 batur:
723 5063 1053 5143 praesertim
1112 5081 1248 5124 cum
1300 5080 1559 5144 superna
1602 5062 1973 5124 Providentia
2019 5063 2101 5124 ita

2187 5065 2271 5128 οἷς
2316 5067 2433 5143 περὶ
2476 5066 2657 5131 αὖτοὺς
2714 5069 2861 5129 οὗτος
2922 5066 3213 5147 ἐκέχρητο,
3248 5066 3423 5133 ἄλλως
3473 5089 3529 5125 τε
3582 5058 3678 5126 καὶὴ
3720 5075 3821 5138 τῆς

439 5149 835 5230 disposuisset
863 5152 1186 5214 multorum
1222 5152 1476 5213 salutem
1511 5171 1577 5213 ac
1610 5151 1909 5232 Evangelii
1944 5170 2098 5232 prte-

2187 5155 2434 5232 Προνοίας
2492 5153 2687 5211 ἄνωθεν
2744 5156 2839 5223 τὴν
2897 5160 3002 5212 τῶν
3049 5153 3260 5212 πολλῶν
3291 5158 3558 5235 σωτηρίαν
3614 5160 3701 5215 καὶ
3760 5161 3822 5216 τὸ

438 5235 828 5302 dicalionem.
866 5240 937 5302 Et
959 5241 1216 5321 primum
1248 5240 1485 5321 quidem
1514 5240 1957 5320 ipscjejunium
1984 5240 2099 5303 sibi

2187 5250 2273 5300 τοῦ
2331 5242 2650 5322 Εὐαγγελίου
2726 5246 2973 5323 κήρυγμα
3058 5245 3223 5310 οὕτως
3289 5248 3822 5322 οίκονομησαμένης.

442 5325 720 5407 imperat,
748 5329 996 5410 jejunus
1050 5330 1178 5411 ipse
1240 5348 1306 5392 ac
1361 5330 1796 5411 propemodum
1849 5348 2099 5412 corpore

2187 5333 2281 5391 Καὶ
2376 5332 2561 5411 πρῶτα
2644 5332 2742 5407 μὲν
2822 5334 3027 5390 ἀσιτίαν
3096 5336 3270 5409 ἔαυτῷ
3342 5335 3705 5415 παραγγέλλει
3796 5341 3824 5395 ὁ

443 5417 787 5496 exhaustus,
821 5420 1079 5501 eliisque
1110 5420 1221 5481 hoc
1272 5420 1465 5502 ipsum
1500 5420 1814 5484 constituit
1858 5439 1925 5482 ac
1954 5420 2090 5483 abs-

2187 5420 2358 5485 Ξὶσιτος
2410 5423 2601 5500 μικρυῦ
2661 5424 2749 5479 καὶ
2805 5423 3090 5493 ἀσώματος
3125 5444 3140 5459 ⁶
3173 5437 3291 5489 τοῖς
3337 5424 3394 5482 δὲ
3441 5425 3627 5490 ἄλλοις
3694 5427 3822 5484 αύτό

325 5549 338 5562 .
440 5506 753 5569 tinentiam
804 5528 837 5571 a
870 5509 1067 5573 malis.
1102 5513 1175 5573 Et
1204 5510 1317 5572 hos
1361 5509 1603 5587 quidem
1637 5510 1695 5570 in
1728 5509 1841 5571 tale
1893 5510 2094 5589 quiete

2187 5533 2234 5568 τε
2278 5518 2455 5585 τοῦτο,
2502 5512 2589 5566 vati
2633 5512 2732 5579 τὴν
2773 5519 2878 5570 τῶν
2940 5521 3118 5572 κακῶν
3177 5514 3523 5594 ἀλλοτρίωσιν
3569 5516 3819 5573 ὑποτίθε-

440 5595 744 5678 relinquit.
791 5600 1084 5662 Caeterum
1120 5617 1301 5660 unum
1352 5599 1669 5680 quemdam
1703 5618 1737 5661 e
1765 5608 1994 5681 septem
2028 5617 2093 5661 se

2187 5622 2286 5660 ται.
2348 5600 2444 5657 Καὶ
2504 5599 2623 5664 τοὺς
2655 5601 2754 5677 μὲν
2811 5603 2866 5659 ἐν
2918 5610 2987 5681 τῇ
3016 5604 3234 5680 τοιαύτῃ
3263 5603 3583 5663 καταλείπειν
3612 5604 3816 5685 σχολῇ⁹

441 5686 611 5767 sequi
654 5686 843 5767 jubet,
881 5687 1222 5750 Prcchorus
1249 5688 1347 5751 hic
1397 5694 1543 5764 erat,
1578 5696 1642 5750 ut
1676 5688 1805 5769 ipse
1848 5688 2090 5770 quidem

2187 5688 2267 5745 ἕνα
2318 5688 2373 5746 δέ
2428 5709 2544 5746 τινα
2598 5696 2704 5749 τῶν
2759 5692 2893 5751 ἐπτά
2923 5742 2939 5775 ,
3031 5695 3303 5775 Πρόχορος
3361 5700 3541 5771 οὗτος,
3599 5694 3814 5754 ἕπεσθαι
