4148 6400
353 375 473 446 693
1557 376 1745 441 VITA
1790 377 1850 440 s.
1892 375 2214 444 JOANNIS
2255 380 2547 448 EVANG.
3619 388 3735 455 694

348 516 522 590 τούτῳ
570 511 800 594 κελειὴι,
854 511 933 570 ἵν’
988 515 1016 569 6
1073 511 1171 588 μὲν
1223 511 1291 570 τὰ
1347 512 1490 604 παρὰ
1548 520 1700 592 Θεοῦ,
1759 514 1787 568 6
1835 511 1891 570 δὲ
1939 511 2006 569 τὰ

2094 530 2159 574 ea
2189 531 2322 594 quae
2362 533 2398 577 a
2437 514 2560 579 Deo
2609 525 2832 595 essent,
2894 518 3008 580 iste
3065 525 3262 582 autem
3312 539 3446 603 quae
3471 522 3544 586 ab
3577 524 3730 604 ipso,

351 606 551 663 ἐκείνου
630 602 1071 678 διασημαίνηται.
1163 601 1332 666 Αὐτὸς
1402 599 1458 658 δὲ
1541 606 1642 668 τῆς
1711 601 2000 681 ἀκρωρείας

2094 610 2339 666 notaret.
2378 607 2562 668 Porro
2595 606 2724 686 ipse
2756 607 2976 668 montis
3005 610 3290 673 verticem
3330 599 3642 693 capessit:
3677 599 3738 676 et

350 696 666 776 ἐφάπτεται.
735 695 832 752 Καὶ
890 691 1177 759 στηλοῦται
1245 691 1346 766 μὲν
1405 691 1540 750 κατὰ
1593 692 1685 748 τὸν
1745 690 2002 766 Σαμουὴλ

349 785 546 863 δρθιος,
600 785 737 840 κατά
788 780 844 838 δὲ
903 781 1096 838 Μωσία
1152 781 1230 838 τὼ
1293 793 1448 861 χεῖρε
1520 778 1995 860 διεσχημάτισται·

345 877 434 932 καὶ
461 876 554 930 τὸν
624 879 742 930 νοῦν
807 869 1001 938 ἒξελὼν
1069 871 1176 928 τῶν
1247 871 1566 942 αἰσθήσεων,
1601 869 1725 928 ὅλον
1755 869 1999 949 ἀναφέρει

345 965 477 1042 πρὸς
532 965 623 1021 τὸν
666 963 1013 1037 ποθούμενον.
1066 962 1126 1020 Τί
1182 959 1272 1019 οὖν
1331 961 1395 1017 τὸ
1442 959 1720 1040 ἐντεῦθενς
1784 960 2000 1039 Βρονταὶ

346 1051 625 1134 φρικώδεις
658 1053 744 1109 καὶ
783 1050 1002 1126 δείματα
1055 1051 1145 1106 καὶ
1202 1049 1475 1121 ἀστραπαὶ
1528 1051 1793 1134 συνεχῶς.
1825 1047 1994 1127 ὖποῤ-

345 1124 697 1223 ῥηγνύμεναι,
793 1124 884 1198 καί
979 1139 1166 1215 ἀθρόον
1260 1124 1692 1214 ἐκλάμπουσαι.··
1764 1124 1856 1195 τον
1934 1124 1997 1194 τε,

345 1232 567 1290 καλέσοι
596 1254 677 1295 τις
736 1230 944 1293 εἰκόνας
999 1230 1066 1287 τὰ
1099 1226 1285 1303 πολλῷ
1315 1229 1572 1306 πρότερον
1615 1227 1710 1283 ἐπὶ
1763 1225 1998 1292 Μωσέως

349 1321 638 1400 γενόμενα,
662 1321 817 1388 ἡνίκα
849 1326 965 1394 Θεῷ
1007 1317 1346 1396 ἐντυγχάνων
1394 1317 1461 1384 ’ἦν
1519 1317 1606 1373 καὶ
1663 1313 1789 1394 παρ’
1845 1320 2002 1375 αὐτοῦ

349 1412 448 1476 τὰς
504 1408 712 1474 πλάκας
771 1407 1091 1488 δεχόμενος,
1161 1409 1256 1464 οὐκ
1313 1404 1373 1462 ἂν
1430 1407 1655 1482 ἁμάρτοι
1705 1409 1804 1472 τῆς
1857 1403 2001 1472 ἁλη-

351 1494 516 1562 θείας.
557 1498 692 1556 Εἶτά
724 1499 930 1576 πρηνὴς
979 1497 1101 1571 μὶν,
1161 1495 1252 1552 καὶ
1303 1496 1457 1552 οἱονεὶ
1513 1494 1711 1559 ἄπνους
1770 1495 1798 1550 6
1858 1495 2002 1571 Πρό-

353 1609 540 1670 χορος,
607 1587 864 1652 τοιούτοις
921 1586 1015 1642 οὒκ
1089 1582 1318 1662 ἐνεγκὼν
1389 1581 1757 1670 ἐνδιατρίϐειν,
1794 1582 2001 1657 θεάμα-

352 1669 460 1736 σινο
521 1678 678 1742 αὐτὸς
734 1675 790 1732 δὲ
848 1675 1303 1750 ἂμετάτρεπτετο,
1364 1672 1606 1748 ἵστατάι,
1665 1669 1842 1750 πόῤῥω
1905 1675 2002 1738 τῆς

348 1768 569 1846 ἀγάπης
626 1767 690 1823 τό
741 1763 857 1830 δέος
914 1762 1206 1840 βαλούσης.
1269 1763 1358 1826 Εἷς
1388 1763 1570 1843 φωνὴν
1622 1761 1710 1818 καὶ
1755 1760 1854 1835 ὀψέ
1885 1782 2000 1824 πως

346 1859 384 1926 ἡ
451 1855 648 1934 βροντῆ
725 1852 1057 1932 διαρθροῦται
1086 1899 1101 1927 ,

348 1944 442 2005 Ἐν
501 1945 647 2024 ἀρχῇ
701 1943 767 2011 ἦν
824 1945 852 1999 6
918 1942 1109 2020 Λόγος,
1163 1942 1251 1998 καὶ
1307 1942 1335 1997 ὁ
1394 1938 1563 2016 Λόγος
1611 1941 1680 2005 ἧν
1727 1937 1858 2017 πρός
1906 1938 1997 1994 τὸν

346 2037 505 2108 Θεὸν,
567 2035 655 2090 καὶ
724 2033 855 2098 Θεὸς
925 2031 992 2099 ἦν
1057 2032 1086 2088 6
1154 2027 1587 2108 Λόγος.11λησίον
1633 2027 1728 2096 τῆς
1773 2025 1998 2104 θεοῤῥη-

346 2126 583 2202 μοσύνης
639 2125 668 2180 6
725 2124 1028 2201 Πρόχορος,
1089 2121 1152 2177 τὸ
1201 2119 1300 2195 μὲν
1339 2125 1452 2198 φῶς
1500 2116 1710 2197 διορῶν,
1745 2117 1832 2173 καὶ
1861 2117 1998 2172 ὁπό-

344 2234 541 2290 τρομος
597 2212 694 2285 ὢν,
754 2210 963 2268 ἀκούων
1017 2207 1072 2266 δὲ
1131 2207 1364 2282 συνεδὸς,
1429 2206 1510 2263 ὅτι
1569 2205 1707 2282 μηδὲ
1764 2208 1810 2262 οἱ
1865 2203 2000 2280 μετὰ

347 2301 558 2360 Παύλου
617 2303 706 2358 καὶ
764 2298 996 2362 Μωσέως
1054 2298 1184 2355 ποτὲ
1244 2303 1350 2354 τῶν
1420 2295 1639 2358 ἐκείνοις
1709 2301 1999 2371 μυσταγω-

2085 709 2251 754 more
2273 693 2567 756 Samuelis
2589 693 2831 774 quidem
2855 705 3055 758 rectus
3077 699 3521 779 erigetur,sicut
3541 705 3735 765 Moses

2084 790 2282 843 autem
2312 782 2584 845 manibus
2604 784 2847 846 elevatis
2876 786 3292 864 etﬁgurantur:
3328 798 3387 852 et
3417 799 3682 854 mentem
3701 810 3736 854 ι

2083 870 2362 962 sensibus
2389 872 2769 962 abstractam,
2803 882 2985 937 totam
3017 877 3199 940 refert
3227 879 3290 940 in
3347 880 3402 941 id
3435 883 3594 962 quod
3625 902 3734 946 ex-

2081 969 2266 1034 aptat.
2301 959 2452 1034 Quid
2486 979 2625 1041 ergo
2657 962 2799 1026 hinc
2828 972 3098 1027 secutum
3131 975 3269 1032 est?
3297 959 3608 1033 Horrenda
3637 980 3730 1034 to-

2082 1048 2277 1112 nitrua
2309 1058 2368 1112 et
2396 1059 2658 1112 terrores
2686 1070 2756 1113 ac
2783 1053 3016 1132 fulgura
3067 1060 3348 1120 continue
3388 1060 3728 1124 vehementi

2079 1137 2314 1228 fragore
2345 1139 2512 1219 elisa,
2548 1147 2607 1202 et
2635 1149 2883 1220 repente
2940 1144 3323 1224 eﬂ‘ulgentia:
3377 1167 3628 1228 quorum
3677 1139 3732 1211 εἰ

2083 1227 2218 1306 quis
2275 1228 2566 1318 imagines
2619 1248 2688 1290 ac
2747 1231 2965 1310 ﬁguras
3022 1233 3238 1296 dixerit
3266 1253 3336 1296 ea
3383 1256 3513 1318 quae
3545 1238 3728 1300 multo

2083 1327 2259 1378 antea
2287 1317 2398 1378 sub
2435 1317 2592 1379 Mose
2624 1320 3021 1398 contigerant,
3045 1324 3281 1402 quando
3303 1317 3424 1388 Deo
3449 1326 3653 1389 aderat
3673 1334 3734 1389 et

2086 1406 2159 1466 ab
2189 1423 2260 1466 eo
2291 1405 2525 1468 tabulas
2583 1407 2939 1486 accipiebat,
2973 1428 3349 1492 nequaquam
3407 1431 3440 1475 a
3485 1416 3732 1477 veritate

2085 1491 2474 1584 aberraverit.
2506 1497 2584 1584 At
2610 1495 2946 1558 Prochorus
2975 1491 3212 1560 interim
3237 1519 3458 1580 pronus
3485 1503 3730 1584 quidem

2086 1591 2144 1644 et
2176 1583 2333 1644 velut
2364 1583 2676 1658 exnaimis,
2712 1603 2828 1646 non
2859 1585 3090 1649 ferebat
3117 1588 3277 1651 inter
3317 1583 3734 1670 hujuscemodi

2087 1672 2311 1734 versari
2344 1673 2721 1754 spectacula:
2773 1675 2902 1754 ipse
2935 1693 3072 1736 vero
3102 1685 3217 1739 stat
3264 1679 3731 1759 imperterritus,

2083 1779 2222 1824 cum
2254 1760 2513 1823 charitas
2543 1761 2750 1841 procul
2781 1761 3104 1842 abjecisset
3134 1765 3434 1830 timorem.
3486 1769 3576 1831 Ad
3627 1788 3734 1831 ex-

1189 1852 1274 1908 καὶ
1356 1848 1671 1927 τρανότερον
1741 1849 1956 1928 ἀπηχετ
1981 1865 1995 1882 ·

2094 1859 2340 1912 tremum
2374 1850 2596 1911 tonitru
2627 1850 2689 1912 in
2720 1869 2922 1912 vocem
2956 1853 3312 1933 exprimitur
3357 1874 3426 1918 ac
3471 1858 3733 1922 dilucide

2081 1948 2353 2002 resonat:
2387 1939 2462 2000 In
2479 1940 2786 2019 principio
2806 1947 2937 2004 erat
2964 1940 3313 2018 Verbum,et
3334 1945 3586 2008 Verbum
3601 1953 3733 2010 erat

2083 2021 2246 2098 apud
2267 2022 2480 2099 Deum,
2506 2026 2563 2082 et
2589 2019 2750 2082 Deus
2774 2029 2904 2084 erat
2943 2019 3221 2086 Verbum.
3248 2025 3605 2105 Prochorus,
3629 2027 3733 2106 qui

2083 2109 2284 2171 divina
2322 2107 2692 2170 institutione
2725 2109 3029 2190 proximus
3059 2119 3205 2188 erat,
3239 2113 3444 2176 lumen
3487 2114 3730 2195 quidem

2084 2197 2341 2278 videbat,
2374 2215 2710 2279 quanquam
2742 2198 3167 2276 subtremulus,
3213 2220 3390 2282 porro
3425 2205 3730 2266 neminem

2087 2287 2406 2349 audiebat:
2440 2287 2578 2366 quia
2611 2304 2805 2367 neque
2836 2288 2896 2349 hi
2929 2291 3026 2370 qui
3062 2308 3198 2352 cum
3250 2293 3434 2354 Paulo
3478 2301 3536 2354 et
3574 2294 3733 2356 Moss

345 2391 648 2470 γουμένων.
710 2387 931 2446 Γλῶσσα
986 2388 1082 2456 τῆς
1140 2386 1369 2464 βλοντῆς
1427 2386 1456 2442 ό
1503 2382 1790 2462 Θεολόγος,
1851 2384 1946 2440 Καὶ
1976 2383 2004 2437 6

2094 2375 2387 2470 quondam
2421 2383 2624 2470 erant,_
2647 2394 2752 2437 eos
2781 2375 3106 2440 audierunt
3136 2380 3238 2460 qui
3280 2380 3417 2443 illos
3454 2382 3516 2444 in
3547 2382 3736 2444 sacris

349 2464 557 2556 μύστης
629 2480 817 2558 μικρὸν
887 2484 981 2535 τοῦ
1053 2475 1202 2540 δέους
1257 2475 1580 2552 ἆνενεγκὼν,
1633 2471 2004 2550 ὒποτρεμοόσῃ

2094 2464 2499 2528 instituebant.
2562 2464 2809 2558 Ling-ua,
2849 2467 3096 2558 tonituri
3146 2469 3458 2547 theologus
3507 2480 3619 2535 est.
3668 2471 3742 2533 Et

351 2553 493 2651 inp!
547 2553 872 2651 τᾶήὲκεζθεν
941 2563 1314 2646 διαχαράττει,
1391 2562 1492 2626 ’ἐως
1567 2562 1870 2651 ἅπηρτίσθη
1944 2561 2006 2651 τδ

2094 2573 2396 2618 sacrarum
2429 2572 2632 2627 rerum.
2663 2553 3016 2635 discipulus,
3040 2575 3316 2637 represso
3350 2559 3651 2639 paululum
3673 2560 3744 2622 ti-

358 2641 702 2738 Εὐαγγέλιον.
759 2641 982 2714 "Enen:
1033 2641 1392 2734 -δποχωροῦσι
1467 2653 1535 2708 τὰ
1596 2649 1844 2726 δείματι,
1921 2642 2007 2706 καὶ

2094 2662 2284 2724 more,
2319 2643 2709 2738 subtremula.
2747 2661 2925 2706 manu
2974 2664 3107 2726 quae
3152 2647 3294 2708 inde
3343 2657 3580 2728 sumpta
3607 2656 3748 2711 sunt

354 2732 614 2812 τοϊςηὶπὶ
668 2751 770 2825 γῆς
829 2732 1254 2803 ἀνακαλύπτεται
1313 2743 1378 2799 τὰ
1433 2741 1672 2814 οὐράνια.
1735 2739 1869 2815 Ὀψέ
1926 2737 2007 2795 καὶ

2095 2742 2320 2825 exarat,
2355 2733 2547 2795 donec
2571 2732 2900 2813 perfectum
2935 2744 3027 2825 est
3045 2734 3451 2815 Evangelium.
3476 2735 3748 2817 Denique

355 2839 464 2895 ἀπὸ
519 2843 613 2894 ’τοό
681 2823 835 2908 ὅρους
913 2833 1149 2891 κάτεισιν
1232 2834 1260 2888 6
1317 2830 1595 2900 Ἰωάννης,
1669 2829 1760 2886 τόν
1835 2830 2007 2885 καινὸν

2094 2823 2314 2884 cedunt
2346 2839 2663 2903 pauperes,
2697 2839 2769 2883 ac
2801 2823 3059 2885 terrenis
3087 2825 3432 2887 revelantur
3455 2825 3745 2889 coelestia.

365 2928 529 3002 νόμον
619 2925 995 3005 ἐγχειρισθεὶς,
1099 2923 1172 2984 ὡς
1264 2924 1292 2977 6
1360 2919 1592 2986 θεόπτης
1663 2916 1832 2974 πάλαι
1911 2918 2007 2981 τὰς

2094 2913 2356 3005 Tandem
2391 2911 2590 3005 etiam
2623 2928 2657 2970 a
2707 2919 2910 3005 monte
2945 2911 3269 3005 descendit
3295 2915 3577 3005 Joannes,
3620 2932 3744 3005 no-

365 2999 570 3079 πλάκας
601 2999 822 3084 Μωσῆς,
857 3014 946 3069 καὶ
980 2999 1179 3068 ⁷δίδωσι
1231 3008 1403 3090 φέρων
1451 3019 1572 3070 τοῖς
1606 3005 2007 3082 αἰτησαμένοις,

2095 3020 2223 3062 vam
2257 3001 2446 3090 legem
2480 2999 2594 3090 sibi
2623 2999 3194 3090 creditamhabens,
3240 3002 3744 3083 quemadmodum

360 3105 509 3162 Οὕτω
563 3110 838 3182 τοιγαροῦν
896 3102 953 3157 ὃν
1012 3099 1217 3179 εἰλήφει
1245 3087 1255 3090 -
1289 3087 1449 3173 νόμον
1520 3097 1701 3153 καινὸν
1773 3094 2007 3173 ἐγχειρί-

2098 3091 2238 3151 olim
2273 3089 2500 3182 tabulas
2529 3089 2724 3182 Moses
2756 3089 2862 3182 Dei
2920 3087 3267 3182 inspector:
3330 3091 3612 3182 illamque
3664 3091 3749 3152 fe-

353 3217 453 3258 σας
504 3193 748 3266 ἐκείνοις,
810 3191 965 3256 αὐτὸς
1021 3191 1107 3267 βίᾳ
1160 3190 1258 3264 μὲν
1312 3190 1398 3244 καὶ
1436 3187 1670 3244 ἀκόντων
1706 3189 2007 3256 νησιωτῶν,

2097 3198 2239 3242 rens
2268 3178 2368 3240 dat
2415 3178 2508 3239 his
2538 3177 2642 3258 qui
2701 3176 3056 3267 petiverant.
3111 3181 3197 3241 Ita
3229 3199 3369 3259 ergo
3404 3179 3504 3242 ubi
3536 3199 3749 3242 novam

357 3241 450 3258 ⁷-⁷*
505 3241 748 3266 *’·“”“”ν
811 3241 965 3256 ""“I
1021 3241 1106 3267 r'T
1161 3241 1251 3264 r"
1315 3241 1396 3244 ’τί-ί
1443 3241 1526 3244 απτ
1583 3241 1616 3243 π
1760 3241 1820 3252 σίν
1990 3241 2006 3256 ι

353 3281 613 3362 παρέπλει
670 3281 726 3338 δὲ
783 3279 930 3356 ὅμως
988 3281 1087 3347 τὴν
1119 3278 1370 3358 Ἔφεσον,
1435 3278 1494 3335 Οἱ
1545 3274 1621 3337 δέ.
1653 3273 1833 3353 ὥσπερ
1867 3276 1914 3330 οἱ
1945 3275 2007 3347 τῇ

2095 3270 2284 3348 legem
2321 3286 2494 3362 quam
2514 3241 2864 3362 acceperat,
2895 3265 3048 3362 _illis_
3090 3241 3456 3362 tradidisset,
3517 3269 3648 3349 ipse
3693 3241 3752 3330 vi

353 3354 457 3429 τῶν
493 3369 782 3452 ὀφθαλμῶν
843 3369 1082 3447 πηρώσει
1141 3365 1225 3423 διὰ
1278 3372 1484 3445 μακροῦ
1524 3365 1906 3444 κατεχόμενοι,
1958 3362 2007 3418 εἲ

2095 3377 2238 3420 sane
2271 3366 2328 3418 et
2360 3355 2561 3418 invitis
2594 3354 2834 3435 quidem
2867 3355 3281 3452 jnsularibus,
3327 3357 3637 3438 navigabat
3661 3365 3753 3420 ta-

356 3484 485 3518 ποτε
542 3460 827 3518 ἀποθέσθαι
891 3457 1170 3524 δυνηθεῖεν
1227 3457 1326 3524 τὴν
1398 3456 1576 3534 νόσον,
1649 3451 1798 3530 ἥδιον
1851 3452 2007 3526 ὁρῶσι

2097 3467 2236 3510 men
2271 3448 2566 3527 Ephesum
2601 3462 2834 3507 versus.
2867 3444 3052 3506 Porro
3087 3446 3176 3508 illi
3207 3446 3384 3508 veluti
3426 3448 3526 3528 qui
3555 3447 3758 3509 oculo-

355 3551 561 3625 μᾶλλον
619 3551 711 3607 τὸν
766 3548 945 3628 ἥλιον,
1005 3547 1143 3604 οὕτω
1201 3547 1290 3602 καὶ
1333 3547 1424 3601 τὸν
1469 3544 1751 3621 ἀγαπητὸν
1803 3541 2007 3598 ἀπολα-

2099 3558 2229 3600 rum
2245 3537 2527 3628 czecitate
2558 3537 2733 3613 longo
2758 3542 3026 3628 tempore
3049 3535 3430 3628 detinentur,_
3443 3537 3494 3628 si
3516 3537 3752 3628 quando

356 3623 535 3702 δόντες
591 3645 684 3695 τοῦ
738 3623 963 3716 Χριστου
1019 3638 1065 3692 οἱ
1118 3634 1376 3714 Ἐφέσιοι,
1431 3633 1518 3688 καὶ
1567 3654 1616 3688 τι
1647 3633 1734 3687 καὶ
1765 3630 2007 3687 ποθεινό-

2099 3627 2326 3706 possint
2359 3625 2630 3686 morbum
2658 3623 2976 3716 repellere.
3006 3625 3180 3704 longe
3205 3625 3534 3705 jucundius
3565 3626 3756 3688 solem

358 3752 508 3808 τερον
573 3727 913 3787 διατίθενται.
974 3725 1035 3784 Τί
1089 3725 1259 3781 τοίνυν
1312 3725 1569 3794 hamos;
1628 3723 1807 3777 Καίτοι
1840 3718 2013 3775 πολλὰ

358 3807 623 3880 πολλάκις
679 3817 894 3891 καμὼν,
953 3815 1012 3871 οὗ
1063 3812 1240 3870 δίδωσι
1299 3825 1416 3875 τοῖς
1470 3807 1762 3890 ὀφθαλμοῖς
1826 3808 2010 3882 ὕπνον,

359 3911 447 3965 καί
503 3921 624 3971 τοῖς
681 3905 967 3985 βλεφάροις
1025 3903 1349 3980 νυσταγμὸν,
1411 3897 1530 3956 οὐδὲ
1589 3912 1704 3964 τοῖς
1737 3897 2017 3985 κροτάφοις

358 3998 677 4054 ἀνάπαυσιν·
735 3983 872 4050 ἀλλὰ
927 3991 1232 4072 παρακαλεῖ
1289 3991 1387 4064 μὲν
1438 3990 1528 4044 τὺν
1560 3987 1710 4066 λαὸν,
1744 3985 1903 4058 ζηλοῖ
1961 3983 2013 4042 δὲ

362 4087 496 4143 ma:
560 4091 666 4142 τῶν
741 4084 996 4140 ἀπειθῶν.
1059 4079 1344 4157 Ἐπανάγει
1415 4079 1537 4141 τοὺς
1608 4074 2018 4132 ὑποσκελιοθέν-

367 4197 462 4236 τας
516 4180 583 4250 τῇ
637 4171 816 4247 πλάνη
875 4173 1006 4249 πρὸς
1065 4171 1165 4236 τὴν
1237 4167 1512 4242 ἀλήθειαν,
1581 4162 1841 4222 ἀποσοϐεῖ
1895 4165 2016 4229 τοὺς

372 4263 873 4336 ἐπεισκωμάσαντας
927 4266 994 4336 τῇ
1049 4260 1251 4334 ποίμνῃ
1311 4262 1475 4335 θῆρας
1534 4255 1671 4330 μετὰ
1712 4254 1811 4320 τὴν
1859 4255 2019 4313 αὐτοῦ

365 4352 730 4431 ὑποχώρησιν,
789 4352 876 4406 καὶ
935 4347 1286 4404 ἀνακαλεῖται
1341 4348 1402 4402 τὸ
1449 4345 1716 4420 ποίμνιον.
1775 4340 1923 4400 Οὕτω
1955 4342 2017 4398 τὰ

365 4442 501 4499 κατὰ
529 4441 624 4508 τὴν
654 4440 889 4518 ’Ἔφεσον
947 4436 1271 4511 διαθέμενος,
1336 4434 1421 4490 ἐπὶ
1475 4434 1540 4490 τὰ
1584 4431 1812 4500 πλησίον
1859 4431 2018 4488 ἄπει-

2096 3715 2446 3778 intuentur:
2483 3715 2565 3775 ita
2596 3721 2655 3774 et
2699 3711 2942 3790 Ephesii
2980 3713 3344 3794 recipientes
3393 3714 3613 3777 Christi
3657 3715 3755 3778 di-

2098 3806 2346 3882 lectum,
2380 3803 2638 3883 quodam
2669 3801 2846 3862 etiam
2881 3801 3058 3863 modo
3090 3803 3555 3864 desiderabilius
3576 3821 3754 3883 quam

2103 3894 2266 3976 prius
2298 3891 2658 3975 afficiuntur.
2688 3888 2844 3961 Quid
2863 3899 3060 3951 autem
3086 3890 3186 3952 ille
3210 3898 3238 3954 ?
3257 3891 3622 3972 Quamquam
3647 3909 3758 3953 vc-

2102 3986 2416 4046 hementer
2447 3979 2655 4040 fuisset
2685 3977 3154 4058 frequenterque
3185 3981 3488 4060 fatigatus,
3511 3999 3632 4041 non
3657 3982 3756 4042 dat

2102 4071 2289 4134 oculis
2320 4086 2624 4136 somnum,
2649 4084 2758 4127 nec
2783 4065 3084 4146 palpebris
3109 4068 3616 4143 dormitationem,
3643 4088 3756 4132 nec

2102 4161 2374 4238 requiem
2396 4155 2804 4236 temporibus:
2835 4155 2939 4216 sed
2968 4157 3250 4235 populum
3277 4157 3520 4233 quidem
3545 4159 3756 4220 exhor-

2101 4261 2278 4326 tatur,
2313 4247 2598 4310 adversus
2630 4252 2829 4306 autem
2863 4245 3208 4306 incredulos
3245 4246 3434 4308 zelum
3469 4247 3752 4311 ostendit.

2103 4343 2324 4405 Errore
2354 4337 2760 4418 supplantatos
2790 4333 3024 4395 reducit
3072 4335 3144 4396 ad
3193 4335 3539 4397 veritatem:
3592 4335 3751 4397 feras

2100 4437 2264 4492 arcet
2291 4445 2422 4508 quae
2455 4431 2584 4505 post
2641 4440 2813 4483 suum
2865 4421 3195 4484 discessum
3257 4423 3640 4502 impudenter
3687 4423 3750 4485 in

364 4553 448 4586 σιν
531 4529 679 4602 ἔθνη,
766 4527 984 4584 ἐνταῦθα
1073 4525 1169 4600 μὲν
1245 4523 1568 4587 ἐπισκόπους
1641 4522 2007 4602 καταστήσων,

2103 4518 2254 4580 ovile
2286 4535 2349 4576 se
2373 4516 2765 4592 ingesserant,
2785 4529 2854 4571 ac
2878 4528 3121 4588 gregem
3153 4518 3409 4574 revocat.
3438 4509 3522 4572 Ita
3541 4510 3748 4591 dispo-

365 4619 584 4678 ἐνταῦθα
637 4615 693 4672 δὲ.
764 4617 852 4673 καὶ
922 4614 1049 4681 ὅλας
1122 4612 1408 4681 ἐκκλησίας
1467 4618 1544 4685 τῷ
1599 4610 1861 4687 πνεύματι
1932 4609 2017 4667 δι-

364 4707 531 4774 δάξων
561 4707 935 4782 σημαίνεσθαι.

454 4971 716 5034 Ε’,Ἀλλ’
776 4971 877 5028 ὦδὲ
931 4993 1000 5048 με
1056 4969 1149 5028 τοῦ
1205 4966 1369 5047 λόγου
1429 4967 1716 5045 γενόμενον
1788 4967 1850 5022 τὸ
1921 4965 2017 5034 τῆς

371 5065 618 5142 γενναίας
665 5061 843 5119 ἐκεῖνο
886 5065 1070 5141 ψυχῆς
1125 5060 1212 5116 καὶ
1270 5056 1640 5136 φιλανθρώπου
1698 5055 2015 5135 εἰσέρχεται.

391 5163 429 5210 0
461 5155 549 5209 καὶ
609 5150 805 5208 ἄνωθεν
856 5146 1136 5205 ἀναλαϐὼν
1197 5146 1295 5227 (ὡς
1354 5147 1508 5210 αὒτὸς
1568 5142 1795 5219 Κλήμης
1845 5147 1872 5200 ὁ
1919 5151 2018 5213 τῆς

370 5241 423 5298 ἐν
478 5238 844 5317 Ἀλεξανδρεία
918 5236 1239 5304 Ἐκκλησίος
1313 5231 1690 5312 πρεσϐύτορος,
1765 5233 1898 5312 ἀνὴρ
1968 5235 2017 5290 τ’

369 5331 506 5388 ἄλλα
536 5351 593 5388 τε
623 5329 952 5406 θαυμαστὸς,
981 5329 1069 5384 καὶ
1100 5325 1165 5393 δὴ
1218 5327 1304 5382 καὶ
1351 5325 1444 5380 τὸν
1503 5321 1660 5400 λόγον
1718 5321 2014 5397 ἐπαινετὸς,

367 5421 422 5478 ἐν
479 5426 580 5495 τῷ,
655 5419 742 5484 Τίς
801 5419 829 5473 ὁ
899 5415 1200 5490 σωζόμενος
1273 5413 1550 5490 πλούσιος,
1635 5409 1782 5490 λόγῳ
1864 5411 2016 5492 φησὶ)

2100 4606 2228 4669 sitis
2261 4605 2350 4665 his
2387 4620 2516 4684 quze
2541 4601 2701 4662 circa
2729 4597 3028 4678 Ephesum
3059 4609 3254 4673 erant,
3284 4599 3356 4659 ad
3385 4599 3748 4680 propinquas

2098 4706 2309 4776 gentes
2339 4689 2595 4754 discedit
2627 4709 2644 4761 ;
2677 4689 2776 4750 hic
2813 4688 3056 4768 quidem
3091 4688 3404 4769 episcopos
3451 4690 3747 4751 constitu-

2099 4797 2290 4864 turus,
2322 4781 2444 4843 illic
2477 4797 2616 4840 vero
2642 4777 2904 4855 integras
2935 4797 3177 4859 quoque
3210 4776 3494 4840 docturus
3534 4776 3748 4841 Eccle-

2101 4874 2221 4938 sias
2249 4871 2472 4951 Spiritu
2501 4865 2833 4946 obsignari.

2182 4965 2254 5026 V.
2287 4963 2509 5021 Verum
2539 4975 2632 5016 me
2666 4955 2786 5015 huc
2807 4958 3106 5016 sermonis
3132 4972 3507 5036 progressum
3529 4958 3748 5020 factum

2101 5053 2245 5115 illud
2272 5049 2488 5112 animae
2516 5060 2825 5124 generosae
2852 5061 2921 5104 ac
2949 5043 3222 5107 humanae
3265 5055 3516 5126 occupat
3542 5067 3556 5105 :
3589 5049 3750 5128 quod

2102 5145 2280 5206 etiam
2331 5137 2506 5201 altius
2563 5140 2842 5212 repetens
2875 5131 3076 5212 (veluti
3126 5141 3326 5196 narrat
3346 5134 3625 5196 Clemens
3646 5136 3748 5198 ille

2102 5225 2524 5296 Alexandrinae.
2547 5221 2832 5284 Ecclesiae
2892 5221 3226 5303 presbyter,
3278 5223 3368 5283 vir
3417 5223 3565 5284 etin
3613 5225 3747 5288 aliis

2099 5315 2514 5388 admirandus,
2540 5327 2600 5374 et
2633 5311 2977 5392 eloquentia
2999 5329 3139 5374 sane
3165 5312 3506 5387 laudabilis,
3538 5319 3598 5374 in
3623 5332 3747 5376 ser-

2105 5428 2302 5488 mone,
2333 5405 2486 5482 Quis
2516 5403 2684 5464 dives
2705 5401 2908 5464 salvus
2929 5402 3065 5481 ﬁat.)
3092 5411 3376 5465 retexam.
3410 5403 3556 5465 Cum
3585 5409 3744 5466 enim

370 5490 732 5590 διηγήσομαι.
766 5504 1096 5584 Ἀφκόμενος
1151 5503 1250 5581 γὰρ
1306 5502 1560 5567 Ἰωάννης
1593 5501 1730 5574 μετὰ
1759 5490 1888 5570 τῆνή
1915 5490 2007 5558 ἀπῖ

2105 5497 2471 5584 pervenisset
2518 5490 2778 5555 Joannes
2836 5501 2968 5574 post
3023 5490 3283 5554 reditum
3334 5509 3407 5554 ex
3436 5490 3640 5553 Patmo
3670 5493 3745 5556 ad

449 5703 483 5758 9
511 5695 709 5766 Exod.
742 5695 932 5776 "11,1
963 5712 1134 5782 seqq,
1219 5692 1277 5747 *0
1298 5689 1484 5757 Exod.
1509 5705 1709 5771 xxxrv,
1740 5688 1764 5754 Ι
1791 5707 1961 5780 seqq.
