4148 6426
402 421 522 486 695

1713 413 1995 475 MENSIS
2038 413 2466 476 DECEMBER.

3667 412 3785 476 696

403 555 720 640 quamdam
738 554 1064 616 vicinarum
1088 550 1422 640 civitatum,
1446 547 1615 629 cujus
1638 547 1813 610 etiam
1843 566 1914 628 ap
1924 546 2043 629 pel-
2065 601 2066 606 η

2151 553 2224 616 τῆς
2259 548 2474 626 Hirpos
2503 546 2721 604 κάθοδον
2756 545 2842 603 ἐπὶ
2873 568 2992 603 τινα
3023 553 3127 605 τῶν
3156 549 3214 604 οὒ
3246 548 3425 628 πόρρω
3455 548 3687 622 πόλεων,
3727 551 3786 618 ἧς

404 636 692 709 lationem
725 642 994 706 nonnulli
1027 640 1255 716 dicunt,
1310 650 1370 701 et
1402 639 1617 701 fratres
1672 636 1773 717 qui
1832 636 1891 697 in
1942 638 2052 697 hac

404 743 580 800 erant
605 743 939 816 opportune
967 737 1300 792 recreasset
1328 750 1341 792 :
1377 726 1693 808 quemdam
1730 725 1811 787 ibi
1843 726 2050 788 adole-

405 835 672 890 scentem
693 818 1353 905 reperit,magnitudine
1387 816 1780 887 mediocrem,
1809 824 2050 897 aspectu

405 916 639 980 civilem
673 935 687 978 :
721 928 977 991 cumque
1010 908 1339 990 perspicaci
1383 906 1625 987 spiritus
1652 905 1920 967 efﬁcacia
1939 924 2047 981 ge-

406 1003 786 1067 nerositatem
816 998 1030 1061 animae
1062 996 1218 1058 illius
1247 1015 1316 1057 ac
1366 1012 1595 1056 morum
1629 994 2048 1056 liberalitatem

445 1092 799 1170 bservasset,
822 1085 1273 1149 benedictiones
1296 1084 1395 1145 dat
1415 1083 1804 1158 adolescenti,
1839 1092 1898 1144 et
1921 1082 2051 1144 suf-

446 1112 799 1170 DSBI‘VilSSBt,
823 1112 1273 1149 Deneurcuuues
1296 1112 1395 1145 uat
1415 1112 1804 1158 uuuwaceuu,
1839 1112 1898 1144 υι
1921 1112 2051 1144 bun-

402 1112 677 1245 Kcienter
704 1179 896 1259 ipsum
929 1177 1160 1255 inungit
1206 1194 1275 1237 ac
1323 1175 1559 1236 excitat.
1622 1172 1911 1244 Quoniam
1948 1191 2053 1235 au-

404 1279 525 1335 tem
547 1272 672 1352 jam
700 1268 1075 1331 discessurus
1107 1274 1237 1327 erat
1270 1271 1327 1327 et
1357 1264 1469 1325 alio
1502 1281 1874 1344 accessurus,
1909 1270 1973 1323 ut
2003 1271 2061 1323 et

402 1370 623 1427 terram
683 1355 1127 1440 praedicatione,
1181 1362 1238 1417 et
1294 1372 1455 1415 mare
1502 1370 1570 1415 ac
1624 1353 1848 1414 insulas
1880 1371 2058 1414 acce—

407 1452 619 1514 deret:
654 1446 903 1511 civitatis
929 1445 1209 1526 episcopo
1239 1442 1679 1506 adolescentem
1716 1442 1775 1503 in
1809 1442 2063 1503 ecclesia

410 1557 613 1603 coram
671 1538 908 1601 Christo
972 1542 1118 1596 teste
1177 1531 1585 1612 commendat,
1640 1530 1739 1591 ubi
1773 1534 1956 1592 multa
1988 1530 2063 1593 de

411 1629 573 1693 illius
602 1624 921 1707 disciplina
982 1632 1039 1685 et
1088 1621 1439 1683 educatione
1501 1620 1903 1701 prrecepisset.
1957 1619 2064 1681 Ille

410 1737 549 1782 vero
581 1725 856 1798 prompto
908 1711 1179 1797 suscepit
1233 1712 1454 1786 animo,
1518 1708 1820 1790 pollicitus
1882 1710 2064 1770 multa

410 1824 648 1890 quoque
671 1803 1054 1882 seadjecturu
1068 1820 1126 1890 nl
1146 1800 1204 1861 in
1230 1817 1370 1861 cura
1404 1798 1563 1861 circa
1590 1799 2058 1860 adolescentem.

2137 638 2232 696 καΐ
2261 639 2357 707 τὴν
2390 637 2585 705 πλῆσιν
2615 636 2742 693 ἔνιοι
2775 635 3015 718 λέγουσι,
3042 639 3139 694 καί
3170 637 3233 695 τὰ
3256 638 3441 718 μέτρια
3472 641 3591 704 τοὺς
3624 637 3784 696 ἀδελ-

2135 728 2263 805 φοὺς
2322 728 2376 783 ἐν
2437 727 2599 803 ταύτῃ
2644 725 3020 802 διαναπαύσας,
3084 729 3306 806 εύρίσκει
3357 730 3476 786 τινὰ
3516 732 3786 786 νεανίσκον

2136 817 2275 892 ἐκεῖ,
2313 818 2374 872 τὸ
2409 816 2631 895 μέγεθος
2667 816 2902 893 μέτριον,
2953 818 3052 884 τὴν
3100 839 3155 874 τε
3210 817 3328 893 ὄψίν
3386 820 3621 878 ἀστεῖον.
3690 821 3788 878 Καὶ

2134 913 2202 983 τῇ
2267 905 2540 985 διορατικῇ
2605 913 2695 965 τοῦ
2751 907 3055 991 Πνεύματος
3114 907 3357 986 ἆνεργείᾳ
3425 909 3523 975 τὴν
3592 908 3789 966 ἐκείνου

2134 999 2233 1061 τῆς
2290 1000 2478 1075 ψυχῆς
2537 995 2826 1074 εὐγένειαν,
2885 996 2973 1053 καὶ
3030 1004 3121 1054 τοῦ
3173 997 3331 1065 ἤθους
3381 998 3789 1075 τεκμηράμενος

2137 1084 2232 1150 τήν
2274 1082 2596 1162 ἐλευθερίαν,
2632 1084 2874 1163 εὐλογίας
2905 1108 2962 1142 τε
3012 1085 3327 1162 μεταδίδωσι
3385 1093 3463 1161 τῷ
3509 1089 3788 1167 νεανίσκῳ,

2139 1177 2226 1229 καὶ
2275 1174 2407 1252 πρὸς
2439 1173 2630 1253 ἆρετην
2676 1177 2869 1238 ἱκανῶς
2930 1177 3086 1233 αὐτὸν
3141 1176 3417 1256 ὑπαλείφει
3474 1179 3564 1235 καὶ
3624 1176 3793 1234 διανί-

2143 1284 2354 1329 στησιν,
2411 1262 2561 1320 Ἐπεὶ
2621 1262 2674 1318 δὲ
2732 1266 2821 1322 καὶ
2878 1264 3180 1342 ἀποδημεῖν
3238 1265 3459 1344 ἔμελλεν
3508 1267 3634 1343 ἤδη,
3706 1269 3794 1324 καὶ

2144 1352 2355 1429 ἑτέρωθι
2413 1352 2671 1429 μετιέναι,
2730 1354 2822 1410 ἵνα
2878 1353 2975 1411 καί
3031 1357 3132 1433 γῆν
3188 1364 3265 1432 τῷ
3327 1357 3628 1436 κηρύγματι
3699 1359 3797 1415 καί

2144 1447 2306 1510 νῆσον
2367 1447 2539 1500 πᾶσαν
2595 1441 2794 1509 ἒπέλθη
2855 1445 2940 1500 καὶ
2999 1444 3289 1527 θάλασσαν,
3332 1454 3408 1522 τῷ
3456 1452 3555 1514 τῆς
3585 1446 3793 1512 πόλεως

2148 1530 2424 1605 ἒπισκόπῳ
2480 1532 2571 1588 τὸν
2624 1534 2891 1591 νεανίσκον
2952 1533 3035 1591 ἐπὶ
3081 1540 3180 1603 τῆς
3230 1535 3554 1603 Ἐκκλησίας
3587 1539 3673 1593 καὶ
3704 1543 3796 1595 τοῦ

2149 1629 2373 1701 Χριστοῦ
2459 1623 2723 1702 μάρτυρος
2816 1625 3311 1704 παρακατατίθεται,
3425 1626 3599 1686 πολλὰ
3680 1629 3798 1704 περὶ

2148 1713 2248 1778 τῆς
2310 1710 2509 1795 ξκείνου
2570 1711 2809 1779 παιδείας
2870 1717 2954 1772 καὶ
3002 1716 3099 1783 τῆς
3140 1715 3358 1795 ἀγωγῆς
3389 1716 3532 1790 αύτῷ
3568 1716 3796 1788 ἐπισκή-

2151 1806 2282 1877 ψας.
2322 1792 2378 1860 Ὀ
2410 1801 2463 1858 δὲ
2538 1801 2743 1868 ὲδέξατό
2801 1826 2857 1860 τε
2915 1792 3196 1881 προθύμως
3266 1792 3362 1863 καὶ
3416 1804 3797 1883 ὑπερϐαλέσθαι

408 1887 639 1961 Deinde
668 1892 771 1955 ille
801 1891 1045 1969 quidem
1084 1888 1384 1970 Ephesum
1415 1887 1694 1963 discedit,
1740 1887 1839 1950 hic
1869 1895 2061 1949 autem

2151 1892 2307 1947 αὐτὸν
2364 1890 2631 1971 ὑπέσχετο
2687 1898 2753 1970 τῇ
2810 1893 2935 1973 περὶ
2994 1895 3084 1949 τὸν
3154 1896 3426 1952 νεανίσκον
3491 1895 3794 1971 ἒπιμελείᾳ,

409 1991 781 2066 assumptum
828 1982 887 2042 in
942 1980 1186 2042 domum
1236 1978 1678 2040 adolescentem
1711 1978 1929 2052 aiebat,
1966 1981 2061 2038 in-

409 2074 698 2146 struebat,
767 2089 969 2133 curam
1029 2070 1160 2149 ejus
1216 2067 1521 2149 habebat;
1587 2068 1824 2130 tandem
1884 2067 2064 2129 etiam

408 2163 744 2246 baptizavit.
781 2162 969 2223 Porro
1001 2158 1105 2220 ubi
1133 2157 1371 2220 Domini
1406 2157 1800 2246 signaculum,
1848 2174 2066 2237 nempe

411 2245 648 2318 firmum
709 2249 1148 2312 munimentum
1205 2246 1319 2326 ipsi
1372 2245 1727 2327 addidisset,
1780 2245 2068 2325 deinceps

413 2342 682 2408 custodia
739 2339 999 2401 liberum
1060 2337 1306 2399 dimisit.
1366 2337 1457 2397 Ad
1509 2336 1671 2397 hunc
1729 2345 1925 2397 autem
1965 2334 2068 2415 qui

414 2441 555 2497 ante
593 2438 825 2509 tempus
855 2426 1276 2490 remissionem
1312 2423 2069 2504 acceperat,subeuntnon-

416 2520 568 2584 nulli
597 2517 906 2593 coaetanei,
966 2517 1224 2578 etfrenes
1254 2532 1321 2576 ac
1352 2513 1786 2593 indisciplinati
1809 2513 1870 2574 in
1893 2513 2067 2591 cupi-

416 2609 724 2682 ditatibus,
797 2612 854 2668 et
910 2606 1166 2687 primum
1227 2603 1469 2683 quidem
1525 2602 1961 2664 adolescentem
1995 2601 2065 2664 ad

416 2700 555 2762 vitia
586 2692 1069 2780 persuasibilem,
1108 2692 1385 2773 pretiosis
1415 2692 1696 2754 conviviis
1731 2710 1798 2753 ac
1845 2691 2068 2752 mensis

418 2789 531 2853 sibi
579 2786 923 2850 conciliant.
985 2782 1127 2855 Quae
1183 2788 1378 2844 autem
1432 2781 1572 2842 hinc
1627 2789 1831 2842 secuta
1887 2788 2070 2842 sunt?

416 2878 634 2943 Facilis
664 2876 822 2938 enim
855 2894 925 2936 ac
956 2871 1232 2954 proclivis
1263 2880 1350 2932 est
1379 2871 1465 2930 via
1482 2870 1879 2950 quaeducitad
1906 2870 2066 2943 vitia,

2150 1980 2285 2038 Εῖτο
2317 1982 2343 2037 6
2377 1981 2473 2057 μὲν
2506 1984 2637 2060 πρὸς
2666 1984 2763 2050 τὴν
2797 1982 3030 2062 ’Ἔφεσον
3061 1984 3292 2065 ἀπαίρει,
3336 1987 3363 2040 6
3394 1982 3448 2040 δὲ
3494 1983 3677 2042 οἴκαδε
3707 1988 3799 2043 τὸν

2150 2071 2419 2128 νεανίσκον
2474 2070 2818 2149 παραλαϐὦν,
2891 2072 3128 2153 ἔτρεφεν,
3199 2071 3522 2155 ἐπαίδευσεν,
3596 2074 3798 2152 ἐπεμέ-

2150 2162 2295 2238 Λέτο,
2328 2158 2480 2224 τέλος
2513 2158 2815 2225 ἐϐάπτισεν,
2852 2152 2944 2225 Ὠς
2974 2152 3031 2218 δὲ
3057 2164 3155 2230 τὴν
3184 2173 3277 2223 τοῦ
3310 2152 3800 2245 Κυρίου-σφραγῖδα

2150 2250 2210 2305 τὸ
2272 2248 2502 2328 ἀσγαλὲς
2562 2250 2704 2327 αύτῷ
2757 2249 2982 2308 ἐπέϐαλε
3038 2250 3416 2330 φυλακτήριον,
3481 2254 3541 2310 τὸ
3611 2252 3799 2312 λοιπὸν

2149 2341 2315 2416 ὑφῆκε
2373 2338 2468 2407 τῆς
2526 2338 2786 2417 φυλακῆς.
2852 2343 2953 2400 Τὸν
3009 2340 3086 2416 δὲ,
3151 2341 3254 2420 πρὸ
3305 2340 3446 2422 ὥρας
3505 2340 3801 2417 λαϐόμενον

2152 2427 2381 2491 ἆνέσεως
2437 2427 2748 2487 ὒποδύονταί
2804 2452 2941 2493 τινες
3000 2429 3196 2498 ἧλικης
3252 2431 3347 2497 τὰς
3399 2433 3565 2511 ὀρμας
3596 2432 3798 2513 ἀχάλι-

2155 2540 2231 2573 νοι
2261 2518 2347 2574 καὶ
2379 2517 2670 2599 ἀνάγωγοι,
2703 2521 2790 2577 καὶ
2843 2520 2904 2577 τὸ
2959 2528 3170 2599 πρῶτον
3228 2520 3510 2601 ἐπαγωγὸν
3569 2524 3639 2589 είς
3700 2546 3802 2580 κα-

2150 2609 2268 2665 κίαν
2320 2607 2620 2688 φιλοτίμοις
2680 2609 2945 2666 ἑστιάσεσι
2998 2612 3087 2668 καὶ
3139 2612 3423 2690 τραπέζαις
3480 2613 3803 2671 ὑποποιοῦν-

2150 2720 2238 2753 ται
2271 2698 2360 2753 τὸν
2393 2697 2528 2761 νέον.
2569 2698 2644 2758 Τὰ
2701 2697 2756 2755 δὲ
2815 2699 3047 2759 ἐντεῦθεν
3104 2704 3320 2783 ὁποτας
3382 2703 3506 2758 Λεία
3563 2702 3663 2781 γὰρ
3718 2714 3807 2768 καὶ

2154 2788 2490 2855 κατάντηςὴ
2543 2787 2637 2855 τῆς
2695 2791 2881 2855 κακίας
2938 2788 3081 2866 ὁδὸς,
3140 2795 3228 2848 καὶ
3287 2793 3376 2848 τὸν
3434 2793 3533 2859 τὴν
3587 2792 3806 2870 πρώτην

2158 2877 2318 2945 αὐτῆς
2383 2876 2657 2953 ἁψάμενον
2714 2879 2850 2936 πάνυ
2910 2879 3085 2959 ῥᾴδιον
3142 2879 3209 2938 δι’
3267 2884 3471 2956 ὁμαλοῦ
3528 2888 3621 2938 τοῦ
3664 2904 3806 2938 παν-

418 2976 478 3033 et
503 2986 641 3031 eum
675 2966 777 3047 qui
809 2965 1063 3046 primum
1126 2961 1258 3041 ejus
1314 2959 1508 3040 attigit
1553 2959 1872 3050 gradum,
1901 2958 2066 3050 facile

2157 2967 2246 3032 τὸς
2307 2966 2454 3030 εὐθὺς
2513 2958 2917 3048 κατενεχθῆναι
2964 2971 3094 3048 πρὸς
3151 2971 3212 3027 τὸ
3269 2971 3578 3050 ἀκρότατον.
3636 2973 3810 3047 Ταύτῃ

418 3058 724 3122 admotum
784 3061 876 3115 est
924 3070 1033 3133 per
1089 3066 1328 3111 omnem
1380 3047 1775 3135 aequalitatem
1843 3048 2066 3109 detrahi

2159 3078 2239 3112 τοι
2300 3058 2387 3113 καὶ
2447 3056 2646 3133 νύκτωρ
2706 3058 2790 3115 ἐπὶ
2847 3057 3180 3117 λωποδυσίαν
3231 3047 3417 3135 ἰόντες,
3471 3063 3563 3116 τὸν
3629 3062 3803 3117 νεανί-

419 3150 688 3232 protinus
743 3161 930 3222 usque
1002 3140 1074 3202 ad
1150 3148 1504 3201 extremum.
1569 3134 1695 3199 llac
1768 3137 1860 3199 via
1931 3137 2066 3197 dum

2161 3168 2287 3202 σκον
2323 3145 2652 3232 ,ἐπάγονταν
2714 3149 2741 3201 ὁ
2796 3144 2874 3219 δὲ,
2933 3148 3331 3226 ὑποτυφόμενος
3382 3134 3483 3215 ἤδη
3527 3150 3657 3225 πρὸς
3716 3149 3808 3203 τὸν

420 3226 601 3303 etiam
632 3243 809 3296 nocte
865 3230 939 3292 ad
985 3231 1145 3292 furta
1197 3228 1575 3302 accederent,
1630 3226 2066 3289 adolescentem

2161 3241 2260 3302 τῆς
2319 3231 2569 3309 λῃστείας
2624 3233 2816 3312 ἔρωτα,
2878 3236 2965 3291 καὶ
3037 3242 3103 3311 τῇ
3149 3238 3253 3291 τῶν
3281 3237 3577 3313 χρημάτων
3636 3234 3807 3294 ἐλπίδι

419 3347 539 3390 una
592 3322 964 3407 pertrahunt.
1001 3319 1107 3381 llle
1159 3335 1297 3379 vero
1346 3319 1470 3397 jam
1528 3335 1731 3379 amore
1781 3316 2066 3378 latrocinii

2159 3326 2258 3391 τὴν
2323 3323 2496 3401 ὁρμὴν
2558 3322 2879 3400 παραθήξας,
2941 3323 3085 3381 οὐδὲν
3144 3324 3218 3381 ἔτι
3264 3327 3450 3403 μικρὸν
3501 3324 3695 3382 ἐνενόει
3727 3323 3810 3381 διὰ

421 3421 959 3493 succensus,etspe
977 3408 1313 3470 divitiarum
1333 3407 1728 3488 cupiditatem
1753 3424 2066 3479 exacuens,

2161 3412 2389 3491 μὲγετος
2448 3408 2680 3491 φύσεως.
2745 3408 2962 3480 Ἀμέλει
3020 3415 3107 3471 καὶ
3165 3414 3375 3490 λῃστῶν
3419 3416 3517 3491 μὲν
3553 3415 3809 3493 ἑταιρείας

419 3505 566 3568 nihil
592 3506 715 3586 jam
754 3497 1148 3563 meditabatur
1176 3497 1334 3578 quod
1369 3504 1526 3558 esset
1552 3496 1875 3586 exiguum,
1931 3512 2067 3575 pro-

424 3603 557 3677 pter
597 3583 841 3656 vnaturae
902 3607 969 3650 ac
1022 3587 1241 3649 indolis
1290 3585 1771 3677 generositatem.
1806 3583 2072 3664 Denique

421 3676 600 3748 etiam
648 3681 949 3744 latronum
1000 3677 1371 3739 sodalitatem
1414 3676 1506 3736 his
1538 3676 1636 3755 qui
1667 3693 1871 3736 secum
1906 3681 2075 3734 erant

422 3770 877 3844 demonstravit,
911 3775 1088 3848 atque
1120 3767 1219 3829 hic
1280 3766 1582 3827 latronum
1633 3764 1915 3845 princeps
1948 3763 2073 3843 pri-

419 3880 675 3944 musque
721 3869 922 3940 raptor
971 3866 1103 3920 erat
1156 3853 1744 3918 vehementissimus.
1781 3852 1919 3915 Post
1951 3854 2076 3915 hmo

417 3970 556 4015 vero
586 3950 690 4014 ubi
718 3953 983 4011 Joannes
1014 3965 1251 4010 rursum
1302 3945 1374 4006 ad
1439 3962 1568 4007 eam
1620 3944 1915 4006 civitatem
1974 3962 2075 4005 re-

418 4049 699 4122 measset,
734 4040 960 4102 caeteris
1014 4044 1259 4118 propter
1301 4054 1431 4117 quas
1480 4054 1549 4095 eo
1590 4043 1832 4096 venerat
1865 4032 2072 4114 dispo-

417 4130 547 4194 sitis
605 4139 668 4192 ut
721 4147 953 4212 aequum
1005 4135 1168 4190 erat:
1206 4125 1326 4205 Age
1359 4142 1527 4198 sane,
1586 4123 1799 4204 inquit,
1836 4124 1906 4185 ad
1940 4123 2074 4202 epi-

418 4239 690 4303 scopum,
720 4219 1062 4299 depositum
1087 4215 1259 4278 nobis
1288 4214 1472 4276 redde
1494 4213 1652 4291 quod
1681 4232 1789 4292 ego
1819 4220 1876 4273 et
1903 4212 2078 4275 Chri-

418 4319 547 4373 stus
577 4311 706 4372 loco
739 4307 929 4390 testis,
962 4308 1023 4369 in
1076 4305 1329 4369 ecclesia
1372 4304 1526 4383 apud
1568 4312 1626 4364 te
1657 4303 2077 4381 deposuimus.

416 4402 498 4465 At
526 4400 629 4464 ille
657 4418 793 4462 cum
826 4398 1193 4461 existimaret
1224 4392 1510 4476 pecunias
1560 4410 1691 4453 esse
1725 4409 1859 4470 qua:
1902 4408 2081 4469 repe-

419 4498 706 4566 terentur,
740 4488 997 4570 primum
1018 4485 1259 4567 quidem
1286 4481 1617 4570 obstupuit,
1646 4499 1778 4541 cum
1808 4477 1924 4539 sibi
1960 4497 2081 4540 non

2157 3501 2279 3564 τοὺς
2344 3500 2461 3577 περὶ
2514 3498 2670 3556 αὒτὸν
2730 3498 3056 3577 ἐπεδείξατο,
3119 3503 3438 3583 Λῄσταρχος
3490 3503 3545 3560 δὲ
3602 3510 3812 3581 πρῶτον

2156 3589 2307 3651 οὗτος
2369 3592 2435 3657 ἦν
2487 3590 2817 3663 βιαιότατος.
2878 3593 3024 3649 Μετὰ
3085 3590 3139 3649 δὲ
3192 3600 3353 3650 ταῦτα
3411 3601 3481 3669 τῇ
3541 3600 3693 3651 πολει
3727 3588 3814 3651 καὶ

2158 3682 2302 3742 αὖθις
2365 3681 2392 3734 ὁ
2449 3678 2704 3746 Ἰωάννης
2768 3679 3133 3764 ἐπιδημήσας,
3191 3685 3317 3739 επεὶ
3376 3682 3545 3741 τᾶλλα
3590 3684 3664 3741 ὧν
3695 3686 3815 3741 ἕνε-

2158 3792 2249 3828 κεν
2279 3769 2409 3837 ἧκεν
2439 3768 2509 3830 ὡς
2559 3770 2620 3825 τὸ
2650 3770 2790 3834 εἰκὸς
2824 3773 3216 3849 κατεστήσατο,
3278 3771 3413 3849 ’Ἄγε
3466 3772 3624 3853 δῆτα,
3683 3775 3813 3851 πρὸς

2158 3862 2247 3916 τὸν
2320 3858 2608 3915 ἒπίσκοπόν
2680 3883 2835 3939 φησι,
2908 3862 3008 3929 τὴν
3088 3864 3542 3939 παρακαταθήκην
3618 3862 3814 3928 ἀπόδος

2159 3950 2321 4023 ἡμῖν,
2380 3946 2442 4015 ἢν
2498 3946 2606 4025 ἐγώ
2662 3970 2747 4006 σοι
2806 3950 2901 4006 καί
2960 3952 2986 4007 ὁ
3046 3951 3270 4028 Χριστὸς
3321 3951 3424 4007 ὑπὸ
3475 3951 3696 4033 μάρτυρι
3746 3960 3815 4030 τῇ

2162 4036 2457 4107 Ἐκκλησία
2514 4036 3003 4113 παρακατεθέμεθα,
3067 4038 3167 4093 Τὸν
3226 4035 3303 4113 δὲ,
3363 4038 3622 4117 χρήματα
3673 4041 3815 4096 εἶναι

2158 4125 2224 4182 τὰ
2295 4124 2684 4200 ἐπιζητούμενα
2772 4124 3038 4199 οἰηθέντα,
3115 4130 3300 4204 πρῶτα
3388 4128 3486 4201 μὲν
3564 4126 3816 4196 ἔκπληξις

2163 4216 2344 4294 εἶχεν,
2406 4216 2439 4267 ἃ
2498 4213 2573 4287 μὴ
2633 4212 2845 4283 σονήδει
2896 4213 3074 4271 Λαϐὼν
3110 4215 3520 4292 ἀπαιτούμενον,
3556 4218 3642 4274 καὶ
3676 4220 3812 4288 μήτε

2164 4303 2430 4359 πιστεύειν
2488 4302 2568 4379 ἐφ’
2628 4306 2716 4367 οἷς
2773 4304 2869 4360 οὒκ
2927 4303 3079 4383 εἶχε,
3136 4305 3274 4380 μήτε
3312 4306 3810 4387 ἀπιστεϊνἾωᾶννῃ

2165 4391 2474 4463 δυνάμενον.
2541 4383 2631 4454 Ὠς
2691 4391 2770 4469 δὲ,
2831 4394 2931 4451 Τὸν
2990 4394 3282 4468 νεανίσκον,
3338 4396 3517 4477 εἶπεν,
3576 4383 3806 4467 ἀπαιτῶ,

2166 4481 2252 4536 καὶ
2311 4487 2405 4537 τοῦ
2465 4478 2691 4561 ἀδελφοῦ
2748 4482 2844 4551 τὴν
2905 4482 3112 4563 ψυχὴν,
3149 4485 3348 4565 μύχιόν
3409 4509 3450 4541 τι
3503 4484 3749 4551 στενάξας
3783 4488 3810 4542 6

419 4588 580 4644 esset
606 4566 881 4642 conscius
909 4595 975 4639 se
1003 4566 1064 4637 id
1096 4572 1254 4654 quod
1308 4568 1692 4650 repetebalur
1742 4567 2066 4647 accepisse,

2165 4566 2463 4649 πρεσϐύτης
2517 4570 2572 4626 ἐν
2628 4571 2928 4652 θερμοτέρῳ
2983 4580 3059 4647 τῷ
3116 4575 3400 4654 πνεύματι,
3470 4576 3554 4631 καὶ
3607 4573 3813 4632 61:061-

420 4678 479 4732 et
506 4687 701 4751 neque
735 4667 988 4730 credere
1014 4668 1234 4745 posset,
1278 4659 1423 4751 fieri
1452 4657 1870 4751 repetitionem
1899 4655 2066 4751 ob__ea

2162 4660 2338 4751 κρύσει
2398 4659 2653 4736 ἐλεεινὸν,
2719 4662 2983 4737 Ἐκεῖνος,
3024 4662 3085 4743 ἕφ
3118 4686 3177 4736 η,
3232 4664 3472 4731 τέθνηκε,
3535 4665 3670 4719 Ποτὲ
3730 4661 3806 4734 δέ,

421 4766 553 4839 qna;
582 4745 701 4819 non
729 4754 1000 4828 haberet,
1040 4768 1235 4833 neque
1268 4748 1481 4813 Joanni
1516 4758 1634 4809 non
1663 4747 1934 4809 credere.
1960 4745 2073 4809 Ubi

419 4837 617 4911 autem
650 4845 936 4908 dixisset:
990 4841 1458 4904 Adolescentem
1516 4844 1722 4918 repeto
1782 4844 1839 4897 et
1873 4837 2072 4898 fratris

418 4936 703 5016 animam,
732 4932 1000 4994 intimius
1030 4929 1335 5010 suspirans
1366 4945 1548 4990 senex
1595 4925 1926 4988 ardentiori
1956 4927 2075 5006 spi-

418 5026 562 5100 ritu,
595 5043 663 5087 ac
689 5014 1567 5101 sublacrymationemiseriam
1598 5016 1911 5079 indicans:
1939 5014 2068 5096 Ille,

415 5114 632 5193 inquit,
667 5118 934 5173 mortuus
968 5118 1078 5172 est.
1133 5111 1315 5171 Porro
1376 5109 1776 5183 interregatus
1836 5105 2071 5185 quando

420 5211 479 5267 et
507 5200 1021 5284 quomodo,quave
1055 5197 1926 5279 morte,Deo,inquit,mortuus
1960 5201 2069 5273 est,

420 5311 553 5355 cum
602 5288 983 5352 latrocinium
1030 5305 1315 5350 exercere
1369 5286 1640 5366 elegerit,
1703 5293 1763 5346 et
1806 5291 2065 5343 montem

417 5382 552 5443 loco
605 5378 877 5441 ecclesiae
950 5377 1309 5451 inhabitare,
1385 5377 1755 5458 perditorum
1821 5389 2070 5433 conver-

418 5470 709 5533 sationem
766 5469 1071 5549 amplexus
1126 5466 1321 5548 potius
1378 5485 1556 5547 quam
1620 5472 1879 5523 nostram
1932 5479 2071 5539 erga

418 5558 613 5639 ipsum
671 5556 1138 5619 sollicitudinem
1200 5573 1266 5615 ac
1325 5571 1554 5615 curam.
1608 5550 1813 5613 Atille
1850 5549 1925 5610 ob
1957 5549 2069 5611 hoc

413 5648 619 5710 dolore
688 5647 1027 5709 vehementi
1097 5661 1459 5726 oppressus:
1540 5641 1786 5715 Revera,
1858 5641 2065 5720 inquit,

415 5737 717 5817 egregium
749 5744 804 5799 te
839 5734 1152 5799 custodem
1182 5733 1397 5797 animae
1428 5730 1633 5795 fratris
1668 5729 1883 5811 reliqui
1914 5750 1927 5789 :
1959 5744 2067 5790 ve-

2156 4750 2251 4804 καί
2308 4754 2447 4827 πῶς,
2511 4751 2597 4807 καὶ
2652 4751 2767 4807 τίνα
2826 4754 2917 4808 τὸν
2947 4752 3171 4810 θάνατον
3198 4753 3500 4830 ἐρωτηθεὶς,
3553 4754 3670 4825 Θεῷ
3715 4750 3810 4806 τέ-

2154 4842 2371 4910 θνηκεν,
2404 4843 2548 4913 εἶπε,
2609 4838 2885 4916 λῃστεύειν
2941 4840 3218 4916 ἑλόμενος,
3279 4839 3373 4896 καῖ
3432 4841 3493 4896 τὸ
3542 4840 3662 4917 ὅρος
3697 4838 3811 4896 ἀντὶ

2157 4932 2253 4995 τῆς·
2280 4926 2565 4995 ἐκκλησίας
2624 4930 2814 5006 οἰκεῖν,
2876 4932 2962 4986 καὶ
3016 4929 3111 4996 τῆς
3170 4927 3431 5004 ἡμετέρας
3486 4929 3602 5006 περὶ
3653 4931 3809 4988 αὐτὸν

2156 5017 2462 5092 ἐπιμελείας
2523 5020 2611 5076 καὶ
2666 5024 2763 5086 τῆς
2823 5017 3093 5099 φροντιδος
3158 5017 3256 5084 τήν
3313 5018 3449 5092 μετὰ
3521 5021 3624 5074 τῶν
3706 5040 3809 5075 κα-

2154 5108 2392 5185 κούργων
2478 5106 2682 5183 μᾶλλον
2770 5105 3047 5185 διατρίϐὴν
3119 5106 3519 5181 ἀσπασάμενος.
3598 5099 3656 5166 Ὀ
3727 5106 3804 5181 δὲ,

2154 5196 2271 5253 λίαν
2327 5197 2412 5252 ἐπὶ
2468 5197 2641 5269 τούτῳ
2701 5197 3099 5273 περιπαθήσας,
3133 5191 3304 5253 Ἦπου
3336 5196 3497 5253 καλόν
3545 5219 3629 5276 γε,
3678 5197 3805 5276 ἔφη,

2154 5284 2363 5364 φύλακά
2395 5306 2451 5340 σε
2483 5290 2582 5350 τῆς
2617 5290 2708 5339 τοῦ
2738 5283 2964 5363 ἀδελφοῦ
3012 5285 3198 5365 ψδχῆς
3236 5285 3620 5348 καταλέλοιπα.
3658 5284 3806 5342 Ἀλλ’

2151 5374 2324 5437 ’ίππος
2382 5373 2446 5441 δὴ
2506 5372 2772 5450 παρέστω,
2834 5375 2923 5429 καὶ
2973 5373 3191 5451 ἡγεμὼν
3249 5372 3473 5432 δεδοσθω
3546 5398 3635 5451 μοι
3709 5381 3807 5442 τῆς

2152 5461 2296 5526 ὁδοῦ,
2360 5460 2468 5521 Καὶ
2525 5461 2708 5519 αὐτίκα
2767 5460 2955 5526 ἐπιϐὰς
3006 5462 3231 5531 ἤλαυνεν
3287 5463 3435 5527 ὅλαις
3493 5467 3695 5539 ἧνίαις,
3748 5467 3808 5521 τὸ

2151 5559 2244 5608 τοῦ
2300 5551 2470 5606 ’ἵππου
2529 5551 2700 5630 τάχος
2762 5553 2893 5629 πρὸς
2951 5553 3049 5620 τὴν
3112 5556 3268 5612 αὐτοῦ
3338 5552 3574 5620 σπουδὴν
3646 5555 3807 5621 ἧττον

2153 5641 2281 5695 εἶναι
2340 5639 2603 5715 οἰόμενος.
2674 5642 2769 5697 Καὶ
2801 5638 2864 5707 δὴ
2896 5642 2956 5697 τὸ
3019 5642 3139 5722 ὄρος
3181 5641 3519 5719 καταλαϐὼν,
3571 5643 3674 5699 ὕπὸ
3704 5644 3804 5708 τῆς

2154 5727 2493 5807 προφυλακῆς
2552 5735 2659 5786 τῶν
2716 5728 2952 5811 ληστῶν,
3024 5731 3100 5808 μὴ
3172 5732 3593 5812 παραιτούμενος
3664 5729 3800 5807 μηδὲ
