4148 6390
395 402 516 467 697

1592 399 1781 465 VITA
1823 397 1885 461 S.
1930 394 2254 460 JOANNIS
2295 394 2583 460 EVANG.

3659 391 3778 458 698

395 537 628 621 φεύγων,
665 534 961 610 ἁλίσκεται,
1024 538 1112 594 καὶ
1154 532 1277 595 Ἐπὶ
1328 540 1482 593 τοῦτο
1528 531 1782 606 ἐλήλυθα,
1829 534 1915 589 καὶ

2126 548 2271 621 rum,
2292 547 2482 612 equus
2504 530 2631 612 jam
2663 530 2840 614 adsit,
2884 549 2952 596 ac
3000 530 3111 595 viae
3142 530 3362 595 ductor
3391 529 3538 593 mihi
3570 530 3769 594 detur.

393 619 488 685 τὸν
541 626 780 707 ἄρχοντα
825 628 971 702 ὑμῶν
1016 625 1245 705 ἀγάγετέ
1289 648 1380 706 με,
1427 625 1610 705 φησίν.
1667 624 1726 681 Ὀ
1770 621 1824 678 δὲ
1857 619 2041 689 ἐπειδῆ

393 725 580 776 τοῦτον
638 715 847 772 ἐκεῖνον
888 716 1029 773 εἶναι
1081 716 1172 772 τὸν
1227 714 1483 782 Ἰωάννην
1516 714 1678 793 ἔγνω,
1724 713 1901 792 φεύγει
1946 711 2043 787 μὲν

394 804 670 877 αἰδεσθεὶς,
733 800 978 861 διώκεται
1035 802 1090 860 δὲ
1144 802 1266 882 παρ’
1323 806 1482 862 αὖτοῦ
1538 803 1627 859 καὶ
1690 802 1871 881 γήρως
1913 802 2038 856 ἐπι-

388 893 682 970 λαϐομένου
742 892 835 950 καί
889 902 983 952 τοῦ
1039 893 1180 951 κατὰ
1249 891 1453 966 κόσμον
1515 892 1839 966 κινήματος.
1906 888 2040 947 Εἶτα

394 983 533 1063 μέγα
605 1005 655 1040 τι
723 983 854 1061 βαρὺ
913 981 1290 1062 φθεγξάμενος,
1365 981 1425 1040 Τί
1482 990 1576 1061 με,
1632 979 1845 1059 τέκνον,
1886 979 2038 1059 εἶπε,

392 1075 485 1130 τὸν
543 1070 745 1150 πατέρα
797 1073 1009 1152 φεύγεις
1052 1073 1143 1129 τὸν
1215 1071 1359 1149 adv;
1421 1068 1695 1136 Αἶδὲσθητι
1755 1068 1849 1137 τήν
1903 1068 2041 1144 ἐμὴν

394 1161 591 1219 πολιᾶν
631 1181 646 1193 ·
720 1162 780 1219 τὸ
828 1165 931 1228 τῆς
987 1161 1085 1229 σῆς
1145 1159 1354 1229 ἡλικίας
1411 1159 1565 1222 ἆίνὸος
1608 1157 1853 1225 ἐλέησον,
1889 1156 2041 1225 Ζωῆς

396 1251 548 1314 ἐλπὶς
592 1249 669 1307 ἔτι
700 1272 784 1307 σοι
815 1249 1224 1330 παραλείπεται.
1255 1248 1402 1328 Ἐγὼ
1430 1250 1520 1305 τὸν
1551 1248 1681 1327 ὑπὲρ
1732 1254 1826 1304 σοῦ
1881 1245 2041 1325 λόγον

394 1339 586 1421 διρέξω.
651 1342 814 1403 Στῖθι
843 1346 979 1397 κατᾶ
1009 1339 1217 1420 χώραν,
1275 1336 1478 1398 τέκνον.
1512 1338 1738 1418 Χριστὸς
1770 1335 2039 1394 ἀπέσταλ-

399 1428 462 1486 κέ
517 1450 583 1504 με
637 1431 769 1511 πρὸς
799 1428 881 1493 σέ,
917 1430 1128 1488 Τούτων
1177 1427 1405 1494 ἀκούσας
1451 1430 1479 1485 ὁ
1529 1428 1823 1500 νεανίσκος,
1856 1430 2043 1504 πρῶτα

397 1517 496 1595 μὲν
523 1516 676 1596 ἔστη,
735 1524 815 1593 τῷ
869 1517 1048 1600 ἐδάφει
1106 1517 1291 1583 ἀτενὲς
1323 1518 1543 1597 ἐνορῶν,
1578 1515 1714 1592 μηδέ
1743 1511 1836 1572 ὑπ’
1867 1513 2041 1575 αἰδοῦς

398 1607 671 1665 ἀνανεῦσαι
729 1605 1013 1684 δυνάμενος
1048 1623 1063 1639 ⁸
1126 1608 1249 1665 εἶτα
1309 1606 1487 1664 δίδωσι
1532 1607 1598 1663 τὰ
1659 1603 1800 1662 ὅπλα
1844 1609 1913 1681 τῇ
1942 1609 2036 1682 γῇ,

395 1701 495 1753 καὶ
526 1696 731 1777 οἰκτρόν
788 1720 836 1753 τι
883 1698 969 1754 καὶ
1009 1696 1293 1776 περιπαθὲς
1346 1695 1671 1774 ἀνοδύρεται,
1719 1698 1815 1751 καί
1871 1714 2039 1773 προσ-

394 1785 612 1844 ελθόντα
666 1785 978 1865 περιϐάλλει
1034 1790 1125 1845 τὸν
1167 1787 1416 1867 γέροντα,
1464 1787 1630 1843 ποίων
1674 1784 1771 1862 μὲν
1822 1780 1906 1840 διὰ
1946 1783 2039 1848 τὰς

2126 619 2460 704 Statimque
2491 640 2819 685 conscenso
2849 639 3001 704 equo
3029 629 3185 685 totas
3215 622 3448 685 laxabat
3479 621 3765 697 habenas,

2128 709 2419 773 minorem
2454 729 2586 774 esse
2607 711 2954 774 existimans
2976 713 3109 794 equi
3138 710 3507 774 velocitatem
3545 731 3652 793 pro
3672 728 3778 773 sua

2128 799 2526 864 festinatione:
2546 801 2793 883 jamque
2818 811 3019 863 monte
3038 802 3413 883 apprehenso
3429 803 3774 864 alatronum

2126 890 2420 972 custodia,
2451 890 2602 953 nihil
2633 891 2962 972 deprecans
3010 910 3207 973 neque
3252 891 3508 973 fugiens,
3543 891 3778 973 capitur

2124 984 2210 1051 et,
2237 976 2303 1039 In
2335 980 2469 1054 hoc,
2500 978 2716 1059 inquit,
2748 979 2888 1041 veni
2916 1001 2943 1056 ;.
2964 979 3163 1061 itaque
3194 980 3267 1042 ad
3307 978 3640 1061 principem
3664 995 3773 1041 ve-

2124 1073 2311 1128 strum
2339 1085 2432 1129 me
2474 1067 2696 1130 ducite.
2735 1070 2918 1131 Porro
2946 1068 3050 1130 ubi
3082 1068 3184 1130 ille
3215 1069 3374 1130 hunc
3407 1085 3542 1130 esse
3572 1068 3769 1148 ipsum

2122 1155 2413 1218 Joannem
2437 1156 2735 1237 cognovit,
2767 1165 2930 1220 certe
2956 1158 3182 1239 pudore
3212 1157 3472 1220 suffusus
3498 1157 3667 1234 fugit.
3697 1156 3774 1219 At

2125 1242 2225 1306 hic
2283 1242 2569 1307 oblivioni
2613 1245 2825 1307 tradita
2882 1254 3214 1327 senectute,
3247 1265 3315 1309 ac
3345 1246 3608 1309 motione
3640 1264 3774 1327 qum

2127 1332 2413 1395 mundum
2445 1336 2732 1416 consequi
2765 1334 2938 1409 solet,
2975 1335 3617 1417 persequitur.Deinde
3649 1352 3770 1396 ma-

2123 1439 2239 1499 gna
2269 1422 2522 1504 quadam
2565 1424 2854 1505 gravique
2914 1443 3053 1486 voce
3113 1426 3376 1488 clamans
3411 1443 3424 1485 :
3459 1424 3636 1500 Quid,
3670 1423 3770 1485 in-

2125 1515 2274 1588 quit,
2305 1512 2411 1592 fili,
2446 1511 2597 1592 fugis
2630 1532 2723 1576 me
2756 1523 2982 1594 patrem
3020 1515 3237 1577 tuum?
3269 1532 3460 1577 meam
3491 1531 3772 1576 reverere

2124 1600 2427 1678 canitiem,
2455 1621 2523 1664 ac
2546 1602 2711 1665 ﬂoris
2743 1603 2931 1666 aetatis
2949 1614 3064 1666 tuae
3087 1603 3402 1681 miserere,
3437 1603 3632 1665 adhuc
3663 1601 3773 1665 tibi

2123 1708 2261 1769 spes
2284 1690 2417 1753 vita;
2438 1691 2936 1774 relinquitur,ego
2961 1712 3069 1774 pro
3102 1702 3160 1757 te
3175 1693 3469 1757 rationem
3496 1692 3767 1755 reddam.

2123 1777 2392 1843 Consiste
2420 1779 2663 1853 inloco.
2701 1782 2784 1843 fili
2820 1804 2834 1842 :
2874 1784 3150 1846 Christus
3183 1802 3277 1845 me
3334 1781 3495 1844 misit
3553 1783 3626 1844 ad
3688 1789 3767 1844 te.

393 1877 629 1955 οἰμωγὰς
687 1881 746 1937 οὗ
806 1877 1143 1957 στεναγμῶν,
1206 1878 1371 1934 ποίων
1444 1873 1500 1932 δὲ
1586 1874 1669 1934 διὰ
1726 1873 1792 1931 τὰ
1844 1871 2035 1950 δάκρυα

2122 1867 2260 1931 Haec
2291 1888 2428 1931 cum
2478 1871 2745 1933 audisset
2798 1871 3172 1948 adolescens,
3236 1872 3492 1954 primum
3526 1870 3771 1952 quidem

390 1964 596 2046 θρήνων
640 1970 736 2026 οὐκ
778 1965 919 2034 ἄξιος
959 1989 976 2041 ;
1033 1969 1213 2035 Μόνην
1266 1966 1593 2047 ἀποκρύπτει
1655 1964 1753 2031 τὴν
1812 1961 1982 2027 δεξιάν
2017 1976 2032 1992 '

2121 1958 2415 2039 consistit,
2451 1966 2630 2022 terra;
2681 1961 3081 2041 pavimentum
3142 1960 3389 2023 intentis
3431 1959 3623 2021 oculis
3673 1961 3771 2022 in-

389 2054 575 2136 ῄδεϊτο
605 2057 706 2135 γὰρ
750 2059 891 2130 αὒτῷ
924 2055 1021 2113 καΐ
1078 2056 1277 2124 ταύτην
1323 2058 1581 2136 ἐνθεῖναι,
1643 2053 1711 2122 ἢν
1772 2051 2035 2127 μιάσμασι

2125 2056 2319 2123 tuens,
2354 2065 2473 2129 prae
2506 2047 2732 2128 pudore
2758 2050 2964 2111 oculos
2996 2068 3113 2110 non
3147 2058 3358 2131 potens
3388 2067 3623 2111 sursum
3657 2049 3773 2111 eri-

390 2135 666 2208 τοσούτοις
724 2148 819 2203 καί
862 2145 1133 2224 λῃστείαις
1192 2146 1468 2222 ἐμόλννεν.
1506 2135 1563 2202 Ὀ
1594 2142 1670 2218 δὲ,
1707 2142 1804 2200 οἶα
1834 2143 2035 2219 πατὴρ,

2123 2154 2265 2216 gere
2291 2136 2554 2213 ;‘deinde
2588 2138 2873 2219 proiectis
2891 2139 2950 2200 in
2984 2152 3205 2201 terram
3230 2136 3772 2219 armis,miserabili

394 2235 737 2318 φιλοστοργίᾳ
765 2237 830 2296 τὰ
882 2235 1174 2318 σπλάγχνα
1222 2235 1578 2315 βαλλόμενος,
1631 2233 1882 2312 ἐγγυᾶται
1941 2231 2035 2299 τὴν

2125 2225 2383 2318 quodam
2418 2227 2622 2298 modo.
2655 2246 2817 2318 ﬁcum
2879 2246 3091 2308 magno
3145 2229 3356 2291 dolore
3385 2228 3667 2318 ejulatur,
3703 2244 3774 2290 ac

395 2323 607 2406 ἄφεσιν.
664 2313 849 2384 Ἲλεων
913 2327 1260 2407 ὑπισχνεῖται
1327 2327 1418 2382 τὸν
1460 2322 1738 2392 δικαστήν.
1789 2323 1889 2380 Καὶ
1944 2320 2035 2390 τῆς

2122 2316 2468 2407 venientem
2513 2317 2885 2407 amplexatur
2939 2336 3171 2393 senem,
3213 2325 3457 2400 propter
3513 2316 3772 2398 gemitus

395 2403 567 2480 δεξιᾶς
617 2413 939 2495 λαϐόμενος,
996 2403 1305 2496 καταφιλετ,
1355 2416 1443 2473 καὶ
1506 2415 1635 2486 πρὸς
1691 2411 1791 2479 τὴν
1836 2408 2035 2477 ἐκκλη-

2125 2403 2392 2487 quidem,
2426 2406 2693 2469 efﬁciens
2722 2425 2798 2469 ne
2831 2407 3073 2471 ﬂetibus
3106 2407 3321 2487 dignus
3383 2414 3564 2479 esset,
3626 2423 3770 2486 pro-

394 2504 517 2562 σίαν
558 2504 812 2584 ἐπανάγει
869 2507 959 2562 τὸν
1020 2506 1308 2568 νεανίσκον,
1371 2504 1504 2562 Εἶτα
1557 2499 1778 2579 δαψιλεῖ
1818 2501 1916 2577 μὲν
1974 2506 2035 2578 τῇ

2126 2503 2258 2575 pter
2312 2496 2601 2576 lacrymas
2631 2514 2791 2573 vero,
2827 2516 2905 2560 ne
2952 2497 3045 2560 vel
3078 2497 3402 2560 lamentis:
3439 2496 3629 2558 solam
3660 2514 3769 2558 oc-

386 2601 666 2676 προσευχῇ
724 2595 1030 2676 χρώμενος,
1088 2592 1295 2674 διαρκεῖ
1350 2591 1405 2649 δὲ
1466 2597 1535 2670 τῇ
1593 2592 1811 2663 νηστείᾳ
1868 2612 2040 2670 προσ-

386 2690 674 2763 καρτερῶν,
709 2686 796 2743 καὶ
844 2691 936 2741 τοῦ
995 2685 1267 2741 νεανίσκου
1325 2682 1510 2764 ψυχὴν
1545 2678 1806 2746 ποικίλοις
1862 2677 2039 2757 λόγων

386 2771 713 2848 ἐπᾴσμασιν,
759 2773 854 2831 οἶά
911 2795 1024 2831 τισι
1081 2773 1403 2853 φαρμάκοις,
1477 2768 1934 2849 καταμαλάττων,
1978 2768 2038 2825 οὒ

388 2863 638 2942 πρότερον
669 2859 1014 2945 ἀπεδήμησε,
1047 2864 1165 2938 πρὶν
1199 2862 1285 2919 ὅτε
1313 2859 1378 2930 δὴ
1432 2861 1604 2935 τούτῳ
1660 2859 1761 2926 τὴν
1818 2859 2037 2937 πρώτην

392 2952 589 3030 ὑγίειαν
624 2952 933 3033 ἐχαρίσατο,
995 2950 1136 3031 μέγα
1197 2974 1246 3007 τι
1306 2957 1383 3025 τῷ
1425 2951 1523 3028 βίῳ
1575 2945 1872 3026 ὑπόδειγμα
1928 2970 2037 3004 κα·-

394 3039 627 3097 ταλιπὼν
653 3044 724 3105 εἰς
756 3043 1073 3117 μετάνοιαν.

2125 2585 2308 2647 cultat
2341 2584 2693 2661 dexteram;
2740 2588 3064 2649 verebatur
3120 2586 3280 2648 enim
3341 2595 3400 2648 et
3448 2585 3600 2647 hanc
3657 2585 3773 2667 ipsi

2126 2673 2455 2757 porrigere,
2487 2693 2662 2757 quam
2700 2683 2780 2737 tot
2810 2676 3142 2739 sceleribus
3170 2694 3240 2738 ac
3272 2675 3602 2738 latrociniis
3654 2674 3766 2737 fm-

2122 2765 2381 2826 daverat.
2421 2767 2603 2826 Porro
2637 2765 2954 2839 ille,veluti
2985 2773 3175 2847 pater,
3203 2764 3536 2827 vehementi
3567 2781 3772 2826 amore

2123 2854 2453 2914 visceribus
2484 2854 2807 2929 sauciatus,
2846 2856 3104 2935 spondet
3130 2854 3386 2935 veniam,
3420 2854 3775 2915 misericor-

2120 2942 2257 3003 dem
2292 2941 2611 3023 pollicetur
2635 2943 2932 3024 judicem,
2981 2951 3039 3005 et
3087 2943 3465 3026 apprehensa
3515 2942 3769 3005 dextera

2120 3032 2528 3106 deosculatur,
2564 3041 2624 3095 et
2670 3032 2742 3095 ad
2800 3033 3114 3096 ecclesiam
3147 3033 3381 3097 reducit
3410 3031 3770 3095 adolescen-

393 3134 534 3194 tem.
567 3127 793 3193 Deinde
823 3130 1149 3193 abundanti
1195 3137 1371 3192 utens
1402 3128 1670 3191 oratione
1703 3132 2069 3209 perseverat,
2103 3122 2355 3206 jejuniis
2405 3122 2682 3185 annitens
2710 3143 2725 3186 :
2760 3133 2821 3184 et
2850 3122 3250 3186 adolescentis
3282 3123 3544 3184 unimam
3590 3119 3772 3183 variis

386 3237 733 3282 sermonum
788 3219 1105 3283 cantilenis
1136 3220 1297 3283 velut
1340 3221 1653 3298 unguentis
1684 3215 2038 3298 quibusdam
2097 3211 2393 3275 deliniens
2460 3231 2577 3273 non
2635 3212 2801 3292 prius
2831 3211 3122 3275 abscessit
3170 3230 3345 3294 quam
3375 3211 3536 3274 hunc
3583 3209 3770 3292 priori

388 3309 645 3371 sanitate
674 3308 946 3391 donaret,
989 3329 1268 3391 maguum
1300 3309 1595 3391 quoddam
1628 3309 1757 3371 vitae
1784 3306 2129 3388 relinquens
2150 3302 2487 3391 exemplum
2521 3302 2593 3363 ad
2619 3308 3048 3383 paenitentiam.

467 3399 573 3473 ς’.
608 3400 705 3458 Καὶ
734 3406 887 3456 τοῦτο
918 3401 1017 3476 μὲν
1046 3407 1279 3475 τοιοῦτο,
1314 3399 1402 3456 καί
1453 3397 1591 3457 οὕτω
1621 3408 1712 3458 τοῦ
1742 3398 1821 3474 μὴ
1854 3400 2035 3454 λαθεῖν

2202 3390 2377 3454 VLEt
2402 3392 2514 3453 hoc
2538 3391 2781 3472 quidem
2806 3393 2920 3454 tale
2941 3401 3052 3474 est,
3079 3400 3136 3454 rt
3157 3391 3306 3455 adeo
3332 3392 3573 3471 dignum
3607 3388 3768 3469 quod

392 3487 560 3554 ἄξιον,
594 3486 811 3547 Ἐκεῖνο
868 3488 946 3570 δέ,
987 3491 1073 3547 καὶ
1117 3489 1232 3546 λίαν
1277 3496 1463 3565 μεῖζον
1517 3487 1703 3562 πολλῷ
1735 3488 1818 3544 καὶ
1862 3508 2038 3563 παρα-

394 3576 691 3658 δοξότερον,
755 3579 842 3634 καὶ
926 3580 1140 3638 αὐτόθεν
1225 3579 1322 3646 τῆς
1403 3576 1774 3657 φιλανθρώπου
1855 3575 2038 3656 ψυχῆς

390 3666 597 3736 ἐκείνης
654 3670 753 3736 τὴν
787 3668 1116 3745 συμπάθειαν
1166 3670 1253 3727 καὶ
1312 3668 1410 3737 τὴν
1476 3668 1636 3747 ἱσχὺν
1698 3663 2036 3740 ἐνδεικνυμέ-

387 3780 496 3818 νον.
536 3756 760 3835 Λέγεται
803 3759 903 3838 γάρ
931 3781 1053 3815 τινα
1082 3757 1200 3815 κατ’
1232 3758 1408 3816 ἐκεῖνο
1439 3764 1620 3834 καιροῦ
1670 3762 1775 3813 τῶν
1805 3760 2032 3829 πιστῶν,

383 3846 687 3925 ἀρκούντως
717 3848 971 3927 πρότερον
1019 3858 1112 3908 τοῦ
1160 3848 1298 3929 βίου,
1361 3847 1445 3903 καὶ
1493 3848 1588 3902 οὒκ
1622 3843 1809 3907 ἐνδεῶς
1868 3842 2035 3923 ἕχον-

384 3959 474 4014 τα,
550 3937 623 4003 είς
682 3936 913 4016 ἔσχατον
972 3938 1108 4013 μετὰ
1189 3942 1355 3994 ταῦτα
1435 3935 1616 3998 πενίας
1675 3932 2031 4006 καταπεσεῖν,

386 4026 460 4089 ὡς
521 4026 611 4081 καὶ
668 4024 857 4093 πλήθει
915 4029 1410 4106 περιεστοιχεῖοθαι
1458 4031 1659 4105 χρεῶν,
1700 4024 1787 4078 καὶ
1820 4022 2032 4100 μυρίους

389 4113 661 4181 δανειστὰς
720 4113 1136 4195 ὓποὸλὲπεσθαι,
1190 4117 1278 4172 καὶ
1322 4115 1500 4193 ὥσπερ
1532 4137 1581 4170 τι
1612 4114 1825 4192 θήραμα
1875 4112 2031 4189 ῥινη-

398 4204 664 4260 λατεῖσθαι
717 4205 878 4261 πάλιν
928 4204 1017 4262 ὑπ’
1078 4205 1290 4261 ἐκείνων
1353 4206 1441 4261 καὶ
1492 4204 1886 4284 ἀνιχνεύεσθιι,
1946 4202 2034 4259 καὶ

398 4292 568 4349 αὖτῶν
620 4292 673 4349 ἐν
735 4296 928 4370 ἀπορίᾳ
985 4294 1241 4375 περιιέναι
1297 4299 1400 4348 tth
1472 4293 1798 4370 ἀναγκαίων.
1868 4289 2037 4348 Ἀλλὰ

394 4382 495 4461 γαρ
552 4384 687 4456 μετά
733 4390 826 4451 τῆς
857 4384 1140 4464 αἰσχύνης,
1171 4384 1239 4452 ἢν
1270 4383 1353 4439 ἐπὶ
1386 4396 1506 4447 ταῖς
1539 4385 1644 4439 τῶν
1674 4380 1891 4437 δάνείων
1920 4382 2033 4438 είσ-

394 4469 638 4550 πράξεσιν
667 4472 860 4538 ἀθλίως
902 4473 1175 4553 ὒορίστατο,
1233 4472 1311 4528 ἔτι
1370 4473 1457 4529 καὶ
1487 4473 1586 4539 τὴν
1613 4474 1676 4528 ἐκ
1706 4476 1805 4539 τῆς
1836 4470 2033 4534 ἐνδείας

391 4561 631 4639 ἀνάγκην
702 4564 761 4620 οὗ
833 4562 1006 4644 φέρων
1090 4565 1118 4621 ὁ
1171 4561 1469 4641 ἅνθρωπος,
1511 4563 1600 4619 ἐπὶ
1668 4576 1756 4618 τον
1813 4561 2035 4617 θάνατον

387 4649 525 4729 ἔγνω
579 4666 930 4732 καταφυγεῖν,
1000 4655 1098 4711 Καὶ
1171 4659 1358 4709 τοῦτον
1420 4652 1592 4726 ἐαυτῷ
1635 4652 1808 4732 ταχὺν
1859 4649 2033 4707 ἐλθεῖν

2126 3501 2243 3544 non
2272 3482 2629 3545 occultetur.
2656 3481 2844 3544 Porro
2878 3482 3021 3545 illud
3073 3484 3245 3562 longe
3271 3483 3464 3562 majus
3492 3487 3607 3555 est,
3632 3479 3769 3540 lon-

2124 3590 2314 3653 geque
2346 3571 2532 3652 magis
2577 3571 3020 3649 admirandum,
3057 3581 3116 3634 et
3144 3590 3219 3635 ex
3255 3572 3468 3635 eadem
3501 3568 3767 3648 benigna

2122 3665 2217 3721 illa
2239 3666 2428 3722 anima
2461 3664 2918 3735 compassionem
2953 3667 3119 3725 simul
3152 3675 3207 3724 et
3237 3667 3547 3737 potentiam
3578 3674 3768 3723 osten-

2120 3749 2291 3812 dens.
2355 3749 2587 3812 Dicitur
2642 3750 2802 3811 enim
2865 3750 3108 3829 quidam
3142 3750 3336 3812 ﬁdelis
3366 3767 3438 3813 eo
3467 3759 3764 3829 tempore,

2120 3839 2219 3918 qui
2256 3841 2420 3918 prius
2452 3839 2579 3899 vitae
2631 3841 2973 3901 necessaria
3028 3839 3405 3903 sufﬁcienter
3452 3839 3765 3918 habuerat,

2118 3945 2231 3989 nec
2264 3927 2462 4008 aliqua
2482 3946 2723 4007 pressus
2753 3929 2943 3991 fuerat
2974 3928 3408 4008 indigentia,ad
3440 3939 3763 3992 extremam

2119 4016 2379 4098 inopiam
2436 4017 2810 4096 postmodum
2871 4019 3185 4099 recidisse,
3237 4028 3302 4082 ut
3335 4027 3394 4081 et
3424 4018 3764 4081 debitorum

2121 4105 2502 4167 multitudine
2522 4105 3097 4189 circumvallaretur,
3123 4117 3182 4170 et
3212 4109 3546 4171 innumeris
3567 4109 3767 4170 fano-

2117 4194 2417 4257 ratoribus
2450 4205 2765 4277 suspectus
2795 4208 2975 4273 esset,
3003 4217 3072 4261 ac
3136 4199 3293 4260 velut
3341 4199 3463 4260 fera
3493 4197 3763 4280 quaedam

2118 4302 2151 4344 a
2184 4292 2350 4364 tergo
2376 4286 2667 4364 sagaciter
2694 4284 3151 4365 investigaretur
3194 4287 3266 4349 ab
3295 4287 3414 4348 illis
3445 4294 3499 4347 et
3562 4285 3763 4368 inqui-

2119 4384 2376 4450 reretur,
2409 4393 2478 4435 ac
2508 4374 2567 4434 in
2601 4374 2860 4454 ipsarum
2894 4394 3097 4440 rerum
3127 4376 3599 4439 necessariarum
3633 4374 3766 4436 ino-

2118 4463 2215 4543 pia
2244 4469 2578 4542 vagaretur.
2632 4465 2707 4525 At
2757 4465 2918 4526 enim
2980 4484 3114 4526 cum
3175 4465 3404 4547 pudore
3456 4482 3633 4545 quem
3686 4463 3761 4525 ob

2116 4551 2544 4614 faeneratorum
2577 4555 2923 4617 exactiones
2955 4555 3175 4617 misere
3229 4555 3583 4629 sustinebat,
3640 4555 3761 4634 jam

2118 4641 2295 4703 etiam
2323 4644 2743 4705 necessitatem
2773 4644 3186 4723 exindigentia
3206 4663 3322 4706 non
3340 4645 3542 4707 ferens
3561 4646 3763 4718 homo,

385 4738 655 4819 ἐπειρᾶτο,
703 4730 756 4797 εἷ’
801 4730 925 4808 πως
985 4741 1084 4798 κᾶν
1127 4742 1224 4811 τὴν
1287 4742 1462 4798 πενίαν
1508 4730 1743 4797 ἐντεῦθεν
1789 4742 1873 4798 καὶ
1932 4740 2032 4807 τὴν

2121 4730 2187 4792 ad
2224 4738 2475 4794 mortem
2510 4733 2771 4798 decrevit
2802 4734 3146 4813 confugere,
3206 4734 3389 4815 idque
3438 4731 3765 4796 conabatur

381 4833 488 4885 τῶν
544 4831 725 4909 χρεῶν
781 4830 985 4900 πληθὺν
1040 4830 1356 4891 διαλὸσειεν.
1408 4829 1556 4888 Ἐπεὶ
1599 4829 1652 4886 δέ
1683 4830 1832 4895 οὗτος
1870 4831 2031 4886 αὒτὸ-

385 4940 555 4985 ματος
607 4921 668 4977 οὒ
722 4925 924 5000 παρῆν,
1010 4921 1265 4995 ἐπίτομόν
1338 4942 1455 4976 τινα
1533 4918 1653 4976 ὁδὸν
1713 4919 1798 4975 ἐπὶ
1854 4926 2035 4975 τοῦτον

384 5005 580 5084 ἐξεῦρε,
642 5008 730 5065 καὶ
762 5011 819 5067 ὃν
864 5009 1098 5087 μάλιστα
1156 5009 1271 5088 ᾔδει
1321 5007 1625 5067 δεινότατον
1667 5009 1761 5073 τὰς
1820 5029 2034 5089 φαρμα-

381 5097 526 5162 κείας
568 5107 859 5165 τηνικαῦτα
888 5101 975 5156 καὶ
1024 5101 1221 5180 γόητα,
1268 5101 1368 5167 τὴν
1418 5097 1696 5177 θρησκείαν
1759 5088 2029 5174 Ἐϐρατον,

384 5186 526 5265 παρά
580 5195 766 5246 τοῦτον
830 5187 1017 5265 ἐλθὼν,
1069 5188 1426 5247 ἀνακαλύπτει
1495 5209 1553 5244 τε
1612 5189 1753 5261 αὖτῷ
1800 5187 1865 5244 τὰ
1934 5190 2031 5251 τῆς

385 5274 634 5352 γνώμης,
696 5280 784 5336 καὶ
840 5276 1038 5354 δεῖται,
1095 5282 1167 5342 ὡς
1199 5278 1439 5351 δυνατὸν,
1489 5274 1834 5334 συλλαϐέσθαι
1890 5275 2032 5347 αὒτῷ

383 5369 482 5431 τῆς
537 5365 851 5441 ἐπιϐουλῆς,
898 5368 986 5425 καὶ
1044 5370 1297 5425 κοινωνὸν
1346 5366 1586 5446 γενέσθαι
1639 5374 1729 5422 τοῦ
1779 5364 2031 5446 σφετέρου

384 5454 629 5515 θανάτου.
664 5459 769 5515 Καὶ
797 5459 855 5521 ὃς
888 5458 1159 5537 ὃπηρὲτης
1216 5458 1361 5521 εὖθὺς
1399 5457 1690 5535 εὑρίσκεται
1735 5456 2027 5533 πρόθυμος,

385 5543 474 5598 καὶ
519 5546 799 5625 φάρμακον
846 5548 988 5621 αὒτῷ
1036 5545 1238 5621 δίδωσι,
1285 5548 1372 5603 καὶ
1417 5546 1513 5613 τὴν
1557 5552 1649 5602 τοῦ
1703 5545 1814 5622 βίον)
1858 5564 2029 5600 κατα-

386 5634 619 5714 στροφὴν
652 5636 989 5703 ὑποτίθησιν.
1037 5633 1098 5693 Ὀ
1141 5632 1219 5715 δὲ,
1280 5631 1480 5709 λαϐὼν,
1540 5632 1718 5696 ἄθλιος
1777 5630 2029 5699 ἐπανήκει

386 5718 515 5804 πρὸς
576 5725 678 5793 τὴν
711 5725 900 5788 οἰκίαν.
965 5723 1203 5800 Πολλατς
1260 5722 1314 5781 δὲ
1360 5723 1600 5783 παλαίων
1654 5723 1898 5797 ἐννοίαις,
1943 5722 2031 5779 καὶ

2121 4830 2184 4881 ut
2209 4822 2333 4883 haec
2365 4825 2720 4903 quantocius
2760 4824 2832 4886 ad
2860 4843 2926 4886 se
2956 4826 3266 4898 veniret,si
3296 4824 3454 4888 forte
3513 4824 3652 4886 hinc
3708 4831 3765 4885 et

2121 4920 2439 4990 egestatem
2467 4921 2525 4974 et
2548 4912 2886 4976 debitorum
2915 4914 3357 4975 multitudinem
3385 4914 3762 4976 dissolveret.

2124 5002 2341 5062 Verum
2374 5004 2652 5083 quoniam
2686 5004 2813 5066 haec
2845 5004 2999 5065 ultro
3058 5022 3176 5065 non
3235 5003 3533 5075 veniebat.
3595 5020 3764 5065 com-

2121 5090 2467 5171 pendiosam
2500 5093 2648 5154 viam
2681 5092 2753 5153 ad
2811 5094 2965 5155 hanc
3016 5094 3243 5154 invenit
3277 5115 3291 5152 :
3328 5102 3387 5154 et
3415 5111 3590 5175 quem
3625 5100 3768 5154 tunc

2119 5181 2547 5260 peritissimum
2582 5199 2713 5243 esse
2746 5182 2972 5245 sciebat
3001 5182 3392 5246 conficiendis
3422 5183 3668 5245 venenis
3698 5200 3767 5244 ac

2120 5269 2633 5349 prmstigiaturem,
2693 5272 2854 5334 cultu
2905 5271 3246 5346 Hebraeum,
3299 5273 3459 5334 hunc
3490 5271 3765 5352 accessit,

2120 5357 2295 5438 eique
2328 5360 2549 5421 revelat
2576 5362 2716 5441 quid
2752 5362 2810 5422 in
2838 5361 3037 5423 animo
3073 5360 3419 5441 haberet,ac
3450 5369 3579 5423 orat
3601 5379 3760 5434 eum,

2119 5457 2181 5508 ut
2211 5448 2312 5527 qui
2362 5459 2555 5529 posset
2586 5451 2700 5512 sibi
2751 5451 2969 5513 auxilio
3003 5469 3137 5513 esse
3170 5452 3228 5512 in
3263 5468 3335 5515 eo
3367 5451 3525 5531 quod
3561 5458 3766 5511 mente

2117 5547 2497 5621 conceperat,
2533 5547 2590 5601 et
2619 5558 2743 5602 sua:
2769 5540 2981 5602 mortis
3010 5540 3143 5602 ﬁeri
3195 5540 3514 5621 particeps.
3568 5539 3761 5620 Atque

2115 5624 2212 5686 hic
2241 5626 2553 5690 confestim
2607 5636 2918 5711 promptus
2977 5629 3280 5691 invenitur
3334 5627 3626 5702 minister,
3688 5643 3759 5688 ac

2115 5732 2410 5781 venenum
2442 5717 2532 5782 illi
2559 5718 2760 5796 tradit,
2804 5718 3056 5804 vitaeque
3105 5717 3557 5785 subversionem
3606 5732 3752 5779 con-
