4148 6392
432 329 551 400 699

1741 346 2023 413 MENSIS
2067 345 2498 411 DECEMBER.

3679 351 3800 420 700

432 473 593 568 sulit.
627 475 812 568 Porro
873 478 1057 543 miser
1102 478 1206 542 ille
1253 488 1495 561 accepto
1544 499 1772 545 veneno
1825 482 2065 544 domum

2151 483 2383 562 φροντίσι
2439 481 2652 550 διπλαῐς
2705 485 3073 566 μεριζόμενος,
3123 487 3212 545 καὶ
3253 495 3340 546 νῦν
3392 488 3489 563 μὲν
3519 502 3637 554 τοῖς
3668 489 3796 568 τῇδε

430 565 608 629 redit.
643 567 788 630 Cum
817 571 999 634 variis
1045 578 1241 632 autem
1291 571 1518 633 luctans
1578 572 2065 652 cogitationibus,

431 656 712 737 curisque
741 659 1079 739 duplicibus
1109 661 1316 722 anxius
1347 670 1444 724 :et
1467 680 1624 723 nunc
1647 661 1890 742 quidem
1918 681 2066 741 prae.

431 746 704 809 sentibus
750 748 1243 813 delectationibus
1289 751 1584 830 bujusque
1616 753 1749 813 vita:
1778 753 2066 831 concupi-

431 835 657 897 scentia
698 836 967 914 allectus,
1003 858 1160 901 nunc
1209 857 1350 902 vero
1401 840 1756 904 {cenaturum
1793 841 2064 903 multitu-

428 928 902 1006 dinem.aliasque
931 951 998 992 ex
1033 935 1348 1008 indigentia
1385 937 1755 1005 procedentes
1780 937 2068 994 molestias

425 1016 833 1098 considerans,
870 1019 1098 1081 medius
1131 1019 1323 1081 stabat
1351 1019 1506 1081 inter
1556 1027 1884 1082 extremam
1919 1039 2065 1080 con-

425 1103 544 1166 silii
576 1105 858 1187 inopiam.
920 1107 1229 1190 Siquidem
1288 1128 1421 1170 cum
1483 1108 1559 1170 ad
1623 1109 1865 1172 dulcem
1915 1110 2066 1171 hanc

425 1192 619 1256 lucem
651 1197 1032 1278 respiciebat,
1067 1217 1360 1260 venenum
1411 1199 1770 1280 respuebat;
1825 1199 2065 1275 quando

421 1301 561 1347 vero
591 1286 666 1348 ad
696 1285 1181 1349 circnmstantem
1236 1287 1504 1364 undique
1547 1297 1895 1368 egestatem,
1933 1288 2063 1349 ani-

423 1392 639 1455 meque
691 1375 1049 1438 insidentem
1107 1377 1488 1455 anxietatem,
1524 1395 1731 1438 ausum
1793 1375 2067 1439 sumebat

2149 585 2426 650 τερπνοῖς,
2507 575 2592 630 καὶ
2673 580 2741 649 τῇ
2823 579 2918 642 τῆς
2993 577 3263 644 παρούσης
3335 577 3477 650 ζωῆς
3548 578 3797 656 ἐπιθυμίᾳ

2149 661 2500 738 θελγόμενος,
2561 669 2648 720 νῦν
2727 661 2779 719 δὲ
2865 666 2926 721 τὸ
2996 668 3101 721 τῶν
3156 663 3372 724 δανείων
3445 665 3648 736 πλῆθος
3709 671 3797 726 καὶ

2149 749 2320 807 τᾶλλα
2360 753 2426 807 τὰ
2488 751 2548 807 ἐκ
2605 758 2700 818 τῆς
2730 751 2924 818 ἐνδείας
2957 751 3192 834 δυσχερῆ
3227 757 3611 831 σκοπούμενος,
3646 759 3796 831 ἀμη-

2151 840 2344 918 χανίας
2389 838 2550 914 μέσος
2579 842 2821 921 ἓσχάτης
2877 842 3091 906 ἵστατο,
3127 843 3267 902 ³’οτε
3313 845 3411 919 μὲν
3440 846 3541 924 γὰρ
3574 846 3704 920 πρὸς
3737 849 3798 902 τὸ

2151 926 2316 1005 γλυκὺ
2369 931 2526 985 τοῦτο
2583 937 2694 1005 φῶς
2746 930 2986 1004 ἀπεῖδεν,
3053 934 3385 1011 ἀπεγίνωσκε
3440 941 3533 991 τοῦ
3577 935 3797 1014 φαρμά-

2151 1039 2244 1074 κου
2279 1032 2292 1047 ⁶
2341 1017 2429 1074 ὅτε
2486 1017 2539 1074 δὲ
2598 1022 2727 1098 πρὸς
2783 1023 2884 1089 τὴν
2927 1023 3286 1100 περιεστῶσαν
3347 1024 3600 1081 πάντοθεν
3651 1023 3799 1082 ἀπο·

2149 1107 2263 1184 ρίαν
2296 1155 2312 1181 ,
2374 1109 2463 1163 καὶ
2539 1108 2638 1176 τήν
2707 1110 3077 1186 ἐγκαθημένην
3148 1117 3215 1188 τῇ
3295 1117 3449 1193 ψυχῇ
3509 1137 3795 1192 μεριμναν,

2149 1195 2458 1271 κατετόλμα
2512 1200 2607 1265 τῆς
2668 1199 2946 1266 τελευτῆς.
2999 1200 3198 1276 ’Ὅμως
3261 1205 3464 1273 ἡττήθη
3495 1206 3593 1271 τῆς
3625 1204 3796 1282 ἀνάγ-

2148 1306 2272 1358 κης,
2336 1287 2422 1342 καὶ
2486 1288 2632 1353 ’ὁπως
2693 1296 2798 1346 τῶν
2856 1291 3088 1348 ἐντεῦθεν
3146 1291 3482 1368 ἀπαλλαγείη
3540 1293 3797 1371 ἀνιαρῶν,

2149 1376 2236 1430 καὶ
2295 1375 2455 1443 αὖτῆς
2513 1376 2892 1456 ἀπαλλαγῆναι
2963 1380 3061 1447 τῆς
3120 1381 3260 1451 ζωῆς
3313 1380 3515 1440 εἵλετο.
3579 1381 3798 1456 Ἀμέλει

420 1464 705 1528 adversus
735 1468 1227 1529 mortem.Victus
1252 1476 1453 1528 tamen
1486 1476 1572 1528 est
1601 1487 1634 1528 a
1667 1469 2060 1542 necessitate;

2149 1464 2234 1519 καὶ
2293 1466 2353 1520 τὸ
2423 1466 2699 1544 φάρμακον
2766 1468 2986 1548 ἐγχέας,
3056 1473 3142 1526 καὶ
3210 1469 3388 1546 ἄκροις
3444 1473 3542 1538 τὴν
3605 1471 3794 1529 κύλικα

424 1561 483 1615 et
510 1563 576 1615 ut
603 1555 745 1618 hinc
771 1555 1126 1618 liberaretur
1155 1576 1190 1619 a
1239 1556 1547 1637 molestiis,
1581 1557 1759 1636 elegit
1803 1556 1877 1618 ab
1936 1557 2064 1636 ipsa

2149 1553 2419 1620 δακτύλοις
2483 1555 2684 1636 λαϐὼν,
2747 1559 2961 1631 ἐπείπερ
3019 1561 3052 1626 ἡ
3095 1561 3252 1639 ψυχὴ
3311 1560 3452 1634 αὖτῷ
3506 1564 3565 1620 οὒ
3619 1582 3794 1638 προσ-

420 1649 536 1706 vita
565 1643 830 1709 liberari.
865 1646 1135 1727 Denique
1187 1646 1384 1708 infuso
1416 1665 1670 1720 veneno,
1706 1656 2061 1727 sumptoque

2149 1643 2276 1722 ίετο,
2336 1643 2472 1700 ἀλλά
2540 1648 2626 1702 καὶ
2686 1645 2880 1726 σφόδρα
2936 1650 3062 1727 εἶχε
3109 1649 3386 1726 περιδεῶς,
3436 1652 3520 1706 καὶ
3571 1649 3793 1729 συνεχές

421 1736 702 1796 extremis
729 1735 932 1814 digitis
961 1745 1216 1806 cratere,
1275 1735 1760 1816 quandoquidem
1821 1736 2058 1798 animus

2149 1731 2286 1788 ἔνδον
2335 1736 2368 1801 ἡ
2441 1734 2624 1812 καρδία
2682 1737 2970 1816 ἐπάτασσε,
3057 1737 3212 1803 τέλος
3256 1741 3354 1806 τὴν
3400 1742 3598 1808 συνήθη
3662 1747 3796 1816 Χριο

419 1823 578 1884 adid
624 1843 742 1886 non
789 1813 1136 1897 accedebat,
1199 1813 1310 1887 sed
1361 1813 1568 1886 timide
1621 1825 1942 1886 admodum
1996 1845 2060 1887 se

2149 1837 2384 1888 στιανοῗς
2442 1832 2538 1880 τοῦ
2600 1837 2823 1902 σταυροῦ
2877 1813 3139 1906 σφραγῖδα
3200 1835 3276 1900 τῷ
3317 1830 3580 1908 φαρμάκῳ
3608 1813 3792 1884 διατυ-

418 1911 696 1995 habebat,
721 1915 1001 1995 intusque
1059 1915 1172 1977 sibi
1203 1934 1307 1976 cor
1364 1915 1646 1976 continue
1698 1913 2058 1993 palpitabat:

2149 1913 2358 1987 πώσας,
2419 1916 2505 1970 καὶ
2564 1917 2868 1990 καταμύσας
2933 1919 3102 1991 εὐθὺς,
3149 1920 3234 1974 καὶ
3265 1919 3423 1992 πιὼν,
3466 1918 3517 1997 (ὁ
3546 1919 3643 1986 τῆς
3690 1939 3796 1992 με-

418 2001 661 2066 tandem
686 2004 886 2067 crucis
919 2004 1223 2084 signaculo
1255 2004 1607 2067 Christianis
1637 2013 1925 2066 consueto
1957 2023 2062 2064 ve-

2149 2001 2320 2076 γαλης
2351 2005 2444 2059 καί
2474 2006 2778 2078 θαυμαστῆς
2824 2029 2938 2081 σου,
2995 2009 3208 2086 Χριστὲ,
3245 2005 3517 2082 δυνάμεως
3576 2006 3616 2074 ί)
3649 2009 3795 2064 ἀπα-

421 2108 642 2154 nenum
676 2094 1006 2174 consignat,
1067 2092 1394 2174 statimque
1446 2093 1550 2155 ubi
1604 2093 1825 2155 clausis
1875 2094 2065 2155 oculis

2149 2091 2242 2158 θὴς
2299 2091 2474 2167 ἔμενε,
2517 2104 2610 2151 του
2667 2106 2888 2174 σταυροό
2943 2096 3044 2162 τὴν
3089 2105 3181 2154 τοῦ
3253 2097 3533 2174 φαρμάκου
3578 2095 3796 2172 δύναμιν

420 2177 692 2255 bibisset,
754 2188 807 2255 (ο
867 2202 1140 2262 magnam
1185 2203 1253 2245 ac
1308 2182 1745 2260 admirandam,
1801 2183 2060 2256 Christe,

2149 2179 2449 2246 ἀνελόντος.
2500 2174 2590 2247 Ὠς
2635 2183 2688 2240 δὲ
2740 2190 2808 2260 τῇ
2862 2185 3018 2258 ὁμοίᾳ
3065 2187 3150 2242 καὶ
3193 2187 3334 2251 αὖθις
3365 2185 3572 2263 ἀνάγκη
3619 2186 3795 2245 συνεί-

419 2276 579 2331 tuam
613 2272 1010 2352 potentiam!)
1069 2274 1288 2334 illaesus
1340 2271 1688 2352 permansit,
1743 2290 1922 2334 cruce
1970 2291 2065 2333 ve-

2149 2291 2300 2348 χετο,
2337 2273 2422 2328 καὶ
2453 2286 2567 2336 τοῖς
2602 2275 2780 2335 αὖτοῖς
2813 2272 3123 2337 δανεισταῖς
3157 2273 3546 2348 ἐπολιορνεϊτο,
3577 2276 3663 2330 καὶ
3695 2275 3795 2342 τὴν

417 2377 574 2422 neno
601 2379 768 2424 suam
804 2363 1048 2424 tollente
1095 2362 1233 2423 vim.
1286 2361 1430 2424 Cum
1475 2370 1674 2422 autem
1720 2361 1898 2422 simili
1931 2379 2063 2422 rur-

2149 2361 2332 2439 ψυχὴν
2363 2360 2510 2418 οὐδὲν
2537 2364 2697 2431 ἧττον
2729 2363 2859 2442 εἶχε
2898 2363 2964 2440 τῇ
2996 2363 3222 2440 προτέρᾳ
3253 2363 3572 2437 πιεζομένην
3603 2362 3793 2441 ἐνδείᾳ,

417 2467 547 2510 sum
580 2453 934 2514 necessitate
969 2451 1432 2532 opprimeretur,
1468 2461 1526 2512 et
1583 2449 1658 2512 ab
1690 2450 1836 2532 ipsis
1865 2451 2062 2512 credi-

2149 2452 2232 2506 καὶ
2275 2450 2596 2530 ἀπαλλαγὴν
2655 2453 2752 2525 μὲν
2798 2453 2858 2509 ἐκ
2902 2456 3102 2518 παντὸς
3153 2456 3350 2532 τρόπου
3381 2460 3488 2510 τῶν
3519 2457 3796 2532 παρόντων

419 2539 646 2602 toribus
675 2541 1073 2618 obsideretur,
1131 2543 1513 2621 animamque
1561 2539 1814 2602 haberet
1873 2540 2056 2620 priori

2149 2537 2525 2620 ἐπιζητοῦσαν,
2585 2541 2912 2612 ὀκλάζουσαν
2983 2542 3037 2598 δὲ
3096 2545 3227 2620 πρὸς
3287 2541 3524 2622 δεύτερον
3575 2544 3791 2623 φάρμα-

419 2649 764 2711 oppressam
786 2631 1009 2712 inopia,
1046 2640 1104 2693 et
1147 2649 1277 2712 quas
1301 2629 1663 2691 omnimodo
1685 2640 1980 2709 quaereret
2027 2649 2060 2692 e

2149 2650 2238 2684 κον
2285 2628 2378 2684 καὶ
2449 2633 2576 2707 πρὸς
2634 2633 2726 2686 τὸν
2755 2633 2978 2688 θάνατον
3008 2630 3391 2706 ἀναδιδομένην,
3431 2631 3569 2688 ἀλλά
3609 2634 3668 2688 τὸ
3713 2634 3792 2708 μὴ

418 2721 816 2800 praesentibus
837 2719 1750 2791 liberationem,labefactabatur
1772 2729 1968 2780 tamen
1985 2719 2057 2780 ad

2149 2723 2250 2773 τῶν
2308 2718 2360 2773 ἐν
2435 2719 2593 2799 χερσί
2661 2717 2934 2800 δυσχερῶν
3006 2719 3424 2796 ἒλευθερωθῆναι
3511 2720 3795 2798 βαρύτερον

414 2809 772 2873 sumendum
807 2811 1068 2874 alterum
1102 2828 1426 2890 venenum,
1453 2821 1511 2870 et
1559 2808 1631 2870 ad
1665 2818 1919 2872 mortem
1954 2829 2056 2872 ac—

2149 2811 2286 2864 εἶναι
2331 2813 2492 2866 κακὸν
2535 2811 2620 2865 καὶ
2680 2809 2838 2868 αὐτοῦ
2881 2809 3048 2866 πάλιν
3089 2814 3316 2866 θανατου
3366 2810 3566 2886 κρίνας,
3623 2809 3794 2888 πρόσ-

412 2898 631 2963 cedere
659 2899 993 2964 recusabat.
1032 2901 1258 2964 Verum
1289 2919 1422 2962 cum
1455 2919 1488 2962 e
1520 2899 1918 2980 praesentibus
1942 2919 2061 2963 non

2149 2919 2248 2955 εισι
2307 2906 2382 2973 τῷ
2454 2899 2637 2977 γόητι,
2705 2901 2802 2959 Καὶ
2863 2900 3007 2964 αὖθις
3068 2899 3253 2974 ἐκείνῳ
3296 2900 3382 2956 καὶ
3441 2898 3574 2956 ἄλλο
3630 2899 3793 2957 πάλιν

412 2987 776 3052 liberaretur
827 2990 1316 3064 difﬁcultatibus,
1370 2991 1612 3066 gravius
1655 3007 1790 3052 esse
1842 2991 2058 3052 malum

2149 2990 2286 3045 αἰτεῖ
2331 2988 2629 3069 φάρμακον,
2691 2993 2840 3064 κακῷ
2898 2992 2959 3046 τὸ
3011 2991 3174 3046 κακὸν
3237 2989 3488 3064 ἰώμενος,
3551 2988 3647 3046 οἶα
3705 2998 3796 3048 τοῦ

408 3078 688 3157 judicans
707 3080 915 3143 iterata
929 3080 1106 3142 etiam
1133 3079 1588 3154 morte,accedit
1610 3079 1681 3140 ad
1706 3079 2059 3152 veneficum,

2149 3075 2504 3155 προλαϐόντος
2565 3076 2709 3136 οὒδὲν
2771 3081 2901 3155 πρὸς
2961 3079 3061 3147 τὴν
3106 3079 3294 3156 χρείαν
3339 3079 3657 3156 ὀνήσαντος,
3699 3077 3796 3134 ἅτε

2183 3172 2205 3182 -
2376 3167 2388 3183 .
2661 3169 2672 3183 .
2751 3170 2772 3180 υ
3178 3166 3188 3182 ι
3404 3175 3443 3183 __
3495 3166 3507 3183 ι
3738 3168 3750 3183 ς

411 3186 768 3250 rursumque
817 3169 892 3232 ab
943 3169 1046 3231 illo
1108 3171 1298 3249 poscit
1355 3168 1518 3229 aliud
1554 3168 1966 3246 pharmacum,
2003 3171 2065 3228 ut

2149 3172 2244 3232 τῆς
2326 3167 2529 3246 φύσεως
2618 3169 2776 3223 αὐτοῦ
2873 3166 3315 3244 περιγενομένης.
3404 3166 3610 3231 Ταύτην
3695 3168 3795 3244 γὰρ

415 3258 634 3320 malum
661 3259 816 3320 malo
840 3258 1347 3333 mederetur,cum
1375 3257 1431 3316 id
1460 3256 1622 3332 quod
1646 3255 1810 3334 prius
1823 3273 2065 3332 accepe-

2149 3253 2390 3329 ἐμποδὼν
2461 3255 2701 3331 γενέσθαι
2796 3261 2863 3330 τῇ
2935 3262 3026 3310 τοῦ
3120 3254 3402 3333 φαρμάκου
3463 3252 3697 3329 ἐνεργείᾳ
3767 3257 3796 3310 ὁ

409 3357 530 3426 rat,
558 3346 706 3408 nihil
736 3346 810 3409 ad
841 3347 899 3407 id
933 3345 1091 3424 quod
1125 3362 1372 3406 necesse
1413 3351 1540 3405 erat
1567 3343 1796 3404 tulisset
1831 3341 2060 3415 auxilii,

2149 3344 2370 3416 μάταιος
2414 3341 2586 3419 ἔλεγε,
2644 3345 2721 3418 μὴ
2772 3343 2986 3420 συνιεὶς,
3050 3343 3129 3398 ὅτι
3165 3343 3386 3418 σταυρὸς
3420 3342 3487 3409 ἧν
3532 3341 3795 3399 κάνταῦθα

412 3443 618 3514 utpote
639 3455 746 3497 sua
778 3443 993 3498 natura
1017 3434 1160 3495 illud
1192 3434 1506 3494 vincente:
1538 3450 1671 3492 nam
1705 3431 1762 3492 id
1797 3431 2060 3509 impedi-

2149 3433 2235 3486 τὸν
2279 3432 2503 3491 θάνατον
2533 3433 2787 3510 ἀναιρῶν,
2823 3434 2850 3488 ὁ
2900 3433 2986 3488 καὶ
3021 3433 3109 3487 τὸν
3169 3429 3353 3505 πολλῷ
3395 3432 3579 3489 τούτου
3637 3428 3797 3486 δυνα-

415 3533 614 3586 mento
637 3524 819 3586 fuisse
841 3523 1054 3586 veneni
1077 3521 1356 3585 eliicacize
1377 3521 1627 3582 demens
1649 3520 1909 3590 dicebat,
1942 3539 2062 3580 non

2149 3521 2372 3598 τώτερον
2447 3522 2566 3600 ὄφιν
2643 3522 2879 3578 καθελὼν
2945 3520 3222 3598 πρότερον,
3298 3520 3358 3578 Ὀ
3431 3520 3565 3598 γόης
3626 3520 3796 3576 τοίνυν

415 3613 755 3694 intelligens
785 3630 1024 3674 crucem
1050 3611 1235 3673 fuisse
1258 3629 1388 3690 quae
1433 3611 1532 3672 hic
1572 3617 1821 3672 mortem
1851 3608 2060 3670 abstu-

2149 3609 2352 3674 ἐκεῖνος
2399 3611 2484 3666 καὶ
2539 3612 2816 3690 φαρμακὸς
2876 3608 3169 3689 ἅνθρωπος,
3234 3619 3327 3668 τοῦ
3371 3609 3654 3687 φαρμάκου
3709 3610 3797 3665 καὶ

411 3702 600 3779 lisset,
634 3722 766 3779 qua:
797 3701 978 3764 etiam
1013 3709 1186 3763 antea
1236 3707 1580 3780 serpentem
1629 3699 1801 3777 longe
1833 3698 1946 3758 hoc
1970 3717 2039 3760 ve

2149 3701 2300 3763 αὐτὸς
2345 3699 2617 3756 ἀσθένειαν
2673 3701 2968 3777 καταγνοὺς
3005 3747 3020 3778 ,
3083 3698 3321 3776 δεύτερον
3381 3699 3553 3776 ὀρέγει
3597 3699 3792 3777 τούτῳ,

414 3813 570 3858 neno
603 3793 1004 3876 potentiorem
1039 3791 1382 3853 sustulerat.
1436 3793 1640 3871 itaque
1674 3788 2065 3870 praestigiator

2149 3796 2242 3845 τοῦ
2302 3791 2560 3869 προτέρου
2604 3787 2790 3863 πολλῷ
2829 3787 3268 3866 δραστικωτερον.
3321 3781 3412 3850 Ὠς
3460 3785 3514 3844 δὲ
3568 3789 3656 3844 καὶ
3686 3788 3796 3843 πά-

408 3885 510 3947 ille
558 3874 625 3947 ac
683 3884 1006 3952 veneficus,
1063 3891 1122 3942 et
1171 3881 1298 3960 ipse
1357 3880 1660 3960 pbarmaci
1694 3879 2062 3941 debilitatem

2149 3878 2229 3934 λιν
2287 3879 2430 3934 οἴκοι
2491 3878 2798 3956 γενόμενος,
2860 3887 2946 3934 καί
3014 3881 3182 3933 πίνειν
3242 3876 3368 3933 αὖτὸ
3426 3874 3659 3951 μέλλων,
3721 3883 3798 3950 τῷ

410 3975 726 4046 damnans,
761 3972 922 4034 aliud
980 3972 1090 4052 ipsi
1141 3970 1394 4051 porrigit
1441 3969 1598 4049 quod
1637 3969 1837 4048 priore
1873 3969 2061 4031 multo

2149 3968 2385 4047 προτέρῳ
2417 3966 2519 4025 δέει
2555 3971 2641 4024 καὶ
2694 3975 2761 4044 τῇ
2793 3968 2988 4045 ἀγωνίᾳ
3047 3967 3134 4022 καὶ
3190 3979 3312 4030 ’ταῖς
3371 3965 3590 4030 διπλαῖς
3650 3965 3796 4022 ἐκεί-

413 4063 713 4126 eﬂicacius
745 4070 890 4124 erat.
922 4061 1190 4141 Cumque
1239 4077 1474 4121 rursum
1502 4059 1744 4120 domum
1778 4065 2060 4138 venisset,

2149 4081 2258 4120 ναις
2314 4059 2579 4136 φροντίσιν
2636 4056 2882 4131 ἐπάλαιε,
2942 4058 3032 4112 καὶ
3075 4053 3258 4133 ἱδρῶτι
3308 4052 3649 4135 πανταχόθεν
3696 4077 3799 4111 πε-

411 4171 478 4215 ac
502 4152 647 4215 illud
681 4151 978 4214 bibiturus
1006 4157 1186 4226 esset,
1221 4168 1356 4211 cum
1383 4149 1566 4229 priori
1599 4148 1813 4209 timore
1844 4157 1902 4210 et
1923 4166 2065 4227 ago-

2149 4147 2430 4227 ριερῥεῖτο,
2479 4150 2566 4203 καὶ
2609 4145 2906 4225 ὑπότρομος
2953 4146 3042 4218 ἦν,
3102 4145 3226 4201 εἶτα
3256 4146 3344 4200 καὶ
3373 4151 3441 4218 τᾷ
3483 4153 3576 4204 τοῦ
3628 4167 3794 4204 σταυ-

411 4242 996 4324 nia,duplicibusque
1029 4241 1148 4301 illis
1179 4237 1582 4301 anxietatibus
1617 4236 1972 4317 luctabatur,
2008 4246 2064 4300 et

2149 4238 2239 4314 ροῦ
2323 4236 2571 4316 σφραγῖδι
2657 4237 2892 4305 συνήθως
2973 4235 3354 4313 ἐπισφραγίσας
3414 4233 3513 4300 τὴν
3574 4232 3790 4307 κύλικα,

409 4323 906 4411 sudoreundique
923 4328 1376 4394 circumﬂuebat
1414 4345 1485 4390 ac
1516 4326 2065 4389 tremebat.Deinde

2149 4330 2234 4385 καὶ
2288 4329 2450 4405 πιὼν,
2514 4335 2678 4385 κακοῦ
2735 4326 2946 4393 ἀπαθὴς
3015 4326 3078 4393 ἦν
3147 4326 3246 4397 ἔτι,
3302 4323 3655 4393 ἐξεπλήττετο
3701 4324 3800 4398 μὲν

409 4421 509 4484 ubi
528 4440 766 4484 rursum
790 4427 1078 4483 consueto
1105 4418 1300 4479 crucis
1324 4417 1630 4495 signaculo
1655 4417 1906 4478 calicem
1928 4435 2065 4477 con-

2149 4418 2234 4472 καὶ
2293 4419 2472 4485 αὒτὸς,
2531 4413 2829 4488 συμϐαλεῖν
2891 4416 2987 4481 τὴν
3048 4416 3215 4471 αἰτίαν
3281 4413 3398 4472 οὐδέ
3469 4413 3615 4493 ἔχων
3648 4429 3664 4445 ⁸
3713 4414 3802 4470 καὶ

411 4510 704 4590 signasset
723 4529 792 4572 ac
816 4507 1315 4578 bibisset,iterum
1339 4485 1560 4567 illaasus
1590 4507 1953 4586 permansit;
1979 4511 2061 4585 ip-

2149 4503 2329 4566 δεινῶς
2387 4519 2505 4568 τοῖς
2563 4485 2662 4572 της
2692 4506 3002 4584 ἀμηχανίας
3048 4503 3284 4581 κέντροις
3316 4485 3595 4560 ἐϐάλλέτο.
3631 4499 3800 4559 Οὐδὲ-

410 4617 597 4679 seque
619 4599 923 4678 obstupuit
952 4615 1097 4658 sane
1131 4614 1267 4657 cum
1301 4613 1540 4657 causam
1574 4595 1910 4674 conjectare
1945 4613 2062 4656 non

2149 4617 2232 4650 πω
2274 4595 2374 4671 γὰρ
2417 4592 2648 4650 συνιδεῖν
2696 4594 2856 4673 εἶχεν
2917 4595 2987 4656 ὡς
3046 4594 3081 4660 ἡ
3145 4599 3238 4649 τοῦ
3281 4598 3506 4670 σταυροῦ
3566 4590 3804 4669 ἐνέργεια

414 4675 614 4768 posset
639 4705 655 4762 ;
677 4706 744 4749 ac
769 4675 988 4748 mirum
1021 4685 1082 4746 in
1111 4685 1354 4746 modum
1379 4684 1814 4763 desperationis
1845 4684 2060 4745 stimu-

2149 4684 2208 4750 ἧν
2251 4686 2286 4752 ἡ
2347 4681 2710 4739 ἀποσϐεννῦσα
2753 4690 2844 4740 τοῦ
2889 4683 3169 4762 φαρμάκου
3240 4681 3340 4748 τὴν
3397 4679 3640 4757 δύναμιν,
3703 4675 3801 4733 ἅν-

410 4778 484 4840 lis
510 4776 853 4858 jactabatur
886 4795 900 4838 :
933 4776 1196 4837 nondum
1247 4774 1409 4835 enim
1463 4774 1800 4854 intelligere
1830 4781 2064 4854 poterat

2149 4777 2350 4850 Βρωπος
2404 4781 2478 4848 τῷ
2535 4776 2634 4842 τῆς
2678 4774 2898 4849 ἀθυμίας
2946 4771 3167 4848 πελάγει
3201 4771 3298 4826 καὶ
3346 4775 3422 4842 τῷ
3452 4773 3558 4822 τῶν
3589 4789 3801 4844 συμφο-

411 4852 570 4948 quod
589 4865 786 4928 crucis
805 4864 1069 4927 efﬁcacia
1091 4874 1251 4926 esset
1273 4883 1403 4944 quae
1417 4863 1632 4926 veneni
1657 4852 1812 4925 vires
1831 4852 2060 4924 exstin-

2149 4865 2248 4939 ρῶν
2309 4862 2718 4938 βαπτιζόμενος,
2755 4863 2843 4918 καὶ
2895 4858 3034 4936 μηδὲ
3086 4857 3358 4932 ἀνανῆψαι
3403 4859 3616 4930 μικρὸν,
3652 4852 3792 4929 μηδὲ

408 4943 636 5036 gneret.
664 4956 929 5036 Cumque
960 4955 1138 5016 homo
1167 4943 1351 5016 animi
1383 4953 1670 5031 angustiae
1705 4971 1773 5013 ac
1805 4952 2056 5014 calami-

2149 4975 2247 5008 των
2304 4949 2358 5006 ἐν
2421 4955 2573 5009 ποσὶν
2632 4951 2893 5008 αἰσθέσθαι
2951 4947 3237 5022 δυνάμενος
3273 4962 3289 4978 ⁸
3353 4943 3500 5000 ἔνθεν
3564 4966 3644 5002 τοι
3737 4966 3805 5001 κα

411 5033 600 5106 talum
631 5033 1210 5125 pelago—immersus,
1248 5061 1360 5105 nec
1391 5043 1484 5104 vel
1520 5041 1826 5120 paululum
1859 5042 1930 5104 ad
1965 5061 2053 5103 sa-

2149 5041 2282 5119 παρά
2325 5043 2416 5098 τὸν
2477 5033 2725 5118 Ἐϐρατον
2783 5038 2961 5098 ἄπεισι
3017 5043 3104 5092 και
3162 5035 3329 5109 αὖθις,
3391 5034 3478 5090 καὶ
3539 5034 3606 5089 τὰ
3664 5034 3798 5090 αξιτά

409 5122 647 5195 ηἱοτεηὶ
671 5122 929 5194 mentem
958 5131 1305 5206 redire,nec
1337 5149 1408 5192 ea
1439 5141 1660 5211 qua},ut
1693 5130 1881 5203 aiunt,
1917 5140 2056 5194 ante

2149 5144 2257 5193 τοῖς
2302 5151 2556 5207 προτερον
2613 5125 2960 5206 ἀπαγγέλλει.
2995 5132 3098 5183 Τοῦ
3141 5122 3219 5205 δέ,
3273 5125 3361 5182 καὶ
3412 5123 3572 5180 αὒτοῦ
3615 5145 3790 5181 κατα-

418 5221 600 5301 pedes
627 5230 798 5284 erant
838 5238 1201 5299 cognoscere
1235 5229 1434 5296 posset
1467 5239 1481 5280 :
1522 5219 1659 5283 hinc
1693 5221 1902 5280 iterato
1933 5219 2058 5280 abit

2149 5218 2453 5298 πλαγέντος,
2524 5218 2616 5274 καί
2699 5217 2864 5272 πολὺν
2953 5214 3150 5294 χρόνον
3215 5213 3301 5271 ἐπὶ
3369 5221 3446 5290 τῷ
3517 5214 3791 5293 πράγματι

415 5312 486 5374 ad
511 5310 850 5390 Hebraeum,
887 5319 946 5372 et
986 5311 1194 5372 eadem
1226 5329 1356 5389 quae.
1386 5308 1548 5390 prius
1581 5307 1844 5388 eXponit.
1905 5311 2053 5370 Cum

2149 5307 2572 5388 Ξιαπορουμὲνου,
2662 5305 2786 5361 εἶτα
2844 5305 2930 5360 καί
3007 5326 3124 5360 τινα
3185 5310 3426 5382 φωρᾶσαι
3502 5302 3789 5374 ζητοῦντος

410 5407 604 5462 autem
651 5410 711 5462 et
752 5399 850 5462 ille
881 5407 1297 5460 consternatus
1357 5407 1536 5472 esset,
1568 5399 1861 5477 longoque
1899 5409 2052 5458 tem-

2149 5399 2330 5477 ιιίτίαν,
2393 5395 2459 5453 δι’
2509 5397 2572 5466 ἢν
2616 5395 2781 5456 οὕτως
2840 5394 3103 5474 ἀστοχοίη
3171 5396 3231 5450 τὸ
3282 5395 3559 5475 φάρμακον
3632 5392 3791 5470 (γόης

412 5507 556 5570 pore
583 5508 769 5567 super
797 5508 868 5551 ea
898 5507 966 5550 re
1023 5488 1274 5550 consilio
1323 5487 1776 5566 destitueretur,
1835 5487 2054 5550 deinde

2149 5489 2237 5565 γὰρ
2282 5486 2486 5550 ἐκεῖνος
2536 5507 2625 5541 και
2684 5485 2749 5540 τὰ
2795 5485 3007 5542 τοιαῦτα
3063 5482 3368 5564 τεχνίτης),
3410 5482 3555 5544 ὅπως
3588 5502 3647 5538 τε
3691 5483 3789 5536 καὶ

410 5569 586 5641 etiam
618 5597 854 5641 causam
887 5578 1143 5658 aliquam
1175 5575 1632 5658 deprehendere
1659 5585 1905 5656 cuperet
1927 5596 2056 5657 pro-

2149 5579 2253 5633 τίνα
2311 5577 2505 5654 τρόπον
2556 5576 2629 5637 εἰς
2673 5573 2770 5641 τὴν
2835 5575 3003 5631 οἰκίαν
3052 5581 3145 5631 τοῦ
3198 5573 3476 5652 φαρμάκου
3508 5569 3800 5647 μεταλαμ-

410 5676 544 5754 pter
569 5687 747 5751 quam
778 5669 842 5732 in
861 5685 1091 5732 veneno
1112 5666 1294 5732 falsus
1318 5675 1478 5732 esset
1501 5667 1654 5751 (ipse
1685 5667 1847 5732 enim
1879 5685 2058 5730 vene-

2149 5664 2288 5724 ϐάνοι
2342 5665 2478 5726 κατὰ
2504 5664 2664 5746 μέρος
2709 5663 2909 5722 ἕκαστα
2967 5662 3358 5724 διεπυνθάνετο.
3391 5663 3486 5726 Ὠς
3541 5658 3618 5737 δὲ,
3689 5658 3811 5720 Οὖ-
