4148 6410
459 377 572 444 701

1667 379 1856 443 VITA
1901 379 1959 442 S.
2007 379 2327 444 JOANNIS
2365 380 2654 446 EVANG.

3720 384 3841 453 702

456 513 544 572 δὲν
574 513 764 591 πλέον,
802 513 974 586 οὗτος,
1025 515 1110 579 εἰς..
1155 515 1256 583 τὴν
1310 515 1480 573 οἰκίαν
1522 514 1904 596 ἀιρικνούμενος
1935 513 2107 595 πράτιο

2195 515 2343 578 licus
2383 522 2512 581 erat
2543 523 2602 580 et
2630 517 2975 599 hujusmodi
3005 537 3206 585 rerum
3239 518 3490 595 artifex),
3523 535 3639 600 quo
3673 527 3840 600 pacto

455 627 630 683 τοιμι,
679 604 808 685 ἔφη,
870 603 1011 674 πλὴν
1064 602 1144 661 ὅτι
1174 603 1240 672 δὴ
1273 610 1340 681 τῇ
1366 602 1538 662 κύλικι
1581 603 1781 684 ἐγχέας
1811 606 1871 662 τὸ
1901 602 2083 684 φάρμα
2102 639 2116 649 -

2203 614 2262 668 et
2283 606 2342 668 in
2365 624 2540 687 quem
2569 608 2809 670 modum
2834 608 2933 671 ubi
2964 611 3206 673 domum
3239 609 3518 672 rediisset
3547 627 3844 672 venenum

456 715 576 767 κον,
651 694 778 750 εἶτα
846 694 934 750 καὶ
1019 694 1182 770 μικρά
1262 692 1520 774 ὀκλάσας,
1593 695 1680 750 καὶ
1747 696 1947 772 ἀγωνίᾳ
2015 694 2107 762 τὴν

2198 698 2518 777 acciperet,
2555 697 2832 760 minutim
2865 717 2974 780 per
3006 699 3242 780 singula
3272 697 3701 779 interrogabat.
3736 700 3847 762 Hic

453 781 670 863 καρδίαν
728 780 1038 856 διασεσθεὶς,
1097 783 1174 858 τῷ
1243 793 1337 843 τοῦ
1419 790 1640 856 στα.»ροῦ
1710 785 1941 864 σημείῳ,
2016 785 2112 842 οἶα

452 870 519 939 δὴ
553 873 790 942 συνήθως
823 878 1160 950 Χριστιανοϊς
1199 870 1347 952 φιλεῖ
1399 872 1655 949 γίνεσθαι,
1718 869 1802 928 διὰ
1859 873 1956 940 τὴν
1997 871 2107 930 δει-

452 961 572 1019 λίαν
629 961 728 1028 τὴν
785 959 976 1016 κύλικα
1047 962 1498 1040 σφραγισάμενος,
1575 962 1664 1018 καὶ
1748 962 1916 1036 μύσας
1988 964 2107 1028 τοὺς

451 1045 753 1128 ὀφθαλμοὺς
783 1050 938 1105 τοῦτο
990 1049 1217 1124 πίνοίμι·
1281 1051 1352 1114 ὡς
1410 1050 1572 1126 μόνον
1634 1057 1859 1128 σταυροῦ
1914 1049 2106 1119 κλῆσιν

448 1138 672 1196 ἐνταῦθα
727 1139 754 1194 ὁ
813 1128 1061 1216 Ἐϐραῖος
1129 1140 1394 1214 ἀκούσειε,
1469 1145 1696 1207 συνῆκεν
1762 1141 1907 1204 εὐθὺς
1975 1139 2106 1217 ὅπερ

447 1229 538 1303 ἦν,
600 1227 692 1285 τὸν
760 1229 1003 1310 σταυρὸν.
1040 1227 1184 1286 εῖναι
1242 1230 1332 1286 τὸν
1388 1229 1702 1308 ἀναιροῦντα
1749 1239 1841 1289 τοῦ
1887 1231 2104 1310 φαρμά-

448 1302 545 1374 κου
571 1318 672 1386 τὴν
697 1302 936 1393 δύναμιν.
982 1302 1090 1375 Ἵνα
1123 1315 1176 1374 δὲ
1207 1319 1286 1394 μὴ
1351 1317 1487 1394 ψιλὴ
1515 1302 1606 1375 ’τὸ
1665 1302 1912 1398 πρᾶγμα·
1947 1302 2106 1396 μόνον

451 1405 724 1486 δπόληχις
753 1407 812 1486 ἦ,
845 1407 933 1464 καὶ
969 1407 1195 1472 πίστεως
1240 1405 1410 1465 δεῖταί
1467 1430 1631 1474 τινος.
1692 1411 1788 1466 Καὶ
1853 1431 1950 1465 τινι
2001 1412 2106 1465 τῶν

452 1502 624 1553 κυνῶν
681 1495 879 1556 ἐκείνου
933 1494 1191 1571 μεταδοὺς
1247 1504 1341 1553 τοῦ
1395 1497 1696 1577 φαρμάκου),
1767 1507 1950 1557 τοῦτον
2009 1497 2106 1573 μὲν

453 1587 664 1663 ἀναιρεῖ
734 1586 938 1645 αὐτίκα·
1021 1589 1049 1642 ὁ
1118 1586 1368 1662 Ἑϐραῖος
1442 1584 1495 1643 δὲ
1581 1587 1776 1661 μηκέτι
1843 1587 2105 1645 πλειόνων

451 1675 655 1744 δεηθεὶς
706 1674 1048 1750 ἆποδειξεων,
1109 1676 1210 1744 τῆν
1269 1677 1490 1755 πάτριον
1545 1676 1933 1752 ἐξομοσάμενος
2007 1677 2104 1734 α’ί-

2196 793 2392 847 autem
2425 803 2440 848 :
2474 784 2653 863 Nihil,
2689 787 2907 869 inquit,
2939 788 3099 852 aliud
3149 808 3257 870 ago
3290 789 3538 852 domum
3572 788 3842 866 veniens,

2195 893 2372 954 quam
2389 876 2548 956 quod
2573 875 2768 939 infuso
2789 878 3004 940 cratori
3029 897 3278 955 veneno,
3299 879 3519 942 deinde
3538 879 3846 960 paululum

2191 962 2369 1026 etiam
2425 963 2834 1040 labefactatus,
2891 975 2944 1028 et
2996 969 3295 1030 anxietate
3345 968 3406 1030 in
3466 967 3649 1030 corde
3691 985 3844 1030 con-

2189 1071 2425 1134 cussus,
2450 1055 2645 1116 crucis
2666 1056 2860 1133 signo,
2885 1064 2946 1118 ut
2970 1058 3128 1139 quod
3150 1077 3184 1120 a
3213 1057 3568 1122 Christianis
3590 1076 3658 1118 ex
3688 1075 3843 1120 con-

2188 1143 2508 1206 suetudine
2540 1145 2671 1206 fieri
2695 1145 2869 1222 solet,
2897 1156 3142 1226 propter
3159 1148 3433 1210 timorem
3457 1147 3642 1210 calice
3671 1146 3838 1208 obsi-

2189 1239 2392 1313 gnato,
2419 1233 2611 1294 oculis
2629 1234 2846 1297 clausis
2867 1235 3014 1298 illud
3041 1235 3202 1301 bibo.
3234 1236 3345 1300 Ubi
3367 1237 3621 1318 primum
3647 1235 3843 1298 crucis

2191 1340 2411 1384 nomen
2436 1321 2532 1383 hic
2556 1322 2821 1386 audisset
2843 1323 3455 1406 Hebrausﬁntellexit
3467 1326 3662 1388 statim
3685 1323 3842 1406 quod

2191 1420 2341 1486 erat,
2363 1430 2581 1491 nempe
2609 1431 2847 1474 crucem
2882 1432 3014 1476 esse
3035 1433 3166 1496 quae
3195 1417 3308 1478 vim
3345 1415 3581 1478 tolleret
3602 1413 3840 1477 veneni.

2190 1501 2378 1562 Porro
2431 1519 2507 1562 ne
2556 1519 2654 1562 res
2708 1501 2883 1564 nuda:
2937 1503 3130 1565 solum
3185 1504 3440 1566 haereret
3488 1503 3842 1583 suspicioni,

2189 1589 2507 1670 quamdam
2536 1590 2714 1652 etiam
2737 1591 2991 1672 requirit
3013 1592 3191 1656 fidem
3217 1616 3231 1653 :
3265 1593 3500 1656 cuidam
3529 1592 3692 1654 illius
3711 1593 3844 1654 cani

2191 1679 2406 1742 tradito
2438 1698 2691 1755 veneno,
2720 1682 2879 1744 hunc
2914 1682 3180 1763 protinus
3210 1683 3524 1746 interimit.
3557 1679 3844 1744 Hebraeus

453 1787 618 1845 ρεσιν,
673 1771 741 1842 τῇ
795 1764 1017 1838 ἀληθείᾳ
1077 1765 1435 1843 προστίθεται.
1501 1768 1598 1824 Καὶ
1665 1773 1822 1823 τοῦτο
1892 1767 2104 1846 πρῶτον

2191 1776 2385 1831 autem
2423 1771 2612 1832 nullas
2648 1770 2903 1852 amplius
2931 1773 3248 1853 requirens
3277 1771 3837 1846 demonstrationes,

450 1856 658 1936 ἀναιρεῖ
739 1856 838 1922 τῆν
916 1854 1150 1930 ἀπάτην,
1223 1856 1309 1912 καὶ
1379 1856 1660 1936 φάρμακον
1745 1859 1818 1920 ὡς
1890 1855 2102 1924 ἀληθῶς

2191 1860 2460 1937 abjurata
2492 1860 2680 1940 patria
2712 1868 2878 1921 secta
2906 1860 2977 1921 ad
3013 1861 3322 1925 veritatem
3355 1862 3610 1924 accedit.
3653 1861 3840 1943 quue

449 1945 759 2025 γίνεταιτῷ
789 1943 1115 2024 κεχρημένῳ
1165 1946 1358 2022 τρόπον
1424 1944 1624 2023 ἕτερον,
1687 1950 1784 2012 τῆς
1848 1945 2103 2024 προτέρας

2191 1948 2450 2029 primum
2507 1949 2661 2011 tollit
2703 1967 2996 2022 errorem,
3037 1960 3094 2013 et
3144 1970 3436 2014 venenum
3491 1951 3547 2013 ei
3577 1952 3676 2032 qui
3723 1951 3841 2013 alio

449 2035 651 2093 ἐκείνου
707 2035 958 2114 γοητείας
1010 2035 1182 2115 φανὴν
1242 2033 1592 2114 δηλητήριον,
1660 2037 1951 2114 τεκμήριον
2007 2041 2106 2102 τῆς

2191 2039 2370 2100 modo
2401 2055 2545 2100 usus
2576 2038 2790 2114 fuerat,
2826 2057 2962 2102 vere
2993 2041 3366 2104 mortiferum
3416 2048 3720 2103 ostensum
3753 2049 3845 2103 est

451 2123 755 2202 μεταϐολῆς
806 2125 1018 2184 ἱπανόν.
1078 2122 1321 2202 Πρόσεισι
1354 2131 1432 2199 τῷ
1459 2132 1553 2182 τοῦ
1613 2133 1838 2203 Χριστοῦ
1862 2128 2099 2202 μαθητῇ,

2191 2125 2408 2207 prioris
2457 2128 2731 2190 veneficii
2774 2127 2990 2209 ipsius,
3026 2131 3259 2209 signum
3311 2129 3655 2193 mutationis
3703 2129 3840 2192 ido-

446 2222 524 2284 τῷ
578 2221 685 2272 τῶν
741 2212 1105 2283 πλανωμένων
1179 2212 1380 2292 ὁδηγῷ.
1445 2221 1524 2291 Τῇ
1597 2214 1950 2293 πολυφθόγγῳ
2015 2222 2106 2272 τοῦ

2191 2233 2394 2280 neum.
2431 2217 2674 2280 Accedit
2705 2219 2779 2280 ad
2813 2218 3032 2280 Christi
3066 2220 3452 2300 discipulum,
3485 2219 3697 2282 ducem
3738 2237 3840 2282 er-

448 2305 756 2380 Πνεύματος
841 2302 1100 2382 σάλπιγγι
1184 2304 1516 2380 καταμηνύει
1608 2305 1706 2371 τὴν
1792 2302 2102 2379 ἐπιϐουλὴν,

2191 2311 2466 2368 rantlum.
2490 2309 2666 2369 Tubae
2690 2313 2976 2370 variarum
3008 2314 3246 2386 spiritus
3277 2313 3604 2383 linguarum
3637 2315 3842 2371 mentis

447 2393 661 2474 ἐλέγχει
722 2393 821 2461 τὴν
894 2392 1099 2468 ἄνοιαν,
1159 2391 1464 2468 δημοσιεύει
1520 2395 1582 2450 τὸ
1638 2395 1871 2473 πονηρὸν
1929 2393 2106 2452 ἐκεῖνο

2191 2403 2551 2476 conceptum
2609 2396 2859 2477 indicat,
2895 2399 3089 2477 arguit
3117 2398 3540 2478 insipientiam.
3576 2397 3845 2462 Publicat

445 2483 766 2563 μυστήριον,
837 2479 1142 2561 θριαμϐεύει
1211 2483 1310 2551 τὴν
1385 2488 1479 2551 τῆς
1565 2483 1820 2562 προτέρας
1893 2484 2103 2552 ἀπάτης

2191 2501 2430 2564 pravum
2455 2485 2602 2547 illud
2619 2487 2993 2566 mysterium,
3026 2488 3363 2551 manifestat
3378 2488 3591 2568 prioris
3621 2487 3846 2550 erroris

445 2574 740 2635 ἀσθένειαν.
808 2564 865 2631 Ὀ
925 2570 978 2628 δὲ
1038 2573 1124 2628 καὶ
1180 2571 1400 2652 δέχεται
1459 2572 1772 2652 προσιόντα,
1850 2574 1938 2630 καὶ
2005 2575 2106 2641 τὴν

2191 2564 2736 2637 insensibilitatem.
2769 2578 2956 2639 Porro
2975 2564 3091 2639 ille
3121 2564 3584 2641 etaccedentem
3602 2577 3848 2658 suscipit

448 2663 734 2736 μετάνοιαν
818 2661 1052 2740 ἐπαινεῖ,
1131 2663 1217 2718 καὶ
1309 2661 1677 2741 παραινέσεσιν
1770 2664 1926 2719 αὐτὸν
2019 2664 2106 2719 καὶ

2191 2677 2241 2722 et
2273 2666 2474 2725 laudat
2501 2669 2980 2738 resipiscentiam,
3009 2671 3316 2742 ipsumque
3354 2670 3844 2729 adhortationibus

451 2750 778 2828 συμϐουλαῖς
836 2750 1202 2831 ἀσφαλίζεται.
1259 2752 1398 2809 Εἶτα
1449 2754 1537 2809 καὶ
1595 2750 1853 2828 ἀναγεννᾷ
1901 2751 1984 2808 διοὶ
2013 2755 2106 2808 τοῦ

2191 2751 2383 2812 munit
2413 2772 2481 2814 ac
2513 2753 2809 2819 consiliis.
2847 2756 3074 2818 Deinde
3107 2767 3167 2821 et
3198 2756 3552 2837 baptismate
3584 2775 3841 2836 regene-

449 2842 844 2922 βαπτίσματος,
899 2842 986 2897 καὶ
1040 2842 1116 2916 τῷ
1174 2843 1280 2898 τῶν
1339 2840 1475 2898 ὅλων
1506 2843 1793 2899 οἰκειοῦται
1830 2840 2098 2918 Δεσπότῃ,

2191 2848 2298 2914 rat,
2328 2848 2387 2902 et
2417 2842 2832 2904 universorum
2867 2843 3122 2907 Domino
3149 2845 3448 2909 conciliat.
3483 2844 3703 2907 Verum
3738 2864 3843 2908 ne-

451 2930 619 2988 Ἀλλά
671 2932 778 3007 μὴν
837 2929 953 2988 οὐδὲ
1008 2931 1100 2988 τὸν
1159 2931 1232 3006 τῷ
1289 2922 1512 3011 Ἐϐραίῳ
1542 2931 1638 3000 τῆς
1669 2930 1972 3007 μεταϐολῆς
2007 2932 2101 2989 αἴ-

2191 2947 2305 3006 que
2317 2935 2651 2992 communis
2670 2932 2884 2994 salutis
2913 2933 3293 3014 dispensator
3309 2952 3446 2997 eum
3469 2934 3572 3015 qui
3591 2933 3839 2998 Hebmo

455 3043 566 3078 τιον
622 3023 648 3077 ὁ
703 3023 800 3089 τῆς
860 3024 1043 3090 κοινῆς
1101 3022 1380 3098 οἰκονόμος
1431 3023 1696 3100 σωτηρίας
1742 3021 1881 3079 οὕτω
1920 3028 2100 3086 κακῶς

2191 3018 2376 3080 fuerat
2406 3021 2638 3082 occasio
2672 3023 3041 3098 mutationis,
3077 3022 3159 3085 ita
3201 3023 3358 3085 male
3385 3024 3703 3086 habentem
3727 3042 3842 3086 ne-

448 3110 644 3191 ἕχοντά
700 3108 986 3191 περιεῖδεν·
1050 3109 1186 3168 ἀλλά
1241 3111 1340 3179 τὴν
1384 3112 1551 3170 αττίαν
1599 3115 1779 3186 μαθῶν
1833 3110 1948 3179 ἥτις
2000 3115 2099 3171 ab-

2191 3107 2364 3187 glexit
2390 3129 2402 3171 :
2431 3109 2537 3172 sed
2572 3129 2753 3172 causa
2779 3112 3019 3191 cognita
3039 3131 3172 3193 qua:
3191 3113 3382 3193 ipsum
3402 3113 3475 3175 ad
3507 3113 3568 3176 id
3590 3113 3842 3196 periculi

443 3204 533 3259 τὸν
565 3201 638 3265 εἷς
671 3207 828 3258 τοῦτο
885 3197 1122 3257 κινδύνου
1178 3198 1372 3280 ἤγαγε,
1434 3201 1522 3258 καὶ
1577 3199 1644 3256 δι’
1703 3201 1769 3269 ἣν
1824 3201 1958 3258 ἑκών
2015 3203 2101 3258 καὶ

2191 3197 2461 3296 duxerat,
2497 3208 2556 3260 et
2604 3208 2852 3296 propter
2884 3220 3060 3282 quam
3114 3201 3273 3264 ultro
3305 3202 3548 3296 propria
3602 3221 3840 3296 quoque

443 3293 607 3358 αὐτῆς
673 3289 863 3354 ἀθλίως
925 3289 1351 3367 ἀποστερηθῆναι
1402 3295 1498 3358 τῆς
1545 3293 1688 3362 ζωῆς
1736 3290 1952 3367 ἔμελλε,
1987 3315 2098 3349 πα-

2191 3287 2302 3349 vita
2326 3288 2544 3351 misere
2568 3288 2895 3369 privandus
2917 3300 3067 3366 erat,
3092 3299 3153 3354 et
3183 3292 3668 3373 paternisipsum
3685 3292 3842 3354 refo-

441 3393 656 3460 τρικατς
714 3400 774 3436 τε
830 3379 989 3436 αὐτὸν
1047 3377 1278 3455 ὁμιλίαις
1350 3377 1735 3456 ἀναλαμϐάνει,
1796 3383 1884 3438 καὶ
1940 3403 2102 3438 κατα·

2191 3387 2278 3438 vet
2311 3377 2655 3460 colloquiis,
2689 3389 2748 3441 et
2771 3380 2931 3441 illius
2954 3381 3392 3462 animam,quze
3413 3383 3539 3461 jam
3566 3382 3840 3444 concide-

439 3479 706 3530 πεσοῦσαν
766 3467 872 3536 ἤδη
931 3468 1032 3537 τὴν
1090 3469 1289 3528 ἐκείνου
1345 3469 1528 3549 ψυχὴν
1577 3471 1810 3548 ἀνορθοϊ,
1868 3474 1954 3528 καὶ
2002 3473 2102 3538 τὴν

2191 3474 2297 3542 rat,
2347 3467 2545 3546 erigit,
2581 3487 2650 3531 ac
2682 3469 2976 3531 tristitiam
3015 3480 3073 3532 et
3103 3471 3585 3551 desperationem
3617 3470 3838 3551 abjicit,

439 3559 660 3635 ἀθυμίαν
697 3556 944 3615 ἐκϐάλλει
994 3560 1082 3616 καὶ
1138 3560 1238 3624 τὴν
1297 3557 1624 3637 ἀπόγνωσιν.
1687 3559 1823 3617 Εἶτα
1883 3561 1975 3617 καὶ
2003 3561 2103 3627 τὴν

2191 3554 2416 3619 Deinde
2438 3576 2624 3638 opere
2648 3559 2822 3620 etiam
2855 3560 3027 3623 aﬂ‘ert
3049 3561 3548 3635 consolationem,
3573 3560 3844 3641 quando-

442 3649 526 3706 διὰ
578 3656 687 3707 τῶν
738 3649 910 3726 ἔργων
966 3648 1152 3727 ἐπάγει
1210 3648 1566 3728 παράκληςιν,
1629 3647 1946 3728 ἐργάσασθαι
2014 3652 2101 3707 καὶ

2191 3644 2428 3724 quidem
2469 3655 2528 3708 et
2558 3647 2671 3708 hoc
2704 3655 2935 3728 poterat
2964 3650 3226 3712 efficere.
3266 3649 3558 3723 Quoniam
3593 3650 3752 3712 enim
3787 3659 3843 3713 et

441 3749 597 3798 τοῦτο
648 3737 872 3800 δυνατὸς
929 3740 1029 3797 ὢν.
1095 3736 1318 3805 Ἐπειδὴ
1377 3739 1476 3817 γὰρ
1529 3744 1597 3814 τῇ
1652 3760 1709 3796 τε
1767 3744 1873 3795 τῶν
1924 3745 2102 3819 χρεῶν

2191 3737 2509 3796 debitorum
2544 3741 2884 3810 repetiiione
2915 3751 2969 3798 et
3000 3756 3195 3799 rerum
3224 3743 3679 3799 necessariarum
3712 3744 3844 3800 ino-

440 3830 754 3906 ἀπαιτήσει,
818 3831 906 3884 καὶ
965 3835 1034 3904 τῇ
1089 3834 1196 3886 τῶν
1244 3828 1546 3907 ἀναγκαίων
1592 3826 1761 3900 ἒνδείᾳ
1791 3829 2101 3904 πιεζόμενον

2191 3821 2278 3902 pia
2314 3841 2668 3904 oppressum
2720 3825 2888 3886 illum
2921 3826 3088 3900 vidit,
3118 3835 3178 3888 et
3203 3826 3278 3888 ob
3333 3828 3390 3888 id
3423 3825 3611 3906 ipsam
3665 3827 3839 3889 vitam

444 3920 600 3976 αὐτὸν
657 3917 798 3992 εἶδε,
851 3922 941 3974 καί
988 3915 1070 3974 διὰ
1125 3924 1281 3974 τοῦτο
1336 3919 1426 3974 καὶ
1485 3919 1648 3985 αὐτὴν
1706 3917 1896 3982 ἀθλίως
1926 3940 2099 3975 κατα-

2191 3907 2408 3972 misere
2442 3910 2859 3994 abjicientem,
2892 3915 3034 3994 quid
3071 3914 3252 3975 facit?
3279 3917 3474 3994 Atque
3506 3915 3648 3976 hinc
3693 3908 3842 3978 mihi

443 4006 764 4086 προϊέμενον
833 4007 932 4075 τὴν
997 4008 1162 4079 ζωὴν,
1227 4007 1278 4062 τί
1307 4019 1508 4082 ποιεϊ;
1562 4006 1664 4065 Καῖ
1698 4010 1950 4064 σκοπεϊτέ
2009 4031 2102 4084 μοι

2191 3997 2567 4060 considerate
2602 4001 2821 4080 quibus
2851 4001 3026 4063 donis
3055 4003 3159 4064 ille
3189 4002 3424 4066 dotatus
3451 4002 3837 4077 fuerat.Quod

445 4097 665 4154 ἐνταῦτα
741 4097 937 4154 ὁποίων
1013 4097 1220 4162 ἐκεῖνος
1298 4103 1404 4153 τῶν
1461 4097 1814 4177 χαρισμάτωδ
1884 4096 2103 4164 ἠξίωτο,

2191 4087 2347 4177 enim
2373 4096 2547 4150 antea
2581 4091 2794 4152 Petrus
2826 4108 2962 4151 cum
2996 4093 3124 4172 ipso
3146 4093 3431 4173 templum
3463 4093 3842 4171 ingressurus

446 4187 616 4263 ’Ὅπερ
671 4188 771 4265 γάρ
831 4187 949 4263 μετ’
1005 4188 1163 4245 αὑτοῦ
1218 4176 1498 4264 πρότερον
1532 4189 1559 4243 ὁ
1610 4187 1804 4265 Πέτρος
1853 4190 1914 4244 τὸ
1966 4190 2104 4266 ἱερὸν

2191 4176 2258 4238 ad
2309 4177 2517 4239 horam
2550 4179 2913 4259 precationis
2946 4199 3194 4256 nonam,
3227 4200 3362 4262 qua,
3397 4189 3462 4244 ut
3499 4183 3694 4263 inquit
3722 4183 3844 4246 Lu—

455 4276 626 4331 εἱσιὼν
654 4278 789 4333 κατά
843 4277 943 4344 τὴν
1007 4276 1150 4356 ὥραν
1211 4277 1308 4344 τῆς
1364 4277 1672 4356 προσευχῆς
1729 4278 1825 4344 τὴν
1856 4279 2106 4358 ὲννάτην,

2191 4283 2315 4342 cas,
2341 4284 2484 4328 usus
2515 4277 2614 4358 est
2650 4268 2709 4330 in
2744 4269 2952 4331 claudo
2986 4269 3091 4346 qui
3139 4271 3212 4332 ad
3247 4269 3589 4351 Speciosam
3641 4273 3843 4352 templi

448 4365 670 4444 ᾗφησιν
730 4369 759 4422 ὁ
816 4372 1046 4447 Λουκᾶς,
1107 4365 1194 4422 ἐπὶ
1252 4365 1344 4421 τοῦ
1391 4366 1693 4440 καθημένου
1752 4367 1895 4444 παρὰ
1922 4373 1990 4443 τῇ
2025 4369 2105 4424 ὡ-

2193 4366 2420 4436 portaui
2455 4357 2708 4422 sedebat
2730 4377 2798 4420 ac
2831 4359 3268 4442 eleemosynam
3301 4360 3558 4442 petebat,
3591 4361 3838 4424 dicens:

446 4455 564 4534 ραίᾳ
612 4454 754 4532 πύλῃ
811 4455 1020 4535 χωλοῦ,
1081 4455 1168 4511 καὶ
1225 4453 1593 4529 ἐλεημοσύνην
1652 4458 1944 4536 αἰτοῦντος,
1993 4458 2104 4525 εἷρ-

2191 4453 2491 4522 Argentum
2521 4460 2570 4508 et
2615 4468 2815 4510 aurum
2846 4469 2954 4512 non
2993 4462 3067 4509 est
3111 4455 3264 4512 mihi.
3299 4454 3437 4528 quod
3464 4460 3640 4512 autem
3681 4455 3842 4512 habeo

444 4543 670 4624 γάσατο,
719 4545 994 4623 Ἀργύριον
1066 4544 1101 4613 ἢ
1173 4544 1418 4624 χρυσίον,
1480 4545 1664 4625 εἰπὼν,
1744 4550 1848 4625 οὐχ
1931 4547 2104 4622 ὑπάρ-

2191 4537 2282 4595 hoc
2309 4539 2406 4596 tibi
2425 4541 2491 4625 do
2512 4542 2578 4608 “,
2613 4541 2785 4625 simul
2807 4542 3054 4625 etpedes
3082 4545 3188 4614 ipsi
3222 4558 3392 4601 sanos
3415 4542 3695 4600 reddens:
3732 4544 3843 4600 hoc

443 4655 534 4712 χει
566 4655 682 4708 μοι,
716 4634 745 4690 ὃ
773 4631 828 4689 δὲ
859 4635 1012 4714 εἶχε,
1063 4641 1220 4690 τοῦτο
1279 4630 1421 4707 δοὺς,
1484 4636 1573 4690 καὶ
1616 4633 1734 4697 δοὺς
1765 4634 1930 4700 πόδας
1963 4640 2106 4710 αὐτῷ

2191 4640 2331 4684 sane
2362 4632 2420 4686 et
2467 4624 2584 4686 iste
2615 4624 2713 4686 hic
2762 4609 2926 4687 facit.
2960 4609 3171 4687 Sciens
3201 4627 3362 4687 enim
3409 4626 3556 4688 nihil
3589 4625 3704 4687 sibi
3735 4643 3838 4686 ar-

442 4723 706 4801 ὑγιώσας,
761 4725 918 4782 τοῦτο
976 4721 1110 4792 δῆτα
1157 4736 1309 4780 ποιεῖ
1361 4723 1446 4780 καὶ
1479 4721 1631 4787 οὗτος
1661 4723 1902 4788 ἐνταῦθα,
1943 4723 2103 4790 Εἰδὼς

2191 4715 2347 4792 genti
2367 4733 2500 4777 esse
2523 4715 2616 4778 vel
2641 4716 2794 4794 auri,
2822 4725 2885 4778 ut
2913 4718 3055 4780 hinc
3079 4717 3238 4780 illius
3267 4717 3608 4798 indigentiae
3637 4735 3844 4781 neces-

443 4813 570 4891 γάρ,
630 4811 706 4875 ὠς
763 4811 910 4871 οὐδὲν
968 4811 1076 4870 οὔτ’
1135 4811 1384 4891 ἀργυρίου
1453 4811 1618 4885 αύτῷ,
1696 4811 1813 4870 οὔτε
1883 4814 2104 4893 χρυσίου

2191 4808 2418 4865 sitatem
2453 4805 2751 4867 consolari
2815 4814 3038 4885 posset,
3074 4806 3276 4870 herbae
3307 4826 3439 4888 quae
3468 4807 3530 4868 in
3576 4807 3842 4887 proximo

445 4903 733 4980 περίεστιν,
805 4899 883 4956 θίν’
955 4901 1187 4959 ἐντεῦθεν
1259 4902 1358 4968 τὴν
1428 4900 1629 4958 ἐκείνου
1712 4907 1810 4970 τῆς
1881 4903 2102 4980 ἀπορίας

2191 4901 2317 4955 erat
2348 4903 2632 4974 quantum
2666 4894 2959 4958 ambabus
2993 4896 3268 4958 manibus
3323 4896 3843 4975 comprehendere

446 4991 686 5069 ἀνάγκην
747 4992 1211 5067 παραμυθήσαιτο,
1269 4997 1362 5048 τοῦ
1420 4991 1805 5068 παρακειμένου
1875 4990 2104 5059 πλησίον

2191 4992 2388 5063 posset
2410 4984 2592 5063 jussit
2615 4984 2842 5046 homini
2868 4985 3170 5065 accipere.
3200 4984 3308 5048 llle
3350 5003 3487 5048 vero
3509 5003 3644 5048 cum
3679 4987 3842 5064 igno-

444 5080 669 5161 χόρτου,
728 5078 854 5138 ὅσον
903 5079 1228 5160 ἀμφοτέραις
1283 5078 1593 5158 περιλαϐεῖν
1643 5079 1884 5154 δυνατὸν,
1929 5103 2103 5139 κατα-

2191 5081 2348 5134 raret
2375 5092 2648 5154 quaenam
2681 5083 2836 5137 esset
2858 5092 3060 5151 causa,
3090 5084 3149 5136 et
3179 5075 3462 5156 quidnam
3493 5075 3604 5136 bac
3629 5093 3696 5136 re
3725 5073 3842 5136 sibi

444 5183 606 5250 σχεῖν
664 5169 874 5228 ἐκέλευε
933 5177 1010 5244 τῷ
1069 5169 1349 5250 ἀνθρώπῳ.
1407 5178 1511 5228 Τοῦ
1569 5169 1649 5250 δὲ,
1699 5172 1797 5239 τὴν
1851 5173 2019 5229 αἰτίαν
2046 5194 2104 5229 τε

2191 5161 2362 5223 vellet
2387 5162 2722 5242 apostolus,
2747 5181 2812 5224 ac
2836 5163 3082 5224 herbam
3106 5164 3544 5244 quantumtotis
3567 5163 3842 5226 manibus

442 5257 560 5325 ἥτις
619 5258 736 5330 εἴη,
800 5261 888 5316 καὶ
943 5260 971 5313 8
1033 5282 1082 5317 τι
1139 5260 1270 5316 ποτὲ
1328 5265 1406 5333 τῷ
1455 5259 1740 5335 ἀποστόλῳ
1779 5263 1840 5318 τὸ
1875 5267 2096 5340 πρᾶγμα

2191 5251 2616 5332 assequebatur
2638 5252 3355 5333 comprehendisset,ipse
3373 5253 3524 5314 facta
3548 5253 3841 5315 duntaxat

442 5347 686 5422 βούλεται
715 5348 1056 5429 ἀγνοοῦντος,
1087 5350 1174 5406 καὶ
1200 5349 1400 5429 χόρτον
1449 5347 1572 5405 ὅσον
1629 5348 1778 5415 ὅλαις
1837 5349 2095 5416 ἐξικνεῖτο

2191 5341 2447 5403 aratione
2470 5359 2537 5403 ac
2563 5342 2731 5420 signo
2765 5342 2990 5416 crucis,
3024 5341 3212 5423 ipsam
3245 5343 3520 5419 restituit,
3559 5351 3618 5405 et
3647 5341 3838 5423 proti-

443 5427 722 5503 παλάμαις
756 5427 1161 5507 περιλαϐόντος,
1207 5427 1355 5508 εῦχῇ
1405 5430 1566 5502 μόνον
1597 5429 1776 5488 ἐκεῖνο
1831 5433 1918 5488 καὶ
1948 5433 2095 5505 τύπῳ

2191 5448 2292 5492 nus
2321 5439 2655 5511 correptam
2689 5431 2940 5492 herbam
2991 5449 3206 5494 aurum
3242 5451 3374 5494 esse
3421 5431 3700 5510 ostendit,
3735 5449 3839 5493 au-

443 5517 666 5594 σταδροῦ
715 5516 944 5597 ἀμείϐει,
1009 5520 1096 5576 καὶ
1149 5521 1351 5598 χρυσὸν
1402 5519 1585 5576 αὐτίκα
1622 5521 1715 5576 τὸν
1754 5519 2090 5602 συλληφθέν-

2191 5537 2428 5602 rumque
2455 5519 2866 5601 purissimum:
2888 5529 3068 5602 atque
3089 5522 3252 5584 hunc
3273 5520 3588 5585 confestim
3609 5520 3822 5585 tollere

521 5705 570 5751 ¹¹
607 5707 743 5772 Act.
778 5721 870 5783 lu,
903 5706 933 5769 1
969 5721 1141 5790 seqq.
