4148 6410
419 365 541 436 703

1736 371 2019 437 MENSIS
2055 370 2485 436 DEGEMBER.

3681 375 3797 444 704

417 504 619 587 jussit,
638 504 939 585 simulque
961 511 1020 569 et
1051 501 1290 567 consilii
1317 501 1581 585 inopiam
1614 521 1684 568 ac
1711 500 2076 585 desperatio-

2165 530 2223 566 τα
2293 509 2491 588 χόρτον
2547 504 2793 583 δεικνύει,
2864 507 2951 565 καὶ
3009 508 3208 589 χρυσὸν
3265 509 3663 592 καθαρώτατον,
3718 515 3807 571 καὶ

424 613 563 657 nem
597 612 665 658 ex
701 594 982 677 praesenti
1023 601 1285 674 egestate
1314 600 1684 655 contractam
1718 593 2072 670 dissolvere,

425 691 483 746 et
512 683 713 747 debita
766 683 1043 764 reddere,
1077 700 1146 743 ac
1188 681 1446 743 residuze
1475 684 1604 744 vitae
1658 684 2077 746 occasionibus

427 774 758 854 providere,
820 773 1064 850 Deoque
1113 772 1429 851 gratiarum
1485 772 1751 833 actiones
1794 772 2067 835 reddere.

427 861 580 935 Quid
613 862 793 941 igitur
810 861 937 922 fieri
958 871 1159 941 posset
1188 861 1347 941 quod
1379 861 1516 922 huic
1530 870 1871 942 aequaretur
1889 863 2075 925 mira-

429 952 559 1013 culo
590 951 622 1011 ?
665 950 972 1031 Siquidem
1002 949 1063 1010 in
1097 949 1306 1030 templi
1359 950 1603 1011 introitu
1635 951 1832 1013 forsan
1865 960 1923 1013 et
1976 952 2076 1015 hic
2124 964 2133 971 ‘

428 1039 867 1122 quodammodo
918 1039 1112 1101 fuerat
1167 1037 1343 1101 Petro
1372 1039 1621 1120 auxilio,
1661 1050 1720 1101 et
1766 1040 2077 1102 abundan-

423 1131 637 1194 tiorem
665 1131 840 1193 ambo
873 1128 1132 1210 Spiritus
1161 1128 1409 1207 gratiam
1463 1130 1933 1210 postulaverunt.
1966 1128 2076 1193 Hic

424 1228 626 1283 autem
657 1219 842 1283 solam
879 1217 1128 1282 Joannis
1157 1218 1274 1279 vim
1305 1234 1374 1280 ac
1404 1217 1816 1281 fortitudinem
1847 1228 1938 1280 est
1978 1225 2072 1282 in-

423 1310 602 1385 tueri,
636 1318 974 1392 quantaque
994 1325 1136 1389 erga
1163 1306 1352 1371 Deum
1385 1309 1631 1391 spiritus
1661 1307 2066 1373 familiaritate

424 1400 642 1464 ditatus
669 1401 766 1465 sit.

511 1577 635 1643 Vll.
669 1576 783 1641 Sed
829 1579 957 1641 haec
989 1577 1227 1659 quidem
1261 1576 1577 1640 exhibebat
1606 1578 1746 1641 dum
1789 1578 1983 1642 adhuc
2014 1579 2075 1640 in

427 1677 590 1733 terra
637 1675 1116 1743 conversaretur,
1144 1685 1383 1730 errores
1426 1667 1696 1750 abigens,
1728 1678 1789 1732 et
1844 1669 2079 1749 pietatis

430 1756 915 1839 praedicationem
931 1755 1424 1824 disseminans,ac
1441 1775 1729 1820 revocans
1741 1759 2048 1820 veritatem
2060 1801 2074 1816 .

2160 605 2347 656 τοῦτον
2405 596 2679 654 ἀνελέσθαι
2732 620 2790 655 τε
2845 597 3035 661 εὐθέως
3092 597 3361 675 ἐκέλευσε,
3424 603 3512 658 καὶ
3550 603 3682 676 ὁμοῦ
3711 604 3809 678 μὲν

2157 687 2253 755 τὶν
2314 689 2377 743 ἐκ
2439 686 2527 755 τῆς
2583 686 2852 765 παρούσης
2915 686 3112 749 ἐνδείας
3180 689 3492 769 ἀμηχανίαν
3546 688 3810 766 διαλῦσαι,

2158 778 2292 851 ὁμοῦ
2348 775 2402 831 δὲ
2458 777 2524 833 τὰ
2604 777 2741 856 χρέα
2815 777 3050 847 ἐκτῖσαι,
3106 781 3194 835 καὶ
3266 779 3508 857 ἀφορμὰς
3579 783 3812 838 ἐντεῦθεν

2157 872 2250 923 τοῦ
2306 864 2494 922 λοιποῦ
2548 867 2662 941 βίου
2716 880 3057 944 συναγαγεῖν,
3092 868 3176 924 καὶ
3236 867 3519 925 ἀποδοῦναι
3578 875 3693 943 Θεῷ
3749 871 3814 928 τὰ

2159 953 2565 1036 εὐχαριστήρια.
2626 957 2685 1014 Τί
2742 957 2914 1013 τοίνυν
2974 956 3172 1033 γένοιτ’
3231 957 3295 1014 ἂν
3349 960 3533 1016 τούτου
3565 967 3655 1017 τοῦ
3680 961 3811 1017 θαύ-

2159 1066 2326 1121 ματος
2385 1044 2507 1102 ’ίσον
2546 1063 2563 1116 ς
2628 1044 2682 1102 ἕν
2743 1047 2841 1120 μὲν
2900 1047 3000 1125 γὰρ
3024 1053 3093 1123 τῇ
3123 1054 3215 1105 τοῦ
3242 1047 3385 1125 ἱεροῦ
3415 1048 3619 1123 εἰσόδῳ,
3668 1050 3814 1129 τάχα

2158 1158 2208 1192 τι
2242 1136 2328 1191 καὶ
2359 1134 2509 1199 οὗτος
2567 1139 2643 1207 τῷ
2702 1136 2882 1214 Πέτρῳ
2942 1136 3216 1212 συνέλαϐε,
3278 1137 3372 1194 καί
3430 1136 3814 1218 δαψιλεστέρακ

2157 1225 2447 1305 ἀμφότεροι
2506 1232 2596 1284 τοῦ
2642 1227 2949 1299 Πνεύματος
3024 1226 3281 1284 ἐκάλεσαν
3353 1229 3456 1298 τήν
3526 1228 3815 1307 ἐνέργειαν

2158 1313 2376 1372 ἐνταῦθα
2432 1313 2486 1371 δὲ
2543 1315 2713 1391 μόνην
2767 1313 2908 1372 ἐστιν
2966 1314 3100 1372 ἰδεῖν
3156 1317 3256 1384 τὴν
3323 1316 3583 1375 Ἰωάννου
3640 1319 3814 1398 ἰσχὺν,

2158 1407 2247 1460 καὶ
2312 1403 2444 1471 ὅσην
2514 1406 2645 1483 πρὸς
2715 1406 2844 1462 Θεὸν
2914 1404 3065 1467 οὗτος
3126 1404 3368 1463 ἐπλούτει
3437 1406 3537 1476 τὴν
3604 1409 3813 1465 οἰκείω-

2160 1516 2272 1556 σιν.

2240 1583 2297 1640 Z'
2313 1633 2326 1647 .
2362 1582 2528 1641 Ἀλλὰ
2561 1591 2723 1641 ταῦτα
2756 1585 2852 1659 μὲν
2887 1583 2960 1641 ἔτι
2990 1584 3115 1663 περί
3146 1584 3246 1663 γῆν
3295 1587 3652 1667 στρεφόμενος
3684 1586 3815 1644 ἐπε-

2160 1673 2416 1754 δείκνυτο,
2476 1674 2576 1741 τὴν
2628 1675 2842 1742 ἀπάτην
2876 1674 3227 1746 ἀπελαύνων,
3288 1677 3375 1732 καὶ
3423 1679 3489 1732 τὸ
3531 1682 3628 1743 τῆς
3660 1681 3814 1736 εὗσε-

2159 1764 2304 1830 ϐείας
2386 1765 2636 1842 κήρυγμα
2722 1765 3112 1841 κατασπείρων,
3194 1767 3282 1821 καὶ
3383 1764 3816 1841 ἀνακαλούμενος

426 1851 748 1931 Postquam
798 1855 1000 1909 autem
1032 1865 1264 1923 omnes,
1301 1847 1459 1928 quod
1510 1865 1748 1909 suarum
1780 1857 1905 1911 erat
1937 1867 2076 1929 par—

2165 1854 2262 1921 τὴν
2321 1852 2594 1924 ἀλήθειαν.
2655 1850 2872 1920 Ἐπειδὴ
2933 1851 2985 1909 δὲ
3020 1854 3221 1917 πάντας
3277 1856 3337 1911 τό
3370 1876 3432 1933 γε
3465 1859 3624 1914 αὐτοῦ
3654 1856 3815 1933 μέρος

428 1938 601 2014 tium,
663 1940 786 2000 Deo
842 1936 1194 2012 adduxerat,
1229 1936 1450 1999 ccelum
1502 1938 1747 2016 quidem
1809 1938 2079 2001 efficiens

428 2027 836 2109 proscenium,
868 2035 1046 2090 terra;
1073 2039 1273 2090 autem
1299 2026 1506 2089 orbem
1541 2028 1936 2103 theatrum,ac
1967 2046 2078 2089 an-

439 2119 606 2196 gelos
627 2125 1017 2200 spectatores,
1042 2118 1146 2200 qui
1171 2116 1484 2199 stupefacti
1507 2127 1674 2181 erant
1698 2119 1771 2180 ad
1798 2118 2077 2181 decorem

428 2212 657 2270 virtutis
705 2212 863 2269 illius
890 2224 958 2268 ac
994 2210 1356 2282 prudentiam
1386 2210 1803 2282 (Desiderabilia
1833 2226 2079 2284 namque

429 2314 617 2379 super
632 2314 850 2361 aurum
866 2304 922 2359 et
935 2295 1198 2377 lapidem
1215 2297 1551 2377 pretiosum
1573 2300 1935 2371 multum,ac
1950 2297 2057 2361 dul
2067 2332 2081 2343 -

434 2388 607 2450 ciora
626 2404 812 2468 super
831 2385 949 2449 mel
985 2386 1268 2464 etfuvum
1296 2386 1356 2435 ίὶ
1381 2394 1550 2449 erant
1579 2386 1869 2450 doctrinae
1898 2387 2082 2466 ipsius

432 2475 633 2539 divina
683 2475 966 2557 eloquia),
1022 2474 1258 2537 civitate
1305 2494 1580 2555 egressus
1630 2485 1740 2556 est,
1773 2474 2082 2557 discipulis

433 2566 793 2649 praecipiens
814 2574 876 2627 ut
899 2564 1157 2644 ligonem
1189 2581 1257 2624 ac
1278 2563 1573 2626 sarculum
1604 2583 1808 2626 secum
1841 2564 2078 2627 confer-

429 2663 588 2737 rent,
615 2675 684 2718 ac
709 2658 977 2736 protinus
998 2653 1058 2715 in
1084 2660 1350 2715 montem
1375 2654 1692 2735 quemdam
1724 2655 2079 2725 ascendens,

431 2746 539 2809 ubi
570 2764 730 2808 nunc
759 2745 939 2823 hujus
983 2742 1270 2824 templum
1319 2752 1684 2806 exstructum
1716 2752 1807 2808 est
1855 2745 2086 2806 eximite

432 2855 569 2900 cum
619 2832 1084 2919 pulchritudinis
1143 2841 1264 2893 tum
1322 2833 1769 2913 magnitudinis,
1803 2843 2085 2915 stansque

429 2927 490 2989 in
524 2927 694 3008 ipso:
730 2924 864 3006 Hic,
887 2922 1106 3003 inquit,
1144 2922 1273 2997 ﬁlii,
1301 2922 1447 2985 mihi
1479 2922 1683 2986 fodite.
1716 2922 1949 2987 Deinde
1978 2924 2079 2986 ubi

2166 1950 2281 2017 Θεῷ
2351 1943 2747 2021 παρεστήσατο,
2819 1945 3145 2023 προσκήνιον
3228 1944 3325 2019 μὲν
3413 1947 3506 2001 τὸν
3575 1946 3822 2023 οὖρανὸν,

2161 2032 2378 2112 θέατρον
2461 2031 2516 2088 δὲ
2601 2032 2700 2101 τὴν
2771 2033 3111 2111 οἰκουμένην,
3202 2039 3287 2091 καὶ
3368 2037 3489 2101 τοὺς
3568 2033 3827 2114 ἀγγέλους

2161 2122 2351 2185 θεατὰς
2408 2120 2797 2202 ποιησάμενος,
2857 2124 2954 2190 τὴν
3007 2124 3206 2181 ἐκείνου
3263 2130 3363 2191 τῆς
3421 2125 3626 2201 ἀρετῆς
3687 2124 3826 2203 ὥραν

2161 2204 2621 2287 έκπληττομένους
2693 2214 2780 2267 καὶ
2849 2214 3054 2269 σύνεσιν
3118 2212 3476 2292 (Ἐπιθυμητᾶ
3542 2215 3641 2293 γὰρ
3696 2214 3821 2291 ὑπὲρ

2164 2303 2380 2382 χρυσίον
2461 2302 2549 2358 καὶ
2633 2300 2778 2358 λίθον
2845 2307 3019 2378 τίμιον
3104 2301 3291 2381 πολὺν,
3364 2305 3451 2360 καὶ
3525 2304 3820 2384 γλυκύτερα

2163 2393 2293 2470 ὑπὲρ
2346 2390 2469 2467 μέλι
2530 2393 2616 2447 καὶ
2675 2392 2859 2470 κηρίον
2916 2393 2983 2448 τὰ
3036 2396 3157 2449 θεῖα
3204 2392 3301 2460 τῆς
3352 2391 3691 2460 διδασκαλίας
3723 2400 3820 2454 αὖ-

2164 2488 2254 2538 τοῦ
2310 2479 2507 2560 λόγια),
2569 2478 2749 2547 ἐξῆλθε
2802 2487 2892 2538 τοῦ
2949 2479 3157 2552 ἄστεος,
3205 2479 3446 2539 δίκελλαν
3477 2483 3819 2563 ἐπιφέρεσθαι

2164 2571 2252 2627 καὶ
2308 2583 2565 2648 σκαφεῖον
2618 2571 2738 2635 τοῖς
2795 2574 3065 2645 μαθηταῖς
3112 2570 3504 2653 ἐντειλάμενος,
3569 2575 3657 2630 καὶ
3686 2575 3816 2651 πρὸς

2164 2682 2214 2716 τι
2245 2659 2362 2738 ὅρος
2396 2660 2541 2722 εὐθὺς
2568 2659 2824 2735 ἀνελθὼν,
2870 2659 2991 2717 tm
3056 2668 3143 2719 νῦν
3200 2663 3228 2718 6
3270 2664 3458 2719 τούτου
3488 2665 3614 2728 ναός
3663 2662 3817 2741 ἵδρυ-

2165 2771 2274 2820 ται,
2340 2749 2470 2825 πρός
2501 2771 2558 2806 τε
2609 2749 2804 2813 κάλλος
2839 2752 2925 2807 καὶ
2956 2751 3176 2829 μέγεθος
3212 2751 3268 2807 εὖ
3303 2751 3473 2832 ἔχων,
3537 2755 3626 2810 καὶ
3691 2753 3817 2819 στὰς

2167 2838 2221 2894 ἐν
2248 2837 2411 2911 αὐτῷ,
2475 2839 2728 2898 Ἐνταῦθα
2785 2863 2899 2914 μοι,
2961 2839 3086 2920 ἔφη,
3137 2840 3350 2912 παῖδες,
3398 2840 3637 2918 δρύξατε.
3677 2843 3817 2901 Εἶτα

2165 2928 2286 2986 ὅλον
2318 2930 2504 2984 ἑαυτὸν
2560 2930 3006 3010 σφραγισάμενος,
3060 2932 3167 3006 ναὶ,
3229 2931 3302 2987 Σὺ
3350 2930 3471 3006 μετ’
3502 2930 3634 3007 ἐμοῦ
3667 2933 3813 3007 εἴης,

434 3035 501 3080 se
548 3024 732 3078 totum
765 3014 1198 3091 consignasset,
1231 3032 1300 3075 ac
1343 3011 1639 3077 dixisset:
1699 3013 1788 3076 Tu
1848 3032 2079 3077 mecum

2170 3023 2321 3095 Κύριε
2379 3016 2553 3085 Ἰησοῦ
2604 3018 2817 3098 Χριστὲ,
2879 3021 3123 3097 εἰρηκὼς,
3189 3022 3275 3077 καὶ
3345 3034 3464 3086 τοῖς
3531 3028 3817 3100 παρεστῶ-

436 3118 588 3181 esto,
624 3104 878 3169 Domine
926 3105 1067 3165 Jesu
1115 3102 1372 3178 Christe,
1425 3103 1880 3185 astantibusque
1935 3103 2081 3166 sub-

2167 3131 2274 3184 σιν,
2333 3110 2528 3186 Εἰρήνη
2583 3110 2735 3183 ὑμῖν,
2797 3107 3045 3188 ἀδελφοὶ,
3099 3109 3356 3185 ἐπειπὼν,
3406 3116 3482 3183 τῷ
3509 3112 3682 3188 βόθρῳ
3711 3134 3818 3169 κα·-

428 3194 771 3284 junxisset:
808 3194 924 3292 Pax
979 3190 1169 3267 vobis,
1208 3191 1438 3292 fratres,
1473 3196 1533 3292 in
1592 3194 1814 3292 foveam
1849 3192 2081 3255 demisit

2170 3201 2300 3264 θῆκε
2352 3200 2443 3253 τὸν
2498 3195 2724 3262 τρίϐωνα
2760 3216 2774 3231 ·
2837 3203 2913 3270 τῷ
2967 3197 3020 3253 δὲ
3069 3201 3156 3255 καὶ
3188 3201 3343 3262 αὐτὸς
3386 3198 3763 3265 ἐπικατεκλίθη
3799 3215 3814 3230 ⁶

439 3282 706 3367 pallium,
735 3292 790 3345 et
817 3282 947 3360 ipse
967 3299 1204 3362 quoque
1222 3282 1282 3343 in
1307 3300 1435 3343 eam
1463 3282 1811 3344 descendit:
1848 3300 1916 3343 ac
1947 3299 2081 3343 cor-

2174 3289 2261 3342 καὶ
2316 3287 2488 3359 μέσην
2543 3286 2776 3364 κατέσχε
2836 3287 2932 3352 τὴν
2988 3285 3168 3343 Ἀσίαν
3228 3294 3304 3361 τῷ
3355 3286 3586 3363 σώματι,
3619 3286 3742 3345 ἔνθα
3773 3292 3820 3344 οἱ

437 3393 583 3458 pore
604 3372 861 3436 mediam
896 3370 1154 3433 obtinuit
1178 3372 1402 3453 Asiam,
1429 3371 1526 3433 ubi
1556 3372 1695 3433 olim
1730 3370 1828 3451 qui
1855 3390 1889 3432 e
1922 3373 2081 3434 Grie-

2171 3381 2268 3441 τῆς
2329 3373 2652 3440 Ἐλληνικῆς
2708 3372 3053 3454 ἐφιλοσόφουν
3123 3378 3417 3455 συμμορίας
3486 3378 3547 3432 τὸ
3618 3377 3818 3453 πρότεο

438 3465 646 3528 canico
670 3469 823 3526 cmtu
855 3469 1023 3523 erant
1054 3460 1646 3543 philosophabantur.
1684 3462 1869 3523 Porro
1900 3460 2081 3521 disci-

2170 3487 2279 3539 ρον.
2356 3466 2414 3521 Oi
2486 3462 2539 3519 δὲ
2612 3464 2842 3538 μαθηταὶ
2894 3466 2989 3527 τὰς
3047 3466 3217 3541 κόμας
3276 3466 3665 3545 ἐσπαρέσοντο,
3723 3465 3817 3530 τοῖς

435 3554 560 3635 puli
591 3568 792 3616 comas
821 3549 1178 3623 evellebant,
1218 3568 1519 3630 genasque
1550 3549 1980 3628 percutiebant,
2016 3567 2083 3610 ac

437 3642 806 3707 orbationem
840 3638 1265 3702 miserabiliter
1293 3638 1689 3720 deplorabant
1718 3657 1732 3701 :
1761 3647 2085 3720 pastorem,

433 3733 919 3814 gubernatorem,
941 3739 1336 3798 servatorem,
1362 3728 1627 3809 denique
1653 3746 1786 3791 eum
1820 3729 1925 3809 qui
1950 3748 2086 3789 om—

434 3823 610 3886 nibus
640 3819 843 3883 omnia
866 3828 992 3881 erat
1014 3817 1433 3881 inclamabant.
1467 3817 1692 3879 Deinde
1722 3817 1898 3879 etiam
1933 3818 2082 3880 civi-

434 3921 612 3976 tatem
644 3911 1029 3983 accedentes,
1063 3908 1156 3969 his
1187 3908 1291 3989 qui
1320 3907 1382 3970 in
1418 3908 1652 3971 civitate
1679 3916 1849 3971 erant
1882 3910 2077 3971 mani-

432 4004 648 4065 festant
676 4001 730 4064 id
756 3999 914 4082 quod
945 3999 1162 4060 factum
1198 4008 1346 4061 erat.
1375 3997 1616 4060 Interim
1655 4007 1853 4062 autem
1885 3998 1983 4060 die
2014 3999 2076 4061 il-

431 4093 770 4155 lucescente
820 4094 1183 4152 concurrunt
1213 4088 1285 4150 ad
1339 4100 1813 4165 monumentum,
1849 4087 2083 4151 discere

432 4182 747 4261 cupientes
771 4197 911 4243 num
946 4186 1276 4261 praeceptor
1300 4178 1494 4240 adhuc
1527 4177 1929 4259 superviveret
1962 4198 1977 4258 ;
2025 4188 2084 4239 et

433 4272 587 4334 ovile
639 4277 1045 4340 accesserunt,
1081 4286 1257 4348 porro
1295 4276 1493 4346 pastor
1524 4284 1814 4347 nusquam
1847 4284 2087 4346 compa-

431 4362 600 4423 rebat
633 4381 647 4420 :
701 4358 844 4420 solm
872 4357 1157 4436 jacebant
1202 4356 1485 4435 crepidas,
1520 4356 1572 4415 is
1605 4364 1799 4415 autem
1832 4355 1931 4433 qui
1983 4355 2088 4415 has

431 4451 756 4532 abjecerat,
793 4448 1188 4525 disparuerat.
1246 4444 1602 4506 Discurrunt
1656 4444 1773 4504 huc
1806 4452 1861 4503 et
1918 4443 2085 4525 illuc,

2168 3554 2386 3632 παρειὰς
2459 3552 2766 3618 ἐκόπτοντο,
2822 3554 2921 3621 τὴν
2979 3556 3227 3634 ὀρφανίαν
3286 3555 3526 3621 ἐλεεινῶς
3596 3553 3819 3612 ἀπωδύ-

2170 3665 2345 3722 ροντο,
2378 3648 2469 3699 τὸν
2499 3641 2751 3722 ποιμένα,
2811 3645 2904 3699 τὸν
2959 3642 3253 3722 κηδεμόνα,
3313 3646 3405 3701 τὸν
3456 3649 3698 3719 σωτῆρα,
3728 3646 3821 3701 τὸν

2167 3733 2231 3789 τὰ
2290 3734 2463 3790 πάντα
2522 3738 2681 3789 πᾶσιν
2741 3730 3121 3808 ἐπιϐοώμενοι.
3188 3737 3321 3791 Εἶτα
3381 3735 3467 3791 καὶ
3528 3734 3662 3790 κατὰ
3717 3735 3818 3802 τὴν

2166 3822 2322 3879 πόλιν
2370 3822 2673 3902 γενόμενοι,
2731 3824 2791 3878 τὸ
2845 3824 3081 3903 πραχθὲν
3124 3837 3239 3889 τοῖς
3289 3823 3343 3879 ὲν
3385 3829 3452 3899 τῇ
3495 3822 3648 3880 πόλει
3693 3821 3816 3879 δια-

2166 3920 2441 3992 σαφοῦσιν.
2514 3913 2667 3990 Ἀρτι
2727 3910 2780 3967 δὲ
2837 3913 3042 3991 ἡμέρας
3111 3914 3532 3993 ὑπογαινούσης,
3594 3914 3814 3989 συντρέ-

2163 4024 2320 4083 χουσι
2381 4003 2510 4079 πρὸς
2571 4002 2660 4058 τὸν
2711 4002 2899 4075 τάφον,
2953 4003 2996 4058 εἰ
3053 4004 3081 4059 6
3136 4001 3449 4067 διδάσκαλος
3510 4002 3587 4058 ἔτι
3634 4000 3813 4079 διαζῆ,

2165 4096 2353 4168 μαθεῖν
2404 4090 2667 4154 θέλοντες·
2735 4089 2827 4147 καί
2879 4093 2940 4146 τὸ
2997 4092 3095 4165 μὲν
3157 4094 3403 4168 ποίμνιον
3464 4092 3810 4171 παρεστήκα-

2166 4202 2273 4253 κιν,
2335 4183 2363 4236 6
2420 4179 2474 4235 δὲ
2530 4178 2735 4254 ποιμὴν
2805 4178 3057 4254 οὖδαμοῦο
3118 4183 3169 4238 αἶ
3238 4182 3502 4261 κρηπίδης
3574 4180 3816 4256 κείμεναι

2166 4271 2349 4348 μόναι,
2408 4270 2496 4325 καὶ
2555 4270 2583 4324 6
2640 4269 2832 4331 ταύτας
2888 4268 3195 4351 ἀποϐαλὼν,
3255 4274 3482 4350 ἀφανής.
3557 4271 3824 4327 Φοιτῶσίν

2167 4358 2267 4415 ὧδε
2342 4358 2427 4415 καὶ
2494 4356 2596 4413 ὧδε
2665 4358 2801 4413 γατά
2856 4360 2976 4425 τοὺς
3028 4363 3145 4439 περὶ
3198 4362 3290 4417 τὸν
3325 4360 3669 4431 Ἐλισσαῖον,
3704 4357 3820 4414 διε-

2168 4453 2438 4525 ρευνῶσιν,
2505 4448 2799 4526 ἰχνεύουσι,
2859 4452 2945 4505 καὶ
2998 4450 3233 4520 ἀνήνυτα
3307 4452 3373 4508 τὰ
3422 4458 3513 4508 τοῦ
3578 4448 3829 4525 καμάτου

431 4536 937 4619 quemadmodum
958 4535 1019 4595 hi
1053 4534 1153 4613 qui
1179 4551 1311 4593 cum
1345 4532 1585 4594 Elissaeo
1605 4540 1799 4607 erant,
1822 4541 2081 4594 scrutan-

2169 4538 2374 4603 αὒτοτς.
2459 4537 2595 4594 Εἶτα
2653 4547 2764 4612 τοῦ,
2817 4540 2874 4596 Εἰ
2942 4539 3206 4617 βούλομαι
3262 4551 3447 4600 τοῦτον
3498 4539 3676 4616 μένειν
3728 4536 3833 4599 ἕως

435 4604 631 4698 lin-13,
669 4604 1303 4701 ἰηνεειίεεηῑίνειύιη
1348 4619 1617 4681 incassus
1656 4604 1913 4683 efficitur
1942 4622 2081 4702 ipsis

2170 4626 2402 4706 ἔρχομαι
2446 4627 2495 4683 τί
2551 4628 2682 4704 πρὸς
2740 4604 2849 4708 σέ;
2902 4604 3061 4705 μόλις
3104 4604 3545 4705 ἐπιμνησθέντες,
3580 4631 3711 4705 πρὸς
3767 4627 3834 4681 τὸ

434 4718 622 4780 labor.
660 4714 849 4776 Deide
881 4712 968 4774 vix
1003 4710 1244 4771 tandem
1278 4708 1438 4771 illius
1468 4710 1627 4772 vocis
1658 4712 1952 4774 recordati
1977 4734 1991 4774 :
2014 4711 2081 4775 Si

2170 4716 2511 4795 εὔθυμότερον
2587 4714 3001 4790 μεταϐάλλουσι.
3065 4723 3162 4777 Καὶ
3234 4723 3261 4776 6
3326 4720 3424 4792 μὲν
3494 4726 3571 4791 τῷ
3643 4714 3830 4793 Ἐνὼχ

435 4826 572 4870 eum
602 4803 733 4867 volo
751 4817 1002 4864 manere
1030 4801 1216 4862 donec
1246 4802 1510 4872 veniam,
1531 4802 1677 4879 quid
1703 4802 1782 4863 ad
1812 4811 1864 4863 te
1889 4803 1990 4865 H?
2016 4804 2081 4865 ad

2169 4810 2265 4862 καὶ
2324 4813 2416 4863 τοῦ
2474 4805 2661 4864 Ἠλιοῦ
2721 4814 2798 4881 τῷ
2856 4806 3083 4884 Θεσϐὶτῃ
3143 4806 3573 4883 σνναγελάζεταϋ
3627 4807 3673 4861 οἳ
3741 4800 3824 4883 δὲ,

435 4903 697 4957 mentem
717 4890 1067 4954 alacriorem
1100 4889 1375 4951 redeunt.
1410 4888 1480 4951 Et
1495 4888 1597 4952 ille
1623 4891 1861 4971 quidem
1884 4891 2086 4954 Euoch

433 4993 491 5045 et
521 4982 666 5045 Elite
695 4980 1005 5044 Tbesbitae
1028 4979 1430 5059 conjungitur,
1452 4979 1512 5040 hi
1543 4990 1739 5042 autem
1761 4999 1795 5041 a
1815 4981 2090 5044 lamentis

434 5072 838 5145 discedentes,
888 5069 1076 5131 Deum
1136 5068 1550 5131 universorum
1612 5069 1933 5133 laudabant
1988 5083 2087 5153 qui

435 5180 607 5223 suum
658 5160 942 5222 dilectum
977 5158 1128 5219 adeo
1178 5157 1674 5236 magniﬁcaverat.
1709 5158 1835 5221 Hoc
1894 5163 2088 5240 itaque

434 5251 531 5313 die
544 5269 659 5331 quo
683 5251 807 5310 haec
838 5248 1220 5326 contigerunt
1249 5247 1599 5325 splendidus
1620 5250 1755 5312 huic
1780 5248 2084 5327 Tlieologo

437 5340 774 5403 celebratur
824 5336 1049 5418 Ephesi
1080 5344 1412 5398 conventus
1460 5356 1528 5397 ex
1563 5340 1725 5400 omni
1766 5358 1986 5417 genere
2016 5359 2083 5403 ac

433 5430 709 5491 universa
730 5435 925 5502 aetate,
956 5426 1061 5508 qui
1079 5434 1374 5487 astrorum
1391 5427 1770 5506 Splendorem
1791 5428 2077 5490 imitetur.

436 5521 732 5582 Praeterea
754 5517 813 5578 in
837 5517 951 5578 hoc
979 5532 1149 5577 sacro
1172 5513 1327 5596 loco,
1348 5516 1421 5575 all
1453 5534 1631 5593 quem
1668 5517 1762 5579 hic
1796 5535 1928 5578 cum
1951 5518 2084 5600 pal-

516 5702 570 5753 ιε
598 5701 750 5771 Psal.
787 5718 957 5783 xvm,
997 5703 1093 5764 11.
1181 5700 1234 5745 1³
1267 5700 1342 5764 ιν
1372 5704 1523 5782 Reg.
1562 5721 1602 5783 ι,
1638 5708 1662 5765 1
1708 5722 1871 5789 seqq.

2170 4902 2275 4952 τῶν
2320 4897 2523 4975 θρήνων
2561 4897 2841 4977 ἀφέμενοι,
2877 4899 2966 4953 τὸν
3011 4896 3095 4952 ἐπὶ
3149 4897 3360 4951 πάντων
3417 4892 3610 4970 ὕμνουο
3664 4895 3820 4973 Θεὸν,

2169 4986 2310 5041 οὕτω
2360 4988 2451 5042 τὸν
2497 4987 2654 5043 αὐτοῦ
2719 4985 2996 5053 ἀλαπητὸν
3047 4982 3437 5062 μεγαλύναντα.
3505 4984 3649 5041 Κατὰ
3694 4985 3822 5063 γοῦν

2166 5078 2266 5141 τὴν
2314 5074 2518 5152 ἡμέραν
2564 5074 2780 5140 ἐκείνην
2838 5074 2892 5130 ἐν
2943 5076 2978 5150 ᾗ
3033 5081 3193 5130 ταῦτα
3237 5070 3468 5149 ἐγένετο,
3523 5075 3821 5151 πανήγυρις

2168 5163 2228 5219 ἐκ
2285 5166 2481 5226 παντὸς
2542 5161 2725 5240 γένους
2768 5164 2854 5218 καὶ
2911 5162 3122 5231 ἡλικίας
3184 5161 3394 5228 ἀπάσης
3451 5170 3527 5237 τῷ
3573 5162 3824 5241 Θεολόγώ

2167 5254 2303 5310 κατὰ
2346 5255 2436 5308 τὸν
2498 5252 2736 5331 ’Ἔφεσον
2798 5250 3042 5307 τελαῖται
3094 5251 3333 5333 λαμπρὰ,
3367 5254 3464 5320 τὴν
3522 5258 3627 5309 τῶν
3671 5252 3823 5307 ἀστέ-

2166 5365 2270 5422 ρων
2340 5340 2644 5416 μιμούμένη
2723 5338 3071 5419 φαιδρότητα.
3151 5344 3250 5401 Καί
3309 5364 3391 5408 τις
3454 5346 3510 5399 ἓν
3568 5349 3644 5398 τῶ
3695 5345 3821 5418 ἱερῷ

2164 5434 2335 5503 τούτῳ
2392 5432 2540 5502 τόπῳ
2596 5428 2677 5509 ἐφ’
2732 5431 2793 5485 ὃν
2837 5431 2987 5494 οὗτος
3038 5434 3174 5501 μετά
3217 5439 3307 5489 τοῦ
3364 5431 3613 5511 τρίϐωνος
3659 5452 3826 5487 κατε-

2165 5521 2342 5594 κλίθη,
2412 5520 2643 5597 πηγαζει
2717 5519 2890 5591 λεπτὴ
2952 5522 3094 5590 κόνις
3163 5525 3251 5580 καὶ
3309 5521 3626 5596 ἀναδίδοται,
3672 5524 3825 5599 θερα-

1961 5704 2015 5750 ¹⁴
2040 5706 2214 5771 Joan.
2251 5722 2373 5783 xxI,
2409 5708 2508 5771 22.
