4148 6398
388 327 504 398 705

1335 317 1523 392 VITA
1571 327 1630 389 S.
1680 316 2070 393 MARCELLI
2114 319 2807 392 ARCHIMANDRIT/E.

3645 318 3764 390 706

387 469 538 525 πείαν
568 469 644 540 τῷ
687 463 958 544 προσιόντι
1017 458 1180 517 παντί
1241 460 1437 521 παντὸς
1470 458 1770 535 ἐπαρκοῦσα
1807 459 2026 532 πάθους,

2118 459 2193 522 lio
2257 461 2573 540 declinavi,
2629 461 2895 522 minutus
2951 459 3194 541 quidam
3247 453 3437 542 pulvis
3467 469 3667 522 manat
3695 480 3764 522 ac

389 558 481 616 Ἐν
536 557 707 612 τοίνυν
756 559 820 630 τῇ
877 550 1132 628 παννύχῳ
1187 549 1286 616 τῆς
1342 548 1540 604 ἐκείνου
1591 548 1774 626 ἑορτῆς
1802 547 2034 623 ὑμνῳδίᾳ

389 649 492 702 ὑπὸ
548 653 655 701 τῶν
703 645 755 700 ἐν
815 644 946 716 αἱ)τῇ
1005 637 1464 717 διακονουμένων,
1540 651 1658 702 τοῖς
1741 638 1821 693 ἐ,πῖ
1882 645 2036 694 τοῦιο

392 733 786 813 ἀθροιζομένοις
843 730 1069 800 πλήθεσι
1143 726 1504 802 ὃιαδιδομένη,
1552 725 1668 783 οὐδὲ
1727 728 1788 783 τὸ
1861 729 2036 807 βραχὺ

392 824 648 895 ἐλλείπει,
708 821 829 878 ἀλλ’
880 820 989 891 ὅσῳ
1047 817 1209 874 πλέον
1253 817 1522 894 ἀρύονται,
1568 817 1804 890 τοσούτῳ
1876 817 2036 874 πλέον

392 915 649 992 πηγάζει,
702 911 938 987 καθάπερ
999 930 1080 972 τις
1145 905 1396 973 διηνεκὴς
1447 909 1727 986 θησαυρὸς,
1790 909 1923 982 ὁμοῦ
1978 929 2034 963 τε

392 1006 512 1066 τοὺς
572 1001 902 1080 μετέχοντας
965 997 1354 1075 εὐπορωτέρους
1411 999 1602 1074 ποιῶν,
1663 999 1750 1053 καὶ
1809 995 2036 1072 δαψιλέ..

393 1116 574 1173 στερος
634 1093 821 1149 ἑαυτοῦ
876 1086 1082 1162 μᾶλλον
1138 1088 1419 1164 γινόμενος
1458 1104 1473 1121 ⁸
1547 1086 1732 1164 χάριτι
1782 1089 1869 1143 καὶ
1942 1111 2034 1167 ’ξι-

387 1183 692 1261 λανθρωπίᾳ
734 1184 826 1235 τοῦ
898 1177 1084 1253 Κυρίου
1153 1177 1309 1250 ἡμῶν
1383 1173 1560 1241 Ἰησοῦ
1614 1181 1860 1253 Χριστοῦ,
1921 1177 2035 1250 μεθ’

387 1274 449 1331 οὗ
490 1277 569 1344 τῷ
611 1267 808 1346 Πατρῖ,
849 1266 961 1342 ἅμα
1022 1268 1098 1339 τῷ
1150 1265 1285 1343 ἁγίῳ
1345 1265 1635 1339 Πνε·5ματι,
1699 1263 1842 1345 δόξα,
1903 1267 2033 1344 κράο

2118 551 2596 626 exoritur,cuivis
2615 550 2925 613 accedenti
2949 551 3242 613 medelam
3267 551 3340 613 ab
3368 551 3531 612 omni
3554 549 3762 611 morbo

2118 641 2533 720 suppeditans.
2587 639 2731 701 Cum
2783 641 2962 718 igitur
3010 641 3073 702 in
3125 641 3436 703 nocturnis
3489 638 3767 700 laudibus

2117 729 2252 790 festi
2284 730 2495 810 ipsius,
2532 730 2605 791 ab
2641 730 2732 791 bis
2763 730 2863 810 qui
2909 730 2972 790 in
3005 749 3076 792 eo
3106 731 3465 805 ministrant,
3502 729 3770 791 tradatur

2119 819 2368 881 cratibus
2388 820 2463 882 ad
2488 821 2599 881 hoc
2631 820 3159 900 congregatis,non
3193 820 3364 882 facile
3395 819 3761 896 exhauritur,

2117 909 2221 970 sed
2247 928 2364 990 quo
2391 909 2650 990 amplius
2685 909 2982 985 hauriunt,
3008 917 3171 971 tanto
3197 910 3384 989 magis
3409 915 3608 971 manat
3636 907 3766 970 vel-

2118 998 2204 1059 uti
2235 1007 2556 1080 perpetuus
2579 999 2820 1076 quidam
2849 1000 3186 1074 thesaurus,
3210 1003 3310 1080 qui
3335 998 3513 1061 simul
3537 1006 3596 1060 et
3626 1015 3766 1078 par-

2121 1087 2438 1169 ticipantes
2470 1088 2671 1150 reddit
2700 1089 2971 1165 ditiores,
3022 1108 3092 1151 ac
3135 1089 3337 1170 seipso
3367 1087 3770 1150 abundantior

2118 1195 2362 1258 semper
2394 1179 2870 1256 efﬁcitur,gratia
2891 1197 2959 1241 ac
2982 1178 3356 1256 benignitate
3385 1179 3621 1241 Domini
3653 1195 3766 1237 no-

2119 1267 2227 1330 stri
2256 1267 2397 1330 Jesu
2429 1269 2670 1344 Christi,
2705 1287 2839 1330 cum
2892 1287 3010 1349 quo
3034 1267 3202 1330 Patri
3227 1267 3402 1329 simul
3426 1285 3494 1328 ac
3519 1263 3770 1346 Spiritui

386 1385 502 1441 τος,
547 1360 706 1438 τιμὴ,
761 1358 848 1414 καὶ
903 1355 1283 1433 προσκύνησις,
1344 1364 1430 1413 νῦν
1501 1355 1588 1412 καὶ
1635 1355 1744 1435 ἀεὶ,
1805 1357 1892 1412 καὶ
1963 1359 2036 1421 εἰς

389 1454 511 1515 τοὺς
543 1453 736 1514 αἰῶνας
768 1452 876 1504 τῶν
906 1447 1134 1506 αἰώνων.
1173 1445 1372 1521 Ἀμήν,

2119 1367 2346 1433 sancto,
2371 1357 2575 1437 gloria,
2610 1357 2957 1439 imperium,
2994 1358 3276 1429 honor,et
3306 1355 3770 1433 adoratin,nunc

2120 1453 2180 1506 et
2209 1465 2451 1527 semper
2494 1452 2552 1509 et
2585 1449 2646 1508 in
2676 1447 2893 1509 saecula
2921 1445 3302 1509 saeculorum.
3339 1447 3552 1508 Amen.

394 1634 755 1649 -----ο

1179 1772 1588 1902 ΒΙΟΣ
1693 1773 1999 1901 ΚΑΙ
2107 1772 2985 1903 ΠΟΛΙΤΕΙΑ

641 2025 870 2112 ΤΟΥ
961 2024 1304 2110 ΟΣΙΟΥ
1371 2027 1812 2114 ΠΑΤΡΟΣ
1903 2029 2228 2112 ΗΜΩΝ
2324 2029 2512 2112 ΚΑΙ
2595 2025 3523 2112 ΑΡΧΙΜΑΝΔΡΙΤΟΥ

1491 2417 2689 2680 MAPKnAAor

1217 2817 1545 2928 VITA
1663 2821 1838 2930 ET
1955 2819 2945 2931 CONVEBSATIO

720 3055 1124 3144 SANCTI
1220 3047 1622 3140 PATRIS
1717 3054 2131 3186 NOSTRI
2229 3057 2363 3140 ET
2459 3055 3436 3141 ARCHIMANDRIT/E

1595 3263 2579 3416 MARCELLI

964 3516 1422 3586 MONASTERII
1482 3515 2079 3597 ACOEMETORUM,
2125 3520 2198 3582 1D
2252 3519 2392 3583 EST
2437 3518 2584 3583 NON
2650 3520 3208 3590 DORMIENTIUM.

1031 3688 1229 3761 (Latine
1249 3689 1387 3763 apud
1407 3689 1630 3748 Surium
1659 3688 1722 3747 ad
1743 3687 1882 3747 diem
1903 3689 1970 3747 29
1997 3690 2328 3760 Decembris,
2358 3690 2536 3750 Graece
2557 3707 2623 3751 ex
2653 3693 2765 3751 cod.
2790 3692 2934 3753 Paris
2955 3696 3140 3764 1559.)

465 3977 559 4040 Α¹.
607 3974 838 4034 ’Ἔννοιά
890 3996 984 4051 μοι
1019 3973 1287 4041 πολλάκις
1331 3973 1540 4054 γέγονε,
1588 3996 1640 4032 τι
1670 3973 1734 4043 δή
1777 3995 1908 4033 ποτε
1939 3997 2035 4051 μυ-

2211 3975 2258 4037 ῐ.
2294 3973 2431 4036 Mihi
2453 3991 2614 4056 saepe
2631 3974 2794 4038 venit
2823 3976 2882 4038 in
2917 3983 3178 4040 mentem
3211 3977 3756 4062 cogitare,quanam

387 4068 493 4148 ρίοι
536 4066 786 4139 ποιηταὶ,
847 4067 893 4122 οἱ
940 4063 1038 4140 μὲν
1073 4063 1368 4142 πολέμους,
1417 4064 1616 4145 ἔχθρας
1674 4065 1762 4122 καὶ
1803 4066 1896 4130 τὰς
1951 4065 2028 4122 ἀπ

2134 4064 2210 4127 de
2231 4082 2410 4126 causa
2432 4072 2624 4146 poetas
2642 4065 3248 4148 innumerabiles,alii
3270 4067 3515 4149 quidem
3541 4069 3695 4132 bella
3713 4079 3772 4134 et

395 4160 566 4214 αὒτῶν
596 4155 889 4222 συνέθηκαν
949 4155 1222 4233 συμφοράς
1248 4171 1262 4188 ⁸
1312 4157 1360 4210 οἱ
1411 4151 1468 4210 δὲ
1520 4153 1737 4229 μυθώδη
1769 4153 2035 4220 παντελῶς

2128 4153 2498 4228 inimicitias,
2533 4161 2592 4216 et
2639 4173 2770 4236 quae
2818 4174 2888 4218 ex
2934 4156 3022 4219 eis
3070 4157 3345 4220 oriuntur
3379 4159 3766 4236 calamitates,

402 4246 492 4302 καὶ
517 4244 838 4320 ἂλλοκότως,
872 4243 990 4300 οὔτε
1034 4243 1214 4308 αὒτοϊς
1259 4243 1490 4323 ὠφελεῖν
1547 4243 1826 4321 δυνάμενοι
1879 4245 1941 4301 τό
1983 4267 2035 4302 τε

2126 4253 2618 4325 composuerunt;
2639 4245 2737 4307 alii
2753 4253 2950 4307 autem
2975 4247 3221 4308 omnino
3246 4246 3512 4310 fabulosa
3535 4255 3593 4310 et
3613 4249 3767 4310 alie-

400 4334 533 4404 ἧκον
584 4336 653 4398 εἷς
699 4339 887 4414 ψυχῆς
941 4333 1222 4414 ὠφέλειαν,
1285 4333 1401 4392 οὔτε
1445 4347 1561 4400 τοῖς
1620 4335 2035 4415 ἐντυγχάνουσιν

2126 4353 2227 4410 na,
2261 4352 2392 4416 quas
2423 4353 2618 4416 neque
2648 4334 2796 4416 ipsis
2825 4337 3111 4416 prodesse
3142 4346 3407 4418 possunt,
3444 4337 3600 4419 quod
3633 4339 3769 4402 atti-

399 4424 492 4488 οἷς
546 4425 687 4482 αὑτοὶ
731 4422 1080 4488 συνετάξαντο
1127 4424 1338 4504 πόνοις,
1374 4423 1646 4489 λυσιτελές
1679 4448 1726 4482 τι
1763 4424 2035 4505 παρέχον-

2126 4433 2228 4486 net
2257 4433 2316 4488 et
2337 4425 2553 4487 anima;
2573 4426 3058 4504 salutem,neque
3081 4426 3155 4488 iis
3179 4430 3279 4508 qui
3305 4447 3375 4490 ea
3397 4426 3771 4508 legunt,qui-

397 4536 486 4598 τα.
548 4515 608 4571 Τί
662 4513 762 4594 γὰρ
817 4511 1006 4594 ὄφελος
1051 4511 1241 4570 εἰδέναι
1284 4514 1442 4570 πόσαι
1491 4515 1588 4589 μὲν
1645 4520 1770 4583 νῆες
1829 4515 1889 4571 ἐκ
1945 4519 2035 4582 τῆς

2127 4515 2240 4578 bus
2270 4515 2385 4596 ipsi
2417 4517 3102 4596 composuerunt,ullam
3135 4518 3402 4598 praebent
3431 4517 3770 4582 utilitatem.

399 4593 784 4668 Ἐλλάδοςίεῖς
835 4593 1004 4660 Ἴλιον
1086 4601 1350 4662 ἔπλευσαν
1387 4623 1398 4636 ·
1462 4604 1658 4668 πόσους
1731 4603 1786 4660 δὲ
1842 4604 2035 4672 ἑκάστη

2127 4603 2279 4677 Quid
2297 4593 2473 4667 enim
2491 4593 2658 4686 juvat
2688 4607 2863 4681 scire,
2893 4625 3071 4687 quam
3105 4593 3304 4670 multae
3325 4608 3565 4688 quidem
3599 4625 3777 4671 naves

397 4693 666 4773 ἄρχοντας
723 4696 895 4753 αὐτῶν
956 4694 1058 4770 ἦγε
1116 4693 1468 4772 στρατιώτας·
1533 4697 1618 4752 οιαὶ
1669 4694 1753 4751 ὅτι
1797 4694 1902 4752 τῶν
1945 4695 2035 4770 μὲν

2129 4713 2163 4756 e
2185 4694 2412 4758 Graecia
2434 4696 2790 4776 navigarunt
2818 4695 2878 4757 in
2911 4697 3412 4780 ngyptum,quod
3443 4706 3640 4760 autem
3672 4699 3779 4760 du-

402 4780 583 4840 ἄλλων
641 4783 808 4862 μέγας
874 4785 902 4840 ὁ
962 4783 1122 4857 Αἴας,
1184 4785 1274 4841 καὶ
1325 4783 1483 4841 αὐτοῦ
1526 4781 1578 4839 δὲ
1623 4781 2035 4862 ἀνδρειότεροςὲ

2130 4801 2230 4846 ces
2261 4784 2314 4846 ei
2345 4784 2568 4848 milites
2600 4785 2838 4847 duxerit
2871 4805 3241 4868 unaquaeque
3271 4805 3502 4862 earum,
3529 4796 3589 4850 et
3617 4787 3779 4868 quod

397 4870 689 4952 Ἀχιλλεὺς
746 4871 835 4946 ἦν,
917 4874 1006 4930 καὶ
1075 4871 1156 4929 ὅτι
1219 4874 1403 4951 Νιρεὺς
1471 4875 1685 4934 πάντων
1755 4873 2035 4952 ἀνθρώπω-¹

2131 4872 2265 4935 aliis
2296 4874 2539 4952 quidem
2573 4875 2768 4955 major
2797 4888 2924 4938 erat
2955 4877 3124 4956 Ajax,
3157 4877 3425 4940 Achilles
3483 4896 3620 4940 vero
3651 4885 3780 4940 erat

399 4959 690 5026 κάλλιστος
721 4963 819 5031 τὴν
853 4960 1062 5041 μορφήν
1098 4981 1114 5038 ;
1146 4962 1219 5021 Τὸ
1274 4960 1329 5019 δὲ
1373 4964 1461 5020 καὶ
1504 4963 1698 5042 μέχρις
1742 4962 1926 5020 ἵππων
1985 4965 2035 5020 τέ

2136 4981 2206 5024 eo
2237 4963 2474 5036 fortior,
2511 4973 2571 5026 et
2621 4965 2779 5046 quod
2837 4964 3054 5028 Nireus
3107 4975 3232 5029 erat
3287 4966 3556 5030 omnium
3591 4967 3782 5030 forma

394 5053 658 5130 περιττὸν
715 5053 804 5111 καὶ
887 5052 1114 5128 μάταιον
1175 5058 1332 5110 τοῦτο
1400 5065 1760 5132 παραγαγεῖν,
1821 5054 1910 5110 καὶ
1958 5053 2035 5111 τὰι

2134 5052 2616 5133 pulcherrimus?
2638 5055 2730 5117 Ad
2750 5073 2935 5136 equos
2961 5062 3160 5118 autem
3193 5075 3406 5138 usque,
3439 5058 3554 5119 hoc
3575 5075 3781 5139 super-

397 5141 497 5216 μὲν
562 5140 814 5218 Εὐμήλου
875 5140 1091 5229 θηλείας
1144 5145 1247 5199 τῶν
1302 5141 1480 5199 ἄλλων
1537 5142 1784 5217 ἀμείνους
1843 5141 2035 5222 λέγειν,

2133 5161 2455 5206 vacaneum
2511 5153 2569 5205 et
2596 5144 2775 5206 inane
2805 5145 3130 5222 deducere,
3185 5155 3245 5209 et
3272 5146 3506 5208 Eumeli
3537 5146 3780 5229 quidem

395 5231 520 5294 τοὺς
584 5229 886 5312 Ἀχιλλέως
931 5229 986 5287 δὲ
1033 5228 1230 5295 ἵππους
1261 5234 1348 5289 καὶ
1398 5235 1572 5292 αὐτῶν
1603 5236 1926 5312 κρείττονας,
1962 5234 2035 5289 οὒς

2133 5251 2323 5315 equos
2353 5234 2557 5296 dicere
2577 5234 2812 5296 caeteris
2834 5254 2966 5298 esse
2987 5228 3781 5318 meliores,Achillisautem

396 5320 485 5377 καὶ
545 5319 831 5386 ἀθανάτους
887 5319 1086 5396 εἰπεῖν,
1145 5319 1285 5377 ἀλλά
1355 5322 1460 5398 μὴν
1530 5323 1618 5379 καὶ
1671 5323 2035 5401 γωνῆσαντας²

2132 5341 2338 5402 aequos
2356 5323 2502 5420 ipsis
2517 5325 3052 5405 pmstantiores,et
3067 5346 3168 5389 eos
3192 5327 3564 5389 immortales
3577 5326 3786 5389 dicere

397 5407 530 5477 ὅσην
590 5409 690 5485 μὲν
737 5409 834 5476 τὴν
891 5407 1318 5488 περιττολογίαν,
1378 5410 1510 5479 ὅσην
1571 5409 1624 5467 δὲ
1675 5413 1762 5468 καὶ
1791 5413 1887 5481 τὴν
1920 5411 2035 5469 ἀπι-

2135 5420 2194 5475 et
2222 5413 2478 5491 vocales,
2507 5431 2686 5496 quam
2740 5433 3241 5496 supervacaneam
3273 5417 3455 5480 efﬁcit
3485 5416 3784 5478 narratio-

399 5499 547 5558 στίαν
592 5497 705 5576 ἅμα
755 5499 842 5556 καὶ
886 5496 1095 5576 γέλωτα
1123 5500 1201 5574 τῷ
1248 5501 1512 5580 γράψαντι
1552 5499 1798 5581 προξενεῖ
1835 5521 1851 5578 ;
1885 5499 2035 5558 Ἀλλᾶ

2134 5521 2298 5578 nem,
2331 5509 2390 5564 et
2420 5521 2596 5584 quam
2631 5524 2846 5586 parum
2882 5506 2999 5569 fide
3029 5506 3275 5588 dignum
3332 5506 3513 5568 simul
3543 5513 3601 5568 et
3641 5504 3786 5566 ridi-

400 5596 564 5648 ταδια
611 5589 712 5666 μὲν
763 5588 962 5646 ἐκεῖνοι
1021 5589 1364 5671 συγγράφειν,
1427 5589 1504 5647 ἔτι
1548 5589 1604 5646 δὲ
1635 5590 1701 5648 τὰ
1727 5591 1897 5672 χείρω
1923 5592 2035 5650 τού-

2134 5593 2337 5655 culum
2395 5593 2583 5657 efﬁcit
2629 5596 2983 5677 scriptorem
3012 5596 3042 5656 ‘I
3101 5597 3215 5662 Sed
3264 5596 3352 5658 illi
3381 5595 3623 5678 quidem
3656 5595 3784 5656 haec

397 5703 532 5763 των,
586 5683 724 5738 θεῶν
779 5678 981 5761 ἔρωτας
1026 5681 1114 5738 καὶ
1173 5684 1304 5762 πρὸς
1356 5679 1622 5754 ἀλλήλους
1679 5682 1892 5750 στάσεις
1952 5687 2035 5744 αὖε

2136 5681 2432 5762 scribere,
2467 5691 2532 5744 et
2559 5685 2655 5748 his
2688 5685 2868 5750 etiam
2923 5687 3252 5771 deteriora,
3284 5703 3505 5769 nempe
3531 5684 3782 5748 deorum
