2074 3208
205 166 264 199 707
864 165 890 196 Μ
895 164 946 196 ΕΝ
950 162 1006 196 SIS

1072 162 1240 196 lCEMBER.
1839 163 1898 196 708

204 243 334 271 amores,
353 237 382 265 et
397 242 469 274 quas
484 233 563 264 inter
575 242 605 263 se
621 232 770 272 agitarunt
782 232 956 268 seditiones,
972 241 1026 271 pu-

1074 234 1135 266 ιῶν,
1173 232 1217 259 καὶ
1245 230 1472 268 διαπληκτισμοὺς
1503 231 1546 259 καὶ
1589 230 1688 267 ἔριδας,
1723 231 1782 260 οὒόὲ
1811 232 1898 271 βραχὺ

205 288 338 319 gnasque
352 283 382 309 et
395 279 474 316 lites,
492 277 616 308 minime
633 277 820 307 dubitarunt.
837 276 905 307 Hazc
930 281 1026 308 autem

1072 276 1208 309 ὤκνησαν,
1239 281 1326 306 Ταῦτα
1348 276 1374 304 δὲ
1397 276 1421 304 τί
1442 286 1508 304 ποτε
1530 276 1578 315 ἄρα
1597 276 1660 314 πρὸς
1689 275 1768 309 ἤθους
1797 277 1898 313 κόσμον

205 324 348 364 quidnam
361 323 522 354 conferunt
533 322 570 353 ad
589 331 705 352 morum
718 322 905 352 honestatem
923 331 956 352 ac
970 331 1026 351 mo-

1073 322 1116 349 καὶ
1145 323 1237 361 ψυχῆς
1256 321 1386 360 ὠφέλειαν
1403 320 1536 361 συντελεῖ,
1563 321 1608 349 καὶ
1632 320 1693 360 οὒχὶ
1709 320 1812 359 βλάϐην
1828 321 1898 357 μᾶλ-

209 369 392 400 derationem
411 372 442 398 et
455 367 562 398 animm
586 366 742 396 utilitatem
767 375 773 395 ε
802 370 831 396 et
855 375 913 396 non
933 366 1026 406 potius

1073 365 1119 393 λον
1145 366 1189 393 καὶ
1219 366 1316 397 τύπους
1339 368 1428 394 παθῶν
1444 372 1504 397 ταῖς
1529 368 1582 393 τῶν
1598 365 1746 403 μετιόντων
1767 365 1900 406 ἐγχαράτ-

210 414 421 445 detrimentum
438 412 577 451 afferunt,
595 415 622 441 et
639 411 774 441 vitiorum
793 410 884 441 malas
901 411 1026 451 impres-

1072 421 1110 438 τει
1140 411 1247 449 ψυχαῖς
1268 420 1276 448 ;
1306 410 1370 448 Ἐμὲ
1396 411 1445 449 γὰρ
1471 410 1557 438 πείθει
1582 409 1654 439 οὗόὲν
1677 411 1769 443 καινὸς
1797 411 1900 450 μόχθος

205 458 305 490 siones
320 457 492 497 insculpunt
508 457 538 487 in
554 455 663 486 animis
688 464 790 486 eorum
807 456 859 494 qui
875 459 1026 486 versantur

1072 458 1125 483 τῶν
1153 457 1363 495 παραμυθεῖσθαι
1391 455 1424 483 τὰ
1446 454 1533 483 ἄτοπα
1548 455 1622 482 ταυτὶ
1651 454 1833 493 βουλομένων,
1860 455 1901 483 καὶ

206 503 237 534 in
254 503 290 533 iis
306 502 466 543 legendis?
481 501 552 532 Mihi
569 500 649 531 enim
667 500 741 531 nihil
758 500 918 540 persuadet
933 500 1026 530 inanis

1072 503 1137 539 πρὸς
1170 502 1200 529 τὰ
1229 507 1353 539 στοιχεῖα
1382 501 1426 528 καὶ
1449 499 1518 538 μέρη
1541 501 1590 533 τῆς
1613 499 1705 539 ψυχῆς
1734 500 1899 538 ἀναγόντων,

206 548 291 579 labor
305 556 410 578 eorum
425 547 475 587 qui
491 547 555 577 haec
569 547 672 576 volunt
686 545 816 576 absurda
834 545 982 584 mitigare,
1001 550 1031 575 et

205 602 240 625 ea
249 592 440 624 reducuntad
453 591 596 622 alimenta
607 597 636 621 et
649 595 747 631 partes
758 589 938 621 animmAut
949 590 1028 620 enim

204 647 271 668 cum
300 646 359 668 non
376 636 499 676 fuerint,
517 635 628 666 frustra
647 640 676 666 et
700 634 774 665 falso
791 634 952 674 dicuntur;
981 638 1029 665 aut

203 682 291 714 etiam
307 682 332 712 si
349 681 470 717 fuerint,
489 689 541 721 par
556 686 600 710 est
618 689 652 710 ea
668 680 765 720 potius
789 680 888 711 ridere
905 685 935 710 et
961 679 1029 710 odio

202 726 328 764 habere,
345 735 432 767 quam
451 726 585 757 laudare.
604 725 748 756 Existimo
774 729 873 755 autem
893 725 960 756 boni
975 725 1029 756 viri

202 773 304 809 vitam,
321 772 372 812 qui
390 771 449 810 legi
482 771 533 801 Dei
565 770 639 800 vixit
664 770 889 810 convenienter,
908 770 1027 809 dignam

203 826 270 848 esse
285 826 351 857 quae
366 815 584 855 elaboretur,et
601 814 708 845 litteris
726 815 904 854 mandetur;
924 824 957 845 ex
974 823 1030 854 qua

203 862 269 902 ipse
284 862 334 900 qui
364 861 529 901 componit,
561 865 617 890 tam
646 859 702 890 sibi
734 869 822 899 quam
851 860 917 890 aliis
934 864 1031 900 potest

1071 545 1115 573 ’Ἦ
1145 547 1195 585 γὰρ
1225 548 1263 582 μὴ
1294 545 1421 584 γεγονότι
1456 545 1545 581 μάτην
1571 545 1614 572 καὶ
1630 543 1731 582 omne;
1748 544 1866 585 λέγεται,

1071 592 1114 619 καὶ
1143 591 1284 630 γεγονότα,
1301 590 1427 629 γελᾶσθαι
1457 590 1501 617 καὶ
1526 596 1664 626 μισεῖσσαι
1692 588 1811 629 μᾶλλον,
1841 588 1900 618 ἀλλ’

1071 636 1119 663 οὒκ
1161 635 1326 663 ἐπαινεῒσθαι
1362 633 1419 662 δέον
1461 633 1518 662 οὒδὲ
1547 634 1734 669 θαυμάζεσθαι.
1768 630 1901 674 Ἠγοῡμαι

1071 681 1152 709 πόνου
1186 681 1229 708 καὶ
1258 680 1412 719 συγγραφῆς
1441 678 1512 711 ἄξιον
1542 678 1634 718 ἀνδρὸς
1664 678 1820 719 φιλαρέτου,
1859 680 1900 707 καὶ

1071 725 1139 753 κατὰ
1164 725 1227 752 Θεὸν
1251 723 1380 759 ζήσαντας
1402 724 1469 762 βίον⁷
1494 723 1519 755 ἐξ
1550 723 1629 762 οὗπερ
1659 723 1735 753 aurci:
1761 734 1789 751 τε
1805 724 1819 752 ὁ
1835 734 1899 751 συν-

1071 770 1149 801 τιθεὶς
1180 769 1308 807 ὠφέλειαν
1346 769 1431 805 ἑαυτῷ
1459 768 1506 796 καί
1542 774 1599 799 τοῖς
1643 769 1764 805 μετιοῦσι
1795 768 1899 802 πολλὴν

1072 814 1138 847 ὅσην
1169 813 1273 842 δύναται
1306 812 1455 852 προξενεῖν.
1477 813 1543 845 Οἶος
1566 812 1598 846 δὴ
1613 813 1659 840 καί
1691 814 1705 840 ὁ
1734 816 1783 841 τοῦ
1797 815 1900 851 θαυμα-

1073 860 1134 887 στοῦ
1161 857 1316 897 Μαρκέλλου
1337 859 1428 897 σαφῶς
1447 856 1576 885 δείκνυται
1597 865 1603 872 ⁸
1627 856 1655 889 ὃς
1681 856 1711 884 ἐκ
1728 857 1836 890 πόλεως
1853 858 1903 895 μὲν

204 901 340 946 magnam
352 905 515 936 conciliare
527 905 698 936 utilitatem.
714 904 816 940 Qualis
831 910 876 935 est
889 905 946 935 vita
958 904 1026 935 Mar-

1072 905 1180 942 ὡρμᾶτο
1197 902 1341 940 Ἀπαμέων
1359 911 1367 919 ”
1385 902 1438 939 ἑῴα
1468 901 1495 930 δὲ
1522 901 1598 934 πόλις
1614 901 1691 938 αὕτη,
1711 901 1828 934 πολλοῖς
1853 914 1901 931 κο·

204 951 271 982 celli
281 950 477 990 admirabilis,
494 950 544 990 qui
568 954 652 980 ortus
663 950 785 989 quidem
803 954 893 980 estex
910 949 1030 980 civitate

178 1035 180 1038 ν
202 996 399 1036 Apamea;ea
412 999 567 1026 estautem
580 995 685 1025 civitas
702 993 873 1031 Orientalis,
891 1003 957 1035 quae
972 994 1029 1025 bo-

203 1040 251 1071 nis
266 1040 399 1071 abundet
413 1039 560 1080 plurimis.
577 1039 678 1071 Nobili
693 1048 763 1070 vero
781 1039 846 1069 loco
862 1046 960 1076 natus,
977 1048 1030 1079 per

205 1094 236 1116 se
251 1087 373 1115 reddidit
388 1087 561 1115 nobiliorem
574 1086 676 1114 seriem
694 1087 735 1114 sui
749 1086 944 1121 generis.Nam
963 1093 1028 1114 cum

201 1129 265 1170 jam
281 1129 311 1160 in
329 1129 394 1170 ipso
410 1129 482 1160 ﬂore
490 1128 656 1168 juventutis
667 1128 816 1159 amisisset
832 1133 982 1169 parentes,
1000 1132 1029 1158 et

206 1178 320 1205 aetatem
330 1173 763 1213 ageretjucundissimammwn
773 1172 1026 1212 sicutjuienisde-

206 1219 324 1251 clinavit
336 1219 371 1249 ad
384 1218 665 1258 voluptates,neque
675 1218 1026 1258 delectabaturjuvenum

200 1264 430 1301 consuetudine,
448 1263 571 1304 aequalis
596 1263 702 1303 aequali
730 1264 832 1294 volens
848 1263 979 1303 placere,
996 1267 1028 1293 ut

201 1308 376 1345 dicitur,sed
388 1308 552 1348 injuvenili
569 1317 707 1348 corpore,
725 1307 897 1338 imitabatur
907 1307 1027 1338 canitiei

202 1353 391 1395 prudentiam
419 1358 448 1384 et
469 1353 536 1384 vitae
561 1352 791 1385 institutionem.
809 1352 982 1393 Quanquam
1000 1352 1027 1383 ei

201 1398 327 1430 aderant
343 1398 464 1435 divitiae,
483 1407 549 1438 quae
564 1401 633 1428 sunt
649 1397 773 1428 materia
801 1397 837 1428 ad
865 1397 1028 1438 explendas

201 1443 367 1484 voluptates
377 1443 439 1483 igni
452 1442 674 1473 adolescentiae.
689 1442 747 1473 Sed
764 1442 840 1473 nihil
857 1442 962 1473 horum
987 1442 1025 1473 il-

200 1488 261 1520 lum
277 1487 375 1528 coegit
390 1487 543 1528 negligere
569 1487 810 1528 temperantiam,
838 1497 903 1528 quae
919 1490 983 1518 erat
998 1486 1026 1518 ei

201 1533 316 1565 charaa
328 1532 468 1574 pueritia.
486 1532 546 1564 Sed
576 1535 605 1563 et
617 1531 741 1569 orbitas,
758 1536 788 1564 et
802 1536 884 1570 mtas,
903 1536 933 1563 et
948 1532 1026 1563 divi-

1072 951 1150 985 μῶσα
1180 954 1237 980 τοῖς
1266 947 1390 986 ἀγαθοῖς.
1424 946 1468 979 Ἐξ
1494 945 1655 985 εὐπατριδῶν
1682 946 1709 974 δὲ
1741 948 1899 986 γενόμενος,

1071 992 1103 1021 δι’
1134 994 1226 1021 ἑαυτοῦ
1255 992 1358 1030 μᾶλλον
1385 992 1570 1031 εὐγενεστέραν
1598 991 1697 1020 ἐδείκνυ
1722 991 1772 1025 τὴν
1790 1003 1838 1020 του
1853 993 1902 1032 γέ-

1076 1049 1130 1070 νους
1154 1038 1254 1076 σειράν.
1278 1037 1363 1075 ’Ἄρτι
1391 1037 1441 1077 γὰρ
1464 1036 1490 1064 ἐν
1521 1035 1591 1065 ἄνθει
1611 1038 1748 1074 νεότητος⁷
1765 1038 1831 1069 τοὺς
1855 1048 1904 1077 γε-

1070 1084 1232 1123 γεννηκότας
1254 1081 1409 1122 ἀποϐαλὼν,
1443 1083 1484 1110 καὶ
1510 1081 1574 1110 atst
1605 1085 1653 1115 τῆς
1690 1081 1799 1116 ἡλικίας
1830 1082 1902 1122 ἄγων

1070 1129 1100 1156 τὸ
1129 1127 1318 1167 χαριέστατον,
1350 1129 1401 1167 οὔχ
1437 1126 1526 1166 ὥσπερ
1549 1126 1606 1159 νέος
1636 1127 1672 1158 εἰς
1695 1126 1793 1161 ἡδονὰς
1822 1127 1899 1156 ἔκλι-

1071 1183 1113 1200 νεν
1131 1180 1137 1186 “
1164 1171 1221 1200 οὔδε
1238 1172 1292 1210 μὴν
1309 1172 1374 1200 νέων
1396 1172 1577 1212 ἀναστροφατς
1604 1171 1723 1211 ἔχαιρεν,
1740 1171 1800 1205 ἥλιξ
1817 1171 1898 1206 ἥλικα

1070 1217 1174 1256 τέρπειν
1201 1218 1237 1247 ὡς
1264 1218 1277 1244 ὸ
1308 1216 1387 1256 λόγος
1410 1217 1583 1255 βουλόμενος,
1608 1216 1668 1244 ἀλλ’
1684 1216 1710 1244 ἐν
1727 1219 1812 1256 νεαρῷ
1840 1217 1897 1245 σώ-

1070 1273 1133 1299 ματι
1162 1261 1263 1290 πολιῶν
1290 1261 1386 1298 ἐζήλου
1412 1261 1536 1301 φρόνημά
1550 1272 1577 1289 τε
1594 1262 1638 1289 καὶ
1654 1261 1776 1300 ἀγωγὴν,
1807 1262 1897 1290 καίτοι

1069 1307 1113 1336 καὶ
1138 1306 1251 1338 πλοῦτος
1281 1307 1352 1343 αἰντῷ
1376 1309 1475 1343 παρῆν,
1492 1305 1543 1339 ὕλη
1571 1306 1635 1345 πρὸς
1667 1305 1760 1338 ἦδονὰς
1783 1306 1822 1343 τῷ
1836 1307 1897 1346 πυρὶ

1069 1354 1117 1385 τῆς
1144 1353 1283 1385 νεότητος.
1308 1351 1382 1380 Ἀλλ’
1407 1349 1480 1378 οὖδὲν
1510 1351 1610 1379 τούτων
1626 1349 1731 1379 ἐκεῖνον
1746 1351 1898 1389 ἠνάγκασεν

1069 1395 1203 1434 ὰμελῆσαι
1233 1398 1282 1430 τῆς
1311 1397 1342 1423 lex
1377 1394 1476 1424 παίδων
1506 1394 1585 1435 φίλης
1608 1395 1679 1431 αὖτῷ
1708 1395 1895 1434 σωφροσύνης.

1070 1440 1154 1469 Ἀλλὰ
1169 1441 1213 1469 καὶ
1228 1441 1337 1481 ὀρφανία
1354 1441 1397 1468 καὶ
1412 1439 1502 1474 ἡλικία
1528 1440 1571 1467 καὶ
1602 1443 1714 1471 πλοῦτος
1740 1440 1783 1468 γαὶ
1810 1440 1897 1469 πάντα

1069 1487 1135 1523 ὁμοῦ
1162 1488 1210 1519 τῆς
1240 1486 1320 1514 αὺτοῦ
1348 1485 1454 1524 βαθείας
1484 1485 1577 1524 φρενὸς
1590 1483 1719 1518 ἥττηντο,
1739 1484 1848 1523 ’Ἐρωτι
1871 1484 1898 1513 δὲ

1069 1530 1187 1562 παιδείας
1204 1530 1251 1564 τῆς
1280 1530 1374 1563 ἔξωθεν
1402 1530 1439 1561 εἰς
1457 1529 1579 1568 μεγάλην
1604 1528 1778 1569 Ἀντιόχειαν
1807 1541 1898 1569 παρα-

200 1573 333 1619 tiae,hazc
341 1578 442 1610 omnia
450 1577 538 1609 simul
551 1586 567 1608 a
582 1576 731 1618 profunda
746 1577 942 1609 vincebantur
954 1586 1026 1617 pru—

1072 1576 1181 1615 γίνεται,
1201 1576 1246 1603 καί
1272 1587 1322 1603 τινι
1351 1574 1420 1603 καλὰ
1445 1573 1592 1611 ἠσκημένῳ
1614 1574 1750 1613 ἐπιφοιτᾷ,
1766 1575 1847 1607 Φύσις
1870 1573 1898 1603 δὲ

200 1614 312 1654 dentia.
329 1622 455 1663 Propter
477 1614 632 1654 externam
662 1631 733 1653 vero
764 1614 977 1659 eruditionem,
997 1621 1026 1652 iu

1072 1614 1172 1660 ταχεῖα
1199 1621 1323 1659 συνεργὸν
1350 1617 1540 1658 παραλαϐοῦσα
1570 1619 1613 1647 καὶ
1642 1619 1690 1653 τὴν
1713 1619 1840 1657 σπουδὴν,
1869 1619 1896 1647 ἐν

200 1677 336 1708 magnam
367 1668 449 1699 venit
481 1666 685 1698 Antiochiam.
704 1666 838 1699 Vcnlitat
863 1671 960 1698 autem
990 1665 1026 1696 ad

1072 1665 1162 1705 χρόνῳ
1176 1665 1277 1705 βραχεῖ
1291 1665 1325 1693 τὰ
1340 1664 1446 1704 μεγάλα
1462 1666 1510 1697 τῆς
1527 1664 1619 1704 σοφίας
1649 1665 1720 1702 αὐτῷ
1742 1666 1896 1705 χαρίζονται

201 1716 364 1752 quemdam.
382 1715 411 1743 in
424 1714 535 1743 dicendi
549 1714 681 1743 facultate
692 1714 814 1750 pulchre
826 1715 1024 1743 exercitatum.

1070 1709 1151 1748 δῶρα.

202 1755 317 1795 Ingenii
331 1764 401 1787 vero
418 1755 567 1793 celeritas,
583 1764 601 1785 e
615 1755 783 1786 vehementi
799 1755 864 1795 ejus
881 1754 978 1786 studio
995 1753 1107 1795 adjuta,
1124 1754 1153 1785 ei
1169 1753 1251 1785 brevi
1265 1753 1389 1794 largitur
1404 1763 1507 1793 magna
1520 1754 1599 1785 dona
1614 1753 1778 1794 sapientiae.

243 1800 279 1833 ΙΙ.
296 1802 452 1842 Postquam
465 1803 562 1831 autem
576 1803 707 1830 externa:
715 1800 868 1839 sapientiie
885 1799 965 1830 visus
981 1803 1025 1830 est

201 1846 260 1877 sibi
274 1845 386 1877 habere
402 1845 481 1886 quod
497 1845 671 1876 sufﬁceret:
692 1854 790 1885 neque
816 1845 894 1876 enim
911 1853 946 1875 ea
963 1849 1026 1875 erat

203 1891 269 1931 ejus
285 1891 451 1932 principale
467 1890 609 1928 studium,
636 1889 693 1920 nisi
709 1890 744 1920 ad
762 1890 829 1928 hoc,
848 1894 879 1921 ut
895 1889 1027 1921 externis

203 1936 261 1967 illis
275 1936 418 1973 imbutus,
446 1934 558 1966 deinde
587 1934 757 1966 initiaretur
772 1934 801 1965 in
832 1934 868 1966 iis
884 1944 949 1976 quae
964 1936 1026 1966 sola

202 1985 272 2012 sunt
283 1989 367 2012 sacra
379 1979 520 2021 mysteria
532 1988 539 2011 :
551 1989 661 2020 nempe
672 1985 789 2018 vera,et
800 1989 867 2019 quas
878 1981 916 2012 ad
932 1980 1026 2012 Deum

202 2024 333 2066 deducit,
365 2025 533 2066 sapientia;
560 2025 636 2066 vita,
659 2025 794 2064 inquam,
826 2026 1025 2064 institutione,

202 2079 269 2111 qua;
282 2076 418 2102 versatur
431 2070 461 2101 in
472 2070 688 2102 exercitatione
699 2075 729 2101 et
739 2080 807 2102 vera
824 2071 1025 2112 philosophia,

203 2125 277 2156 opus
292 2120 391 2147 autem
408 2115 435 2147 ei
451 2125 573 2156 quoque
599 2121 663 2147 erat
687 2115 786 2156 aliquo
800 2116 836 2147 ad
854 2125 918 2147 eam
936 2116 1025 2147 duce.

202 2162 276 2194 Cum
287 2170 356 2192 vero
372 2170 439 2192 eum
454 2170 513 2192 non
527 2161 686 2201 praeberet,
705 2165 736 2190 ut
752 2162 778 2192 ei
797 2161 943 2201 placebat,
963 2161 1025 2190 An-

202 2206 467 2245 tiocliia,cogitavit
478 2206 522 2237 ire
538 2205 701 2245 Ephesum,
719 2215 785 2236 cum
801 2206 932 2236 audisset
946 2205 975 2235 in
993 2213 1028 2235 ea

202 2261 268 2282 esse
291 2260 426 2290 magnam
453 2251 586 2281 virorum
615 2250 743 2290 copiam,
763 2250 812 2290 qui
827 2250 862 2280 ad
880 2258 1026 2280 summam

201 2296 339 2326 virtutem
372 2299 583 2335 pervenerant.
613 2294 716 2326 Statim
743 2304 813 2333 ergo
842 2294 1028 2335 contemptui

1106 1799 1135 1828 B’
1164 1799 1192 1829 1E
1229 1800 1236 1810 \
1266 1798 1286 1809 "‘
1323 1800 1357 1819 “_
1391 1800 1397 1810 Ι
1460 1811 1467 1816 ⁵
1493 1798 1533 1828 78'
1616 1802 1648 1816 ~_
1775 1810 1784 1818 ι
1818 1798 1839 1817 *1-⁸

1140 1824 1146 1831 ,
1195 1810 1235 1828 πει
1263 1808 1290 1827 οε
1319 1810 1467 1839 αρκουντω,
1491 1811 1503 1827 ε
1521 1811 1576 1828 οκει
1598 1811 1648 1833 τη,
1677 1800 1784 1839 θυραία.
1818 1810 1893 1839 ελειν

1067 1845 1159 1884 σοφίας
1176 1853 1182 1860 ·
1215 1843 1273 1873 οὐδὲ
1303 1845 1354 1884 γὰρ
1383 1844 1414 1878 ἦν
1437 1846 1508 1882 αὐτῷ
1532 1848 1610 1873 τοῦτο
1632 1843 1842 1884 προηγουμένως
1865 1845 1896 1873 τὸ

1068 1889 1295 1928 σπουδαζόμενον,
1312 1888 1372 1918 ἀλλ’
1395 1889 1457 1918 ὅσον
1485 1895 1545 1921 τοῖς
1571 1889 1620 1922 ἔξω
1644 1889 1749 1920 τούτοις
1765 1889 1894 1929 προτελε-

1068 1935 1175 1974 σθῆναι,
1192 1935 1254 1964 εἶτα
1275 1937 1409 1973 μυηθῆναι
1436 1935 1480 1963 καὶ
1501 1935 1534 1962 τὰ
1557 1933 1663 1973 μεγάλα
1689 1933 1738 1967 τῆν
1754 1934 1840 1971 μόνην
1854 1936 1895 1962 ἱε-

1069 1981 1114 2020 ρὰν
1137 1980 1248 2014 τελετὴν
1269 1981 1313 2009 καὶ
1336 1979 1422 2013 ἀληθῆ
1438 1980 1543 2019 σοφίαν⁷
1561 1979 1605 2006 καὶ
1634 1978 1702 2018 πρὸς
1733 1980 1799 2007 Θεὸι
1828 1979 1895 2007 ἂνα-

1069 2025 1198 2066 φέρουσαν
1216 2035 1223 2042 ·
1271 2025 1318 2058 τὴν
1361 2024 1511 2058 ἄσκητικὴν
1557 2023 1627 2063 λέγω
1666 2024 1709 2052 καὶ
1750 2023 1893 2064 φιλόσοφον

1069 2070 1191 2110 ἀγωγήν.
1223 2068 1326 2098 Ἐδεττο
1350 2068 1375 2096 δὲ
1406 2069 1450 2096 καί
1472 2079 1539 2099 τινος
1569 2070 1615 2096 τοῦ
1644 2069 1708 2106 πρὸς
1729 2067 1811 2100 αὐτὴν
1826 2065 1893 2100 ὁδη-

1068 2116 1209 2154 γήσοντος.
1240 2113 1319 2143 Ἐπεὶ
1350 2114 1389 2151 μὴ
1419 2119 1552 2153 παρεῖχεν
1574 2113 1610 2144 ὡς
1639 2115 1709 2151 αὖτῷ
1738 2112 1847 2151 ἀρέσκον
1877 2112 1894 2145 ἦ

1069 2158 1235 2199 Ἀντιόχεια,
1263 2159 1300 2190 εἷς
1326 2158 1374 2192 τὴν
1391 2157 1513 2198 ’Ἔφεσον
1535 2158 1660 2198 οἴχεσθαι
1686 2157 1827 2194 διενοεῖτο,
1843 2157 1894 2185 ἆν-

1069 2201 1135 2240 δρῶν
1151 2205 1274 2241 εὖπορεϊν
1297 2202 1400 2238 εκείνην
1423 2203 1526 2241 μαθὼν,
1550 2205 1637 2232 αὐτῶν
1665 2201 1693 2231 δὲ
1722 2203 1787 2241 πρὸς
1816 2201 1893 2240 ἀκρί-

1069 2245 1142 2275 ϐειαν
1167 2247 1264 2285 ἀρετῆς
1292 2247 1464 2286 πεφθακότων
1479 2272 1487 2288 ,
1524 2249 1568 2276 καὶ
1603 2247 1699 2280 ἄλλους
1729 2247 1762 2275 τὰ
1788 2246 1894 2286 μεγάλα

1070 2291 1184 2332 ὠφελεῖν
1209 2291 1370 2331 δυναμένων.
1409 2293 1506 2323 Αὐτίκα
1535 2296 1599 2332 γοῦν
1634 2292 1764 2330 ἠμελεῖτο
1793 2292 1841 2329 μὲν
1876 2292 1893 2324 ἡ

164 2345 167 2348 ’
203 2341 321 2380 quidem
340 2344 387 2371 est
402 2340 504 2370 habita
514 2339 637 2379 pulchra
653 2338 812 2370 Antiochia
827 2348 835 2368 :
853 2338 1026 2379 despectum

1072 2336 1140 2370 καλὴ
1169 2336 1324 2377 Ἀντιόχεια
1344 2348 1350 2355 ·
1368 2341 1524 2378 παρεωρᾶτο
1545 2337 1571 2366 δὲ
1593 2339 1624 2366 τὸ
1638 2336 1686 2371 ἡδὺ
1702 2339 1749 2370 τῆς
1771 2335 1893 2374 πατρίδος

203 2379 301 2417 autem
314 2385 370 2415 fuit
383 2384 549 2425 jucundum
568 2383 663 2414 solum
682 2383 945 2424 patriaa,neglectaa
959 2393 1026 2415 vero

1072 2381 1177 2422 ἔδαφος,
1201 2381 1312 2421 ἅμιλλαι
1330 2383 1358 2411 δὲ
1386 2383 1486 2423 λόγων,
1503 2383 1578 2416 καὶὴ
1606 2381 1710 2419 ματαία
1731 2379 1833 2419 σχολὴ,
1849 2379 1894 2425 καί

203 2430 362 2461 verborum
379 2422 602 2467 contentiones,
620 2433 649 2459 et
675 2422 765 2460 inane
792 2422 899 2467 otium,
916 2433 946 2461 et
970 2433 1026 2461 tota

1072 2428 1104 2455 τὰ
1133 2430 1182 2462 τῆς
1199 2430 1302 2462 σκηνῆς
1331 2429 1418 2457 πάντα
1440 2433 1639 2467 κατεφρονεῖτο.
1674 2425 1841 2463 Διεμερίζετο
1869 2422 1895 2451 δὲ

204 2480 331 2506 externa
344 2474 396 2505 illa
410 2483 512 2504 scena.
531 2473 638 2504 Divisa)
649 2478 750 2505 autem
766 2478 835 2505 sunt
850 2473 1026 2516 pauperibus

1074 2479 1133 2504 τοῖς
1164 2473 1257 2507 πένησι
1280 2474 1323 2502 καὶ
1346 2473 1360 2501 'o
1382 2473 1463 2504 πολὺς
1485 2473 1528 2500 καὶ
1556 2470 1697 2511 φιλότιμος
1712 2469 1837 2506 πλοῦτος,
1853 2469 1896 2497 καὶ

204 2529 273 2557 opes
286 2520 339 2549 illae
351 2521 482 2556 ingentes
495 2525 522 2550 et
532 2521 731 2557 magniﬁceet
743 2529 809 2551 eum
821 2514 931 2558 excepit
943 2521 1026 2556 Ephe-

1074 2518 1092 2552 ἦ
1121 2518 1242 2558 ’Ἔφεσος
1258 2519 1310 2547 τῶν
1337 2516 1424 2546 ἄλλων
1450 2517 1553 2546 πάντων
1569 2515 1667 2555 γυμνὸν
1684 2515 1786 2543 ἐκεῖνον
1801 2514 1896 2555 ἐδέχε-

204 2573 254 2593 sus
265 2564 376 2592 nudum
389 2564 451 2592 aliis
462 2564 682 2594 omnibus.Cum
694 2564 735 2594 sic
746 2565 937 2598 adventasset,
953 2566 1026 2594 inve

1075 2574 1116 2593 το.
1161 2562 1250 2596 Οῧτως
1293 2563 1469 2603 ὲπιφοιτήσας
1487 2585 1495 2601 ,
1535 2560 1722 2599 προσήκουσαν
1756 2561 1827 2598 αὒτῷ
1855 2561 1899 2588 καὶ

205 2607 248 2637 nit
263 2606 322 2637 sibi
343 2607 529 2638 conveniens
554 2607 729 2648 hospitium.
758 2607 831 2638 Nam
850 2607 893 2638 vir
909 2607 1026 2647 quidem

1075 2609 1125 2642 τὴν
1155 2607 1240 2641 ξενίαν
1269 2608 1393 2647 εὑρίσκει,
1421 2606 1505 2645 ’Λνὴρ
1534 2606 1584 2646 γάρ
1608 2617 1648 2638 τις
1664 2606 1742 2635 αὖτον
1764 2605 1832 2643 μετὰ
1847 2616 1898 2644 γυ·-

205 2661 272 2683 cum
291 2661 383 2683 uxore
399 2661 466 2683 eum
483 2652 601 2692 accepit
622 2652 763 2694 hospitio,
787 2653 837 2693 qui
862 2661 921 2683 non
938 2651 1032 2690 magis

204 2696 373 2728 communis
391 2706 502 2728 mensae
517 2702 547 2729 et
571 2696 643 2728 salis
659 2699 685 2728 ei
714 2701 799 2729 erant
826 2697 911 2734 socii,
942 2706 1030 2737 quam

205 2749 321 2772 morum
338 2745 368 2773 et
378 2741 505 2780 virtutis,
523 2745 554 2773 et
569 2742 600 2772 in
616 2741 698 2773 omni
715 2751 748 2773 re
764 2741 988 2773 moderationis.

246 2785 295 2818 Ill.
310 2786 386 2818 Huic
397 2791 496 2818 autem
506 2787 638 2828 pulchrae
649 2786 725 2827 bigae
733 2791 796 2818 erat
812 2788 900 2819 etiam
916 2796 1029 2826 servus,

206 2832 258 2874 qui
273 2832 390 2864 virtutis
405 2832 523 2864 ratione
542 2836 605 2864 erat
616 2832 706 2864 etiam
723 2832 854 2864 dominis
868 2831 963 2865 multo
977 2842 1031 2864 ve-

1075 2654 1166 2686 ναικὸς
1183 2652 1291 2689 ἐξένιζεν
1308 2653 1337 2681 οὖ
1352 2651 1454 2690 μᾶλλον
1483 2653 1575 2685 κοινῆς
1597 2651 1729 2690 τραπέζης
1759 2651 1803 2679 καὶ
1828 2650 1899 2678 ἁλῶν

1074 2700 1145 2736 αξιτῷ
1173 2701 1361 2729 κοινωνοῦντες
1391 2697 1408 2730 ἣ
1438 2696 1543 2736 τρόπων
1572 2696 1615 2725 καὶ
1645 2696 1745 2736 ἀρετῶν
1777 2695 1822 2724 καὶ
1850 2694 1898 2728 τῆς

1075 2743 1109 2772 δι’
1124 2743 1247 2773 ἁπάντων
1263 2742 1419 2774 επιεικείας,

1114 2787 1153 2819 Γ’,
1180 2781 1229 2816 Ἠν
1258 2787 1285 2815 δὲ
1300 2790 1334 2826 τῇ
1348 2786 1419 2826 καλῇ
1445 2786 1562 2827 ξυνωρίδι
1591 2786 1674 2826 ταύτῃ
1695 2786 1739 2815 καὶ
1756 2785 1848 2818 δοῦλος
1871 2785 1899 2813 ἒν

1073 2833 1169 2872 ἀρετῆς
1204 2833 1277 2873 λόγῳ
1307 2831 1401 2871 πολλῷ
1438 2835 1492 2862 τῶν
1521 2831 1655 2862 δεσποτῶν
1681 2831 1839 2872 τιμιώτιρος
1874 2830 1897 2871 ᾦ
