4148 6398
357 337 481 409 709

1319 337 1507 409 VITA
1551 344 1614 408 S.
1661 335 2054 407 MARCELLI
2095 339 2790 408 ARCHIMANDRIT/E.

3616 345 3739 412 710

353 482 593 549 τοσαύτη
638 487 828 558 περιῆν
887 480 983 549 τῆς
1044 483 1230 559 ψυχῆς
1276 479 1538 558 ἐλευθερία
1593 499 1651 534 τε
1709 478 1796 534 καὶ
1855 477 2000 556 εῦγέ-

2096 474 2463 541 nerabilior:
2501 479 2593 540 cui
2642 485 2802 540 tanta
2850 477 3044 541 inerat
3085 479 3269 542 animi
3319 479 3653 560 ingenuitas
3681 491 3738 545 et

355 592 494 649 νεια,
529 573 603 633 ὡς
633 570 722 626 καί
751 570 948 636 ταύτης
1007 567 1177 638 δήπου
1227 574 1327 635 τῆς
1385 574 1490 624 τῶν
1546 565 1817 624 δεσποτῶν
1873 570 2001 643 ἀρε-

353 666 458 727 τῆς
520 660 727 716 ἐκεῖνον
759 659 998 737 γενέσθαι
1030 660 1184 736 φασὶν
1217 658 1414 737 αἴτιον,
1466 659 1553 714 καὶ
1601 655 1785 712 δοῦλον
1830 657 2001 736 ὀφθῆ-

353 773 442 806 ναι
503 747 784 811 δεσπόταις
844 748 1099 804 τοιούτων
1159 749 1369 825 ἀγαθῶν
1447 745 1720 824 πρόξενον.
1786 746 1858 803 Οῦ
1916 749 2002 801 καὶ

355 837 495 894 ἀλλὰ
553 839 804 913 ὕμνεῖται
861 836 1058 911 πολλὰ,
1097 838 1228 915 πρὸς
1287 834 1340 892 δὲ
1386 837 1471 892 καὶ
1516 835 1595 891 ὅτι
1656 833 1913 897 πολλάκις
1948 835 2003 890 ἐν

354 939 476 992 τοῖς
532 929 651 1006 περὶ
703 929 804 994 τὴν
863 925 1018 982 πόλιν
1069 925 1418 1003 ἆσκητηρίοις
1464 931 1571 981 τῶν
1606 923 1784 980 πυλῶν
1815 924 2002 989 αὐταῖς

354 1017 558 1072 κλεισὶν
616 1019 673 1072 εῦ
725 1015 1104 1093 ἡρμοσμένων,
1165 1013 1318 1078 οὗτος
1389 1013 1516 1092 ἀωρὶ
1593 1019 1698 1069 τῶν
1773 1017 1998 1084 νυκτῶν,

354 1103 587 1180 μηδενὸς
646 1104 788 1178 αὗτῷ
845 1102 1198 1182 διανοίγοντος
1231 1151 1247 1183 ,
1337 1103 1498 1178 μέσος
1561 1101 1810 1179 ἐφίστατο
1883 1113 2002 1165 τοῖς

353 1195 624 1261 ὰσκηταῖς
654 1191 854 1265 ᾄδουσι,
892 1191 996 1250 Καΐ
1047 1191 1200 1248 τοῦτο
1243 1191 1340 1271 οὔχ
1396 1191 1556 1266 ἅπαξ,
1604 1190 1741 1246 ἀλλὰ
1793 1188 2004 1247 πολλά-

352 1305 438 1346 κις
491 1284 796 1362 γινόμενον,
841 1282 1066 1363 φανερόν
1121 1303 1179 1338 τε
1227 1281 1512 1338 καθίστατο
1539 1329 1554 1354 ,
1603 1283 1698 1337 καὶ
1741 1287 1832 1338 τοῦ
1889 1281 2007 1358 περὶ

354 1375 515 1430 αὐτοῦ
543 1372 707 1452 λόγου
735 1374 834 1440 τὴν
863 1370 1018 1428 πόλιν
1048 1371 1306 1450 ἐπλήρου.
1353 1369 1565 1447 ’Ὀνομα
1610 1368 1665 1426 δὲ
1723 1372 1800 1443 τῷ
1849 1374 2006 1447 εὖγε-

356 1484 436 1520 νει
483 1464 674 1538 τούτῳ,
737 1461 944 1537 μᾶλλον
1001 1459 1057 1518 δὲ
1115 1468 1192 1535 τῷ
1252 1460 1445 1529 ἀληθεῖ
1500 1467 1594 1518 τοῦ
1637 1467 1766 1518 Θεοῦ
1809 1458 2002 1534 δούλῳ,

355 1552 655 1630 Πρόμοτος.
691 1551 856 1616 Οὗτος
886 1553 954 1618 ἦν
987 1553 1015 1607 ὁ
1045 1551 1322 1630 Πρόμοτος
1352 1552 1448 1608 οῦκ
1500 1549 1684 1628 ὀλίγας
1721 1551 1808 1607 καὶ
1850 1555 2003 1627 Μαρ-

355 1640 535 1715 κέλλῳ
563 1639 732 1705 διδοὺς
765 1642 897 1718 πρὸς
951 1641 1148 1719 ἀρετὴν
1205 1639 1470 1720 ἀφορμάς,
1501 1648 1665 1698 Τοῦτο
1696 1641 1796 1719 γὰρ
1852 1641 2004 1719 ἔργον

357 1732 502 1806 αὐτῷ
558 1731 896 1811 πανταχόθεν
941 1731 1006 1787 τὰ
1064 1729 1202 1787 καλὰ
1245 1729 1547 1809 συλλέγειν,
1591 1731 1678 1787 καὶ
1721 1729 1900 1807 ὥσπερ
1945 1730 2006 1786 ἐκ

2085 569 2380 644 nobilitas,
2437 577 2500 630 ut
2559 569 2737 648 hujus
2782 569 3163 631 dominorum
3204 574 3435 634 virtutis
3483 571 3612 646 ille,
3675 582 3738 634 ut

2082 661 2268 734 aiunt,
2304 679 2436 722 esse
2469 667 2700 739 auctor,
2752 666 2814 720 et
2861 659 3024 720 visus
3056 666 3130 721 sit
3161 677 3374 722 servus
3405 668 3522 722 tam
3556 661 3739 724 multa

2083 749 2346 812 dominis
2399 749 2552 811 bona
2583 747 2961 810 conciliasse.
3011 748 3196 829 Cujus
3245 757 3304 811 et
3348 749 3464 811 alia
3494 751 3734 832 quidem

2085 840 2270 901 multa
2302 839 2641 911 laudantur,
2675 846 2732 900 et
2758 839 2869 901 hoc
2892 839 3050 900 inter
3072 847 3308 920 caetera,
3341 841 3501 920 quod
3525 841 3584 902 in
3611 859 3738 902 mo-

2085 930 2390 1004 nasteriis,
2424 945 2558 1008 qua:
2589 937 2757 988 erant
2815 927 2874 988 in
2915 928 3172 1004 civitate,
3228 931 3416 1009 portis
3471 929 3741 992 clavibus

2084 1027 2252 1080 recte
2275 1019 2514 1096 clausis,
2552 1018 2601 1078 is
2628 1018 2989 1097 intempesta
3013 1026 3206 1097 nocte,
3240 1018 3484 1081 nemine
3510 1019 3564 1080 ei
3588 1037 3738 1100 ape-

2086 1107 2300 1180 riente,
2339 1107 2570 1170 astabat
2602 1113 2660 1168 in
2686 1106 2884 1168 medio
2909 1107 3336 1169 monachorum
3367 1108 3735 1170 canentium.

2089 1194 2274 1277 quue
2299 1216 2432 1260 cum
2461 1216 2578 1258 non
2600 1196 2808 1269 semel,
2847 1196 2954 1258 sed
2985 1213 3142 1276 szepe
3176 1196 3370 1273 ﬁeret,
3398 1198 3582 1258 evasit
3607 1217 3735 1259 ma-

2089 1286 2393 1361 nifestum,
2429 1295 2484 1349 et
2514 1285 2588 1347 de
2619 1287 2725 1347 hac
2757 1305 2822 1347 re
2852 1303 3050 1347 sermo
3084 1294 3262 1346 totam
3296 1287 3566 1366 implevit
3588 1287 3734 1348 civi-

2091 1384 2293 1438 tatem.
2348 1375 2498 1438 Huic
2547 1383 2748 1437 autem
2797 1375 3082 1456 ingenuo,
3115 1376 3208 1437 vel
3239 1393 3378 1437 vero
3410 1376 3605 1456 potius
3636 1377 3740 1439 Dei

2089 1483 2284 1546 servo,
2320 1485 2541 1528 nomen
2560 1474 2687 1527 erat
2715 1468 3048 1526 Promotus.
3084 1464 3193 1526 Hic
3223 1482 3368 1544 ergo
3399 1468 3737 1542 Promotus,

2089 1551 2368 1618 Marcello
2397 1573 2632 1637 quoque
2666 1573 2785 1617 non
2830 1573 3019 1636 pauca
3047 1554 3119 1616 ad
3151 1553 3428 1616 virtutem
3460 1554 3629 1617 dedit
3656 1555 3745 1617 in-

2089 1645 2428 1707 citamenta.
2465 1644 2528 1708 In
2561 1645 2676 1708 hoc
2708 1645 2867 1707 enim
2901 1644 2974 1706 ab
3033 1663 3103 1706 eo
3155 1643 3488 1726 ponebatur
3532 1663 3738 1725 opera,

2088 1741 2152 1794 ut
2181 1753 2312 1815 quae
2344 1736 2594 1797 honesta
2623 1742 2760 1796 sunt
2811 1733 3054 1814 indique
3113 1733 3444 1813 colligeret,
3497 1742 3558 1796 et
3607 1743 3742 1796 tan-

353 1819 572 1878 πολλῶν
603 1819 802 1878 ἀνθέων
846 1817 1062 1877 πλέκειν
1105 1819 1277 1896 ἑαυτῷ
1332 1821 1424 1877 τὸν
1476 1821 1575 1886 τῆς
1631 1819 1823 1897 ἀρετῆς
1875 1819 2000 1876 στέ-

2093 1842 2266 1904 quam
2295 1843 2364 1886 ex
2398 1823 2598 1886 multis
2617 1822 2866 1886 ﬂoribus
2888 1823 3004 1885 sibi
3029 1822 3267 1885 virtutis
3291 1841 3573 1887 coronam
3592 1843 3741 1886 con-

355 1931 547 1991 φανον.
582 1910 728 1967 Μετὰ
783 1906 838 1966 δὲ
894 1916 1002 1968 τῶν
1049 1908 1226 1967 ἄλλων
1269 1909 1451 1967 καλῶν
1496 1910 1572 1966 ὧν
1603 1908 1719 1989 ἔχει
1752 1908 2003 1983 Μάρκελ-

356 1999 450 2080 λο,
480 2000 726 2079 ὑπῆρχεν
773 1998 914 2074 αῦτῷ
957 2000 1046 2056 καὶ
1080 2000 1137 2055 τὸ
1174 2001 1395 2080 γράφειν
1441 2000 1514 2063 είς
1544 1997 1762 2064 κάλλος,
1797 1997 2006 2076 ’Ἔγρα-

2089 1921 2335 1978 teneret.
2395 1913 2542 1976 Cum
2599 1913 2733 1976 aliis
2795 1921 2992 1974 autem
3053 1911 3250 1992 bonis,
3305 1931 3438 1994 quae
3484 1911 3746 1976 habebat

2091 2003 2422 2078 Marcellus,
2472 2005 2585 2065 hoc
2617 2020 2858 2084 quoque
2891 2001 2949 2063 ei
3000 2001 3215 2075 inerat,
3249 2001 3408 2082 quod
3440 2001 3744 2066 scribebat

359 2109 454 2168 φεν
516 2088 607 2145 οὖν
635 2102 760 2153 ταῖς
818 2090 974 2170 χερσὶ
1029 2090 1118 2145 καὶ
1162 2088 1365 2170 ἐπόνει,
1418 2091 1510 2145 καὶ
1534 2095 1627 2145 τοῦ
1657 2087 1862 2144 ἐκεῖθεν
1905 2089 2000 2145 αὒ-

2092 2092 2516 2172 pulcherrime.
2558 2091 2868 2155 Scribebat
2903 2110 3067 2171 ergo,
3119 2099 3178 2153 et
3209 2091 3514 2154 laborabat
3549 2094 3744 2154 mani-

357 2184 435 2252 τῷ
475 2179 824 2254 ποριζομένου
882 2182 1070 2255 μισθοῦ
1115 2177 1274 2258 μέρος
1331 2201 1381 2236 τι
1431 2179 1562 2256 πρὸς
1606 2179 1700 2242 τὰς
1742 2185 1834 2234 τοῦ
1891 2178 2000 2233 σώ-

2091 2180 2241 2246 bus:
2276 2193 2333 2246 et
2365 2182 2687 2257 mercedis,
2727 2199 2859 2262 qua)
2918 2181 3081 2244 illinc
3119 2180 3176 2242 ei
3230 2181 3742 2262 suppeditabatur,

357 2288 528 2354 ματος
588 2265 886 2325 ἀναλίσκων
941 2269 1152 2347 χρείας,
1211 2270 1272 2324 τὸ
1343 2267 1531 2326 λοιπὸν
1589 2281 1824 2347 παρεῖχε
1886 2281 2000 2332 τοῖς

2094 2281 2322 2352 partem
2370 2271 2631 2354 aliquam
2680 2270 3076 2334 consumebat
3125 2270 3199 2332 ad
3249 2289 3394 2333 usus
3451 2275 3744 2352 corporis,

353 2352 653 2431 δεομένοις,
699 2355 921 2415 Ἤνύετο
981 2356 1036 2414 δὲ
1080 2359 1222 2432 αῦτῷ
1253 2359 1344 2414 σὺν
1373 2364 1450 2432 τῷ
1501 2356 1636 2430 ἐλέῳ
1683 2359 1772 2414 καὶ
1828 2356 2000 2413 δικαι-

2090 2362 2378 2442 reliquam
2400 2352 2538 2424 vero
2560 2361 2862 2442 praebebat
2879 2359 3214 2440 egentibus.
3242 2359 3370 2424 Una
3386 2368 3582 2422 autem
3610 2379 3745 2423 cum

357 2447 555 2513 οσύνης
623 2446 965 2525 κατόρθωμα.
1026 2449 1082 2505 Εἰ
1126 2449 1225 2525 γὰρ
1285 2445 1476 2503 πλεῖον
1519 2446 1663 2520 αῦτῷ
1719 2455 1811 2504 τοῦ
1867 2468 2000 2523 γρα-

2093 2450 2530 2527 misericordia,
2564 2470 2628 2513 se
2659 2460 2822 2514 recte
2849 2469 3091 2531 quoque
3123 2451 3368 2530 gerebat
3401 2452 3462 2512 in
3487 2450 3745 2529 justitia.

357 2535 544 2617 φέντος
593 2537 620 2592 ὁ
681 2537 867 2610 μισθὸς
926 2534 1256 2617 κατεϐλήθη,
1294 2538 1320 2594 ὁ
1361 2534 1416 2593 δὲ
1450 2536 1545 2594 οῦκ
1575 2538 1851 2616 ἠνείχετο,
1890 2533 2000 2592 ἀλλ’

2093 2539 2238 2602 Nam
2272 2542 2319 2602 si
2354 2542 2545 2622 major
2574 2543 2628 2604 ei
2659 2541 2852 2617 soluta
2905 2551 3070 2602 esset
3121 2557 3380 2617 merces,
3429 2557 3607 2620 quam
3641 2559 3747 2622 pro

361 2625 414 2680 εἴ
470 2647 522 2682 τι
564 2631 869 2713 περιττεῦον
916 2625 1006 2704 ἧν,
1042 2625 1358 2706 ἀντέστρεφε
1415 2627 1546 2705 πρὸς
1590 2627 1684 2682 τὸν
1714 2623 2000 2684 δεδωκότα.

2093 2631 2406 2712 scripturae.
2433 2648 2638 2711 opera,
2670 2631 2773 2694 ille
2806 2650 2924 2693 non
2975 2630 3306 2692 sustinebat
3335 2651 3348 2694 :
3385 2631 3491 2692 sed
3522 2630 3572 2692 si
3603 2631 3749 2713 quid

365 2716 465 2772 Καὶ
522 2713 662 2772 οὕτω
703 2712 942 2790 διέμενεν
995 2716 1197 2794 ἡμέρας
1257 2717 1356 2792 μὲν
1417 2721 1488 2793 τῇ
1545 2721 1724 2796 γραφῇ
1767 2738 2000 2794 προστα-

2095 2731 2222 2782 erat
2259 2721 2537 2802 amplius,
2568 2719 2858 2783 reddebat
2887 2720 2943 2782 ei
2976 2720 3080 2802 qui
3126 2721 3400 2783 dederat.
3433 2718 3504 2781 Et
3532 2712 3746 2783 sicin-

356 2803 668 2884 λαιπωρῶν,
721 2805 810 2862 καὶ
852 2806 924 2870 ὡς
956 2805 1022 2863 τὰ
1063 2806 1184 2865 θεῖά
1238 2827 1367 2886 φασι
1416 2806 1597 2883 λόγια,
1629 2807 1690 2862 τὸ
1722 2804 1873 2884 ἔργον
1903 2807 2000 2866 τῶι

2095 2810 2288 2872 terdiu
2317 2810 2556 2892 quidem
2579 2809 2997 2892 perseverabat
3019 2809 3292 2873 laborare
3311 2810 3373 2871 in
3395 2809 3742 2890 scribendo,

360 2901 564 2972 χειρῶν
616 2896 776 2952 αὐτοῦ
831 2896 963 2974 πρὸς
1047 2896 1176 2952 Θεὸν
1265 2895 1593 2952 κατευθύνων
1630 2913 1644 2929 ⁶
1706 2895 1894 2960 νύκτας
1953 2894 2000 2951 δὲ

2093 2908 2152 2961 et
2181 2900 2336 2962 sicut
2364 2899 2530 2961 aiunt
2560 2899 2761 2962 divina
2787 2898 3059 2980 Eloquia,
3095 2917 3244 2979 opus
3289 2917 3573 2962 manuum
3603 2918 3746 2962 sua-

368 2980 566 3062 σχεδὸν
594 2984 762 3050 πάσας
821 2985 893 3048 είς
940 2983 1112 3064 εύχὴν
1163 2983 1486 3059 ἀναλίσκων,
1521 2987 1610 3040 καὶ
1667 2981 1751 3041 διὰ
1807 2985 2000 3052 ταύτης

2091 3008 2225 3052 rum
2257 2989 2524 3069 dirigens
2556 3011 2570 3048 :
2608 2997 2787 3051 totam
2813 2998 3009 3050 autem
3055 2987 3179 3050 fere
3230 2996 3467 3050 noctem
3517 3007 3744 3052 consu-

362 3070 534 3140 ἡδέως
563 3071 762 3150 ὁμιλῶν
806 3074 923 3150 Θεῷ
961 3076 1048 3132 καὶ
1106 3073 1406 3150 ἐνούμενος.
1472 3075 1528 3131 Εἴ
1558 3072 1613 3130 δέ
1643 3096 1746 3132 που
1775 3075 1864 3132 καὶ
1908 3098 2000 3152 μι-

2093 3077 2293 3142 mebat
2323 3080 2385 3140 in
2415 3080 2706 3155 oratione,
2743 3085 2801 3140 et
2832 3095 2938 3159 per
2977 3095 3108 3140 eam
3160 3095 3296 3142 cum
3329 3078 3451 3143 Deo
3475 3078 3746 3157 jucunde

357 3161 488 3235 κρόν
515 3182 566 3218 τι
619 3167 697 3236 τῷ
753 3161 902 3237 ὕπνῳ
956 3162 1212 3239 ἃπένειμε
1271 3161 1342 3220 δι’
1398 3163 1564 3232 αὐτὴν
1619 3163 1858 3244 ἀνάγκην
1917 3171 2000 3222 τοῦ

413 3249 426 3266 .
694 3248 806 3266 ης.
896 3248 970 3266 ..ι
1076 3255 1090 3266 .
1142 3259 1170 3266 _
1243 3250 1268 3266 ,ι
1472 3254 1499 3266 ν
1602 3251 1713 3266 η..
1761 3253 1775 3266 .
1835 3254 1846 3266 .

2093 3168 2470 3250 loquebatur,
2526 3176 2583 3232 et
2613 3167 3048 3266 eiuniebatur.
3095 3167 3156 3231 Si
3186 3185 3326 3230 vero
3357 3186 3566 3266 parum
3597 3168 3740 3250 quid

356 3249 633 3326 σώματος,
685 3248 806 3307 ἀλλ’
861 3248 978 3308 οῦδὲ
1036 3255 1180 3326 αὐτῷ
1235 3250 1420 3310 ἄνετον
1468 3254 1558 3328 ἧν,
1593 3251 1713 3310 ἀλλ’
1758 3253 2000 3312 ἐπίπονοι

2093 3248 2304 3321 somno
2327 3248 2565 3341 quoque
2589 3259 2884 3321 tribueret
2908 3267 3153 3339 propter
3175 3258 3594 3321 necessitatem
3615 3248 3746 3321 cor-

355 3340 446 3396 καὶ
500 3338 922 3415 κεκολασμένον.
982 3340 1135 3399 Οὕτω
1179 3348 1284 3407 πᾶς
1330 3343 1358 3399 ὁ
1414 3342 1609 3423 χρόνος
1659 3344 1802 3416 αῦτῷ
1831 3345 2000 3401 πόνων

2093 3348 2280 3429 poris,
2319 3338 2396 3411 ne
2419 3338 2531 3412 hoc
2563 3347 2805 3432 quidem
2836 3338 3325 3423 eratremissum,
3358 3347 3462 3409 sed
3489 3347 3746 3412 laborio-

359 3449 418 3485 τε
447 3429 536 3485 καὶ
566 3429 751 3486 κόπων
781 3431 869 3487 καὶ
899 3429 1120 3510 ἀγώνων
1151 3433 1348 3508 μεστὸς
1379 3431 1468 3500 ἦν,

439 3607 523 3672 Δ’.
569 3607 830 3674 Ἀκούσας
861 3607 916 3666 δέ
959 3632 1076 3667 τινα
1119 3608 1463 3690 Ἀλέξανδρον
1517 3613 1650 3689 πρὸς
1684 3612 1782 3680 τὴν
1811 3611 2006 3689 ἀρετὴν

353 3696 753 3778 ἆπαράμιλλον,
799 3699 982 3777 πλήρη
1043 3701 1143 3776 μὲν
1174 3701 1383 3781 σοφίας,
1429 3700 1614 3780 πλήρη
1669 3701 1722 3756 δὲ
1767 3723 2003 3777 ποιμαν-

352 3793 512 3856 τικῆς
544 3785 812 3866 ἀκριϐείας
859 3793 947 3846 καὶ
996 3795 1190 3870 ψυχῶν
1241 3791 1586 3870 προστασίας,
1643 3791 1730 3847 ἐπὶ
1790 3790 2004 3848 πολλῶν

353 3878 477 3935 τότε
533 3879 773 3957 σωτηρίᾳ
800 3885 870 3956 τῇ
901 3879 1160 3950 Βύζαντος
1193 3879 1646 3960 ἐπιχωριάζοντα,
1676 3881 1850 3939 οὒκέτι
1881 3893 2000 3944 τοῖς

352 3969 579 4049 παροῦσι
638 3971 818 4047 μένειν
894 3971 1101 4051 ἠγάπα,
1174 3971 1312 4028 ἀλλὰ
1369 3973 1664 4052 κρείττονος
1726 3971 2002 4052 ἐφιέμενος

353 4059 594 4138 ἀγωγῆς,
628 4059 657 4116 ὅ
686 4083 736 4118 τι
785 4058 1022 4141 τάχιστα
1070 4062 1200 4140 πρὸς
1248 4061 1406 4118 αὐτὸν
1462 4063 1666 4142 ἐφοίτα,
1732 4063 1831 4120 Καὶ
1881 4063 2002 4119 τότε

357 4148 454 4224 μὲν
513 4151 540 4205 ὁ
581 4153 726 4214 θεῖος
758 4147 1098 4230 Ἀλέξανδρος
1151 4161 1284 4226 πρὸς
1334 4156 1412 4224 τῷ
1440 4152 1565 4230 ἱερῴ
1595 4151 1736 4226 οἴκῳ
1778 4161 1869 4212 τοῦ
1897 4173 2001 4228 με·

362 4235 527 4315 γάλω
555 4237 606 4296 ἐν
651 4241 875 4319 μάρτυσι
933 4241 1029 4308 τὴν
1073 4239 1304 4308 ἄσκησιν
1347 4239 1679 4300 ἐπεδείκνυτο
1711 4259 1726 4273 ⁸
1782 4241 2000 4322 ὕστερον

354 4323 415 4382 δὲ
496 4329 623 4405 πρὸς
699 4331 844 4403 αὒτῷ
927 4333 1004 4403 τῷ
1071 4340 1165 4387 τοῦ
1235 4331 1437 4390 Πόντου
1495 4333 1728 4409 στόματι
1803 4336 1998 4410 σεμνὸν

354 4414 580 4496 ἱδρύεται
662 4420 1090 4501 φροντιστήριον,
1176 4421 1341 4486 Οὗτος
1418 4423 1506 4478 καὶ
1581 4424 1746 4498 νόμον
1801 4423 2001 4500 εἰσάγει

351 4509 536 4564 καινὸν
577 4509 698 4585 μὲν,
730 4507 870 4567 ἀλλὰ
911 4512 1017 4566 τῶν
1060 4509 1382 4588 ἁπανταχοῦ
1435 4510 1724 4570 κάλλιστον
1761 4529 1776 4546 ’
1839 4512 2000 4589 μηδέν

353 4619 483 4654 ποτε
539 4604 648 4655 τῶν
689 4601 763 4666 είς
814 4601 944 4657 Θεὸν
985 4597 1164 4676 ὕμνων
1208 4601 1270 4655 τὸ
1314 4602 1539 4682 συνεχὲς
1596 4602 1994 4681 διακύπτεσθαι,

350 4685 490 4743 ἀλλὰ
532 4694 600 4765 τῇ
653 4690 788 4747 κατὰ
844 4687 1102 4770 διαδοχὴν
1161 4695 1266 4747 τῶν
1327 4693 1778 4773 λειτουργούντων
1819 4695 1995 4754 ὑπαλ-

349 4774 492 4856 λαγῇ
553 4779 653 4845 τὴν
719 4778 976 4858 ἂσίγητον
1033 4781 1233 4848 ταύτην
1292 4782 1379 4838 καὶ
1431 4781 1697 4843 ἄπαυστον
1755 4787 1833 4860 τῷ
1893 4794 1998 4842 Δε-

347 4867 523 4946 σπότῃ
597 4873 986 4946 περιποιεῖσθαι
1071 4868 1402 4950 δοξολογίαν.
1484 4873 1570 4948 Τῷ
1645 4875 1769 4948 θείῳ
1826 4875 1997 4932 τοίνυν

349 4955 674 5038 Ἀλεξάνδρῳ
745 4961 838 5016 τὸν
909 4959 1217 5028 Μάρκελλον
1300 4960 1479 5020 ἐκεῖσε
1563 4965 1998 5042 παραγενόμενον

349 5048 377 5104 ὃ
427 5050 670 5129 χρηστὸς
719 5051 933 5108 ωνίστα
991 5048 1270 5131 Ἰάκωϐος,
1303 5051 1362 5116 ὃς
1419 5053 1650 5123 συνήθης
1709 5053 1807 5128 μὲν
1859 5055 1999 5134 πρό-

350 5157 503 5212 τερον
565 5138 794 5217 ἐγενήθη
853 5139 1169 5220 Μαρκέλλῳ,
1236 5138 1568 5221 Ἀλεξάνδρῳ
1625 5140 1680 5197 δὲ
1739 5145 1998 5223 φοιτήσας

349 5233 559 5314 πρῶτος
629 5229 773 5305 αῦτῷ
831 5228 886 5286 ἐν
944 5234 1214 5307 μαθηταῖς
1272 5230 1362 5298 ἧν.
1424 5231 1591 5298 Οὗτος
1652 5231 1842 5314 ἔχαιρε
1901 5235 1998 5310 μὲν

353 5313 678 5398 Ἀλεξάνδρῳ
730 5321 1184 5401 μαθητιυόμενος,
1247 5321 1369 5388 ἡνία
1441 5317 1496 5376 δέ
1563 5313 1724 5380 αὐτὸν
1784 5322 1865 5381 ὅτι
1921 5324 2000 5400 μὴ

346 5409 433 5466 καὶ
463 5408 776 5490 Μάρκελλον
806 5409 933 5491 εἶχε
964 5411 1360 5490 συμφοιτητήν.

427 5589 509 5650 Ε’.
546 5588 699 5650 Ἐπεὶ
726 5589 814 5648 οῦν
844 5589 932 5648 καὶ
988 5589 1190 5658 ἥκοντα
1241 5587 1409 5671 ε’ίδεν,
1455 5588 1690 5670 ἅσμενος
1737 5595 1995 5676 προσάγει

348 5684 426 5758 τῷ
461 5678 790 5758 διδασκάλῳ,
835 5680 948 5758 καὶ,
998 5679 1164 5746 Οὗτός
1210 5677 1346 5763 ἐστι,
1379 5679 1549 5763 λέγει,
1581 5685 1769 5764 πάτερ,
1806 5684 1865 5750 ὃς
1895 5684 1996 5768 ἄρα

2091 3457 2223 3500 sum
2253 3449 2313 3503 et
2342 3441 2718 3519 castigatum.
2751 3437 2852 3503 Sic
2883 3439 2940 3500 ei
2968 3438 3311 3501 universum
3345 3445 3579 3520 tempus
3618 3447 3745 3502 erat

2089 3527 2393 3590 laboribus
2427 3529 2667 3610 plenum
2699 3537 2756 3592 et
2785 3529 3242 3592 certaminibus.

2170 3617 2268 3680 Ν.
2305 3618 2449 3680 Cum
2481 3628 2676 3682 autem
2734 3618 3026 3680 audiisset
3079 3618 3504 3696 Alexandrum,
3548 3617 3740 3680 virum

2088 3708 2408 3790 quemdam
2428 3710 2641 3772 virtute
2663 3708 3473 3788 incomparabilem,plenum
3498 3708 3742 3789 quidem

2087 3797 2400 3879 sapientia,
2431 3799 2673 3880 plenum
2705 3807 2767 3861 et
2795 3799 3076 3880 pastorali
3107 3797 3514 3859 sollicitudine
3534 3798 3742 3860 etdili-

2086 3889 2288 3967 gentia
2309 3903 2570 3968 curaque
2592 3888 2950 3960 animarum,
2972 3887 3044 3950 ad
3077 3886 3400 3949 multorum
3427 3900 3567 3949 tunc
3587 3885 3742 3948 salu-

2083 3987 2204 4040 tem
2236 3977 2454 4057 degere
2486 3977 2768 4058 Bysantii,
2805 3996 2926 4038 non
2960 3977 3130 4040 duxit
3172 3994 3307 4038 esse
3339 3977 3454 4039 sibi
3489 3994 3740 4038 manen-

2084 4067 2225 4130 dum
2275 4069 2332 4130 in
2384 4066 2960 4148 praesentibuszsed
3013 4065 3368 4128 desiderans
3429 4065 3740 4129 meliorem

2084 4156 2218 4218 vitae
2247 4157 2703 4233 institutionem,
2739 4156 2809 4218 ad
2841 4173 2980 4218 eum
3003 4155 3164 4218 venit
3193 4175 3370 4236 quam
3393 4156 3739 4220 celerrime.

2082 4245 2153 4307 Et
2211 4253 2352 4309 tunc
2413 4246 2654 4327 quidem
2695 4247 2931 4308 divinus
2991 4245 3339 4309 Alexander
3396 4245 3458 4307 in
3520 4245 3742 4326 templo

2085 4335 2284 4416 magni
2313 4337 2589 4418 martyris
2618 4338 2811 4400 Menas
2838 4336 3233 4398 exercebatur
3267 4351 3282 4409 ;
3313 4343 3520 4416 postea
3541 4343 3740 4397 autem

2083 4425 2146 4488 in
2200 4427 2330 4508 ipso
2389 4445 2628 4507 quoque
2684 4427 2837 4488 ostio
2891 4427 3060 4488 Ponti
3089 4424 3497 4488 venerandum
3539 4425 3742 4489 statuit

2087 4517 2547 4579 monasterium.
2605 4515 2667 4578 In
2703 4536 2821 4598 quo
2867 4535 3078 4578 novam
3126 4515 3395 4597 quidem,
3429 4513 3535 4577 sed
3567 4515 3744 4594 longe

2087 4606 2353 4668 omnium
2375 4607 2869 4686 pulcherrimam,
2888 4606 3081 4686 legem
3102 4605 3480 4686 imposuit,ut
3499 4605 3744 4686 hymno-

2083 4713 2214 4758 rum
2242 4695 2316 4756 ad
2337 4695 2526 4757 Deum
2551 4714 2853 4778 nunquam
2869 4696 3409 4776 interrumperetur
3431 4694 3740 4776 perpetui-

2086 4792 2194 4862 tas,
2229 4784 2333 4847 sed
2366 4803 2472 4866 per
2499 4787 2660 4848 vices
2681 4786 2918 4848 mutatis
2941 4785 3255 4864 ministris,
3286 4786 3407 4847 haec
3433 4801 3738 4862 nunquam

2082 4875 2267 4936 silens
2300 4885 2357 4936 et
2389 4894 2693 4957 nunquam
2727 4876 3166 4957 conquiescens
3200 4873 3584 4937 tribueretur
3613 4874 3739 4937 Deo

2082 4965 2456 5044 gloriﬁcatio.
2479 4966 2686 5028 Divino
2703 4983 2848 5046 ergo
2867 4964 3207 5028 Alexandro
3223 4963 3740 5039 Marcellum,cum

2083 5055 2224 5117 illuc
2252 5055 2626 5136 accessisset,
2664 5056 2854 5117 bonus
2887 5055 3272 5116 commendat
3299 5053 3560 5118 Iacobus
3589 5075 3603 5118 :
3639 5050 3743 5134 qui

2085 5143 2250 5224 prius
2271 5143 2514 5223 quidem
2536 5142 2813 5206 Marcello
2837 5142 3030 5207 fuerat
3051 5143 3367 5206 familiaris
3390 5163 3404 5206 :
3437 5161 3574 5206 cum
3591 5159 3741 5204 ven-

2083 5231 2311 5295 titasset
2340 5240 2536 5294 autem
2565 5233 2638 5293 ad
2671 5232 3099 5308 Alexandrum,
3135 5241 3263 5294 erat
3293 5233 3348 5295 ei
3375 5233 3602 5313 primus
3637 5231 3735 5294 in-

2085 5330 2175 5384 ter
2206 5323 2552 5403 discipulos.
2588 5324 2644 5386 ls
2675 5341 2812 5384 vero
2842 5321 3137 5402 gaudebat
3193 5323 3435 5405 quidem
3494 5341 3560 5386 se
3606 5340 3742 5386 esse

2081 5411 2398 5476 Alexandri
2431 5412 2792 5494 discipulum
2820 5435 2836 5487 ;
2865 5413 3020 5475 male
3043 5421 3242 5477 autem
3267 5432 3403 5477 eum
3454 5412 3736 5488 habebat,

2081 5501 2238 5583 quod
2269 5521 2391 5564 non
2419 5502 2494 5565 ad
2524 5503 2721 5584 ipsum
2753 5521 2994 5584 quoque
3038 5502 3362 5567 ventitaret
3388 5503 3734 5565 Marcellus.

2161 5589 2233 5654 V.
2260 5591 2581 5670 Postquam
2600 5611 2740 5674 ergo
2765 5611 2903 5656 eum
2925 5591 3071 5654 vidit
3094 5594 3462 5673 venientem,
3493 5609 3633 5654 eum
3658 5590 3738 5652 li-

2081 5681 2298 5747 benter
2327 5681 2570 5747 adducit
2600 5683 2674 5746 ad
2707 5681 3081 5764 magistrum,
3119 5688 3202 5764 et,
3236 5681 3344 5744 Hic
3412 5691 3526 5764 est,
3557 5679 3752 5764 inquit
