4148 6416
438 284 548 355 711

1738 282 2021 351 MENSIS
2067 280 2498 351 DECEMBER.

3619 336 3631 351 .
3706 284 3825 355 712

438 444 472 488 ο
521 429 717 502 Pater,
752 428 856 506 qui
889 445 999 490 nos
1030 444 1147 490 non
1182 433 1618 508 persequentes
1669 422 1950 503 fugiebat,
1984 418 2082 481 sed

2171 422 2315 496 ἡμᾶς
2376 425 2436 480 οὒ
2497 424 2788 489 διώκοντας
2849 425 3094 506 ἔφευγεν,
3156 424 3295 481 ἀλλὰ
3352 424 3560 483 διώκων
3620 425 3826 501 μᾶλλον

440 517 635 596 potius
684 517 903 580 latebat
935 534 1324 598 persequens.
1386 513 1486 578 Sic
1517 515 1749 576 divinus
1780 510 2092 574 Marcellus

437 604 551 668 fuit
576 606 911 670 Alexandro
937 605 1479 677 commendatus,et
1499 603 1658 665 illius
1685 601 1959 663 manibus
1989 618 2089 661 sa—

436 711 604 756 crum
637 695 909 759 induitur
958 694 1249 774 habitum,
1288 702 1556 774 tempore
1586 691 1828 773 quidem
1871 689 2089 753 Iacobo

439 784 1040 865 secundus,moribus
1069 794 1268 846 autem
1294 784 1473 863 longe
1497 780 2087 863 prior.Quamobrem

439 874 556 936 tale
588 874 730 955 quid
763 874 947 937 fertur
997 874 1176 936 etiam
1209 874 1433 936 dixisse
1487 880 1837 954 praeceptor,
1874 887 2091 950 nempe

435 966 589 1034 quod
620 968 840 1025 etiamsi
870 968 1128 1027 Andreas
1160 968 1317 1039 prior
1354 976 1582 1025 secutus
1613 967 1685 1023 sit
1726 966 2084 1036 magistrum,

429 1047 692 1113 Joannes
742 1058 939 1114 tamen
973 1070 1106 1114 cum
1150 1070 1391 1133 quoque
1425 1059 1515 1114 est
1569 1058 1924 1114 assecutus:
1982 1065 2091 1128 per

2174 510 2474 573 ἐλάνθανεν.
2514 518 2678 576 Οὗτος
2735 516 2763 568 ὀ
2821 518 2966 581 θεῖος
3024 513 3332 592 Μάρκελλος
3388 518 3461 589 τῷ
3493 513 3825 591 Ἀλεξπὶνδρῳ

2175 605 2399 669 συνέστη
2470 603 2567 660 καῖ
2626 616 2748 667 ταῖς
2808 604 3009 663 ἐκείνου
3064 607 3218 684 χερσὶ
3280 605 3337 661 τὸ
3388 606 3527 681 ἱερὸν
3588 603 3823 662 ἐνδύεται

2176 696 2390 770 σχῆμα,
2452 700 2528 767 τῷ
2559 694 2740 773 χρόνῳ
2770 693 2862 767 μὲν
2901 692 3159 752 Ἰακώϐου
3189 691 3452 773 δεύτερος,
3491 702 3562 767 τῷ
3606 693 3658 749 δὲ
3694 695 3822 772 τρό-

2174 803 2259 853 πῳ
2302 788 2490 859 μακρῷ
2520 783 2775 860 πρότερος
2809 803 2824 818 ·
2860 781 2941 861 ἐφ’
2973 784 3018 839 ὦ
3057 784 3145 839 καὶ
3177 785 3265 839 τὸν
3295 784 3613 862 καθηγητὴν
3643 787 3824 841 τοιοῦ-

2173 892 2264 927 τον
2315 893 2363 926 τι
2415 872 2533 948 περὶ
2592 873 2745 930 αὒτὸν
2819 870 3156 953 φθέγξασθαι,
3218 874 3290 936 ὡς
3361 875 3405 928 εἰ
3476 874 3564 929 καὶ
3621 872 3823 952 φθάσας

2174 956 2420 1037 Ἀνδρέας
2478 959 2754 1028 ἠκολούθει
2810 968 2887 1035 τῷ
2944 959 3267 1035 διδασκάλῳ,
3321 961 3456 1018 ἀλλὰ
3484 963 3572 1018 καὶ
3631 961 3822 1019 ἰωσίν-

2172 1070 2269 1114 νης
2314 1048 2739 1124 ἐπηκολούθησε,
2786 1051 2989 1115 τούτοις
3045 1049 3110 1117 δὴ
3169 1050 3372 1130 καλῶν,
3438 1059 3515 1121 τῷ
3573 1052 3671 1125 μὲν
3730 1054 3824 1107 τὸν

432 1143 549 1199 haec
578 1144 821 1202 alterum
852 1145 1087 1217 quidem
1119 1158 1337 1202 Vocans
1364 1145 1664 1208 Jacobum,
1709 1158 1810 1217 per
1842 1143 2082 1199 alterum

2172 1135 2450 1212 Ἰάκωϐον,
2518 1145 2594 1213 τῷ
2667 1137 2723 1195 δὲ
2808 1141 2899 1195 τὸν
2962 1141 3265 1214 θαυμαστὸν
3328 1138 3661 1215 Μάρκελλον,
3734 1142 3825 1197 καὶ

429 1236 617 1286 autem
654 1228 982 1287 Marcellum
1014 1228 1434 1298 admirabilem,
1469 1242 1600 1286 cum
1621 1228 1820 1286 ambos
1852 1223 2082 1298 quidem

2168 1225 2330 1307 ἄμφω
2373 1229 2472 1297 μὲν
2516 1227 2665 1291 εἰδὼς
2719 1227 2803 1285 διὰ
2847 1232 2945 1295 τὴν
2991 1229 3184 1308 ἀρετὴν
3225 1228 3502 1307 ἀδελφοὺς,
3562 1231 3645 1286 καὶ
3692 1232 3821 1286 σύν-

429 1311 613 1374 sciret
645 1330 777 1374 esse
805 1312 1028 1373 fratres
1060 1323 1309 1393 propter
1333 1312 1639 1392 virtutem,
1664 1319 1722 1372 et
1753 1309 1962 1372 eodem
1990 1318 2082 1370 te-

2168 1339 2315 1373 τονον
2378 1319 2511 1391 ὁμοῦ
2567 1318 2856 1399 τρέχοντας
2892 1335 2906 1349 ”
2983 1317 3293 1398 Μάρκελλον
3359 1318 3413 1374 δὲ
3458 1320 3534 1394 τῷ
3591 1318 3821 1395 Ἰωάννῃ

429 1421 577 1466 nore
599 1403 775 1465 simul
811 1422 1057 1466 currere
1086 1425 1100 1466 :
1134 1405 1478 1467 Marcellum
1504 1414 1696 1467 autem
1731 1401 2082 1465 assimilaret

2173 1408 2506 1481 παρομοιιῦν,
2570 1406 2663 1463 ἅτε
2723 1409 2817 1463 καί
2876 1408 3030 1466 αὐτὸν
3092 1408 3344 1487 παρθένον
3393 1407 3541 1483 ὄντα,
3603 1409 3691 1464 καὶ
3741 1412 3819 1465 οἱ·

427 1492 669 1574 Joanni,
703 1503 767 1554 ut
818 1493 919 1574 qui
952 1499 1112 1554 esset
1162 1493 1292 1574 ipse
1340 1512 1580 1575 quoque
1630 1496 1813 1570 virgo,
1847 1499 1907 1554 et
1952 1508 2082 1552 cum

2170 1496 2326 1560 κείως
2375 1498 2494 1575 περὶ
2537 1496 2657 1558 τοὺς
2717 1494 2905 1575 λόγους
2961 1495 3181 1577 ἔχοντα.
3244 1497 3362 1555 Τῶν
3387 1499 3486 1572 μὲν
3520 1498 3609 1554 οὖν
3643 1496 3821 1554 ἄλλων

429 1584 700 1646 doctrina
732 1600 1011 1662 magnam
1065 1580 1317 1644 haberet
1349 1583 1857 1661 conjunctionem.
1895 1580 2082 1661 Atque

2174 1581 2425 1649 Ἰάκωϐος
2455 1586 2515 1640 τὸ
2547 1599 2814 1661 πρωτεῖον
2865 1585 3051 1666 εἶχεν,
3107 1589 3266 1643 αὖτοῦ
3297 1584 3352 1641 δὲ
3386 1585 3545 1643 πάλιν
3578 1589 3605 1643 ὁ
3667 1588 3820 1666 Μάρ-

428 1672 588 1734 inter
609 1671 759 1734 alios
783 1671 1023 1753 quidem
1067 1670 1291 1753 primas
1310 1681 1506 1753 partes
1529 1672 1784 1733 obtinuit
1803 1668 2082 1746 Jacobus,

2171 1672 2361 1738 κελλος
2413 1676 2725 1754 ὑπερεῖχεν.
2774 1672 2987 1754 ’Ἄμφω
3042 1674 3097 1731 δὲ
3154 1676 3350 1750 ὁμοίως
3395 1675 3591 1754 ἀγαθὸν
3637 1684 3820 1755 ζεῦγος

429 1761 621 1842 ipsum
653 1779 794 1824 vero
827 1779 1036 1824 rursus
1064 1763 1366 1842 superavit
1387 1762 1722 1824 Marcellus.
1761 1759 1944 1821 Erant
1972 1776 2082 1820 au-

2169 1760 2363 1838 ἤστην,
2400 1766 2485 1820 καὶ
2541 1763 2720 1839 ὥσπερ
2764 1764 2819 1821 ἐν
2879 1766 2954 1820 ἐνὶ
3014 1767 3099 1822 καὶ
3159 1772 3236 1840 τῷ
3289 1767 3431 1839 αὒτῷ
3462 1770 3563 1832 τῆς
3592 1765 3821 1845 ἀδελφό-

433 1859 549 1913 tem
597 1850 774 1914 ambo
829 1869 935 1932 par
978 1868 1148 1931 teque
1179 1849 1428 1926 bonum,
1463 1860 1522 1912 et
1552 1848 1989 1932 quodammodo
2018 1848 2080 1908 in

2167 1872 2325 1918 τητος
2386 1852 2596 1927 σώματι
2652 1853 2837 1933 χώραν
2872 1853 3164 1932 ἐπέχοντες
3222 1853 3533 1935 ὀφθαλμῶν.
3585 1852 3736 1911 Ἐπεὶ
3765 1854 3820 1911 δὲ

429 1959 546 2003 uno
576 1953 631 2003 et
678 1943 878 2003 eodem
907 1958 1149 2017 corpore
1179 1944 1554 2004 fraternitatis
1593 1948 1779 2002 locum
1822 1952 2082 2002 tenentes

2167 1939 2301 1996 οὕτω
2359 1941 2753 2020 καθαραμένους
2798 1943 2890 1998 τὸν
2935 1945 3053 1999 νοῦν
3098 1947 3193 2002 οὐκ
3220 1941 3324 2000 ἔδει
3383 1944 3461 2019 μὴ
3521 1945 3606 1999 καὶ
3664 1945 3819 2021 Μάρ-

428 2030 759 2094 oculorum.
794 2029 1088 2102 Quoniam
1117 2045 1259 2090 vero
1291 2046 1394 2090 eos
1425 2026 1509 2090 sic
1542 2033 1743 2090 mente
1776 2035 2078 2107 purgatos,

2167 2028 2358 2087 κελλον
2414 2033 2485 2092 ὡς
2542 2030 2710 2108 πάρὸν
2766 2033 2828 2089 τὸ
2872 2030 3069 2107 μέλλον
3135 2030 3239 2100 ἤδη
3285 2034 3437 2110 ὃρᾷν,
3482 2030 3599 2088 obde
3660 2035 3818 2113 Μάρ-

426 2138 546 2182 non
603 2117 919 2199 oportebat
950 2136 1072 2180 non
1124 2117 1301 2180 etiam
1362 2118 1624 2179 futurum
1655 2117 1877 2179 intueri
1932 2116 2082 2178 sicut

2167 2117 2357 2175 κελλον
2416 2119 2450 2187 ἡ
2507 2118 2732 2188 τελευτὴ
2792 2127 2884 2178 τοῦ
2954 2124 3261 2200 καθηγητοῦ
3316 2119 3622 2200 ἐλάνθανεν,
3683 2121 3823 2178 ἀλλὰ

424 2226 712 2290 praesens,
741 2226 860 2269 non
893 2207 1065 2270 latuit
1095 2207 1438 2270 Marcellum
1474 2225 1635 2269 mors
1670 2205 2078 2289 praeceptoris,

431 2301 531 2360 sed
558 2315 691 2360 cum
720 2300 831 2358 hoc
861 2299 1092 2373 quidem
1126 2301 1507 2373 cognovisset,
1531 2313 1649 2356 non
1680 2299 1869 2356 minus
1892 2308 2080 2357 autem

433 2387 581 2451 illud
612 2403 851 2467 quoque
882 2386 1295 2467 praescivisset,
1332 2384 1491 2467 quod
1520 2385 1780 2446 futurum
1837 2391 1987 2465 erat,
2020 2392 2085 2447 ut

428 2478 491 2541 in
513 2495 650 2541 eum
671 2476 914 2539 caderet
935 2477 1280 2556 suﬂ'ragium
1308 2486 1366 2537 et
1397 2492 1532 2538 cum
1555 2474 1684 2556 ipse
1714 2483 2077 2556 pasceretur,

422 2573 836 2631 accerseretur
862 2566 935 2628 ad
972 2565 1301 2647 pascendos
1334 2565 1509 2628 alios:
1546 2564 1656 2627 hoc
1684 2566 1892 2645 utique
1920 2565 2079 2627 veri-

429 2665 546 2733 tus,
572 2674 648 2720 ne
678 2654 809 2718 seni
828 2656 1068 2736 juvenis
1102 2655 1447 2737 imperaret:
1473 2663 1528 2716 et
1559 2653 1735 2716 simul
1768 2672 1904 2716 cum
1924 2662 2083 2718 esset

422 2747 652 2809 amicus
704 2744 1012 2808 modestiae
1043 2753 1098 2809 et
1140 2746 1440 2808 laetaretur
1482 2744 1877 2822 subjectione,
1914 2743 2079 2807 nullo

2162 2213 2319 2265 τοῦτο
2363 2208 2461 2284 μὲν
2493 2210 2671 2289 γνοὺς,
2724 2209 2818 2266 οὒκ
2880 2207 3098 2267 ἔλαττον
3143 2209 3197 2266 δὲ
3259 2210 3480 2268 κάκεῖνο
3538 2232 3817 2291 προεγνω-

2164 2299 2297 2370 κὼς,
2359 2299 2421 2354 τὸ
2465 2297 2679 2374 μέλλειν
2731 2297 2817 2355 ἐπ’
2862 2298 3019 2356 αὐτὸν
3072 2301 3286 2357 πίπτειν
3340 2300 3440 2368 τὴν
3493 2304 3696 2383 ψῆφον,
3729 2303 3818 2358 καὶ

2166 2388 2239 2451 εἷς
2297 2390 2357 2444 τὸ
2404 2389 2704 2464 ποιμαίνειν
2748 2386 2943 2446 ἄλλους
3000 2389 3105 2447 ἀπὸ
3170 2396 3256 2447 τοῦ
3288 2391 3658 2465 ποιμαίνεσθαι
3690 2413 3819 2470 προ-

2166 2475 2445 2534 καλεῖσθαι
2483 2497 2497 2513 ·
2552 2484 2710 2535 τοῦτο
2761 2476 2825 2544 δὴ
2876 2474 3126 2544 δεδοικὼς
3184 2479 3262 2554 μὴ
3293 2480 3374 2536 κοὶ
3405 2478 3521 2544 νέος
3552 2480 3817 2561 γερόντων

2164 2563 2318 2647 ἄρξη,
2353 2566 2445 2624 καὶ
2472 2566 2584 2644 ἅμα
2644 2568 3095 2648 μετριοφροσύνης
3149 2568 3297 2648 φίλος
3326 2570 3423 2642 ὢν,
3456 2571 3545 2627 καὶ
3574 2571 3818 2649 ὑποταγῇ

2162 2657 2396 2736 χαίρων,
2448 2658 2546 2726 τῆς
2608 2657 2778 2733 μονῆς
2837 2655 3047 2723 οὖδενὸς
3101 2658 3244 2733 αὒτῷ
3272 2657 3570 2722 συνειδότος
3613 2658 3814 2737 ἀρετῶν

2163 2746 2385 2814 ηὔξανεν
2396 2795 2409 2809 ,

422 2836 661 2900 conscio
716 2834 944 2898 recedit
976 2855 1007 2898 e
1038 2836 1417 2912 monasterio,
1452 2835 1602 2917 apis,
1636 2842 1700 2895 ut
1743 2833 1931 2915 aiunt,
1966 2834 2039 2896 ad
2070 2835 2273 2898 hores.
2310 2835 2375 2899 In
2407 2833 2615 2899 orbem
2667 2836 2865 2919 itaque
2896 2835 3097 2900 obibat
3146 2844 3409 2915 sanctus,
3441 2844 3503 2899 et
3530 2836 3589 2900 in
3633 2835 3810 2901 colli-

419 2924 631 3009 gendis
661 2942 731 2987 ex
763 2944 1120 3007 unoquoque
1148 2923 1344 3000 bonis,
1379 2922 1637 3005 augebat
1665 2923 1778 2986 sibi
1811 2941 2008 2986 ceram
2041 2925 2353 2987 virtutum.

502 3013 602 3080 VI.
660 3014 903 3079 Interim
934 3033 1074 3078 vero
1131 3014 1272 3078 dum
1303 3013 1355 3076 is
1401 3013 1564 3076 viros
1595 3012 1800 3076 obibat
1847 3013 2080 3077 virtutis

2242 3015 2305 3090 ς·
2308 3013 2344 3072 ⁹.
2395 3014 2484 3073 Ἐν
2514 3015 2560 3091 ᾦ
2619 3014 2673 3073 δὲ
2733 3017 2885 3081 οὗτος
2918 3019 3133 3097 περιῄει
3161 3018 3281 3085 τοὺς
3308 3017 3617 3100 φιλαρέτους
3654 3018 3745 3074 καὶ
3788 3020 3816 3075 ὁ

421 3105 742 3181 studiosos,
773 3123 807 3167 e
838 3103 956 3169 vita
1005 3104 1219 3184 migrat
1245 3111 1656 3168 sacrosanctus
1686 3101 2070 3166 ’Alexander.

2167 3106 2295 3184 ἱερὸς
2355 3103 2695 3185 Ἀλέξανδρος
2754 3107 3032 3164 ἀπολείπει
3115 3108 3206 3164 τὸν
3275 3108 3411 3185 βίον.
3491 3107 3690 3165 Τούτου
3747 3105 3813 3175 δὴ

422 3197 568 3262 Cum
595 3194 648 3258 is
676 3201 878 3258 autem
905 3195 1285 3270 excessisset,
1315 3193 1633 3259 Marcellus
1647 3193 1916 3276 protinus
1947 3198 2075 3255 erat

2167 3195 2519 3268 μεταστάντος
2550 3240 2570 3273 ,
2632 3196 2939 3274 Μάρκελλος
3030 3197 3174 3261 εὖθὺς
3262 3196 3316 3253 ἐν
3393 3209 3509 3261 τοῖς
3562 3196 3812 3254 ἁπάντων

425 3288 485 3349 in
508 3303 615 3349 ore
636 3278 933 3366 omnium,
957 3292 1015 3346 et
1044 3282 1325 3366 quoniam
1360 3302 1479 3346 non
1508 3283 1737 3359 aderat,
1771 3281 2071 3364 duplicem

2167 3286 2418 3363 στόμασιν
2475 3285 2566 3359 ἦν,
2629 3286 2717 3342 καὶ
2750 3283 2830 3341 ὅτι
2877 3286 2954 3358 μὴ
3013 3284 3189 3363 παρῆν
3234 3284 3413 3343 ἐλύπει
3445 3284 3634 3363 διπλῇ,
3668 3289 3811 3361 αὐτῷ

421 3374 707 3439 afferebat
724 3372 1054 3435 molestiam
1085 3395 1098 3432 :
1135 3373 1368 3455 etquod
1404 3373 1791 3454 illotempore
1813 3373 2070 3449 abesset,

2167 3397 2216 3432 τε
2274 3381 2352 3449 τῷ
2407 3372 2528 3431 κατ’
2581 3374 2789 3432 ἐκεῖνον
2847 3376 2937 3432 τὸν
3013 3377 3198 3456 καιρὸν
3256 3374 3658 3453 ἀπολείπεσθαι,
3724 3378 3812 3433 καὶ

424 3473 486 3528 et
514 3462 671 3547 quod
725 3463 1018 3527 moriente
1048 3462 1384 3526 Alexandro
1417 3482 1535 3526 non
1579 3470 1706 3526 erat
1733 3461 2072 3546 Marcellus,

2167 3463 2239 3523 ὅτι
2311 3464 2412 3542 μὴ,
2472 3461 2817 3537 Ἀλεξάνδρου
2884 3466 3202 3547 θνήσαντος,
3266 3466 3575 3546 Μάρκελλος
3631 3465 3720 3541 ἦν,
3783 3468 3812 3523 ὁ

421 3555 520 3618 cui
541 3566 678 3636 post.
707 3553 876 3618 illum
895 3553 1252 3616 credebatur
1269 3553 1643 3637 prafectura.
1668 3551 1906 3615 Electus
1932 3572 2075 3634 ergo

2167 3554 2278 3631 μετ’
2334 3553 2543 3611 ἐκεῖνον
2573 3555 2951 3633 πιστευόμενος
2984 3556 3082 3624 τὴν
3140 3556 3344 3637 ἀρχήν.
3406 3556 3662 3624 Ἰωάννης
3723 3555 3811 3613 οὖν

420 3643 535 3706 fuit
562 3644 826 3708 Joannes
859 3651 918 3706 ut
964 3652 1268 3727 praeesset,
1306 3643 1391 3707 vir
1422 3653 1481 3707 et
1530 3643 1696 3707 canis
1728 3641 1982 3725 capillis,
2016 3650 2075 3705 et

2167 3643 2346 3726 ἔρχειν
2405 3642 2586 3722 ἐκρίθη
2621 3644 2756 3726 ἀνὴρ
2811 3647 2899 3704 καὶ
2951 3647 3051 3714 τὴν
3108 3649 3270 3727 τρίχα
3328 3644 3514 3708 πολιὸς
3565 3647 3654 3703 καὶ
3709 3646 3812 3713 τὴν

427 3733 745 3817 prudentia
785 3755 801 3812 ;
832 3740 927 3797 cui
953 3734 1127 3797 etiam
1162 3733 1494 3798 celebratus
1528 3733 1629 3796 ille
1656 3732 1913 3797 Jacobus
1942 3751 2075 3815 pro-

2167 3735 2386 3812 σύνεσιν,
2450 3735 2495 3810 ᾧ
2552 3736 2640 3792 καὶ
2698 3738 2725 3793 ὁ
2784 3736 2951 3803 πολῦς
3005 3734 3262 3800 Ἰάκωϐος
3313 3734 3399 3793 διὰ
3449 3738 3546 3806 τὴν
3597 3734 3811 3805 ἡλικίαν

419 3833 554 3907 pter
584 3832 814 3889 aetatem
845 3824 1041 3888 libens
1063 3824 1420 3889 cessit.Cum
1449 3824 1575 3888 haec
1595 3829 1793 3886 autem
1812 3822 1902 3885 sic
1929 3841 2072 3904 pro-

2167 3826 2294 3883 ἑκὼν
2349 3830 2449 3893 τῆς
2506 3825 2686 3907 ἀρχῆς
2738 3824 3073 3893 ὸπεξίστατο.
3120 3834 3295 3885 Ταῦτα
3366 3824 3421 3882 δὲ
3479 3826 3616 3883 οὕτω
3671 3847 3811 3906 προ-

421 3914 771 3999 cessissent,
797 3913 1140 3979 Marcellum
1174 3933 1552 3997 nequaquam
1585 3913 1771 3976 latere
1802 3919 2070 3995 potuere.

2167 3914 2321 3974 Ξάντα
2351 3914 2663 3996 Μάρκελλον
2706 3918 2800 3974 οὒκ
2844 3917 2974 3998 εἶχε
3013 3916 3221 3979 λαθεῖν,
3279 3914 3432 3973 Ἀλλ’
3476 3915 3590 3972 ἐπεὶ
3645 3916 3809 3995 πέρας

420 4002 541 4068 Sed
588 4013 901 4087 postquam
936 4005 1117 4068 tinem
1161 4012 1543 4082 acceperunt,
1578 4010 1636 4066 et
1663 4002 1794 4084 ipse
1850 4011 1942 4065 est
1970 4020 2074 4066 re-

2167 4003 2444 4085 ἐλάμϐανε,
2477 4007 2565 4061 καὶ
2616 4007 2771 4070 αὐτὸς
2826 4005 3073 4084 ἐπανῄειι
3128 4005 3214 4060 καὶ
3257 4010 3334 4079 τῷ
3393 4003 3617 4080 Ἰωάννῃ
3679 4026 3811 4061 συν-

420 4112 648 4171 versus,
674 4104 733 4158 et
776 4095 988 4159 Joauni
1020 4096 1130 4158 fuit
1177 4096 1551 4176 conjunctus,
1584 4093 1827 4156 ell‘ectus
1856 4091 1913 4155 ei
1944 4111 2072 4156 ma-

2167 4095 2368 4173 ἔμισγε,
2430 4098 2564 4175 χε“ιρ
2623 4096 2765 4166 αὒτῷ
2815 4091 2955 4159 δεξιὰ
3013 4094 3316 4172 γινόμενος,
3378 4094 3466 4151 καὶ
3524 4091 3809 4174 συνδιαφέ-

421 4201 535 4245 nus
555 4183 818 4265 dextera,
855 4192 913 4247 et
935 4184 1161 4267 optime
1192 4183 1370 4246 simul
1400 4184 1598 4247 ferens
1630 4200 1779 4245 onus
1808 4181 2074 4244 admini-

2167 4206 2260 4260 οων
2305 4184 2493 4263 ἄριστα
2525 4186 2623 4249 τὴν
2654 4181 2832 4262 ἀρχήν
2868 4201 2886 4217 θ
2919 4185 2991 4246 ὡς
3024 4183 3119 4238 τοῦ
3147 4183 3243 4259 μὲν
3302 4184 3658 4264 ὑπεροπτικὸν
3716 4186 3807 4242 οὗ·

420 4274 762 4339 strationis:
798 4293 931 4338 cum
967 4275 1065 4338 ille
1097 4274 1341 4352 quidem
1377 4282 1617 4355 propter
1661 4271 2072 4354 prafecturam

2167 4272 2245 4329 δέν
2298 4274 2404 4330 ὰπὸ
2452 4275 2551 4341 τῆς
2612 4271 2791 4352 ἀρχῆς
2849 4269 3304 4353 ἐπιδεικνυμένου,
3365 4280 3458 4330 τοῦ
3515 4271 3569 4330 δὲ
3617 4275 3807 4355 φθόνου

422 4362 574 4426 nihil
598 4373 757 4428 esset
776 4363 965 4427 factus
990 4364 1343 4427 insolentior
1371 4386 1383 4423 :
1417 4363 1512 4426 hic
1535 4381 1673 4426 vero
1701 4370 1860 4424 esset
1892 4379 2074 4439 purus

2167 4364 2354 4425 παντὸς
2384 4361 2784 4439 καθαρεύοντος,
2846 4363 2930 4419 καὶ
2974 4362 3170 4430 ἀληθεῖ
3231 4364 3377 4438 πόθῳ
3434 4366 3565 4436 πρὸς
3595 4363 3801 4420 ἐκεῖνον

419 4452 494 4515 ab
527 4453 693 4515 omni
722 4453 948 4516 invidia
1003 4462 1060 4514 et
1091 4454 1143 4515 ei
1177 4471 1314 4515 vero
1344 4470 1550 4515 amore
1605 4451 1935 4532 colligatus.
1973 4449 2073 4516 Sic

2167 4448 2549 4527 πυνδεδεμένου.
2588 4449 2738 4510 Οὕτω
2786 4451 2883 4528 μὲν
2943 4451 3032 4510 οὖν
3064 4452 3392 4535 αμφοτέρους
3450 4457 3483 4524 ἦ
3546 4450 3801 4518 Ἀλεξάν-

420 4560 561 4621 ergo
591 4542 799 4606 ambos
829 4542 1087 4606 habebat
1114 4542 1442 4606 Alexandri
1473 4542 1927 4605 monasterium.

2167 4540 2275 4620 ipou
2304 4545 2431 4621 εἶχε
2462 4540 2622 4617 μονή,

500 4630 777 4697 VII.Post
796 4633 1037 4712 aliquod
1060 4643 1257 4697 autem
1283 4644 1518 4715 tempus
1539 4652 1571 4696 a
1586 4631 1895 4695 Philotheo
1929 4649 2068 4712 per-

2234 4630 2310 4689 Z'.
2346 4631 2491 4690 Μετὰ
2520 4630 2575 4688 δὲ
2604 4629 2803 4714 χρόνον
2832 4634 2949 4692 τινὰ
2991 4634 3093 4691 ὑπὸ
3147 4640 3239 4693 τοῦ
3269 4633 3524 4695 Φιλοθέου
3567 4632 3803 4696 πεισθεὶς

420 4738 638 4786 suasus
657 4724 942 4801 Joannes,
961 4723 1187 4788 recedit
1210 4723 1455 4805 quidem
1476 4722 1548 4785 ab
1575 4722 1690 4784 hoc
1707 4721 1862 4783 loco.
1891 4720 2071 4785 Venit

2167 4722 2434 4799 Ἰωάννης,
2481 4721 2761 4803 ἀφίσταται
2804 4722 2953 4782 τοῦδέ
3011 4731 3104 4782 τοῦ
3164 4727 3356 4786 τόπου.
3421 4722 3693 4802 ’Ἔρχεται
3749 4720 3802 4775 δὲ

419 4822 611 4874 autem
640 4814 712 4874 ad
741 4817 1046 4888 quemdam
1073 4818 1283 4882 locum,
1306 4830 1376 4874 ex
1393 4830 1558 4888 aequo
1583 4814 1827 4871 liberum
1851 4829 1881 4871 a
1907 4815 2071 4874 turba

2167 4812 2286 4891 πρὸς
2361 4835 2411 4868 τι
2466 4815 2665 4893 χωρίον
2722 4813 2938 4881 ἀπάσης
3024 4810 3441 4890 ἀπηλλαγμένον
3513 4808 3799 4888 ὀχλήσεώς

422 4899 668 4979 civium,
692 4908 750 4964 et
778 4920 811 4963 a
840 4901 1190 4965 difﬁcultate
1211 4899 1574 4963 solitudinis.
1608 4898 1799 4962 Locus
1830 4918 1966 4962 vero
1986 4905 2076 4963 est

2167 4923 2212 4957 τε
2271 4901 2518 4976 ἀστικῆς,
2565 4904 2651 4960 καὶ
2689 4900 2998 4983 δυσχερείας
3044 4903 3338 4979 εἰρηνικῆς.
3373 4900 3446 4956 Τὸ
3478 4895 3548 4963 ,δὲ
3602 4897 3799 4979 χωρίον

420 4990 810 5074 Bithynorum
843 4992 1084 5074 quidem
1119 4989 1404 5072 regionis,
1439 4989 1587 5053 situs
1639 4997 1728 5052 est
1757 4999 1954 5052 autem
2012 4990 2073 5052 in

2167 4996 2255 5059 τῆς
2311 4992 2410 5067 μὲν
2466 4994 2693 5051 Βιθυνῶν
2738 4992 2849 5049 ἐστι
2893 4990 3077 5071 χώρας
3111 5008 3124 5021 °
3161 4989 3282 5045 κατ’
3326 4986 3452 5043 αὖτὸ
3496 4985 3550 5044 δὲ
3603 4990 3664 5044 τὸ
3694 4986 3800 5063 μὲ-

420 5082 695 5146 faucibus
749 5082 954 5159 maris,
987 5082 1081 5146 cui
1139 5100 1208 5143 ex
1258 5080 1505 5144 adverso
1562 5079 1738 5142 situm
1785 5081 2072 5160 cernitur,

2167 5103 2250 5138 σον
2302 5094 2480 5140 κεῖται
2538 5090 2631 5138 τοῦ
2688 5081 2785 5149 τῆς
2840 5078 3113 5145 θαλάσσης
3168 5076 3420 5157 αὐχένος⁹
3480 5078 3800 5156 καταντικρὺ

420 5171 576 5254 quod
637 5179 881 5236 vocatur
928 5170 1336 5236 Sostbenium.
1386 5168 1511 5232 Hoc
1555 5171 1680 5230 sive
1733 5178 2072 5254 propterea,

420 5261 583 5341 quod
615 5263 695 5325 sit
714 5273 1010 5326 remotum
1043 5282 1075 5326 a
1106 5259 1388 5342 strepitu,
1420 5260 1544 5322 sive
1575 5269 1816 5341 propter
1846 5258 2069 5339 aliquid

419 5351 604 5430 aliud,
642 5361 780 5416 tunc
830 5352 1073 5435 quidem
1106 5349 1527 5414 nominabatur
1572 5350 1889 5416 Irenaeum.
1922 5351 2069 5414 Cum

2167 5362 2271 5426 ζετο
2331 5355 2639 5431 Εἶρηναῖον,
2703 5346 2951 5407 Ἰωάννου
3014 5345 3068 5404 δὲ
3133 5349 3194 5406 τὸ
3249 5354 3470 5429 πρᾶγμα
3521 5350 3689 5427 ὄνομα
3725 5346 3803 5424 τῷ

420 5447 673 5507 Joannes
696 5456 885 5508 autem
908 5460 1030 5507 rem
1056 5448 1239 5519 ipsam
1263 5457 1476 5502 nomen
1499 5441 1623 5501 loco
1640 5443 1911 5512 dedisset,
1931 5460 2070 5518 pro-

2167 5443 2301 5518 :dmp
2356 5440 2536 5505 δόντος
2614 5438 2677 5497 ἐκ
2732 5444 2832 5506 τῆς
2903 5437 3177 5506 διηνεκοῦς
3234 5440 3366 5519 πρὸς
3425 5441 3555 5497 Θεὸν
3627 5437 3797 5515 ᾣδῆς,

420 5542 550 5617 pter
562 5540 994 5617 perpetua;quae
1005 5533 1075 5595 ad
1088 5531 1276 5595 Deum
1306 5530 1453 5591 ﬁunt
1470 5531 1719 5611 cantica,
1735 5528 1797 5591 in
1820 5530 2067 5594 hodier-

2167 5540 2256 5591 τῶν
2315 5530 2655 5606 Ἀκοιμήτων
2712 5528 2842 5610 ἄχρι
2896 5534 2993 5597 τῆς
3058 5529 3208 5610 δεῦρο
3279 5532 3347 5617 τὸν
3398 5530 3800 5612 φροντιστήριον

414 5616 569 5699 num
595 5642 781 5709 usque
798 5624 959 5703 diem
982 5622 1332 5704 nominatur.
1348 5622 1773 5685 monasterium
1797 5621 2032 5704 Ἀκοιμή
2046 5659 2071 5674 .

2167 5620 2492 5701 ἰνομάζεται.
2565 5621 2667 5679 Τὸν
2722 5621 2822 5700 γὰρ
2881 5620 3037 5681 αὑτὸν
3107 5616 3438 5703 Ἀλεξάνδρῳ
3496 5622 3657 5679 τύπον
3711 5619 3801 5677 καὶ

2157 5172 2217 5228 τὸ
2250 5171 2573 5249 καλούμενον
2618 5172 2802 5249 δρᾶται
2843 5166 3163 5230 Σωσθένιον.
3226 5170 3392 5243 Τοῦτο
3442 5168 3554 5226 εἴτε
3601 5166 3683 5225 διὰ
3740 5169 3801 5224 τὸ

2155 5261 2384 5344 θοριὶϐων
2443 5262 2594 5325 ἐκτὸς
2650 5259 2818 5334 εἶναι,
2867 5256 2980 5313 εἴτε
3024 5254 3093 5314 δι’
3144 5254 3276 5315 ἄλλο
3325 5281 3399 5333 τι,
3432 5260 3551 5317 τότε
3577 5257 3800 5335 ὠνομά-
