4148 6392
414 335 537 401 713

1374 338 1563 406 VITA
1607 343 1667 405 S.
1716 343 2109 408 MARCELLI
2153 344 2849 412 ARCHIMANDRITxE.

3678 348 3798 413 714

416 474 676 541 Ἱωάωης
755 473 1001 545 ζηλώσας
1077 475 1138 532 ἐκ
1195 475 1450 559 διαδοχῇς
1515 481 1620 535 τῶο
1677 479 1912 552 ᾁδόντωο
1983 482 2048 549 τὴ

2137 529 2142 540 .
2161 505 2289 557 των,
2310 484 2423 546 hoc
2441 492 2685 562 est,non
2701 485 3159 548 dormientium.
3193 487 3346 548 Nam
3365 503 3501 547 cum
3528 487 3800 550 eamdem

417 565 551 642 πρὸς
612 566 743 620 Θεὸν
800 563 1095 641 ἀκοίμητον
1153 565 1395 625 ἐποιεῖτο
1447 567 1771 648 δοξολογίαν.
1821 568 2049 628 Ἐνταῦθε

2155 571 2432 648 formam,
2467 594 2643 657 quam
2674 574 3308 646 Alexander,imitatus
3331 582 3492 638 esset
3516 579 3799 654 Joannes,

413 657 587 711 τοίνυν
659 656 797 724 ἱερὸν
865 658 1073 718 ἒκεϊνος
1146 656 1597 735 καθιδρυσάμενος
1675 664 2049 741 φροντιστήριοε

2157 680 2366 726 eorum
2396 656 2500 746 qui
2528 683 2636 746 per
2667 665 2826 729 vices
2856 663 3352 743 canebant,nullo
3380 684 3592 729 somno
3623 667 3807 729 inter-

414 746 529 821 (τὸν
598 745 698 824 γὰρ
751 747 911 802 τόπον
983 744 1146 824 δῶρον
1212 745 1315 814 ἤδη
1387 750 1529 828 παρὰ
1582 757 1676 808 τοῦ
1745 749 2049 818 δηλωθέντοι

2153 761 2385 834 ruptam
2414 744 2686 818 faciebat
2713 755 3234 835 gloriﬁcationem.
3269 755 3414 819 Cum
3450 757 3568 820 huc
3601 764 3804 820 autem

411 834 612 891 ἐκείνου
658 834 899 914 φιλοθέου
959 835 1142 906 ἀνδρὸς
1187 834 1362 894 λαϐὼν
1410 839 1721 920 ἱτόγχανεν)
1777 843 1868 897 οὒκ
1923 841 2063 897 ἔστιν

411 927 585 980 εἰπεῖν
657 924 808 990 ὅσαις
866 926 1161 982 ὑπεποεϊτα
1227 928 1319 983 τὸν
1386 929 1695 1008 Μάρκελλον
1766 935 2061 1008 θεραπείαις

408 1037 466 1072 τε
512 1018 598 1071 καὶ
654 1028 868 1091 τιμαῖς,
903 1015 1050 1079 εἰδὼς
1104 1017 1288 1074 ἑαυτὸν
1347 1019 1443 1091 μὲν
1498 1019 1679 1092 ἡλικίᾳ
1731 1023 2060 1099 προήκοντα,

407 1105 623 1162 ἐκεῖνον
679 1103 734 1160 δὲ
778 1105 1003 1176 ἀσκήσει
1059 1129 1117 1163 τε
1158 1110 1246 1164 καὶ
1290 1107 1497 1181 παιδείᾳ
1542 1112 1630 1165 καὶ
1688 1110 1897 1176 ὀξύτητι
1955 1111 2060 1189 φύ-

401 1196 539 1261 σεὼς
595 1197 684 1251 καὶ
731 1209 847 1260 τοῖς
879 1194 1096 1270 ἄλλοις,
1129 1197 1326 1254 ἅπασιν
1369 1199 1588 1276 ἀγαθοῖς
1640 1197 2056 1274 ὑπερϐάλλοντα,

407 1287 550 1360 Παρὸ
608 1287 696 1342 καὶ
765 1287 799 1353 ἡ
843 1291 948 1343 τῶν
1007 1292 1198 1344 κοινῶν
1262 1286 1509 1345 ἁπάντων
1556 1291 1764 1368 φροντὶς
1812 1288 2064 1366 Μαρκέλ-

405 1373 485 1448 λῳ
543 1378 884 1436 πεπίστευτο,
948 1378 1145 1432 Τοῦτον
1203 1376 1302 1454 γὰρ
1364 1379 1451 1434 καὶ
1508 1376 1758 1458 διάδοχον
1815 1379 2066 1436 Ἰωάννου

405 1466 440 1531 ἡ
499 1465 590 1520 τοῦ
649 1472 778 1523 Θεοῦ
835 1465 1056 1543 πρόνοια
1121 1464 1261 1543 ᾔδει,
1307 1468 1394 1522 καὶ
1453 1468 1646 1530 ἱκανῶς
1720 1469 1876 1524 αὑτὸν
1934 1491 2062 1526 παι-

405 1552 572 1610 δεύειν
630 1575 686 1609 τε
742 1560 841 1622 τῆς
887 1554 1065 1634 ἀρχῆς
1119 1553 1402 1623 ἢϐούλετο.
1448 1563 1611 1615 Τοῦτο
1653 1555 1705 1613 δὲ
1748 1559 1836 1614 καὶ
1880 1557 2061 1623 ἄλλοις

406 1646 505 1719 μὲν
575 1643 964 1720 ἐπεσημαίνετο
1043 1645 1376 1724 τεκμηρίοις·
1448 1651 1552 1726 οὐχ
1622 1650 1782 1714 ἧττον
1848 1647 1903 1703 δὲ
1975 1649 2064 1704 καὶ

404 1735 576 1809 τούτῳ
633 1731 794 1801 δῆλον
848 1734 1083 1812 ἐγένετο,
1116 1735 1196 1792 ὅτι
1255 1735 1376 1793 κατ’
1415 1737 1577 1804 αὐτὴν
1631 1738 1918 1818 ἀμφότεροι
1963 1737 2061 1806 τήν

2147 842 2258 908 ille
2276 862 2510 907 sacrum
2529 846 2928 909 transtulisset
2946 845 3376 908 monasterium
3394 845 3616 926 (locum
3640 847 3803 908 enim

2140 934 2265 1012 jam
2287 934 2446 997 dono
2469 945 2781 1017 acceperat
2800 935 2876 998 ab
2899 935 3135 1017 illo,qui
3153 935 3318 1016 prius
3345 935 3539 997 dictus
3557 944 3649 998 est
3666 937 3809 999 Phi-

2145 1022 2553 1105 lotheus),dici
2569 1045 2686 1086 non
2701 1032 3079 1106 potest,quan
3089 1025 3164 1089 tis
3175 1025 3387 1087 ofﬁciis
3399 1025 3805 1089 ethonoribus

2146 1111 2260 1172 sibi
2284 1115 2742 1192 promerebatur
2765 1115 2899 1177 etin
2921 1133 3086 1177 suam
3110 1114 3420 1195 redigebat
3444 1122 3798 1196 potestatem

2147 1199 2488 1266 Marcellum
2501 1204 2722 1280 ,sciens
2735 1222 2800 1266 se
2815 1205 3057 1286 quidem
3082 1223 3216 1267 esse
3238 1213 3409 1266 aetate
3427 1214 3799 1286 provectum;

2149 1290 2318 1353 illum
2349 1311 2487 1355 vero
2518 1302 2576 1356 et
2607 1295 3061 1370 exercitatione,
3091 1301 3148 1356 et
3177 1294 3545 1372 doctrina,et
3573 1295 3806 1375 ingenii

2148 1383 2446 1457 acumine,
2485 1390 2541 1445 et
2571 1383 2705 1445 aliis
2740 1383 3019 1446 omnibus
3068 1384 3240 1445 bonis
3273 1384 3448 1463 longe
3480 1386 3796 1447 excellere.

2151 1473 2540 1540 Quamobrem
2555 1479 2950 1536 communium
2966 1478 3229 1535 omnium
3243 1491 3378 1536 cura
3397 1477 3644 1536 Marcelli
3668 1477 3800 1536 ﬁdei

2147 1569 2267 1616 erat
2293 1561 2684 1618 credita.Nam
2711 1562 2869 1620 hunc
2892 1575 3122 1634 quoque
3141 1562 3381 1620 Joannis
3401 1562 3658 1621 futurum
3679 1576 3805 1620 suc-

2146 1658 2439 1702 cessorem
2460 1646 2653 1704 divina
2682 1656 2925 1705 noverat
2947 1647 3398 1719 Providentia,et
3417 1647 3641 1705 volebat
3669 1661 3802 1704 eum

2149 1729 2397 1808 pulchre
2419 1729 2661 1792 erudire
2683 1731 2742 1791 in
2765 1730 2838 1791 iis
2864 1749 3001 1806 quae
3018 1731 3321 1811 pertinent
3345 1729 3418 1792 ad
3441 1729 3796 1809 regendum.

402 1827 630 1902 ἡμέραν,
695 1827 722 1880 6
805 1826 904 1900 μὲν
977 1827 1049 1890 εἷς
1131 1828 1224 1882 τὸν
1294 1834 1386 1884 τοῦ
1453 1827 1801 1908 πρεσϐυτέρου
1859 1830 2049 1906 βαθμὸνΙ

2147 1819 2272 1882 Hoc
2292 1841 2430 1884 vero
2451 1833 2509 1883 et
2533 1823 2663 1884 aliis
2689 1823 2932 1902 quidem
2955 1821 3195 1884 indiciis
3211 1821 3801 1902 significabatur;hac

400 1916 578 1991 ἀνῄει,
607 1918 634 1971 6
658 1913 712 1972 δὲ
744 1920 817 1979 εἰς
850 1918 940 1972 τὸν
971 1914 1237 1992 διακόνου,
1275 1918 1302 1974 6
1334 1918 1669 1997 Μάρκελλος.

483 2183 580 2247 Η¹,
617 2190 689 2244 Οὐ
750 2184 910 2242 ταῦτα
941 2182 994 2242 δὲ
1055 2185 1216 2261 μόνον
1247 2188 1307 2243 τὸ
1357 2185 1552 2261 μέλλον
1583 2184 1770 2261 ἐδίδου,
1804 2185 1941 2242 ἀλλὰ
1969 2187 2056 2242 καὶ

399 2276 533 2352 ἀνὴρ
580 2298 661 2340 τις
719 2275 952 2351 ποίμνης
1011 2274 1237 2354 λογικῆς
1295 2278 1382 2335 καὶ
1453 2277 1608 2342 οὗτὸς
1667 2275 2054 2356 ἂξηγοόμενος,

397 2370 457 2425 οὐ
513 2364 700 2438 πολλῷ
729 2365 922 2422 ἄποθεν
964 2365 1277 2444 ἀφεστώσης
1321 2372 1418 2434 τῆς
1474 2358 1718 2426 Ἰωάννου
1777 2373 1966 2448 μονῆς,

395 2457 565 2532 ὄνομα
632 2455 729 2530 μὲν
790 2454 1136 2528 Μακεδόνιος,
1195 2457 1305 2532 βίος
1379 2457 1433 2512 δὲ
1507 2457 1902 2538 καθαρώτατος,
1973 2457 2059 2516 καὶ

397 2546 552 2625 ψυχὴ
609 2546 720 2602 θεία
791 2567 869 2611 τις
950 2547 1036 2602 καὶ
1093 2549 1426 2626 προφητική,
1501 2549 1666 2610 Οὗτος
1737 2547 1919 2615 ἐπειδὴ
1977 2551 2056 2624 μὴ

2139 1931 2208 1975 re
2231 1923 2427 1977 autem
2448 1916 2539 1977 vel
2562 1916 2817 1978 maxime
2830 1915 3605 1996 evasitmanil‘estum,quod
3620 1915 3796 1977 ambo

2138 2007 2337 2065 eodem
2366 2008 2729 2075 dieJoannes
2752 2008 2979 2080 quidem
3001 2008 3272 2066 ascendit
3287 2008 3358 2065 ad
3376 2008 3617 2080 gradum
3640 2022 3796 2079 pres-

2139 2095 2375 2174 byterii,
2426 2095 2742 2157 Marcellus
2792 2099 2990 2156 autem
3024 2093 3098 2155 ad
3131 2097 3380 2171 gradum
3410 2092 3794 2155 diaconatus.

2222 2184 2511 2249 Vlll.N0n
2536 2187 2662 2248 haec
2682 2203 2821 2247 vero
2847 2185 3042 2248 solum
3066 2185 3331 2246 futurum
3357 2183 3794 2265 signiﬁcabant,

2143 2275 2248 2338 sed
2277 2276 2451 2337 etiam
2507 2276 2593 2336 vir
2647 2275 2910 2355 quidam,
2963 2273 3065 2355 qui
3117 2274 3246 2354 ipse
3276 2292 3514 2354 quoque
3544 2279 3798 2354 praeerat

2143 2366 2306 2446 gregi
2339 2365 2616 2448 participi
2663 2364 2938 2441 rationis,
2975 2366 3078 2446 qui
3108 2383 3231 2426 non
3281 2363 3460 2443 longe
3512 2363 3719 2425 aberat
3761 2380 3797 2424 a

2144 2457 2507 2519 monasterio
2539 2453 2812 2531 Joannis,
2849 2455 2944 2517 cui
2977 2473 3197 2518 nomen
3229 2463 3358 2516 erat
3379 2453 3792 2533 Macedonius,

2144 2547 2261 2608 vita
2281 2555 2478 2608 autem
2506 2545 2914 2626 purissima,et
2938 2545 3138 2607 divina
3159 2545 3430 2626 quaedam
3455 2552 3515 2606 et
3536 2543 3794 2624 prophe-

397 2635 648 2692 ἐλάνθανε
723 2633 1060 2714 Μάρκελλον,
1129 2635 1268 2693 ἀλλά
1345 2636 1595 2702 κάκεῖνος
1674 2639 1767 2694 τὸν
1853 2640 2049 2717 ὁρῶντα

2141 2637 2258 2698 tica
2279 2637 2560 2699 anima.ls
2594 2635 2871 2717 quoniam
2895 2654 3015 2698 non
3042 2634 3268 2699 latebat
3289 2633 3663 2715 Marcellum,
3684 2631 3793 2695 sed

398 2727 562 2806 ἑώρα,
609 2726 700 2782 καὶ
768 2727 1049 2805 προφήτης
1123 2726 1220 2806 ὥν,
1281 2727 1372 2784 τὸν
1426 2726 1613 2810 ὅμοιον
1683 2731 1778 2786 οὐκ
1846 2728 2049 2810 ἠγνόει,

2141 2735 2198 2789 et
2229 2727 2335 2788 ille
2356 2726 2597 2788 videbat
2623 2726 2950 2804 videntem,
2987 2733 3047 2788 et
3095 2743 3232 2788 cum
3286 2731 3447 2787 esset
3476 2723 3788 2805 propheta,

394 2822 636 2895 συνεχῶς
679 2813 734 2870 δὲ
779 2819 866 2872 καὶ
915 2812 1041 2893 παρ’
1095 2815 1251 2872 αὐτὸν
1297 2817 1504 2895 εφοίτα,
1570 2807 1627 2874 Ὀ
1673 2815 1724 2874 δὲ
1775 2822 1835 2877 o6
1894 2807 2049 2894 μόνον

2140 2836 2260 2878 non
2295 2817 2603 2895 ignorabat
2623 2835 2760 2878 eum
2792 2819 2892 2898 qui
2927 2824 3052 2880 erat
3082 2815 3323 2893 similis,
3359 2821 3418 2877 et
3443 2814 3684 2876 assidue
3712 2811 3789 2874 ad

401 2904 560 2961 αὐτὸν
636 2907 1042 2984 καθηγήσασθαι
1115 2913 1207 2963 τοῦ
1267 2907 1512 2981 ποιμνίου
1571 2920 1855 2986 παρεϊπεν,
1929 2907 2049 2965 ἀλλ’

2138 2925 2274 2968 eum
2309 2903 2670 2969 veniebat.ls
2725 2907 3000 2986 praedixit
3027 2906 3318 2986 futurum,
3351 2911 3415 2964 ut
3443 2921 3564 2964 non
3594 2901 3787 2963 solum

402 3005 538 3071 ομοῦ
594 2995 758 3052 πάντα
807 2997 879 3061 ὡς
931 2993 1017 3051 διὰ
1045 2996 1144 3063 τὴν
1193 2995 1387 3075 ἀρετὴν
1453 2994 1722 3074 περίδοξος
1774 2996 1943 3078 ἔσται,
1978 3001 2049 3063 ὡς

2137 2995 2299 3074 gregi
2331 3003 2640 3075 praeesset,
2690 2994 2796 3056 sed
2849 2995 3026 3056 simul
3075 2993 3281 3056 omnia
3316 3013 3330 3056 :
3365 2991 3528 3070 quod
3557 2990 3788 3054 scilicet

396 3091 572 3141 πᾶσαν
613 3093 803 3161 μικροῦ
834 3091 937 3164 γῆν
981 3087 1070 3142 καὶ
1113 3084 1380 3142 θάλασσαν
1410 3088 1443 3154 ἡ
1503 3088 1633 3165 περὶ
1676 3092 1834 3146 αὐτοῦ
1893 3089 2049 3168 φήμη

2137 3084 2368 3146 futurus
2387 3092 2542 3147 esset
2570 3086 2764 3146 clarus
2785 3092 3030 3166 pr0pter
3057 3083 3425 3159 virtutem,-et
3455 3080 3612 3162 quod
3644 3079 3787 3143 uni-

392 3173 690 3254 πληρώσει·
755 3177 827 3240 ὡς
889 3173 1078 3233 πολλοὶ
1134 3174 1397 3243 Ἕλληνές
1430 3197 1485 3232 τε
1537 3178 1624 3233 καὶ
1654 3175 1904 3258 βάρϐαροι
1949 3184 2048 3247 τῆς

2137 3193 2366 3236 versam
2397 3174 2520 3237 fere
2554 3183 2771 3236 terram
2804 3182 2861 3236 et
2917 3192 3080 3236 mare
3124 3173 3444 3253 impletura
3469 3178 3628 3233 esset
3656 3170 3786 3251 ejus

395 3263 596 3321 ἐκείνου
689 3263 941 3342 γλώσσης
1036 3265 1408 3344 ἀπηρτημένοι
1478 3267 1574 3334 τὴν
1663 3269 1881 3348 πάτριον
1951 3272 2047 3346 μὲν

2137 3265 2326 3344 gloria
2361 3283 2373 3323 :
2413 3265 2572 3345 quod
2608 3265 2779 3326 multi
2814 3266 3003 3328 Graeci
3034 3271 3093 3325 et
3113 3261 3358 3326 Barbari
3379 3260 3452 3323 ab
3481 3260 3636 3323 illius
3665 3260 3786 3320 lin-

393 3353 640 3412 ἀσέϐειαν
703 3354 1080 3431 ἐξομόσονται,
1141 3363 1218 3430 τῷ
1287 3355 1340 3412 δέ
1411 3359 1527 3430 Θεῷ
1588 3357 2049 3436 καθιδρυθήσονται

2137 3373 2259 3436 gua
2286 3355 2618 3436 pendentes
2668 3354 2916 3434 patriam
2949 3353 3191 3435 quidem
3227 3350 3558 3431 abjuraturi
3587 3356 3791 3415 essent

394 3443 472 3500 ὅτι
519 3442 721 3525 σφόδρα
780 3447 808 3501 6
857 3446 988 3509 Θεὸς
1045 3445 1099 3501 ἐν
1145 3449 1286 3520 αὖτῷ
1341 3467 1398 3503 τε
1450 3447 1544 3503 καί
1577 3445 1644 3504 δι’
1691 3450 1847 3505 αὺτοῦ
1900 3448 2049 3514 δοξα-

2137 3444 2660 3525 impietatem,Deo
2685 3454 2884 3507 autem
2915 3453 3120 3506 essent
3151 3440 3546 3505 consecrandi
3576 3458 3588 3500 :
3624 3439 3784 3521 quod

393 3537 670 3612 σθήσεται,
735 3535 824 3592 καὶ
891 3535 1051 3592 τέκνα
1112 3543 1244 3594 Θεοῦ
1315 3534 1381 3592 δι’
1441 3537 1639 3594 ἐκείνου
1709 3541 2049 3621 γενήσονται,

2137 3534 2296 3597 Deus
2316 3535 2484 3598 valde
2505 3535 2564 3596 in
2586 3535 2716 3616 ipso
2740 3542 2798 3597 et
2819 3552 2925 3616 per
2947 3535 3140 3616 ipsum
3162 3540 3320 3595 esset
3335 3529 3783 3621 glorificandus,

392 3628 480 3682 καὶ
567 3631 676 3682 τῶν
761 3631 1034 3702 πατρικῶν
1093 3624 1307 3704 κλήρων
1390 3624 1796 3697 ἆξιωθήσονται.
1876 3618 2049 3687 Ταῦτα

2137 3633 2192 3686 et
2217 3626 2390 3686 multi
2419 3624 2527 3687 ﬁlii
2556 3622 2664 3685 Dei
2697 3643 2804 3706 per
2834 3624 3000 3686 illum
3058 3630 3259 3686 essent
3313 3620 3499 3683 futuri
3530 3626 3590 3680 et
3617 3618 3785 3698 digni

391 3715 604 3780 ἐκεῖνος
665 3714 766 3792 μὲν
797 3713 998 3793 ἔλεγεν·
1047 3717 1091 3771 εἷ
1143 3713 1196 3772 δὲ
1233 3717 1316 3774 καὶ
1369 3718 1441 3782 εἰς
1471 3716 1621 3781 τέλος
1681 3716 1829 3795 ἦλθε,
1863 3717 2046 3786 δηλώ-

393 3827 473 3864 σει
504 3808 566 3862 16
601 3805 738 3882 μετὰ
767 3815 954 3864 ταῦτα.

474 3986 564 4048 Θ¹.
632 3975 695 4043 Ὀ
752 3983 1064 4064 Μάρκελλος
1124 3983 1178 4041 δὲ
1239 3986 1434 4043 τούτων
1492 3986 1725 4070 ἀκούων,
1771 3987 1909 4046 ἀλλά
1956 3991 2046 4047 καὶ

391 4084 564 4136 ποιῶν
621 4075 657 4132 ἃ
711 4075 1072 4155 παρήκουσεν,
1107 4073 1254 4133 οὐδὲν
1287 4075 1403 4134 οὐδέ
1445 4097 1534 4134 ποι
1566 4078 1706 4157 μέγα
1747 4082 1865 4158 περὶ
1913 4081 2039 4140 ἐαυ-

459 4171 484 4180 ~
539 4166 564 4222 ε
605 4169 618 4186 κ
722 4172 742 4182 -
826 4164 849 4186 ν
889 4190 904 4202 .
1075 4164 1098 4184 ν
1212 4164 1236 4221 ξ
1319 4165 1328 4185 ν
1371 4166 1392 4203 ς
1661 4170 1672 4186 ε
1953 4178 1978 4186 ~

395 4190 488 4225 του
566 4190 624 4224 πι
655 4189 775 4223 νουν
827 4187 1012 4247 εσίεν,
1042 4186 1160 4224 ουτε
1240 4170 1516 4248 φθεγ,ατο,
1550 4168 1687 4226 ἄλλα
1724 4191 1878 4228 τουτο
1906 4171 2040 4246 μαλ-

397 4256 495 4314 λον
550 4261 686 4330 αὒτῷ
727 4262 836 4314 τῶν
893 4254 1070 4312 ἄλλων
1131 4254 1390 4336 ἐξαίρετόν
1431 4279 1489 4314 τε
1546 4260 1634 4316 καὶ
1689 4260 1938 4343 πρῶτων,
1982 4265 2043 4320 16

393 4349 609 4406 πάντων
666 4347 848 4403 ἑαυτὸν
881 4343 1110 4422 νομιξειν
1153 4348 1242 4403 καὶ
1295 4347 1568 4423 ὀνομάζειν
1613 4347 1866 4429 ἔσχατον.
1928 4367 2044 4421 Δη-

390 4437 484 4496 λοϊ
537 4436 593 4493 δὲ
625 4439 867 4495 κάκεῖνο·
929 4438 956 4492 6
986 4437 1085 4512 μὲν
1114 4442 1182 4514 τῇ
1212 4435 1394 4511 ὁμιλίᾳ
1447 4445 1538 4496 τοῦ
1566 4442 1869 4515 θαυμσατοῦ
1917 4447 2042 4500 τού-

388 4551 482 4586 του
540 4525 799 4604 ἡδόμενος
859 4526 1130 4605 γέροντος,
1187 4525 1413 4584 ἐπιπολὺ
1457 4528 1734 4610 ἐνετρύφα,
1794 4535 1879 4590 καὶ
1943 4540 2042 4602 τῆς

388 4619 591 4677 ἐκείνου
663 4618 909 4694 γλώττης
985 4617 1273 4697 ἐχόμενος,
1321 4618 1379 4674 οὒ
1451 4625 1626 4699 παρῆν
1685 4629 1846 4700 μονῇ·
1921 4639 2039 4690 τοῖς

387 4722 663 4791 μοκναχοῖς
697 4706 752 4763 δὲ
796 4709 888 4765 καί
940 4707 1089 4765 ἀπὼν
1136 4705 1346 4774 ἥδιστον
1383 4710 1597 4790 ὁπηρχε
1653 4709 1920 4794 διήγημα,
1953 4717 2042 4773 καὶ

387 4799 542 4878 λόγοι
602 4799 742 4864 τινὲς
776 4799 1010 4878 ἐγίνοντο
1071 4800 1202 4877 πρὸς
1237 4797 1490 4866 Ἰωαννην
1539 4802 1650 4879 περὶ
1681 4803 1862 4864 αὐτοῦ.
1924 4812 2040 4863 Τῶν

389 4893 654 4970 μοναχῶν
731 4891 819 4946 οὖν
895 4891 940 4946 οἱ
998 4888 1098 4966 μὲν
1162 4886 1557 4968 οπουδαιότεροι
1612 4889 1781 4948 τᾶλλα
1837 4915 1893 4950 τε
1947 4902 2042 4953 106

390 4980 578 5059 ἀνδρὸς
635 4981 992 5056 θαυμάζοντες
1047 4980 1206 5047 ἦσαν·
1275 4982 1363 5036 καὶ
1406 4980 1570 5036 ταῦτα
1629 4979 1682 5036 δὲ
1741 4987 2041 5062 προσετίθε-

389 5095 511 5147 σαν,
584 5069 666 5128 ὅτι
724 5073 824 5137 τῆς
873 5071 1054 5151 ἡρχῆς
1110 5069 1317 5145 ἐξέοτη,
1363 5073 1452 5128 καὶ
1530 5072 1612 5127 τὸν
1669 5073 1850 5150 θρόνον
1904 5075 2041 5135 οὕτω

389 5159 578 5242 ῥᾳδίως
641 5161 900 5237 ἀπέλιπε,
961 5167 1181 5242 πρᾶγμα
1249 5161 1452 5240 ὁλιγοις
1509 5160 1700 5237 κομιδῆ
1753 5169 2042 5245 κατορθού-

391 5271 576 5330 μενον·
639 5253 688 5308 oi
763 5252 984 5329 ῥᾴθυμοι
1044 5251 1122 5327 δὲ,
1183 5253 1269 5308 καὶ
1339 5253 1400 5308 16
1479 5251 1700 5332 μέγεθος
1760 5255 2042 5334 ἀγνοῦντες

387 5345 489 5410 τῆς
538 5343 856 5423 Μαρκέλλου
903 5347 1114 5422 ψυχῆς,
1146 5341 1274 5399 αὐτὸ
1302 5344 1456 5399 τοῦτο
1498 5343 1597 5409 τὴν
1632 5340 1783 5410 δόξαν
1826 5363 2037 5427 φυγεῖνν

388 5435 489 5504 τὴν
517 5433 817 5515 φιλοδοξίαν
859 5432 1009 5512 ἔχειν
1069 5430 1252 5510 ἔλεγον
1299 5430 1569 5511 ἀφορμήν.
1619 5431 1748 5492 Οὐδὲ
1779 5436 1878 5513 γὰρ
1928 5434 2040 5502 ἐξὸν

385 5524 578 5606 ἄρχειν
642 5522 960 5604 Μαρκέλλῳ,
993 5521 1150 5587 αὖτὸς
1195 5521 1380 5600 ἠγάπα
1439 5521 1643 5598 μᾶλλον
1705 5523 1791 5606 ὑφ’
1846 5525 2037 5606 ἑτέρων

385 5615 672 5697 ἄρχεσθαι,
719 5613 840 5674 ἀλλ’
872 5612 954 5669 ὅτι
985 5614 1064 5689 μὴ
1094 5613 1276 5693 ἠγνόει
1337 5613 1429 5669 τὸν
1465 5612 1710 5682 Ἰωαννην
1772 5639 2038 5696 προτιμη-

383 5707 664 5789 θήσεσθκι,
694 5704 786 5762 καὶ
845 5706 935 5760 τὸν
966 5703 1110 5765 εἶναι
1169 5703 1261 5761 τὸν
1295 5703 1396 5771 τὴν
1451 5701 1632 5785 ἀρχὴν
1661 5706 1858 5776 ταύτην
1918 5707 2038 5768 δια-

710 5816 980 5883 PATROL.
1008 5816 1121 5882 Gn.
1158 5816 1365 5886 CXVI.

2132 3721 2334 3776 essent
2356 3714 2651 3776 censendi
2668 3723 2920 3794 paterna
2949 3713 3324 3775 hareditate.
3350 3709 3488 3772 Haec
3515 3709 3618 3771 ille
3647 3709 3781 3788 qui-

2131 3804 2269 3866 dem
2304 3804 2540 3867 dicebat
2573 3823 2586 3867 :
2614 3822 2690 3866 an
2715 3811 2914 3866 autem
2933 3803 3206 3865 effectum
3231 3801 3308 3863 sit
3337 3805 3781 3879 consecuta,os-

2130 3893 2324 3956 tendit
2355 3894 2436 3974 id,
2484 3893 2642 3974 quod
2675 3901 2764 3955 est
2795 3901 3000 3974 postea
3022 3897 3440 3956 consecutum.

2209 3984 2308 4048 IX.
2342 3983 2655 4046 Marcellus
2677 4001 2816 4046 vero
2851 3984 2977 4054 haec
3005 3981 3283 4062 audiens,
3318 3980 3465 4062 quin
3494 3977 3672 4041 etiam
3703 3994 3777 4042 ea

2126 4093 2258 4156 qua:
2289 4073 2474 4135 audiit
2506 4073 2754 4149 faciens,
2803 4073 2950 4135 nihil
2996 4090 3257 4153 unquam
3290 4069 3366 4132 de
3397 4088 3464 4132 se
3495 4081 3776 4148 magnum

2125 4173 2228 4229 aut
2260 4173 2461 4228 mente
2491 4163 2771 4244 concepit
2792 4171 2998 4225 autest
3020 4161 3391 4238 locutus,sed
3414 4159 3530 4221 hoc
3552 4159 3771 4240 potius,

2129 4254 2288 4337 quod
2318 4273 2456 4317 cum
2488 4253 2638 4316 alios
2689 4253 3036 4334 excelleret,
3090 4259 3150 4314 et
3194 4258 3354 4313 esset
3384 4249 3635 4333 primus,
3669 4265 3771 4309 se-

2126 4347 2326 4428 ipsum
2351 4345 2725 4409 existimaret
2746 4353 2805 4406 et
2827 4345 3166 4406 nominaret
3183 4341 3453 4404 omnium
3471 4339 3769 4428 ultimum.

2128 4427 2192 4499 Id
2220 4444 2417 4498 autem
2451 4455 2518 4497 ex
2573 4435 2672 4497 illo
2705 4452 2941 4516 quoque
2977 4432 3366 4513 signiﬁcatur.
3400 4428 3456 4490 ls
3486 4445 3621 4489 cum
3654 4427 3769 4488 ali-

2128 4527 2363 4612 quando
2386 4525 2788 4588 delectaretur
2807 4543 3088 4586 sermone
3105 4520 3266 4586 senis
3299 4517 3476 4612 hujus
3498 4516 3770 4612 admira-

2063 4599 2288 4694 Dbilis,
2331 4617 2431 4678 diu
2477 4615 2646 4697 quasi
2693 4613 3050 4696 quibusdam
3081 4599 3389 4675 fruebatur
3419 4605 3678 4684 deliciis,
3712 4619 3774 4670 et

2125 4711 2198 4774 ab
2231 4710 2416 4788 illius,
2453 4708 2655 4786 lingua
2677 4707 2972 4788 pendens,
3008 4725 3128 4767 non
3158 4703 3363 4766 aderat
3384 4697 3767 4788 monasterio.

2125 4799 2302 4882 Apud
2335 4787 2825 4878 monachos,cum
2848 4796 3112 4873 abesset,
3144 4793 3436 4882 inciderat
3455 4787 3772 4871 jucundis-

2123 4880 2277 4955 sima
2309 4891 2384 4952 de
2441 4907 2512 4951 eo
2566 4887 2848 4960 narratio,
2884 4895 2945 4948 et
2993 4886 3070 4948 de
3121 4903 3194 4946 eo
3224 4880 3597 4944 habebantur
3642 4896 3772 4940 ser-

2127 5000 2338 5045 mones
2367 4979 2605 5060 quidam
2636 4976 2790 5058 apud
2820 4976 3136 5039 Joannem.
3187 4976 3381 5054 Atque
3437 4988 3506 5060 ex
3561 4987 3770 5060 mona-

2125 5075 2256 5137 chis
2288 5059 2529 5152 quidem
2562 5067 2605 5129 ii
2631 5067 2732 5148 qui
2763 5073 2934 5129 erant
2975 5064 3308 5147 probiores,
3341 5069 3400 5123 et
3428 5059 3546 5121 alia
3592 5059 3774 5152 hujus

2125 5165 2238 5227 viri
2270 5151 2724 5224 admirabantur
2756 5178 2769 5216 :
2797 5163 2939 5238 quin
2988 5157 3166 5218 etiam
3183 5155 3297 5216 hoc
3313 5169 3551 5234 quoque
3577 5151 3767 5212 adde-

2125 5256 2293 5328 bant,
2327 5249 2485 5332 quod
2515 5267 2548 5311 a
2582 5247 2937 5329 praefectura
2973 5265 3040 5309 se
3071 5244 3524 5321 removisset,et
3553 5242 3766 5304 sedem

2126 5355 2248 5410 tam
2282 5341 2458 5404 facile
2490 5339 2856 5418 reliquisset,
2892 5356 3022 5400 rem
3047 5356 3180 5418 quae
3199 5337 3351 5398 solet
3375 5335 3507 5396 ﬁeri
3535 5351 3568 5394 a
3601 5332 3770 5396 valde

2126 5435 2356 5518 paucis.
2389 5430 2658 5511 Improbi
2690 5436 2978 5507 autem,et
2999 5428 3104 5510 qui
3130 5425 3487 5518 ignorabant
3507 5422 3771 5518 blar_celli

2121 5514 2308 5589 animi
2341 5519 2841 5602 magnitudinem,
2875 5521 2989 5583 hoc
3042 5519 3267 5600 ipsum,
3322 5515 3480 5598 quod
3521 5514 3770 5594 fugisset

2123 5616 2396 5697 gloriam,
2434 5613 2718 5675 dicebant
2747 5611 2808 5672 in
2870 5630 2935 5672 se
2967 5609 3192 5672 habere
3222 5606 3541 5697 quamdam
3575 5612 3766 5697 mate—

2122 5693 2279 5773 riam
2301 5716 2365 5769 et
2385 5704 2761 5774 occasionem
2784 5701 2988 5782 gloriae
3011 5695 3586 5781 cupiditatis.Neque
3607 5693 3767 5757 enim

3411 5802 3490 5869 23
