4148 6400
429 345 546 416 715
1735 333 2016 402 MENSIS
2058 335 2103 397 D

2193 332 2308 394 {EM
2317 331 2488 395 BER.
3693 327 3815 399 716

429 503 567 549 cum
598 483 815 546 liceret
843 478 1456 557 Marcelloimperare,
1482 473 1682 535 maluit
1712 472 1841 552 ipse
1872 487 2082 549 parere

2196 468 2464 546 εξόμενον,
2514 470 2600 525 καί
2673 468 2756 527 διὰ
2817 476 2979 527 ταῦτα
3048 469 3144 538 τὴν
3203 470 3371 550 φυγὴν
3443 469 3675 551 ἑλέσθαι,
3725 479 3814 530 τοῦ

431 575 590 650 aliis,
629 573 732 635 sed
763 570 924 648 quod
956 588 1074 631 non
1107 570 1410 648 ignoraret
1440 565 1798 641 futurum,ut
1825 559 2088 650 Joannes

2193 559 2247 625 ιη
2301 565 2529 637 φανῆναι
2581 559 2821 638 δεύτερον
2881 559 3101 634 ἐκείνου,
3137 561 3224 616 καὶ
3283 557 3634 635 μὴδύνασθαι
3692 562 3816 638 ῥᾷον

434 665 490 726 ei
520 649 582 725 in
613 663 840 725 honore
900 658 1305 739 praeferretur,
1358 662 1418 715 et
1461 670 1599 714 eum
1635 668 1792 730 esse,
1833 649 1928 729 qui
1961 655 2088 708 erat

2193 649 2460 723 Ιπομεῖναι
2506 650 2604 716 τὴν
2635 651 2935 727 πρόκρισιν,

435 755 496 814 in
551 754 662 815 hac
694 735 1050 832 praefectura
1093 761 1501 832 successurus,
1536 740 1740 801 habuit
1795 758 1859 800 se
1891 739 2026 816 fuga
2079 735 2442 812 subducere,
2480 756 2654 818 quam
2703 737 2895 800 videri
2948 735 3034 800 illi
3066 737 3394 799 secundum
3434 755 3447 800 :
3503 758 3615 802 nec
3646 741 3820 804 facile

433 831 736 904 sustinere
770 837 960 919 potuit
988 853 1124 897 eum
1149 851 1287 896 esse
1318 831 1650 912 praelatum.

513 930 586 992 Χ.
615 930 752 989 Haec
770 916 895 988 etsi
925 932 1126 988 essent
1157 923 1461 984 confutatu
1493 919 1710 990 facilia,
1748 916 2086 979 accuratius

436 1030 633 1084 tamen
665 1016 904 1079 docebit
949 1013 1340 1094 eXperienlia.
1398 1012 1657 1072 Joannes
1691 1008 1850 1068 enim
1880 1007 2089 1068 volens

2253 923 2468 992 Καῦτα,
2544 916 2713 972 καίτοι
2819 918 2983 982 οὕτως
3065 919 3191 975 ὅντα
3273 918 3554 997 εὑέλεγκτα
3584 968 3600 1001 ,
3672 920 3818 996 ὅμως

2171 1003 2541 1084 ἀκριϐέστερον
2591 1020 2752 1084 πεῖρα
2795 1005 3007 1073 διδάξει.
3061 1001 3118 1067 Ὀ
3177 1010 3276 1088 γὰρ
3333 1008 3586 1077 Ἰώαννης
3637 1009 3822 1078 δηλῶ-

435 1109 764 1186 declarare,
801 1105 874 1166 ad
906 1122 1084 1186 quam
1104 1099 1457 1182 profundam
1486 1097 1748 1160 venisset
1776 1096 2090 1186 Marcellus

433 1184 852 1269 humilitatem,
917 1184 976 1255 et
1032 1189 1398 1272 persuadere
1454 1187 1769 1251 monachis
1799 1204 1873 1246 ne
1919 1184 2090 1246 facile

439 1287 915 1351 condemnarent
949 1301 962 1345 :
995 1280 1221 1355 Rebus,
1255 1278 1475 1359 inquit,
1506 1278 1672 1358 ipsis,
1715 1295 1748 1336 ο
1782 1275 2088 1347 filii,com-

439 1373 797 1438 mittendum
816 1380 905 1434 est
915 1371 1236 1451 judicium;
1260 1386 1517 1448 cumque
1540 1365 1691 1428 nihil
1717 1363 1875 1426 aliud
1900 1363 2086 1424 dixis-

439 1473 557 1546 set,
590 1466 652 1525 in
677 1463 876 1524 animo
908 1457 1184 1524 versabat
1231 1457 1505 1519 redeunti
1552 1455 1834 1518 Marcello
1867 1453 2087 1514 vilissi-

440 1571 605 1616 mum
629 1551 907 1614 ordinem
939 1547 1508 1626 ministerii,nempe
1528 1546 1828 1606 asinorum
1864 1559 2090 1615 curam,

442 1643 714 1706 credere.
750 1639 1070 1720 Postquam
1117 1654 1256 1716 ergo
1309 1635 1411 1697 ille
1462 1634 1664 1708 rediit,
1703 1640 1760 1694 et
1791 1633 1904 1694 hoc
1935 1631 2093 1712 quod

440 1737 743 1794 videbatur
773 1735 1022 1790 maxime
1054 1729 1592 1804 ignominiosum,in
1619 1735 1930 1798 conspectu
1961 1739 2092 1782 om-

2173 1118 2261 1152 σαι
2313 1095 2633 1170 βουλόμενος
2687 1098 2760 1158 είς
2820 1096 2944 1153 ὅσον
2976 1099 3134 1173 βάθος
3194 1099 3409 1177 ἀφίκετο
3467 1121 3824 1180 ταπεινοφρο-

2174 1193 2336 1252 σύνης
2393 1188 2420 1240 ὁ
2470 1183 2802 1263 Μάρκελλος,
2850 1185 2944 1242 καί
2995 1187 3116 1252 τοὺς
3173 1188 3445 1267 μοναχοὺς
3504 1203 3691 1246 πεῖσαι
3747 1191 3827 1265 μὴ

2173 1273 2359 1351 ῥᾳδίως
2422 1275 2870 1354 καταγινώσκειν,
2935 1275 3180 1353 Ἔργοις,
3244 1275 3344 1355 ἔφη
3405 1277 3450 1332 ὦ
3505 1278 3688 1354 τέκνα,
3727 1279 3828 1346 τὴν

2173 1364 2341 1426 κρίσιν
2383 1364 2748 1443 ἐπιτρεπτέον,
2825 1366 2911 1420 καὶ
2986 1365 3152 1439 μηδὲν
3227 1365 3390 1422 πλέον
3444 1367 3822 1445 φθεγξάμενος,

2177 1453 2389 1532 ἔστρεφε
2460 1454 2595 1509 κατὰ
2667 1462 2782 1510 νοῦν
2838 1457 3160 1524 ἐπανήκοδτι
3223 1455 3517 1532 Μαρκέλλῳ
3574 1459 3670 1525 τὴν
3728 1461 3827 1526 τῆς

2175 1545 2460 1619 ὑπηρεσίας
2532 1542 2719 1616 τάξιν,
2781 1551 2873 1601 τοῦ
2947 1542 3069 1602 ὄνου
3137 1547 3233 1611 τῆν
3306 1545 3616 1620 ἐπιμέλειαν
3686 1548 3832 1623 αὑτῷ

2176 1634 2494 1714 ἐγχειρίσαι.
2559 1631 2705 1690 Ἐπεὶ
2764 1634 2852 1690 οὖν
2911 1633 3115 1697 ἐκεῖνος
3170 1635 3427 1716 ἐπανῆκε,
3459 1637 3545 1693 καὶ
3589 1638 3650 1692 τὸ
3709 1637 3831 1718 ἐτρύ-

2173 1721 2383 1796 6ριστόν
2438 1721 2576 1778 οὕτω
2632 1721 2814 1781 δοκοῦν
2861 1722 2949 1779 ἐπ’
3009 1724 3129 1798 ὄψει
3187 1725 3400 1780 πάντων
3460 1725 3742 1784 ἐπέταττεν
3802 1730 3832 1784 ὁ

444 1820 612 1882 nium
641 1819 822 1899 jussit
853 1817 1182 1897 praefectus,
1219 1813 1538 1878 Marcellus
1571 1813 1670 1874 hic
1715 1811 2089 1873 manifestum

2193 1813 2508 1891 ιαθηγητὴς,
2565 1815 2592 1868 ὁ
2636 1812 2944 1890 Μάρκελλος
3003 1812 3225 1870 ἐνταῦθα
3253 1823 3395 1894 σαφῆ
3454 1816 3550 1884 τὴν
3599 1817 3832 1893 βάσανον

443 1881 607 1970 dedit
628 1881 1044 1986 argumentum
1067 1881 1191 1966 suae
1213 1903 1519 1964 modestiae
1549 1908 1610 1962 et
1639 1901 2091 1980 demissi'spiri-

2193 1902 2270 1969 τῆς
2341 1881 2790 1982 μετριοφροσύνης
2862 1902 3050 1960 ἐδίδουο
3111 1905 3170 1960 οὗ
3228 1881 3391 1979 μόνον
3467 1881 3568 1984 γαρ
3599 1881 3834 1986 ’χαίρων

441 2007 556 2059 tus.
591 1995 720 2058 Non
751 1994 945 2056 solum
979 1994 1139 2056 enim
1166 1995 1400 2074 jussum
1463 1992 1660 2053 libens
1699 1989 1949 2069 accepit,
1987 1987 2093 2050 sed

2193 1990 2397 2071 εδέχετο
2428 1994 2488 2048 τὸ
2532 1993 2826 2071 ἐπίταγμα,
2875 1992 3014 2050 ἀλλὰ
3048 2016 3098 2050 τι
3160 2001 3348 2070 μεῖζον
3408 1997 3494 2052 καὶ
3547 1997 3840 2077 χαριέστε-

441 2087 584 2149 fecit
606 2087 782 2148 etiam
816 2083 1040 2164 aliquid
1063 2081 1594 2160 elegantius.Adeo
1630 2080 1798 2142 enim
1836 2078 2096 2140 libenter

444 2175 891 2239 dixitsesubire
917 2175 1029 2236 hoc
1056 2191 1208 2235 onus
1228 2171 1648 2246 ministerii,ut
1682 2170 1743 2231 id
1775 2169 1951 2231 etiam
1987 2185 2096 2246 po-

443 2274 619 2328 neret
638 2265 699 2325 in
733 2266 860 2325 loco
895 2262 1197 2340 beneficii,
1225 2269 1283 2324 et
1306 2269 1543 2340 rogaret
1576 2268 1640 2322 ut
1672 2258 1826 2321 datis
1859 2257 2097 2336 scriptis

445 2355 561 2417 sibi
597 2360 926 2427 caveretur,
955 2359 1021 2412 ut
1050 2370 1185 2428 nec,
1219 2351 1269 2413 si
1299 2351 1478 2412 vellet
1510 2348 1995 2430 quidem,posset
2024 2344 2096 2407 ab

443 2465 515 2507 eo
537 2445 845 2507 recedere.
874 2441 944 2503 Et
975 2461 1093 2503 non
1119 2443 1204 2503 sic
1235 2441 1382 2502 dixit
1412 2440 1686 2520 quidem,
1744 2456 1863 2499 non
1897 2442 2094 2498 autem

443 2533 814 2614 fecit.Neque
835 2531 974 2604 fecit
992 2529 1372 2612 quidem,sed
1407 2547 1582 2610 parvo
1611 2525 2015 2606 tempore,sed
2038 2523 2097 2584 in

445 2622 618 2686 factis
647 2621 794 2703 ipsis
841 2623 997 2682 visus
1028 2629 1122 2680 est
1174 2620 1346 2698 longe
1394 2617 1612 2679 acrior.
1646 2615 1874 2678 Tandiu
1902 2621 2095 2674 autem

446 2719 787 2793 perseverat
818 2711 879 2772 in
912 2711 1022 2772 hoc
1053 2708 1412 2783 ministerio,
1437 2707 1632 2769 donec
1657 2723 1868 2767 omnes
1901 2703 2100 2765 multis

448 2803 727 2883 precibus
757 2800 1058 2880 supplices
1086 2799 1160 2862 ab
1193 2817 1264 2861 eo
1291 2796 1822 2876 contenderunt,ut
1849 2796 1934 2857 eis
1965 2793 2101 2874 qui-

450 2892 587 2954 dem
613 2893 990 2970 ignosceret;
1021 2889 1094 2951 ab
1118 2889 1230 2950 hoc
1261 2906 1398 2950 vero
1434 2887 1682 2950 servitio
1715 2884 2057 2946 discederet
2084 2902 2096 2942 :

449 2981 777 3044 absurdum
809 2982 969 3041 enim
1004 2997 1161 3059 esse,
1197 2979 1375 3041 talem
1407 2977 1596 3038 virum
1633 2984 1747 3037 tam
1779 2973 1912 3036 vilia
1945 2971 2104 3034 subi-

445 3089 514 3134 re
553 3069 909 3150 ministeria,
945 3069 1047 3149 qui
1079 3067 1240 3147 gregi
1296 3067 1547 3128 rationis
1596 3064 1856 3145 compoti
1889 3063 2104 3141 dignus

447 3167 573 3222 erat
606 3176 884 3240 praeesse.

529 3247 768 3313 XLNon
793 3250 1041 3311 multum
1075 3248 1361 3328 temporis
1382 3245 1812 3318 intercessit,et
1839 3241 2103 3306 Joannes

451 3343 703 3413 ipse,qui
737 3344 1088 3399 monasterio
1112 3339 1643 3412 praeerat,migravit
1672 3338 1742 3394 ad
1773 3335 2102 3397 Dominum,

453 3427 772 3502 statimque
804 3427 972 3486 divus
996 3427 1314 3488 Marcellus
1340 3426 1588 3486 fratrum
1611 3422 1862 3503 suscipit
1892 3420 2104 3502 praefe-

450 3525 706 3595 cturam,
741 3524 800 3577 et
830 3515 1252 3576 charismatum
1285 3514 1436 3576 radii
1469 3513 1676 3595 quales
1707 3521 1764 3574 et
1809 3509 2016 3591 quanti
2042 3510 2102 3570 in

454 3623 524 3665 eo
560 3612 780 3676 essent,
815 3603 1092 3664 omnibus
1138 3621 1380 3666 evasere
1412 3602 1733 3665 manifesti.
1771 3600 1886 3662 Sed
1921 3599 2102 3681 quid-

453 3713 589 3755 nam
624 3693 753 3773 ejus
775 3694 1066 3774 quispiam
1089 3694 1344 3775 primum
1379 3691 1557 3754 fuerit
1588 3689 2101 3764 admiratus,insi-

455 3801 712 3863 gnemne
741 3783 874 3863 ejus
903 3784 961 3844 in
996 3801 1288 3865 pauperes
1323 3780 1818 3860 misericordiam,
1861 3798 1934 3842 an
1967 3798 2099 3861 quae

456 3882 699 3956 propter
719 3892 848 3935 eam
874 3873 1024 3935 facta
1043 3881 1202 3950 sunt,
1241 3873 1570 3935 miracula?
1599 3871 1700 3952 qui
1730 3871 1818 3933 sic
1850 3870 2090 3951 quidem

457 3963 797 4024 communia
819 3963 982 4034 (nihil
1016 3962 1174 4024 enim
1225 3962 1476 4024 habebat
1506 3961 1836 4041 proprium)
1871 3977 2093 4022 consu—

461 4051 756 4132 mebat,ut
783 4053 1080 4114 videretur
1109 4051 1284 4132 paulo
1319 4060 1450 4132 post
1471 4061 1530 4113 et
1551 4052 1771 4132 ipse,et
1803 4048 2106 4124 monachi,

460 4141 771 4219 redigendi
794 4141 866 4202 ad
881 4150 1203 4218 egestatem
1217 4141 1380 4203 .Tam
1406 4141 1640 4204 abunde
1654 4147 1849 4202 autem
1873 4139 2112 4202 assidue

461 4229 895 4309 suppeditabat,
926 4240 990 4292 ut
1033 4250 1152 4294 non
1200 4232 1605 4311 minus,quam
1633 4229 1788 4310 quod
1815 4227 1956 4291 fecit
1989 4229 2112 4291 Do-

463 4319 1146 4400 minus,conspiceretur
1161 4322 1337 4382 etiam
1360 4321 1418 4382 in
1447 4338 1619 4382 servo
1645 4317 2113 4394 fieri.Quomodo

462 4409 622 4470 enim
642 4418 779 4470 tunc
801 4428 918 4472 non
950 4410 1150 4489 plures
1174 4429 1347 4490 quam
1373 4410 1640 4490 quinque
1675 4427 1880 4490 panes,
1913 4419 1970 4468 et
1996 4406 2114 4467 duo

459 4504 671 4574 pisces,
695 4502 963 4559 aluerunt
993 4502 1423 4559 multitudinem
1449 4503 1752 4560 hominum
1782 4502 1852 4558 ad
1885 4500 2114 4556 satieta-

2179 2104 2268 2160 ρον
2327 2081 2682 2143 ἐπεδείκνυτο.
2759 2083 2910 2142 Οῧτω
2990 2101 3113 2163 γαρ,
3178 2084 3373 2164 φησὶν,
3431 2085 3676 2160 ἆσμέθως
3734 2094 3837 2155 τὴν

2181 2171 2509 2249 λειτουργίαν
2551 2175 2851 2255 ὑπήρχετο,
2885 2174 2994 2248 ὅσῳ
3051 2176 3138 2230 καὶ
3196 2174 3251 2230 έν
3313 2177 3610 2254 εὐεργεσίας
3665 2177 3837 2244 αὑτὴν

2182 2262 2339 2341 μοίρᾳ
2376 2263 2628 2338 τίθεσθαι,
2688 2267 2777 2321 καὶ
2833 2265 3181 2342 γραμματείῳ
3251 2266 3310 2321 τὸ
3355 2265 3589 2345 ἀσφαλὲς
3653 2263 3839 2324 λαϐεῖν

2182 2351 2378 2422 ἀξιοῦν,
2425 2351 2563 2410 ὥστε
2624 2353 2761 2429 μηδέ
2827 2353 3138 2430 βουλομένῳ
3188 2355 3317 2411 ποτὲ
3363 2357 3531 2432 ταύτῃ
3589 2355 3843 2424 ἐκστῆναι

2182 2439 2402 2498 δυνατὸν
2439 2447 2605 2504 εἶναι.
2666 2444 2762 2501 Καὶ
2800 2447 2893 2502 οὑκ
2950 2457 3071 2500 εῖπε
3130 2444 3228 2518 μὲν
3287 2445 3479 2524 οὕτως,
3511 2445 3606 2502 οὐκ
3650 2445 3840 2524 ἔπραξε

2183 2528 2259 2586 δέ’
2314 2529 2431 2588 οὑδὲ
2476 2531 2664 2611 ἔπραξε
2724 2533 2843 2610 μέν,
2878 2533 2964 2590 ἐπ’
3023 2533 3202 2612 ὀλίγον
3259 2533 3337 2615 δὲ,
3369 2534 3506 2591 ἀλλὰ
3553 2534 3690 2593 πολὺ
3739 2535 3841 2610 μὲν

2183 2620 2499 2699 θερμότερος
2569 2621 2655 2678 ἐπὶ
2725 2626 2829 2678 τῶν
2905 2621 3074 2702 ἔργων
3131 2623 3356 2702 ἑωρᾶτο.
3414 2623 3537 2680 Ἐπὶ
3604 2625 3840 2698 τοσούτῳ

2185 2707 2239 2764 δὲ
2292 2711 2379 2765 καὶ
2449 2713 2546 2778 τήν
2604 2713 2896 2790 ὑπηρεσίαν
2961 2711 3290 2788 παρέτεινειν
3361 2713 3460 2776 ἕως
3517 2715 3604 2769 καὶ
3665 2711 3842 2770 πολλὰ

2186 2797 2460 2866 δεηθέντες
2516 2801 2684 2857 ἱκέται
2745 2802 2942 2866 πάντες
2987 2802 3146 2858 αὑτοῦ
3199 2801 3503 2880 γεγόνασιν,
3556 2801 3693 2858 ὥστε
3738 2803 3841 2859 αὑ-

2187 2902 2308 2954 τοῖς
2367 2895 2465 2966 μὲν
2522 2896 2812 2970 συγγῶναι,
2870 2896 2970 2958 τῆς
3029 2889 3082 2946 δὲ
3112 2892 3362 2960 τοιαύτης
3420 2892 3670 2960 ἐκστῆναι
3718 2890 3842 2948 Bou-

2187 2977 2356 3042 λείας,
2399 2977 2654 3036 ’Ἄτοπον
2685 2982 2786 3059 γὰρ
2817 2979 2975 3057 ἄνδρα
3033 2979 3242 3038 τοιόνδε
3273 2984 3404 3060 πρὸς
3437 2981 3655 3056 ἀτίμως
3705 2978 3846 3036 οὕτω

2187 3067 2532 3127 καταϐαίνειν
2609 3070 2930 3150 ὑπηφεσίας,
2990 3071 3080 3126 τὸν
3147 3071 3234 3126 καὶ
3306 3092 3540 3147 ποιμνης
3620 3068 3848 3150 λογικῆς

2189 3156 2379 3238 ἄρχειν
2409 3157 2574 3224 ἄξιον.

2270 3247 2383 3308 1Α¹.
2449 3248 2521 3306 Οὑ
2578 3248 2715 3306 πολὺ
2769 3250 2830 3305 τὸ
2893 3249 2946 3305 ἐν
2977 3249 3152 3331 μέσῳ,
3184 3251 3270 3306 καὶ
3323 3249 3574 3318 Ἰωάννης
3619 3251 3773 3314 αὑτὸς
3813 3251 3844 3306 ὁ

2187 3340 2285 3405 τῆς
2341 3344 2510 3414 μονῆς
2584 3340 2855 3418 προεστὼς
2905 3337 3148 3415 ἑξεδήμει
3206 3341 3340 3419 πρὸς
3396 3341 3607 3419 Κύριον,
3653 3341 3742 3397 καὶ
3814 3339 3847 3394 6

2185 3431 2329 3494 θεῖος
2391 3429 2578 3486 αὑτίκα
2630 3427 2938 3509 Μάρκελλος
2983 3451 3080 3497 την
3136 3436 3242 3488 τῶν
3301 3428 3544 3512 ἀδελφῶν
3596 3428 3851 3509 ἀναδέχε-

2187 3540 2276 3574 ται
2341 3519 2688 3597 προστασίαν,
2754 3520 2842 3575 καὶ
2913 3521 2966 3575 αἱ
3022 3519 3128 3575 τῶν
3191 3521 3543 3600 χαρισμάτων
3605 3519 3844 3592 ἀκτῖνες,

2189 3612 2302 3664 οἶαι
2335 3610 2423 3665 καὶ
2486 3607 2605 3664 ὅσαι
2661 3613 2737 3681 τῷ
2786 3606 2928 3688 ἀνδρὶ
2985 3609 3204 3690 ἐνῆσαν,
3265 3611 3482 3688 φανεραὶ
3533 3615 3660 3665 πᾶσι
3713 3611 3851 3664 καθ-

2189 3699 2418 3756 ίσταντο.
2483 3698 2656 3755 Ἀλλὰ
2696 3701 2746 3755 τί
2790 3721 2851 3756 αν
2902 3722 2982 3765 τις
3043 3703 3200 3760 αὑτοῦ
3259 3706 3468 3778 πρῶτον
3527 3698 3842 3775 θαυμάσειε,

2182 3789 2243 3844 τὸ
2297 3785 2629 3866 ὑπερϐάλλον
2677 3788 2770 3857 τῆς
2819 3791 2938 3867 περὶ
2963 3791 3081 3855 τοὺς
3127 3789 3363 3856 πένητας
3414 3785 3838 3867 εὐσπλαγχνίας,

2179 3876 2216 3945 ἢ
2274 3880 2380 3935 τῶν
2411 3877 2494 3934 ἐπὶ
2537 3880 2734 3946 ταύτην
2765 3880 3095 3954 θαυμάτων;
3144 3879 3202 3944 ὃς
3248 3878 3387 3936 οὕτω
3420 3879 3518 3955 μὲν
3562 3879 3628 3934 τὰ
3682 3879 3853 3936 κοινὰ

2195 3967 2357 4051 (ἴδιον
2401 3967 2502 4046 γὰρ
2535 3966 2682 4025 οὐδὲν
2725 3966 2878 4048 εἶχε)
2927 3983 3045 4034 τοῖς
3090 3965 3362 4043 δεομένοις
3410 3967 3721 4042 ἀνήλισκεν,
3769 3969 3849 4032 ὡς

2193 4058 2370 4116 δοκεῖν
2429 4057 2556 4114 ὅσον
2586 4053 2732 4116 οὔπω
2772 4059 2837 4112 τὰ.
2868 4057 2968 4133 μὲν
3012 4055 3280 4133 δεομένων
3312 4059 3470 4117 αὑτόν
3513 4079 3570 4114 τε
3601 4059 3688 4114 καὶ
3731 4059 3855 4121 τοὺς

2195 4146 2471 4226 μοναχοὺς
2521 4146 2937 4216 ὑποστήσεσθαι·
2973 4145 3110 4204 οὕτω
3169 4144 3223 4203 δὲ
3255 4147 3513 4228 παρέχων
3562 4147 3857 4218 ἆπλήστων

2199 4236 2496 4302 ἆνελλιπής
2541 4234 2626 4310 ἧν,
2689 4236 2763 4298 ὡς
2827 4234 2972 4292 οὑδὲν
3032 4236 3254 4296 ἔλαττον
3326 4240 3388 4296 τὸ
3435 4245 3527 4295 τοῦ
3585 4237 3858 4296 Δεσπότου

2197 4327 2295 4384 κᾶν
2337 4331 2414 4398 τῷ
2473 4322 2644 4396 δούλῳ
2688 4325 2966 4403 γινόμενον
3026 4329 3274 4405 καθορᾷν.
3334 4326 3544 4408 ’Ὥσπερ
3601 4328 3689 4384 καὶ
3730 4327 3851 4384 τότε

2199 4418 2258 4473 οὒ
2315 4415 2530 4476 πλείους
2584 4420 2690 4469 τῶν
2746 4414 2904 4472 πέντε
2975 4415 3146 4496 ἄρτων
3191 4417 3278 4474 καὶ
3329 4423 3434 4474 τῶν
3505 4415 3596 4474 δύο
3654 4417 3853 4497 ἰχθύων

2199 4505 2405 4571 πλῆθος
2458 4503 2746 4583 ἀνθρώπων
2789 4507 2862 4570 εἰς
2905 4507 3061 4584 κόρον
3095 4506 3393 4588 ἐξέτρεφοθ,
3427 4507 3566 4565 οὕτω
3618 4509 3704 4563 καὶ
3761 4513 3851 4563 νῦν

461 4585 696 4687 ιειη,ἱιει
717 4603 1137 4685 nuncquoque
1164 4587 1369 4665 paucis
1391 4586 1654 4666 quotidie
1672 4584 1942 4647 alebatur
1969 4582 2103 4643 mul'

2202 4592 2479 4687 ἐξμόλίγου
2526 4594 2711 4687 πλήθη
2748 4616 2802 4653 τε
2847 4582 3115 4673 δεομένων
3161 4582 3493 4662 καθεκάστην
3551 4595 3855 4675 ἐτρέφοντο,

464 4675 669 4766 titudo
687 4674 1018 4766 egentium,
1049 4687 1108 4736 et
1137 4693 1204 4737 ea
1235 4694 1447 4738 rursus
1477 4676 1566 4759 eis
1598 4674 1844 4736 minime
1869 4674 2103 4737 deficie-

2200 4685 2290 4742 καὶ
2333 4685 2464 4742 αὑτὰ
2523 4683 2682 4740 πάλιν
2727 4689 2884 4766 εἶχεν
2955 4686 3285 4750 ἀνελλιπῶς.
3339 4685 3509 4741 Ἀλλὰ
3557 4674 3716 4738 ταῦτο
3757 4681 3855 4756 μὲν

465 4763 756 4825 bant.Sed
786 4765 913 4825 haec
945 4765 1184 4846 quidem
1206 4771 1284 4826 ita
1305 4784 1370 4826 se
1393 4756 2119 4836 habebant.Quemadmo-

467 4853 609 4914 dum
633 4861 832 4914 autem
853 4871 924 4914 ex
947 4854 1128 4916 rebus
1151 4855 1618 4936 difﬁcillimis,et
1646 4872 1896 4935 quarum
1921 4855 2120 4919 nullus

466 4941 825 5022 cperabatur
839 4943 1094 5025 exitus,a
1107 4948 1342 5026 superis
1359 4944 1413 5006 ei
1429 4945 1563 5007 data
1581 4944 1653 5005 sit
1673 4943 1974 5020 solutio,et
1989 4964 2120 5027 quae

467 5036 519 5092 ei
547 5035 693 5092 dicta
713 5037 1046 5102 suntﬁnem
1070 5039 1416 5109 acceperint,
1450 5052 1552 5110 par
1577 5044 1660 5095 est
1684 5037 1880 5109 paucis
1903 5039 2114 5096 dicere.

551 5129 679 5194 XII.
715 5133 940 5194 Auctus
962 5132 1201 5212 quidem
1235 5141 1361 5194 erat
1392 5133 1448 5195 ei
1471 5150 1615 5212 grex
1633 5131 1995 5214 quotidianis
2010 5151 2116 5195 ac-

469 5221 865 5292 cessionibus,
902 5231 959 5285 et
983 5223 1362 5284 multitudine
1393 5222 1660 5304 quotidie
1690 5221 1967 5285 dilatatus
1998 5222 2121 5283 effi-

473 5308 669 5371 ciebat
699 5311 1013 5391 pecoribus
1043 5321 1266 5374 arctam
1294 5311 1750 5374 habitationem.
1788 5311 1949 5393 Opus
1980 5330 2120 5391 ergo

473 5408 600 5462 erat
625 5399 869 5480 pastori,
906 5401 1118 5482 majori
1148 5400 1393 5479 quidem
1453 5401 1632 5476 atrio,
1664 5401 1871 5480 majori
1919 5413 2119 5463 autem

475 5489 653 5550 domo
669 5490 1206 5570 orationis,majori
1226 5497 1286 5551 et
1306 5491 1683 5564 alimento,et
1704 5491 1935 5568 reliquo
1959 5509 2124 5553 sum-

476 5587 577 5659 ptu
602 5578 674 5638 iis
696 5579 799 5658 qui
821 5579 1054 5642 collecti
1071 5580 1327 5641 fuerant.
1363 5579 1469 5641 llle
1492 5587 1688 5641 autem
1717 5588 1855 5642 tunc
1879 5581 2119 5661 quidem

475 5669 570 5736 vel
592 5669 851 5736 maxime
868 5671 1072 5738 omnia
1095 5671 1450 5737 exhauserat
1463 5670 1526 5734 in
1545 5673 1962 5753 egentes.Erat
1981 5688 2120 5734 vero

2202 4772 2394 4846 οὕτως,
2443 4773 2589 4838 ὅπως
2625 4771 2679 4830 δὲ
2741 4781 2827 4833 καὶ
2873 4782 2979 4834 τῶν
3049 4775 3354 4855 ἀμηχάνων
3399 4772 3541 4843 αὑτῷ
3579 4770 3775 4827 ἄνωθεν
3818 4770 3853 4837 ἡ

2201 4863 2350 4927 λύσις
2409 4860 2632 4946 ἐδίδοτο,
2683 4867 2770 4922 καὶ
2825 4867 2892 4924 τὰ
2948 4866 3080 4944 πρὸς
3137 4863 3294 4922 αὑτὸν
3335 4860 3558 4940 ῥηθέντα
3589 4860 3650 4916 τὸ
3701 4859 3856 4924 τέλος

2203 4952 2448 5034 ἰδέχετο,
2481 4953 2622 5020 ἀξιον
2643 4952 2727 5011 διὰ
2756 4955 3003 5036 βραχέων
3036 4951 3235 5014 εἰπεῖν,

2283 5134 2388 5198 1Β’,
2435 5133 2637 5200 Ηῧξατο
2669 5134 2767 5210 μὲν
2818 5137 2962 5206 αὑτῷ
2993 5132 3053 5187 τὸ
3101 5131 3346 5206 ποίμνιον
3377 5143 3499 5196 ταῖς
3544 5133 3852 5214 καθημέραν

2201 5225 2552 5300 προσθήκαις,
2610 5225 2698 5280 καὶ
2753 5222 2831 5294 τῷ
2881 5221 3072 5292 πλήθει
3130 5219 3391 5300 ὁσημέραι
3449 5220 3848 5300 πλατυνόμενον

2203 5315 2392 5382 στενὴν
2447 5327 2562 5376 τοῖς
2594 5309 2887 5390 θρέμμασιν
2931 5311 3172 5368 ἑποιεῦτο
3232 5310 3472 5380 οἴκησιν.
3509 5311 3672 5370 ’Ἔδει
3730 5321 3855 5392 γοῦν

2205 5408 2282 5475 τῷ
2323 5403 2536 5478 ποιμένι
2592 5399 2826 5477 μείξονος
2886 5401 2985 5477 μὲν
3027 5401 3120 5458 τοῦ
3168 5401 3265 5470 τῆς
3313 5408 3623 5483 προσευχῆς
3670 5402 3850 5479 οἴκου,

2205 5492 2448 5556 πλείονος
2495 5491 2548 5548 δὲ
2595 5503 2713 5555 τοῖς
2765 5491 3194 5570 συνειλεγμένοις
3239 5498 3436 5572 τροφῆς
3493 5495 3582 5549 καὶ
3654 5492 3852 5561 λοιπῆς

2205 5579 2466 5650 δαπάνης.
2534 5573 2590 5639 Ὀ
2622 5579 2675 5636 δὲ
2735 5581 2853 5638 τότε
2897 5584 2985 5640 καί
3041 5583 3274 5658 μάλιστα
3306 5583 3481 5640 πάντᾶ
3509 5596 3628 5646 τοῖς
3663 5581 3857 5659 δεομέ-

2206 5694 2316 5738 νοις
2362 5669 2708 5742 ἒξηντληκὼς
2771 5673 2862 5739 ἦν.
2926 5669 3084 5732 ’Ἐδει
3134 5671 3188 5730 δὲ
3251 5676 3392 5750 αὒτῷ
3420 5672 3682 5734 πλειόνων
3738 5671 3857 5734 ἀναι
