4148 6410
376 318 500 382 717

1299 345 1305 349 ·
1343 321 1531 390 VITA
1576 325 1636 388 S.
1685 325 2077 390 MARCELLI
2116 327 2813 398 ABGHIMANDRITIE.

3644 350 3764 419 718

377 456 675 538 λωματων,
736 457 822 514 καὶ
897 457 1130 532 μάλιστα
1189 459 1320 540 πρὸς
1380 463 1630 520 τοσοῦτον
1683 460 1892 552 πλῆθος,
1935 461 2034 518 ἆν-

2124 459 2177 552 ei
2208 478 2360 542 opus
2391 461 2663 542 pluribus
2686 467 3041 552 sumptibus,
3066 477 3124 535 et
3152 477 3413 541 maxime
3442 481 3517 544 ad
3542 487 3765 546 tantam

378 544 542 624 δρῶν,
591 545 827 622 Ἔμελλε
889 545 943 603 δὲ
1004 545 1103 628 ἄρα
1155 556 1232 624 τῷ
1305 557 1420 625 Θεῷ
1476 557 1664 632 ταῦτα,
1714 553 1801 609 καὶ
1858 551 2036 632 ὥσπερ

379 635 572 693 εἴωθεν
634 637 708 701 εἰς
777 627 1050 716 ἀφθονίαν
1097 639 1158 695 τὸ
1231 645 1452 718 πρᾶγμα
1515 627 1853 709 καθίστησιν,
1937 627 2036 698 Ἠν

374 726 481 804 γάρ
559 747 636 792 τις
716 727 1000 805 Φαρέτριος
1070 726 1282 808 ἄριστος
1354 728 1405 795 ἐξ
1476 730 1701 808 ἀρίστων
1772 732 1859 789 καὶ
1928 731 2033 807 βα-

372 815 465 871 θεῖ
525 814 740 890 πλούνῳ
815 822 1018 894 κομῶν,
1097 817 1261 882 Οὗτος
1315 821 1405 876 οὖν
1457 817 1638 897 δριμύν
1689 842 1806 878 τινα
1863 819 2033 900 ἔρωτα

371 909 474 971 τῆς
534 906 670 962 κατὰ
721 907 851 963 Θεὸν
908 904 1173 978 ὠδινήσας
1231 907 1565 988 φιλοσοφίας,
1617 911 1706 967 καὶ
1773 912 1862 968 τὸν
1925 932 2029 967 πο-

371 993 468 1051 λὺν
529 994 737 1053 ἐκεῖνον
793 995 1046 1072 πλοῦτον,
1107 999 1200 1054 καί
1260 1001 1379 1065 τοὺς
1465 997 1662 1065 παῖδας
1734 999 1809 1056 ἔτι
1882 999 2028 1064 νέους

370 1083 533 1150 ὄντας
621 1084 736 1161 μεθ’
811 1087 998 1144 ἑαυτοῦ
1075 1087 1526 1168 συμπαραλαϐὼν,
1593 1088 1810 1170 ἔρχεται
1896 1091 2028 1170 πρὸς

371 1174 710 1254 Μάρκελλον,
759 1177 844 1233 καὶ
902 1177 1075 1234 πάντα
1134 1180 1268 1253 ὁμοῦ
1328 1180 1524 1238 καὶτὰ
1595 1181 1880 1260 χρήματα,
1940 1181 2026 1236 καὶ

369 1265 440 1321 τὰ
495 1264 656 1321 τέκνα
711 1266 799 1322 καὶ
853 1267 1037 1323 ἑαυτὸν
1090 1268 1330 1344 καθιεροῖ
1386 1275 1462 1342 τῷ
1507 1273 1644 1343 Θεῷ⁶
1693 1269 1878 1325 ἕαυτὸν
1929 1269 2026 1343 μὲν

373 1355 465 1410 καὶ
523 1354 644 1418 τοὺς
703 1354 843 1417 υἱοὺς
904 1356 1003 1423 τὴν
1071 1357 1212 1436 ἱερὰν
1275 1354 1488 1420 ἐνδύσας
1535 1364 1640 1414 τῶν
1691 1357 2029 1434 μοναζόντων

375 1441 600 1516 στολὴν,
633 1442 768 1520 ῥέειν
827 1444 881 1499 δὲ
939 1444 1134 1521 τρέψας
1188 1447 1277 1503 τὸν
1314 1445 1540 1504 πλοῦτον
1574 1449 1646 1513 εἷς
1691 1448 1755 1504 τὰ
1788 1449 1863 1522 τῷ
1920 1471 2028 1524 μο-

378 1533 647 1610 ναστηρίῳ
703 1533 970 1613 χρήσιμα.
1028 1536 1126 1591 Καὶ
1183 1541 1366 1613 πρῶτα
1439 1537 1537 1612 μὲν
1590 1539 1680 1594 τὸν
1741 1539 1877 1617 ἱερὸν
1935 1543 2033 1605 τῆς

378 1623 689 1702 προσευχῆς
747 1622 904 1679 οἶκον
956 1625 1224 1702 εὐρύτερόν
1269 1645 1325 1680 τε
1383 1624 1566 1691 αὒτότς
1619 1629 1702 1684 καὶ
1762 1628 2034 1706 μετεωρό-

378 1732 554 1790 τερον,
601 1712 689 1768 καὶ
718 1713 792 1776 ὡς
852 1721 936 1770 νῦν
975 1710 1117 1794 ἔχει,
1153 1714 1598 1796 κατεσκευάσατο,
1633 1713 1715 1794 ἐφ’
1765 1719 1808 1790 ᾧ
1853 1715 2032 1788 πλήθη

381 1823 439 1857 τε
492 1799 669 1857 πολλὰ
697 1799 1070 1882 σκλλέγεσθαι,
1127 1805 1216 1860 καὶ
1260 1801 1385 1883 δίχα
1440 1806 1798 1886 στενοχωρίας
1832 1808 1894 1862 τὸ
1942 1816 2034 1866 τοῦ

390 1898 512 1948 Θεοῦ
569 1889 719 1970 ἔργον
776 1890 975 1948 ἀνύειν·
1039 1892 1221 1948 ἔπειτα
1250 1894 1315 1949 τὰ
1367 1892 1526 1951 λοιπὰ
1577 1896 1771 1970 πάντα,
1799 1897 1894 1960 τὰς
1925 1901 2031 1953 τῶν

382 1978 616 2061 ἀδελφῶν
689 1981 880 2056 οἰκίας,
941 1982 1066 2047 τοὺς
1124 1980 1412 2062 ἀνδρῶνας.
1477 1983 1592 2041 ὅσοι
1646 2006 1703 2041 τε
1759 1986 1846 2042 καὶ
1905 1989 2028 2052 τοὺς

376 2068 574 2146 ξένους,
635 2069 750 2128 ὅσοι
802 2071 924 2136 τοὺς
1002 2079 1284 2137 νοσοῦντας
1356 2070 1629 2154 ἐδέχοντο·
1710 2075 1798 2131 καὶ
1842 2073 2026 2140 ἁπλῶς

375 2159 472 2236 μὲν
541 2166 648 2217 τῶν
712 2160 881 2218 οἴκων
937 2161 1311 2228 πεπονηκότας
1381 2163 1734 2244 ἀνενεώσατο,
1783 2165 1903 2231 τοῦς
1970 2163 2023 2221 δὲ

374 2249 464 2306 καὶ
522 2250 675 2312 αὐτὸς
709 2248 1000 2330 φιλοτίμως
1053 2251 1322 2331 ἀνήγειρε,
1372 2254 1459 2308 καὶ
1493 2258 1598 2308 τῶν
1655 2253 1831 2312 ἄλλων
1890 2254 2032 2312 πάν-

374 2361 480 2394 των
530 2338 628 2394 ὅσα
658 2359 718 2417 γε
760 2338 1061 2412 τηλικούτῳ
1111 2341 1210 2418 βίῳ
1275 2339 1377 2397 ἔδει
1424 2343 1670 2422 ἀφθονίαν
1702 2343 2029 2424 παρέσχετο.

455 2427 540 2485 Il"
555 2471 568 2488 .
605 2428 748 2508 Εἶχε
781 2430 876 2503 μὲν
909 2428 1046 2486 οὕτω
1076 2436 1263 2488 ταῦτα·
1299 2430 1532 2489 ἐπεδίδου
1561 2429 1616 2488 δὲ
1651 2435 1739 2490 καὶ
1769 2434 1846 2509 τῷ
1879 2441 2031 2512 Μαρ-

377 2516 555 2592 κέλλῳ
600 2517 718 2575 καθ’
780 2517 1009 2588 ἑκάστην
1068 2522 1102 2590 ἡ
1143 2523 1368 2598 ποίμνῆ,
1415 2522 1502 2578 καὶ
1559 2520 1801 2590 ηὔξανεν.
1866 2522 2034 2581 Εἷλκε

382 2608 483 2686 γὰρ
534 2608 709 2668 πάντα
766 2610 799 2676 ἡ
868 2610 1070 2667 ἑκείνου
1133 2612 1339 2689 σειρήν·
1399 2609 1559 2690 λόγος
1629 2611 1754 2680 ἡδὺς
1826 2635 2032 2689 συνημ-

384 2697 573 2772 μένους
631 2699 730 2775 βίῳ
773 2700 1153 2779 καθαρωτάτῳ.
1206 2701 1311 2758 Καΐ
1345 2700 1525 2776 μέντοι
1581 2702 1670 2758 καὶ
1701 2699 1834 2766 ἅλας
1891 2705 2035 2760 θεῖον

381 2789 443 2843 τὸ
500 2785 589 2844 ὑπ’
657 2787 816 2847 κῦτὸν
892 2789 1137 2865 ποίμνιον
1196 2790 1513 2868 γεγενῆσθαι
1574 2793 1884 2872 πιστεύσας,
1947 2794 2035 2849 καὶ

382 2876 505 2940 τοῖς
558 2875 739 2942 ἄλλοις
798 2877 1131 2952 μεταδιδόναι
1178 2885 1273 2947 τῆς
1305 2880 1444 2944 θείας
1496 2879 1676 2956 ἅλμης
1707 2883 1796 2938 καὶ
1838 2880 2031 2948 ἡδονῆς

391 2966 575 3030 αὖτοὺς
615 2966 845 3043 ἔπεμψε.
909 2969 1004 3025 Καὶ
1058 2967 1116 3024 ὅν
1160 2990 1285 3049 φασι
1348 2967 1540 3048 τρόπον
1602 2967 1662 3026 ἐκ
1716 2975 1816 3038 τῆς
1862 2971 2034 3049 μεγά-

384 3053 487 3119 λης
562 3053 718 3126 Ἐδὲμ
776 3057 897 3122 τοὺς
958 3057 1219 3136 τέσσαρας
1304 3057 1676 3134 ἐκπορεύεσθαι
1736 3060 2030 3136 ποταμοὺς,

2119 549 2380 613 virorum
2415 549 2887 622 multitudinem.
2941 549 3209 626 Fuerunt
3237 575 3433 632 autem
3487 571 3616 634 haec
3646 571 3768 635 Deo

2120 656 2299 719 curze,
2346 647 2404 702 et
2459 660 2614 720 rem,
2664 651 2728 707 ut
2784 648 2956 726 solet,
3013 654 3270 718 traducit
3318 657 3766 724 abundantiam.

2118 727 2259 833 Erat
2290 729 2711 833 enimquidem
2746 737 3380 833 Pharetrius,optimus
3399 767 3472 812 ex
3503 751 3768 833 optimis,

2118 823 2175 877 et
2207 816 2380 918 longe
2417 819 2767 890 ditissimus.
2802 825 2856 889 Is
2885 847 3023 893 cum
3054 816 3252 897 acrem
3286 816 3607 918 quemdam
3632 816 3769 904 con:

2115 906 2373 1010 cepisset
2423 927 2688 974 amorem
2721 917 3039 1010 ej_us_,‘quae
3087 930 3178 985 est
3209 944 3280 988 ex
3301 906 3460 1005 -Deo,
3499 930 3771 1010 philoso-

2114 995 2524 1094 phife_,_secum
2555 995 2818 1086 acceptis
2847 995 2965 1070 illis
3023 1011 3147 1074 suis
3179 995 3518 1094 ingentibus
3549 1019 3770 1083 divitiis

2113 1092 2171 1176 et
2203 1084 2340 1176 ﬁliis
2373 1087 2568 1153 adhuc
2593 1084 2840 1176 teneris,
2873 1100 3031 1162 venit
3054 1101 3127 1164 ad
3157 1084 3524 1172 Marcellum:
3555 1116 3615 1171 et
3645 1127 3771 1171 om-

2113 1173 2210 1234 nia
2239 1174 2442 1252 simul,
2468 1197 2683 1262 nempe
2705 1191 2762 1244 et
2795 1173 3099 1266 pecunias,
3121 1201 3182 1253 et
3209 1193 3384 1272 ﬁlios,
3413 1203 3470 1257 et
3499 1197 3765 1278 seipsum

2111 1263 2233 1324 Deo
2265 1277 2576 1330 consecrat
2605 1291 2618 1332 :
2656 1263 2921 1354 seipsum
2945 1263 3187 1358 quidem
3209 1291 3268 1344 et
3291 1263 3446 1348 ﬁlios
3472 1263 3762 1349 sacrave-

2109 1359 2201 1413 ste
2223 1354 2479 1417 induens
2522 1363 2868 1442 monastica,
2908 1354 3053 1446 opes
3084 1378 3282 1434 autem
3315 1385 3669 1438 convertens
3689 1377 3767 1438 ad

2113 1458 2285 1503 usum
2311 1450 2685 1512 monasterii.
2718 1449 2791 1513 Et
2835 1455 3092 1534 primum
3125 1460 3370 1540 quidem
3395 1481 3624 1526 sacram
3649 1465 3762 1527 do-

2119 1548 2281 1592 mum
2315 1535 2600 1601 orationis
2631 1539 2718 1602 eis
2751 1552 2810 1604 et
2838 1535 3226 1627 latioremfet
3257 1552 3671 1635 excelsiorem,
3708 1559 3768 1617 et

2117 1620 2196 1684 ita
2227 1630 2290 1684 ut
2314 1644 2475 1690 nunc
2504 1647 2568 1692 se
2598 1631 2798 1710 habet,
2833 1620 3163 1703 construxit
3195 1662 3209 1702 :
3267 1622 3421 1706 utet
3451 1620 3766 1708 multitudo

2117 1711 2518 1795 colligeretur,
2556 1727 2614 1781 et
2662 1721 2725 1783 in
2759 1725 2952 1788 nullas
2988 1729 3229 1793 redacta
3261 1734 3585 1812 angustias,
3619 1751 3768 1815 opus

2118 1802 2552 1893 Deiperageret.
2582 1812 2800 1874 Deinde
2820 1820 3042 1892 reliqua
3067 1802 3526 1891 omniaJratrum
3545 1802 3765 1893 domos.

2116 1890 2442 1969 andrones,
2474 1902 2590 1956 tam
2624 1899 2726 1980 qui
2759 1890 3130 1984 peregrinos,
3167 1926 3346 1988 quam
3381 1910 3483 1992 qui
3513 1919 3767 1990 aegrotos

2115 1981 2492 2082 excipiebant
2516 2002 2530 2048 :
2555 1993 2614 2048 et
2632 1989 2706 2051 ad
2743 1981 3314 2077 summam,diomos,
3347 1981 3492 2063 alias
3527 1981 3767 2082 quidem

2111 2086 2243 2149 quae
2267 2069 2616 2140 laborabant
2647 2087 2705 2140 et
2732 2081 2965 2145 ruinam
3001 2069 3402 2165 minabantur,
3425 2069 3762 2170 renovavit;

2108 2159 2252 2221 alias
2311 2169 2506 2225 autem
2541 2169 2858 2247 magniﬁce
2903 2175 3220 2256 excitavit;
3253 2185 3312 2240 et
3338 2159 3592 2243 aliorum
3637 2199 3763 2242 om-

2117 2249 2306 2351 nium,
2341 2271 2472 2351 quae
2507 2255 2850 2335 hujusmodi
2878 2263 3008 2327 vitae
3035 2249 3344 2330 communi
3392 2288 3542 2350 opus
3570 2278 3760 2351 erant,

2117 2338 2371 2418 praebuit
2399 2341 2846 2413 abundantiam.

2197 2426 2351 2531 xu}.
2383 2429 2522 2531 Haec
2551 2436 2792 2531 quidem
2823 2440 2903 2531 ita
2947 2459 3014 2505 se
3042 2441 3377 2512 habebant:
3411 2467 3626 2531 magno
3654 2471 3765 2517 au-

2118 2524 2240 2618 tem
2259 2517 2533 2619 Marcello
2553 2543 2700 2604 grex
2725 2528 2784 2589 in
2807 2528 2934 2592 dies
2964 2534 3365 2614 crescebat,et
3381 2517 3767 2619 augmentum

2117 2606 2466 2687 accipiebat.
2507 2615 2738 2712 _Omnes
2784 2620 2943 2712 enim
2991 2606 3324 2690 attrahebat
3371 2606 3531 2692 illius
3575 2631 3764 2712 siren,

2121 2714 2336 2779 nempe
2359 2701 2556 2765 suavis
2579 2707 3118 2790 oratio,conjuncta
3139 2733 3274 2778 cum
3291 2719 3403 2781 vita
3426 2701 3764 2802 purissima:

2119 2787 2300 2848 Porro
2336 2800 2532 2853 autem
2561 2810 2698 2857 cum
2729 2787 3266 2870 etiamvcredidisset
3295 2787 3475 2873 solem
3506 2815 3766 2876 divinum

2119 2893 2251 2979 esse
2276 2876 2803 2979 factumneum,qui
2835 2888 2890 2950 ei
2921 2892 3187 2974 parebat,
3216 2915 3476 2979 gregem,
3503 2919 3604 2964 eos
3635 2902 3766 2965 mit-

2119 2965 2297 3070 tebat,
2344 2975 2408 3029 ut
2464 2970 2612 3070 alios
2658 2993 2892 3070 quoque
2921 2965 3136 3044 'divino
3171 2965 3678 3070 'salevimplerent
3708 3002 3767 3056 et

2117 3055 2433 3157 voluptate.
2490 3062 2560 3122 Et
2588 3065 2888 3157 quomodo
2931 3086 3003 3130 ex
3053 3089 3265 3152 magna
3291 3055 3462 3139 Eden
3509 3089 3767 3157 quatuor

381 3143 519 3201 οὕτω
560 3143 624 3212 δὴ
669 3147 757 3202 καὶ
811 3146 870 3204 ἐκ
925 3149 1022 3214 τῆς
1081 3146 1394 3227 Μαρκέλλου
1454 3152 1657 3218 σκηνῆς
1701 3147 1892 3226 ἤρξατο
1949 3147 2036 3205 διὰ

2124 3145 2323 3236 dicunt
2380 3165 2625 3213 manare
2657 3153 2890 3236 ﬂuvios,
2923 3157 3004 3220 ita
3053 3143 3229 3224 etiam
3254 3210 3260 3214 .
3283 3183 3353 3228 ex
3383 3143 3641 3233 Marcelli
3671 3178 3765 3233 ta-

377 3235 555 3302 πάσης
631 3233 828 3315 σχεδὸν
883 3239 985 3306 τῆς
1047 3212 1363 3314 οἰκουμένης
1423 3242 1745 3318 προχεῖσθαι
1797 3239 2035 3325 ⁸καθειρὸν

2124 3233 2442 3300 bernaculo
2474 3246 2650 3322 cuspit
2681 3262 2789 3324 per
2819 3212 3162 3313 universum
3192 3253 3320 3318 fere
3349 3257 3556 3322 orbem
3595 3268 3768 3325 terras

378 3326 464 3380 καὶ
540 3323 757 3392 ἥδιστον
814 3327 906 3383 καὶ
965 3327 1227 3405 σωνήριον
1307 3333 1471 3408 νᾶμα,
1547 3330 1580 3397 ἡ
1652 3323 2029 3408 ἀκριϐεστάτη,

2124 3326 2399 3405 profundi
2457 3323 2695 3410 purum
2728 3342 2788 3397 et
2835 3336 3339 3416 jucundissimum
3391 3357 3450 3410 et
3506 3323 3768 3416 salutare

377 3415 535 3493 φημὶ,
596 3419 696 3482 τῆς
770 3415 970 3472 ἐκείνου
1025 3415 1298 3522 πολιτείας
1344 3420 1598 3522 μίμησις.
1662 3415 1782 3522 ’Ίὲτι
1854 3416 1908 3474 δὲ
1952 3422 2034 3522 οἷς

2124 3417 2431 3499 ﬁuentum,
2469 3421 2590 3496 illa,
2613 3415 2879 3505 inquam,
2901 3432 3347 3498 accuratissima
3372 3439 3666 3522 vitae,quaa
3693 3443 3768 3504 ab

375 3505 461 3558 καὶ
518 3507 617 3572 τῆς
682 3503 981 3581 ἀκοιμήτου
1038 3511 1147 3562 τῶν
1205 3505 1316 3564 ἅνω
1388 3505 1662 3583 δυνάμεων
1706 3506 2033 3587 λειτουργίας

2124 3526 2185 3568 eo
2229 3513 2524 3584 agebatur.
2561 3503 2821 3577 imitatio.
2854 3520 3128 3584 Praeterea
3163 3537 3354 3587 autem
3384 3503 3767 3605 superbarum

379 3595 406 3648 ὁ
473 3591 662 3669 ζῆλος,
724 3593 962 3652 ἐντεῦθεν
1021 3595 1121 3663 τὴν
1166 3595 1347 3678 ἀρχὴν
1415 3595 1593 3653 λαϐὼν
1662 3597 1750 3654 καὶ
1797 3596 1884 3654 ἐπὶ
1938 3598 2038 3664 τὴν

379 3682 600 3759 πρώτην
629 3684 721 3740 όκε
767 3685 852 3741 καὶ
911 3683 1347 3761 βασιλικωτάτην
1399 3684 1638 3750 πόλεων,
1673 3685 1900 3744 Ἔπειτα
1952 3688 2039 3743 καὶ

385 3775 457 3836 εἷς
533 3773 743 3852 ἑτέρους
803 3771 1060 3832 διέϐαινεν
1114 3773 1148 3842 ἤ
1205 3777 1432 3852 μίμησις
1492 3776 1709 3840 τόπους.
1787 3776 1885 3834 Καὶ
1927 3775 2040 3832 εἴτε

383 3886 462 3928 τις
505 3864 639 3926 νεὼς
685 3862 870 3920 ἂνίστα
944 3864 980 3932 ἢ
1039 3863 1436 3945 φροντιστήρια,
1506 3863 1618 3922 εἴτε
1684 3888 1735 3922 τι
1781 3867 1866 3922 καὶ
1909 3864 2041 3923 ἄλλο

385 3954 492 4012 τῶν
549 3955 705 4033 ἱερῶν
763 3951 1014 4033 ἔπραττε,
1057 3955 1200 4033 παρὰ
1259 3953 1569 4035 Μαρκέλλου
1618 3956 1700 4012 καὶ
1754 3955 1877 4021 τόὺς
1916 3955 2040 4012 ἐπι-

387 4042 628 4120 μελητας
689 4044 779 4102 καὶ
825 4044 947 4109 τοὺς
990 4045 1260 4123 ἡγεμόνας
1303 4042 1621 4120 ἐλάμϐανεν.
1668 4043 1844 4109 Οὕτως
1889 4045 2042 4103 ἐκελε-

389 4156 480 4197 νος
539 4135 855 4214 ἁπανταχοῦ
905 4133 1002 4191 καῖ
1062 4135 1476 4214 φροντιστηρίων
1519 4136 1607 4192 καὶ
1660 4137 1812 4212 ἱερῶν
1868 4138 2042 4202 κοινὸς

396 4225 628 4292 οἰκιστὴς
685 4221 776 4280 δεὰ
820 4229 926 4280 τῶν
984 4225 1174 4282 ἑαυτοῦ
1215 4229 1491 4300 μαθητῶν,
1553 4226 1640 4283 καὶ
1694 4227 1864 4291 κοινὸς
1917 4226 2042 4283 ἐπι-

393 4310 632 4389 μελητὴς
672 4314 898 4394 ἐγὶνετο,
965 4313 1271 4372 Ἐπείθοντο
1328 4315 1428 4394 γὰρ
1471 4316 1518 4372 οἱ
1551 4321 1714 4373 ταῦτα
1744 4319 1870 4395 παρ’
1900 4316 2041 4373 ὲκεί-

389 4427 482 4460 νου
524 4409 800 4473 ζητοῦντες
849 4408 909 4464 οὒ
951 4403 1114 4481 μόνον
1171 4404 1268 4472 τῆς
1324 4405 1526 4462 ἐκείνου
1582 4403 1820 4470 παιδείας
1874 4427 2042 4482 μετα-

385 4491 598 4575 λαϐεῖν,
630 4493 767 4552 ἀλλὰ
797 4497 885 4552 καὶ
945 4517 1067 4552 τινα
1097 4496 1260 4576 χάριν
1318 4497 1405 4552 καὶ
1453 4495 1717 4575 ἀγιασμὸν
1780 4495 1848 4552 δι’
1901 4497 2041 4554 ἐκεί-

2124 3604 2462 3668 potestatum
2492 3602 2817 3670 ministerii,
2841 3608 2996 3679 quod
3025 3611 3182 3670 nullo
3214 3629 3418 3675 somno
3455 3602 3769 3678 interrum-

2125 3682 2306 3763 pitur,
2336 3684 2520 3766 zelus,
2553 3705 2687 3748 cum
2721 3690 2855 3755 hinc
2886 3695 3166 3775 coepisset
3211 3700 3470 3781 initium,
3506 3708 3665 3767 venit
3691 3706 3768 3769 ad

2126 3777 2376 3879 primam
2397 3779 2703 3879 eturbiu-m
2727 3783 3021 3879 reginam.
3050 3789 3278 3854 Deinde
3300 3793 3374 3856 ad
3399 3777 3513 3857 alia
3529 3815 3768 3879 quoque

2125 3864 2256 3928 loca
2287 3868 2516 3928 transiit
2546 3869 2816 3934 imitatio.
2845 3876 2925 3966 _Et
2947 3876 3068 3939 sive
3087 3881 3219 3960 quis
3240 3884 3460 3966 templa
3487 3864 3764 3951 exstrue-

2126 3956 2245 4036 bat,
2273 3965 2376 4019 aut
2406 3963 2786 4043 monasteria,
2811 3962 2935 4026 sive
2963 3956 3188 4048 aliquid
3218 3956 3382 4034 aliud
3413 3993 3647 4038 sacrum
3671 3977 3765 4040 fa-

2126 4045 2386 4138 ciebat,a
2408 4048 2684 4111 Marcello
2712 4057 2884 4113 etiam
2909 4045 3565 4138 accipiebatcuratores
3586 4075 3644 4130 et
3660 4068 3768 4130 du-

2127 4155 2249 4200 ces.
2277 4136 2377 4199 Sic
2406 4140 2902 4204 monasteriorum
2949 4153 3010 4206 et
3040 4136 3420 4235 templorum,
3452 4174 3581 4236 quas
3604 4168 3775 4222 erant

2124 4226 2370 4308 ubique,
2397 4245 2505 4307 per
2534 4247 2676 4292 suos
2724 4231 3050 4314 discipulos
3077 4226 3418 4305 communis
3433 4226 3774 4311 exstructor

2126 4316 2257 4393 fuit,
2283 4326 2342 4379 et
2363 4321 2702 4382 communis
2723 4331 2980 4388 curator.
3009 4327 3361 4394 Persuasum
3388 4334 3547 4396 enim
3579 4335 3772 4399 habe-

2126 4405 2431 4501 bant,_qui
2482 4407 2606 4501 haec
2654 4409 2727 4501 ab
2759 4409 2864 4473 illo
2913 4416 3284 4501 quaerebant,
3314 4439 3433 4484 non
3462 4424 3654 4486 solum
3705 4443 3772 4490 se

2126 4495 2255 4559 fore
2303 4494 2467 4596 illius
2498 4496 2782 4562 doctrinae
2813 4505 3154 4596 participes,
3188 4494 3294 4570 sed
3347 4512 3521 4574 etiam
3555 4533 3773 4596 quam-

385 4606 477 4640 νου
549 4565 646 4640 καί
715 4587 852 4666 πρὸς
926 4586 1113 4652 αὐτοὺς
1197 4586 1521 4661 ἐλεύσεσθαι,
1586 4586 1765 4668 ὥσπερ
1823 4589 1870 4644 οἱ
1939 4594 2036 4645 τῶν

2132 4587 2268 4648 dam
2297 4587 2543 4666 gratiam
2577 4596 2638 4650 et
2684 4565 3214 4660 sanctiﬁcati'on‘em
3226 4565 3324 4661 ab
3350 4565 3668 4666 illdeti‘am
3693 4565 3775 4668 ad

385 4675 540 4752 ἱερῶν
615 4672 817 4735 ὑδάτων
901 4673 1427 4753 μεναλαμϐάνοντες.
1490 4668 1548 4734 Ὀ
1616 4675 1670 4732 δὲ
1729 4679 1816 4734 καὶ
1885 4687 2048 4740 ταῦτα

389 4762 660 4839 πράττων,
694 4761 836 4834 λύπη
880 4765 969 4820 καὶ
1011 4766 1178 4842 ἣδονῇ
1223 4765 1324 4831 τὴν
1367 4765 1550 4845 ψυχὴν
1595 4764 1883 4843 ἐμερίζετο.
1939 4767 2047 4824 Οἷα

387 4852 484 4928 μέν
523 4854 625 4932 γὰρ
683 4853 938 4931 φιλόπαις
990 4857 1170 4933 πατὴρ
1224 4856 1331 4911 τῶν
1387 4855 1588 4913 τέιινων
1647 4857 2047 4936 ἀφαιρουμένων

389 4941 534 5017 αὒτῷ
563 4940 818 5023 λυπηρῶς
875 4944 1060 5025 εἶχεν,
1093 4947 1185 5001 οἷα
1217 4942 1272 5000 δὲ
1303 4943 1518 5002 πολλῶν
1575 4945 1756 5024 σωτὴρ
1786 4948 1929 5012 αὖθις
1959 4949 2048 5004 καὶ

390 5033 571 5090 κοινὸν
629 5029 821 5112 ὄφελος
894 5031 962 5090 δι’
1021 5035 1234 5093 ἐκείνων
1292 5037 1603 5115 γενόμενος,
1656 5036 1862 5116 χαίρων
1931 5035 2047 5102 ἐξέσ-

391 5142 598 5198 πεμπε,
657 5124 823 5181 ταῦτά
883 5144 940 5181 τε
979 5125 1071 5182 καί
1129 5124 1208 5182 ὅτι
1270 5129 1318 5183 οἱ
1357 5126 1454 5203 μέν
1499 5124 1697 5182 ἐκείνου
1740 5127 1875 5184 κατὰ
1919 5128 2048 5184 Θεὸν

391 5210 584 5278 παῖδες
648 5211 828 5270 ἄλλων
871 5213 1117 5294 πατέρες,
1154 5215 1219 5270 τὰ
1275 5213 1330 5271 δὲ
1389 5213 1516 5294 παρ’
1575 5217 1720 5290 αὖτῷ
1775 5215 2049 5296 θρέμματα

391 5303 646 5382 ποιμένες
676 5301 856 5362 ἄλλων
902 5304 1210 5385 γεγόνασιν.

471 5487 588 5550 IA'.
639 5488 714 5546 Οὔ
742 5488 851 5563 μὴν
894 5487 1059 5553 οὕτως
1087 5487 1274 5554 ἁπλῶς
1331 5491 1452 5556 τοῦς
1481 5490 1738 5571 φοιτητάς
1787 5489 2044 5571 ἔπεμπεν,

388 5575 532 5636 ἀλλὰ
577 5578 836 5658 πρότερον
887 5577 1115 5644 πολλοῖς
1183 5579 1370 5644 αὐτοῖς
1416 5579 1897 5661 διασφαλισάμενος
1947 5579 2046 5637 λό-

389 5691 530 5751 γοις,
579 5669 823 5750 μάρτυρά
875 5689 934 5727 τε
987 5670 1079 5727 τὸν
1136 5671 1267 5730 Θεὸν
1324 5669 1409 5729 ἐπ’
1454 5675 1635 5735 αὐτοῖς
1667 5669 1897 5738 καλέσας
1929 5694 2046 5750 μη-

2130 4695 2232 4739 eos
2283 4695 2416 4739 esse
2445 4687 2772 4758 venturam,
2802 4684 3102 4763 quomodo
3151 4691 3250 4770 qui
3281 4701 3420 4754 sunt
3469 4711 3774 4758 sacrarum

2128 4783 2414 4847 aquarum
2437 4768 2784 4863 participes.
2813 4770 2880 4832 Ei
2913 4791 3074 4856 vero,
3097 4768 3230 4840 cum
3265 4780 3391 4843 haec
3411 4792 3636 4863 ageret,
3663 4786 3776 4848 do-

2127 4855 2258 4918 lore
2279 4865 2336 4918 et
2357 4857 2660 4957 voluptate
2681 4862 3122 4957 distrahebatur
3139 4869 3393 4936 animus.
3418 4855 3570 4938 Nam
3594 4855 3658 4937 ut
3682 4895 3780 4957 pa-

2133 4953 2226 5008 ter
2242 4964 2450 5009 amans
2471 4947 2756 5041 ﬁliorum,
2779 4969 2912 5013 cum
2945 4955 2994 5017 si
3015 4957 3390 5024 auferrentur
3409 4963 3542 5041 ﬁlii,
3570 4947 3780 5030 dolore

2130 5035 2517 5134 afﬁciebatur.
2540 5035 2628 5134 _U_t
2656 5059 2756 5120 qui
2781 5050 2978 5106 autem
3021 5058 3303 5134 servator
3337 5035 3684 5134 multorum,
3717 5063 3780 5120 et

2134 5144 2243 5208 per
2270 5126 2404 5189 illos
2436 5127 2636 5190 multis
2692 5140 2848 5194 esset
2901 5133 3086 5213 utilis,
3148 5137 3320 5203 laetus
3374 5161 3479 5207 eos
3536 5126 3780 5210 emitte-

2135 5215 2236 5311 bat
2267 5238 2286 5280 :
2337 5218 2708 5311 turn-etiam,
2742 5222 2900 5302 quod
2949 5224 3111 5290 illius
3159 5229 3402 5311 quidem
3455 5236 3781 5300 secandum

2133 5303 2324 5370 Deum
2378 5307 2509 5385 ﬁlii,
2543 5309 2795 5407 aliorum
2827 5320 3026 5394 patres
3059 5337 3074 5381 :
3129 5303 3337 5384 eorum
3367 5334 3564 5389 autem
3613 5345 3782 5407 oves,

2128 5395 2372 5461 fuerunt
2399 5405 2663 5478 pastores
2691 5400 2970 5480 aliorum,

2211 5484 2363 5550 XIV.
2395 5486 2604 5568 Neque
2638 5498 2835 5555 tamen
2868 5503 3100 5561 temere
3138 5517 3206 5561 ac
3236 5500 3446 5565 leviter
3473 5503 3787 5570 emittebat

2131 5577 2487 5659 discipulos,
2514 5579 2620 5642 sed
2652 5599 2787 5644 cum
2817 5602 2922 5646 eos
2944 5587 3110 5668 prius
3143 5590 3344 5653 multis
3373 5593 3788 5659 conﬁrmasset

2128 5669 2535 5753 sermonibus,
2572 5678 2633 5736 et
2680 5671 2870 5738 Deum
2923 5683 3138 5742 testem
3185 5679 3249 5745 in
3281 5698 3382 5747 eos
3430 5687 3787 5794 invocasset.
