4066 6396
422 339 543 408 ’719

1722 336 2003 402 MENSIS
2050 334 2484 400 DECEMBER.

3686 326 3808 397 720

426 476 585 559 quod
629 495 827 559 neque
856 495 1054 540 mores
1104 476 1523 558 dissolverent,
1556 494 1751 557 neque
1799 471 2061 536 habitum

2151 473 2236 530 δεν
2294 474 2329 542 ἢ
2374 474 2465 531 τοῧ
2520 471 2666 537 ἔθους
2697 471 3020 552 παραλῦσαι,
3053 470 3089 540 ἢ
3118 471 3208 528 τοῦ
3245 493 3271 527 σ
3284 471 3534 551 λήματος
3567 470 3805 552 διαφθεῖ-

424 573 745 642 mutarent,
767 586 879 630 nec
901 568 975 630 de
1004 575 1276 629 accurata
1306 585 1377 629 ac
1409 566 1670 647 perfecta
1695 564 1929 627 vivendi
1960 582 2061 625 ra-

422 656 589 720 tione
635 656 856 738 aliquid
907 657 1297 733 remitterent,
1329 658 1435 719 sed
1486 655 1660 718 etilli
1707 672 1925 729 mores,
1964 657 2063 734 qui

421 753 594 808 erant
619 746 692 808 ab
720 746 912 821 initio,
943 754 1218 826 tanquam
1254 746 1447 825 legem
1499 754 1783 826 perpetuo
1813 760 2063 805 conser-

419 842 647 910 varent,
677 843 735 897 et
764 835 1017 897 maxime
1047 834 1358 898 concinnae
1389 841 1449 898 et
1480 852 1587 915 per
1610 833 1813 896 omnia
1837 833 2065 914 optime

423 927 765 1006 compositae
795 925 1028 987 vivendi
1056 925 1289 1005 formae,
1320 924 1453 988 aliis
1486 943 1681 986 causae
1709 929 1936 988 essent.
1970 921 2062 984 Illi

420 1020 640 1087 autem,
667 1032 799 1094 quae
817 1012 889 1076 ab
913 1012 1013 1076 illo
1026 1023 1386 1094 acceperant
1409 1032 1658 1076 munera
1683 1023 1739 1075 et
1764 1012 2061 1089 mandata,

419 1110 536 1164 tam
569 1102 818 1183 pulchre
847 1112 1302 1181 conservarunt,
1329 1113 1393 1166 ut
1424 1103 1584 1185 quod
1616 1108 1744 1184 ipse
1774 1100 1915 1180 illis,
1950 1103 2064 1163 hoc

417 1191 534 1273 ipsi
573 1192 726 1267 aliis,
761 1200 819 1255 et
844 1211 951 1273 per
979 1212 1219 1256 omnem
1251 1194 1376 1256 fere
1410 1202 1627 1256 terram
1662 1201 1723 1254 et
1752 1210 1918 1255 mare
1937 1192 2064 1253 haec

416 1281 574 1344 bona
603 1282 889 1344 sementis
917 1281 992 1344 ab
1024 1282 1112 1345 eis
1141 1283 1624 1346 distribueretur.
1650 1281 1767 1346 Sed
1800 1281 1874 1343 de
1900 1280 2065 1343 illius

415 1371 656 1452 quidem
679 1372 909 1434 vivendi
925 1372 1179 1448 ratione,
1201 1380 1263 1436 et
1293 1381 1585 1454 praeterea
1607 1372 1683 1434 de
1697 1372 1750 1452 ej
1762 1390 1826 1432 us
1848 1371 2066 1450 insigni

413 1460 604 1540 gloria
632 1468 879 1541 propter
905 1461 1207 1542 virtutem,
1236 1471 1295 1524 et
1323 1462 1481 1543 quod
1509 1461 1776 1523 omnium
1812 1461 2067 1523 maxime

415 1567 548 1611 eam
598 1549 832 1630 fugiens
890 1551 1067 1631 longe
1100 1551 1286 1631 magis
1336 1570 1458 1613 suae
1488 1550 1664 1613 famae
1719 1549 2068 1612 celebritate

414 1637 685 1720 implevit
715 1658 955 1702 omnem
990 1648 1234 1715 terram,
1272 1648 1333 1702 et
1378 1650 1664 1721 praeterea
1697 1640 1773 1701 de
1804 1640 1932 1719 ejus
1964 1657 2067 1701 so-

415 1727 617 1810 lertia,
652 1728 728 1790 de
750 1729 1137 1803 humanitate,
1158 1729 1233 1791 de
1258 1748 1461 1791 eorum
1493 1735 1595 1808 qui
1627 1729 1851 1809 ubique
1873 1736 2062 1804 erant,

2147 586 2257 643 ραι,
2320 564 2356 632 ἢ
2412 568 2513 631 σῆς
2574 560 2819 637 ἀκριϐοῦς
2877 568 2969 618 τοῦ
3037 563 3152 638 βίου
3208 564 3520 639 καθυφεῖναι
3572 560 3799 636 διαίτης,

2147 652 2268 709 ἀλλ’
2325 655 2555 717 ἐκείνους
2617 674 2674 709 τε
2723 654 2814 709 τὸν
2860 651 2910 717 ἐς
2962 652 3135 731 ἀρχῆς
3177 652 3371 727 τρόπον
3402 650 3581 727 ὥσπερ
3642 651 3805 725 νόμον

2145 740 2230 799 διὰ
2271 742 2453 809 τέλους
2483 741 2787 822 φυλάττειν,
2821 743 2908 798 καὶ
2938 756 3053 805 τοῖς
3095 739 3285 805 ἄλλοις
3318 744 3432 803 τοῖς
3465 742 3805 816 ἐμμελεστά-

2147 855 2256 897 τοις
2327 833 2526 901 ταύτης
2612 831 2902 903 πολιτείας,
2991 832 3078 887 καὶ
3163 830 3387 886 ἁπασῶν
3456 830 3809 909 ἡρμοσμένης

2148 923 2341 987 αἰτίους
2398 922 2651 1000 γίνεσθαι,
2727 924 2786 979 Οἱ
2831 920 2882 977 δὲ
2945 920 3112 985 οὕτως
3157 920 3212 975 εὖ
3273 920 3366 985 τὰς
3410 919 3535 998 παρ’
3607 920 3810 978 ἐκείνου

2147 1013 2335 1091 ἀρετὰς
2396 1012 2613 1075 καὶτὰς
2669 1009 2888 1073 ἐντολὰς
2934 1009 3164 1085 ἔσωσαν,
3197 1008 3336 1066 ὥστε
3386 1011 3413 1065 ὃ
3468 1008 3590 1088 παρ’
3651 1010 3810 1066 αὐτὸν

2148 1103 2399 1181 ἐκείνους,
2454 1108 2610 1157 τοῦτο
2665 1113 2784 1165 τοῖς
2845 1099 3028 1165 ἄλλοις
3088 1099 3274 1161 αὐτούς
3332 1104 3684 1174 καταστῆναι,
3721 1100 3813 1156 καὶ

2147 1188 2231 1246 διὰ
2274 1191 2451 1259 πάσης
2512 1197 2705 1268 μικροῦ
2742 1194 2841 1266 γῆς
2884 1188 2979 1245 καῖ
3022 1186 3292 1255 θαλάσσης
3336 1188 3426 1244 τὸν
3469 1188 3661 1264 ἀγαθὸν
3692 1197 3812 1247 τοῦ·

2148 1303 2238 1338 τοι
2296 1281 2491 1360 σπόρον
2551 1279 2640 1336 ὑπ’
2714 1280 2884 1335 αὐτῶν
2957 1276 3367 1353 διανεμηθῆναι.
3445 1275 3617 1333 Ἀλλὰ
3685 1279 3814 1355 περὶ

2149 1370 2249 1444 μὲν
2296 1370 2393 1438 τῆς
2426 1369 2627 1426 ἐκείνου
2683 1373 2824 1439 ζωῆς
2855 1369 2943 1424 καὶ
3000 1365 3299 1445 διαγωγῆς,
3331 1365 3407 1423 ἔτι
3440 1387 3497 1422 τε
3528 1371 3626 1433 τῆς
3688 1368 3814 1423 κατ’

2150 1460 2343 1538 ἄρετὴν
2398 1457 2578 1539 δόξης,
2611 1458 2701 1515 καὶ
2755 1465 2846 1514 τοῦ
2898 1458 3110 1514 πάντων
3166 1455 3397 1529 μάλιστα
3457 1457 3657 1523 ταύτην
3710 1480 3812 1535 φυ-

2150 1550 2311 1627 γόντα
2356 1546 2543 1622 πολλῷ
2604 1546 2765 1604 πλέον
2822 1552 2921 1613 τῆς
2978 1544 3103 1622 περὶ
3162 1545 3320 1601 αὐτοῦ
3375 1546 3560 1624 φήμης
3631 1549 3811 1601 πᾶσαν

2150 1637 2423 1708 ἐμπλῆσαι
2483 1637 2583 1705 τῆν
2640 1641 2761 1715 γῆν,
2812 1637 2941 1714 πρὸς
2999 1634 3205 1699 τούτοις
3262 1632 3551 1712 ἀκριϐείας,
3612 1632 3812 1713 φιλαν-

2149 1729 2404 1807 θρωπίας,
2440 1724 2747 1802 ἐπιμελείας
2804 1732 2908 1781 τῶν
2966 1724 3308 1804 ἁπανταχου,
3342 1724 3543 1780 τούτων
3593 1724 3810 1781 πάντων

415 1835 556 1881 cura
588 1826 645 1880 et
687 1817 1095 1881 sollicitudine
1128 1840 1141 1883 :
1192 1819 1267 1881 de
1296 1819 1411 1896 his,
1445 1820 1713 1900 inquam,
1760 1817 2061 1894 omnibus,

2151 1818 2248 1874 οἷα
2298 1818 2436 1898 ἴχνη
2485 1818 2603 1873 τινὰ
2661 1838 2823 1892 μονον
2855 1813 2947 1872 καί
2980 1814 3234 1892 ἐμφάσεις
3276 1816 3303 1870 ὁ
3334 1812 3495 1892 λόγος
3527 1813 3806 1893 ἐγνώρισε.

411 1908 591 1971 veluti
622 1907 893 1985 quaedam
925 1908 1376 1972 solum‘indicia
1403 1917 1467 1972 et
1494 1909 1741 1987 vestigia
1773 1906 2066 1987 signiﬁca-

409 1999 490 2061 vit
513 1998 724 2060 oratio.
758 1996 895 2062 Vult
925 2007 1120 2061 autem
1156 2017 1345 2078 pauca
1390 2017 1629 2081 quoque
1658 2017 1726 2060 ex
1764 1999 1896 2078 ejus
1947 1999 2063 2059 mi-

408 2087 629 2151 raculis
678 2088 738 2149 in
794 2087 1053 2151 medium
1113 2088 1439 2161 adducere.
1496 2097 1555 2151 et
1611 2106 1732 2149 non
1778 2087 2064 2168 injucun-

413 2177 550 2240 dam
608 2196 744 2240 cum
795 2178 1049 2241 utilitate
1100 2181 1502 2243 narrationem
1534 2178 1734 2257 largiri
1783 2176 1897 2257 piis
1954 2195 2064 2239 au-

410 2267 597 2331 ribus.

491 2356 615 2421 XV.
668 2355 918 2429 Quidam
978 2366 1097 2422 tres
1141 2358 1431 2440 episcopi,
1463 2359 1565 2440 qui
1620 2358 1856 2422 fuerant
1907 2360 2065 2442 apud

414 2449 617 2510 hostes
648 2447 889 2528 captivi,
934 2455 993 2510 et
1022 2448 1200 2510 modo
1232 2447 1468 2511 liberati
1497 2456 1668 2510 erant
1706 2447 2062 2530 calamitate,

413 2538 711 2601 accedunt
731 2537 806 2598 ad
836 2538 1206 2611 Marcellum,
1239 2546 1298 2600 et
1327 2546 1538 2617 rogant
1568 2548 1635 2602 ut
1679 2538 1872 2615 daret,
1907 2540 2066 2621 quod

415 2631 505 2690 eis
533 2626 607 2688 ad
650 2626 1042 2690 reﬁciendum
1077 2634 1209 2692 erat
1252 2627 1679 2691 necessarium.
1714 2628 1820 2693 ille
1866 2637 2065 2691 autem

418 2734 555 2780 cum
589 2725 643 2779 et
675 2734 885 2779 eorum
919 2722 1120 2780 curam
1157 2719 1459 2798 gessisset,
1499 2727 1556 2780 et
1577 2737 1706 2781 eam
1740 2738 1914 2801 quam
1938 2737 2069 2800 spe-

411 2809 644 2883 rabant,
679 2806 944 2870 dedisset
977 2809 1065 2871 eis
1119 2808 1614 2886 consolationem,
1647 2810 1881 2891 ipsique
1910 2828 2064 2892 quo-

413 2897 573 2961 niam
607 2897 857 2960 multum
893 2898 1183 2980 temporis
1230 2899 1618 2979 prasterierat,
1655 2900 2066 2981 unusquisque

415 2987 628 3049 domus
673 3005 794 3049 suae
826 2995 885 3048 et
912 2985 1197 3050 Ecclesia;
1255 2987 1675 3061 meminerant,
1711 2987 1797 3049 eis
1829 2985 2066 3049 abunde

413 3076 753 3157 snppeditat
779 3075 1076 3138 viaticum.
1110 3076 1406 3139 Viaticum
1428 3095 1567 3140 vero
1592 3084 1718 3139 erat
1740 3095 1973 3139 aurum:
2010 3085 2067 3138 et

2152 1906 2402 1965 Βοόλεται
2433 1904 2487 1963 δὲ
2537 1907 2625 1964 καί
2654 1928 2774 1963 τινα
2823 1911 2928 1963 τῶν
2985 1905 3144 1962 αὒτοῢ
3198 1904 3480 1980 θαυμάτων
3511 1905 3585 1967 εἷς
3640 1904 3810 1980 μέσον

2147 2009 2508 2076 παραγαγεῖν,
2583 1993 2828 2073 διήγησίν
2886 2016 2942 2051 τε
3002 1993 3137 2070 μετὰ
3218 1997 3314 2063 τῆς
3379 1991 3637 2074 ὠφελείας
3708 1997 3810 2053 οὒκ

2150 2085 2352 2165 ἀτερπῆ
2382 2099 2503 2150 ταῖς
2535 2084 2802 2164 φιλοθέοις
2833 2085 3026 2147 ἂκοαῦς
3071 2086 3417 2164 χαρίσασθαι.

2233 2352 2344 2415 ΙΕ¹.
2384 2354 2697 2411 Ἐπίσκοποί
2748 2375 2886 2417 τινες
2944 2365 3091 2433 τρεῖς
3146 2352 3489 2434 αἰχμάλωτοι
3539 2367 3657 2419 τοῖς
3711 2378 3812 2412 πο-

2150 2444 2355 2521 λεμίοις
2408 2442 2718 2523 ληφθέντες,
2785 2443 2907 2501 εἶτα
2965 2449 3064 2511 τῆς
3116 2450 3391 2523 συμφορᾶς
3447 2442 3563 2517 ἄρτι
3618 2444 3810 2502 λυθέν-

2150 2556 2263 2610 τες,
2323 2535 2455 2612 πρὸς
2532 2531 2841 2613 Μάρκελλον
2926 2535 3329 2613 παραγίνονται,
3385 2532 3482 2591 καῖ
3554 2541 3659 2591 τῶν
3732 2536 3809 2599 εἰς

2152 2626 2337 2705 χρείαν
2392 2646 2451 2681 τε
2506 2625 2595 2680 καὶ
2638 2623 2928 2691 ἀνάκτησιν
2986 2636 3176 2704 τυχεϊο
3219 2621 3450 2686 δέονται.
3513 2625 3575 2681 '0
3619 2622 3674 2679 δὲ
3716 2624 3811 2680 καὶ

2148 2716 2397 2794 προνοίας
2454 2715 2542 2771 καὶ
2599 2712 2987 2790 παρακλήσεως
3055 2713 3243 2778 αὖτοὺς
3316 2711 3548 2779 ἀξιώσας
3615 2712 3807 2790 καίπερ

2150 2804 2347 2862 ἐκεῖνοί
2375 2825 2503 2861 ποτε
2554 2801 2810 2870 ἤλπισαν
2871 2800 3057 2871 ἐπειδη
3116 2803 3312 2883 χρόνος
3342 2802 3579 2883 παρῆλθε
3635 2800 3806 2868 πολὺς

2146 2898 2248 2962 τῆς
2300 2895 2471 2953 αὒτῶν
2526 2891 2748 2957 ἕκαστος
2807 2892 2998 2973 οἰκίας,
3031 2894 3127 2950 καὶ
3165 2891 3459 2960 ἐκκλησίας
3504 2890 3811 2968 ἐμέμνηντο

2147 2983 2178 3040 6'
2212 2981 2267 3039 δέ
2323 2985 2509 3047 αὐτοῖς
2565 2983 2654 3039 καὶ
2711 2979 2893 3061 ἐφόδια
2965 2980 3540 3059 προσεπιδαψιλεῦεται
3598 2978 3803 3038 δοῦναι⁶

2147 3073 2223 3131 Τὰ
2267 3071 2320 3129 δὲ
2364 3069 2553 3153 ἐφοδια
2610 3074 2808 3152 χρυσός
2868 3071 2958 3140 ἦν.
3018 3072 3117 3129 καὶ
3171 3070 3373 3129 κελεύει
3434 3072 3525 3129 τὸν
3577 3071 3663 3126 ἐπὶ
3704 3074 3808 3138 τῆς

409 3164 872 3263 jubet_eurn,qui
896 3165 1186 3263 impensis
1210 3177 1463 3263 praeerat
1483 3173 1630 3245 (erat
1652 3176 1850 3229 autem
1874 3167 1927 3228 ei
1951 3185 2061 3263 no-

2150 3160 2384 3230 δαπάνης
2443 3161 2768 3241 τεταγμένον
2820 3159 3139 3241 (Ἰουλιανὸς
3183 3163 3326 3236 αὐτῷ
3369 3160 3563 3241 ὄνομα)
3600 3162 3811 3240 χρυσίῳ

418 3273 555 3316 men
580 3255 874 3332 Julianus)
899 3273 1039 3316 auro
1059 3254 1309 3317 donatos
1340 3255 1655 3336 episcOpos
1677 3256 1975 3318 emittere.
2008 3255 2064 3318 Is

404 3358 546 3404 vero
567 3361 637 3404 ex
660 3347 878 3415 decem,
905 3362 1049 3418 quos
1074 3356 1210 3404 tunc
1242 3348 1504 3415 habebat,
1526 3348 1852 3413 stateribus,
1875 3349 2065 3406 solum

405 3438 494 3494 tot
522 3432 711 3511 affert,
746 3440 887 3511 quot
917 3440 1085 3493 erant
1142 3432 1245 3492 viri
1277 3450 1555 3495 numero.
1592 3433 1835 3512 Magnus
1866 3440 2062 3496 autem

405 3519 506 3581 ille
538 3519 683 3581 nihil
716 3520 876 3581 enim
913 3538 1048 3581 eum
1072 3539 1141 3582 ex
1177 3520 1252 3582 iis
1285 3540 1422 3602 quae
1463 3531 1656 3598 erant,
1692 3521 1934 3601 latebat)
1957 3524 2063 3604 ju-

406 3606 534 3688 bet,
570 3618 629 3669 ut
656 3608 806 3671 citra
836 3610 1013 3671 ullam
1049 3610 1401 3690 parcitatem
1434 3610 1534 3673 det
1564 3611 1786 3675 omnia.
1816 3610 1931 3675 Sed
1964 3611 2064 3675 ille

408 3715 485 3760 ne
534 3698 621 3759 sic
652 3697 894 3778 quidem
946 3718 1011 3761 se
1043 3718 1187 3779 pure
1238 3700 1443 3780 gessit,
1479 3699 1585 3762 sed
1616 3718 1747 3762 cum
1798 3700 2065 3765 dedisset

2148 3253 2268 3315 τοὺς
2326 3250 2651 3315 ἐπισκόπους
2724 3248 3132 3326 δεξιωσάμενον,
3207 3250 3571 3326 ἀποπέμπειν.
3636 3248 3808 3315 Οὗτος

2147 3341 2207 3398 ἐκ
2235 3347 2339 3399 τῶν
2384 3338 2511 3398 δέκα
2564 3340 2639 3397 ὧν
2668 3341 2799 3421 εἶχε
2851 3341 2971 3397 τότε
3003 3342 3281 3421 στατήρων
3329 3338 3630 3419 ἰσαρίθμους
3682 3338 3809 3404 τοῖς

2146 3429 2366 3511 ἀνδράσι
2426 3430 2588 3506 μόνον
2649 3419 2852 3506 κομίζει
2898 3443 3067 3510 τρεῖς.
3129 3419 3191 3488 Ὀ
3255 3426 3309 3485 δὲ
3364 3429 3472 3505 μὴν
3530 3427 3809 3503 (ἐλάνθανε

2148 3521 2248 3600 γὰρ
2304 3522 2513 3578 ἐκεῖνον
2544 3525 2651 3578 τῶν
2699 3520 2867 3578 ὄντων
2911 3516 3081 3599 οὐδὲν)
3142 3519 3457 3598 προστάττει
3515 3516 3683 3594 μηδὲν
3714 3540 3811 3594 μι-

2149 3608 2618 3691 κρολογησάμενος
2690 3610 2864 3670 πάντα
2946 3605 3377 3689 προσεπιδοῦναι.
3455 3606 3607 3665 Ἀλλ’
3682 3605 3805 3666 οὐδὲ

2147 3700 2313 3766 οὕτως
2398 3698 2607 3764 ἐκεῖνος
2675 3697 2864 3781 ἔπραξε
2928 3702 3197 3777 καθαρῶς,
3258 3696 3396 3754 ἀλλὰ
3468 3697 3586 3762 τοὺς
3645 3696 3805 3753 ἐννέα

406 3805 652 3869 novem,
679 3807 864 3850 unum
896 3789 1230 3866 detinebat,
1266 3790 1472 3852 volens
1506 3789 1709 3870 utique
1739 3790 1902 3869 fungi
1935 3791 2061 3853 olli-

2150 3788 2261 3855 δοὺς
2319 3790 2410 3847 τὸν
2440 3789 2531 3847 ἕνα
2588 3787 3022 3871 παρακατέσχεν,
3056 3789 3396 3865 οἷκονομικὸς
3443 3787 3586 3844 εἶναι
3644 3784 3801 3855 δῆθεν

408 3877 499 3939 cio
520 3877 659 3939 boni
682 3880 1075 3953 (economi,ut
1096 3881 1167 3941 iis
1190 3880 1385 3961 qui,ut
1407 3879 1698 3956 solebant,
1717 3880 2058 3965 veniebant,

2150 3878 2487 3957 βουλόμενος,
2550 3879 2643 3938 ἴνα
2697 3878 2796 3936 καὶ
2850 3879 2974 3943 τοῖς
3040 3877 3093 3944 ἐξ
3146 3878 3290 3942 ἔθους
3349 3876 3801 3957 προσερχορένοις

406 3966 772 4046 pauperibus
792 3968 1016 4049 aliquid
1040 3968 1288 4031 haberet
1317 3968 1477 4048 quod
1509 3968 1702 4031 daret.
1737 3968 1887 4042 Quid
1919 3990 2060 4052 ergo

2150 3969 2333 4038 πένησι
2392 3975 2537 4049 παρῆ
2612 3991 2663 4026 τι
2720 3965 2939 4029 διδόναι,
3004 3967 3065 4025 Τί
3119 3967 3210 4024 οὗν
3252 3966 3476 4047 γίνεται,
3531 3967 3619 4024 καὶ
3679 3971 3801 4029 πῶς

403 4055 710 4131 accidit,et
728 4057 1026 4137 quomodo
1052 4067 1374 4139 utrumque
1393 4057 1644 4121 docetur
1661 4058 2061 4135 Julianus,ne-

2150 4058 2428 4124 Ἰουλιανὸς
2513 4059 2675 4138 ἄμφω
2744 4055 3070 4136 παιδεύεται,
3121 4058 3259 4133 μήτε
3334 4057 3622 4138 φροντίζειν
3680 4058 3803 4134 περὶ

404 4163 523 4225 que
552 4144 627 4207 de
658 4146 848 4209 futuro
874 4165 1007 4210 esse
1033 4148 1383 4228 sollicitum,
1409 4166 1520 4209 nec
1542 4148 1902 4225 existimare,
1925 4169 2056 4213 ma-

2150 4155 2232 4207 τοῠ
2299 4147 2614 4228 μέλλοντος,
2676 4147 2814 4222 μήτε
2872 4147 2979 4222 μὴν
3023 4145 3229 4204 οἴεσθαι
3288 4147 3521 4226 πράττον
3576 4168 3630 4203 τι
3689 4151 3797 4202 τῶν

404 4252 584 4313 gnum
609 4235 954 4299 Marcellum
987 4237 1207 4318 aliquid
1243 4238 1428 4299 latere
1457 4255 1662 4299 eorum
1690 4256 1822 4320 quae
1853 4240 2001 4304 ﬁunt
2030 4240 2057 4305 τ

2150 4238 2388 4296 ὶπάντων
2430 4239 2522 4295 τὸν
2572 4238 2742 4316 μέγαν
2785 4234 2990 4311 λαθεῖν,
3028 4235 3301 4319 ’Ἐρχεταί
3347 4259 3426 4301 τις
3460 4236 3603 4315 παρὰ
3653 4235 3801 4315 bicip-

400 4326 565 4385 Ventt
591 4329 662 4386 ad
687 4330 1015 4387 Marcellum
1038 4330 1205 4387 homo
1235 4330 1467 4402 quidam
1496 4340 1686 4388 motus
1711 4348 1739 4388 a
1765 4334 2053 4407 superius,

2150 4327 2328 4386 κελλον
2383 4327 2558 4408 ἅγιος,
2592 4325 2790 4385 ἄνωθεν
2848 4326 2945 4403 μὲν
3006 4327 3274 4408 κινηθεὶς,
3306 4328 3394 4385 καὶ
3424 4324 3674 4407 δωρεῖται
3730 4323 3794 4394 δὴ

400 4419 460 4473 et
490 4410 671 4474 donat
698 4431 832 4474 eum
868 4413 1190 4492 nonaginta
1244 4412 1500 4478 talentis.
1534 4412 1641 4475 Ille
1671 4424 1866 4475 autem
1918 4435 2053 4478 cum

2150 4417 2418 4483 ταλάντοις
2480 4419 2637 4477 αὐτὸν
2685 4416 3025 4487 ἐνενήκοντα.
3063 4409 3120 4476 ιΟ
3176 4415 3231 4474 δὲ
3292 4418 3427 4498 πρὸς
3463 4417 3553 4475 τὸν
3595 4417 3794 4473 οἰκονο-

401 4504 499 4576 qui
523 4514 856 4575 susceperat
883 4506 1368 4577 dispensationem
1400 4521 1669 4578 arguens,
1696 4516 1755 4564 ut
1780 4522 1882 4579 par
1909 4518 2050 4577 erat,

2150 4508 2267 4564 λε’ίν
2325 4510 2399 4572 ὡς
2443 4505 2559 4564 δέον
2616 4508 2974 4589 ὑπειληφότα,
3008 4507 3255 4589 ἐλέγχων
3305 4508 3462 4565 αὐτὸν
3506 4508 3566 4565 οὔ
3616 4505 3793 4572 καλῶς

400 4599 465 4652 ut
494 4591 597 4671 qui
629 4609 745 4652 non
777 4599 941 4653 recte
972 4599 1128 4680 esset
1157 4609 1299 4654 usus
1330 4578 1822 4672 dispensatione:
1871 4592 2047 4674 Ecce,

2150 4603 2203 4674 τῇ
2260 4598 2533 4674 οἰκονομία
2587 4578 3356 4680 χρησάμένονί⁹¹Ιδε’,”φησὶν,
3390 4598 3435 4652 ὧ
3496 4594 3788 4673 μικρολᾶγε

399 4680 615 4770 inquit,
645 4698 679 4770 o
723 4698 923 4770 parce,
957 4679 1091 4760 quis
1137 4681 1224 4743 sic
1254 4682 1445 4745 exitus
1473 4689 1611 4759 tuae
1643 4683 2046 4763 parcimoniaz.

2150 4689 2218 4765 τὺ,
2268 4695 2367 4746 ποῦ
2423 4688 2522 4768 ἄρα
2564 4690 2625 4745 τὸ
2671 4685 2926 4770 φειδωλόν
2969 4710 3063 4746 σου
3136 4695 3289 4745 τοῦτο
3338 4683 3619 4762 κατέληξε,
3665 4681 3791 4739 δέκα

400 4766 663 4831 Effecisti
683 4769 864 4850 enim,
902 4776 962 4831 ut
985 4770 1120 4832 totis
1143 4770 1351 4834 decem
1388 4771 1623 4834 talentis
1650 4772 1823 4835 nobis
1854 4774 2052 4837 minor

2150 4780 2233 4859 γὰρ
2291 4766 2576 4846 ταλάντοις
2620 4766 2769 4845 ὅλοις
2824 4781 2963 4856 ἡμῖν
3017 4778 3118 4845 τὴν
3165 4775 3365 4854 δωρεὰν
3422 4772 3629 4829 ἐλάττω
3683 4791 3789 4827 πε-

400 4868 765 4939 esset,quam
795 4868 920 4921 erat
942 4859 1135 4922 futura
1158 4860 1573 4924 donatio.Cum
1602 4862 1759 4925 enim
1783 4882 2052 4927 essemus

2150 4870 2386 4937 τοίηκας⁶
2449 4868 2531 4926 ὅτι
2592 4869 2923 4927 δεκαπλάσια
2966 4870 3041 4923 ὧν
3099 4863 3284 4939 ἔδομεν
3337 4859 3612 4941 εἰληφέναι
3658 4859 3789 4937 μέλ-

401 4950 693 5021 accepturi
722 4951 1027 5023 decuplum
1057 4967 1259 5011 eorum
1287 4969 1416 5026 qua:
1443 4954 1729 5025 dedimus,
1754 4966 2048 5029 propterea

399 5036 556 5117 quod
591 5056 773 5098 unum
807 5039 948 5100 dare
989 5038 1251 5115 noluisti,
1280 5041 1355 5102 iis
1392 5059 1522 5121 quae
1553 5049 1841 5116 praeterea
1871 5061 2049 5107 acce-

398 5124 560 5215 pturi
591 5145 851 5209 eramus,
888 5128 1095 5189 decem
1130 5128 1346 5208 privati
1370 5148 1600 5195 sumus.
1631 5130 1750 5194 Sed
1780 5131 1894 5195 hoc
1921 5132 2052 5215 qui-

397 5214 533 5276 dem
562 5216 811 5279 fortasse
838 5216 1015 5278 fuerit
1046 5218 1288 5280 evidens
1317 5230 1759 5303 argumentum,
1794 5241 1913 5283 non
1940 5214 2047 5284 rso-

396 5303 519 5365 lum
543 5307 701 5385 quod
726 5307 1097 5386 praevideret,
1120 5308 1226 5369 sed
1254 5310 1430 5371 etiam
1453 5310 1612 5390 quod
1637 5330 1757 5372 non
1781 5319 2052 5392 oporteat

395 5412 528 5455 esse
550 5395 870 5458 sollicitum
899 5398 972 5460 de
989 5398 1210 5473 futuro,
1240 5407 1298 5462 et
1321 5400 1477 5481 quod
1503 5416 1713 5481 magna
1733 5411 1894 5464 esset
1916 5402 2047 5481 ejus

392 5484 455 5544 in
501 5501 721 5562 egenos
751 5484 1114 5566 benignitas.

473 5571 625 5637 XVI.
660 5574 952 5647 Quoniam
985 5584 1184 5637 autem
1216 5574 1293 5639 de
1325 5578 1677 5661 prephetico
1710 5581 1840 5662 ejus
1887 5580 2044 5645 dono

386 5680 599 5751 parum
642 5665 802 5747 quod
833 5662 1325 5749 signiﬁcavimus,
1360 5673 1599 5753 tempus
1631 5678 1725 5736 est
1754 5679 1821 5737 ut
1865 5670 2043 5735 biba-

2133 4959 2343 5037 λοντες,
2379 4960 2455 5034 τῷ
2511 4961 2572 5017 τὸ
2600 4958 2657 5015 ’ἓν
2700 4956 2874 5015 δοῦναι
2922 4956 2999 5031 μὴ
3056 4953 3385 5030 βουληθῆναι
3433 4958 3525 5008 τοῦ
3551 4950 3617 5007 τὰ
3662 4948 3788 5007 δέκα

2132 5047 2324 5108 λαϐεῖν
2380 5049 2945 5129 προσαπεστερήμεθα.
2995 5040 3165 5099 Ἀλλὰ
3218 5048 3372 5099 τοῦτο
3422 5041 3521 5118 μὲν
3550 5039 3671 5099 ἴσον
3729 5043 3789 5129 οὗ

2133 5141 2296 5215 μόνον
2326 5128 2432 5196 τοῦγ
2474 5144 2727 5218 προορᾷν,
2758 5136 2901 5192 ἀλλὰ
2942 5134 3026 5190 καὶ
3057 5138 3149 5189 τοῦ
3208 5130 3376 5209 μηδὲν
3435 5133 3507 5195 εἷς
3538 5132 3636 5200 τὴν
3688 5128 3787 5188 αὕ-

2132 5251 2243 5309 ριον
2321 5235 2580 5307 μεριμνᾷν
2650 5226 2940 5305 τεκμήριον
3000 5223 3201 5282 ἐκείνου
3276 5224 3466 5304 σαφὲς,
3527 5220 3625 5280 καῖ
3694 5224 3788 5279 τοῦ

2131 5318 2341 5389 πολλὴν
2371 5318 2520 5399 ἔχειν
2551 5319 2666 5398 περὶ
2698 5317 2819 5381 τοὺς
2851 5312 3128 5392 δεομένους
3160 5314 3534 5396 χρηστότητα.

2214 5577 2317 5651 ις’
2330 5625 2344 5640 .
2391 5576 2543 5635 Ἐπεί
2605 5575 2660 5635 δὲ
2705 5576 2882 5659 βραχύ
2909 5596 2959 5632 τι
2989 5577 3105 5657 περὶ
3134 5582 3226 5634 τοῦ
3258 5577 3590 5656 προφητικοῦ
3618 5570 3780 5656 χαρί-

2128 5688 2333 5745 σματος
2393 5670 2553 5729 αὖτοῦ
2611 5667 3013 5747 δεδηλώκαμεν,
3075 5666 3188 5747 ὥρα
3246 5663 3310 5723 δὴ
3390 5674 3483 5727 τοῦ
3539 5667 3627 5725 καὶ
3679 5668 3781 5733 τῆς
