4066 6408
349 363 463 428 7‘21
1311 365 1501 431 VITA
1543 367 1604 431 S.
1650 363 2039 431 MARCELLI
2078 363 2771 433 ARCHIMANDRIT/E.
3620 377 3740 445 722

346 523 458 558 των
498 496 743 576 ἰαμάτων
787 500 926 576 ἡμῖν
970 498 1141 558 πίνειν
1196 505 1407 580 πηγῆς,
1465 504 1580 562 Τῶν
1619 502 1882 583 μοναχῶν
1925 523 1991 559 τιι

2092 515 2222 560 mus
2241 497 2418 561 etiam
2445 498 2521 562 de
2554 499 2717 563 fonte
2738 500 3397 579 curationum.Quidam
3420 523 3495 571 ex
3522 526 3735 575 mona-

345 588 581 666 ⁴τοῦνομα
633 590 733 668 μὲν
766 588 1060 671 Ἐλπίδιος,
1089 589 1297 657 ἐλπίδος
1341 589 1395 648 δὲ
1425 592 1604 660 πάσης
1634 593 1774 666 νόσῳ
1830 591 1991 669 κρείτ·

2094 587 2248 669 chis,
2283 589 2524 651 nomine
2554 591 2793 671 quidem
2817 592 3121 674 Elpidius,
3152 596 3362 660 morbo
3386 606 3584 662 autem
3610 609 3738 665 erat

344 703 463 738 τονι
508 682 807 762 συσχεεςθείς⁹
876 682 938 738 τὸ
970 681 1069 757 μὲν
1120 681 1219 759 γὰρ
1277 680 1405 739 ὅλον
1454 686 1611 742 αὐτοῦ
1640 683 1816 758 στόμα
1857 680 1991 740 ἕλκοι

2095 677 2457 757 implicatus,
2493 681 2596 757 qui
2620 698 2858 743 omnem
2895 700 3062 763 spem
3095 689 3438 766 superabat;
3470 708 3608 752 nam
3639 699 3733 753 to-

347 770 599 852 χαλεπὸν
631 770 918 851 διεγένετο·
966 771 1112 828 ἅπαν
1160 769 1211 826 δὲ
1263 772 1365 829 ὑπὸ
1413 772 1513 840 τὴν
1542 771 1791 851 γλῶσσαν
1845 770 1991 850 ὑπέρε

2095 774 2221 831 tum
2256 768 2495 849 quidem
2529 788 2595 831 os
2626 771 2755 850 ejus
2785 789 2960 849 grave
2980 772 3149 836 ulcus
3171 774 3575 856 depascebat;
3611 788 3737 844 tota

348 883 516 940 ογκον
569 862 700 942 εἶχε
730 862 830 929 τὴν
873 861 1164 939 σάρκωσινο
1228 862 1256 918 ὃ
1288 863 1376 919 καὶ
1410 860 1678 940 ἄφθογγον
1725 864 1867 937 αὐτῷ
1919 883 1988 919 κα

2096 876 2231 921 vero
2251 877 2313 921 ea
2345 877 2633 934 pars,qua5
2657 862 2871 935 linguae
2901 866 3121 937 subest,
3149 868 3389 929 habebat
3421 875 3736 946 ingentem,
3789 901 3797 907 -

344 953 503 1008 κενὸν
544 953 606 1009 τὸ
652 952 874 1031 ὄργανον
938 949 1184 1024 διετέλει,
1214 951 1303 1009 καὶ
1358 951 1424 1019 ἦν
1470 951 1659 1009 τούτου
1687 964 1809 1015 ταῖς
1866 950 1991 1032 ἀφο-

2090 947 2193 1036 qui
2224 953 2591 1036 excreverat,
2624 948 2822 1010 carnis
2874 957 3218 1012 tumorem:
3278 953 3436 1034 quod
3487 957 3731 1036 quidem

345 1043 533 1115 ρήτοις
593 1042 818 1104 ἐκείναις
849 1039 1065 1105 ὀδύναις
1108 1042 1416 1122 προσθήκη,
1447 1043 1510 1098 τὸ
1564 1038 1702 1118 μηδὲ
1731 1041 1826 1105 τὰς
1883 1040 1991 1098 ὀδύ-

2090 1035 2145 1098 ei
2165 1035 2456 1098 reddebat
2488 1043 2716 1099 mutum
2751 1044 2810 1099 et
2836 1037 3015 1099 inane
3039 1035 3594 1124 instrumentum,et
3615 1047 3731 1110 hoc

343 1152 437 1197 νας
482 1132 644 1190 αὐτοῦ
710 1129 1053 1211 ἐξαγγέλλειν
1109 1128 1378 1194 δύνασθαι.
1425 1129 1630 1213 ’Ἄμφω
1700 1130 1755 1188 δὲ
1810 1129 2000 1212 ταῦτα,

340 1223 407 1279 τὸ
484 1220 642 1286 ἕλκος
698 1243 757 1278 τε
833 1222 920 1278 καὶ
976 1219 1161 1301 ὄγκος,
1219 1220 1587 1296 προσλαϐόντα
1646 1222 1735 1279 καὶ
1788 1224 1849 1278 τὸ
1898 1226 1998 1289 τῆς

342 1312 612 1393 αἰσχύνης
672 1309 898 1389 ὄνειδος,
932 1311 1306 1370 εὐκταιότατον
1362 1312 1529 1369 ἐποίει
1585 1319 1663 1386 τῷ
1725 1310 1868 1393 ἀνδρὶ
1908 1312 2000 1368 τὸν

340 1402 595 1462 θάνατον.
643 1404 809 1465 Οὗτος
868 1400 957 1459 οὖν
1020 1400 1256 1481 περιόντι
1306 1402 1383 1477 τῷ
1425 1401 1561 1480 ἁγίῳ
1608 1401 1762 1476 ποτὲ,
1800 1401 1996 1480 ἐγκάρ-

344 1490 457 1549 διον
519 1489 772 1557 στενάξας
820 1491 907 1549 καὶ
956 1489 1112 1565 μόλις
1148 1488 1526 1571 φθεγξάμενος,
1555 1499 1803 1549 τοσοῦτον
1835 1490 2001 1571 ἔφησε

344 1583 532 1657 μόνον·
596 1580 812 1657 Οῗμοιε
872 1580 953 1637 ὅτι
985 1587 1206 1661 περιορᾷ
1252 1602 1320 1657 με
1349 1588 1438 1638 νῦν
1493 1583 1520 1637 ὃ
1567 1579 1902 1647 διδάσκαλος.
1942 1572 2001 1639 Ὀ

344 1671 399 1729 δὲ
458 1677 712 1734 τοσοῦτον
770 1669 980 1751 ἀπέσχε
1050 1672 1144 1728 τοῦ
1201 1669 1481 1750 περιιδεῖν,
1527 1670 1664 1728 ὥστε
1706 1673 2002 1750 παραυτίκα

345 1764 433 1819 καὶ
485 1763 557 1828 εἰς
614 1762 789 1841 εὐχὴν
850 1760 1149 1836 κινηθῆνοι,
1191 1762 1276 1818 καὶ
1333 1759 1723 1841 φιλανθρωπίας
1781 1759 2000 1841 δάκρυον

2085 1124 2911 1215 accedebatintolerabilibus
2936 1127 3097 1189 illius
3110 1129 3604 1215 doloribus,quod
3618 1155 3731 1200 nec

2081 1214 2248 1295 ipsos
2279 1214 2521 1295 quidem
2554 1214 2796 1277 dolores
2831 1225 3031 1297 posset
3056 1214 3591 1287 enuntiare.Ambo
3623 1244 3730 1288 au-

2083 1314 2202 1369 tem
2231 1306 2381 1379 haec,
2412 1304 2602 1379 ulcus,
2639 1304 2906 1385 inquam,
2949 1314 3006 1369 et
3035 1316 3241 1371 tumor
3270 1329 3404 1372 cum
3443 1312 3728 1392 probrum

2083 1394 2263 1457 etiam
2296 1401 2356 1456 et
2383 1393 2645 1456 dedecus
2668 1395 3063 1475 accepissent,
3098 1397 3433 1462 efficiebant
3465 1409 3527 1464 ut
3565 1422 3730 1468 mors

2084 1493 2245 1547 esset
2268 1483 2323 1546 ei
2346 1482 2742 1564 optanda.Hic
2765 1503 2905 1564 ergo
2919 1504 3055 1548 cum
3070 1489 3389 1551 accedente
3405 1492 3727 1574 aliquando

2083 1582 2316 1652 sancto,
2352 1581 2469 1635 toto
2502 1582 2742 1654 pectore
2766 1575 3249 1658 ingemuisset,et
3270 1580 3363 1641 vix
3390 1591 3549 1644 esset
3567 1584 3726 1646 locu-

2084 1672 2199 1739 tus,
2232 1671 2462 1753 tantum
2507 1663 2694 1726 dixit:
2732 1665 2841 1727 Hei
2903 1666 3090 1728 mihi!
3145 1685 3242 1730 me
3277 1688 3438 1734 nunc
3467 1672 3727 1753 despicit

2085 1753 2383 1833 magister.
2442 1752 2549 1816 Ille
2601 1759 2804 1816 autem
2865 1761 3091 1817 tantum
3122 1756 3328 1820 aberat
3358 1768 3421 1821 ut
3445 1752 3727 1842 despice-

350 1859 455 1910 τῶν
510 1850 770 1928 ὀμμάτων
830 1864 1196 1929 κατενεγκεῖν.
1254 1855 1389 1909 Εἶτα
1441 1860 1536 1910 τοῦ
1578 1850 1737 1929 ὄγκου
1799 1872 1857 1907 τε
1912 1851 1991 1907 καῖ

2082 1852 2197 1925 ret,
2231 1851 2293 1904 ut
2323 1843 2517 1905 statim
2552 1852 2882 1905 commotus
2913 1844 2989 1905 sit
3018 1845 3088 1906 ad
3124 1864 3334 1926 preces
3363 1857 3422 1912 et
3464 1850 3728 1915 clemen-

353 1949 445 2000 τεῦ
489 1941 670 2004 ἕλκους
730 1940 1031 2020 ἁψάμενος,
1090 1940 1151 1997 τὸ
1218 1941 1316 2017 μὲν
1369 1940 1535 2019 ὑγιὲς,
1570 1941 1664 1996 τὸν
1704 1937 1761 1996 δὲ
1815 1938 1993 2018 ἀφανῆ

345 2045 511 2090 ποιεῖ·
570 2031 658 2087 καὶ
714 2031 778 2088 τὸ
838 2030 1013 2106 στόμα
1061 2036 1139 2103 τῷ
1195 2028 1337 2110 ἀνδρὶ
1394 2030 1618 2108 καθαρὸν
1682 2026 1990 2109 ἀποδίδωσι,

349 2119 514 2178 τᾶλλα
572 2119 628 2178 δὲ
671 2118 957 2186 ἄκωλύτως
1006 2118 1347 2201 φθέγγεσθαι,
1379 2122 1467 2178 καὶ
1523 2119 1804 2189 εὖνοηστον
1850 2119 1995 2194 αὐτῷ

340 2211 487 2269 εἶναι
518 2212 649 2292 πρὸς
694 2210 1039 2292 εὖχαριστιαν
1069 2207 1312 2291 ὄργανον.

419 2478 522 2540 ΙΖ’.
575 2463 788 2559 ηΕτερός
829 2501 910 2543 τις
968 2477 1073 2536 τῶν
1132 2486 1379 2557 μονακῶν
1434 2479 1667 2556 τοῦνομα
1710 2479 1996 2561 Στέρανος,

337 2571 438 2638 τὴν
497 2570 597 2646 μὲν
669 2570 805 2627 κατὰ
837 2570 987 2650 φύσιν
1043 2570 1246 2649 τροφὴν
1291 2569 1669 2647 προσιέμενος,
1704 2571 1763 2627 τὸ
1810 2567 1866 2626 δὲ
1915 2567 1999 2625 διὰ

337 2662 437 2726 τῆς
495 2664 724 2739 φυσικῆς
758 2659 913 2736 αὒτρν
944 2657 1121 2725 ἐξόδου
1179 2671 1492 2740 προχωρεῖν
1520 2668 1675 2719 τοῦτο
1735 2656 1996 2735 μηδαμῶς

336 2748 511 2830 ἔχων,
565 2747 619 2804 ἐν
667 2748 931 2828 ἐσχάταις
990 2746 1197 2811 ὁδόναις
1249 2748 1340 2816 ἦν.
1404 2746 1618 2828 ’ἰατρῶν
1677 2748 1766 2804 οὖν
1822 2747 1995 2827 τέχνη

335 2839 517 2896 πολλὰ
567 2840 683 2917 περὶ
740 2840 866 2895 αὐτὸ
924 2838 1485 2916 πραγματευσαμὲνη,
1518 2839 1614 2902 τὰς
1659 2838 1757 2915 μὲν
1813 2835 1996 2901 ὀδύνας

336 2930 414 3000 τῇ.
471 2932 573 2984 τῶν
625 2928 917 3006 φαρμάκων
969 2925 1094 2994 ηὗξε
1147 2929 1351 3006 πικρίᾳ·
1404 2928 1471 2983 τὰ
1518 2924 1571 2982 δὲ
1628 2928 1758 3004 πρὸς
1804 2926 1991 2988 αὐτοὺς

341 3016 623 3092 ἐλατήρια,
653 3014 855 3084 σπουδῆ
885 3016 1083 3092 ματαία
1113 3015 1209 3072 καῖ
1241 3018 1276 3085 ἡ
1307 3014 1412 3092 ἐμὴ
1442 3014 1597 3095 τριϐὴ
1651 3013 1987 3096 διελέγχετο.

2081 1932 2180 1997 tiae
2229 1933 2520 2013 Iacrymas
2589 1950 2656 1994 ex
2723 1932 2912 1995 oculis
2967 1932 3264 1999 emiserit.
3319 1938 3551 2002 Deinde
3585 1958 3722 2003 cum

2078 2030 2372 2086 tumorem
2425 2029 2486 2085 et
2530 2022 2702 2084 ulcus
2760 2023 3080 2103 tetigisset,
3113 2025 3226 2087 hoc
3255 2027 3496 2107 quidem
3528 2039 3720 2107 sanat,

2075 2113 2244 2175 illum
2271 2129 2410 2175 vero
2443 2111 2581 2175 facit
2608 2130 3004 2175 evanescere:
3041 2121 3100 2175 et
3145 2133 3211 2177 os
3241 2117 3298 2179 ei
3327 2136 3543 2198 purum
3573 2119 3723 2182 red-

2076 2207 2162 2266 dit
2190 2215 2243 2265 et
2272 2206 2576 2276 mundum,
2597 2215 2649 2265 et
2683 2216 2879 2278 aptum
2913 2206 3210 2281 utalioqui
3235 2209 3561 2283 loqueretur
3589 2214 3724 2272 abs-
3806 2211 3819 2223 ‘

2079 2311 2195 2375 que
2225 2292 2343 2355 ullo
2376 2291 2897 2371 impedimento,et
2921 2300 3079 2355 esset
3107 2291 3164 2355 ei
3193 2295 3339 2359 utile
3367 2297 3725 2362 instrumen-

2080 2390 2205 2444 tum
2235 2380 2307 2444 ad
2331 2380 2590 2461 agendas
2619 2381 2862 2461 gratias.

2161 2468 2340 2535 XVII.
2378 2469 2631 2543 Quidam
2661 2471 2811 2533 alius
2841 2474 3448 2551 monachus,nomine
3480 2474 3732 2559 Stepha-

2082 2579 2217 2637 nus,
2251 2560 2351 2643 qui
2385 2561 2730 2633 secundum,
2767 2569 3041 2625 naturam
3087 2564 3332 2646 quidem
3380 2565 3735 2632 admittebat

2080 2656 2441 2721 alimentum,
2475 2662 2537 2712 ut
2567 2655 2625 2711 id
2655 2658 2846 2713 autem
2878 2670 2980 2727 per
3000 2656 3320 2715 naturalem
3354 2660 3566 2718 exitum
3596 2675 3733 2733 pro-

2081 2740 2467 2816 cederet,hoc
2490 2738 2738 2802 minime
2756 2739 3331 2823 babebat,extremis
3351 2744 3732 2809 cruciabatur

2080 2830 2411 2894 doloribus.
2447 2831 2592 2893 Cum
2627 2848 2723 2892 ars
2755 2837 2952 2893 autem
3010 2832 3293 2895 medendi
3337 2852 3406 2895 ea
3435 2833 3496 2895 in
3530 2853 3595 2896 re
3625 2836 3731 2900 diu

2076 2928 2235 2985 esset
2256 2930 2512 2991 versata,
2550 2920 2792 2982 dolores
2828 2920 3071 3001 quidem
3124 2922 3378 3002 augebat
3407 2923 3726 2987 vulnerum

2075 3010 2401 3075 acerbitate
2439 3029 2452 3070 :
2487 3028 2618 3090 quae
2648 3027 2787 3072 vero
2841 3020 2977 3071 sunt
3021 3012 3177 3092 apud
3241 3030 3343 3074 eos
3371 3012 3615 3075 elateria
3671 3022 3732 3077 et

343 3098 439 3171 Ὠς
496 3109 586 3164 οὖν
634 3106 851 3187 ἄμαχον
901 3108 962 3163 τὸ
1007 3104 1176 3163 δεινὸν
1236 3107 1462 3185 ἑωρᾶτο,
1494 3108 1590 3163 καί
1641 3108 1669 3163 ὁ
1720 3104 1991 3184 ἅνθρωπος

2079 3102 2482 3185 purgationes,
2504 3098 2791 3180 probabat
2822 3117 2957 3161 esse
2986 3100 3189 3162 inania
3243 3101 3634 3179 studiumque
3671 3110 3733 3166 et

335 3204 428 3253 τοῦ
476 3195 821 3275 διαρραγῆναι
879 3199 938 3254 οὗ
996 3196 1203 3269 μακρὰν
1260 3195 1433 3276 ἀπῆν,
1476 3193 1874 3275 ἀπαγγέλλουσι
1917 3198 1991 3268 τῷ

2079 3208 2319 3272 operam
2340 3189 2557 3251 frustra
2577 3189 2636 3249 in
2663 3188 2749 3250 eis
2767 3189 3064 3251 consumi.
3092 3193 3238 3254 Cum
3270 3209 3410 3271 ergo
3437 3193 3734 3257 videretur

337 3252 684 3366 Μειρκιέλλέρ.⁸
720 3252 782 3343 ιΟ
841 3252 1122 3351 δὲ-ηὕξατό
1156 3252 1279 3360 ⁷μὲν
1310 3252 1547 3363 καθάπερ
1591 3252 1782 3342 similar
1832 3252 1991 3340 ἐλθὼν

2082 3252 2302 3343 malum
2337 3277 2824 3360 inexpugnabile,
2882 3289 2943 3340 et
2996 3297 3118 3340 non
3177 3252 3427 3343 multt‘im
3470 3282 3727 3357 abesset,

333 3375 388 3432 δὲ
449 3377 581 3453 πρὸς
647 3376 739 3431 τὸν
797 3375 1090 3450 κάμνοντα,
1148 3374 1275 3431 εἶτα
1337 3374 1687 3455 ἐπαφώμενος
1745 3379 1812 3452 τῇ
1853 3373 1997 3453 χειρὶ

332 3465 434 3532 τὴν
487 3464 744 3543 γαστέρα,
805 3470 959 3521 τοῦτο
1020 3462 1075 3520 δὲ
1135 3465 1199 3521 τὰ
1255 3466 1374 3544 περὶ
1432 3466 1521 3521 τὸν
1582 3465 1747 3522 νῶτον
1806 3463 1999 3519 ὡσανεὶ

336 3555 593 3632 προωθῶν
638 3555 726 3610 καὶ
782 3553 867 3609 ἐπὶ
896 3554 963 3608 τὰ
1007 3553 1152 3609 κάτω
1201 3556 1299 3622 τὴν
1354 3552 1487 3620 ὕλην
1520 3552 1776 3627 ἐλαύνων,
1821 3551 1998 3628 ἐκείνῃ

337 3644 434 3717 μὲν
495 3644 594 3709 τὴν
626 3642 761 3699 κατὰ
819 3642 973 3721 φύσιν
1029 3640 1278 3721 πρόοδον,
1311 3649 1387 3717 τῷ
1417 3641 1472 3698 δὲ
1530 3639 1681 3720 ἀνδρί
1735 3641 1996 3707 τοσαύτης

332 3732 719 3810 ἀπαλλαγῆναι
753 3732 839 3790 καὶ
869 3730 1085 3796 ἀλύπως
1117 3738 1212 3808 ζῇν
1242 3732 1552 3811 ἐχαρίσατο.

2080 3370 2229 3449 quin
2252 3370 2300 3431 is
2322 3367 2886 3448 disrumperetur,id
2919 3369 3266 3432 renuntiant
3299 3369 3601 3435 Marcello.
3626 3371 3734 3436 Ille

2080 3464 2280 3523 autem
2314 3465 2588 3539 precatus
2619 3456 2861 3538 quidem
2924 3465 3039 3538 est,
3102 3459 3258 3522 sicut
3315 3471 3730 3527 consueverat.

2081 3550 2228 3611 Cum
2256 3566 2395 3610 vero
2419 3546 2681 3609 venisset
2701 3545 2774 3607 ab
2799 3545 3195 3624 laborantem,
3230 3549 3565 3631 partimque
3596 3551 3732 3631 qui—

2082 3640 2219 3699 dem
2239 3645 2505 3699 ventrem
2532 3653 2711 3697 manu
2734 3637 3226 3716 tangens,partim
3247 3645 3444 3700 autem
3465 3639 3734 3719 dorsum,

2084 3734 2361 3807 tanquam
2398 3725 2765 3806 propellens,
2790 3732 2848 3786 et
2876 3725 2948 3787 ad
2984 3725 3301 3789 inferiores
3324 3734 3523 3809 partes
3552 3746 3734 3806 agens

334 3821 672 3895 materiam,
708 3820 797 3882 illi
830 3819 1069 3900 quidem
1104 3821 1401 3881 concessit
1458 3834 1866 3898 progressum,
1900 3817 2001 3900 qui
2032 3822 2122 3878 est
2176 3815 2513 3877 secundum
2550 3822 2849 3893 naturam,
2886 3814 3008 3875 viro
3040 3823 3265 3896 autem,
3301 3824 3361 3878 ut
3409 3833 3481 3880 ea
3510 3815 3733 3878 libera-

328 3918 525 3991 retur,
562 3917 620 3972 et
645 3909 822 3971 vitam
858 3917 1058 3988 ageret
1088 3909 1221 3971 sine
1253 3909 1553 3971 molestia.

413 3999 527 4064 ω’.
584 4002 680 4059 Καὶ
712 4002 739 4057 ὁ
799 4001 898 4079 πρὸ
930 4000 1121 4078 μικροῦ
1149 3998 1204 4056 δὲ
1259 4000 1434 4078 ῥηθεὶς
1466 3997 1782 4073 Ἰουλιανὸς,
1821 3999 1848 4054 ὃ
1903 3997 1991 4054 καὶ

330 4092 410 4163 μὴ
466 4089 644 4165 καλῴς
676 4093 980 4166 οἰκονομεῖν
1025 4088 1334 4169 ἐλεγχθεὶς,
1370 4090 1550 4168 ὥσπερ
1606 4099 1698 4148 τοῦ
1753 4086 1990 4167 διορατι-

333 4186 434 4237 κοῦ
481 4180 818 4259 χαρίσματος
850 4181 1128 4259 πρότερον,
1163 4180 1301 4238 οὕτω
1349 4177 1415 4248 δὴ
1464 4180 1551 4237 καὶ
1587 4185 1692 4236 τῶν
1749 4178 1993 4252 ἰαμάτων

342 4267 651 4347 Μαρκέλλου
708 4271 780 4333 εἷς
839 4274 1032 4347 πεῖραν
1091 4268 1331 4349 ἔρχεται.
1393 4269 1550 4327 Νόσω
1606 4268 1703 4342 μὲν
1752 4268 1851 4346 γὰρ
1907 4266 1995 4323 καὶ

336 4361 492 4422 οὗτος
551 4357 736 4440 ἔκαμε,
799 4360 938 4434 νόσῳ
995 4360 1081 4416 καὶ
1139 4361 1384 4438 ἰατρικῆς
1442 4361 1531 4417 καὶ
1590 4358 1767 4426 πάσης
1827 4355 1995 4436 εὐχῆς

335 4451 413 4511 ὡς
471 4447 680 4513 ἐκεῖνος
736 4447 905 4507 ἐδόκει
959 4450 1242 4530 κρείττονι,
1273 4450 1360 4506 καὶ
1406 4448 1786 4512 ἆνενδοιάστως
1831 4447 1993 4503 ἀπει-

331 4535 511 4611 λούσῳ
549 4540 641 4596 τὸν
687 4540 911 4597 θάνατον
969 4539 1472 4615 Μεταπεμψάμενος
1517 4537 1608 4612 δὴ,
1642 4536 1786 4604 ἀξιοῖ
1815 4558 1994 4614 παρα-

2153 3991 2355 4056 XVllI.
2383 3995 2572 4055 Porro
2597 4000 2793 4056 autem
2818 3993 2867 4054 is
2887 3997 3125 4074 quoque
3146 3994 3248 4075 qui
3269 3994 3443 4075 paulo
3465 4002 3602 4060 ante
3628 3996 3727 4059 di-

2074 4091 2204 4147 ctus
2225 4083 2359 4145 est]
2370 4082 2629 4156 uliauus,
2664 4084 2767 4158 qui
2793 4082 3100 4144 convictus
3124 4083 3235 4146 fuit
3256 4102 3375 4145 non
3406 4092 3573 4148 recte
3603 4085 3729 4148 dis-

2075 4190 2352 4256 pensare,
2414 4171 2566 4233 sicut
2611 4171 2775 4252 prius
2829 4171 3050 4233 donum
3106 4173 3597 4253 perspicacitatis,
3650 4176 3731 4239 ita

2078 4263 2263 4325 etiam
2295 4260 2567 4325 Marcelli
2598 4259 2976 4322 curationum
3031 4260 3253 4323 donum
3288 4261 3396 4324 fuit
3424 4271 3724 4343 expertus.

2077 4355 2229 4418 Nam
2254 4352 2305 4412 is
2329 4368 2568 4430 quoque
2593 4350 2799 4413 morbo
2825 4350 3154 4425 laborabat,
3181 4350 3282 4431 qui
3314 4358 3372 4412 et
3402 4351 3722 4435 medicina,

2081 4440 2319 4507 etomni
2348 4440 2691 4520 precatione
2727 4447 2881 4521 erat,
2908 4447 2972 4502 ut
2993 4439 3095 4502 ille
3128 4440 3388 4520 putabat,
3424 4441 3722 4521 superior,

2079 4540 2139 4598 et
2166 4531 2313 4595 citra
2343 4530 2520 4591 ullam
2554 4530 2988 4593 dubitationem
3020 4537 3271 4591 mortem
3306 4529 3715 4597 minitabatur.

328 4625 569 4705 γενέσθαι
624 4631 717 4686 τὸν
748 4626 1083 4707 Μάρκελλον,
1118 4631 1222 4708 οὔχ
1250 4628 1387 4685 ὥστε
1446 4628 1544 4696 τὴν
1572 4624 1853 4706 θεραπείαν
1886 4624 1991 4681 λα-

2079 4621 2447 4689 Accersitum
2472 4631 2666 4684 autem
2691 4628 2858 4701 rogat
2885 4619 3103 4683 adesse
3131 4619 3624 4694 Marcellum,non
3654 4633 3723 4683 ut

328 4714 478 4791 δεῖν,
511 4716 632 4796 ἆγλ³
685 4717 822 4775 ὥστε
855 4719 997 4793 αὖτῷ
1032 4717 1342 4775 τελευτῶντι
1373 4714 1579 4796 ἐφόδιον
1608 4717 1778 4795 εὐχὴν
1816 4718 1979 4796 χαρί-

329 4809 547 4865 σασθαε.
608 4810 668 4865 '0
703 4805 781 4879 δὲ,
814 4807 1270 4886 παραγενόμενος,
1305 4812 1516 4885 πρῶτον
1554 4806 1651 4880 μὲν
1681 4807 1853 4862 αὒτῶν
1882 4804 1978 4872 τὴν

328 4896 515 4975 ψυχὴν
552 4898 718 4970 ἷᾶται,
754 4898 843 4964 Μὴ
886 4895 973 4964 δὴ.
1012 4898 1211 4977 φήσας,
1247 4897 1293 4952 ὦ
1327 4895 1510 4953 τέκνον
1540 4893 1677 4951 οὕτω
1719 4896 1981 4957 ταπεινῶς

326 4987 416 5041 καὶ
445 4986 783 5065 ἀνθρωπίνως
835 4986 1011 5065 φρόνει
1062 4988 1180 5065 περὶ
1211 4992 1365 5065 Θεοῦ,
1413 4983 1549 5061 μηδὲ
1602 4996 1719 5047 τοῖς
1777 4983 1978 5058 ἡμετέ-

327 5098 440 5154 ρηις
498 5075 827 5156 παραμετρει
852 5064 946 5133 καὶ
1003 5076 1069 5132 τὰ
1098 5076 1323 5138 ἐκείνου.
1386 5064 1571 5149 Ἦμῶν
1628 5072 1852 5151 μὲνγὰρ
1901 5094 1982 5133 τις

328 5173 406 5240 τῷ
461 5166 560 5239 μὲν
616 5164 753 5229 ἴσως
789 5163 1011 5245 ἴσχυσε,
1043 5168 1172 5243 πρὸς
1221 5163 1275 5221 δὲ
1304 5167 1365 5222 τὸ
1394 5166 1482 5222 καὶ
1512 5164 1818 5240 ἀπείρηκεν⁸
1869 5164 1896 5218 ὁ
1929 5160 1983 5217 δὲ

329 5257 459 5320 Θεὸς
512 5256 726 5313 πάντων
784 5255 972 5322 ἐπίσης
1020 5261 1224 5333 μικρῶν
1270 5277 1329 5311 τε
1390 5255 1476 5313 καὶ
1506 5253 1764 5328 μειζόνων
1818 5254 1981 5333 ἴσχυ-

329 5346 540 5424 ρότερος
612 5344 899 5404 δείκνυται.
960 5345 1166 5425 ’Ὂσπερ
1223 5344 1386 5424 ὀλίγῳ
1442 5345 1695 5424 πρότερον
1752 5343 1836 5399 ἐπὶ
1894 5351 1984 5400 τοῦ

326 5443 527 5516 χρυσοῦ
582 5437 752 5511 ἡμεῖς
810 5435 908 5511 μὲν
940 5436 1003 5492 τὸ
1054 5437 1416 5514 μικρόψυχον,
1453 5435 1479 5490 ὃ
1522 5432 1577 5489 δὲ
1623 5433 1751 5495 Θεὸς
1786 5430 1982 5489 ἐδείκνυ

323 5528 386 5583 τὸ
465 5525 870 5607 μεγαλόδωρον·
933 5525 1071 5582 οὕτω
1126 5526 1214 5583 καὶ
1280 5524 1365 5582 ἐπὶ
1421 5528 1519 5591 τῆς
1579 5523 1733 5579 νόσου
1802 5522 1981 5598 νόμιζε

321 5620 635 5694 θεοπρεπῶς
690 5615 898 5673 ἐκεῖνον
935 5613 1108 5671 πάντα
1148 5616 1236 5670 καὶ
1268 5610 1720 5691 μεγαλοδυνάμως
1775 5625 1974 5670 ποιεῖν·

321 5710 378 5775 ὃς
424 5707 521 5766 καῖ
553 5712 656 5776 τῆς
689 5704 938 5769 ἀπιστίας
984 5702 1306 5783 συγγνώμην
1351 5703 1485 5781 ἡμῖν
1530 5708 1976 5783 παρασχόμενος,

2064 4720 2345 4790 acciperet
2370 4715 2728 4775 curationem
2752 4716 2911 4784 (nam
2934 4713 3043 4769 hoc
3061 4728 3132 4769 ne
3153 4712 3417 4783 sperabat
3440 4713 3719 4786 quidem),

2064 4804 2169 4869 sed
2204 4812 2268 4866 ut
2298 4804 2351 4865 ei
2385 4799 2705 4865 decedenti
2739 4815 2953 4879 preces
2977 4797 3341 4860 concederet
3368 4798 3585 4867 viatici.
3607 4797 3715 4862 Ille

2068 4913 2207 4957 vero
2244 4911 2379 4956 cum
2409 4888 3066 4968 accessisset,primum
3094 4886 3334 4967 quidem
3362 4887 3491 4965 ejus
3515 4888 3715 4950 mede-

2066 4993 2167 5049 tur
2193 4988 2408 5046 auimm
2442 5000 2455 5041 :
2514 4978 2625 5060 Ne,
2681 4977 2901 5055 inquit,
2953 4995 2986 5037 ο
3023 4975 3130 5047 fili,
3167 4984 3284 5036 tam
3324 4975 3628 5037 humiliter
3654 4988 3712 5039 et

2067 5074 2296 5155 abjecte
2321 5079 2377 5133 et
2398 5078 2514 5132 tam
2543 5070 2802 5130 humano
2832 5083 2999 5155 more
3021 5064 3242 5155 (ἱερεῦ
3261 5064 3710 5147 sentias,neque

2065 5152 2247 5227 rebus
2268 5161 2486 5223 nostris
2511 5157 2771 5220 metiaris
2792 5173 2891 5218 res
2914 5152 3249 5217 illius.Nam
3275 5161 3544 5216 nostrum
3568 5157 3707 5237 qui-

2067 5253 2202 5316 dem
2226 5249 2584 5332 aliquis,hoc
2607 5245 2844 5327 quidem
2872 5244 3119 5307 fortasse
3139 5250 3352 5325 potest,
3386 5244 3532 5307 illud
3563 5262 3705 5308 vero

2067 5342 2352 5405 minime:
2386 5344 2543 5402 Deus
2566 5345 2769 5399 autem
2794 5335 3144 5398 omnibuset
3170 5334 3396 5414 magnis
3425 5344 3485 5398 et
3508 5337 3707 5414 parvis

2064 5452 2137 5494 ex
2165 5450 2331 5512 aequo
2364 5437 2454 5491 est
2485 5423 3118 5509 potentior.Quomodo
3146 5441 3288 5505 ergo
3319 5442 3427 5485 nos
3455 5424 3701 5505 quidem

2064 5520 2236 5602 paulo
2268 5527 2404 5581 ante
2438 5515 2719 5599 pusillum
2752 5521 2809 5576 et
2864 5512 3171 5577 sordidum
3219 5513 3509 5589 animum,
3544 5513 3700 5576 Deus

2062 5601 2200 5673 vero
2231 5627 2399 5672 suam
2430 5604 2688 5670 ostendit
2746 5602 3208 5666 muniﬁcentiam
3245 5620 3258 5665 :
3318 5603 3399 5663 ita
3428 5601 3606 5664 etiam
3636 5606 3698 5664 in

2060 5699 2269 5764 morbo
2300 5697 2598 5776 existima,
2627 5693 2792 5758 illum
2820 5694 3127 5776 praeclare,
3158 5699 3225 5754 ut
3270 5690 3457 5756 Deum
3490 5691 3685 5770 decet,
