4066 6412
389 377 509 445 723

1699 379 1989 443 MENSIS
2029 373 2462 442 DECEMBER.
2541 430 2545 434 .

3649 371 3765 436 724

394 515 596 580 omnia
621 520 682 579 et
703 533 913 596 magna
944 517 1156 579 virtute
1186 517 1386 580 facere
1414 540 1426 576 :
1482 516 1628 598 quin
1659 516 1838 578 etiam
1874 512 2048 576 nobis

2135 513 2229 579 τὴν
2260 512 2436 590 ὑγείαν
2493 512 2796 592 χαρίσεται.
2832 508 3009 573 Οὕτως
3067 509 3304 573 εἰπόντος
3333 514 3402 577 τῆ
3444 513 3540 576 τῆς
3584 513 3770 589 ψυχῆς

395 608 531 670 data
551 607 722 668 venia
772 606 1228 687 incredulitatis,
1262 607 1553 686 largietur
1583 607 1856 668 salutem.
1896 604 2041 667 Cum

396 699 484 760 sic
515 695 780 776 dixisset,
819 695 1032 757 animae
1081 697 1450 760 curationem
1503 695 1774 776 corporis
1804 711 2044 776 quoque

396 786 617 848 sanitas
641 791 731 846 est
763 786 1264 862 consecuta,adeo
1286 793 1348 848 ut
1372 793 1577 867 postea
1607 803 1742 848 cum
1775 802 1894 845 non
1921 792 2042 844 tam

2129 601 2380 681 θεραπείᾳ
2447 600 2720 670 ἠκολούθει
2779 600 2867 656 καὶ
2922 601 2956 668 ἠ
3012 605 3104 657 τοῦ
3176 599 3448 674 σώματος’
3503 599 3640 656 ὥστε
3706 599 3769 655 τὸ

2129 692 2264 768 μετὰ
2309 698 2472 749 ταῦτα
2505 691 2582 766 μὴ
2614 689 2781 754 οὕτως
2832 687 3036 763 ἁπλῶς,
3070 685 3208 746 ἀλλὰ
3239 689 3322 745 καὶ
3369 691 3443 753 ὡς
3477 695 3592 764 Θεῷ
3621 687 3770 768 φίλον

2127 783 2382 854 ζήσαντα,
2445 779 2587 858 ἱερέα
2645 779 2910 858 γενέσθαι,
2971 784 3066 854 τῇς
3123 799 3179 834 τε
3251 777 3559 855 Μαρκέλλου
3620 776 3772 834 διδα-

394 882 624 938 temere
653 873 916 955 vixisset,
949 876 1053 936 sed
1086 885 1147 937 ut
1191 893 1330 938 eum
1373 865 1582 950 decet,
1634 874 1740 952 qui
1793 880 1883 936 est
1933 871 2038 935 Dei

2135 869 2347 934 τκαλίας
2397 871 2483 927 καὶ
2513 876 2612 937 τῆς
2651 871 2942 950 ἱερωσύνης
2974 866 3143 934 ἄξιον.
3180 865 3330 925 Ἀλλ’
3380 869 3499 925 οἷον
3527 869 3587 925 τὸ
3635 870 3771 944 μετὰ

395 969 643 1039 amicus,
677 963 857 1025 fuerit
890 964 1196 1046 sacerdos,
1230 965 1448 1044 dignus
1476 963 1736 1027 Marcelli
1769 963 2042 1026 doctrina

2135 965 2309 1040 ταῦτα,
2345 960 2418 1023 ὡς
2469 957 2586 1016 λίαν
2641 960 2738 1036 μὲν
2783 956 3004 1038 φοϐερὸν
3068 971 3186 1022 τοῖς
3245 958 3507 1039 ἀπίστοις,
3545 957 3662 1015 λίαν
3718 958 3773 1014 δὲ

392 1061 452 1114 et
475 1051 954 1115 sacerdotio.Sed
987 1053 1164 1134 quale
1195 1061 1284 1116 est
1314 1055 1450 1134 hoc,
1507 1053 1668 1131 quod
1723 1051 2038 1133 sequitur?

2128 1061 2243 1114 τοῖς
2287 1061 2502 1114 πιστοῖς
2533 1051 2931 1125 θαυμαζόμενον
2963 1049 2980 1110 !

391 1141 580 1218 Quam
632 1149 722 1203 est
753 1140 1086 1206 incredulis
1135 1144 1375 1226 quidem
1408 1143 1578 1206 valde
1628 1141 1921 1223 terribile,
1953 1137 2110 1221 apud
2168 1137 2378 1202 ﬁdeles
2424 1146 2622 1200 autem
2676 1139 2735 1200 in
2767 1155 2980 1219 magna
3028 1135 3285 1201 habetur
3329 1136 3770 1200 admiratione!

471 1321 630 1386 XIX.
684 1320 792 1385 Vir
835 1321 1099 1402 quidam,
1135 1323 1240 1404 qui
1287 1321 1594 1385 laborabat
1629 1321 1836 1385 morbo
1867 1328 2045 1384 sectae

391 1415 914 1486 Samaritanorum,
938 1415 1230 1475 laborabat
1260 1418 1521 1488 corporis
1545 1416 1748 1474 morbo
1777 1415 2044 1473 immedi-

393 1499 596 1566 cabili.
629 1503 695 1564 In
733 1503 864 1582 ejus
888 1501 1047 1563 enim
1083 1522 1335 1584 corpore
1368 1511 1605 1566 enatum
1640 1511 1765 1564 erat
1805 1501 2040 1564 vulnus.

390 1590 708 1669 Unguenta
731 1599 925 1652 autem
953 1600 1010 1653 et
1029 1592 1554 1672 medicamenta,et
1575 1609 1948 1671 quaecunque
1971 1590 2042 1651 ab

394 1687 522 1743 arte
545 1679 1526 1756 adbibebantur,convincebantur
1554 1682 1700 1742 nihil
1733 1700 1931 1762 posse.
1957 1679 2043 1742 Ad

396 1778 724 1833 extremam
757 1768 956 1846 itaque
979 1789 1146 1851 spem
1172 1771 1404 1851 aspexit
1432 1771 1793 1844 Marcellum,
1824 1779 1882 1830 et
1909 1787 2043 1830 cum

395 1859 469 1922 ad
501 1877 638 1920 eum
668 1857 1151 1939 venisset,statim
1189 1880 1323 1922 cum
1357 1880 1429 1924 eo
1451 1860 1571 1940 egit
1601 1859 1903 1941 precibus.
1940 1859 2044 1922 llle

392 1956 683 2023 autem,et
710 1925 983 2029 quisnam
1015 1958 1192 2026 esset,
1221 1925 1533 2028 rogavit,;t
1564 1925 1743 2031 unde,
1780 1959 1837 2012 et
1880 1968 2046 2031 quae-
2071 1925 2108 1974 Β

396 2056 534 2100 nam
561 2036 1310 2117 eiessetreligio.0mniuo
1334 2059 1471 2103 vero
1497 2041 1620 2102 haec
1640 2059 1759 2102 non
1784 2041 2044 2118 fecisset,

397 2128 517 2190 nisi
541 2126 614 2189 ad
639 2127 770 2207 ejus
795 2129 1121 2209 aspexisset
1145 2130 1708 2208 animam.Cum.ille
1727 2139 1926 2192 autem
1949 2129 2044 2190 di-

393 2217 679 2292 xisset,se
707 2215 949 2298 quidem
983 2235 1115 2279 esse
1147 2220 1584 2283 Samaritanum
1613 2241 1627 2296 ;
1666 2219 2051 2300 polliceretur

399 2323 546 2368 vero
578 2303 735 2386 quod
765 2306 813 2365 si
847 2306 1054 2368 morbo
1087 2307 1534 2387 liberaretur,et
1566 2311 1834 2390 protinus
1877 2324 2046 2371 suam

400 2401 657 2458 mutaret
681 2395 1119 2475 opinionem,et
1136 2399 1207 2460 ad
1234 2399 1702 2462 Christianorum
1728 2398 1924 2460 libens
1942 2415 2046 2460 ac-

406 2484 648 2547 cederet
707 2485 1091 2563 sententiam,
1129 2496 1408 2568 precatur
1464 2505 1670 2558 senex,
1727 2496 1783 2549 et
1840 2505 2050 2567 preces

403 2573 794 2655 consequitur
850 2576 1275 2639 sanitas.Cum
1337 2595 1476 2655 ergo
1540 2576 1735 2637 statim
1765 2576 2051 2638 edidisset

405 2662 890 2740 confessionem,
958 2673 1016 2725 et
1099 2671 1248 2727 viam
1313 2674 1536 2730 rectam
1597 2674 1756 2728 esset
1812 2665 2050 2744 ingres-

2208 1317 2324 1380 ΙΘ’.
2400 1317 2566 1398 Ἀνήρ
2610 1342 2690 1383 τις
2748 1319 2813 1375 τὰ
2869 1324 3220 1398 Σαμαρειτῶν
3290 1324 3482 1399 νοσῶν,
3514 1319 3574 1375 τὸ
3618 1324 3777 1394 σῶμα

2127 1409 2350 1474 ἀνιάτως
2394 1408 2586 1466 {vdo-sv
2621 1408 2826 1488 τραῦμα
2872 1410 2972 1488 γὰρ
3012 1410 3154 1485 αὒτῷ
3186 1405 3388 1484 μᾶλλον
3438 1408 3473 1476 ἢ
3507 1414 3662 1484 σῶμα
3714 1411 3776 1466 τὸ

2128 1497 2279 1560 ἕλκος
2339 1496 2557 1559 ἐδείκνυ.
2618 1498 2930 1577 Χαρίσματα
2987 1495 3042 1555 δέ
3097 1500 3190 1555 καὶ
3253 1498 3503 1578 φάρμακα
3551 1500 3644 1555 καί
3712 1499 3780 1554 τὰ

2127 1587 2236 1645 ἀπὸ
2287 1593 2387 1656 τῆς
2416 1587 2618 1669 τέχνης
2669 1589 2862 1660 πάντα,
2898 1590 2959 1645 τὸ
3005 1587 3172 1664 μηδὲν
3201 1589 3406 1667 ἰσχύειν
3461 1587 3778 1668 ἐλέγχοντο.

2130 1679 2218 1742 Εἷς
2278 1677 2521 1758 ἐσχάτην
2553 1681 2639 1735 οὖν
2696 1675 2881 1734 ἐλπίδα
2929 1679 3020 1734 τόν
3081 1677 3390 1758 Μάρκελλον
3443 1677 3660 1753 ἔϐλεψε,
3697 1679 3782 1734 καὶ

2128 1768 2260 1843 πρὸς
2311 1769 2469 1826 αὐτὸν
2522 1768 2870 1848 ἀφικόμενος,
2904 1769 3073 1848 εὐθὺς,
3106 1771 3179 1832 ὡς
3229 1768 3384 1848 εἶχε,
3417 1769 3510 1831 τὰς
3567 1766 3782 1838 δεήσεις

2130 1861 2421 1936 προσῆγεν,
2482 1851 2540 1915 Ὀ
2600 1856 2654 1913 δὲ
2712 1859 2788 1922 τίς
2847 1880 2904 1914 τε
2969 1857 3060 1926 εἴη
3119 1858 3323 1936 ἠρώτα,
3371 1861 3458 1914 καὶ
3512 1857 3650 1932 ὅθεν,
3699 1859 3784 1914 καὶ

2131 1947 2321 2003 ὁποῖον
2381 1950 2523 2021 αὒτῷ
2579 1948 2640 2003 τὸ
2687 1944 2866 2009 σέϐας.
2935 1948 3110 2005 Πάντα
3159 1946 3214 2004 δὲ
3264 1952 3360 2007 οὐκ
3406 1946 3467 2003 ἂν
3523 1956 3710 2023 ταῦτα,
3741 1950 3785 2004 εἷ

2131 2037 2208 2112 μή
2240 2038 2289 2092 τί
2319 2056 2375 2092 τε
2411 2037 2484 2101 εἷς
2540 2037 2640 2104 τὴν
2672 2035 2872 2093 ἐκείνου
2905 2035 3093 2094 ἀπεῖδε
3138 2038 3350 2116 ψυχήν.
3384 2045 3482 2095 Τοῦ
3510 2035 3564 2093 δὲ
3597 2045 3786 2113 Σαμα-

2131 2127 2306 2206 ρείτης
2367 2127 2466 2203 μὲν
2522 2126 2667 2184 εῖναι
2721 2127 2989 2204 εἰπόντος,
3035 2127 3498 2206 ὶπαγγειλαμένου
3562 2127 3614 2184 δὲ
3684 2130 3784 2202 ὡς,

2131 2219 2173 2273 εἰ
2245 2216 2338 2273 τού
2394 2215 2591 2280 πάθους
2671 2215 3036 2298 ἀπαλλαγείη,
3082 2219 3169 2274 καὶ
3229 2220 3329 2285 τὴν
3386 2216 3538 2283 δόξαν
3595 2218 3783 2277 αὒτίκα

2132 2303 2448 2383 μεταϐαλεῖ,
2508 2306 2595 2362 καὶ
2671 2307 2738 2362 τὰ
2796 2313 3126 2386 Χριστιανῶν
3200 2306 3412 2381 ἕληται,
3476 2307 3695 2386 εὔχεται
3756 2309 3784 2363 ὁ

2131 2393 2452 2474 πρεσϐύτης,
2517 2395 2603 2452 καὶ
2659 2395 2760 2462 τὴν
2824 2396 2994 2475 εὒχὴν
3074 2399 3106 2465 ἡ
3164 2395 3309 2462 ἴασις
3390 2395 3783 2473 κατελάμϐανε,

2132 2489 2476 2564 Παραχρῆμα
2528 2484 2616 2542 οὗν
2673 2486 2771 2552 τὴν
2804 2485 3094 2564 ὁμολογίαν
3145 2485 3434 2566 σχεδιάσας
3488 2489 3576 2544 καὶ
3635 2509 3788 2544 στοι-

2133 2597 2317 2654 χησας
2377 2579 2443 2650 τῇ
2479 2573 2722 2648 ἀληθείᾳ,
2783 2577 3000 2653 ἡμερῶν
3053 2575 3197 2632 οὔπω
3251 2576 3521 2654 τεσσάρων
3580 2575 3786 2654 παρελ-

2133 2667 2362 2738 θουσῶν,
2423 2664 2552 2741 πρὸς
2622 2664 2718 2730 τήν
2777 2663 3036 2742 προτέραν
3107 2664 3252 2728 αὖθις
3311 2664 3590 2744 ἀνατρέχει
3651 2669 3787 2743 θρη-

404 2772 533 2830 sus,
569 2752 836 2814 nondum
877 2761 1132 2834 quatuor
1181 2755 1391 2818 diebus
1452 2755 1789 2836 praeteritis,
1853 2755 2048 2816 statim

2136 2752 2341 2813 σκείαν.
2402 2754 2462 2810 Ὀ
2521 2753 2684 2828 κύων,
2746 2752 2902 2827 φασί,
2949 2754 3028 2809 τὸι
3083 2752 3294 2828 ἔμετον.
3361 2744 3558 2832 Ὠσπερ
3619 2753 3676 2810 δὲ
3719 2760 3789 2830 τῇ

403 2843 477 2905 ad
513 2843 770 2924 priorem
807 2844 1127 2906 revertitur
1159 2844 1365 2907 falsam
1409 2845 1784 2925 religionem.
1849 2843 2048 2925 Canis,

2139 2845 2236 2910 τῆς
2296 2841 2524 2906 πίστεως
2585 2843 2734 2920 ὑγειᾳ
2790 2845 2876 2899 καὶ
2937 2845 2971 2910 ἡ
3027 2843 3276 2922 θεραπεία
3347 2851 3436 2901 τοῦ
3512 2847 3787 2918 σώματος,

401 2934 591 3012 aiunt,
622 2931 696 2994 ad
731 2931 1036 2998 vomitum.
1071 2933 1378 3006 Quomodo
1427 2944 1624 2997 autem
1678 2933 1818 2996 fidei
1870 2935 2048 2996 recti-

2140 2932 2278 2990 οῧτω
2335 2933 2417 2988 καὶ
2475 2937 2541 3008 τῇ
2597 2930 2735 3005 νόσῳ
2792 2933 2826 2999 ἡ
2886 2931 3037 2995 νόσος
3104 2931 3324 2998 ἥπτετο,
3387 2930 3672 2990 Ἐλάνθανέ
3738 2931 3792 2988 δὲ

405 3023 614 3087 tudine
645 3026 872 3082 curatio
915 3025 1204 3105 corporis,
1262 3024 1344 3087 ita
1403 3024 1612 3088 vitiosa
1663 3024 1778 3086 ﬁde
1813 3023 2048 3086 morbus

2138 3021 2304 3080 ταῦτα
2355 3019 2593 3097 οὖδαμῶς
2654 3018 2991 3100 Μάρκελλον,
3053 3019 3172 3076 ἀλλ’
3231 3019 3416 3090 ἐπειδὴ
3488 3019 3649 3078 πάλιν
3704 3021 3792 3078 ἐπ’

403 3122 497 3176 est
524 3129 833 3188 accensus.
863 3110 1003 3175 Haec
1035 3132 1171 3176 vero
1201 3133 1571 3196 nequaquam
1603 3113 1868 3176 latebant
1899 3113 2048 3175 Mar-

2141 3114 2297 3168 αὒτὸν
2342 3111 2607 3176 ἐπανῆκεν
2678 3113 2705 3166 ὁ
2766 3109 3126 3189 Σᾶμαρείτης,
3188 3110 3425 3183 ὀνειδίζει
3493 3113 3592 3187 μὲν
3652 3113 3793 3185 αὒτῷ

405 3202 758 3280 cellum,sed
785 3221 920 3264 cum
949 3221 1162 3265 rursus
1179 3203 1250 3265 ad
1272 3205 1464 3286 ipsum
1490 3205 1770 3266 rediisset
1789 3203 2048 3265 Samari-

2141 3210 2234 3272 τῆς
2315 3198 2643 3280 μεταϐολῆς,
2705 3201 2960 3278 συγγνοὺς
3030 3198 3222 3260 δὲκαὶ
3289 3203 3431 3267 αὖθις
3485 3203 3546 3258 τὸ
3626 3201 3792 3264 πάθος

405 3301 603 3367 ianus,
638 3293 691 3354 ei
726 3293 968 3372 quidem
1004 3292 1322 3373 exprobrat
1372 3294 1756 3354 mutationem
1797 3309 1809 3351 :
1846 3297 2048 3353 rursus

2139 3295 2303 3351 ἱᾶται.
2368 3290 2459 3356 Ὠς
2523 3288 2577 3345 δὲ
2637 3290 2724 3345 καὶ
2766 3287 2841 3352 δὶς
2875 3290 2962 3345 καὶ
3009 3293 3140 3367 τρὶς,
3175 3288 3277 3358 ἤδη
3309 3287 3479 3347 δὲκαὶ
3532 3289 3792 3354 πολλάκις

407 3390 602 3444 autem
627 3381 969 3462 ignoscens,
1002 3383 1210 3444 morbo
1245 3383 1538 3445 medetur.
1585 3386 1729 3446 Cum
1767 3399 1906 3443 vero
1931 3382 2048 3460 jam

2140 3383 2200 3438 τὸ
2260 3380 2357 3456 μὲν
2415 3380 2722 3453 σωματικὸν
2770 3375 2994 3435 ἐπαύετο
3053 3379 3288 3454 νόσημα,
3345 3381 3404 3436 τὸ
3463 3379 3516 3436 δέ
3561 3382 3795 3460 ψυχικὸν

408 3472 502 3532 bis
534 3478 589 3532 et
624 3478 716 3532 ter
742 3472 1262 3552 sacpius,corporis
1285 3472 1522 3552 quidem
1552 3471 1796 3532 morbus
1827 3489 2048 3532 cessas.

2142 3470 2268 3526 αὒτό
2324 3491 2380 3525 τε
2439 3468 2806 3548 ἐπανήρχετο,
2851 3467 3072 3526 κάκεῖνο
3129 3468 3289 3526 πάλιν
3347 3469 3684 3544 ἀνεκαλεῖτο,
3734 3469 3793 3528 Ὀ

406 3569 805 3642 set,reversus
836 3567 1035 3622 autem
1071 3570 1226 3623 esset
1258 3561 1502 3622 morbus
1533 3561 1769 3638 animae,
1807 3569 1865 3622 et
1889 3561 2048 3622 illum

2141 3559 2389 3637 Χριστὸς,
2454 3557 2576 3637 ἔφη,
2620 3559 2646 3614 ὀ
2699 3557 2756 3614 σέ
2813 3558 3136 3635 θεραπεύων,
3192 3557 3312 3614 ἀλλ’
3379 3561 3472 3616 οὒκ
3521 3559 3647 3636 ἐγώ·
3709 3560 3796 3616 καὶ

403 3667 616 3713 rursus
641 3662 1003 3731 revocasset,
1035 3651 1304 3713 Christus
1330 3660 1439 3731 est,
1477 3650 1690 3730 inquit,
1727 3651 1827 3731 qui
1861 3658 1917 3712 te
1950 3669 2056 3711 cu-

401 3749 644 3815 rat,non
673 3759 805 3819 ego.
844 3741 967 3803 Tua
982 3759 1123 3802 vero
1147 3740 1221 3802 de
1239 3741 1522 3821 opinione
1548 3750 1716 3821 pacta
1739 3749 2051 3815 conventa,

398 3849 520 3893 non
556 3848 817 3908 mecum,
851 3830 956 3892 sed
1007 3849 1141 3894 cum
1203 3830 1304 3892 illo
1338 3830 1468 3892 ﬁeri
1524 3831 1816 3905 existima,
1875 3848 2052 3912 quem

396 3939 578 3984 nemo
609 3919 798 3982 latere
828 3928 1042 4002 potest,
1109 3939 1306 4002 neque
1369 3921 1669 4002 decipere.
1707 3919 1878 3984 Omni
1910 3936 2053 3998 ergo

397 4009 889 4090 depositafraude
928 4019 990 4074 et
1022 4017 1373 4092 impostura,
1412 4029 1618 4092 puram
1652 4009 1736 4072 illi
1764 4010 2052 4073 confitere

397 4099 776 4181 religionem,
801 4108 858 4162 et
891 4107 1058 4162 certo
1089 4101 1242 4162 scias
1270 4101 1421 4173 fore,
1451 4111 1515 4164 ut
1549 4118 1696 4179 pure
1723 4099 1920 4162 carnis
1951 4117 2048 4160 se-

397 4198 610 4272 quatur
638 4190 894 4252 curatio.
927 4189 1075 4252 Cum
1107 4199 1302 4252 autem
1345 4191 1448 4251 ille
1500 4189 1703 4251 infelix
1755 4197 1812 4251 et
1844 4207 2051 4250 amens

396 4280 666 4355 dixisset,
703 4297 768 4340 se
817 4278 1106 4360 quidquid
1164 4280 1483 4343 accidisset
1541 4297 1842 4361 nunquam
1879 4296 2052 4358 posse

398 4369 646 4452 patriam
683 4367 1028 4447 relinquere
1057 4367 1438 4448 religionem,
1476 4369 1601 4448 ipse
1633 4366 1872 4448 quidem
1908 4365 2054 4427 abiit

394 4458 545 4521 nihil
569 4457 806 4519 locutus
834 4475 847 4520 :
876 4457 980 4518 ille
1001 4474 1141 4518 vero
1170 4456 1377 4518 infelix
1410 4475 1544 4518 Cum
1573 4473 1779 4535 parum
1813 4473 2052 4535 proces-

396 4550 576 4611 sisset
592 4567 624 4610 a
649 4545 1106 4626 monasterio,et
1128 4545 1448 4607 violentius
1475 4544 1723 4605 morbus
1743 4564 1876 4606 cum
1897 4553 2054 4608 esset

395 4655 732 4719 aggressus,
763 4635 1016 4715 duplici,
1079 4636 1228 4714 proh
1279 4634 1494 4696 dolor!
1556 4643 1747 4696 morte
1781 4636 2053 4710 moritur,

2079 4597 2125 4649 D

2138 3651 2233 3712 τὰς
2285 3648 2381 3712 σὰς
2419 3649 2529 3727 περὶ
2571 3654 2678 3712 τῶς
2721 3646 2874 3715 δόξης
2927 3649 3185 3719 συνθήκας
3219 3649 3278 3706 οὗ
3334 3651 3465 3727 πρὸς
3503 3649 3622 3724 ἒμέ,
3659 3647 3798 3705 ἀλλὰ

2138 3741 2271 3816 πρὸς
2329 3737 2536 3796 ἐκεῖνον
2598 3739 2777 3813 νόμιζε
2832 3739 3086 3816 γίνεσθαι,
3137 3740 3195 3795 ὃν
3264 3738 3379 3796 οὔτε
3443 3739 3626 3797 λαθεῖν
3685 3737 3790 3797 οὔτ’

2138 3829 2409 3896 ἀπατῆσαί
2463 3850 2564 3885 τινι
2610 3826 2850 3888 δυνατόν.
2898 3834 3078 3884 Πᾶσαν
3127 3836 3252 3907 γοῦν
3307 3828 3520 3896 ἀπάτην
3551 3829 3638 3886 καὶ
3695 3850 3795 3908 φε-

2137 3919 2396 3994 νακισμὸν
2428 3916 2775 3992 ἀποῖέμενος,
2826 3920 3052 3998 καθαρὸν
3103 3917 3229 3974 αὒτὸ
3287 3919 3347 3974 τὸ
3391 3917 3550 3984 σέϐας
3600 3917 3789 3994 διομο-

2137 4007 2309 4088 λόγει,
2343 4010 2431 4064 καὶ
2463 4015 2520 4063 εὖ
2565 4007 2700 4076 ἴσθι,
2736 4011 2974 4086 καθαρῶς
3031 4005 3218 4086 ἔχεται
3251 4009 3337 4065 καὶ
3388 4011 3422 4077 ἡ
3455 4013 3550 4077 τῆς
3600 4011 3796 4088 σαρκὸς

2134 4097 2304 4162 ἲάσις,
2361 4097 2461 4162 Ὠς
2495 4095 2550 4153 δέ
2596 4099 2681 4153 καὶ
2714 4098 2741 4153 ό
2803 4097 2981 4161 ἄθλιος
3011 4100 3222 4161 ἒκεῖνος
3265 4100 3355 4155 καὶ
3399 4097 3554 4164 ἄνους
3611 4098 3792 4166 ἒξεῖπε

2136 4189 2213 4264 μὴ
2247 4186 2310 4242 ἄν
2347 4207 2476 4243 ποτε
2509 4184 2640 4262 μηδ’
2697 4185 2758 4242 ἂν
2819 4185 2872 4241 εἴ
2929 4209 2979 4242 τι
3036 4188 3124 4244 καὶ
3175 4188 3394 4266 γίνοιτο,
3432 4189 3531 4256 τὴν
3578 4190 3796 4266 πάτριον

2134 4277 2418 4355 θρησκείαν
2477 4273 2824 4349 καταλιπεῖν,
2886 4275 2914 4332 ὀ
2963 4275 3060 4348 μέν
3117 4277 3280 4354 ἀπῄει
3349 4276 3514 4355 μηδέν
3566 4276 3796 4359 φθεγξά-

2136 4386 2314 4444 μενος·
2379 4367 2406 4422 ὀ
2437 4363 2491 4421 δέ
2549 4363 2819 4444 δυστυχὴς
2869 4365 3079 4432 ἐκεῖνος
3138 4369 3326 4448 μικρὸν
3381 4376 3472 4427 τοῦ
3524 4388 3798 4446 μοναστη-

2138 4457 2248 4536 ρίου
2308 4451 2537 4533 προϐὰς,
2593 4453 2690 4509 καὶ
2758 4454 3061 4533 βιᾶιότερον
3117 4463 3185 4534 τῇ
3256 4458 3395 4533 νόσῳ
3448 4460 3794 4540 κατασχεθεὶς

2140 4546 2377 4616 θνήσκει,
2434 4543 2526 4600 τὸν
2582 4540 2800 4600 διπλοῦν
2860 4543 3062 4619 οἷ’μοιί
3127 4548 3317 4626 σαρκός
3369 4570 3425 4604 τε
3469 4550 3554 4606 καὶ
3610 4552 3794 4628 ψυχῆς

2141 4634 2390 4696 θάνατον,
2449 4631 2680 4690 Ταῦταό
2741 4631 2910 4711 μέγας
2943 4634 3172 4701 ἀκούσας
3224 4634 3418 4714 δάκρυά
3449 4657 3505 4692 τε
3561 4637 3786 4714 ἀφῆκεν,

395 4744 613 4808 nempe
647 4731 843 4787 carnis
875 4731 937 4787 et
967 4723 1348 4786 animae.Haec
1375 4743 1508 4786 cum
1543 4743 1789 4804 magnus
1815 4725 1916 4787 ille
1951 4744 2048 4787 au-

2144 4723 2286 4790 ὂὶξιον
2347 4722 2492 4779 εἶναι
2560 4722 2775 4787 πένθους
2851 4725 2910 4780 τὸ
2982 4726 3200 4802 γεγονὸς
3267 4725 3644 4802 λογισάμενος,
3704 4725 3793 4779 κάι

395 4817 730 4891 divisset,et
755 4814 1042 4896 lacrymas
1061 4815 1424 4891 emisit,rem
1461 4834 1594 4876 esse
1627 4815 1789 4877 luctu
1816 4815 2056 4895 dignam

395 4906 810 4987 arbitratus,et
840 4907 955 4967 hoc
981 4904 1173 4966 solum
1202 4904 1351 4966 dixit
1385 4923 1397 4964 :
1437 4927 1458 4962 α
1489 4907 1622 4968 Non
1661 4903 1917 4968 tentabis
1947 4907 2060 4968 Do-

2141 4815 2392 4871 τοσοῦτον
2442 4813 2569 4870 εἶπε
2622 4812 2808 4889 μόνον·
2878 4813 3038 4872 «Οὔκ
3093 4813 3426 4891 ἒκπειράσεις
3464 4812 3649 4888 Κύριον
3699 4813 3790 4868 τὸν

2145 4905 2274 4962 Θεόν
2337 4917 2454 4961 σου⁹
2497 4924 2520 4961 ι)
2587 4902 2820 4980 καθάπερ
2877 4899 2944 4958 δι’
2996 4901 3195 4957 ἐκείνου
3246 4902 3374 4978 πρὸς
3432 4898 3632 4964 πάντας
3690 4901 3788 4970 τὴν

395 4997 626 5058 minum
660 4997 846 5058 Deum
881 5006 1049 5057 tuum
1085 4996 1132 5075 ί,
1199 5019 1220 5051 ι
1282 5003 1559 5076 tanquam
1613 5003 1856 5076 propter
1887 4995 2048 5058 illum

2142 4993 2509 5074 παραγγελίαν
2540 4993 2880 5067 ποιούμενος.

393 5086 543 5149 dans
575 5093 938 5169 praeceptum
972 5083 1280 5147 omnibus.

473 5165 598 5240 XX:
623 5165 806 5238 Nobis
827 5184 1023 5238 autem
1047 5174 1450 5238 convertenda
1471 5184 1559 5237 est
1588 5177 1712 5237 haec
1745 5173 1935 5235 oratio
1967 5174 2042 5235 ad

2213 5185 2274 5233 Κ.
2314 5171 2477 5248 Ἠμῖν
2511 5169 2564 5227 δέ
2616 5171 2707 5227 τὸν
2739 5168 2900 5246 λόγον
2929 5165 3011 5247 ἐφ’
3074 5168 3250 5248 ἑτέραν
3283 5170 3534 5250 τρεπτέον
3596 5179 3787 5228 πιστοῦ

392 5265 566 5329 aliam
601 5263 794 5326 ﬁdelis
825 5263 1091 5326 hominis
1126 5265 1525 5336 curationem,
1557 5284 1690 5346 quae
1717 5272 1777 5324 ut
1807 5260 1917 5324 fuit
1948 5280 2040 5323 ce-

2135 5264 2426 5342 δεραπείαν,
2479 5263 2551 5324 ὡς
2617 5257 2984 5331 παροξ·›τάτην
3037 5257 3174 5315 οὕτω
3231 5258 3295 5328 δὴ
3341 5265 3426 5318 καὶ
3485 5263 3782 5340 χαριεστά-

390 5356 658 5430 lerrima,
693 5354 775 5418 ita
804 5355 982 5417 etiam
1005 5354 1472 5434 jucundissima.
1511 5353 1763 5426 Quidam
1798 5351 2041 5413 nomine

2135 5377 2220 5422 την
2279 5353 2648 5431 ὑπάρχουσαν.
2711 5346 2898 5424 Κύριός
2943 5369 3022 5412 τις
3076 5349 3213 5406 οὕτω
3262 5349 3611 5426 καλούμενος,
3647 5353 3786 5428 πρὸ·

389 5449 597 5527 Cyrus,
651 5444 816 5526 prius
868 5453 1064 5506 autem
1120 5461 1370 5525 corpore
1401 5445 1702 5517 robustus,
1731 5450 1789 5503 et
1820 5440 1892 5503 ad
1925 5460 2038 5521 pn-

2135 5466 2268 5523 ςερος
2327 5441 2421 5517 μέν
2455 5440 2569 5495 λίαν
2625 5439 2686 5494 τὸ
2723 5437 2877 5514 σῶμα
2920 5440 3171 5519 κάρτερὸς
3233 5444 3319 5498 καί
3350 5441 3631 5500 πυκτεύειν
3681 5441 3784 5521 οὐχ

390 5536 635 5616 gilatum
661 5535 830 5598 valde
854 5533 1281 5616 bonus,postea
1303 5542 1500 5597 autem
1525 5535 1683 5596 inter
1707 5532 2033 5594 monachos

2135 5534 2310 5602 imam
2352 5530 2572 5610 ἀγαθός,
2605 5528 2820 5607 ὕστερον
2874 5527 2927 5587 δέ
2963 5530 3046 5586 καὶ
3097 5529 3149 5588 ἐν
3202 5544 3476 5614 μοναχοῖς
3525 5530 3620 5599 τὴν
3655 5531 3780 5610 ὁρε-

468 5715 488 5759 ¹
521 5713 697 5779 Deut.
734 5711 948 5795 v1,16.
