4066 6402
353 330 477 399 725

1319 340 1509 406 VITA
1550 343 1612 408 S.
1657 344 2051 409 MARCELLI
2091 346 2785 416 ARGHIMANDRITE.

3617 357 3737 429 726

353 470 459 539 τὴν
514 473 816 549 θαυμαστός
855 490 871 509 ’
918 474 1067 543 οὗτος
1124 482 1214 535 οῦν
1270 474 1391 557 ἄρτι
1463 478 1531 535 τὰ
1588 482 1695 536 τῶν
1753 486 2013 562 μοναχῶν

2100 499 2338 564 quoque
2360 483 2732 548 admirabilis
2756 505 2770 547 :
2797 485 2896 549 hic
2918 505 3058 569 ergo
3072 506 3210 554 cum
3236 492 3409 572 paulo
3439 498 3579 557 ante
3602 496 3736 558 sub-

353 560 622 639 ὑπελθὼν,
683 565 774 621 καὶ
832 562 997 631 ἄλλος
1069 563 1193 625 Ἰὼϐ
1249 565 1393 625 ἕλκει
1451 575 1671 646 πονηρῷ
1727 571 1873 648 παρὰ
1899 560 2009 629 τοῦ

350 654 592 730 πονηροῦ
645 651 925 730 βάλλεται.
990 661 1101 714 Πᾶν
1165 657 1266 735 γὰρ
1340 658 1500 715 αὑτοῦ
1558 659 1620 715 τὸ
1680 660 2011 739 μετάφρενον

354 740 625 817 τραύματι
664 742 810 800 παίει
857 743 1251 825 χαλεπωτάτῳ.
1304 748 1377 806 Τὸ
1416 746 1472 804 δέ
1528 745 1724 805 ἄνωθεν
1754 747 1859 807 ἀπὸ
1916 755 2008 808 τοῦ

353 828 639 909 τραχήλου
690 829 1004 910 ἂρξάμενον,
1064 834 1161 903 τήν
1218 856 1277 892 τε
1356 836 1526 914 σάρκα
1585 834 2008 910 διαϐοσκὸμενον

352 917 490 986 ὅλην
534 917 914 1002 διελυμήνατο,
963 924 1049 981 καὶ
1102 925 1168 983 τὰ
1210 922 1320 1005 ὑπξ
1344 926 1512 994 αὐτὴν
1572 926 1707 983 ὀστᾶ
1764 930 2008 1005 καθαρῶς

360 991 720 1086 ἒξεγύμνωσε.
776 991 1025 1089 Δριμεῖαι
1098 1011 1153 1071 δέ
1216 991 1390 1072 ὁδύῖοαι
1461 991 1551 1072 καὶ
1627 1014 1844 1094 ἅῤῥητοι
1903 991 2008 1075 “τὸν

354 1096 638 1176 ἄνθρωπον
674 1096 1002 1177 διαδύνασαι,
1035 1100 1154 1160 οὔτε
1182 1103 1333 1183 ὀρθὸς
1383 1104 1627 1184 ἑστάναι,
1659 1103 1778 1162 οὕτε
1833 1127 2009 1164 κατα-

358 1185 610 1255 κλιθῆναι
643 1236 660 1269 ,
732 1188 851 1247 οὕτε
902 1190 1013 1267 μὴν
1083 1194 1402 1262 καθεσθῆναι
1471 1191 1769 1272 ἀλγηδόνος
1827 1193 2009 1275 χωρὶς

354 1275 670 1356 ἐπέτρεπον.
730 1288 896 1344 Οὗτος
952 1286 1040 1338 οῦν
1082 1282 1220 1338 κατὰ
1271 1283 1360 1339 καὶ
1401 1284 1611 1363 ἰατροὺς
1666 1285 1755 1342 καὶ
1805 1283 2008 1363 τέχνας

359 1365 722 1447 παραδραμὼν
751 1417 768 1445 ,
815 1368 902 1426 ἐπὶ
946 1368 1254 1448 Μάρκελλον
1309 1372 1494 1448 μόνον,
1557 1375 1646 1431 καὶ
1688 1371 1755 1430 δι’
1806 1374 2008 1431 ἑκείνου

363 1458 499 1535 πρὸς
570 1459 703 1514 Θεὸν
789 1460 1110 1541 καταφεύγει
1141 1506 1159 1534 ,
1236 1460 1483 1519 κάκεῖθεν
1551 1463 1650 1531 τὴν
1727 1464 2010 1542 θεραπείαν

365 1548 530 1609 αἰτεῖ.
563 1546 626 1606 Ὀ
658 1544 716 1603 δὲ
758 1559 954 1629 χεῖρας
984 1570 1043 1608 τε
1073 1550 1157 1607 καὶ
1218 1549 1412 1631 φρένας
1455 1551 1605 1616 εὐθὺς
1663 1553 1737 1617 εἷς
1792 1553 2012 1630 οὐρανὸν

364 1635 518 1713 ἄρας,
552 1636 641 1694 καὶ
680 1637 863 1716 ὥσπερ
916 1637 1105 1696 εἴωθεν
1148 1638 1524 1716 ἐπευξάμενος,
1572 1644 1695 1699 εἶτα
1751 1647 1819 1719 τῇ
1869 1643 2013 1724 χειρὶ

360 1732 457 1783 τοῦ
512 1725 815 1804 τραύματος
872 1725 1209 1808 ἐπαφῶντος,
1272 1725 1336 1785 '12
1395 1730 1667 1807 βέλτιστε,
1708 1730 1877 1808 λέγει,
1911 1733 2008 1790 ἂν-

2090 576 2249 636 iisset
2281 578 2709 646 monachatum,
2734 588 3011 653 tanquam
3039 584 3186 642 alius
3213 585 3339 654 Job,
3362 586 3516 645 malo
3544 588 3738 648 ulcere

2094 664 2419 743 percutitur
2446 681 2481 725 a
2526 663 2804 741 maligno.
2839 664 3052 728 Totum
3111 668 3272 730 enim
3331 670 3463 750 ejus
3492 671 3736 736 dorsum

2093 750 2256 829 gravi
2284 750 2422 814 ferit
2453 751 2787 816 vulnereJd
2821 760 3018 817 autem
3054 756 3315 839 desuper
3342 777 3376 822 a
3396 760 3549 824 collo
3580 761 3735 825 inci-

2096 840 2293 921 piens,
2326 849 2391 932 ,et
2427 859 2668 904 carnem
2700 849 2882 906 totam
2916 843 3253 927 depascens
3282 848 3648 932 deperdidit,
3681 858 3742 915 et

2092 948 2225 1010 quae
2250 931 2364 993 sub
2396 948 2466 992 ea
2495 939 2685 1002 erant,
2720 950 2857 996 ossa
2878 952 3027 1015 pure
3054 935 3321 1002 nudavit.
3357 938 3542 1002 Acres
3568 931 3736 1015 vero,

2092 1025 2152 1082 et
2179 1019 2282 1100 qui
2308 1019 2505 1082 verbis
2537 1021 2790 1103 exprimi
2817 1024 3397 1100 nequeunt,dolores
3427 1028 3735 1090 hominem

2093 1114 2497 1198 penetrantes,
2532 1127 2729 1198 neque
2757 1117 2990 1173 rectum
3017 1119 3318 1195 stare,nec
3347 1117 3732 1198 accumbere,

2091 1196 2200 1259 sed
2232 1214 2429 1286 neque
2448 1197 2664 1260 sedere
2682 1199 2956 1262 sinebant
2978 1200 3108 1263 sine
3130 1203 3539 1268 cruciatu.Hic
3570 1196 3734 1286 ergo,

2092 1284 2370 1349 omnibus
2403 1294 2460 1349 et
2492 1286 2742 1349 medicis
2766 1297 2826 1350 et
2844 1288 3075 1352 artibus
3097 1292 3434 1370 praeteritis,
3469 1294 3544 1356 ad
3573 1284 3734 1357 Mar;

2093 1375 2310 1438 cellum
2349 1373 2634 1457 solum,et
2652 1394 2759 1455 per
2777 1376 2949 1440 illum
2972 1378 3043 1439 ad
3064 1378 3254 1441 Deum
3286 1382 3637 1460 confugit,et
3662 1383 3736 1445 ab

2095 1482 2169 1527 eo
2202 1464 2347 1545 petit
2374 1465 2769 1528 curationem.
2804 1465 2912 1530 Ille
2966 1475 3165 1529 autem
3221 1488 3356 1531 cum
3408 1490 3619 1534 manus
3680 1480 3740 1534 et

2095 1561 2359 1617 mentem
2391 1557 2587 1617 statim
2621 1554 2684 1616 in
2718 1555 2901 1618 altum
2931 1556 3299 1634 sustulisset,
3352 1568 3411 1622 et
3441 1568 3504 1622 ut
3532 1562 3741 1623 solitus

2096 1652 2247 1718 erat,
2281 1653 2535 1725 orasset,
2570 1644 2791 1708 deinde
2826 1664 3003 1708 manu
3034 1647 3204 1709 ulcus
3237 1657 3494 1712 tractans
3527 1667 3542 1714 :
3577 1649 3624 1713 Ο
3654 1651 3742 1711 vir

2095 1734 2564 1815 optime,inquit,
2577 1743 2635 1797 te
2657 1735 2901 1815 quidem
2926 1735 3001 1797 ab
3023 1737 3122 1798 his
3150 1756 3270 1801 non
3304 1747 3537 1820 oportet
3566 1757 3740 1821 supeo

368 1814 525 1893 δρῶν,
579 1815 640 1872 σὲ
697 1816 797 1892 μὲν
842 1817 902 1875 οδ
931 1815 1069 1875 δέον·
1103 1820 1214 1875 τῶν
1268 1820 1525 1877 τοιούτων
1579 1823 1859 1889 ἡττᾶσθαι·
1894 1818 2011 1879 οῦδὲ

2100 1824 2236 1887 rari.
2269 1814 2479 1905 Neque
2500 1814 2827 1886 enimeum
2852 1830 2952 1907 qui
2986 1836 3205 1907 pugnat
3233 1814 3369 1890 cum
3401 1829 3475 1891 iis
3503 1814 3742 1909 quinon

376 1906 473 1983 γὰρ
516 1906 577 1962 τὸ
633 1907 768 1985 πρὸς
818 1905 1073 1986 ἀοράτως
1134 1909 1456 1988 μαχόμενον
1514 1909 1837 1990 ἐπιστροφήν
1900 1910 2012 1990 χρὴ

376 2000 468 2072 τῇς
511 1995 710 2073 σαρκὸς
739 1999 1020 2054 ποιεῖσθαι
1057 2012 1072 2028 ⁸
1107 1995 1252 2059 πλὴν
1280 1997 1418 2055 ἀλλά
1453 1999 1625 2078 θάῤῥει
1657 2018 1674 2037 ⁸
1706 2002 1799 2058 τὸν
1826 1999 2009 2075 ’Ὕψι-

366 2105 494 2141 στον
557 2086 657 2163 γάρ
715 2107 800 2142 σοι
870 2085 1075 2163 θεμένῳ
1152 2089 1463 2169 καταφυγὴν
1542 2092 1578 2158 ἡ
1637 2090 1829 2165 μάστιξ
1877 2092 2012 2158 αῦτη

363 2173 609 2253 φεύξεται
652 2177 748 2233 τοῦ
810 2175 1168 2254 σκηνώματός
1233 2200 1355 2245 σου.
1406 2178 1635 2257 Εἵρητο,
1695 2182 1784 2237 καὶ
1838 2181 2013 2242 πάντα

365 2265 514 2330 εῦθὺς
579 2266 805 2344 ἑωρᾶτο,
859 2268 996 2341 ὁμοῦ
1049 2266 1119 2324 τά
1174 2269 1332 2348 ὀστᾶ,
1381 2270 1434 2326 αἱ
1483 2270 1694 2348 σάρκες,
1745 2273 1806 2328 τὸ
1848 2269 2013 2351 δέρμα

363 2355 646 2432 περιταθὲν
725 2354 818 2412 καί
877 2357 929 2413 αἱ
1002 2354 1180 2415 ὀδύναι
1250 2357 1626 2436 παυσάμεναι,
1690 2361 1765 2425 ὡς
1824 2368 2015 2440 μικροῦ

364 2445 722 2523 πληρωθῆναι
768 2447 853 2502 καὶ
912 2446 1035 2504 τότε
1075 2447 1138 2504 τὰ
1193 2448 1334 2526 ἱερὸν
1379 2453 1472 2505 τοῦ
1514 2446 1774 2521 Ἰεζεκιὴλ
1832 2449 2042 2530 λόγιον·

364 2535 450 2609 τὸ,
517 2556 545 2589 ι
594 2531 780 2608 Εἶδον,
839 2538 928 2593 καὶ
969 2534 1079 2594 ίδοδ
1121 2536 1208 2595 ἐπ’
1269 2538 1402 2597 αὐτὰ
1459 2544 1614 2617 νεῦρα
1675 2542 1765 2597 καὶ
1822 2540 2012 2620 σάρκες

364 2620 604 2703 ἐρύοντο,
636 2623 726 2680 καὶ
750 2621 1022 2683 ἀνέϐαινεν
1052 2626 1138 2684 ἐπ’
1166 2626 1298 2684 αὑτὰ
1328 2625 1494 2705 δέρμα
1536 2626 1738 2689 ἐπάνω.
1779 2650 1804 2688 ι

2096 1919 2235 1975 sunt
2261 1911 2683 1995 aspectabiles,
2721 1923 2965 1994 oportet
2991 1934 3205 1996 gerere
3255 1934 3458 1979 curam
3516 1918 3738 1981 carnis.

2096 2001 2214 2066 Sed
2241 2001 2651 2066 conﬁde.Nam
2678 2004 2726 2065 si
2753 2003 2859 2065 tibi
2880 2005 3253 2069 Altissimum
3278 2008 3554 2087 posueris
3574 2007 3743 2068 refu-

2096 2090 2480 2171 gium,fugiet
2510 2093 2636 2155 haec
2667 2093 2839 2173 plaga
2862 2112 2896 2156 a
2928 2102 3027 2156 tuo
3058 2095 3468 2158 tabernaculo.
3502 2095 3739 2158 Dictum

2095 2181 2307 2257 fuerat,
2341 2190 2401 2245 et
2431 2181 2633 2244 omnia
2668 2183 2847 2245 simul
2880 2183 3153 2264 protinus
3197 2183 3738 2265 videbantur,ossa,

2099 2271 2539 2353 carnes,pellis,
2572 2271 2672 2333 illa
2696 2272 2942 2349 quidem
2975 2274 3256 2352 tecta,haa
3285 2292 3424 2336 vero
3454 2274 3737 2356 repletae;

2098 2362 2269 2444 pellis
2286 2369 2487 2425 autem
2511 2369 2776 2425 extensa:
2803 2361 3162 2445 doloresque
3183 2362 3739 2444 cessaverant,adeo

2096 2451 2251 2513 utin
2281 2469 2356 2514 eo
2418 2452 2850 2532 propemodum
2911 2452 3226 2534 impletum
3270 2452 3452 2516 fuerit
3501 2470 3738 2516 sacrum

2096 2540 2443 2621 praedictum
2476 2541 2810 2627 Ezechielis
2845 2561 2860 2602 :
2894 2563 2918 2600 ιι
2944 2542 3259 2624 Aspexi,et
3287 2560 3429 2605 ecce
3457 2559 3639 2623 super
3672 2559 3745 2604 ea

2096 2630 2261 2692 nervi
2290 2638 2349 2692 et
2377 2649 2589 2694 carnes
2615 2630 3036 2707 nascebantur,
3100 2639 3162 2693 et
3217 2631 3392 2714 pellis
3452 2648 3636 2712 super
3672 2648 3743 2693 ea

2092 2719 2456 2784 ascendebat
2482 2721 2534 2783 2.
2573 2745 2597 2781 ι)

452 2801 561 2862 ΚΔ¹
626 2801 761 2863 ’Ὅτι
790 2801 847 2860 δὲ
888 2805 949 2861 οῦ
979 2827 1054 2863 πα
1101 2807 1116 2828 “
1248 2807 1260 2829 ’
1387 2808 1400 2824 ’
1469 2811 1497 2866 θ
1527 2808 1556 2824 ’
1695 2815 1717 2827 ”
1858 2808 1873 2828 ’
1923 2809 1937 2827 ‘

575 2848 592 2866 ,
1057 2827 1164 2885 ρων
1189 2828 1355 2883 μονον
1384 2830 1413 2865 ο
1500 2830 1617 2873 ειος
1660 2830 1813 2875 ουτος
1849 2831 2009 2890 ανηρ,

2164 2812 2300 2870 XXI.
2335 2814 2499 2881 Quod
2527 2822 2717 2873 autem
2747 2828 2864 2872 non
2887 2813 3075 2873 solum
3096 2827 3350 2886 praesens
3376 2813 3471 2871 hic
3489 2811 3583 2870 vir
3604 2812 3745 2870 divi-

369 2891 510 2949 ἀλλὰ
537 2893 621 2950 καὶ
652 2893 804 2951 ἀπὼν
834 2893 1030 2968 ὁμοίως
1087 2896 1525 2977 ἓθαυματούργει,
1559 2899 1620 2954 τὸ
1663 2898 1755 2955 ἐπὶ
1804 2899 2013 2963 τούτοις

2100 2897 2349 2971 nus,sed
2381 2899 2561 2960 etiam
2582 2899 2802 2962 absens
2831 2899 3114 2961 similiter
3140 2897 3396 2962 faciebat
3427 2897 3735 2978 miracula,

372 2980 622 3049 δηλώσει.
670 2982 846 3056 Ἀνδρί
893 3006 995 3041 τινι
1044 2986 1275 3063 Εὗγενίῳ
1325 2986 1425 3062 μὲν
1481 2985 1736 3064 τοῦνομα,
1785 2986 2013 3062 διακόνῳ

2100 2986 2420 3050 declarabit
2443 2987 2501 3048 id
2528 2988 2684 3069 quod
2708 2989 3000 3068 sequitur.
3020 2985 3264 3051 Quidam
3295 2987 3443 3062 viro,
3469 2985 3738 3066 Eugenio

368 3070 425 3129 δὲ
455 3074 518 3128 τὸ
541 3075 674 3152 ἱερὸν
718 3073 949 3151 ἀξίωμα,
995 3074 1170 3140 ἒπίτεξ
1214 3076 1280 3144 ἧν
1322 3077 1357 3144 ἡ
1388 3076 1546 3154 γυνή,
1583 3074 1732 3135 Ἐπεὶ
1782 3074 1837 3133 δὲ
1887 3099 2011 3134 και-

2100 3075 2338 3157 quidem
2373 3077 2639 3152 nomine,
2671 3076 2921 3140 diacono
2944 3083 3142 3138 autem
3172 3094 3342 3139 sacra
3360 3075 3739 3151 auctoritate,

366 3164 457 3241 ρὸς
500 3185 592 3219 του
649 3163 807 3221 τόκου
850 3172 1051 3240 παρῆν,
1097 3167 1320 3243 πυρετὸς
1379 3166 1544 3235 αὑτὴν
1601 3180 1827 3247 συνεῖχε
1872 3188 2011 3246 σφο-

2100 3183 2243 3226 uxor
2269 3168 2641 3240 parturiebat.
2674 3168 2813 3258 Cum
2851 3182 2981 3258 vero
3009 3168 3232 3227 adesset
3257 3176 3482 3238 tempus
3522 3175 3742 3258 partus.

367 3249 513 3332 δρός,
550 3254 609 3309 Αἱ
639 3252 737 3329 μέν
771 3255 860 3310 οῦν
904 3253 1093 3320 ὠδῖνες
1122 3254 1315 3328 ὀξεῖαι,
1363 3256 1391 3311 ὀ
1422 3253 1476 3311 δὲ
1525 3257 1750 3334 πυρετὸς
1792 3255 2009 3337 λάϐρος.

2100 3255 2421 3316 vehemens
2449 3271 2578 3315 eam
2610 3252 2822 3314 invasit
2853 3252 3262 3334 febris.Atque
3294 3262 3466 3315 erant
3497 3252 3739 3333 quidem

365 3341 543 3409 Τπῆν
574 3349 663 3399 οῦν
705 3344 801 3408 τάς
835 3366 905 3412 τη
937 3345 1098 3419 μαίας
1147 3350 1235 3401 καὶ
1267 3346 1388 3410 τοὺς
1435 3346 1646 3423 ἰατροὺς
1691 3347 2012 3424 ἀπρακτεῖν,

2100 3360 2266 3407 acres
2295 3342 2747 3418 dolores,febris
2770 3351 2966 3406 autem
2991 3341 3273 3417 violenta;
3298 3341 3505 3405 otiosis
3538 3343 3743 3420 itaque

366 3433 456 3490 καὶ
498 3433 594 3507 μία
651 3431 838 3490 λοιπὸν
897 3432 1049 3499 ἐλπὶς
1096 3436 1123 3490 ὁ
1171 3433 1483 3513 Μάρκελλος
1538 3436 1629 3502 ἧν,
1690 3427 1748 3495 Ὀ
1807 3438 1905 3512 μὲν
1947 3434 2013 3504 δὴ

2100 3451 2233 3495 esse
2263 3430 2691 3495 obstetricibus
2727 3431 2948 3495 licebat
2984 3439 3042 3493 et
3073 3432 3342 3506 medicis,
3370 3439 3432 3495 et
3462 3449 3580 3493 una
3609 3448 3747 3511 spes

367 3524 737 3602 προσηύχετο,
774 3524 801 3579 ὁ
831 3520 886 3579 δέ
915 3530 1022 3580 τῶν
1054 3521 1234 3580 ποδῶν
1277 3522 1499 3598 ἥπτετο,
1548 3526 1636 3581 καὶ
1665 3524 1811 3602 λέγει
1842 3525 2013 3582 πάντα

2100 3522 2384 3602 deinceps
2418 3531 2541 3584 erat
2566 3521 2904 3584 Marcellus.
2936 3520 3009 3583 Et
3057 3528 3302 3584 sanctus
3329 3521 3572 3602 quidem
3606 3537 3742 3582 ora-

368 3613 527 3692 ὁμοῦ,
586 3613 679 3668 τὸν
737 3613 980 3694 τοκετὸν,
1036 3614 1126 3669 τὸν
1184 3612 1450 3693 φλογμὸν,
1500 3615 1559 3670 τὸ
1610 3614 1694 3670 ἐπὶ
1725 3613 1877 3690 ξυροῦ
1918 3616 2013 3682 τὴν

2100 3611 2221 3689 bat;
2256 3610 2563 3691 Eugenius
2593 3619 2790 3673 autem
2823 3612 2955 3691 ejus
2986 3610 3172 3692 pedes
3193 3611 3534 3692 prensabat,
3559 3611 3660 3691 qui
3693 3608 3751 3671 ei

367 3715 601 3781 γυναῖκα
648 3701 918 3764 ἵστασθαι.
977 3703 1037 3761 Τί
1093 3710 1183 3759 οῦν
1231 3703 1291 3760 τὸ
1323 3702 1444 3771 ἑξῆς
1482 3721 1498 3779 ;
1530 3702 1728 3781 ’Ἄρτον
1782 3705 2013 3782 εὸλογή-

2101 3700 2301 3763 omnia
2328 3700 2508 3764 simul
2541 3700 2976 3781 dicit,partum,
3002 3699 3751 3780 inﬂammationem,super

367 3813 466 3854 σας
512 3793 540 3848 ὁ
596 3790 766 3869 μέγας
822 3793 966 3867 αὕτῷ
1039 3790 1241 3865 δίδωσι,
1303 3792 1399 3847 καί
1444 3799 1521 3867 τῷ
1578 3793 1758 3861 στήθει
1816 3792 2013 3849 κελεύει

2101 3790 2428 3865 novaculae,
2464 3797 2529 3851 ut
2558 3790 2743 3871 aiunt,
2792 3790 2980 3851 aciem
3036 3796 3195 3852 stare
3225 3790 3564 3852 mulierem.
3594 3786 3749 3860 Quid

366 3885 541 3940 θεῖναι
598 3886 697 3948 τῆς
744 3882 1017 3960 γυναικός.
1076 3884 1175 3942 Καὶ
1232 3883 1290 3945 ὅς
1341 3883 1507 3939 ἑποίει
1555 3883 1617 3938 τὸ
1649 3883 2011 3961 προσταχθὲν,

2100 3878 2349 3943 deinde?
2371 3878 2515 3942 Cum
2535 3897 2746 3959 panem
2768 3878 3177 3942 benedixisset
3207 3896 3455 3956 magnus
3475 3877 3577 3939 ille
3593 3876 3749 3938 Mar-

367 3973 459 4031 καὶ
502 3977 844 4052 παραχρῆμα
885 3977 984 4040 τῆς
1044 3975 1272 4052 γαστρὸς
1333 3972 1578 4052 ἐκτρέχει
1630 3973 1689 4028 τὸ
1733 3972 1949 4051 βρέφος,
1988 3974 2013 4027 ὁ

2101 3972 2303 4052 cellus,
2334 3972 2385 4030 ei
2410 3972 2603 4036 donat,
2635 3979 2691 4028 et
2721 3986 2850 4028 eum
2869 3972 3031 4044 jubet
3050 3972 3187 4042 poni
3209 3986 3380 4043 supra
3405 3981 3602 4044 pectus
3630 3982 3750 4025 mu-

370 4063 592 4139 πυρετὸς
639 4059 692 4117 δέ
737 4068 829 4119 τοῦ
872 4063 1147 4136 σώματος.
1204 4064 1301 4121 Καὶ
1353 4060 1486 4129 αὕτη
1547 4061 1727 4141 ὥσπερ
1758 4061 1819 4118 ἐκ
1863 4063 2013 4138 βυθοῦ

2103 4046 2383 4113 lierllele
2403 4068 2539 4111 vero
2563 4055 2693 4112 fecit
2712 4054 2867 4126 quod
2882 4055 2931 4111 ei
2959 4053 3303 4125 imperatum
3324 4054 3590 4122 fuerat,et
3609 4070 3750 4128 pro-

374 4173 520 4214 τινος
561 4153 647 4208 καὶ
690 4150 815 4225 ᾅδου
877 4151 1259 4232 ἀνενεγκοῦσα.
1332 4158 1442 4211 Ποῦ
1502 4152 1669 4225 ἐστιν,
1733 4150 1937 4229 ἔλεγεν,
1994 4152 2013 4207 ἑ

2105 4145 2266 4207 tinus
2289 4144 2488 4207 infans
2509 4144 2815 4223 egreditur
2835 4162 2905 4205 ex
2927 4150 3187 4218 utero,et
3209 4144 3393 4207 febris
3415 4164 3448 4206 e
3471 4165 3748 4228 corpore,

380 4260 649 4306 παραστας
685 4243 805 4317 ἐμοὶ
849 4244 1093 4323 μοναχὸς
1137 4244 1164 4298 ὁ
1194 4242 1519 4317 ἱασάμενος;
1569 4243 1673 4298 ποῦ
1702 4243 1729 4296 ὁ
1757 4241 1853 4308 τὴν
1885 4241 2013 4316 ἒμὴη

2104 4234 2211 4297 Illa
2237 4242 2438 4297 autem
2473 4242 2751 4323 tanquam
2778 4251 2849 4297 ex
2871 4233 3052 4323 fossa
3072 4233 3270 4314 aliqua
3296 4243 3403 4323 aut
3432 4253 3504 4297 ex
3543 4236 3751 4298 inferis

376 4327 602 4394 ἐλκόσας
643 4331 693 4397 ἐξ
752 4329 878 4404 ᾅδου
937 4321 1174 4411 dux-iv;
1261 4330 1626 4410 Ἐρωτωμένη
1684 4328 1740 4386 δὲ
1806 4330 1894 4386 καὶ
1943 4330 2013 4394 τίς

2106 4333 2265 4388 esset
2285 4340 2563 4387 reversa:
2597 4321 2712 4386 Ubi
2745 4321 3197 4411 est,inquit,qui
3229 4321 3378 4384 mihi
3406 4323 3599 4386 adfuit
3629 4344 3752 4386 mo-

374 4426 527 4483 οὗτος
571 4422 659 4477 καὶ
700 4422 821 4485 οἶος
871 4410 1344 4500 αὒτῇῃπαρίστατο
1416 4420 1510 4487 τὴν
1579 4420 1816 4499 μορφὴν,
1876 4419 2013 4483 εὑθὺς

2106 4417 2424 4483 nachus,et
2456 4431 2549 4474 me
2578 4412 2857 4475 curavit?
2884 4410 2999 4475 Ubi
3026 4421 3139 4490 est,
3171 4412 3387 4493 inquit,
3423 4420 3523 4495 qui
3556 4433 3749 4477 meam

373 4508 583 4566 ἅπαντα
626 4507 843 4590 διεξῄει,
902 4512 962 4567 τὸ
1009 4516 1225 4590 σχῆμα,
1273 4510 1370 4578 τὴν
1417 4509 1603 4589 τρίχα,
1641 4511 1737 4578 τὴν
1796 4508 2013 4589 στολὴν1

2105 4506 2365 4568 animam
2399 4502 2649 4565 extraxit
2674 4502 2748 4563 ab
2777 4501 3031 4567 inferis?
3085 4502 3233 4562 Cum
3265 4510 3462 4563 autem
3490 4503 3754 4566 interro-

372 4609 474 4666 τήν
532 4600 743 4679 μορφὴν
796 4602 882 4657 καὶ
939 4606 1015 4674 τῷ
1071 4599 1220 4679 λόγῳ
1272 4600 1446 4656 πάντα
1506 4599 1831 4680 ὑπέγραφεν,
1884 4598 2013 4656 ὥστε

2105 4603 2367 4675 garetur,
2401 4591 2679 4670 quisnam
2714 4599 2773 4653 et
2821 4590 2980 4671 quali
3031 4590 3222 4680 forma
3255 4590 3305 4652 is
3336 4599 3519 4672 esset,
3552 4592 3753 4655 statim

372 4690 464 4747 καὶ
516 4691 638 4755 τοὺς
698 4691 759 4748 οὗ
818 4688 1016 4770 σφόδρα
1075 4690 1321 4752 συνετοὺς
1385 4687 1682 4763 συμϐαλεῖν
1741 4679 1825 4746 ὅτι
1870 4696 2013 4753 οὗτος

2108 4685 2307 4747 omnia
2335 4682 2564 4752 retulit,
2593 4679 3165 4770 figuram,icapillos,
3197 4686 3442 4770 vestem,
3477 4681 3754 4760 formam,

373 4780 585 4842 ἐκεῖνος
643 4779 706 4848 ἧν
781 4781 809 4836 δ
870 4769 1181 4856 θαυμαστὸς
1250 4777 1584 4850 Μάρκελλος.
1636 4778 1866 4846 Κάκείνη
1926 4779 2013 4854 μὲν

2110 4783 2169 4836 et
2198 4775 2397 4835 omnia
2427 4770 2786 4851 descripsit:
2819 4769 2997 4850 adeo,
3033 4781 3100 4833 ut
3127 4770 3219 4831 vel
3248 4769 3422 4850 ii,qui
3452 4779 3623 4833 erant
3653 4771 3762 4832 ad-

371 4875 627 4927 τοσοῦτον
671 4868 984 4949 Μαρκέλλου
1027 4868 1121 4925 καὶ
1167 4868 1396 4934 ἀπόντος
1446 4867 1722 4944 ἀπώνατο,
1775 4868 1913 4925 ὥστε
1957 4866 2013 4924 δέ

2114 4863 2354 4926 modum
2387 4862 2708 4949 sapientes,
2738 4858 3151 4949 intelligerent
3190 4859 3355 4949 illum
3389 4860 3587 4949 ipsum
3623 4877 3759 4922 esse

376 4960 535 5016 αὗτὸν
562 4964 648 5017 καὶ
678 4965 772 5037 ζῇν
804 4960 893 5016 καὶ
924 4972 1126 5022 τεκεῖν.

2110 4951 2452 5015 Marcellum
2503 4946 2943 5012 admirabilem.
2978 4950 3175 5029 Atque
3234 4948 3340 5010 illa
3383 4948 3627 5030 quidem
3688 4966 3760 5010 ex

2113 5041 2391 5109 Marcello
2426 5043 2511 5103 vel
2569 5038 2819 5101 absente
2867 5045 3094 5118 tantum
3125 5037 3386 5100 fructum
3417 5048 3507 5101 est
3537 5055 3759 5100 conse-

2112 5141 2271 5209 cuta,
2305 5140 2368 5193 ut
2397 5148 2506 5211 per
2534 5130 2727 5210 ipsum
2761 5134 2819 5188 et
2848 5126 3059 5189 vixerit
3088 5134 3146 5189 et
3178 5126 3512 5209 pepererit.

2191 5219 2534 5294 XXII.Quid
2563 5235 2702 5278 vero
2731 5214 3170 5299 Eudoxius,qui
3202 5218 3331 5296 ipse
3361 5234 3601 5297 quoque
3631 5235 3756 5280 non

2111 5317 2416 5393 parvus,et
2438 5327 2555 5371 non
2582 5324 2757 5389 parva
2779 5315 2871 5368 est
2894 5310 3394 5380 consecutus,hec
3431 5305 3755 5387 ejusmodi,

2108 5412 2175 5463 ut
2202 5402 2318 5463 sint
2347 5400 2557 5463 leviter
2590 5393 3054 5460 consideranda?
3088 5395 3205 5459 Sed
3238 5395 3350 5458 fuit
3379 5394 3481 5457 ille
3513 5394 3758 5476 quidem

2107 5492 2218 5573 vir,
2245 5490 2347 5575 qui
2378 5507 2441 5553 se
2472 5485 2787 5551 exercebat
2822 5502 2837 5549 :
2897 5485 3002 5548 sed
3051 5495 3177 5549 erat
3225 5485 3281 5550 ei
3313 5491 3501 5547 totum
3535 5501 3758 5569 corpus

464 5225 593 5290 KB'.
654 5227 714 5285 Τί
757 5225 812 5284 δὲ
845 5225 912 5295 δὴ
970 5229 1057 5284 καὶ
1123 5224 1420 5303 Εὖδόξιοςς
1478 5223 1594 5283 οῦδὲ
1646 5226 1746 5305 γὰρ
1804 5225 2027 5304 σμικρὸς

377 5324 533 5383 οῦτος
576 5317 613 5386 ἢ
674 5324 914 5396 σμικρῶν
985 5319 1072 5374 καὶ
1130 5316 1263 5374 οἴων
1323 5316 1727 5395 παραθεωράσαι
1754 5387 1757 5389 Α
1782 5335 2025 5394 τετυχη-

377 5408 524 5489 χώς.
561 5405 717 5465 Ἀλλ’
761 5406 897 5486 ἀνὴρ
937 5406 1035 5484 μὲν
1078 5405 1284 5470 ἐκεῖνος
1329 5405 1594 5478 ἀσκητης,
1642 5403 1766 5461 ὅλον
1795 5401 1848 5459 δὲ
1880 5425 2024 5481 παρ-

377 5512 497 5557 εῖτο
528 5498 589 5555 τὸ
642 5502 804 5573 σῶμα
859 5499 945 5554 καὶ
999 5498 1094 5563 τὰς
1151 5497 1405 5570 ἁρμονίας
1448 5494 1687 5570 ἐλέλυτο,
1739 5498 1934 5575 εὒΑαῖς
1969 5491 2024 5550 δὲ

457 5677 492 5730 3
516 5673 740 5745 Ezech.
773 5691 990 5752 χχχιιι,
1021 5671 1082 5747 8,
