4066 6404
404 345 523 411 727

1715 340 1875 403 ΜΕΝ
1879 337 1992 401 SIS
2044 335 2478 401 DEGEMBER.

3672 338 3791 402 728

410 478 771 560 relaxatum,
790 484 850 542 et
879 476 1090 542 solutae
1118 482 1518 540 erantomnes
1537 476 1667 556 ejus
1697 492 2012 555 compages
2045 491 2057 536 :

2148 482 2241 533 τοῦ
2280 473 2518 552 μεγάλου
2564 476 2652 530 και
2683 471 2928 551 δάκρυσιν
2970 471 3006 540 ἥ
3050 493 3108 529 τε
3136 468 3285 537 λύσις
3333 471 3478 546 αὒτῷ
3521 478 3629 529 τῶν
3681 495 3787 549 με-

413 568 697 652 precibus
726 576 925 631 autem
978 576 1040 630 et
1094 565 1369 646 lacrymis
1406 565 1603 644 magni
1652 563 1935 640 Marcelli,
1998 572 2058 627 et

409 659 660 723 astricta
675 658 784 721 fuit
815 655 1222 719 membrorum
1242 654 1547 724 solutio,et
1568 653 1729 735 quod
1761 662 1851 716 est
1881 654 2056 733 longe

414 750 634 830 majus,
670 748 771 829 qui
803 746 983 828 paulo
1013 752 1151 808 ante
1174 742 1414 825 jacebat
1443 744 1501 805 in
1532 742 1939 824 lecto,missus
1967 752 2059 807 est

413 847 478 902 ut
510 838 760 901 serviret
789 836 943 898 aliis.
978 834 1146 907 Quod
1181 851 1321 896 vero
1378 832 1575 912 angeli
1606 851 1847 915 quoque
1877 834 2057 898 simul

410 935 581 991 erant
607 944 745 989 cum
779 923 1084 1000 Marcello,
1097 931 1156 987 et
1179 923 1432 985 maxime
1455 940 1590 983 cum
1612 921 1685 984 ad
1717 940 1931 1003 preces
1957 942 2057 986 ac-

410 1015 1079 1095 cederet,declarabunt
1110 1034 1244 1098 quae
1274 1033 1410 1077 mox
1439 1014 2054 1096 sequuntur.Quidam

408 1108 678 1188 Sergius,
712 1107 816 1189 qui
844 1107 973 1188 ipse
1003 1125 1243 1186 quoque
1262 1113 1512 1186 prmerat
1540 1105 1708 1185 gregi
1739 1105 2053 1186 capacira-

406 1198 609 1273 tionis,
644 1204 704 1259 et
734 1195 811 1260 ad
868 1197 1096 1259 ﬂumen
1147 1192 1452 1257 habitabat
1485 1194 1874 1275 Euphratem,
1910 1195 2055 1258 illuc

407 1305 651 1370 quoque
667 1285 1112 1349 famaveniente
1141 1284 1216 1346 de
1243 1283 1819 1357 Marcello,efiicitur
1838 1285 2058 1347 ardens

2138 564 2243 623 λῶν
2278 564 2580 645 ἐσφίγγετο,
2613 564 2701 621 καὶ
2730 565 2789 621 τὸ
2821 570 3035 644 μεῖζον,
3067 561 3252 626 ἄλλοις
3278 564 3569 642 ὑπηρετεῖν
3628 566 3657 620 6
3685 566 3789 643 πρὸ

2138 662 2326 734 μικροῦ
2386 654 2642 733 κλινήρης
2712 652 3008 730 ἐπέμπετο.
3087 651 3221 710 ’Ὀτι
3291 651 3348 709 δὲ
3421 653 3510 710 καὶ
3568 652 3787 732 ἄγγελοι

2140 742 2437 818 Μαρκέλλῳ
2480 746 2737 814 συνῆσαν,
2771 743 2865 800 καὶ
2916 740 3147 818 μάλιστα
3188 740 3462 821 προσιόντι
3515 748 3583 819 τῇ
3612 764 3790 820 προσο

2139 839 2306 914 ευχῆ,
2363 835 2431 891 τὰ
2480 834 2618 891 κατὰ
2665 831 2831 898 πόδας
2901 830 3159 900 δηλώσει.
3232 830 3454 911 Σέργιός
3514 853 3598 896 τις
3658 832 3792 911 ἀνὴρ

2137 926 2368 999 ποίμνης
2396 923 2485 981 καὶ
2513 924 2669 989 αὐτὸς
2727 922 2952 1002 λογικῆς
3013 921 3367 1001 ἐξηγούμενος
3409 921 3511 979 καῖ
3548 929 3627 997 τῷ
3688 944 3792 979 πο·-

2137 1017 2293 1090 ταμῷ
2323 1014 2623 1092 προσοικῶν
2673 1013 2946 1093 Εὐφράτη,
2980 1017 3079 1081 τῆς
3127 1013 3317 1092 φήμης
3360 1013 3526 1069 κάκεῖ
3582 1012 3794 1091 φοιτώ-

2138 1124 2239 1169 σης
2289 1104 2390 1170 τῆς
2447 1103 2567 1181 περὶ
2622 1100 2959 1180 Μάρκελλον,
3026 1102 3226 1180 γίνεται
3287 1103 3389 1169 τῆς
3464 1109 3560 1160 τοῦ
3605 1101 3793 1179 ἂνδρὸς

2138 1194 2331 1273 ἀρετῆς
2374 1190 2600 1259 διακαὴς
2659 1191 2906 1270 ἐραστής.
2973 1183 3064 1254 Ὠς
3124 1191 3180 1247 δὲ
3232 1191 3319 1248 ἐπὶ
3381 1198 3577 1273 μεῖζον
3633 1192 3794 1271 ᾔρετο

2136 1272 2206 1340 τα
2258 1286 2357 1352 τῆς
2401 1285 2610 1362 φήμης,
2643 1281 2894 1355 ἐπιθυμεῖ
2939 1282 3027 1338 καὶ
3059 1283 3132 1345 εἷς
3165 1280 3289 1357 ὄψιν
3320 1281 3527 1343 ἐλθεῖν.
3564 1272 3657 1344 Ὠς
3704 1284 3795 1338 οὖν

408 1387 639 1443 amator
660 1377 829 1441 illius
847 1374 1254 1439 virtutis.Cum
1278 1382 1477 1436 autem
1502 1373 1657 1435 fama
1680 1374 1844 1436 illius
1873 1376 2057 1456 magis

2142 1372 2241 1439 ἧκε
2297 1373 2386 1429 καὶ
2431 1372 2529 1439 τὴν
2571 1371 2768 1449 πεῖραν
2812 1373 2956 1448 εὗρεν
2999 1371 3129 1449 ὑπέρ
3184 1372 3282 1437 τὴν
3324 1373 3542 1449 φήμην,
3615 1371 3797 1427 στάντι

409 1466 811 1542 cresceret,ad
845 1467 974 1546 ejus
999 1483 1239 1547 quoque
1272 1470 1658 1545 conspectum
1681 1464 1886 1527 venire
1909 1465 2057 1527 desi-

2145 1464 2219 1527 είς
2267 1460 2581 1541 προσευχὴν
2636 1466 2715 1534 τῷ
2784 1460 3082 1540 Μαρκέλλῳ
3125 1463 3214 1519 καὶ
3254 1461 3409 1525 αὒτὸς
3462 1461 3798 1542 συνηύχετο.

411 1558 822 1639 derat.Itaque
853 1563 1168 1637 postquam
1200 1555 1379 1626 venit,
1404 1561 1463 1617 et
1494 1571 1622 1616 rem
1648 1555 1841 1636 ipsam
1872 1574 2057 1635 expe-

2143 1550 2291 1610 Ἐπεὶ
2336 1553 2425 1607 οὖν
2482 1553 2692 1615 ἐκεῖνος
2721 1549 2890 1607 κλίνοι
2922 1552 3023 1618 τὴν
3054 1550 3292 1630 κεφαλὴν
3348 1553 3437 1607 καὶ
3496 1551 3710 1627 κάμψοι
3741 1552 3801 1607 τὸ

409 1648 629 1712 rientia
657 1646 885 1709 invenit
935 1663 1070 1709 esse
1100 1646 1256 1707 fama
1304 1644 1617 1723 majorem,
1666 1652 1941 1725 precatus
1970 1653 2057 1707 est

2142 1644 2291 1723 γόνυ,
2324 1644 2352 1698 6
2384 1641 2481 1717 μὲν
2506 1640 2703 1715 ἔκειτο,
2740 1644 2767 1697 ὁ
2816 1639 2870 1697 δὲ
2920 1643 3015 1719 ὁρᾷ
3071 1643 3250 1699 ἐκεῖνο
3304 1639 3369 1709 δὴ
3421 1642 3484 1697 τὸ
3551 1643 3798 1721 φρικτὸν,

406 1744 538 1820 ipse
567 1755 805 1818 quoque
835 1754 970 1799 cum
1003 1734 1311 1809 Marcello,
1342 1742 1543 1797 stante
1585 1734 1661 1795 ad
1700 1734 2053 1809 orationem,

2142 1729 2231 1788 δύο
2287 1728 2434 1796 τινας
2493 1730 2712 1795 λευκοὺς
2769 1731 2870 1798 τὴν
2930 1730 3153 1806 στολὴν,
3228 1733 3640 1810 ἂστραπτοντας
3696 1733 3797 1798 τὴν

409 1819 560 1894 Cum
592 1845 734 1908 ergo
765 1825 866 1888 ille
896 1824 1215 1887 inclinaret
1255 1831 1455 1904 caput,
1491 1832 1549 1886 et
1577 1841 1733 1903 genu
1766 1824 2054 1905 ﬂecteret,

2142 1821 2374 1902 μορφὴν,
2422 1819 2679 1899 ἀγγέλους
2751 1819 2983 1897 δηλαδή,
3050 1821 3373 1901 ἑκατέρωθε)
3433 1825 3598 1881 αὐτοῦ
3655 1843 3796 1900 παρ-

408 1918 512 1981 ille
541 1915 784 1999 quidem
803 1912 1045 1995 jacebat
1079 1932 1094 1973 :
1131 1913 1229 1975 hic
1265 1930 1402 1975 vero
1428 1912 1588 1975 videt
1616 1912 1761 1975 illud
1789 1912 2056 1975 admira-

404 2008 550 2084 bile,
582 2007 731 2069 duos
759 2003 1053 2086 quosdam
1120 2014 1287 2065 veste
1345 2002 1656 2079 candidos,
1692 2003 1881 2065 forma
1913 2019 2056 2066 vero

408 2104 816 2167 coruscantes,
851 2093 1097 2172 angelos
1127 2092 1383 2173 scilicet,
1421 2093 1706 2173 utrinque
1738 2099 2057 2167 stantes,et

408 2207 546 2253 eum
569 2188 755 2250 humo
778 2185 989 2248 tollere
1016 2191 1075 2245 et
1094 2182 1431 2245 sublevare.
1468 2186 1664 2265 Atque
1695 2182 1890 2244 statim
1916 2182 2055 2263 qui-

410 2279 552 2342 dem
573 2276 771 2340 vultus
793 2276 924 2356 ejus
963 2273 1097 2335 Iuce
1122 2280 1399 2353 tanquam
1426 2271 1657 2351 fulgure
1679 2280 1770 2334 est
1791 2271 2056 2334 illustra-

409 2376 527 2432 tus:
558 2365 951 2430 admiratione
973 2370 1169 2425 autem
1186 2362 1498 2443 perculsus
1521 2361 1775 2441 fuitejus
1795 2361 2054 2438 animus,

408 2475 639 2539 voxque
662 2466 751 2519 est
777 2456 833 2518 ei
854 2454 1073 2533 ablata,
1099 2462 1158 2518 et
1189 2451 1469 2517 madebat
1490 2451 1800 2532 sudore,et
1832 2469 2056 2533 prope-

410 2549 654 2611 modum
680 2546 978 2610 deductus
1000 2553 1091 2607 est
1112 2543 1182 2607 ad
1207 2551 1459 2605 mortem
1491 2558 1504 2600 :
1529 2542 1679 2603 adeo
1708 2552 1775 2602 ut
1803 2540 1909 2621 qui
1938 2539 2056 2602 ad-

409 2637 759 2715 erant,nihil
787 2635 955 2699 exiis
980 2653 1115 2717 quae
1142 2634 1242 2696 ille
1262 2630 1519 2707 videbat,
1544 2630 1837 2705 videntes,
1872 2632 2057 2692 mira-

404 2737 618 2794 rentur
647 2736 708 2791 et
737 2726 1114 2800 dubitarent,
1151 2732 1209 2786 et
1229 2724 1420 2784 virum
1445 2720 1886 2798 interrogarent
1917 2737 2052 2782 cum

2139 1920 2374 1975 εστῶτας
2435 1912 2656 1992 ἐγείρειν
2720 1934 2778 1970 τε
2837 1921 2930 1970 τοῦ
2987 1911 3207 1993 ἐδάφους
3266 1915 3359 1969 καί
3419 1913 3793 1993 ἀνακουφίζειν

2138 2004 2232 2059 τὸν
2294 2001 2495 2080 μέγαν.
2548 2004 2744 2060 Αὐτίκα
2799 2010 2924 2081 γοῦν
2978 2003 3313 2081 ἦστράπτετο
3362 2006 3440 2078 τῷ
3500 2006 3637 2082 φωτὶ
3695 2003 3797 2069 τὴν

2139 2092 2287 2168 ὄψιν,
2351 2091 2703 2163 ἐξεπλήττετο
2760 2092 2814 2150 δὲ
2873 2097 2951 2167 τῷ
3004 2093 3231 2166 θαύματι
3273 2093 3374 2161 τὴν
3434 2093 3646 2173 ψυχήν,
3694 2095 3796 2159 τὴν

2140 2183 2323 2263 φωνήν
2350 2201 2409 2238 τε
2439 2181 2705 2262 ἀφῃρεῖτο
2756 2184 2845 2243 καὶ
2878 2186 3058 2240 θανεῖν
3101 2181 3283 2261 ὀλίγον
3313 2181 3436 2240 ὅσον
3479 2184 3737 2261 ἠπείγετο
3772 2200 3787 2215 ⁶

2140 2275 2216 2336 ὡς
2257 2270 2381 2335 τοὺς
2429 2272 2777 2349 παρεστῶτας
2823 2270 2968 2330 οὐδὲν
3010 2275 3084 2330 ὧν
3129 2271 3336 2337 ἐκεῖνος
3370 2271 3475 2329 ἴδοι
3518 2272 3793 2348 θεασαμέ-

2138 2382 2261 2425 νους
2331 2362 2619 2438 θαυμάζειν
2670 2384 2730 2419 τε
2786 2364 2875 2420 καὶ
2929 2360 3203 2442 διαπορεῖν
3232 2412 3248 2443 ,
3321 2364 3410 2420 καὶ
3483 2365 3576 2419 τὸν
3632 2359 3796 2440 ἄνδρα

2139 2451 2409 2531 ἐπερωτᾷν
2490 2450 2609 2526 μετ’
2696 2450 3033 2528 ἐκπλήξεως,
3116 2453 3445 2516 ἀκούσαντας
3518 2450 3574 2508 δὲ
3646 2448 3796 2507 οὐδέν

2139 2542 2301 2609 ἦττον
2341 2540 2627 2615 θαυμάζειν
2671 2539 2986 2619 Μάρκελλον
3021 2542 3119 2617 μὲν
3147 2543 3248 2607 τῆς
3286 2544 3419 2606 πρὸς
3472 2542 3605 2597 Θεὸν
3649 2539 3795 2617 παρο

2137 2630 2350 2709 ρησίας,
2395 2631 2488 2685 τὸν
2531 2627 2586 2685 δὲ
2651 2631 2784 2708 πρὸς
2847 2630 3153 2709 ἀνθρώπους
3209 2635 3309 2698 τῆς
3369 2630 3572 2710 ἆφείτου
3629 2627 3794 2709 φιλο-

2139 2719 2413 2798 στοργίας.

404 2829 675 2901 stupore.
729 2816 876 2881 Cum
926 2822 1126 2878 autem
1174 2811 1565 2886 audivissent,
1600 2828 1719 2872 non
1773 2811 1971 2872 minus
2019 2808 2265 2901 quidem
2316 2808 2601 2901 admirati
2654 2816 2793 2901 sunt
2842 2808 3186 2873 Marcellum
3236 2818 3480 2893 propter
3508 2826 3678 2871 suam
3730 2808 3794 2869 in

402 2899 596 2975 Deum
628 2906 931 2983 ﬁduciam,
967 2904 1157 2968 Deum
1189 2921 1355 2979 vero,
1392 2909 1640 2983 propter
1670 2901 2041 2983 ineffabilem
2074 2899 2422 2963 charitatem
2454 2900 2514 2962 in
2546 2899 2845 2965 homines.

483 2996 690 3061 XXIII.
721 2997 812 3059 Ex
842 2982 936 3057 his
966 3002 1025 3057 et
1055 2992 1353 3056 similibus
1410 2999 1611 3054 tantus
1643 2989 1753 3053 fuit
1783 2982 2049 3053 omnium

2221 2990 2349 3050 Kl".
2411 2992 2509 3050 Ἐκ
2567 2993 2767 3051 τούτων
2823 2991 2886 3062 δή
2933 2994 3021 3051 καὶ
3064 2997 3171 3052 τῶν
3217 2993 3416 3069 ὁμοίων
3459 3000 3715 3055 τοσοῦτος
3765 2991 3793 3047 ὅ

409 3106 579 3151 amor
608 3088 668 3149 in
697 3086 1045 3150 Marcellum
1079 3101 1212 3145 cum
1247 3080 1738 3156 admiratione,ut
1760 3082 1944 3144 instar
1965 3082 2055 3145 rei

2142 3082 2270 3158 πρὸς
2328 3080 2641 3159 Μάρκελλον
2710 3084 2925 3142 πάντων
2980 3084 3117 3159 μετὰ
3184 3084 3454 3157 θαύματος
3500 3082 3633 3161 ἔρως
3691 3086 3786 3163 ἦν,

407 3177 666 3257 alicujus
695 3174 908 3237 divina;
927 3191 1034 3255 per
1056 3174 1188 3253 ejus
1221 3191 1441 3235 nomen
1469 3170 1892 3250 jusjurandum
1918 3189 2058 3233 con-

410 3266 701 3348 ciperent,
737 3282 856 3325 non
889 3264 1085 3325 solum
1146 3261 1272 3340 alii,
1328 3260 1433 3321 sed
1465 3260 1639 3322 etiam
1676 3259 1852 3340 primi
1885 3278 1953 3321 ex
1985 3260 2058 3322 iis

411 3356 594 3436 quise
620 3352 1001 3416 exercebant:
1040 3359 1097 3414 et
1120 3352 1209 3413 vel
1232 3351 1399 3412 illum
1423 3351 1615 3412 solum
1663 3349 1889 3423 videre,
1925 3368 2056 3411 ma-

409 3462 590 3523 gnum
618 3459 758 3506 esse
779 3441 1245 3514 ducerent,etde
1263 3460 1381 3522 quo
1403 3447 1558 3501 esset
1582 3438 1798 3501 acriter
1818 3445 2060 3499 conten-

409 3533 697 3606 dendum,
727 3532 874 3594 Cum
901 3530 974 3593 ab
1005 3530 1219 3594 Elisato
1250 3529 1591 3611 aliquando,
1619 3529 1717 3609 qui
1749 3534 2049 3589 monaste-

404 3621 687 3703 rio,quod
713 3628 839 3683 erat
863 3621 924 3683 in
946 3619 1193 3695 Edessa,
1230 3625 1503 3700 praeerat,
1545 3626 1604 3679 et
1659 3617 1892 3679 virtutis
1924 3636 2057 3679 ma-

404 3730 580 3794 gnam
606 3710 865 3773 ducebat
882 3710 1286 3785 rationem,ex
1301 3707 1562 3770 Marcelli
1577 3705 1892 3787 discipulis
1905 3706 2054 3768 fuis-

406 3809 498 3866 set
548 3800 790 3883 quidam
822 3798 1080 3881 hospitio
1111 3806 1390 3880 acceptus
1418 3801 1573 3879 (erat
1602 3804 1798 3859 autem
1857 3796 1914 3857 ei
1943 3814 2056 3858 no-

407 3910 548 3955 men
576 3890 836 3971 Petrus),
871 3890 970 3953 hic
1000 3907 1142 3969 ergo
1173 3897 1485 3971 postquam
1512 3887 1805 3949 deductus
1842 3885 1950 3949 fuit
1982 3885 2057 3948 ad

407 3999 772 4062 sermonem,
831 3988 889 4044 et
941 3982 1192 4043 multum
1249 3985 1515 4041 versatus
1549 3984 1639 4040 est
1671 3978 1728 4039 in
1759 3975 2057 4038 laudando

406 4072 691 4150 magistro
712 4089 820 4133 suo
851 4069 1006 4152 apud
1038 4069 1348 4132 Elisamm:
1387 4067 1908 4149 Supervacaneum
1941 4073 2052 4144 est,

406 4161 601 4241 inquit
652 4159 926 4236 Elisaeus,
958 4178 992 4222 o
1050 4160 1255 4240 frater,
1311 4161 1384 4223 de
1435 4157 1725 4221 Marcello
1757 4155 1912 4237 apud
1948 4172 2059 4216 nos

409 4251 745 4333 producere
771 4249 1130 4312 orationem.
1166 4247 1313 4312 Nam
1339 4267 1447 4328 ego
1470 4248 1683 4310 horum
1705 4244 1809 4307 tibi
1829 4263 1931 4308 ero
1964 4252 2060 4307 te-

410 4342 520 4407 stis
550 4341 800 4405 idonens
830 4347 1009 4403 etiam
1040 4339 1196 4420 apud
1222 4338 1371 4400 alios
1407 4359 1420 4398 :
1456 4335 1556 4417 qui
1602 4336 1677 4397 de
1705 4353 1774 4396 eo
1807 4334 2061 4395 multum

2138 3170 2276 3227 ὥστε
2320 3174 2406 3227 καὶ
2478 3171 2588 3228 ἀντ’
2649 3172 2815 3231 ἄλλου
2875 3174 3020 3237 τινὸς
3070 3173 3208 3231 θείου
3256 3174 3413 3252 ὅρκον
3473 3176 3535 3230 τὸ
3591 3174 3795 3231 ἐκείνου

2140 3261 2364 3317 τίθεσθαι
2410 3260 2579 3335 ὄνομα
2622 3262 2682 3318 οὔ
2740 3264 2906 3339 μόνον
2961 3264 3079 3326 τοὺς
3134 3260 3347 3338 ἄλλους,
3382 3262 3519 3321 ἀλλὰ
3549 3265 3638 3320 καί
3696 3263 3793 3319 αὖ·

2139 3350 2260 3413 τοὺς
2292 3351 2412 3415 τοὺς
2446 3356 2548 3407 τῶν
2600 3353 2851 3419 ἀσκητῶν
2906 3352 3171 3432 πρώτους,
3215 3352 3315 3410 καὶ
3357 3353 3417 3409 τὸ
3475 3352 3686 3413 ἐκεῖνον
3742 3350 3797 3408 δέ

2140 3436 2271 3494 ἰδεῖν
2305 3439 2443 3517 μέγα
2489 3462 2539 3496 τι
2583 3443 2856 3498 ποιεῖσθάι
2905 3442 2994 3499 καὶ
3039 3442 3443 3522 περιμάχητον.
3505 3441 3797 3513 Ἐλισσαίῳ

2141 3527 2231 3585 οὖν
2260 3548 2393 3584 ποτε
2442 3535 2518 3602 τῷ
2576 3528 2631 3584 ἐν
2676 3529 2899 3609 Ἐδέσσῃ
2944 3529 3089 3611 ἀνδρὶ
3149 3536 3321 3607 μονῆς
3366 3538 3664 3611 προεστῶτι
3709 3531 3797 3587 καὶ

2140 3616 2330 3695 ἀρετῆς
2395 3616 2563 3675 πολὺν
2620 3620 2926 3697 ποιουμένῳ
2988 3620 3147 3700 λόγον
3208 3624 3317 3677 τῶν
3360 3621 3421 3679 ἐκ
3480 3620 3798 3702 Μαρκέλλου

2141 3728 2217 3765 τις
2285 3706 2530 3773 ξενισθείς
2567 3724 2580 3740 ⁸
2646 3710 2842 3791 Πέτρος
2906 3711 3038 3789 ἀνὴρ
3093 3710 3342 3769 ἐκαλεῖτο
3377 3728 3391 3742 ⁹
3459 3712 3611 3776 οὗτος
3676 3711 3786 3785 οὖν,

2142 3795 2326 3864 ἐπειδὴ
2359 3799 2487 3874 πρὸς
2521 3799 2709 3878 λόγους
2761 3800 2966 3881 ἐξήχθη
3015 3802 3102 3858 καὶ
3143 3800 3309 3865 πολὺς
3339 3801 3405 3869 ἧν
3434 3803 3565 3881 πρὸς
3599 3802 3785 3861 Ἐλισ-

2140 3886 2299 3943 σαῖον
2332 3887 2420 3943 τὸν
2464 3885 2775 3947 διδάσκαλον
2829 3891 3086 3965 ἐπαινῶν,
3139 3892 3368 3971 Περιττή
3428 3913 3543 3965 σοι,
3608 3893 3793 3972 ἔλεγεν

2140 3975 2369 4054 ἐκεῖνος,
2412 3980 2457 4034 ὦ
2501 3976 2717 4058 ἀδελφὲ,
2748 3981 2785 4043 ἡ
2830 3978 3143 4058 Μαρκέλλου
3187 3982 3347 4060 χάριν
3406 3983 3474 4045 εἰς
3512 3984 3656 4058 ἡμᾶς
3691 3988 3793 4040 τῶν

2139 4064 2315 4144 λόγων
2357 4065 2537 4144 τριϐή,
2597 4067 2742 4146 Ἐγὼ
2799 4070 2899 4148 γάρ
2957 4091 3040 4127 σοι
3087 4069 3295 4146 μᾶλλον
3356 4072 3556 4151 μάρτυς
3609 4074 3791 4137 ἱκανὸς

2144 4154 2333 4230 ἔσομαι
2388 4158 2503 4236 περὶ
2566 4159 2764 4214 τούτων
2825 4160 2912 4214 καὶ
2982 4162 3111 4237 πρὸς
3160 4160 3370 4240 ἑτέρους
3408 4210 3421 4237 ,
3483 4164 3541 4228 ὃς
3616 4162 3792 4221 πολλὰ

2144 4247 2262 4322 περὶ
2324 4252 2418 4301 τοῦ
2475 4244 2660 4323 ἀνδρὸς
2717 4247 2872 4305 ἕνεκα
2926 4250 3075 4307 τοῦδε
3139 4258 3271 4310 Θεοῦ
3326 4252 3554 4329 δεηθεὶς,
3616 4255 3676 4312 τό
3733 4273 3791 4309 τε

2140 4333 2281 4410 ὕψος
2323 4334 2421 4423 τῆς
2452 4334 2648 4412 ἀρετῆς
2681 4335 2849 4414 ἔγνων
2880 4341 2967 4395 καὶ
2996 4340 3090 4405 τὰς
3149 4347 3249 4408 τῆς
3294 4346 3480 4423 ψυχῆς
3526 4346 3787 4415 κινήσεις,

407 4431 595 4495 Deum
630 4436 1000 4512 precatus,et
1031 4430 1163 4507 ejus
1221 4427 1453 4488 virtutis
1487 4425 1621 4486 novi
1651 4423 2057 4499 altitudinem,

2146 4425 2277 4513 πρὸς
2316 4421 2488 4480 δὲκαὶ
2551 4427 2714 4493 αὐτὴν
2772 4427 2863 4484 τοῦ
2908 4430 3157 4505 σώματος
3216 4434 3315 4502 τὴν
3369 4421 3602 4513 μορφήν.
3639 4432 3790 4492 Οὕτω

413 4528 472 4584 et
498 4519 681 4582 animi
723 4517 1203 4597 motiones,quin
1227 4516 1413 4577 etiam
1435 4515 1623 4595 ipsam
1650 4513 1903 4575 formam
1931 4513 2062 4593 ejus

414 4609 707 4690 corporis.
762 4606 906 4670 Cum
963 4607 1089 4670 hate
1149 4604 1413 4666 audisset
1475 4606 1682 4666 Petrus
1713 4612 1773 4666 et
1818 4609 2063 4664 miratus

414 4694 646 4777 fuisset,
674 4710 954 4757 reversus
1009 4702 1121 4771 est,
1184 4701 1243 4755 et
1301 4700 1504 4757 sancto
1553 4691 1754 4752 omnia
1781 4691 2059 4767 narravit,

413 4802 542 4847 rem
565 4783 806 4867 quidem
839 4783 1064 4845 faciens
1116 4784 1513 4864 importunam
1548 4788 1607 4844 et
1636 4781 1944 4844 molestam
1976 4783 2060 4858 ei,

419 4875 520 4956 qui
551 4892 584 4935 a
607 4873 795 4954 gloria
834 4874 1127 4954 captanda
1155 4874 1306 4935 adeo
1337 4881 1469 4936 erat
1497 4871 1727 4934 alienus
1762 4890 1775 4935 :
1809 4871 2067 4933 narravit

417 4973 638 5027 tamen.
669 4962 1007 5027 Narrationi
1043 4971 1239 5025 autem
1294 4963 1585 5025 intererat
1614 4962 1788 5024 etiam
1821 4962 2064 5043 quidam

414 5053 809 5136 pontifex,sed
827 5057 996 5136 inops
1021 5062 1079 5116 et
1105 5072 1331 5133 egenus
1342 5071 1476 5115 reru
1488 5073 1541 5114 m
1560 5053 2060 5116 necessariarum.

413 5145 614 5225 Atque
644 5162 891 5223 magnus
920 5143 1163 5224 quidem
1194 5145 1536 5220 Marcellus,
1572 5142 1673 5224 qui
1701 5142 1911 5204 laudes
1944 5160 2064 5204 non

417 5232 615 5295 minus
645 5251 801 5314 aegre
854 5231 1081 5295 ferebat
1128 5253 1301 5315 quam
1358 5233 1598 5315 probra,
1634 5232 1787 5295 sistit
1817 5232 2061 5313 quidem

415 5340 656 5387 cursum
689 5324 816 5403 ejus
864 5322 1196 5386 orationis:
1234 5325 1383 5405 petit
1412 5332 1636 5403 autem,
1698 5340 1834 5383 cum
1882 5321 2065 5384 sciret

416 5430 555 5475 eum
588 5412 834 5495 habere,
860 5420 922 5474 ut
943 5413 1045 5475 det
1075 5412 1131 5477 ei
1165 5424 1367 5477 mutuo
1404 5414 1552 5476 duos
1576 5423 1885 5482 aureos,ut
1919 5431 2062 5489 pau-

418 5521 488 5565 ce
516 5502 835 5582 elargiatur
863 5503 1127 5584 pauperi.
1190 5502 1296 5565 Ille
1328 5522 1465 5565 vero
1511 5520 1646 5565 cum
1681 5508 1839 5562 esset
1889 5501 2060 5564 valde

414 5610 651 5674 parcus,
674 5612 778 5656 eos
807 5593 950 5656 dare
980 5594 1299 5656 recusavit.
1342 5593 1442 5674 At,
1476 5611 1595 5654 non
1645 5590 1820 5668 longo
1845 5590 2061 5653 abhinc

413 5691 708 5766 tempore,
737 5682 932 5766 inquit
961 5701 1229 5766 magnus,
1286 5701 1397 5746 nec
1458 5683 1652 5763 ipsum
1708 5678 1814 5743 tibi
1844 5697 2059 5761 corpus

2149 4512 2345 4592 Πέτρος
2376 4513 2603 4589 ἀκούσας
2647 4518 2735 4574 καὶ
2785 4516 3072 4599 ἐκπλαγεὶς
3117 4522 3366 4600 ἐπανῄει,
3416 4512 3667 4600 καὶπρὸς
3699 4524 3792 4578 τὸν

2146 4602 2298 4681 ἅγιον
2341 4602 2551 4661 ἅπαντα
2594 4604 2860 4685 διηγεῖτο,
2906 4612 3152 4688 φορτικὸν
3203 4612 3301 4684 μὲν
3350 4615 3516 4670 ποιῶν
3546 4614 3623 4687 τῷ
3654 4611 3791 4669 οὕτω

2146 4694 2281 4769 πρὸς
2324 4689 2476 4757 δόξαν
2520 4694 2775 4775 ἀπεχθῶς
2820 4698 3029 4780 ἔχοντι,
3091 4700 3338 4780 διηγεῖτο
3391 4701 3436 4757 δ’
3495 4702 3583 4757 οὖν
3614 4700 3787 4776 ὅμως.

2149 4786 2330 4861 Παρῆν
2373 4781 2525 4861 δὲτῇ
2578 4784 2826 4866 διηγήσει
2868 4791 2957 4846 καί
3004 4813 3086 4853 τις
3146 4797 3252 4846 τῶν
3314 4789 3607 4869 ἀρχιερέων
3663 4786 3791 4863 μὲν,

2147 4869 2345 4951 ἄπορος
2390 4871 2445 4929 δὲ
2501 4875 2589 4933 καὶ
2642 4877 2748 4935 τῶν
2793 4878 3095 4958 ἀναγκαίων
3153 4877 3390 4946 ἐπιδεής.
3437 4875 3497 4936 Ὀ
3548 4878 3645 4954 μέν
3705 4879 3794 4933 οὗν

2147 4961 2316 5040 μέγας
2343 4963 2440 5020 οἶα
2469 4962 2535 5035 δὴ
2560 4967 2748 5044 ψόγοις
2780 4980 2900 5033 τοῖς
2954 4966 3193 5030 ἐπαίνοις
3253 4967 3557 5044 ἀχθόμενος
3600 4968 3792 5035 ’ίστησι

2147 5051 2243 5126 μὲν
2303 5051 2446 5125 αὒτῷ
2503 5060 2607 5111 τῶν
2657 5055 2831 5134 λόγων
2889 5056 2988 5122 τὴν
3041 5056 3266 5137 ῥύμην,
3331 5057 3473 5114 αἰτεῖ
3527 5055 3583 5114 δέ
3638 5058 3789 5121 εἰδὼς

2147 5139 2345 5220 ἔχοντα
2403 5141 2491 5199 δύο
2550 5150 2764 5222 χρυσῶν
2822 5147 2967 5216 αὖτῷ
3013 5141 3217 5200 δάνειον
3270 5144 3472 5220 δοῦναι,
3503 5148 3595 5204 ἳνα
3628 5147 3793 5223 μικρὰ

2144 5238 2269 5307 γοῦν
2327 5233 2618 5311 χαρίσηται
2691 5237 2767 5305 τῷ
2824 5232 3032 5311 ἀπόρῳ,
3095 5231 3154 5293 Ὀ
3219 5234 3273 5291 δέ
3347 5235 3464 5292 λίαν
3533 5235 3790 5317 φειδωλὸς

2144 5320 2292 5401 ἔχων
2321 5324 2454 5400 πρὸς
2508 5324 2605 5391 τὴν
2650 5321 2792 5378 δόσιν
2838 5322 3135 5384 ἀνένευσεν.
3185 5324 3336 5383 Ἀλλ’
3398 5328 3491 5383 οὒκ
3522 5328 3595 5393 είς
3627 5327 3783 5406 πολὺ,

2146 5415 2173 5467 ὁ
2219 5412 2389 5491 μέγας
2448 5409 2573 5491 ἔφη,
2630 5410 2749 5468 οὔτε
2808 5411 2936 5469 αὒτό
2970 5435 3052 5469 σοι
3108 5416 3169 5471 τὸ
3229 5422 3386 5492 σῶμα
3432 5430 3735 5493 παραμενεῖ
3769 5436 3783 5451 '

2145 5501 2280 5557 ἀλλὰ
2319 5508 2473 5557 τοῦτο
2502 5500 2601 5576 μέν
2660 5503 2687 5558 ὁ
2716 5501 2904 5582 τάφος,
2938 5503 3029 5560 τὸν
3063 5503 3118 5560 δὲ
3150 5508 3356 5586 χρύσὸν
3401 5508 3461 5563 τὸ
3491 5509 3669 5563 κοινόν
3697 5516 3789 5565 τοῦ

2143 5591 2546 5670 φροντιστηρίου
2599 5589 2825 5657 δέξεται.
2886 5592 3046 5651 Ούπω
3088 5592 3178 5652 δύο
3233 5594 3507 5675 παρῆλθον
3566 5597 3784 5677 ἡμέραι,

2141 5681 2231 5736 καὶ
2272 5681 2299 5736 ὁ
2345 5680 2442 5755 μέν
2487 5683 2575 5741 τὸν
2623 5682 2734 5759 βίον
2793 5683 3145 5765 κατέστρεψε,
3190 5685 3253 5742 τὰ
3306 5684 3567 5768 χρήματα
3613 5685 3668 5743 δέ
3727 5688 3787 5747 τὸ
