4066 6416
411 321 522 392 ’731

1715 333 1996 399 MENSIS
2053 333 2486 401 DECEMBER.

3671 344 3786 414 732

406 465 514 542 vit,
546 475 606 532 et
630 469 845 563 statim
896 469 1112 534 Paulus
1165 469 1408 563 quidem
1441 469 1772 563 convaluit.
1804 469 2046 563 Magnus

2132 479 2228 555 μὲν
2285 481 2408 560 ρᾷον
2449 481 2680 560 ἐγίνετο.
2715 479 2775 539 Ὀ
2809 478 2977 558 μέγας
3021 477 3075 536 δὲ
3135 481 3226 538 τὸν
3284 481 3597 563 δπογραφέα
3651 492 3784 542 Και-

403 567 600 622 autem
630 559 940 625 Marcellus
969 559 1257 625 accersito
1305 560 1584 640 Caesarie,
1624 562 1805 640 jussit
1833 561 2045 623 horam

401 649 662 730 signari:
689 650 874 725 Unus,
909 651 1138 732 dicens,
1173 670 1244 713 ex
1275 650 1686 732 fratribus,qui
1719 659 1808 713 est
1840 652 2044 731 procul

401 739 648 821 anubis,
685 750 742 803 et
785 749 875 803 est
920 741 1079 821 gravi
1116 739 1321 802 morbo
1354 759 1698 821 oppressus,
1735 741 1950 802 asserit
1978 759 2044 804 se

402 828 551 892 nihil
569 830 876 908 accepisse
900 829 1170 892 utilitatis
1186 847 1258 892 ex
1281 847 1412 890 mea
1427 829 1502 890 ad
1538 828 1853 892 Dominum
1885 847 2047 892 com-

405 919 805 982 mendatione.
840 918 956 983 Sed
991 938 1175 1000 prope
1205 928 1295 982 est
1318 919 1606 982 Dominus
1630 919 2050 1002 omnibus,qui

397 1007 675 1070 invocant
705 1028 839 1071 eum
872 1009 932 1071 in
983 1010 1252 1090 veritate,
1312 1018 1371 1071 et
1425 1028 1635 1072 eorum
1697 1011 1800 1090 qui
1850 1010 2046 1092 ipsum

398 1099 629 1173 timent,
661 1099 834 1162 faciet
861 1099 1252 1175 voluntatem,
1280 1107 1338 1162 et
1367 1117 1576 1161 eorum
1613 1117 1826 1180 preces
1857 1117 2045 1162 exau-

397 1187 546 1262 diet,
577 1196 637 1250 et
667 1190 754 1250 eis
787 1189 952 1251 dabit
981 1190 1256 1252 salutem.
1292 1188 1430 1252 Haec
1461 1189 1510 1249 is
1540 1189 1782 1269 quidem
1811 1189 2045 1252 descri-

398 1277 554 1358 psit;
586 1277 688 1340 ille
717 1298 856 1341 vero
905 1279 1222 1354 convaluit,
1251 1288 1310 1341 et
1340 1296 1620 1341 reversus
1651 1289 1762 1342 est.
1796 1277 2048 1342 Ostensa

398 1376 489 1430 est
515 1376 712 1430 autem
739 1369 1056 1449 scriptura,
1097 1377 1157 1431 et
1196 1368 1406 1432 eadem
1441 1370 1585 1430 hora
1615 1367 1924 1431 inventum
1957 1379 2047 1433 est

397 1458 645 1522 Paulum
677 1462 1053 1524 convaluisse
1081 1461 1347 1542 Ancyrae,
1383 1471 1440 1522 et
1497 1460 1816 1524 Caesarium
1849 1463 2042 1544 scrip-

402 1549 553 1612 sisse
583 1551 644 1612 in
680 1553 1041 1614 monasterio
1055 1602 1068 1616 .

477 1638 853 1705 XXVl.Deus
874 1642 1190 1723 aliquando
1209 1649 1426 1703 terram
1451 1641 1696 1704 vexabat
1724 1643 1903 1721 fame,
1929 1661 2039 1704 ea-

399 1749 519 1808 que
541 1730 840 1812 fame,qua
871 1732 1072 1794 nescio
1105 1751 1180 1794 an
1213 1731 1333 1793 ulla
1368 1751 1622 1813 unquam
1659 1733 1836 1794 fuerit
1868 1733 2041 1795 dete-

2132 573 2313 649 σάριον
2397 569 2904 646 μετακαλεσάμενος
2964 573 3403 646 ἐπισημήνασθαι
3461 573 3560 640 τὴν
3641 573 3782 650 ὥραν

2132 663 2394 736 ἐκέλευεν,
2431 663 2555 742 Εἷς,
2589 661 2783 741 λέγων,
2838 667 2946 717 τῶν
3003 659 3249 740 ἀδελφῶν
3303 664 3460 737 ἡμῶν
3519 662 3785 737 πόῤῥωθεν

2132 753 2245 830 ἄρτι
2307 752 2472 809 τελῶν
2526 754 2613 808 καὶ
2665 750 2804 826 νόσῳ
2881 752 3064 828 βαρείᾳ
3125 753 3464 832 κατάσχετος
3519 753 3783 830 γεγονὼς,

2133 842 2282 904 οὒδὲν
2325 843 2384 900 ἐκ
2426 847 2525 909 τῆς
2576 843 2731 916 ἡμῶν
2789 839 3051 920 ὠφελείας
3113 843 3246 918 πρὸς
3317 843 3502 921 Κύριον
3549 841 3788 921 παραθέ-

2132 955 2268 996 σεως
2316 931 2628 988 διατείνεται
2664 947 2678 962 '
2764 929 2884 986 ἀλλ’
2967 931 3127 1009 ἐγ·ρς
3215 931 3405 1010 Κύριος
3463 939 3600 990 πᾶσι
3671 944 3789 996 τοῖς

2133 1020 2571 1096 ἐπικαλουμένοις
2629 1019 2788 1077 αὐτὸν
2849 1020 2903 1076 ἐν
2959 1019 3206 1094 ἀληθείᾳ,
3268 1023 3356 1078 καὶ
3410 1022 3624 1095 θέλημα
3680 1025 3789 1080 τῶν

2133 1110 2474 1193 φοϐουμένων
2529 1110 2686 1167 αὖτὸν
2745 1112 2986 1190 ποιήσει,
3044 1111 3130 1167 καὶ
3195 1113 3295 1178 τῆς
3339 1109 3572 1181 δεήσεως
3617 1113 3792 1169 αὐτῶν

2131 1201 2496 1258 εἷσακούσεται
2585 1201 2672 1256 καὶ
2755 1199 2920 1256 σώσει
3023 1200 3233 1265 αὐτούς.
3318 1208 3493 1260 Ταῦτα
3581 1203 3608 1257 6
3690 1201 3789 1276 μὲν

2129 1289 2489 1370 ἀπεγράφετο,
2526 1292 2554 1346 6
2585 1287 2639 1346 δέ
2673 1289 2892 1370 ἔῤῥωτο,
2940 1291 3027 1346 καὶ
3072 1290 3363 1356 ἐπανῆκεν,
3397 1291 3465 1347 Ἦ
3523 1288 3578 1346 δέ
3607 1291 3787 1368 γραφὴ

2127 1377 2410 1450 ἐδείκνυτο,
2475 1382 2562 1436 καὶ
2617 1377 2736 1436 κατ’
2787 1381 2951 1448 αὐτὴν
2996 1380 3183 1457 εὑρέθη
3243 1381 3342 1448 τὴν
3399 1380 3542 1459 ὥραν
3575 1379 3789 1444 Παῦλος

2127 1470 2343 1546 ὑγιάνας
2383 1469 2436 1526 ἐν
2486 1468 2740 1548 Ἀγκύρᾳ,
2801 1470 2894 1526 καί
2973 1470 3266 1548 Καισάριος
3327 1470 3536 1548 γράψας
3597 1470 3650 1526 ἐν
3717 1469 3786 1546 τῇ

2131 1565 2274 1635 μονῇ
2287 1605 2298 1617 .

2211 1649 2357 1723 KQ".

2125 1742 2221 1797 οὔκ
2249 1739 2372 1796 οἶδα
2417 1738 2471 1796 εἴ
2502 1762 2631 1796 ποτε
2668 1741 2855 1797 τούτου
2886 1743 3110 1820 χείρονι,
3159 1740 3219 1798 Ὀ
3251 1740 3305 1796 δέ
3337 1764 3397 1819 γε
3451 1744 3548 1808 τῆς
3603 1747 3776 1817 μονῆς

2415 1649 2642 1708 Ἐκάκου
2688 1651 2818 1708 ποτὲ
2869 1652 2965 1719 τὴν
3009 1656 3111 1729 γῆν
3145 1653 3172 1706 6
3207 1653 3336 1711 Θεὸς
3398 1651 3568 1731 λιμῷ,
3634 1650 3781 1724 λιμῷ

397 1819 542 1882 rior.
577 1821 919 1884 Monasterii
943 1831 1136 1884 autem
1169 1823 1368 1883 horrei
1402 1822 1712 1902 praefectus
1743 1823 2038 1895 Malchus,

2132 1836 2449 1909 ταμειοῦχος
2479 1840 2570 1889 τοῦ
2614 1832 2757 1886 σίτου
2789 1830 3014 1910 Μάλχος
3059 1844 3178 1893 τοῖς
3237 1831 3550 1907 ἀρτοποιοϊς
3585 1852 3639 1888 τε
3680 1830 3782 1886 αὖ-

397 1910 498 1991 qui
530 1910 894 1974 frumentum
927 1911 1340 1992 suppeditabat
1373 1912 2039 1992 pistoribus,postquam

393 2000 737 2063 universum
790 2001 917 2065 fere
968 2009 1387 2082 consumptum
1437 2001 1626 2064 fuerat
1681 2001 2041 2080 (sufﬁciebat

397 2090 557 2153 enim
582 2110 657 2153 ne
686 2091 761 2154 ad
793 2100 944 2155 totos
973 2091 1217 2174 quidem
1269 2091 1478 2154 decem
1512 2091 1662 2163 dies,
1699 2099 1755 2153 et
1794 2108 2043 2153 necesse

396 2189 523 2242 erat
543 2181 698 2244 fame
721 2184 915 2260 perire
938 2183 1302 2261 monachos),
1332 2181 1561 2244 accedit
1591 2181 1663 2242 ad
1689 2181 2040 2262 praeclarum

393 2270 766 2349 Marcellum,
801 2280 860 2334 et
890 2272 946 2335 ei
976 2271 1278 2333 renuntiat
1320 2271 1688 2333 frumentum
1727 2289 1862 2334 esse
1894 2288 2045 2332 con-

396 2362 779 2440 sumptum.A
800 2381 915 2443 quo
937 2361 1178 2435 audivit,
1208 2370 1272 2424 ut
1303 2360 1524 2424 laceret
1549 2381 1682 2442 quae
1713 2379 2040 2423 consueve-

397 2459 508 2531 rat,
552 2452 746 2513 ethoc
767 2452 820 2514 ei
843 2452 1018 2514 nullae
1038 2471 1170 2514 esse
1205 2469 1385 2515 curae.
1422 2451 1527 2513 Ille
1559 2451 1878 2512 arbitratus
1905 2469 2043 2512 eum

395 2559 640 2621 sperare
659 2541 933 2604 alicunde
952 2542 1299 2604 solvendam
1333 2560 1464 2603 esse
1498 2541 1789 2618 in0piam,
1819 2539 2045 2622 absque

397 2630 518 2692 ulla
547 2630 952 2694 sollicitudine
981 2631 1378 2712 suppeditavit
1425 2632 1580 2692 sicut
1625 2640 2043 2693 consueverat.

399 2721 674 2802 Quinque
690 2721 977 2801 deinceps
999 2722 1126 2784 dies
1151 2721 1562 2802 praeterierunt
1591 2738 1603 2780 :
1638 2730 1698 2782 et
1725 2739 1859 2782 cum
1893 2721 2044 2784 nihil

398 2811 918 2875 evenisseteorum
952 2831 1082 2893 quae
1117 2812 1415 2893 sperabat,
1448 2829 1658 2872 rursus
1691 2811 1860 2885 dicit,
1895 2820 1954 2873 et
1987 2811 2042 2873 ei

399 2920 636 2965 causam
656 2911 892 2966 revocat
922 2902 982 2964 in
1018 2903 1388 2965 memoriam.
1418 2901 1597 2964 Audit
1629 2919 1769 2963 vero
1800 2901 2042 2967 eadem.

393 2990 709 3074 Postquam
731 3001 929 3055 autem
952 2991 1024 3054 ad
1047 2991 1194 3055 alios
1212 3010 1451 3073 quoque
1471 2990 1620 3053 duos
1644 2993 2039 3071 consumpsit,

393 3090 453 3144 et
483 3100 600 3145 non
637 3082 884 3145 multum
915 3082 1127 3146 abesse
1156 3082 1482 3152 videretur,
1517 3080 1661 3162 quin
1692 3088 1850 3144 esset
1902 3081 2042 3141 uni-

394 3189 632 3234 versum
663 3181 1106 3252 consumptum,
1140 3171 1241 3234 ille
1295 3170 1537 3251 quidem
1570 3187 1778 3230 rursus
1807 3168 2043 3230 accedit

395 3261 809 3324 conturbatus.
846 3259 1162 3322 Marcellus
1194 3278 1331 3321 vero
1385 3261 1583 3321 statim
1635 3257 1935 3318 accedens
1968 3257 2041 3317 ad

396 3349 701 3424 horreum,
739 3349 1074 3428 parturiens
1132 3349 1190 3409 id
1241 3347 1440 3410 statim
1475 3346 1706 3426 implet,
1743 3354 1805 3407 et
1838 3345 2048 3426 incipit

397 3456 608 3519 parere
635 3437 902 3518 :etquod
922 3436 1408 3507 estadmirabile,
1437 3444 1496 3496 et
1527 3452 1768 3496 omnem
1803 3442 2048 3514 superat

395 3526 980 3608 rationem,quandiu
997 3527 1192 3587 dictus
1215 3525 1456 3606 quidem
1478 3524 1738 3587 Malchus
1767 3523 2049 3584 metieba-

397 3627 492 3681 tur
521 3618 886 3679 frumentum
918 3616 1228 3679 videbatur
1255 3614 1598 3694 diminui,et
1634 3613 1845 3674 minari
1879 3613 2005 3675 futu
2033 3646 2044 3660 -

397 3727 524 3771 ram
559 3727 691 3769 mox
730 3714 1076 3786 egestatem.
1113 3708 1257 3770 Cum
1291 3714 1488 3767 autem
1523 3702 1812 3785 postridie
1845 3704 2042 3783 ingre-

399 3799 664 3878 deretur,
693 3798 903 3858 eadem
931 3796 1274 3876 magnitudo
1299 3806 1428 3858 erat
1459 3807 1518 3857 et
1550 3795 1710 3858 idem
1746 3794 2042 3875 cumulus,

398 3897 455 3950 et
484 3887 806 3968 apparebat
859 3885 1129 3966 perinde,
1179 3905 1247 3948 ac
1280 3885 1432 3947 sine
1469 3901 1675 3965 parum
1713 3883 1854 3964 quid
1887 3894 2046 3946 esset

398 3978 655 4040 ablatum
684 3977 1074 4059 pridie.Quod
1097 3993 1238 4039 vero
1263 3977 1389 4038 hac.
1413 3995 1530 4036 non
1545 3983 1744 4037 essent
1765 3974 2042 4050 deceptio

2125 1924 2230 1974 τῶν
2315 1925 2727 1996 καταγορηγῶν,
2820 1920 2932 1976 ἐπεὶ
3019 1919 3294 1984 ἀναλῶτος
3375 1918 3573 1999 σχεδὸν
3632 1919 3780 1983 ἅπας

2126 2007 2368 2084 (ἐπήρκει
2399 2010 2500 2086 γὰρ
2544 2009 2604 2066 οὗ
2642 2009 2769 2066 δέκα
2827 2010 2957 2074 ὅλας
3013 2009 3243 2087 ἡμέρας,
3301 2012 3386 2066 καὶ
3446 2010 3511 2076 ἧν
3571 2010 3784 2088 ἀνάγκη

2129 2104 2272 2154 πᾶσα
2304 2102 2592 2174 Αιμώττειν
2623 2100 2743 2164 τοὺς
2776 2099 3110 2180 μοναχοὺς),
3165 2099 3390 2176 τροσῇει
3421 2122 3478 2156 τε
3521 2105 3600 2172 τῷ
3658 2121 3788 2177 γεν-

2130 2188 2260 2262 ναίῳ
2320 2190 2406 2245 καὶ
2459 2191 2520 2245 τὸ
2578 2188 2886 2256 ἀνηλῶσθαι
2947 2189 3090 2262 αὐτῷ
3146 2191 3238 2246 τὸν
3297 2202 3452 2246 σῖτον
3506 2188 3785 2268 ἀγγέλλει.

2132 2279 2345 2335 "lli.on
2392 2277 2446 2333 δὲ
2479 2279 2732 2355 πράττειν
2763 2278 2827 2334 τὰ
2859 2279 3080 2335 εἰωθότα
3116 2278 3210 2334 καί
3243 2277 3415 2352 μηδέν
3470 2283 3613 2353 αὖτῴ
3660 2278 3784 2354 περὶ

2129 2367 2315 2425 τυύτου
2369 2367 2607 2441 μελλειν,
2672 2368 2733 2425 Ὀ
2782 2365 2835 2423 δέ
2898 2369 3124 2440 νομίσας
3185 2367 3404 2426 ἄλλοθεν
3435 2369 3578 2442 αὒτῷ
3627 2371 3784 2426 πόθεν

2129 2457 2359 2528 ἐλπίζειν
2405 2458 2502 2524 τὴν
2564 2457 2788 2532 ἀπορίαν
2857 2455 3198 2530 λυθήσεσθαι,
3275 2457 3549 2538 ἄφροντις,
3602 2459 3784 2535 ὥσπερ

2133 2547 2342 2618 εἴωθεν,
2392 2547 2670 2626 ἐχορήγει,
2710 2544 2869 2600 Πέντε
2914 2545 3037 2611 ἑξῆς
3083 2546 3352 2624 παρῆλθον
3408 2547 3625 2625 ἡμέραι,
3687 2546 3785 2603 καί

2130 2635 2300 2711 μηδὲν
2350 2639 2423 2691 ὧν
2490 2634 2711 2701 ἤλπισεν
2766 2635 3133 2710 ἀπαντῆσαν,
3195 2636 3379 2713 φράζει
3440 2635 3631 2714 πόλιν,
3697 2637 3783 2690 καὶ

2129 2728 2245 2801 περὶ
2303 2731 2400 2792 τῆς
2459 2725 2623 2788 αἰτίας
2680 2723 3099 2798 ἀναμιμνήσκει.
3166 2723 3376 2780 Ἀκούει
3437 2722 3490 2779 δὲ
3522 2725 3583 2781 τὰ
3619 2725 3773 2786 αὐτά,

2126 2809 2221 2880 Ὠς
2253 2815 2306 2872 δὲ
2364 2813 2568 2872 καὶέπὶ
2625 2811 2792 2876 ἄλλας
2849 2813 3052 2892 ἡμέρας
3107 2813 3194 2870 δύο
3227 2812 3520 2879 ἐξεδαπάνα
3563 2815 3660 2872 καῖ
3715 2815 3777 2870 τὸ

2129 2903 2296 2981 μηδὲν
2357 2903 2433 2961 ἔτι
2491 2903 2758 2984 ληφθῆναι
2820 2905 2881 2960 οὐ
2938 2902 3117 2981 πόρῤω
3151 2925 3252 2960 που
3313 2909 3456 2960 εἶναι
3487 2905 3712 2982 ἑωρᾶτο,
3752 2905 3780 2960 6

2131 2996 2228 3070 μὲν
2287 2993 2454 3054 πάλιν
2504 2992 2896 3071 τεταραγμένος
2945 2994 3248 3068 πρόσεισιν·
3297 2996 3326 3049 6
3376 2991 3430 3048 δὲ
3465 2993 3684 3055 ἐπιστὰς
3713 2999 3782 3070 τῇ

2131 3085 2412 3162 σιτοθήκῃ,
2466 3080 2666 3139 ὠδίνων
2722 3082 2888 3148 αὖτὴν
2949 3081 3139 3146 εἶιθέως
3196 3080 3402 3159 πληροῖ
3462 3084 3554 3138 καί
3627 3083 3783 3138 τόκου

2130 3172 2332 3252 ἤρχετο
2368 3193 2381 3206 ·
2415 3173 2500 3227 καὶ
2534 3173 2592 3228 τὸ
2637 3169 2691 3226 δὲ
2723 3172 3024 3242 θαυμαστὸν
3072 3173 3159 3228 καὶ
3187 3170 3349 3249 λόγου
3382 3173 3584 3235 παντὸς
3635 3173 3786 3247 ὑψη-

2128 3261 2368 3338 λότερον,
2402 3260 2503 3322 ἕως
2535 3259 2633 3333 μέν
2665 3263 2692 3315 6
2751 3257 3008 3325 δηλωθεὶς
3061 3259 3281 3338 Μάλχος
3327 3261 3562 3339 ἐμέτρει,
3612 3261 3786 3318 ἐλατ-

2132 3347 2382 3422 τούμενόν
2439 3370 2494 3405 τε
2550 3350 2642 3404 τὸν
2705 3360 2855 3404 σῖτον
2926 3347 3064 3427 ἑώρα
3116 3352 3203 3407 καὶ
3258 3349 3581 3408 ἀπειλοῦντα
3645 3351 3784 3407 ὅσον

2129 3439 2278 3496 οῧπω
2321 3438 2420 3504 τὴν
2476 3435 2699 3511 ἔνδειαν,
2759 3440 2873 3494 ἐπεὶ
2932 3435 2987 3493 δὲ
3040 3439 3139 3506 τῆς
3187 3440 3462 3518 ὑστεραίας
3515 3441 3694 3520 εἰσίοι,
3759 3443 3788 3496 ὁ

2132 3529 2288 3591 αὐτὸς
2319 3527 2384 3595 ἦν
2414 3526 2574 3605 δ’γκος
2608 3549 2663 3583 τε
2693 3529 2776 3584 καὶ
2812 3529 2979 3593 σωρὸς
3028 3530 3116 3585 καὶ
3167 3529 3346 3607 ὥσπερ
3401 3528 3517 3586 οὖδὲ
3579 3531 3785 3606 μακρὸν

2132 3618 2260 3698 χθὲς
2293 3616 2658 3696 ὑφαιρεθέντος
2719 3614 3006 3680 ἐδείκνυτο.
3054 3627 3228 3677 Ταῦτα
3293 3622 3366 3685 ὡς
3427 3625 3524 3678 οὒκ
3576 3619 3784 3700 ὀφθαλ-

2131 3716 2247 3783 μῶν
2303 3708 2370 3775 ἦν
2416 3706 2589 3771 ἄλλως
2625 3707 2830 3786 ὰποίτη,
2878 3710 3066 3772 πίστις
3111 3709 3138 3764 ὃ
3182 3709 3404 3788 χρόνος,
3460 3710 3635 3791 Μέχρι
3686 3710 3787 3787 γὰρ

2130 3799 2383 3856 τοσούτου
2424 3805 2502 3872 τῷ
2544 3799 2672 3870 σίτῳ
2731 3797 2760 3865 ἦ
2822 3796 3050 3876 ἄῤῥητος
3109 3797 3242 3865 αὕτη
3293 3799 3522 3864 ἐπίδοσίς
3584 3821 3638 3856 τε
3698 3801 3787 3857 καὶ

2134 3887 2347 3954 αὕξιισις
2401 3888 2596 3967 μέχρις
2633 3898 2691 3946 οὗ
2752 3888 2839 3944 καὶ
2871 3889 2898 3944 6
2931 3887 3149 3966 ἄπειρος
3203 3891 3409 3954 ἐκεῖνος
3471 3893 3557 3946 καὶ
3606 3889 3783 3970 χαλε-

2129 3980 2226 4042 πὸς
2277 3978 2471 4055 ἐπεῖχε
2512 3976 2694 4051 λιμός.
2755 3977 2922 4038 Ἀλλὰ
2983 3985 3150 4034 ταῦτα
3207 3977 3306 4052 μὲν
3357 3980 3468 4036 ἔστι
3529 3978 3782 4036 δεικνύειν

399 4069 731 4140 oculorum,
757 4068 934 4130 ﬁdem
965 4067 1106 4130 facit
1156 4077 1412 4146 tempus.
1448 4065 1683 4126 Tandiu
1715 4064 1875 4126 enim
1908 4064 2041 4126 fru-

2132 4074 2327 4139 ζῶντας
2361 4069 2449 4122 τὸν
2508 4067 2660 4144 ἅγιον
2721 4066 3018 4145 διατρέφειν
3075 4067 3160 4124 καὶ
3214 4068 3608 4136 κινδυνεύοντας
3661 4069 3779 4127 δια-

412 4159 594 4222 menti
616 4158 725 4219 fuit.
745 4160 856 4221 hoc
877 4157 1228 4220 admirabile
1245 4164 1627 4235 augmentum
1659 4163 1718 4215 et
1749 4155 2041 4234 acceptio,

411 4248 677 4325 quandiu
704 4248 917 4310 mansit
937 4247 1128 4326 gravis
1148 4247 1246 4308 illa
1264 4255 1322 4306 et
1344 4244 1573 4306 infinita
1598 4243 1934 4305 fames.Sed
1959 4244 2052 4305 his

411 4339 652 4419 quidem
685 4337 1039 4412 ostenditur,
1065 4343 1334 4398 sanctum
1372 4342 1427 4394 et
1462 4332 1743 4394 nutriisse
1777 4333 1957 4405 vivos,
1997 4342 2056 4394 et

2130 4159 2319 4228 σώζειν
2355 4172 2368 4186 ⁸
2405 4169 2560 4218 ποῖος
2594 4155 2649 4212 δὲ
2701 4158 2787 4213 καὶ
2837 4159 3052 4235 νεκροὺς
3107 4156 3327 4237 ἐγείρειν
3380 4163 3465 4216 καὶ
3526 4159 3780 4233 δαίμονας

2133 4246 2449 4303 ἀπελαύνειν
2493 4246 2520 4300 ὁ
2581 4245 2746 4323 μέγας
2799 4253 2953 4310 οὗτος
2988 4246 3308 4329 ἐτύγχανεν,
3361 4251 3547 4308 αὐτίκα
3591 4248 3656 4318 δὴ
3703 4252 3793 4307 καὶ

2137 4337 2427 4411 ῥηθήσεται
2441 4379 2452 4390 .

411 4447 798 4492 conservasse
843 4445 945 4490 eos
978 4428 1079 4508 qui
1129 4432 1299 4486 erant
1327 4423 1387 4483 in
1440 4421 1738 4501 periculo.
1789 4421 2306 4492 Quemadmodum
2337 4430 2533 4485 autem
2579 4442 2647 4486 se
2687 4425 2940 4504 gesserit
2986 4434 3231 4490 sanctus
3261 4428 3594 4492 excitandis
3642 4449 3799 4494 mor-

409 4521 524 4582 tuis
553 4528 612 4580 et
641 4517 915 4596 fugaudis
943 4513 1340 4585 daemonibus,
1377 4511 1573 4571 statim
1609 4510 1866 4572 dicetur.

484 4602 1079 4684 XXVII.Egrotabat
1102 4601 1439 4683 quidem,et
1470 4601 1530 4660 in
1555 4600 1708 4660 lecto
1738 4597 2046 4661 decumbe-

2224 4603 2346 4665 KZ'.
2393 4608 2577 4662 Νοσῶν
2609 4628 2689 4671 τις
2721 4605 2786 4674 ἧν
2817 4609 2904 4665 καὶ
2960 4606 3286 4678 κλινοπετὴς
3331 4612 3499 4685 ὄνομα
3555 4609 3790 4685 Παῦλος,

406 4696 531 4771 bat,
566 4696 808 4758 nomine
842 4691 1294 4764 Paulus,habitu
1327 4689 1679 4766 monachus.
1707 4687 1761 4750 Is
1789 4708 1925 4750 cum
1957 4707 2056 4750 ex-

404 4795 662 4850 tremum
679 4786 801 4865 jam
827 4784 1073 4845 duceret
1102 4781 1400 4862 spiritum,
1439 4779 1614 4839 mittit
1647 4777 1718 4839 ad
1752 4786 2052 4855 sanctum,

407 4885 466 4940 et
495 4883 662 4954 rogat
690 4882 754 4936 ut
784 4872 1001 4934 veniat.
1029 4871 1348 4948 Postquam
1372 4876 1596 4948 autem,
1633 4869 1721 4930 via
1753 4868 2049 4950 confecta,

405 4965 507 5048 qui
541 4971 751 5026 missus
776 4963 990 5037 fuerat,
1031 4961 1190 5023 venit
1248 4959 1320 5022 ad
1374 4964 1822 5033 monastehum,
1859 4968 1917 5020 et
1947 4960 2054 5020 fuit

406 5073 606 5118 coram
633 5072 842 5134 magno
864 5049 1458 5131 Marcello,quoniam
1493 5048 1595 5111 ille
1618 5057 1754 5110 tunc
1776 5050 1850 5112 de
1875 5048 2056 5111 rebus

408 5143 736 5208 disserebat
769 5142 1068 5222 gravibus,
1089 5149 1142 5201 et
1177 5139 1253 5200 de
1274 5139 1463 5200 sacris
1496 5138 1777 5201 tractabat
1809 5138 2055 5218 dogma-

409 5233 591 5308 tibus,
625 5230 996 5295 contendens
1047 5248 1181 5292 cum
1213 5229 1481 5291 antistite
1512 5228 1937 5308 Chalcedonis,
1993 5237 2054 5290 et

409 5324 510 5406 qui
527 5326 742 5385 missus
763 5322 972 5394 fuerat,
1010 5329 1099 5382 est
1127 5337 1427 5393 reversus,
1467 5327 1524 5378 et
1571 5319 1670 5398 qui
1704 5317 2050 5394 aegrotabat,

410 5423 538 5476 erat
567 5420 860 5475 mortuus.
897 5411 1043 5473 Cum
1076 5427 1218 5488 ergo
1246 5411 1367 5489 jam
1403 5415 1639 5488 peracta
1670 5415 1892 5482 essent,
1927 5426 2059 5488 quae

411 5506 559 5566 liunt
590 5508 929 5575 mortuo,et
960 5507 1194 5580 paratus
1226 5507 1384 5560 esset
1410 5498 1483 5559 ad
1518 5495 1887 5558 efferendum
1919 5498 2057 5577 (hoc

411 5601 611 5656 autem
646 5610 761 5653 non
780 5590 897 5652 alia
918 5589 992 5652 de
1008 5607 1185 5651 causa
1211 5587 1511 5670 provisum
1534 5585 1723 5647 fuerat
1743 5604 1778 5647 a
1795 5587 2052 5668 superis,

415 5701 590 5768 quam
610 5690 672 5745 ut
701 5681 990 5763 majorem
1023 5697 1248 5755 casum,
1281 5687 1339 5742 et
1369 5676 1560 5757 majus
1591 5675 1968 5755 miraculum,
1997 5685 2055 5742 et

2139 4692 2200 4746 τὸ
2225 4699 2421 4772 σχῆμα
2453 4695 2720 4775 μοναχός.
2758 4699 2922 4761 Οὗτος
2956 4696 3058 4765 ἤδη
3091 4702 3210 4776 περὶ
3254 4701 3346 4761 τὰς
3400 4699 3637 4777 ἐσχάτας
3669 4699 3800 4753 ἀνα-

2141 4783 2302 4848 πνοὰς
2333 4783 2430 4864 ὢν,
2465 4784 2684 4861 πέμψας
2717 4787 2949 4844 αἰτεῖται
2982 4789 3110 4864 πρὸς
3162 4788 3318 4843 αὐτὸν
3369 4786 3646 4865 ἀφικέσθαι
3703 4789 3793 4842 τὸν

2139 4870 2312 4948 ἅγιον.
2357 4873 2453 4938 Ὠς
2512 4872 2567 4931 δὲ
2625 4877 2723 4942 τὴν
2769 4875 2888 4933 ὁδὸν
2941 4878 2968 4932 ὁ
3000 4877 3256 4952 πεμφθεὶς
3284 4876 3478 4938 ἀνύσας
3511 4874 3789 4952 κατελάμ-

2138 4959 2262 5018 ϐανε
2289 4963 2387 5031 τὴν
2419 4965 2590 5040 μονὴν
2620 4965 2706 5022 καὶ
2738 4967 2810 5030 εἰς
2843 4963 2966 5039 ὄψιν
3012 4964 3140 5031 ἦλθε
3202 4965 3278 5038 τῷ
3333 4963 3578 5042 μεγάλῳ,
3637 4965 3788 5022 ἐπεί-

2138 5073 2236 5131 περ
2280 5052 2484 5116 ἐκεῐνος
2546 5056 2607 5110 τὸ
2663 5060 2954 5120 τηνικαῦτα
3004 5051 3303 5108 σπουδαίων
3362 5051 3554 5134 εἴχετο
3604 5053 3788 5112 διαλέ-

2138 5140 2393 5207 ξεωνκαί
2454 5157 2573 5208 τοῖς
2631 5146 2795 5219 ἱεροῖς
2850 5141 3080 5198 ἐνέκειτο
3140 5139 3396 5221 δόγμασι,
3428 5152 3504 5220 τῷ
3549 5145 3785 5225 προέδρῳ

2141 5231 2482 5299 Χαλκηδόνος
2541 5229 2996 5307 διαμιλλώμενος,
3085 5232 3114 5288 δ
3179 5254 3237 5289 τε
3308 5237 3562 5315 πεμφθεὶς
3645 5240 3788 5303 αὖθις

2140 5320 2387 5399 ἐπανῂει,
2419 5323 2507 5378 καὶ
2539 5324 2566 5378 6
2599 5326 2767 5377 νοσῶν
2799 5319 2900 5388 ἤδη
2934 5323 3202 5389 τεθνηκὼς
3233 5323 3322 5391 ἦν.
3361 5323 3510 5382 Ἐπεὶ
3572 5333 3661 5383 οὖν
3693 5327 3788 5384 καί

2140 5411 2206 5468 τὰ
2237 5411 2322 5467 ἐπὶ
2352 5415 2518 5489 νεκρῷ
2547 5409 2720 5466 πάντα
2764 5409 3094 5492 τετέλεσται,
3144 5415 3231 5470 καί
3283 5412 3496 5489 ἕτοιμος
3544 5415 3611 5483 ἦν
3656 5417 3789 5494 πρὸς

2141 5501 2236 5569 τὴν
2297 5501 2522 5578 ἐκφορὰν
2580 5501 2760 5576 (τοῦτο
2822 5498 2876 5557 δὲ
2965 5506 3058 5560 οὒκ
3128 5501 3306 5566 ἄλλως
3367 5505 3790 5582 προῳκονόμητο

2140 5589 2334 5646 ἄνωθεν
2366 5587 2484 5645 ἀλλ’
2519 5588 2611 5646 ἵνα
2639 5588 2698 5646 τὸ
2727 5599 2912 5666 μεῖζον
2945 5592 3108 5656 πάθος
3143 5593 3230 5650 καὶ
3271 5594 3332 5650 τὸ
3384 5597 3558 5669 θαῦμα
3603 5601 3790 5670 μεῖζον

2139 5680 2229 5737 καὶ
2271 5677 2582 5758 Μαρκέλλου
2645 5681 2742 5750 τὴν
2812 5683 3007 5764 ἀρετὴν
3051 5683 3265 5761 μείζονα
3317 5681 3509 5766 δείξῃ),
3559 5688 3630 5752 ὡς
3676 5684 3777 5754 ἤδη
