4066 6408
339 368 456 434 Ἷ33

1289 363 1478 429 VITA
1523 364 1586 426 S.
1633 359 2022 426 MARCELLI
2066 360 2758 429 ARCHIMANDRITE.

3595 369 3716 434 734

335 501 851 584 πέραςιὶλάμϐανεν
909 503 943 571 ἡ
989 499 1240 576 διάλεξις,
1303 498 1484 558 ἄπεισι
1556 497 1701 580 παρὰ
1756 498 1848 557 τὸν
1889 519 1982 556 v0-

2070 497 2334 562 Marcelli
2364 500 2642 564 virtutem
2670 501 2958 584 majorem
2990 500 3488 586 ostenderet),ubi
3519 503 3705 566 factus

333 618 531 655 σουντα
562 611 576 626 ⁸
613 595 702 652 καὶ
732 593 915 671 νεκρὸν
962 590 1086 650 ἰδὼν
1131 591 1338 648 ἐκεῖνον
1389 591 1475 648 καὶ
1508 591 1640 670 πρὸς
1683 589 1781 657 τὴν
1825 588 1981 668 ἐκφοο

330 689 428 767 ρᾶν
473 686 712 762 ἕτοιμον,
775 682 937 740 ἔπαθε
988 681 1086 758 μὲν
1128 681 1230 749 την
1279 681 1492 762 ψυχὴν,
1537 679 1624 737 καί
1653 677 1849 758 δάκρυα
1878 683 1984 767 τῷν

328 766 569 858 παρειῶν
599 773 883 854 κατέχεεν,
917 771 976 829 οὒ
1007 771 1106 848 μὲν
1135 771 1302 851 δφῆκε
1333 775 1428 838 τῆς
1475 771 1605 848 πρὸς
1656 770 1786 826 Θεὸν
1845 766 1985 846 παῤ-

325 869 541 947 ῥησίας,
575 863 714 922 ἀλλὰ.
755 863 850 920 καῖ
899 875 1092 943 χεῖρας
1144 861 1256 938 ἅμα
1299 862 1384 917 καὶ
1415 859 1634 935 ὄμματα
1681 858 1768 916 καὶ
1797 858 1984 947 ψυχὴν

328 946 467 1036 πρὸς
526 957 684 1014 αὐτὸν
742 952 1017 1016 ἀνατείνας
1072 948 1156 1030 ἐφ’
1210 952 1391 1008 ἰκανὸν
1437 949 1574 1007 οὕτω
1623 946 1979 1028 προσηύξατο.

331 1048 478 1108 Εἶτα
511 1045 609 1102 οὒκ
647 1045 722 1107 εἰς
757 1043 890 1100 ἑπτὰ
919 1043 1018 1119 μὲν
1071 1040 1300 1121 ἐμφυσᾷ,
1349 1042 1422 1106 ὡς
1479 1039 1644 1096 πάλαι
1678 1041 1705 1096 6
1736 1036 1982 1110 ζηλωτὴς

327 1136 548 1216 Ἠλίας,
581 1135 767 1215 χειρὸς
811 1131 866 1188 δὲ
923 1130 1086 1206 μόνον
1146 1131 1410 1197 ἐπιτίθησι
1461 1137 1538 1205 τῷ
1580 1135 1772 1208 νεκρῷ,
1807 1129 1894 1186 καὶ
1938 1131 1986 1185 οἰ

333 1224 597 1306 παρόντες
643 1222 822 1287 ἄλλως
853 1223 1012 1282 αὐτὸν
1054 1221 1143 1278 καὶ
1185 1220 1289 1300 οὒχ
1343 1222 1416 1284 ὡς
1464 1229 1647 1296 νεκροῦ
1675 1226 1768 1275 τοῦ
1794 1217 1984 1294 κειμέ-

335 1341 427 1375 νου
471 1317 820 1394 πειρασθῆναι
877 1312 1192 1388 νομίσαντες
1262 1310 1509 1389 λέγουσιν
1568 1308 1649 1366 ὅτι
1710 1307 1982 1376 τέθνηκεν.

339 1406 504 1484 ’Ἀμα
533 1405 590 1462 δὲ
631 1403 789 1462 τοῦτο
832 1407 990 1459 εἷπον
1034 1399 1254 1478 ἐκεῖνοι,
1301 1401 1389 1457 καὶ
1449 1401 1633 1480 νεκρὸς
1691 1399 1837 1463 εὐθὺς
1897 1396 1986 1463 ἐξ-

338 1499 589 1558 ανίστατο
645 1495 734 1551 καὶ
794 1493 1153 1572 φθεγγόμενος
1194 1493 1282 1548 καὶ
1323 1491 1431 1547 τῶν
1480 1493 1683 1547 ὶκεῖθεν
1713 1489 1986 1565 ἐμέμνητο

337 1588 618 1662 θεαμάτων
649 1587 820 1641 εἰπεῖν
863 1603 920 1639 τε
965 1583 1052 1639 καὶ
1113 1585 1334 1640 ἀκοῦσαι
1365 1577 1771 1660 φοϐερωτάτων.
1805 1577 1985 1641 Οὕτως

339 1680 573 1751 ἐκεῖνος,
609 1675 704 1730 ’ἕνα
731 1695 783 1730 τι
838 1672 931 1730 παὶ
974 1670 1259 1750 τολμήσω,
1308 1671 1395 1726 καὶ
1439 1668 1593 1738 ἡλίου
1649 1669 1827 1748 φανεὶς
1872 1689 1984 1724 πα-

341 1769 634 1853 ραπλήσιος
663 1771 761 1828 οὒκ
807 1764 1038 1834 ἠθέλησε
1067 1765 1128 1823 τὸ
1171 1765 1245 1828 εἰς
1292 1763 1448 1853 αύλτδν
1492 1763 1626 1832 ἧκον
1674 1761 1834 1853 δῆλον
1864 1773 1983 1825 τοῖς

2066 586 2182 651 fuit
2210 588 2543 652 disserendi
2570 591 2895 674 ﬁnis,venit
2922 592 2998 656 ad
3027 597 3356 672 aegrotum:
3390 602 3608 656 etcum
3634 592 3712 654 il-

2067 677 2192 740 lum
2223 677 2472 741 vidisset
2502 689 2890 757 mortuum,et
2902 683 3026 763 jam
3055 692 3325 764 paratum
3356 684 3431 746 ad
3465 684 3717 746 efferen-

2068 766 2234 844 dum,
2273 778 2466 832 motus
2500 770 2742 852 quidem
2775 780 2866 834 est
2894 773 3118 848 animo,
3153 781 3212 836 et
3259 793 3328 836 ex
3377 776 3512 856 ejus
3542 770 3716 854 genis

2070 856 2332 920 ﬂuebant
2362 859 2672 942 lacryma:
2722 879 2917 944 neque
2939 863 3169 926 remisit
3200 871 3401 928 tamen
3427 882 3600 927 suam
3637 861 3714 924 ad

2067 947 2256 1011 Deum
2287 949 2703 1026 ﬁduciam,sed
2733 971 2866 1014 cum
2899 971 3109 1016 manus
3135 953 3312 1017 simul
3335 963 3393 1017 et
3421 954 3626 1018 oculos
3657 963 3716 1018 et

2069 1039 2327 1101 animam
2353 1040 2426 1102 ad
2458 1059 2594 1102 eum
2626 1042 3087 1116 sustulisset,est
3115 1043 3460 1125 aliquandiu
3492 1063 3707 1127 preca-

2071 1129 2426 1193 tus.Deinde
2455 1149 2574 1193 non
2605 1131 2827 1212 septies
2845 1133 3087 1214 quidem
3117 1134 3710 1216 iuspirat,sicutolim

2069 1219 2290 1282 zelator
2318 1219 2495 1297 Elias,
2538 1223 2644 1285 sed
2671 1221 2862 1284 solum
2896 1242 3136 1286 manum
3170 1225 3420 1306 imponit
3453 1233 3708 1288 mortuo.

2071 1309 2186 1383 Qui
2213 1313 2411 1372 autem
2471 1309 2740 1388 aderant,
2776 1311 2891 1374 alia
2947 1332 3085 1375 eum
3135 1314 3288 1376 velle
3315 1323 3612 1396 putantes,
3649 1323 3708 1376 et

2071 1416 2193 1460 non
2225 1407 2287 1461 ut
2319 1408 2621 1462 mortuum
2667 1409 2924 1476 tentare,
2974 1402 3182 1466 dicunt
3217 1421 3230 1466 :
3279 1404 3383 1466 Est
3413 1411 3706 1465 mortuus.

2071 1489 2259 1553 Simul
2285 1497 2462 1570 atque
2493 1509 2631 1552 vero
2662 1491 2745 1552 illi
2769 1491 2879 1554 hoc
2910 1492 3208 1567 dixerunt,
3235 1494 3499 1556 surrexit
3543 1512 3710 1555 mor-

2071 1586 2205 1642 tuus
2235 1599 2249 1640 :
2286 1579 2611 1661 vidensque
2635 1587 2907 1644 ostensus
2930 1591 3019 1644 est
3049 1589 3110 1644 et
3138 1581 3482 1663 loquens,et
3503 1601 3712 1644 eorum

2068 1688 2200 1751 quae
2227 1669 2353 1732 illic
2387 1679 2580 1750 erant,
2616 1671 2885 1734 meminit
2927 1672 3426 1753 spectaculorum.
3454 1671 3553 1735 Sic
3583 1672 3707 1748 ille,

2067 1761 2192 1841 qui,
2228 1759 2280 1822 si
2310 1759 2652 1822 audendum
2682 1760 2760 1824 sit
2789 1761 3112 1836 dicere,vel
3145 1763 3272 1824 sole
3294 1762 3512 1825 clarior
3537 1780 3716 1843 appa-

348 1849 563 1922 πολλοῖς
621 1859 683 1915 τὸ
742 1860 916 1932 θαῦμα
972 1854 1262 1933 γενέσθαι·
1317 1851 1453 1910 ἀλλὰ
1501 1856 1590 1909 καὶ
1633 1852 1777 1926 αὐτῷ
1808 1873 1864 1908 τε
1904 1858 1981 1924 τῷ

2070 1857 2287 1923 ruerat,
2322 1849 2584 1931 nolebat,
2609 1851 2764 1932 quod
2797 1851 2868 1914 ad
2901 1869 2967 1914 se
2995 1851 3516 1926 attinebat,multis
3537 1869 3710 1933 aper-

350 1952 620 2008 ἀναστσντι
680 1948 769 2004 καὶ
823 1959 944 2010 τοῖς
987 1943 1333 2019 θεασαμένοις
1391 1941 1572 2020 ὥσπερ
1630 1945 1658 1999 6
1697 1944 1831 2013 ἐμὸς
1862 1940 1981 2008 Ἰη-

346 2047 463 2104 σοῦς
518 2039 615 2107 τὴν
691 2036 903 2103 σιωπὴν
965 2032 1348 2113 παραγγέλλει,
1409 2032 1674 2099 τοσαύτην
1731 2031 1984 2110 εἰσφέρων

341 2126 573 2198 σπουδὴν
620 2133 718 2186 τοῦ
760 2128 862 2194 τὴν
916 2123 1060 2198 παρά
1129 2123 1421 2200 ἀνθρώπων
1483 2121 1636 2188 δόξαν
1707 2120 1986 2202 διαφυγεῖν

340 2220 469 2288 ὅσης
669 2217 767 2285 τῆς
815 2215 958 2292 παρὰ
1003 2221 1134 2272 Θεοῦ
1185 2213 1474 2294 τυγχάνειν
1519 2213 1676 2278 αὐτὸς
1733 2209 1979 2284 ἔμελλεν

341 2311 456 2368 ὄθεν
513 2306 632 2365 οὐδὲ
688 2306 872 2365 λαθεῖν
913 2305 1088 2385 ἆφῆκε
1141 2305 1203 2360 τὸ
1244 2305 1464 2383 γεγονὸς
1503 2305 1530 2360 6
1560 2301 1684 2379 δόξῃ
1724 2299 1984 2374 περιϐάλ-

343 2400 453 2458 λων
497 2398 578 2455 ἆεὶ
607 2397 728 2460 τοὺς
788 2395 943 2453 αὐτὸν
1003 2391 1229 2465 δοξάζειν
1285 2391 1706 2471 κροῃρημένους.
1768 2393 1828 2450 Οἱ
1885 2392 1984 2469 γὰρ

344 2488 645 2572 ὀφθαλμοῖς
693 2488 857 2543 ταῦτα
901 2482 1324 2572 παραλαϐόντες,
1371 2482 1524 2561 ὀλίγα
1552 2489 1660 2539 τῶν
1688 2481 1984 2572 ἐπιταγμά-

337 2571 441 2639 των
499 2577 870 2659 φροντίσαντες
895 2621 912 2648 ,
1001 2575 1114 2632 ἐπεὶ
1188 2571 1306 2632 οὐδὲ
1375 2573 1622 2653 κρύπτειν
1692 2571 1984 2642 ἠϐούλοντο

338 2673 423 2728 καὶ
477 2681 597 2734 τοῖς
650 2665 834 2730 ἄλλοις
880 2665 1077 2746 ἆγαθοῦ
1131 2664 1368 2722 τοιούτου
1423 2666 1634 2743 φθονεῖν
1675 2662 1908 2728 πολλαῖς
1953 2664 1986 2719 ἃ

337 2759 482 2818 εἶδον
539 2757 988 2835 παραπέμπουσιν
1044 2757 1264 2828 ἀκοαῖς,
1311 2749 1438 2830 μηδ’
1487 2754 1613 2810 αὒτὸ
1657 2763 1813 2814 τοῦτο
1851 2754 1983 2831 κρύ-

340 2856 557 2927 ψαντες,
592 2847 672 2906 ὅτι
705 2847 792 2904 καὶ
821 2845 962 2924 μέγα
993 2842 1128 2900 οὕτω
1186 2841 1408 2906 τελέσας
1467 2841 1802 2922 παρήγγειλε
1849 2865 1983 2900 σιω-

341 2962 469 3013 παν.

421 3117 560 3181 KH'.
609 3115 757 3186 Πλὴν
806 3113 943 3172 ἀλλὰ
993 3116 1055 3172 τὸ
1115 3114 1214 3191 μὲν
1269 3114 1482 3194 νεκροὺς
1543 3112 1764 3192 ἐγείρειν
1815 3111 1982 3178 οὕτως

336 3221 462 3290 εῖχε
490 3207 676 3288 ῥᾳδίως
867 3215 966 3264 Δεῖ
993 3202 1049 3261 δὲ
1095 3204 1188 3262 καὶ
1221 3205 1316 3273 τὴν
1366 3205 1502 3261 κατὰ
1533 3201 1797 3294 δαιμόνων
1828 3203 2044 3294 άῦτοῦο

337 3299 555 3375 δύναμιν
598 3294 848 3364 ἐπίδηλον
907 3295 1066 3354 αὑτοῦ
1119 3298 1392 3368 καθιστᾷν,
1456 3291 1786 3372 Προσέφερον
1843 3295 1986 3367 αύτῷ

335 3411 395 3448 τε
437 3387 803 3465 δαιμονῶντας
865 3388 998 3461 ὁμοῦ
1069 3383 1363 3462 τέσσαρας,
1418 3381 1694 3464 χαλεποῖς
1769 3381 1984 3458 δαίμοσι

340 3481 430 3538 καὶ
481 3477 868 3556 πονηροτάτοις
941 3473 1404 3552 κατειλημμένους
1445 3495 1459 3509 ·
1518 3472 1614 3530 καὶ
1676 3475 1704 3528 6
1749 3472 1846 3548 μὲν
1889 3471 1984 3540 τῆς

343 3573 673 3649 προσευχῆς,
706 3569 753 3623 οἱ
795 3565 850 3622 δὲ
894 3571 990 3633 τῆς
1035 3565 1225 3640 μανίας
1259 3565 1404 3628 εὐθὺς
1463 3562 1725 3642 ἤρχοντο.
1773 3563 1844 3620 Τὸ
1888 3563 1986 3637 μὲν

341 3664 427 3718 οὖν
481 3659 691 3738 πρῶτον
741 3655 1036 3736 βλάσφημά
1095 3675 1149 3710 τε
1200 3655 1273 3716 εἰς
1325 3653 1480 3710 αὺτὸν
1529 3652 1850 3733 ἐφθέγγοντο
1901 3653 1990 3708 καὶ

339 3751 460 3816 τοὺς
521 3747 710 3827 ἄνδρας
767 3749 1002 3826 ἰσχυρῶς
1070 3743 1411 3823 ἐξετάραττον
1448 3761 1463 3778 ⁸
1521 3741 1704 3798 ἔπειτα
1761 3740 1846 3799 διὰ
1887 3747 1987 3808 τῆς

336 3840 504 3922 εὐχῆς
533 3837 888 3916 ἀκμαιότερον
936 3835 1241 3915 ἴσχυούσης
1294 3832 1534 3911 ἀοράτως
1589 3831 1786 3888 ἐκεῖνοι
1817 3829 1986 3910 δεχό-

337 3920 486 4006 μενοι
544 3929 640 3992 τὰς
688 3926 905 4005 πληγὰς
965 3923 1344 4001 δημοσιεύουσι
1376 3923 1472 3987 τὰς
1513 3920 1700 3987 ὀδύνας
1732 3920 1826 3977 καί
1857 3922 1986 3997 βοᾷν

336 4019 646 4100 ἄρχονται⁶
698 4015 958 4075 Κέλευσον
1016 4017 1148 4090 ἡμῖν
1208 4011 1460 4086 ἐξελθεῖν,
1519 4009 1702 4100 ἐπειδή
1763 4012 1846 4100 καὶ
1890 4013 1990 4078 τὴν

338 4099 451 4166 καθᾖ
509 4107 667 4184 ἡμῶν
721 4105 959 4172 ἐξοδσίαν
1003 4104 1160 4167 αὐτὸς
1204 4100 1462 4180 εἴληφαςο
1517 4101 1632 4157 λίαν
1691 4099 1988 4164 ἐπιϐούλως

348 4197 496 4254 τοῦτο
521 4199 609 4254 καὶ
657 4193 1002 4274 κακοτέχνως
1036 4193 1236 4250 ἐκεῖνοι
1271 4211 1288 4228 ο
1337 4189 1572 4259 δηλώσει
1615 4191 1714 4270 γὰρ
1745 4191 1811 4247 τὰ
1843 4189 1986 4258 ἑξῆς.

351 4288 525 4353 Σδνεὶς
580 4288 669 4343 οὖν
712 4285 814 4352 τὴν
874 4283 1163 4350 ἐπιϐουλὴν
1221 4284 1248 4338 6
1293 4281 1459 4357 μέγας
1515 4280 1626 4337 οὔτ’
1683 4280 1988 4357 ἐπεστράφη

346 4379 478 4454 πρὸς
507 4378 566 4434 τὸ
596 4377 777 4456 ῥηθὲν,
827 4372 944 4432 οὔτε
976 4374 1084 4450 μὴν
1116 4371 1463 4447 ἐπετίμησεν,
1516 4370 1635 4428 ἀλλ’
1691 4372 1761 4433 εἰς
1824 4370 1988 4448 οὖρα-

345 4472 433 4527 νὸν
463 4470 623 4546 νόμον
653 4468 870 4547 βλέπων
900 4467 997 4536 τῆς
1029 4464 1200 4533 εὒχῆς
1234 4463 1422 4545 εἴχετο
1455 4464 1549 4520 γαί
1580 4463 1731 4520 οὖδὲν
1761 4461 1892 4521 ἄλλο
1922 4466 1983 4537 ἦ,

338 4563 522 4616 Σῶσον
580 4561 641 4616 τὸ
697 4560 792 4616 σὸν
849 4555 1098 4632 πλείσμα,
1161 4555 1377 4632 Χριστὲ,
1451 4553 1677 4610 ἐπιπολὺ
1735 4551 1986 4628 δεόμενος

339 4648 514 4729 ἔλεγε.
561 4651 660 4708 Καὶ
715 4652 762 4706 οἱ
807 4649 905 4724 μὲν
949 4646 1096 4710 αὖθις
1159 4644 1504 4714 κελευσθῆναι
1578 4643 1749 4713 ἠξίουν
1785 4659 1798 4674 ⁸
1848 4647 1876 4700 6
1934 4642 1988 4699 δὲ

333 4740 430 4798 οὒκ
484 4740 745 4816 ἐπείθετο,
792 4736 929 4794 ἀλλὰ
971 4733 1092 4794 κατ’
1155 4737 1327 4792 αύτῶν
1385 4735 1486 4802 τὴν
1511 4736 1654 4791 θείαν
1683 4733 1862 4790 ἐκάλει
1894 4732 1986 4789 δύ-

331 4850 514 4906 ναμιν,
561 4829 656 4886 καί
709 4827 878 4891 οὕτως
921 4825 1245 4900 ἠλαύνοντο,
1277 4825 1362 4882 καὶ
1400 4827 1447 4881 οἱ
1477 4823 1657 4901 ἄνδρες
1716 4823 1771 4879 ἐν
1813 4831 1987 4898 ταυτῴ

328 4925 427 4988 τῆς
484 4919 747 4998 μάστιγος
799 4915 1237 4985 ἀπηλλάττοντο.
1289 4915 1439 4974 Ἐπεὶ
1472 4912 1526 4970 δὲ
1569 4915 1656 4970 καὶ
1686 4913 1784 4980 τὴν
1819 4913 1986 4970 αἰτίαν

327 5012 552 5089 ἠρώτων
596 5012 644 5066 οἰ
685 5007 807 5066 τότε
851 5009 1141 5086 παρόντες,
1177 5007 1227 5062 τί
1270 5004 1335 5076 δή
1368 5025 1500 5061 ποτε
1528 5001 1696 5080 μηδὲν
1728 5016 1843 5069 τοῖς
1874 5001 1986 5059 δαί.

328 5123 490 5177 μοοιν
561 5098 790 5176 ἑτοίμως
877 5098 1192 5178 ὑποχωρεῖν
1274 5092 1630 5172 ὁμολογοῦσιν
1703 5090 1755 5158 ἐξ
1808 5092 1984 5173 ἀρχῆς

331 5190 641 5269 ἐπέταττεν,
676 5189 910 5268 ἐκεῖνος,
957 5185 1092 5245 ³’οτι
1137 5207 1230 5262 με,
1275 5186 1430 5265 φησὶ,
1487 5184 1586 5251 τὴν
1645 5180 1765 5238 κατ’
1809 5184 1982 5239 αὐτῶν

2067 1947 2192 2002 tum
2217 1940 2346 2001 ﬁeri
2369 1942 2720 2003 miraculum
2748 1962 2762 2004 :
2799 1941 2904 2003 scd
2947 1948 3009 2004 et
3037 1943 3092 2004 ei
3125 1942 3229 2024 qui
3257 1951 3620 2016 surrexerat,
3654 1948 3714 2004 et

2065 2029 2139 2092 iis
2169 2030 2274 2109 qui
2302 2036 2680 2111 aspexerant,
2715 2030 2868 2094 sicut
2896 2049 3067 2094 meus
3094 2033 3290 2106 Jesus,
3319 2031 3590 2113 praecipit
3619 2031 3704 2093 si-

2068 2122 2312 2180 lentium
2338 2138 2352 2180 :
2377 2131 2599 2181 tantum
2621 2122 2868 2181 efferens
2895 2124 3149 2182 studium
3175 2123 3465 2196 fugiendae
3485 2124 3707 2197 gloriae,

2069 2223 2201 2287 quae
2229 2213 2321 2268 est
2350 2206 2425 2268 ab
2470 2207 2836 2291 bnniuibus,
2871 2218 3150 2291 quantam
3204 2208 3335 2291 ipse
3365 2217 3492 2272 erat
3521 2227 3556 2271 ιι
3585 2207 3709 2272 Deo

2069 2303 2521 2360 consecuturus.
2555 2296 2846 2370 Quocirca
2875 2317 2987 2361 nec
3015 2299 3286 2379 permisit
3313 2308 3377 2360 ut
3407 2299 3622 2362 lateret
3651 2299 3710 2361 id

2069 2385 2228 2467 quod
2258 2385 2479 2450 factum
2513 2387 2726 2464 fuerat,
2758 2387 2810 2450 is
2838 2387 2939 2470 qui
2970 2389 3156 2468 gloria
3185 2407 3428 2470 semper
3459 2389 3714 2453 circum-

2069 2475 2169 2536 dat
2224 2493 2327 2537 eos
2384 2476 2486 2556 qui
2537 2477 2732 2558 ipsum
2782 2478 3118 2557 gloriﬁcare
3161 2478 3500 2542 voluerunt.
3555 2480 3709 2543 Nam

2070 2564 2175 2641 qui
2206 2583 2276 2626 ea
2306 2566 2497 2629 oculis
2530 2577 2909 2648 aspexerant,
2943 2569 3072 2649 ejus
3118 2586 3284 2648 Jussa
3337 2587 3546 2650 parum
3601 2588 3713 2631 cu-

2067 2663 2291 2732 rantes,
2325 2676 2460 2720 cum
2507 2676 2618 2722 nec
2677 2659 2896 2722 vellent
2926 2659 3146 2735 celare,
3181 2677 3294 2722 nec
3323 2659 3455 2722 aliis
3485 2667 3715 2722 tantum

2069 2746 2292 2809 bonum
2325 2747 2692 2830 invidere,ea
2714 2769 2845 2831 qua:
2860 2749 3132 2812 viderant
3153 2749 3223 2813 ad
3259 2749 3586 2812 multorum
3615 2769 3716 2812 au-

2067 2854 2165 2898 res
2188 2838 2596 2901 transmittunt
2620 2857 2633 2901 :
2655 2858 2769 2902 nec
2793 2841 2907 2903 hoc
2928 2841 3122 2920 ipsum
3147 2840 3388 2922 quidem
3425 2840 3714 2916 celantes,

2067 2926 2231 3005 quod
2253 2945 2389 2989 cum
2420 2945 2548 2990 rem
2571 2937 2687 2990 tam
2721 2947 2992 3010 magnam
3025 2929 3286 3005 fecisset,
3320 2947 3424 2992 eos
3455 2930 3714 3009 iusserat

2066 3017 2269 3079 silere.

2144 3104 2406 3170 XXVIII.
2439 3106 2684 3189 Oportet
2738 3117 2936 3172 autem
2985 3111 3116 3190 ejus
3167 3127 3408 3191 quoque
3438 3110 3714 3172 virtutem

2068 3196 2387 3260 ostendere
2417 3199 2699 3261 adversus
2727 3199 3053 3263 daemones.
3099 3200 3440 3263 Attulerunt
3471 3200 3543 3263 ad
3577 3219 3714 3262 eum

2067 3286 2388 3367 aliquando
2410 3293 2664 3368 quatuor
2680 3290 2856 3352 simul
2869 3290 3454 3371 daamoniacos,quos
3469 3290 3709 3353 saevissi-

2070 3378 2147 3439 mi
2173 3384 2231 3439 et
2256 3378 2501 3458 pessimi
2523 3381 3200 3444 invaserantdzcmones.
3235 3381 3308 3443 Et
3336 3382 3438 3444 ille
3468 3383 3711 3463 quidem

2069 3467 2325 3548 precari,
2360 3467 2448 3529 illi
2473 3479 2674 3530 autem
2705 3471 2905 3532 statim
2942 3478 3252 3552 coeperunt
3274 3470 3560 3534 insanire.
3597 3476 3710 3536 At-

2069 3575 2183 3637 que
2217 3563 2475 3636 primum
2508 3558 2753 3640 quidem
2811 3560 2873 3622 in
2933 3580 3067 3624 eum
3118 3562 3517 3643 loquebantur
3545 3561 3711 3625 blas-

2073 3647 2314 3726 phema,
2370 3661 2429 3709 et
2487 3648 2764 3712 homines
2815 3651 3197 3714 vehementer
3253 3651 3714 3718 conturbabant.

2073 3735 2304 3798 Deinde
2316 3756 2449 3799 cum
2467 3756 2676 3819 preces
2692 3737 2876 3820 magis
2898 3742 3161 3821 vigerent
3184 3749 3242 3803 et
3260 3742 3715 3818 invalescerent,

2072 3825 2159 3887 illi
2182 3825 2296 3889 etsi
2319 3845 2436 3887 non
2461 3827 2808 3891 viderentur
2829 3830 3028 3910 plagas
3063 3831 3453 3912 accipientes,
3481 3832 3722 3895 dolores

2073 3915 2134 3976 in
2159 3914 2463 3996 publicum
2490 3917 2884 3997 proferunt,et
2907 3919 3167 3982 clamare
3198 3921 3533 4002 incipiunt:
3567 3921 3724 3984 Jube

2074 4023 2184 4067 nos
2215 4005 2401 4077 exire,
2434 4008 2712 4086 quoniam
2745 4007 2806 4069 in
2841 4027 2950 4070 nos
2997 4009 3282 4090 accepisti
3315 4018 3663 4091 potestatem
3702 4035 3716 4077 :

2073 4093 2358 4156 insidiose
2385 4096 2622 4176 quidem
2649 4097 2732 4158 illi
2759 4099 2872 4160 hoc
2896 4107 2954 4160 et
2976 4099 3252 4178 maligne:
3280 4101 3503 4163 etenim
3526 4109 3721 4164 osten-

2073 4184 2217 4245 dent
2247 4184 2538 4265 haec,quaa
2559 4185 2846 4268 deinceps
2870 4188 3382 4265 sequuntur.Cum
3409 4191 3604 4272 itaque
3637 4192 3726 4254 in-

2073 4274 2399 4336 tellexisset
2421 4275 2668 4338 insidias
2692 4294 2950 4358 magnus
2968 4277 3311 4353 Marcellus,
3347 4299 3542 4360 neque
3572 4299 3718 4344 con-

2071 4381 2282 4426 versus
2312 4372 2402 4426 est
2429 4365 2500 4426 ad
2534 4366 2594 4428 id
2624 4367 2784 4447 quod
2832 4367 3058 4430 dictum
3113 4369 3328 4450 fuerat,
3377 4388 3572 4451 neque
3611 4389 3718 4434 eos

2072 4455 2423 4536 increpavit,
2457 4456 2562 4517 sed
2585 4457 2659 4519 ad
2683 4457 2898 4519 cmlum
2922 4458 3115 4520 solum
3139 4461 3402 4534 intuens,
3438 4479 3720 4541 perseve-

2071 4545 2239 4607 rabat
2261 4545 2322 4606 in
2353 4545 2646 4624 oratione,
2670 4547 2892 4610 etnihil
2915 4547 3075 4610 aliud
3099 4567 3300 4630 quam,
3334 4551 3518 4612 Serva
3553 4561 3718 4612 tuum

2073 4636 2446 4714 figmentum,
2483 4654 2516 4697 o
2547 4635 2806 4718 Christe,
2841 4637 2944 4700 diu
3000 4656 3216 4717 rogans
3243 4639 3508 4703 dicebat.
3533 4637 3604 4702 Et
3637 4641 3725 4703 illi

2072 4723 2315 4806 quidem
2349 4743 2559 4788 rursus
2607 4727 2897 4805 rogabant
2953 4736 3018 4790 ut
3055 4728 3338 4808 juberet;
3372 4729 3472 4790 ille
3517 4739 3716 4793 autem

2069 4832 2189 4875 non
2225 4813 2703 4895 obtemperabat,
2736 4817 2844 4879 sed
2903 4816 2966 4879 in
3015 4837 3117 4879 eos
3150 4817 3409 4880 divinam
3446 4819 3720 4882 virtutem

2068 4903 2383 4965 invocabat
2417 4921 2431 4966 :
2466 4905 2673 4987 sicque
2703 4907 2936 4987 expulsi
2966 4915 3198 4983 sunt,et
3229 4907 3337 4968 viri
3359 4908 3537 4971 simul
3559 4909 3716 4972 libe-

2067 4994 2182 5055 rati
2205 5003 2392 5056 sunta
2423 4995 2765 5076 plaga.Cum
2788 5006 2987 5060 autem
3020 5016 3260 5061 causam
3285 5008 3584 5078 rogarent,
3620 5003 3722 5082 qui

2069 5092 2208 5146 tunc
2236 5083 2509 5167 aderant,
2544 5104 2650 5149 cur
2684 5085 3060 5150 daemonibus
3120 5106 3185 5150 se
3219 5106 3495 5151 cessuros
3523 5092 3719 5153 conii-

2067 5174 2336 5238 tentibus
2369 5174 2443 5237 ab
2476 5175 2644 5238 initio
2701 5177 2848 5239 nihil
2882 5181 3188 5260 praecepit,
3220 5178 3324 5242 ille
3353 5180 3667 5260 respondit
3707 5203 3721 5249 :

330 5281 563 5348 ἐξουσίαν
625 5265 905 5358 εἰληφέναι
962 5275 1213 5355 λέγοντες
1273 5273 1422 5332 οὗδὲν
1481 5271 1615 5330 ἄλλο
1666 5270 1876 5330 ἐποίουν
1947 5274 1980 5341 ἢ

2070 5265 2358 5338 Quoniam
2384 5265 2656 5329 dicentes
2679 5287 2774 5329 me
2796 5268 2858 5330 in
2880 5287 2983 5332 eos
2997 5270 3304 5352 accepisse
3335 5280 3687 5352 potestatem
3703 5323 3720 5352 ,

329 5368 630 5436 κενοδοξίας
684 5370 906 5449 βρόχοις
979 5387 1046 5442 με
1091 5362 1381 5424 συλλαϐεῖν
1441 5362 1716 5425 ἔσπευδον,
1770 5361 1874 5421 Καὶ
1919 5364 1986 5418 τὰ

329 5462 430 5539 μὲν
461 5466 566 5518 τῶν
597 5459 869 5537 τεσσάρων
901 5458 1116 5514 ἐκείνων
1162 5453 1364 5534 ἀνδρῶν
1421 5453 1614 5518 οὕτως.
1676 5451 1806 5509 Μετ’
1865 5451 1982 5508 ὀλί-

330 5575 427 5632 γον
476 5551 530 5608 δὲ
580 5552 668 5608 καὶ
721 5549 960 5628 Λάζαρὸς
1004 5569 1087 5612 τις
1159 5546 1292 5625 ἀνὴρ
1352 5542 1622 5620 δαιμονίου
1680 5544 1768 5602 καί
1824 5544 1982 5608 αὐτὸς

412 5737 468 5825 (1
512 5734 716 5804 Verba
744 5734 886 5798 uti;
919 5734 1060 5794 sua
1091 5780 1106 5798 .
1149 5783 1163 5801 .

2067 5375 2186 5416 non
2203 5354 2363 5417 aliud
2391 5355 2664 5435 agebant,
2693 5377 2867 5439 quam
2889 5359 3045 5440 quod
3069 5378 3229 5422 vanae
3263 5360 3465 5440 gloria;
3483 5361 3714 5443 laqueis

2066 5463 2162 5507 me
2185 5453 2548 5507 conarentur
2580 5447 2910 5527 implicare.
2934 5447 3004 5510 Et
3026 5449 3259 5511 illorum
3286 5449 3528 5531 quidem
3561 5469 3718 5532 qua-

2066 5543 2203 5597 tuor
2224 5533 2488 5596 virorum
2521 5554 2618 5599 res
2649 5537 2736 5602 ita
2765 5557 2830 5601 se
2861 5537 3412 5602 habuerunt.Paulo
3435 5548 3564 5620 post
3583 5559 3695 5602 au-

1205 5781 1220 5799 .
1259 5780 1275 5798 .
1343 5731 1516 5816 ῥᾳδίας
1551 5751 1674 5800 non
1703 5730 1940 5816 legebat
1965 5729 2272 5809 interpres
2298 5723 2456 5807 apud
2487 5722 2729 5792 Surum.
