4066 6418
367 345 484 414 735

1668 350 1833 416 ΜΕΝ
1838 348 1949 413 SlS
1990 347 2421 414 DECEMBER.

3625 344 3747 413 736

367 495 487 551 tem
518 478 769 553 Lazarus
795 505 1036 569 quoque
1090 486 1357 570 quidam,
1407 487 1510 568 qui
1567 484 2006 567 corripiebatur

2092 486 2255 559 μανίᾳ
2310 485 2548 566 κάτοχος
2603 486 2678 543 ὢν
2737 487 2823 544 καὶ
2893 485 2992 555 τὴν
3050 489 3294 563 γλῶτταν
3350 482 3581 542 ἒπιπολὺ
3651 489 3746 541 τοῦ

368 579 572 641 furore
598 579 989 652 dzemoniaco,
1023 587 1082 641 et
1131 578 1396 656 linguam
1443 576 1543 638 diu
1580 594 1682 638 ore
1716 583 2008 638 exsertam

369 678 429 733 et
460 669 820 750 pendentem
854 666 1134 739 habebat,
1184 668 1338 729 sicut
1394 685 1595 739 canes,
1631 674 1689 727 et
1735 683 2007 747 spumam

370 758 589 823 deinde
615 757 1248 840 exspnebat,eamdem
1266 774 1504 838 quoque
1526 762 1882 819 consecutus
1900 755 2010 817 fuit

369 850 759 913 curationem.
784 848 929 911 Nam
962 865 1099 910 cum
1126 848 1386 928 primum
1409 865 1544 909 eum
1566 853 1810 908 sanctus
1835 843 2007 907 beni-

369 939 501 1016 gnis
525 939 672 1001 vidit
691 938 970 1009 oculis,et
991 945 1268 1019 precatus
1295 945 1383 999 est
1406 937 1462 999 ei
1491 955 1616 998 suae
1638 936 1822 1017 plaga
1843 953 2012 996 cura-

368 1028 614 1108 tionem,
649 1028 844 1091 statim
894 1036 1257 1107 conspectus
1285 1034 1376 1088 est
1402 1044 1605 1095 sanus.
1633 1036 1694 1087 et
1725 1025 2011 1087 liberatus

367 1127 457 1181 est
484 1138 516 1180 a
546 1118 838 1193 dwmoue,
870 1119 974 1199 qui
1006 1136 1141 1180 eum
1178 1116 1529 1195 occupabat.
1566 1116 1637 1177 Et
1666 1115 1809 1196 quid
1859 1132 2008 1194 opus

368 1216 458 1272 est
486 1209 644 1271 illius
670 1216 881 1271 cuncta
920 1205 1170 1269 dicere?
1203 1206 1461 1269 Facilius
1492 1205 1651 1267 enim
1684 1211 1775 1267 est
1800 1205 2005 1267 stellas

366 1316 709 1379 numerare,
741 1306 842 1360 aut
898 1296 1079 1359 maris
1133 1298 1347 1358 ﬂuctus
1398 1295 1619 1370 metiri,
1654 1303 1755 1355 aut
1786 1294 2007 1375 aliquid

365 1389 525 1451 aliud
558 1388 825 1468 aggredi,
857 1386 1013 1467 quod
1061 1386 1189 1447 ﬁeri
1220 1404 1339 1447 non
1391 1393 1603 1465 potest,
1639 1403 1817 1461 quam
1852 1385 2010 1446 illius

363 1497 463 1540 res
490 1496 702 1540 omnes
732 1477 1025 1538 invenire.
1051 1476 1589 1537 Verumenimvero
1625 1493 1811 1555 pauca
1840 1494 2009 1552 quaa-

367 1568 503 1630 dam
536 1569 612 1630 de
644 1568 798 1629 illius
854 1566 1032 1629 etiam
1086 1564 1356 1627 moribus
1385 1564 1737 1626 adducenda
1766 1574 1905 1627 sunt
1952 1566 2010 1625 in

368 1657 729 1732 medium,ut
756 1659 1037 1730 sciamus,
1070 1657 1232 1732 quod
1264 1674 1297 1716 a
1328 1674 1443 1735 quo
1468 1654 1593 1716 haec
1624 1655 2010 1736 gerebantur,

2093 575 2358 651 στόματος
2411 576 2501 633 ίσα
2565 577 2654 633 καὶ
2710 590 2828 639 τοῖς
2886 577 3034 635 κυσῖι
3090 578 3368 651 ὶκκρεμῶν
3423 575 3518 633 καί
3580 575 3746 655 ἀφρὸν

2093 664 2278 722 ἔπειτα
2334 667 2686 747 παραπτύων,
2761 666 2858 734 τῆς
2922 668 3089 735 αὑτῆς
3131 666 3221 722 nisi
3264 671 3418 728 οὗτος
3476 664 3748 723 ἀπέλαυσε

2091 758 2395 828 θεραπείας.
2456 754 2619 831 ’Ἂμα
2678 756 2777 835 γὰρ
2820 754 3120 835 ὀφθαλμοῖς
3182 756 3339 815 αὑτὸν
3383 753 3493 811 εἶδε
3551 754 3749 832 φιλαν-

2090 846 2318 921 θρώποις
2377 848 2404 902 ὁ
2464 845 2640 925 ἅγιος,
2689 848 2775 903 καὶ
2826 845 2974 903 ἴασιν
3017 843 3284 913 ἐπηύξατο
3340 851 3442 912 τῆς
3499 843 3747 921 πληγῆς,

2091 935 2244 1013 ὑγιὴς
2303 936 2450 1000 εὑθὺς
2509 936 2733 1012 ἑωρᾶτο,
2807 937 2896 993 καὶ
2955 945 3048 995 τοῦ
3105 935 3424 1014 συνέχοντος
3496 932 3747 1010 δαίμονος

2091 1022 2490 1091 ἀπηλλάττετο.
2558 1028 2654 1084 Καὶ
2699 1026 2750 1082 τί
2805 1024 2891 1083 δεῖ
2947 1024 3127 1103 λέγειν
3186 1025 3253 1081 τὰ
3298 1025 3496 1082 ἐκείνου
3541 1025 3745 1087 πάντας

2089 1114 2213 1192 ῥᾷον
2258 1116 2357 1193 γὰρ
2390 1115 2610 1192 ἀστέρας
2660 1116 2902 1195 ἀριθμεῖν
2938 1116 2973 1184 ἢ
3034 1115 3244 1189 κύματα
3298 1115 3572 1181 θαλάσσης
3634 1134 3745 1189 με-

2090 1217 2240 1282 τρεῖν
2298 1204 2520 1279 ἢᾶίλλῳ
2563 1207 2665 1262 τινὶ
2724 1212 2831 1262 τῶν
2888 1204 3159 1262 ἀδυνατων
3216 1204 3516 1284 ἐπιχειρεῖν
3591 1203 3626 1271 ἢ
3676 1203 3746 1259 τὰ

2092 1293 2293 1350 ἐκείνου
2342 1295 2513 1354 πάντα
2548 1300 2823 1373 πειρᾶσθαι
2881 1293 2967 1352 διὰ
2997 1294 3184 1355 τέλους
3217 1294 3381 1371 ἐρεῖν.
3420 1294 3568 1361 Πλὴν
3598 1292 3744 1349 ἀλλὰ

2093 1385 2184 1440 καὶ
2236 1388 2401 1462 μιαρέ
2455 1407 2572 1441 τινα
2628 1385 2789 1443 πάλιν
2846 1387 2934 1442 καὶ
2993 1391 3099 1442 τῶν
3155 1384 3357 1441 ἐκείνου
3398 1384 3611 1461 τρόπων
3668 1383 3743 1448 εἷς

2094 1473 2259 1549 μέσον
2317 1475 2518 1544 θετέον,
2565 1474 2640 1531 ἵν’
2701 1474 2900 1550 ἴδωμεν
2959 1474 3041 1531 ὅτι
3099 1476 3145 1549 ᾧ
3204 1481 3371 1532 ταῦτα
3427 1472 3739 1550 ὲπράττετο,

2095 1564 2322 1620 κάκεῖνα
2379 1564 2591 1630 πάντως
2635 1566 2917 1645 ὠφείλετο,
2977 1566 3065 1622 καὶ
3120 1564 3233 1639 ἅμα
3287 1564 3492 1635 προϊὼν
3524 1564 3596 1626 εἷς
3629 1567 3744 1638 μῆ·-

2096 1676 2187 1717 κος
2222 1657 2248 1710 ὁ
2278 1654 2440 1731 λόγος
2471 1662 2546 1729 τῷ
2582 1656 2805 1727 ποικίλον
2836 1654 3171 1735 διαφεύγοιτο
3206 1653 3516 1733 προσκορές,

367 1747 467 1809 illa
492 1765 733 1829 quoque
765 1748 818 1808 ei
850 1746 1095 1807 omnino
1127 1744 1506 1809 debebantur
1543 1766 1556 1808 :
1610 1753 1670 1806 et
1699 1745 1877 1806 simul
1912 1763 2043 1826 quae
2093 1742 2155 1805 in
2184 1742 2424 1823 longum
2462 1745 2808 1827 producitur
2853 1746 3069 1825 oratio,
3101 1742 3381 1805 varietate
3410 1740 3616 1805 vitabit
3645 1758 3747 1804 sa-

366 1837 654 1901 tietatem.

445 1926 649 1990 XXIX.
688 1927 794 1988 Hic
827 1944 1078 2006 magnus
1132 1925 1449 1988 Marcellus
1497 1944 1630 1987 cum
1687 1926 1818 1987 aliis
1845 1924 2006 1988 bonis

2184 1922 2315 1986 ΚΘ’.
2351 1926 2515 1989 Οὗτος
2548 1928 2576 1983 ὁ
2604 1927 2772 2003 μέγας
2808 1925 3123 2003 Μάρκελλος
3163 1925 3299 2000 μετὰ
3334 1925 3433 1981 τῶν
3464 1922 3645 1984 ἄλλων
3675 1924 3752 1981 ὧν

367 2035 497 2099 quae
517 2015 1148 2098 babebat,sanctorum
1171 2034 1410 2097 quoque
1435 2015 1825 2096 reliquiarum
1849 2025 2006 2079 tene-

2096 2020 2222 2095 εἶχε
2251 2017 2435 2072 καλῶν
2464 2017 2551 2073 καὶ
2583 2019 2698 2095 περὶ
2730 2018 2795 2073 τὰ
2827 2023 2932 2072 τῶν
2962 2016 3129 2091 ἁγίων
3151 2015 3378 2090 λείψανα
3400 2014 3567 2070 πολὺν
3588 2014 3749 2071 ὤδινε

366 2108 539 2171 batur
568 2125 785 2191 magno
814 2116 873 2170 et
889 2108 1231 2170 vehementi
1277 2124 1506 2180 amore,
1541 2124 1643 2168 eas
1668 2107 2006 2168 existimans

2093 2108 2186 2163 τὸν
2217 2105 2387 2183 ἔρωτα
2445 2108 2528 2163 καὶ
2574 2108 2792 2185 θερμὸν,
2840 2106 2980 2183 δῶρα
3033 2108 3195 2162 ταῦτα
3260 2105 3485 2178 νομίζων
3532 2104 3749 2178 οὑράνια

367 2215 502 2261 esse
520 2197 677 2262 dona
696 2198 987 2279 celestis,
1016 2206 1073 2261 et
1089 2215 1298 2260 revera
1320 2196 1559 2277 plurimi
1593 2196 1871 2259 facienda
1905 2216 1919 2259 :
1955 2204 2006 2257 et

2094 2198 2183 2253 καὶ
2242 2196 2487 2275 ἀτεχνῶς
2519 2194 2637 2262 ἄξια
2682 2205 2776 2254 τοὺ
2823 2198 3047 2269 παντὸς,
3103 2196 3190 2252 καὶ
3250 2194 3278 2249 ὅ
3341 2194 3402 2272 γέ
3433 2216 3484 2250 τι
3509 2196 3747 2252 τοιοῦτον

366 2289 465 2369 qui
494 2288 722 2366 aliquid
782 2288 899 2351 tale
955 2288 1027 2350 ad
1063 2306 1197 2351 eum
1229 2286 1566 2360 deferebat,
1599 2286 2006 2368 appellabatur

2097 2286 2242 2348 αὑτῶ
2270 2285 2504 2359 κομίζων
2535 2286 2716 2362 σωτὴρ
2748 2284 2996 2343 ἐκαλεῖτο
3047 2285 3136 2342 καὶ
3192 2284 3497 2364 εὐεργέτης,
3555 2286 3649 2341 καὶ
3693 2282 3745 2352 ἐξ

362 2388 632 2440 servator
682 2386 741 2439 et
788 2377 1157 2453 benefactor,
1193 2388 1254 2441 et
1301 2375 1613 2439 videbatur
1641 2394 1773 2439 esse
1799 2376 2017 2439 missus

365 2486 435 2530 ex
460 2468 605 2549 ipsis
631 2468 821 2530 oculis.
856 2470 1016 2531 Deus
1045 2468 1246 2548 itaque
1276 2467 1380 2545 qui
1412 2467 1470 2527 iu
1505 2467 1617 2528 hoc
1651 2476 1927 2547 prompto
1958 2474 2017 2526 et

367 2558 548 2620 alacri
590 2557 777 2620 animi
829 2558 1027 2619 studio
1089 2558 1145 2619 ei
1177 2574 1353 2636 opem
1387 2555 1636 2633 ferebat,
1671 2556 1892 2617 multos
1945 2575 2015 2618 ex

370 2647 572 2709 multis
599 2647 745 2711 locis
758 2646 1222 2727 adducebat,qui
1241 2647 1401 2708 hunc
1418 2646 1549 2725 ejus
1571 2663 1835 2707 amorem
1862 2664 2006 2707 con-

365 2736 723 2817 solarentur,
757 2745 816 2799 et
845 2737 998 2799 dona
1026 2755 1157 2818 quae
1188 2744 1356 2797 erant
1416 2737 1671 2798 maxime
1721 2736 2002 2815 optanda,

364 2827 696 2890 oﬁ‘erebant
726 2828 779 2889 ei
810 2833 1093 2905 tanquam
1125 2826 1316 2888 amico
1355 2845 1370 2886 :
1425 2826 1633 2907 partim
1668 2825 1905 2906 quidem
1936 2844 2003 2887 ex

362 2916 806 2998 Persis,partim
830 2925 1024 2978 autem
1052 2912 1397 2996 exlllyrico,
1426 2915 1636 2996 partim
1672 2935 1741 2977 ex
1769 2915 1843 2977 iis
1873 2933 2005 2997 quas

361 3013 531 3069 erant
557 3006 778 3088 ubique
810 3006 1296 3084 regionibulele
1329 3024 1463 3069 vero
1498 3006 2001 3087 quemadmodum

2097 2377 2269 2433 αὑτῶν
2324 2373 2494 2432 ἐδόκει
2551 2379 2860 2455 πεμφθῆναι
2913 2382 3018 2432 τῶν
3050 2374 3309 2451 οὑρανῶν.
3344 2374 3625 2451 Τοιγάρτοι
3655 2375 3745 2432 καὶ

2098 2466 2225 2530 Θεὸς
2286 2467 2428 2538 αὖτῴ
2483 2470 2580 2531 τῆς
2637 2464 2928 2544 προθυμίας
2982 2463 3450 2543 συνεφαπτόμενος
3510 2463 3744 2528 πολλοὺς

2096 2554 2439 2632 πολλαχόθεν
2469 2554 2569 2632 ἦγε
2617 2556 2708 2611 τὸν
2753 2554 2921 2631 ἔρωτα
2979 2552 3479 2633 παραμυθουμένους
3508 2555 3592 2611 καὶ
3623 2568 3742 2617 τοῖς

2094 2644 2490 2707 ποθεινοτάτοις
2548 2646 2704 2700 αὑτὸν
2773 2646 2847 2707 ὡς
2907 2643 3058 2723 φίλον
3115 2641 3299 2720 δώροις
3359 2640 3739 2716 δεξιουμένους,

2093 2743 2246 2792 τοῦτο
2280 2736 2377 2807 μὲν
2407 2732 2469 2788 ἐκ
2504 2738 2740 2805 Περσῶν,
2792 2739 2947 2790 τοῦτο
2994 2732 3049 2788 δὲ
3081 2730 3132 2797 ἐξ
3166 2729 3465 2811 Ἰλλυριῶν,
3497 2738 3650 2788 τοῦτο
3682 2729 3739 2786 δέ

2091 2824 2178 2882 καὶ
2208 2823 2269 2880 ἐκ
2301 2828 2404 2877 τῶν
2461 2822 2801 2903 ἁπανταχοῦ,
2862 2822 2922 2881 Ὀ
2968 2820 3022 2879 δὲ
3052 2824 3125 2885 ὼς
3156 2819 3220 2877 ἂν
3252 2820 3428 2883 εἴποις
3477 2821 3566 2876 καὶ
3625 2822 3741 2896 μεθ’

2089 2916 2219 2984 ὅσης
2281 2918 2411 2974 αὑτὰ
2454 2921 2553 2983 τῆς
2610 2911 2828 2993 ἣδονῆς,
2890 2910 3005 2988 μεθ’
3064 2910 3192 2977 ὅσης
3247 2909 3300 2966 δὲ
3333 2912 3432 2977 τῆς
3465 2914 3627 2977 τιμῆς
3659 2912 3750 2968 καὶ

2084 3013 2184 3074 τῆς
2236 3006 2405 3068 αἰδοῦς
2436 3002 2756 3083 ὑπεδεχετο,
2793 3006 2927 3076 ὁμοῦ
2967 3000 3061 3075 μέν
3118 3000 3350 3057 ἐντεῦθεν
3398 3000 3458 3055 τὸ
3489 3000 3621 3078 πρὸς
3653 2999 3744 3055 τὸν

359 3114 495 3157 cum
559 3087 772 3177 magna
827 3114 936 3159 sua
991 3096 1415 3166 delectatione,
1470 3096 1553 3157 ita
1601 3113 1735 3157 cum
1769 3113 2006 3157 summo

2092 3099 2264 3154 κοινὸν
2324 3092 2601 3161 Δεσπότην
2662 3094 2880 3173 φίλτρον
2939 3089 3302 3163 ἐπιδεικνύων,
3352 3092 3488 3165 ὁμοῦ
3546 3087 3602 3145 δὲ
3654 3091 3744 3145 οιαὶ

360 3184 591 3248 honore
621 3176 681 3248 et
709 3187 1045 3250 reverentia
1067 3205 1138 3249 ea
1161 3184 1499 3265 excipiebat
1523 3207 1535 3243 :
1565 3185 1742 3246 simul
1763 3184 2005 3265 quidem

2092 3187 2266 3257 ζηλῶν
2298 3186 2483 3250 αὑτοὺς
2513 3191 2608 3241 τοῦ
2649 3183 2877 3241 θανάτου
2927 3184 3016 3238 καὶ
3073 3186 3170 3248 τῆς
3201 3180 3390 3255 ὁμοίας
3445 3179 3499 3235 εἴ
3528 3201 3590 3256 γε
3643 3176 3739 3235 δυ-

358 3275 500 3337 hinc
522 3276 847 3339 ostendens
875 3294 1047 3338 suum
1079 3292 1344 3338 amorem
1377 3276 1435 3335 in
1467 3293 1846 3336 communem
1884 3276 2005 3336 Do-

2092 3276 2246 3333 νατὸν
2292 3275 2561 3349 ἐπιθυμῶν
2618 3272 2972 3334 τελειώσεως.
3025 3278 3217 3329 Τοῦτον
3271 3268 3430 3327 αὑτοῦ
3460 3272 3549 3325 τὸν
3584 3268 3746 3326 πόθον

359 3371 611 3439 minum,
641 3383 961 3440 eorumque
994 3377 1237 3427 mortem
1270 3368 1513 3426 laudans
1542 3375 1597 3425 et
1619 3370 1838 3427 beatam
1867 3383 2006 3439 pnn-

2093 3363 2240 3426 εἰδὼς
2269 3365 2387 3425 οἶος
2420 3364 2485 3431 ἧν
2516 3367 2543 3419 ὁ
2592 3364 2721 3427 Θεὸς
2779 3366 2863 3419 οιαὶ
2893 3362 3200 3442 χαρίζεσθαι
3242 3359 3568 3436 βουλόμενος
3600 3358 3742 3415 πολ-

362 3453 592 3529 dicans,
629 3461 686 3516 et
716 3455 997 3527 similem,
1034 3453 1083 3516 si
1117 3454 1245 3516 ﬁeri
1282 3454 1847 3535 potuisset,cupiens
1869 3473 2006 3516 con-

2092 3454 2243 3521 λάκις
2314 3458 2457 3528 αὑτῷ
2511 3455 2598 3511 καὶ
2664 3453 2940 3531 προδείκνυ
3015 3453 3103 3509 καὶ
3177 3452 3598 3527 προεσήμαινεν,
3659 3450 3743 3506 ὅτι

363 3543 824 3606 summationem
841 3543 1047 3617 .Quale
1067 3552 1265 3607 autem
1291 3552 1449 3605 esset
1479 3544 1609 3624 ejus
1640 3544 2005 3606 desiderium

2092 3543 2250 3612 τῆσδε
2308 3545 2406 3610 τῆς
2464 3543 2668 3621 ἡμέρας
2713 3543 2799 3598 καὶ
2856 3540 3092 3622 ἀφίξεταί
3152 3561 3230 3605 τις
3282 3540 3517 3615 κομίζων
3595 3540 3739 3613 αὑτῷ

364 3633 564 3697 sciens
593 3633 843 3706 Deus,et
871 3635 1075 3696 volens
1103 3636 1157 3695 ei
1187 3633 1532 3712 gratiﬁcari,
1561 3633 1613 3697 ei
1657 3652 1813 3715 saepe
1847 3635 2006 3715 prius

2092 3636 2155 3690 τα
2218 3635 2542 3707 ποθούμενα,
2599 3624 2656 3691 Ὀ
2711 3630 2765 3689 δὲ
2813 3632 2967 3696 αὑτός
3028 3652 3085 3686 τε
3166 3629 3593 3709 παρασκευάζετο
3650 3631 3741 3686 καὶ

365 3723 710 3805 ostendit,et
740 3726 908 3805 prius
936 3724 1307 3802 signiﬁcavit,
1334 3724 1443 3785 hoc
1470 3732 1569 3784 aut
1602 3724 1700 3785 illo
1730 3724 1825 3785 die
1860 3743 2006 3786 ven-

2092 3725 2230 3781 ἅπαν
2280 3726 2341 3780 τὸ
2372 3722 2462 3780 ὑπ’
2506 3722 2651 3796 αὑτῷ
2679 3722 2932 3796 ποίμνιον
2972 3720 3235 3793 θεώμενος
3283 3719 3567 3797 εὐπρεπὲς,
3601 3719 3741 3775 οὕτω

362 3823 556 3876 turum
590 3814 983 3897 aliquem,qui
1016 3815 1070 3876 ei
1102 3813 1176 3876 sit
1205 3815 1488 3876 allaturus
1521 3832 1589 3876 ea
1613 3815 2006 3895 quaedeside-

2092 3819 2267 3892 θερμῷ
2299 3814 2549 3888 κινήματι
2610 3812 2707 3880 τῆς
2764 3809 2978 3889 καρδίας
3011 3812 3098 3866 καὶ
3155 3811 3392 3887 ὑπτίαις,
3439 3810 3467 3864 ὃ
3500 3808 3736 3885 λέγεται,

361 3911 472 3966 rat.
506 3903 613 3967 Ille
641 3895 780 3967 vero
816 3913 874 3966 et
901 3895 1033 3986 ipse
1063 3923 1128 3966 se
1160 3904 1548 3985 praeparabat,
1581 3914 1639 3967 et
1667 3906 1914 3966 curabat
1945 3912 2006 3967 ut

2092 3919 2214 3968 ταῖς
2247 3904 2401 3983 χερσὶ
2428 3903 2495 3959 τὰ
2519 3904 2669 3977 τίμια
2700 3899 3018 3980 ὑποδέχετο.
3082 3900 3231 3965 Πλὴν
3272 3896 3395 3954 ἀλλ’
3444 3895 3558 3956 οὑδέ
3587 3904 3742 3965 τοῦτο

361 4005 522 4056 esset
544 4002 699 4056 totus
715 3996 845 4074 ejus
863 4013 1005 4074 grex
1034 4002 1293 4075 paratus,
1328 4005 1391 4056 et
1423 3996 1500 4056 ita
1532 3994 1871 4056 vehementi
1904 4012 2005 4056 ar-

359 4083 648 4165 dentique
679 4093 839 4147 motu
869 4086 1092 4164 cordis,
1127 4094 1185 4148 et
1215 4085 1468 4166 supinis,
1499 4092 1562 4145 ut
1589 4084 1779 4163 aiunt,
1809 4084 2004 4145 mani-

360 4171 471 4234 bus
511 4173 801 4254 pretiosas
831 4174 1198 4256 suscipiebat
1226 4175 1539 4254 reliquias.
1575 4172 2003 4237 Verumenim-

360 4281 498 4326 vero
526 4283 603 4327 ne
633 4265 746 4328 hoc
769 4265 1009 4346 quidem
1034 4283 1268 4345 aequum
1288 4273 1381 4325 est
1404 4263 1879 4345 praetermittere.
1912 4263 2004 4326 Ad

358 4371 492 4414 eum
525 4354 685 4415 venit
711 4354 1027 4435 aliquando
1051 4354 1374 4435 quispiam,
1407 4359 1467 4415 et
1497 4354 1780 4434 quasdam
1817 4355 1872 4415 ei
1904 4372 2003 4415 sa-

358 4460 491 4504 cras
520 4443 765 4505 tradidit
802 4443 1113 4524 reliquias,
1166 4443 1375 4505 dicens
1435 4461 1534 4505 eas
1566 4461 1700 4505 esse
1732 4443 2005 4522 martyris

357 4530 755 4595 UrsiciniJlle
778 4541 975 4593 autem
1000 4531 1311 4610 magniﬁce
1333 4533 1578 4614 quidem
1614 4552 1713 4595 eas
1740 4532 2001 4614 excepit,

360 4630 418 4684 et
439 4626 791 4684 consuetum
812 4623 898 4683 eis
917 4622 1132 4684 festum
1157 4622 1510 4687 celebravit.
1536 4625 1685 4685 Cum
1719 4640 1854 4683 vero
1885 4631 2006 4683 sta-

358 4718 449 4772 ret
469 4711 541 4772 ad
569 4728 776 4788 preces
794 4720 1137 4786 nocturnas,
1180 4712 1310 4774 talis
1332 4731 1467 4774 eum
1492 4710 1674 4775 subiit
1696 4711 2000 4791 cogitatio,

358 4819 436 4863 ne
466 4800 569 4877 qui
602 4800 715 4862 hoc
745 4800 968 4864 donum
1003 4801 1057 4863 ei
1083 4802 1467 4879 attulerat,de
1496 4821 1566 4864 eo
1601 4811 1760 4863 esset
1789 4802 2006 4863 menti-

356 4902 470 4960 tus,
494 4902 549 4950 et
573 4908 691 4950 non
721 4903 913 4951 essent
941 4893 1069 4952 relic
1094 4895 1209 4950 uiae
1239 4896 1511 4967 martyris
1540 4892 2006 4951 Ursicini.Simul

358 4990 537 5060 atque
558 4981 685 5041 haec
704 4977 1243 5060 cogitavit,quidam
1276 4999 1343 5043 ex
1383 4980 1456 5041 iis
1489 4978 1590 5060 qui
1624 4997 1741 5041 una
1776 4998 1910 5041 cum
1934 4997 2004 5041 eo

355 5069 756 5146 fungebantur
777 5069 992 5141 ofﬁcio,
1017 5078 1291 5150 tanquam
1320 5088 1355 5131 a
1383 5069 1506 5131 Deo
1539 5069 1762 5130 aﬂlatus
1790 5086 2005 5131 accur-

359 5176 541 5222 rens:
577 5161 666 5221 Ne
698 5166 942 5226 temere.
974 5159 1190 5240 inquit,
1227 5179 1257 5220 ο
1291 5162 1485 5233 Pater,
1520 5157 1783 5222 dubites.
1815 5159 2005 5237 Magni

365 5247 525 5311 enim
559 5246 817 5312 Ursicini
848 5249 939 5311 Ιιιε
984 5257 1122 5311 sunt
1166 5266 1319 5309 verae
1349 5247 1643 5326 reliquiae.
1675 5245 1759 5308 Ita
1807 5247 2004 5309 divina

360 5337 616 5419 providit
643 5338 848 5419 gratia,
886 5347 947 5400 ut
977 5347 1290 5400 curaretur
1325 5336 1485 5419 quod
1506 5335 1561 5398 is
1590 5336 1792 5397 animo
1820 5336 2004 5399 dubi-

361 5426 538 5502 tabat,
561 5445 635 5489 ne
655 5426 1029 5491 dubitatione
1054 5428 1188 5508 ejus
1209 5427 1387 5489 ardor
1406 5425 1771 5506 frigesceret.
1811 5431 2005 5507 Atque

360 5517 488 5581 haec
517 5526 644 5580 erat
672 5518 914 5598 quidem
947 5518 1079 5597 ejus
1108 5516 1414 5596 diligentia
1456 5516 1513 5576 in
1549 5515 1824 5597 parandis
1856 5516 2005 5579 reli-

361 5624 537 5690 qUIIS.

441 5697 872 5771 XXX.Divitias
893 5706 1088 5762 autem
1114 5704 1169 5761 et
1192 5696 1477 5781 pecunias
1502 5701 1579 5761 ita
1602 5697 2003 5782 despiciebat,

2091 3993 2417 4071 παραλιπεῖν
2462 3990 2626 4057 ἄξιον.
2691 3985 2820 4048 Ἦκὲ
2889 4011 2971 4055 τις
3026 3991 3155 4068 πρὸς
3228 3989 3385 4046 αὑτόν
3440 4009 3591 4063 ποτε,
3654 3990 3742 4045 καὶ

2089 4087 2253 4161 ἱεροῖς
2311 4104 2417 4140 τισι
2477 4092 2662 4141 τοῦτον
2721 4080 2986 4146 ἐδεξιοῦτο
3061 4078 3337 4156 λειψᾶνοις
3374 4095 3387 4109 ⁶
3442 4079 3604 4136 ταῦτα
3659 4075 3739 4150 δέ,

2090 4159 2285 4250 λέγων,
2348 4180 2441 4230 τοῦ
2498 4173 2633 4230 θείου
2692 4170 2953 4247 μάρτυρος
3016 4168 3105 4238 εἵη
3179 4170 3507 4248 Οὑρσικίνου.
3558 4159 3633 4243 ,Ὀ
3684 4166 3741 4224 δέ

2089 4263 2306 4334 ἐδέψετο
2363 4263 2462 4337 μὲν
2514 4260 2965 4340 μεγαλοπρεπῶς,
2999 4262 3086 4317 καὶ
3134 4261 3233 4327 τὴν
3265 4262 3510 4317 εἰωθυῖαν
3556 4258 3740 4323 αὑτοῖς

2089 4354 2351 4431 ἑώρταζεν
2406 4352 2615 4430 ἐορτήν,
2694 4352 2822 4429 Περὶ
2878 4348 2935 4406 δὲ
2995 4351 3089 4414 τὰς
3167 4350 3473 4426 νυκτερινὰς
3528 4348 3741 4405 ἑστῶτα

2090 4442 2253 4521 εὐχὰς
2296 4448 2535 4504 τοιοῦτος
2593 4441 2750 4498 αὑτὸν
2793 4440 3080 4520 ὑπέκρουσε
3133 4438 3422 4519 λογισμὸς,
3484 4442 3565 4514 μη
3622 4438 3740 4493 ὁτὸ

2088 4530 2255 4609 δῶρον
2313 4538 2468 4588 τοῦτο
2523 4532 2897 4610 προσενεγκὼν
2956 4533 3117 4589 αὑτοῦ
3196 4530 3589 4605 κατεψτύσατο,
3651 4528 3739 4584 καὶ

2089 4623 2146 4677 οὑ
2189 4627 2281 4678 τοῦ
2325 4620 2583 4699 μάρτυρος
2633 4620 2726 4688 εἴη
2785 4623 3093 4701 Οὑρσικίνου
3147 4622 3213 4679 τὰ
3267 4620 3519 4694 λείψανα.
3574 4616 3737 4689 ’Ἅμα

2089 4718 2253 4768 ταῦτα
2315 4709 2670 4789 διελογίσατο,
2732 4713 2820 4769 καί
2876 4735 2955 4777 τις
3029 4712 3169 4783 αὑτῷ
3225 4714 3329 4764 τῶν
3388 4703 3736 4775 συλλείτῦυρο

2088 4802 2322 4880 γούντων
2360 4801 2541 4881 ὥσπερ
2597 4801 2776 4867 ἔνθους
2858 4802 3138 4880 γινόμενος
3218 4792 3593 4872 προσδραμὼν,
3649 4790 3737 4857 Μὴ

2091 4879 2290 4966 μάτην,
2342 4889 2471 4971 ἔφη,
2514 4879 2749 4970 -Πάτερ,
2842 4886 3145 4967 ἀμφίϐαλλε
3180 4900 3194 4916 ⁸
3253 4879 3559 4958 Οὑρσικίνου
3637 4879 3738 4957 γὰρ

2090 4980 2305 5047 ἀληθῶς
2359 4983 2508 5040 ταυτί
2564 4982 2630 5038 τὰ
2676 4980 2924 5055 λείψανα.
2978 4976 3156 5038 Οὕτως
3187 4975 3221 5036 ἡ
3254 4972 3417 5051 χάρις
3462 4972 3739 5044 οἰκονομεῖ

2086 5074 2468 5148 θεραπευθῆναι
2525 5072 2668 5143 αὑτῷ
2749 5070 2814 5125 τὰ
2894 5065 3034 5123 κατὰ
3119 5070 3238 5119 νοῦν
3297 5058 3734 5135 ὲπιδοιαζόμενον

2084 5161 2179 5217 ἵνα
2213 5162 2289 5234 μη
2330 5163 2392 5218 τὸ
2423 5165 2548 5239 περῖ
2600 5160 2667 5214 τὰ
2713 5156 2852 5214 καλά
2912 5152 3105 5231 θερμόν
3149 5153 3307 5209 αὑτοῦ
3349 5152 3435 5208 καὶ
3485 5150 3739 5227 διάπυρον

2087 5249 2407 5331 ἀμφιϐολίας
2437 5249 2653 5327 τρόποις
2688 5245 3018 5323 ψυχρότερον
3076 5249 3343 5321 καταστῇ.
3398 5240 3567 5299 Ἀλλᾶ
3611 5240 3737 5331 περὶ

2090 5330 2188 5415 μὲν
2235 5343 2332 5408 τὴν
2374 5346 2482 5396 τῶν
2550 5336 2701 5394 θείων
2774 5333 3044 5410 λειψάνων
3096 5338 3286 5402 κτῆσιν
3346 5330 3513 5396 οὕτως
3576 5330 3739 5410 εἶχεν

2090 5429 2385 5508 ἐπιμελῶς.

2172 5696 2253 5758 Δ’.
2302 5694 2539 5759 Πλούτου
2584 5694 2637 5756 δὲ
2669 5701 2919 5757 τοσοῦτον
2963 5693 3059 5753 καῖ
3118 5693 3419 5775 χρημάτων
3462 5688 3737 5770 ὑπερεώρα
