4066 6394
281 341 402 410 737

1249 345 1436 410 VITA
1480 343 1542 408 S.
1590 341 1981 408 MARCELLI
2026 341 2718 408 ARCHIMANDRIT/E.

3561 341 3681 409 738

279 487 358 547 ὡς
415 485 503 540 καὶ
561 481 840 562 προλαϐὼν
890 485 917 538 6
975 481 1132 558 λόγος
1173 483 1257 538 καὶ
1306 489 1392 538 νῦν
1443 480 1496 536 δὲ
1529 481 1603 538 ἔτι
1637 481 1938 559 σαφέστατα

2035 481 2084 537 ut
2117 484 2174 538 et
2205 493 2334 556 quae
2357 474 2683 554 praecessit,
2716 483 2773 536 et
2807 491 2938 554 quae
2969 490 3128 535 nunc
3160 473 3457 554 sequitur,
3493 493 3678 556 aper-

283 587 530 654 γνωριεῖ.
599 572 908 651 Μαρκέλλου
967 573 1065 652 γὰρ
1124 571 1182 628 ἐκ
1242 574 1537 650 προσιμίων
1609 572 1781 628 πάντα
1850 571 1941 626 τὸν

281 667 400 742 βίον
463 663 844 743 ἀπολιπόντος,
910 665 996 718 καὶ
1051 663 1214 728 αὖτῆς
1268 661 1322 716 δὲ
1377 667 1474 729 τῆς
1525 662 1688 725 οἰκίας
1730 662 1942 717 ἀπανα-

283 755 536 827 στάντος,
600 756 626 809 6
685 751 910 830 ἀδελφὸς
971 755 1110 825 αὒτῴ
1167 751 1303 806 κατὰ
1360 752 1528 829 σάρκα
1596 752 1687 806 τὸν
1745 749 1943 805 ἐκείνου

276 843 482 921 κλῆρον
531 841 848 921 παραλαϐὼν
903 842 997 897 καί
1058 843 1267 897 πάντων
1317 844 1451 914 ὁμοῦ
1506 845 1610 896 τῶν
1683 840 1944 918 πατρῴων

277 933 552 996 καταστὰς
597 933 800 1010 κύριος,
873 932 998 987 εἶτα
1069 933 1158 987 καὶ
1230 930 1314 986 διὰ
1385 932 1562 996 πάσης
1634 929 1940 992 ἀπολαύσας

279 1023 460 1081 at}:th
489 1027 587 1088 της
650 1021 816 1095 ζωῆς,
851 1019 1036 1089 ἐπειδὴ
1073 1022 1313 1096 θνήσκει,
1347 1019 1538 1095 ἔμελλε
1593 1027 1685 1076 τοῦ
1714 1019 1942 1076 πλούτου

283 1114 489 1176 παντὸς
550 1111 884 1189 κληρονόμον
959 1111 1380 1186 καταλιμπάνείν
1446 1111 1537 1165 τὸν
1609 1109 1938 1186 Μάρκελλον,

282 1206 349 1260 '0
405 1201 460 1258 δὲ
519 1201 578 1258 οὗ
637 1203 798 1276 μόνον
849 1199 961 1257 ἴδια
1022 1205 1113 1260 οὒκ
1172 1201 1317 1256 ἔθετο
1387 1201 1451 1256 τὰ
1499 1199 1936 1277 καταλειφθέντα,

287 1291 420 1348 ἀλλ”
479 1290 592 1350 οὖδέ
653 1292 784 1368 πρὸς
839 1291 904 1347 τὰ
960 1291 1113 1348 κοινὰ
1166 1291 1264 1359 τῆς
1313 1296 1485 1365 μονῆς
1529 1290 1729 1368 ἔκρινεν
1764 1291 1946 1351 more

290 1381 623 1462 χρήσασθαι.
685 1381 872 1437 ’Ἑνθεν
942 1403 1022 1436 τοι
1080 1382 1166 1436 καὶ
1223 1382 1385 1458 ἀγρὸν
1457 1381 1760 1448 ὠνήσασθαι
1831 1392 1950 1443 τοῖς

289 1484 565 1549 μοναχοϊς
597 1468 938 1542 αἰτουμένους
970 1469 1151 1529 οὒδένα
1199 1470 1405 1545 μᾶλλον
1464 1469 1669 1532 ἐκεῖνος
1721 1468 1823 1548 ἔφη
1855 1473 1949 1537 τῆς

289 1563 366 1626 εἰς
421 1561 644 1637 Χριστὸν
715 1557 924 1623 ἐπλίδος
995 1559 1156 1638 ἀγρὸν
1228 1558 1416 1615 εἰδέναι
1486 1557 1946 1638 πολυφορώτερον.

293 1652 353 1711 Τί
383 1652 470 1708 οὖν
501 1650 638 1729 ἔγνω
669 1651 784 1726 περὶ
835 1653 929 1706 τοῦ
961 1651 1210 1728 πατρῴου
1267 1649 1517 1724 πλούτου,
1570 1650 1657 1704 καὶ
1715 1655 1828 1713 πῶς
1884 1651 1948 1706 τὰ

294 1740 416 1797 κατ’
473 1741 678 1797 ἐκεῖνον
736 1741 1058 1815 οἰκονομεϊ;
1130 1739 1360 1818 Ἐτέροις
1436 1739 1606 1818 φέρων
1678 1739 1946 1795 ἀναλίσκει

301 1831 714 1910 ιρροντιστηρίοις
776 1828 964 1894 ἐνδεῶς
1023 1828 1207 1907 ’έχουσι
1259 1831 1346 1886 καὶ
1394 1829 1799 1908 ἀπορουμένοις,
1851 1827 1947 1884 ὅσα

2027 566 2142 627 tius
2173 566 2548 626 declaratura
2580 571 2668 626 est
2690 565 2903 624 oratio.
2937 565 3084 627 Nam
3112 581 3244 624 cum
3268 564 3584 626 Marcellus
3605 564 3679 628 ab

2027 655 2198 716 initio
2231 673 2442 717 omnes
2472 653 2820 735 reliquisset
2853 653 3192 728 facultates,
3227 661 3406 735 atque
3438 653 3588 716 adeo
3609 655 3684 717 ab

2027 747 2155 826 ipsa
2188 745 2368 806 etiam
2402 745 2581 806 domo
2613 744 3010 819 discessisset,
3043 753 3100 805 et
3124 743 3230 820 qui
3259 753 3387 806 erat
3417 743 3473 806 ei
3503 745 3687 806 frater

2029 835 2358 898 secundum
2393 853 2660 907 carnem,
2695 834 3028 914 accepisset
3058 833 3216 894 illius
3247 834 3679 916 haereditatem,

2027 933 2086 986 et
2108 933 2490 1004 paternorum
2519 923 2786 986 omnium
2813 923 3112 985 bonorum
3137 923 3387 984 effectus
3409 924 3687 986 essetdoo

2027 1015 2249 1089 minus,
2285 1021 2342 1076 et
2369 1023 2488 1075 tota
2519 1033 2623 1076 sua
2656 1013 2770 1076 vita
2801 1014 2887 1076 eis
2914 1021 3076 1075 esset
3103 1031 3268 1086 usus,
3293 1013 3346 1074 is
3366 1031 3500 1074 cum
3525 1022 3686 1076 esset

2029 1105 2381 1177 moriturus,
2405 1105 2692 1184 relinquit
2716 1103 3062 1164 Marcellum
3089 1101 3390 1164 haeredem
3412 1103 3683 1164 omnium

2026 1213 2268 1255 suarum
2293 1194 2660 1257 divitiarum.
2688 1194 2793 1255 llle
2822 1201 3019 1256 autem
3050 1210 3141 1267 ea,
3176 1210 3308 1273 quae
3338 1191 3452 1254 sibi
3472 1193 3686 1255 relicta

2030 1284 2287 1361 fuerant,
2331 1304 2450 1346 non
2484 1284 2678 1345 solum
2703 1302 2808 1345 sua
2831 1302 2948 1344 non
2976 1301 3108 1345 esse
3126 1283 3310 1359 duxit,
3346 1282 3451 1346 sed
3476 1302 3587 1346 nec
3612 1283 3686 1344 iis

2033 1376 2318 1436 utendum
2377 1373 2492 1436 sibi
2543 1374 2780 1436 censuit
2827 1373 2901 1435 ad
2935 1391 3250 1436 commune
3307 1373 3677 1436 monasterii.

2031 1464 2184 1527 Ilinc
2202 1483 2336 1528 cum
2364 1465 2643 1527 monachi
2669 1471 3050 1545 peterent,ut
3073 1481 3277 1542 agrum
3309 1473 3560 1544 emeret,
3586 1464 3687 1525 ille

2031 1555 2120 1618 eis
2151 1556 2299 1616 dixit
2329 1574 2395 1618 se
2418 1555 2652 1618 nullum
2679 1573 2855 1616 nosse
2885 1571 3094 1635 agrum
3119 1552 3460 1615 uberiorem
3493 1561 3554 1616 et
3575 1554 3690 1614 fer-

2034 1645 2310 1717 tiliorem,
2345 1665 2520 1726 quam
2555 1664 2721 1726 spem
2759 1644 2819 1705 in
2855 1644 3183 1707 Christum.
3221 1645 3306 1706 De
3339 1642 3510 1705 bonis
3543 1661 3684 1723 ergo

2033 1737 2297 1816 paternis
2329 1737 2473 1816 quid
2507 1735 2729 1815 statuit,
2759 1744 2817 1796 et
2846 1735 2922 1796 de
2953 1735 3024 1795 iis
3048 1753 3183 1814 qua:
3206 1734 3281 1796 ad
3306 1733 3474 1796 illum
3501 1741 3690 1814 perti-

2033 1827 2277 1901 nebant,
2311 1844 2568 1906 quonam
2600 1826 2774 1886 modo
2803 1825 3119 1904 providet?
3143 1826 3228 1886 Ea
3252 1825 3576 1900 consumit,
3605 1823 3692 1884 of-

305 1940 360 1976 τε
413 1919 462 1974 ἓν
517 1917 730 1997 ἀνδράσι
783 1921 871 1976 καὶ
925 1917 1155 1996 γυναιξὶν
1211 1918 1298 1986 ἧν.
1341 1921 1436 1976 Καὶ
1488 1922 1653 1996 ταύτῃ
1687 1919 1782 1994 μὲν
1816 1919 1948 1974 ἐκεί-ι

2043 1915 2242 1976 ferens
2271 1915 2402 1976 aliis
2438 1914 2838 1985 monasteriis,
2875 1932 3005 1994 quas
3061 1913 3413 1976 laborabant
3463 1914 3686 1994 inopia,

303 2033 410 2074 νοις
440 2009 636 2067 διαλύει
669 2011 768 2078 τὴν
799 2009 1044 2088 ἀποριαν.

373 2188 505 2254 AA'.
540 2192 616 2247 Τὰ
643 2189 698 2246 δὲ
730 2191 848 2270 περὶ
875 2191 975 2257 τὴν
1005 2189 1249 2266 μεγάλην
1303 2191 1590 2265 θεομηνίαν
1653 2190 1706 2245 ἐν
1759 2189 1793 2265 ᾗ
1842 2188 1947 2246 πό-

290 2278 374 2334 λιν
432 2277 590 2352 ὅλην,
650 2279 749 2346 τὴν
803 2280 1198 2338 Κωνσταντίνου
1253 2277 1417 2358 λέγω,
1466 2278 1710 2359 διέσωσε,
1742 2281 1819 2340 τίς
1854 2280 1950 2353 μὲν

291 2368 596 2448 ἀνάσχοιτο
652 2375 829 2445 σιωπῇ
887 2368 1226 2447 παρελθεῖν;
1285 2370 1365 2430 τίς
1424 2366 1478 2424 δὲ
1525 2368 1690 2434 οὕτως
1723 2369 1949 2446 ὀκνηρὸς

295 2457 354 2521 ὃς
399 2458 492 2512 οὒκ
536 2458 758 2514 ἀκοῦσαι
815 2460 1229 2536 προθυμηθείη;
1290 2459 1514 2522 Λέοντος
1574 2466 1665 2514 τοῦ
1716 2459 1952 2536 μεγάλου

298 2549 363 2606 τὰ
433 2548 529 2616 τῆς
599 2547 868 2624 βασιλείας
938 2549 1184 2628 σκῆπτρα
1271 2547 1544 2613 διέποντος
1635 2550 1949 2628 ἐμπρησμὸς

300 2638 498 2715 γίνεται
555 2638 690 2694 κατὰ
747 2635 902 2708 τήνδε
958 2639 1056 2706 τὴν
1101 2638 1279 2712 πόλιν,
1334 2641 1422 2696 καὶ
1466 2639 1786 2716 ἐμπρησμὸς
1846 2645 1953 2694 τῶν

299 2727 518 2784 πώποτε
547 2727 1032 2803 μνημονευομένων
1064 2730 1091 2784 6
1123 2727 1376 2807 μέγιστός
1431 2750 1487 2784 τε
1544 2731 1637 2786 καί
1689 2727 1952 2808 χαλεπώ-

299 2841 485 2882 τατος.
519 2815 661 2886 ’Ἡδη
693 2816 747 2873 δὲ
778 2817 956 2897 ἀρχὴν
1014 2817 1249 2897 ἐχούσης
1301 2819 1396 2886 τῆς
1457 2825 1731 2897 συμφορᾶς
1783 2819 1952 2874 ἀκου-

309 2908 440 2974 στὴς
496 2910 522 2963 6
577 2907 746 2984 μέγας
782 2908 944 2973 αύτῆς
1003 2907 1202 2984 γίνεται
1261 2909 1349 2964 καὶ
1407 2909 1480 2971 εἰς
1527 2910 1772 2980 ούρανοῦς
1807 2907 1952 2970 εὒθὺς

310 2995 603 3073 ἀναϐλέψας
631 2999 719 3054 καὶ
749 2995 1008 3074 δακρύσας
1061 2997 1198 3054 πολὺ
1256 2998 1453 3076 μερίζει
1511 2998 1610 3066 τὴν
1670 2999 1948 3076 τιμωρίαν,

301 3085 509 3162 μᾶλλον
538 3085 590 3142 δὲ
619 3089 680 3143 τὸ
710 3085 970 3143 πλεῖστον
1028 3088 1192 3153 αὐτῆς
1252 3088 1503 3166 κουφίζει.
1567 3089 1636 3144 Τὸ
1696 3087 1794 3162 μὲν
1855 3088 1953 3164 γὰρ

295 3179 391 3234 τοῦ
446 3178 608 3256 πυρὸς
661 3177 728 3232 τὰ
786 3175 985 3232 ἐκείνου
1031 3174 1300 3234 σϐέννουσι
1360 3176 1578 3256 δάκρυα,
1648 3178 1708 3232 τὸ
1752 3174 1807 3232 δὲ
1881 3177 1952 3238 εἰς

2033 2012 2147 2065 tam
2175 2005 2442 2065 vinorum
2468 2021 2646 2084 quam
2675 2004 3014 2066 mulierum.
3049 2002 3120 2064 Et
3151 2003 3275 2065 Ι]ωο
3307 2002 3546 2083 quidem
3572 2003 3692 2067 illis

2034 2094 2305 2155 adimunt
2337 2103 2685 2173 egestatem.

2117 2184 2316 2248 XXXI.
2339 2183 2481 2256 Quae
2504 2202 2638 2246 vero
2654 2185 2794 2246 fecit
2813 2185 2873 2246 in
2896 2203 3110 2265 magna
3133 2183 3238 2247 Dei
3257 2183 3366 2264 ira,
3385 2183 3444 2244 in
3467 2202 3581 2264 qua
3605 2192 3686 2246 to-

2036 2283 2179 2350 tam,
2205 2274 2532 2349 civitatem,
2563 2273 3136 2356 Constantinopolim
3160 2276 3427 2354 inquam,
3449 2292 3688 2336 conser-

2033 2364 2208 2445 vavit,
2248 2370 2382 2447 quis
2430 2366 2780 2426 sustinuerit
2838 2365 3082 2446 quidem
3141 2364 3379 2425 silentio
3436 2372 3683 2444 prater-

2037 2455 2326 2516 mittere?
2353 2453 2497 2528 Quis
2529 2464 2618 2516 est
2643 2463 2848 2518 autem
2881 2455 3032 2518 adeo
3056 2455 3260 2516 tardus
3289 2463 3351 2515 et
3373 2453 3691 2538 hebes,qui

2036 2563 2156 2605 non
2183 2545 2383 2623 cupiat
2412 2545 2624 2607 audire
2647 2545 2678 2604 ?
2701 2545 2911 2625 Magno
2936 2545 3038 2607 illo
3065 2546 3266 2609 Leone
3292 2544 3528 2626 imperii
3553 2562 3690 2608 sce-

2037 2641 2166 2712 ptra
2193 2633 2668 2709 administrante,
2701 2637 2761 2696 in
2797 2637 2904 2697 hac
2954 2635 3190 2698 civitate
3241 2633 3433 2696 oritur
3477 2635 3690 2697 incen—

2035 2723 2200 2783 dium
2237 2723 2338 2804 (2),
2375 2731 2438 2785 et
2464 2723 2813 2787 incendium
2854 2743 3087 2802 eorum,
3121 2725 3198 2786 de
3227 2723 3448 2805 quibus
3475 2722 3597 2786 ulla
3626 2723 3693 2788 fit

2038 2813 2290 2885 mentio,
2323 2815 2640 2875 maximum
2665 2814 3151 2876 etsatvissimum.
3177 2813 3322 2876 Cum
3346 2822 3546 2876 autem
3565 2819 3691 2894 jam

2037 2901 2359 2981 incepisset
2389 2903 2798 2983 calamitas,de
2827 2923 2896 2966 ea
2931 2904 3294 2969 auditionem
3326 2903 3694 2982 accipitma-

2035 3009 2187 3068 gnus
2211 2992 2558 3055 Marcellus:
2588 3001 2801 3055 etcum
2827 2995 3025 3054 statim
3053 2993 3270 3054 coelum
3296 2991 3689 3073 suspexisset,

2040 3090 2099 3142 et
2131 3081 2379 3142 multum
2413 3081 2814 3163 lacrymasset,
2851 3083 3062 3145 dividit
3107 3082 3514 3164 supplicium:
3569 3083 3690 3145 imo

2037 3189 2175 3232 vero
2212 3171 2526 3233 maximam
2562 3174 2689 3251 ejus
2725 3181 2948 3253 partem
2997 3173 3228 3235 allevat.
3265 3171 3410 3234 Nam
3464 3181 3690 3252 partem

292 3264 538 3322 παιδείαν
597 3265 886 3345 ὑπελείφθη
947 3279 1066 3329 τοῖς
1124 3269 1444 3338 Βυζαντίοις·
1505 3267 1639 3334 ὅλην
1669 3268 1769 3346 γὰρ
1799 3267 1948 3322 ὑπεί-

2039 3260 2286 3338 quidetn
2323 3261 2479 3340 ignis
2511 3264 2642 3341 ejus
2700 3264 3082 3343 exstinguunt
3125 3263 3404 3344 lacrymae
3440 3281 3456 3339 ;
3502 3262 3693 3326 altera

292 3354 474 3424 ληπτο
503 3354 885 3430 διανεμηθῆναι
936 3357 1035 3423 τὴν
1093 3357 1273 3420 πόλιν,
1313 3348 1370 3416 Ὀ
1400 3356 1454 3413 δὲ
1487 3359 1546 3414 το
1581 3358 1678 3432 μὲν
1725 3359 1952 3437 στήσας,

294 3447 354 3502 τὸ
413 3445 467 3501 δὲ
525 3446 806 3524 προγνοὺς,
879 3451 1024 3507 (by)!
1081 3445 1182 3525 ἔφη
1237 3445 1542 3522 περιωδὸνῳ
1593 3453 1764 3524 φωνῇ·
1799 3445 1953 3525 ἤλγει

294 3537 394 3614 γὰρ
435 3535 514 3612 μὴ
576 3541 636 3592 τὸ
688 3541 792 3592 πᾶν
823 3533 1014 3591 ἔπαυεν
1052 3537 1126 3600 ὡς
1160 3535 1297 3592 πολὺ
1331 3540 1390 3593 τὸ
1422 3536 1623 3604 πλῆθος
1654 3543 1758 3594 τῶν
1809 3539 1952 3610 ἡμε-

293 3626 463 3705 τέρων
517 3626 811 3705 ἁμαρτιῶν,
871 3628 957 3682 καὶ
1014 3626 1165 3684 δοκεῖ
1212 3633 1289 3699 τῷ
1347 3634 1462 3702 Θεῷ
1522 3627 1625 3683 ἀπο
1685 3625 1953 3693 θαλάττης

295 3717 519 3794 ἑρπῦσαι
547 3717 610 3772 τὸ
640 3727 759 3795 πῦρ,
798 3717 887 3772 καὶ
936 3716 1116 3795 ὥσπερ
1176 3719 1328 3793 βέλος
1365 3719 1424 3773 τὸ
1487 3717 1585 3792 μὲν
1642 3717 1804 3792 μέσον
1833 3715 1953 3772 δια-

293 3821 508 3883 τεμεῖν,
572 3812 678 3864 τῶν
734 3807 794 3863 ἐκ
850 3806 1077 3886 πλαγίου
1132 3805 1187 3863 δὲ
1229 3808 1524 3886 φείσασθαι,
1586 3807 1613 3862 ὃ
1655 3806 1718 3873 δη
1751 3807 1836 3861 καὶ
1867 3806 1952 3881 γέ-

295 3919 446 3977 γονε,
505 3898 594 3953 καὶ
652 3899 711 3953 τὸ
763 3900 863 3976 πῦρ
919 3897 979 3954 ἐκ
1037 3903 1130 3954 τοῦ
1176 3897 1502 3971 καλουμένου
1552 3896 1784 3973 Νεωρίου
1813 3894 1952 3974 (εἰσ)

296 3989 397 4056 την
428 3987 607 4067 ἀρχὴν
639 3986 871 4068 εἰληφὼς
903 3985 1054 4057 δίκην
1085 3988 1259 4059 ζώνης
1306 3988 1407 4055 τὴν
1463 3986 1618 4043 πόλιν
1679 3984 1810 4052 ὅλην
1867 3984 1950 4042 δι-

298 4078 514 4158 έζωσεν,
588 4078 660 4140 εἷς
730 4077 783 4133 δὲ
857 4077 954 4146 τὴν
1024 4078 1238 4154 ἀντικρὺ
1308 4076 1611 4134 κατέπαυσε
1684 4074 1954 4134 θάλασσα)

301 4169 478 4238 ὥσπερ
546 4165 943 4246 παραδεικνύων
1005 4168 1085 4225 ὅτι
1111 4169 1239 4224 αὐτὸ
1297 4167 1396 4242 μὲν
1425 4168 1541 4225 καθ’
1588 4166 1721 4234 ὅλης
1753 4166 1950 4246 ἐχώρει

304 4261 405 4324 τῆς
433 4255 658 4333 πόλεως,
715 4259 790 4323 εἷς
848 4255 903 4313 δὲ
965 4258 1216 4316 τοσοῦτον
1278 4256 1363 4315 διὰ
1423 4255 1734 4336 Μάρκελλον
1791 4277 1950 4336 περι-

298 4345 454 4414 ἐστη.

2037 3371 2178 3414 vero
2213 3370 2347 3432 pars
2392 3352 2602 3414 relicta
2663 3361 2754 3414 est
2797 3354 3136 3435 Byzantinis
3165 3355 3237 3415 ad
3267 3353 3689 3434 disciplinam:

2041 3444 2435 3504 existimatum
2465 3444 2622 3504 enim
2650 3447 2838 3505 fuerat
2866 3445 3015 3518 fore,
3043 3451 3110 3505 ut
3135 3453 3313 3505 totam
3341 3444 3696 3524 depasceret

2039 3533 2355 3595 civitatem.
2389 3531 2496 3595 Ille
2518 3552 2657 3596 vero
2681 3553 2817 3594 cum
2846 3543 3072 3613 partem
3097 3533 3337 3615 quidem
3369 3533 3695 3614 repressis-

2039 3631 2150 3694 set,
2170 3631 2394 3702 partem
2409 3631 2609 3685 autem
2639 3624 3057 3703 praescivisset,
3084 3623 3192 3686 Hei
3219 3623 3399 3685 mihi!
3426 3623 3691 3685 dicittri-

2038 3713 2112 3772 sti
2145 3731 2309 3774 voce.
2342 3712 2597 3775 Dolebat
2628 3715 2814 3790 enim,
2868 3715 3025 3795 quod
3082 3733 3202 3776 non
3237 3721 3422 3774 totum
3455 3732 3694 3777 cessare

2038 3801 2297 3877 fecisset,
2353 3801 2508 3865 sicut
2565 3822 2836 3883 magnam
2897 3811 3240 3865 nostrorum
3311 3810 3691 3882 peccatorum

2039 3891 2486 3953 multitudinem
2516 3914 2529 3955 :
2564 3901 2622 3954 et
2653 3893 2810 3973 quod
2841 3894 3029 3955 visum
3060 3900 3216 3955 esset
3264 3891 3412 3968 Deo,
3447 3909 3691 3973 serpere

2034 3981 2234 4059 ignem
2268 4001 2298 4043 a
2332 3982 2479 4044 mari
2509 4001 2700 4064 usque
2733 3983 2808 4044 ad
2845 4001 3028 4059 mare,
3063 3992 3122 4044 et
3167 3991 3445 4062 tanquam
3481 3983 3688 4057 telum,

2039 4071 2303 4133 medium
2324 4072 2569 4150 quidem
2595 4073 2920 4150 dissecare,
2946 4071 3019 4134 ab
3043 4073 3116 4134 iis
3145 4080 3374 4147 autem,
3400 4090 3534 4153 quae
3553 4078 3698 4134 sunt

2035 4178 2111 4223 ex
2145 4169 2504 4244 transverso,
2543 4162 2847 4225 abstinere
2875 4184 2890 4244 ;
2925 4162 3081 4243 quod
3114 4163 3288 4224 etiam
3321 4162 3539 4225 factum
3571 4173 3689 4228 est.
3774 4231 3780 4238 _

2033 4251 2105 4313 Et
2133 4253 2296 4332 ignis
2325 4271 2460 4317 cum
2495 4253 2826 4334 accepisset
2855 4253 3088 4314 initium
3143 4251 3217 4313 ab
3271 4269 3366 4327 eo,
3403 4251 3561 4332 quod
3597 4251 3694 4312 di-

2034 4341 2188 4405 citur
2220 4341 2602 4418 Neocorium,
2634 4344 2821 4406 instar
2847 4342 3068 4422 cinguli
3100 4350 3278 4404 totam
3325 4341 3512 4403 cinxit
3535 4341 3687 4403 civi-

293 4445 474 4500 tatem
511 4458 528 4516 ;
577 4437 991 4502 cessavitvero
1038 4439 1111 4500 ad
1155 4455 1343 4520 mare,
1376 4437 1539 4520 quod
1595 4447 1685 4499 est
1713 4456 1784 4498 ex
1838 4437 2116 4510 adverso,
2158 4435 2340 4496 veluti
2383 4435 2735 4511 ostendens,
2770 4435 2926 4516 quod
2958 4438 3006 4494 is
3053 4431 3297 4513 quidem
3336 4432 3692 4513 pervasisset

293 4527 614 4605 civitatem,
647 4529 721 4590 ad
751 4529 863 4592 hoc
893 4537 1090 4591 autem
1125 4527 1404 4591 redactus
1435 4537 1595 4591 esset
1627 4547 1735 4609 per
1761 4525 2136 4590 Marcellum.

376 4618 504 4681 AB'.
543 4621 644 4678 Δύο
674 4619 753 4676 ἔτι
784 4619 820 4688 ἢ
851 4625 1008 4698 τριῶν
1037 4619 1234 4676 ἐκείνου
1288 4619 1630 4698 μνησθέντες,
1689 4620 1754 4676 τὰ
1787 4619 1948 4676 λοιπὰ

2117 4615 2343 4680 XXXII.
2383 4617 2531 4678 Ctim
2564 4615 2814 4677 duorum
2849 4615 3044 4676 adhuc
3065 4622 3167 4678 aut
3196 4614 3375 4675 trium
3402 4613 3692 4676 memine-

293 4709 563 4786 γλώσσαις
624 4709 816 4788 ἑτέρων
875 4713 949 4772 ὡς
1009 4708 1226 4766 δυνατὸν
1296 4709 1559 4774 κάκείνοις
1643 4709 1819 4787 λέγειν
1887 4709 1953 4764 τὰ

294 4800 415 4877 περὶ
471 4799 632 4860 αύτοῦ
686 4797 1106 4876 καταλείψομεν.
1171 4800 1268 4858 Καὶ
1324 4805 1534 4878 πρῶτον
1593 4803 1708 4864 οἷος
1765 4799 1830 4867 ἧν
1892 4800 1952 4855 τὸ

293 4890 545 4966 φρόνημα
575 4890 707 4966 πρὸς
735 4889 832 4964 μὲν
891 4888 1014 4952 τοὺς
1068 4887 1314 4952 δυνατοὺς
1373 4888 1756 4961 ἀταπείνωτος,
1819 4890 1948 4968 πρὸς

294 4976 348 5034 δὲ
380 4978 504 5041 τοὺς
554 4983 795 5058 μετρίους
856 4980 944 5035 καὶ
995 4977 1110 5035 λίαν
1167 4977 1597 5053 ἐπικλινόμενος,
1658 4978 1948 5058 σύμμαχός

293 5089 349 5124 τε
381 5082 497 5134 τοῖς
530 5066 895 5136 ἀδικουμένοις
949 5067 1043 5125 καί
1100 5070 1298 5145 βοηθὸς
1353 5067 1595 5148 ἄμαχος.
1658 5066 1949 5146 Ἀρδαϐου-

291 5159 404 5234 ρίου
433 5160 521 5215 καὶ
555 5155 829 5237 ’Ἂσπαρος
888 5155 1033 5214 οὒδὲν
1093 5155 1177 5214 δεῖ
1228 5155 1405 5236 λέγειν
1435 5158 1534 5224 τὴν
1593 5155 1713 5212 κατ’
1745 5157 1950 5214 ἐκεῖνον

291 5249 382 5304 τὸν
442 5247 640 5329 χρόνον
697 5248 876 5328 ἰσχὺν,
939 5245 1054 5304 οὐδὲ
1108 5248 1209 5314 τὴν
1266 5248 1417 5328 ἴσην,
1479 5246 1684 5324 μᾶλλον
1745 5245 1798 5303 δὲ
1864 5249 1952 5304 καὶ

293 5336 461 5394 πλείω
520 5345 620 5406 τῆς
671 5338 857 5418 ἰσχύος
916 5338 1195 5411 ὠμότητα.
1259 5338 1423 5403 Οὗτος
1496 5337 1582 5395 οὖν
1629 5340 1657 5394 6
1722 5338 1942 5417 ἰσχυρὸς

2035 4708 2244 4787 rimus,
2278 4707 2506 4786 reliqua
2539 4705 2757 4786 linguis
2807 4706 3078 4782 aliorum,
3135 4712 3308 4784 prout
3356 4702 3678 4784 potuerint,

2037 4797 2292 4860 dicenda
2321 4798 2756 4877 relinquemus.
2791 4794 2862 4858 Et
2886 4795 3166 4876 primum,
3202 4812 3379 4876 quam
3415 4795 3686 4873 ingentes

2037 4895 2233 4949 essent
2263 4887 2314 4948 ei
2347 4886 2739 4967 spiritus,qui
2771 4887 2829 4946 in
2865 4892 3138 4964 potentes
3159 4885 3403 4965 quidem
3429 4881 3684 4964 deprimi

2036 4995 2155 5039 non
2186 4985 2482 5057 poterant,
2519 4981 2579 5037 in
2610 4993 2714 5038 eos
2744 4992 2883 5037 vero
2913 4975 3016 5055 qui
3075 4982 3246 5036 erant
3305 4973 3556 5036 modesti
3614 4990 3684 5035 ac

2035 5067 2346 5140 moderati,
2385 5067 2557 5128 facile
2590 5064 3050 5128 inclinabantur.
3086 5065 3160 5127 lis
3189 5072 3412 5144 autem,
3469 5062 3684 5145 quibus

2035 5157 2214 5220 fiebat
2244 5157 2487 5238 injuria,
2523 5165 2650 5219 erat
2679 5155 3217 5236 adjutorinvictus.
3245 5154 3331 5216 De
3361 5152 3683 5222 Ardaburii

2033 5254 2091 5308 et
2124 5247 2391 5328 Asparis,
2426 5263 2556 5327 quia
2583 5256 2712 5308 erat
2748 5245 2852 5308 illo
2894 5253 3188 5326 tempore,
3224 5242 3511 5324 potentia,
3533 5243 3685 5305 nihil

2031 5344 2124 5400 est
2151 5337 2471 5402 dicendum
2500 5359 2513 5396 :
2546 5353 2744 5418 neque
2765 5336 2841 5397 de
2866 5335 3218 5398 crudelitate
3238 5333 3451 5416 aequali
3475 5341 3686 5413 poten-

287 5427 426 5485 οὕτω
483 5431 570 5486 καὶ
628 5429 775 5505 ὠμὸς
837 5425 1204 5510 Ἀρδαϐούριος
1275 5427 1594 5509 χαλεπαίνει
1663 5434 1771 5484 τῶν
1841 5429 1943 5484 ὑπὸ

2035 5428 2146 5503 tite,
2184 5437 2363 5510 atque
2393 5427 2543 5489 adeo
2578 5425 2816 5506 majori.
2849 5425 2960 5488 Hic
2989 5443 3156 5505 ergo,
3195 5426 3297 5505 qui
3349 5432 3480 5485 erat
3532 5423 3682 5486 adeo
3715 5425 3720 5430 ’

287 5531 458 5600 χεῖρα
517 5516 740 5597 Ἰωάννῃ
797 5517 1047 5596 τοῦνομα.
1115 5509 1173 5576 Ὀ
1231 5516 1286 5575 δὲ
1342 5519 1544 5584 πάντας
1593 5518 1716 5584 τοὺς
1748 5517 1941 5582 ἄλλους

2035 5527 2238 5599 potens
2258 5509 2319 5581 et
2337 5517 2620 5593 crudeli,
2653 5515 3030 5580 Ardaburius
3047 5513 3418 5578 irascebatur
3445 5512 3684 5575 cuidam

377 5682 454 5763 (2)
481 5682 654 5747 Anno
681 5680 822 5747 465.
845 5679 930 5746 De
952 5681 1068 5745 hoc
1091 5679 1375 5744 incendio
1395 5679 1729 5747 Marcellin.
1766 5680 1828 5745 in
1851 5681 2076 5748 Chron.
2113 5689 2171 5748 et
2189 5682 2338 5747 Acta
2367 5679 2629 5748 Danielis
2658 5677 2903 5761 Stylitte,
2929 5677 2998 5741 11
3035 5672 3380 5755 Decembr.,
3411 5691 3544 5757 cap.
3579 5675 3679 5742 27.
