  <div class='ocr_page' id='page_1' title='image "/cluster/home/n/w/nwhite01/storage/ocr_20150623/116:no.3/coo.31924054870203/377.png"; bbox 0 0 4066 6420; ppageno 0'>
   <div class='ocr_carea' id='block_1_1' title="bbox 403 320 2037 399">
    <p class='ocr_par' dir='ltr' id='par_1_1' title="bbox 403 320 2002 395">
     <span class='ocr_line' id='line_1_1' title="bbox 403 320 2002 395; baseline 0.004 -10"><span class='ocrx_word' id='word_1_1' title='bbox 403 320 524 388; x_wconf 88' lang='grc'><strong>739</strong></span> <span class='ocrx_word' id='word_1_2' title='bbox 1722 329 2002 395; x_wconf 89' lang='lat' dir='ltr'><strong>MENSIS</strong></span> 
     </span>
    </p>
   </div>
   <div class='ocr_carea' id='block_1_2' title="bbox 2121 320 3791 399">
    <p class='ocr_par' dir='ltr' id='par_1_2' title="bbox 2121 331 3791 399">
     <span class='ocr_line' id='line_1_2' title="bbox 2121 331 3791 399; baseline 0.003 -5"><span class='ocrx_word' id='word_1_3' title='bbox 2121 331 2472 398; x_wconf 67' lang='lat' dir='ltr'><strong>BCEMBER.</strong></span> <span class='ocrx_word' id='word_1_4' title='bbox 3669 333 3791 399; x_wconf 88' lang='grc'><strong>740</strong></span> 
     </span>
    </p>
   </div>
   <div class='ocr_carea' id='block_1_3' title="bbox 408 464 2037 550">
    <p class='ocr_par' dir='ltr' id='par_1_3' title="bbox 408 464 2037 547">
     <span class='ocr_line' id='line_1_3' title="bbox 408 464 2037 547; baseline -0.001 -22"><span class='ocrx_word' id='word_1_5' title='bbox 408 480 478 526; x_wconf 81' lang='lat' dir='ltr'><strong>ex</strong></span> <span class='ocrx_word' id='word_1_6' title='bbox 511 464 711 547; x_wconf 87' lang='lat' dir='ltr'><strong>iis,qui</strong></span> <span class='ocrx_word' id='word_1_7' title='bbox 737 473 907 528; x_wconf 88' lang='lat' dir='ltr'><strong>erant</strong></span> <span class='ocrx_word' id='word_1_8' title='bbox 936 465 994 526; x_wconf 92' lang='lat' dir='ltr'><strong>in</strong></span> <span class='ocrx_word' id='word_1_9' title='bbox 1033 465 1159 544; x_wconf 87' lang='lat' dir='ltr'><strong>ejus</strong></span> <span class='ocrx_word' id='word_1_10' title='bbox 1192 469 1502 545; x_wconf 74' lang='lat' dir='ltr'><strong>potestate,</strong></span> <span class='ocrx_word' id='word_1_11' title='bbox 1528 464 1772 527; x_wconf 87' lang='lat' dir='ltr'><strong>nomine</strong></span> <span class='ocrx_word' id='word_1_12' title='bbox 1803 464 2037 528; x_wconf 87' lang='lat' dir='ltr'><strong>Joanni.</strong></span> 
     </span>
    </p>
   </div>
   <div class='ocr_carea' id='block_1_4' title="bbox 2121 464 3785 550">
    <p class='ocr_par' dir='ltr' id='par_1_4' title="bbox 2131 465 3785 550">
     <span class='ocr_line' id='line_1_4' title="bbox 2131 465 3785 550; baseline 0.001 -28"><span class='ocrx_word' id='word_1_13' title='bbox 2131 466 2217 522; x_wconf 76' lang='grc' dir='ltr'><strong>καὶ</strong></span> <span class='ocrx_word' id='word_1_14' title='bbox 2278 468 2432 524; x_wconf 79' lang='grc' dir='ltr'>αὺτὸν</span> <span class='ocrx_word' id='word_1_15' title='bbox 2503 465 2728 544; x_wconf 88' lang='grc' dir='ltr'>βασιλέα</span> <span class='ocrx_word' id='word_1_16' title='bbox 2786 468 2859 532; x_wconf 85' lang='grc' dir='ltr'>ὡς</span> <span class='ocrx_word' id='word_1_17' title='bbox 2918 465 3198 534; x_wconf 78' lang='grc' dir='ltr'><strong>ἀδυνάτους</strong></span> <span class='ocrx_word' id='word_1_18' title='bbox 3256 467 3616 550; x_wconf 82' lang='grc' dir='ltr'>παραδραμὼν</span> <span class='ocrx_word' id='word_1_19' title='bbox 3660 467 3785 544; x_wconf 88' lang='grc' dir='ltr'>μίαν</span> 
     </span>
    </p>
   </div>
   <div class='ocr_carea' id='block_1_5' title="bbox 405 552 2037 638">
    <p class='ocr_par' dir='ltr' id='par_1_5' title="bbox 405 552 2037 636">
     <span class='ocr_line' id='line_1_5' title="bbox 405 552 2037 636; baseline 0.001 -21"><span class='ocrx_word' id='word_1_20' title='bbox 405 552 515 616; x_wconf 89' lang='lat' dir='ltr'><strong>Ille</strong></span> <span class='ocrx_word' id='word_1_21' title='bbox 533 573 672 619; x_wconf 88' lang='lat' dir='ltr'><strong>vero</strong></span> <span class='ocrx_word' id='word_1_22' title='bbox 695 555 977 618; x_wconf 75' lang='lat' dir='ltr'><strong>omnibus</strong></span> <span class='ocrx_word' id='word_1_23' title='bbox 1003 553 1344 634; x_wconf 75' lang='lat' dir='ltr'><strong>aliis,atqu’e</strong></span> <span class='ocrx_word' id='word_1_24' title='bbox 1363 553 1510 616; x_wconf 89' lang='lat' dir='ltr'><strong>adeo</strong></span> <span class='ocrx_word' id='word_1_25' title='bbox 1528 553 1657 634; x_wconf 90' lang='lat' dir='ltr'><strong>ipso</strong></span> <span class='ocrx_word' id='word_1_26' title='bbox 1678 555 2037 636; x_wconf 77' lang='lat' dir='ltr'><strong>imperatore</strong></span> 
     </span>
    </p>
   </div>
   <div class='ocr_carea' id='block_1_6' title="bbox 2121 552 3786 638">
    <p class='ocr_par' dir='ltr' id='par_1_6' title="bbox 2128 555 3786 638">
     <span class='ocr_line' id='line_1_6' title="bbox 2128 555 3786 638; baseline 0.001 -26"><span class='ocrx_word' id='word_1_27' title='bbox 2128 555 2241 613; x_wconf 76' lang='grc' dir='ltr'>εἶδε</span> <span class='ocrx_word' id='word_1_28' title='bbox 2271 558 2579 638; x_wconf 76' lang='grc' dir='ltr'>καταφυγὴν</span> <span class='ocrx_word' id='word_1_29' title='bbox 2609 556 2709 624; x_wconf 76' lang='grc' dir='ltr'>τὴν</span> <span class='ocrx_word' id='word_1_30' title='bbox 2741 555 3051 636; x_wconf 73' lang='grc' dir='ltr'><strong>Μαρκέλλου</strong></span> <span class='ocrx_word' id='word_1_31' title='bbox 3084 559 3311 631; x_wconf 76' lang='grc' dir='ltr'>σκηνὴν,</span> <span class='ocrx_word' id='word_1_32' title='bbox 3379 561 3464 616; x_wconf 85' lang='grc' dir='ltr'><strong>καὶ</strong></span> <span class='ocrx_word' id='word_1_33' title='bbox 3507 560 3609 615; x_wconf 74' lang='grc' dir='ltr'><strong>ὕπὸ</strong></span> <span class='ocrx_word' id='word_1_34' title='bbox 3657 558 3786 614; x_wconf 85' lang='grc' dir='ltr'>τού-</span> 
     </span>
    </p>
   </div>
   <div class='ocr_carea' id='block_1_7' title="bbox 406 638 2037 728">
    <p class='ocr_par' dir='ltr' id='par_1_7' title="bbox 406 643 2037 726">
     <span class='ocr_line' id='line_1_7' title="bbox 406 643 2037 726; baseline 0.002 -21"><span class='ocrx_word' id='word_1_35' title='bbox 406 646 849 724; x_wconf 67' lang='lat' dir='ltr'><strong>praetermissis,</strong></span> <span class='ocrx_word' id='word_1_36' title='bbox 907 652 969 706; x_wconf 85' lang='lat' dir='ltr'><strong>ut</strong></span> <span class='ocrx_word' id='word_1_37' title='bbox 1022 643 1124 725; x_wconf 86' lang='lat' dir='ltr'><strong>qui</strong></span> <span class='ocrx_word' id='word_1_38' title='bbox 1176 662 1294 704; x_wconf 92' lang='lat' dir='ltr'><strong>non</strong></span> <span class='ocrx_word' id='word_1_39' title='bbox 1328 653 1531 705; x_wconf 84' lang='lat' dir='ltr'><strong>essent</strong></span> <span class='ocrx_word' id='word_1_40' title='bbox 1565 644 1711 706; x_wconf 87' lang='lat' dir='ltr'><strong>satis</strong></span> <span class='ocrx_word' id='word_1_41' title='bbox 1743 654 2037 726; x_wconf 85' lang='lat' dir='ltr'><strong>potentes,</strong></span> 
     </span>
    </p>
   </div>
   <div class='ocr_carea' id='block_1_8' title="bbox 2121 638 3784 728">
    <p class='ocr_par' dir='ltr' id='par_1_8' title="bbox 2127 638 3784 728">
     <span class='ocr_line' id='line_1_8' title="bbox 2127 638 3784 728; baseline 0 -26"><span class='ocrx_word' id='word_1_42' title='bbox 2127 669 2205 720; x_wconf 82' lang='grc' dir='ltr'>τῳ</span> <span class='ocrx_word' id='word_1_43' title='bbox 2263 647 2442 726; x_wconf 80' lang='grc' dir='ltr'>ὥσπερ</span> <span class='ocrx_word' id='word_1_44' title='bbox 2495 647 2597 702; x_wconf 79' lang='grc' dir='ltr'><strong>ὕπὸ</strong></span> <span class='ocrx_word' id='word_1_45' title='bbox 2645 645 2897 726; x_wconf 80' lang='grc' dir='ltr'>προϐάλῳ</span> <span class='ocrx_word' id='word_1_46' title='bbox 2944 647 3081 704; x_wconf 86' lang='grc' dir='ltr'>δύνει</span> <span class='ocrx_word' id='word_1_47' title='bbox 3132 650 3220 705; x_wconf 78' lang='grc' dir='ltr'>καὶ</span> <span class='ocrx_word' id='word_1_48' title='bbox 3262 650 3570 728; x_wconf 85' lang='grc' dir='ltr'>κρύπτεται,</span> <span class='ocrx_word' id='word_1_49' title='bbox 3627 638 3686 704; x_wconf 64' lang='grc' dir='ltr'><strong>Ὀ</strong></span> <span class='ocrx_word' id='word_1_50' title='bbox 3728 646 3784 703; x_wconf 76' lang='grc' dir='ltr'><strong>δὲ</strong></span> 
     </span>
    </p>
   </div>
   <div class='ocr_carea' id='block_1_9' title="bbox 407 731 2045 813">
    <p class='ocr_par' dir='ltr' id='par_1_9' title="bbox 407 731 2045 813">
     <span class='ocr_line' id='line_1_9' title="bbox 407 731 2045 813; baseline 0.002 -20"><span class='ocrx_word' id='word_1_51' title='bbox 407 738 592 795; x_wconf 83' lang='lat' dir='ltr'><strong>uniim</strong></span> <span class='ocrx_word' id='word_1_52' title='bbox 617 735 778 796; x_wconf 88' lang='lat' dir='ltr'><strong>novit</strong></span> <span class='ocrx_word' id='word_1_53' title='bbox 797 734 1094 812; x_wconf 75' lang='lat' dir='ltr'><strong>refugium</strong></span> <span class='ocrx_word' id='word_1_54' title='bbox 1122 731 1381 794; x_wconf 87' lang='lat' dir='ltr'><strong>Marcelli</strong></span> <span class='ocrx_word' id='word_1_55' title='bbox 1406 732 1878 813; x_wconf 84' lang='lat' dir='ltr'><strong>tabernaculum;</strong></span> <span class='ocrx_word' id='word_1_56' title='bbox 1907 744 1964 798; x_wconf 92' lang='lat' dir='ltr'><strong>et</strong></span> <span class='ocrx_word' id='word_1_57' title='bbox 1987 733 2045 796; x_wconf 90' lang='lat' dir='ltr'><strong>id</strong></span> 
     </span>
    </p>
   </div>
   <div class='ocr_carea' id='block_1_10' title="bbox 405 822 2046 906">
    <p class='ocr_par' dir='ltr' id='par_1_10' title="bbox 405 822 2046 906">
     <span class='ocr_line' id='line_1_10' title="bbox 405 822 2046 906; baseline 0.002 -21"><span class='ocrx_word' id='word_1_58' title='bbox 405 823 653 899; x_wconf 87' lang='lat' dir='ltr'><strong>subit,et</strong></span> <span class='ocrx_word' id='word_1_59' title='bbox 671 823 781 885; x_wconf 90' lang='lat' dir='ltr'><strong>sub</strong></span> <span class='ocrx_word' id='word_1_60' title='bbox 807 842 877 886; x_wconf 91' lang='lat' dir='ltr'><strong>eo</strong></span> <span class='ocrx_word' id='word_1_61' title='bbox 898 823 1057 894; x_wconf 81' lang='lat' dir='ltr'><strong>latet,</strong></span> <span class='ocrx_word' id='word_1_62' title='bbox 1085 831 1363 904; x_wconf 83' lang='lat' dir='ltr'><strong>tanquam</strong></span> <span class='ocrx_word' id='word_1_63' title='bbox 1389 822 1498 884; x_wconf 91' lang='lat' dir='ltr'><strong>sub</strong></span> <span class='ocrx_word' id='word_1_64' title='bbox 1521 825 1720 906; x_wconf 87' lang='lat' dir='ltr'><strong>aliquo</strong></span> <span class='ocrx_word' id='word_1_65' title='bbox 1747 834 1870 888; x_wconf 88' lang='lat' dir='ltr'><strong>tuto</strong></span> <span class='ocrx_word' id='word_1_66' title='bbox 1909 845 2046 905; x_wconf 88' lang='lat' dir='ltr'><strong>pro-</strong></span> 
     </span>
    </p>
   </div>
   <div class='ocr_carea' id='block_1_11' title="bbox 405 917 2047 990">
    <p class='ocr_par' dir='ltr' id='par_1_11' title="bbox 405 917 2047 990">
     <span class='ocr_line' id='line_1_11' title="bbox 405 917 2047 990; baseline 0.002 -17"><span class='ocrx_word' id='word_1_67' title='bbox 405 917 731 987; x_wconf 86' lang='lat' dir='ltr'><strong>pugnaculo</strong></span> <span class='ocrx_word' id='word_1_68' title='bbox 777 917 873 972; x_wconf 86' lang='lat' dir='ltr'><strong>Ille</strong></span> <span class='ocrx_word' id='word_1_69' title='bbox 901 923 1086 974; x_wconf 88' lang='lat' dir='ltr'><strong>autem</strong></span> <span class='ocrx_word' id='word_1_70' title='bbox 1119 931 1250 973; x_wconf 89' lang='lat' dir='ltr'><strong>cum</strong></span> <span class='ocrx_word' id='word_1_71' title='bbox 1309 918 1652 986; x_wconf 85' lang='lat' dir='ltr'><strong>rescivisset,</strong></span> <span class='ocrx_word' id='word_1_72' title='bbox 1689 921 1932 990; x_wconf 79' lang='lat' dir='ltr'><strong>petebat,</strong></span> <span class='ocrx_word' id='word_1_73' title='bbox 1976 920 2047 977; x_wconf 89' lang='lat' dir='ltr'><strong>ad</strong></span> 
     </span>
    </p>
   </div>
   <div class='ocr_carea' id='block_1_12' title="bbox 401 1000 2046 1080">
    <p class='ocr_par' dir='ltr' id='par_1_12' title="bbox 401 1000 2046 1080">
     <span class='ocr_line' id='line_1_12' title="bbox 401 1000 2046 1080; baseline 0.003 -20"><span class='ocrx_word' id='word_1_74' title='bbox 401 1001 595 1080; x_wconf 89' lang='lat' dir='ltr'><strong>ipsum</strong></span> <span class='ocrx_word' id='word_1_75' title='bbox 623 1000 1199 1074; x_wconf 86' lang='lat' dir='ltr'><strong>mittens,hominem</strong></span> <span class='ocrx_word' id='word_1_76' title='bbox 1228 1001 1342 1062; x_wconf 88' lang='lat' dir='ltr'><strong>sibi</strong></span> <span class='ocrx_word' id='word_1_77' title='bbox 1377 1002 1550 1066; x_wconf 90' lang='lat' dir='ltr'><strong>tradi.</strong></span> <span class='ocrx_word' id='word_1_78' title='bbox 1578 1005 1726 1066; x_wconf 90' lang='lat' dir='ltr'><strong>Cum</strong></span> <span class='ocrx_word' id='word_1_79' title='bbox 1755 1023 1897 1067; x_wconf 89' lang='lat' dir='ltr'><strong>vero</strong></span> <span class='ocrx_word' id='word_1_80' title='bbox 1928 1024 2046 1066; x_wconf 90' lang='lat' dir='ltr'><strong>non</strong></span> 
     </span>
    </p>
   </div>
   <div class='ocr_carea' id='block_1_13' title="bbox 400 1091 2042 1171">
    <p class='ocr_par' dir='ltr' id='par_1_13' title="bbox 400 1091 2042 1171">
     <span class='ocr_line' id='line_1_13' title="bbox 400 1091 2042 1171; baseline 0.004 -22"><span class='ocrx_word' id='word_1_81' title='bbox 400 1091 1055 1171; x_wconf 74' lang='lat' dir='ltr'><strong>obtemperaret,ccepit</strong></span> <span class='ocrx_word' id='word_1_82' title='bbox 1083 1092 1318 1153; x_wconf 90' lang='lat' dir='ltr'><strong>minari.</strong></span> <span class='ocrx_word' id='word_1_83' title='bbox 1343 1093 1490 1154; x_wconf 83' lang='lat' dir='ltr'><strong>Cum</strong></span> <span class='ocrx_word' id='word_1_84' title='bbox 1512 1094 1825 1158; x_wconf 85' lang='lat' dir='ltr'><strong>Marcellus</strong></span> <span class='ocrx_word' id='word_1_85' title='bbox 1847 1103 2042 1156; x_wconf 83' lang='lat' dir='ltr'><strong>autem</strong></span> 
     </span>
    </p>
   </div>
   <div class='ocr_carea' id='block_1_14' title="bbox 398 1184 2039 1259">
    <p class='ocr_par' dir='ltr' id='par_1_14' title="bbox 398 1184 2039 1259">
     <span class='ocr_line' id='line_1_14' title="bbox 398 1184 2039 1259; baseline 0.001 -18"><span class='ocrx_word' id='word_1_86' title='bbox 398 1184 584 1241; x_wconf 89' lang='lat' dir='ltr'><strong>minas</strong></span> <span class='ocrx_word' id='word_1_87' title='bbox 610 1197 725 1241; x_wconf 88' lang='lat' dir='ltr'><strong>non</strong></span> <span class='ocrx_word' id='word_1_88' title='bbox 761 1193 1008 1249; x_wconf 86' lang='lat' dir='ltr'><strong>curaret,</strong></span> <span class='ocrx_word' id='word_1_89' title='bbox 1043 1185 1092 1240; x_wconf 90' lang='lat' dir='ltr'><strong>ei</strong></span> <span class='ocrx_word' id='word_1_90' title='bbox 1127 1184 1239 1240; x_wconf 90' lang='lat' dir='ltr'><strong>vim</strong></span> <span class='ocrx_word' id='word_1_91' title='bbox 1291 1185 1475 1242; x_wconf 77' lang='lat' dir='ltr'><strong>attulit</strong></span> <span class='ocrx_word' id='word_1_92' title='bbox 1507 1200 1520 1240; x_wconf 91' lang='lat'><strong>:</strong></span> <span class='ocrx_word' id='word_1_93' title='bbox 1556 1186 1860 1259; x_wconf 86' lang='lat' dir='ltr'><strong>missisque</strong></span> <span class='ocrx_word' id='word_1_94' title='bbox 1891 1189 2039 1244; x_wconf 86' lang='lat' dir='ltr'><strong>mili-</strong></span> 
     </span>
    </p>
   </div>
   <div class='ocr_carea' id='block_1_15' title="bbox 401 1266 2042 1348">
    <p class='ocr_par' dir='ltr' id='par_1_15' title="bbox 401 1266 2042 1348">
     <span class='ocr_line' id='line_1_15' title="bbox 401 1266 2042 1348; baseline 0.003 -20"><span class='ocrx_word' id='word_1_95' title='bbox 401 1267 580 1348; x_wconf 84' lang='lat' dir='ltr'><strong>tibus,</strong></span> <span class='ocrx_word' id='word_1_96' title='bbox 613 1266 718 1347; x_wconf 87' lang='lat' dir='ltr'><strong>qui</strong></span> <span class='ocrx_word' id='word_1_97' title='bbox 747 1275 802 1329; x_wconf 91' lang='lat' dir='ltr'><strong>et</strong></span> <span class='ocrx_word' id='word_1_98' title='bbox 836 1267 1061 1328; x_wconf 89' lang='lat' dir='ltr'><strong>viribus</strong></span> <span class='ocrx_word' id='word_1_99' title='bbox 1114 1266 1409 1341; x_wconf 87' lang='lat' dir='ltr'><strong>valebant,</strong></span> <span class='ocrx_word' id='word_1_100' title='bbox 1445 1279 1504 1332; x_wconf 89' lang='lat' dir='ltr'><strong>et</strong></span> <span class='ocrx_word' id='word_1_101' title='bbox 1533 1277 1701 1331; x_wconf 87' lang='lat' dir='ltr'><strong>erant</strong></span> <span class='ocrx_word' id='word_1_102' title='bbox 1729 1270 1898 1332; x_wconf 90' lang='lat' dir='ltr'><strong>multi</strong></span> <span class='ocrx_word' id='word_1_103' title='bbox 1931 1291 2042 1332; x_wconf 88' lang='lat' dir='ltr'><strong>nu-</strong></span> 
     </span>
    </p>
   </div>
   <div class='ocr_carea' id='block_1_16' title="bbox 399 1357 2043 1442">
    <p class='ocr_par' dir='ltr' id='par_1_16' title="bbox 399 1357 2043 1442">
     <span class='ocr_line' id='line_1_16' title="bbox 399 1357 2043 1442; baseline 0.003 -24"><span class='ocrx_word' id='word_1_104' title='bbox 399 1357 775 1437; x_wconf 85' lang='lat' dir='ltr'><strong>mero,jussit</strong></span> <span class='ocrx_word' id='word_1_105' title='bbox 805 1374 1076 1436; x_wconf 60' lang='lat' dir='ltr'><strong>quaerere</strong></span> <span class='ocrx_word' id='word_1_106' title='bbox 1103 1375 1237 1418; x_wconf 89' lang='lat' dir='ltr'><strong>eum</strong></span> <span class='ocrx_word' id='word_1_107' title='bbox 1264 1358 1365 1436; x_wconf 90' lang='lat' dir='ltr'><strong>qui</strong></span> <span class='ocrx_word' id='word_1_108' title='bbox 1395 1359 1832 1442; x_wconf 84' lang='lat' dir='ltr'><strong>confugerat,et</strong></span> <span class='ocrx_word' id='word_1_109' title='bbox 1853 1361 1901 1421; x_wconf 90' lang='lat' dir='ltr'><strong>si</strong></span> <span class='ocrx_word' id='word_1_110' title='bbox 1926 1380 2043 1423; x_wconf 92' lang='lat' dir='ltr'><strong>non</strong></span> 
     </span>
    </p>
   </div>
   <div class='ocr_carea' id='block_1_17' title="bbox 400 1445 2040 1530">
    <p class='ocr_par' dir='ltr' id='par_1_17' title="bbox 400 1445 2040 1530">
     <span class='ocr_line' id='line_1_17' title="bbox 400 1445 2040 1530; baseline 0.004 -23"><span class='ocrx_word' id='word_1_111' title='bbox 400 1453 658 1528; x_wconf 89' lang='lat' dir='ltr'><strong>pareret,</strong></span> <span class='ocrx_word' id='word_1_112' title='bbox 693 1447 778 1506; x_wconf 87' lang='lat' dir='ltr'><strong>uti</strong></span> <span class='ocrx_word' id='word_1_113' title='bbox 807 1445 1212 1526; x_wconf 83' lang='lat' dir='ltr'><strong>armis.Atque</strong></span> <span class='ocrx_word' id='word_1_114' title='bbox 1244 1445 1345 1508; x_wconf 89' lang='lat' dir='ltr'><strong>ille</strong></span> <span class='ocrx_word' id='word_1_115' title='bbox 1375 1449 1614 1527; x_wconf 89' lang='lat' dir='ltr'><strong>quidem</strong></span> <span class='ocrx_word' id='word_1_116' title='bbox 1641 1469 1775 1511; x_wconf 93' lang='lat' dir='ltr'><strong>cum</strong></span> <span class='ocrx_word' id='word_1_117' title='bbox 1801 1451 2040 1530; x_wconf 87' lang='lat' dir='ltr'><strong>sicjus-</strong></span> 
     </span>
    </p>
   </div>
   <div class='ocr_carea' id='block_1_18' title="bbox 395 1534 2044 1619">
    <p class='ocr_par' dir='ltr' id='par_1_18' title="bbox 395 1534 2044 1619">
     <span class='ocr_line' id='line_1_18' title="bbox 395 1534 2044 1619; baseline 0.003 -22"><span class='ocrx_word' id='word_1_118' title='bbox 395 1537 709 1611; x_wconf 87' lang='lat' dir='ltr'><strong>sisset,eos</strong></span> <span class='ocrx_word' id='word_1_119' title='bbox 740 1534 1083 1598; x_wconf 88' lang='lat' dir='ltr'><strong>dimisit.ll|i</strong></span> <span class='ocrx_word' id='word_1_120' title='bbox 1115 1544 1310 1598; x_wconf 92' lang='lat' dir='ltr'><strong>autem</strong></span> <span class='ocrx_word' id='word_1_121' title='bbox 1344 1537 1617 1619; x_wconf 84' lang='lat' dir='ltr'><strong>profecti,</strong></span> <span class='ocrx_word' id='word_1_122' title='bbox 1644 1548 1702 1602; x_wconf 87' lang='lat' dir='ltr'><strong>et</strong></span> <span class='ocrx_word' id='word_1_123' title='bbox 1727 1540 1944 1618; x_wconf 88' lang='lat' dir='ltr'><strong>verbis,</strong></span> <span class='ocrx_word' id='word_1_124' title='bbox 1981 1551 2044 1602; x_wconf 93' lang='lat' dir='ltr'><strong>ut</strong></span> 
     </span>
    </p>
   </div>
   <div class='ocr_carea' id='block_1_19' title="bbox 393 1623 2037 1706">
    <p class='ocr_par' dir='ltr' id='par_1_19' title="bbox 393 1623 2037 1706">
     <span class='ocr_line' id='line_1_19' title="bbox 393 1623 2037 1706; baseline 0.003 -20"><span class='ocrx_word' id='word_1_125' title='bbox 393 1625 550 1705; x_wconf 87' lang='lat' dir='ltr'><strong>jussi</strong></span> <span class='ocrx_word' id='word_1_126' title='bbox 576 1623 1249 1704; x_wconf 81' lang='lat' dir='ltr'><strong>fuerant,usi,quoniam</strong></span> <span class='ocrx_word' id='word_1_127' title='bbox 1283 1642 1401 1685; x_wconf 91' lang='lat' dir='ltr'><strong>non</strong></span> <span class='ocrx_word' id='word_1_128' title='bbox 1435 1626 1704 1706; x_wconf 86' lang='lat' dir='ltr'><strong>parebat,</strong></span> <span class='ocrx_word' id='word_1_129' title='bbox 1736 1636 2037 1691; x_wconf 89' lang='lat' dir='ltr'><strong>monaste-</strong></span> 
     </span>
    </p>
   </div>
   <div class='ocr_carea' id='block_1_20' title="bbox 2130 735 3783 812">
    <p class='ocr_par' dir='ltr' id='par_1_20' title="bbox 2130 735 3783 812">
     <span class='ocr_line' id='line_1_20' title="bbox 2130 735 3783 812; baseline 0.001 -20"><span class='ocrx_word' id='word_1_130' title='bbox 2130 738 2310 811; x_wconf 81' lang='grc' dir='ltr'>μαθὼν</span> <span class='ocrx_word' id='word_1_131' title='bbox 2379 737 2551 808; x_wconf 82' lang='grc' dir='ltr'><strong>ἐζήτει</strong></span> <span class='ocrx_word' id='word_1_132' title='bbox 2617 735 2846 812; x_wconf 80' lang='grc' dir='ltr'><strong>πέμπων</strong></span> <span class='ocrx_word' id='word_1_133' title='bbox 2909 735 3122 795; x_wconf 67' lang='grc' dir='ltr'>ἔκδοτον</span> <span class='ocrx_word' id='word_1_134' title='bbox 3192 737 3336 812; x_wconf 76' lang='grc' dir='ltr'>αύτῷ</span> <span class='ocrx_word' id='word_1_135' title='bbox 3405 737 3622 805; x_wconf 77' lang='grc' dir='ltr'>δοθῆναι</span> <span class='ocrx_word' id='word_1_136' title='bbox 3692 738 3783 794; x_wconf 79' lang='grc' dir='ltr'>τὸν</span> 
     </span>
    </p>
   </div>
   <div class='ocr_carea' id='block_1_21' title="bbox 2131 817 3784 904">
    <p class='ocr_par' dir='ltr' id='par_1_21' title="bbox 2131 817 3784 904">
     <span class='ocr_line' id='line_1_21' title="bbox 2131 817 3784 904; baseline 0.001 -23"><span class='ocrx_word' id='word_1_137' title='bbox 2131 825 2432 904; x_wconf 78' lang='grc' dir='ltr'>ἄλθρωπον.</span> <span class='ocrx_word' id='word_1_138' title='bbox 2471 817 2560 891; x_wconf 48' lang='grc' dir='ltr'><strong>(Ως</strong></span> <span class='ocrx_word' id='word_1_139' title='bbox 2589 824 2644 882; x_wconf 78' lang='grc' dir='ltr'><strong>δὲ</strong></span> <span class='ocrx_word' id='word_1_140' title='bbox 2674 828 2768 882; x_wconf 83' lang='grc' dir='ltr'><strong>οὗκ</strong></span> <span class='ocrx_word' id='word_1_141' title='bbox 2796 827 2861 893; x_wconf 79' lang='grc' dir='ltr'>ἦν</span> <span class='ocrx_word' id='word_1_142' title='bbox 2910 829 2936 883; x_wconf 82' lang='lat'>&#39;0</span> <span class='ocrx_word' id='word_1_143' title='bbox 2993 831 3330 904; x_wconf 81' lang='grc' dir='ltr'><strong>πειθόμενος,</strong></span> <span class='ocrx_word' id='word_1_144' title='bbox 3395 833 3500 884; x_wconf 88' lang='grc' dir='ltr'><strong>τῶν</strong></span> <span class='ocrx_word' id='word_1_145' title='bbox 3551 824 3784 883; x_wconf 78' lang='grc' dir='ltr'>ἀπειλῶν</span> 
     </span>
    </p>
   </div>
   <div class='ocr_carea' id='block_1_22' title="bbox 2130 907 3784 999">
    <p class='ocr_par' dir='ltr' id='par_1_22' title="bbox 2130 907 3784 999">
     <span class='ocr_line' id='line_1_22' title="bbox 2130 907 3784 999; baseline 0 -27"><span class='ocrx_word' id='word_1_146' title='bbox 2130 914 2356 995; x_wconf 68' lang='grc' dir='ltr'>ἤρχετο,</span> <span class='ocrx_word' id='word_1_147' title='bbox 2396 907 2488 980; x_wconf 73' lang='grc' dir='ltr'>Ὧς</span> <span class='ocrx_word' id='word_1_148' title='bbox 2518 914 2572 972; x_wconf 81' lang='grc' dir='ltr'>δὲ</span> <span class='ocrx_word' id='word_1_149' title='bbox 2605 914 2720 973; x_wconf 72' lang='grc' dir='ltr'>οὒδὲ</span> <span class='ocrx_word' id='word_1_150' title='bbox 2747 917 2945 973; x_wconf 89' lang='grc' dir='ltr'>τούτων</span> <span class='ocrx_word' id='word_1_151' title='bbox 2975 916 3180 982; x_wconf 77' lang='grc' dir='ltr'>ἐκεῖνος</span> <span class='ocrx_word' id='word_1_152' title='bbox 3229 918 3549 999; x_wconf 74' lang='grc' dir='ltr'><strong>ἐφρόντιζεν,</strong></span> <span class='ocrx_word' id='word_1_153' title='bbox 3614 916 3784 993; x_wconf 74' lang='grc' dir='ltr'>ἐπῆγε</span> 
     </span>
    </p>
   </div>
   <div class='ocr_carea' id='block_1_23' title="bbox 2130 1005 3783 1088">
    <p class='ocr_par' dir='ltr' id='par_1_23' title="bbox 2130 1005 3783 1088">
     <span class='ocr_line' id='line_1_23' title="bbox 2130 1005 3783 1088; baseline 0.001 -27"><span class='ocrx_word' id='word_1_154' title='bbox 2130 1007 2228 1074; x_wconf 79' lang='grc' dir='ltr'><strong>τὴν</strong></span> <span class='ocrx_word' id='word_1_155' title='bbox 2281 1007 2398 1082; x_wconf 88' lang='grc' dir='ltr'>βίαν</span> <span class='ocrx_word' id='word_1_156' title='bbox 2455 1007 2542 1062; x_wconf 82' lang='grc' dir='ltr'><strong>καὶ</strong></span> <span class='ocrx_word' id='word_1_157' title='bbox 2597 1005 2816 1081; x_wconf 84' lang='grc' dir='ltr'>πέμψας</span> <span class='ocrx_word' id='word_1_158' title='bbox 2868 1007 3088 1071; x_wconf 85' lang='grc' dir='ltr'>ὁπλίτας</span> <span class='ocrx_word' id='word_1_159' title='bbox 3147 1008 3300 1088; x_wconf 82' lang='grc' dir='ltr'>ἰσχύϊ</span> <span class='ocrx_word' id='word_1_160' title='bbox 3372 1030 3426 1065; x_wconf 88' lang='grc' dir='ltr'><strong>τε</strong></span> <span class='ocrx_word' id='word_1_161' title='bbox 3501 1007 3783 1087; x_wconf 84' lang='grc' dir='ltr'>καρτεροὺς</span> 
     </span>
    </p>
   </div>
   <div class='ocr_carea' id='block_1_24' title="bbox 2129 1094 3782 1176">
    <p class='ocr_par' dir='ltr' id='par_1_24' title="bbox 2129 1094 3782 1176">
     <span class='ocr_line' id='line_1_24' title="bbox 2129 1094 3782 1176; baseline 0.002 -26"><span class='ocrx_word' id='word_1_162' title='bbox 2129 1096 2224 1151; x_wconf 73' lang='grc' dir='ltr'><strong>καί</strong></span> <span class='ocrx_word' id='word_1_163' title='bbox 2282 1094 2472 1163; x_wconf 75' lang='grc' dir='ltr'>πλήθει</span> <span class='ocrx_word' id='word_1_164' title='bbox 2531 1094 2762 1160; x_wconf 68' lang='grc' dir='ltr'>πολλοὺς</span> <span class='ocrx_word' id='word_1_165' title='bbox 2821 1095 3059 1156; x_wconf 84' lang='grc' dir='ltr'>ἐκέλευεν</span> <span class='ocrx_word' id='word_1_166' title='bbox 3116 1095 3252 1154; x_wconf 77' lang='grc' dir='ltr'>οὕτω</span> <span class='ocrx_word' id='word_1_167' title='bbox 3306 1097 3394 1154; x_wconf 82' lang='grc' dir='ltr'><strong>τόν</strong></span> <span class='ocrx_word' id='word_1_168' title='bbox 3439 1118 3782 1176; x_wconf 78' lang='grc' dir='ltr'>προσπεφευ-</span> 
     </span>
    </p>
   </div>
   <div class='ocr_carea' id='block_1_25' title="bbox 2129 1184 3784 1265">
    <p class='ocr_par' dir='ltr' id='par_1_25' title="bbox 2129 1184 3784 1265">
     <span class='ocr_line' id='line_1_25' title="bbox 2129 1184 3784 1265; baseline 0 -24"><span class='ocrx_word' id='word_1_169' title='bbox 2129 1185 2260 1263; x_wconf 87' lang='grc' dir='ltr'>γότα</span> <span class='ocrx_word' id='word_1_170' title='bbox 2289 1194 2498 1265; x_wconf 78' lang='grc' dir='ltr'>ζητεῖν,</span> <span class='ocrx_word' id='word_1_171' title='bbox 2529 1184 2874 1248; x_wconf 80' lang='grc' dir='ltr'>ἀπονεύοντος</span> <span class='ocrx_word' id='word_1_172' title='bbox 2909 1185 2962 1241; x_wconf 78' lang='grc' dir='ltr'><strong>δὲ</strong></span> <span class='ocrx_word' id='word_1_173' title='bbox 3015 1187 3102 1243; x_wconf 84' lang='grc' dir='ltr'><strong>καὶ</strong></span> <span class='ocrx_word' id='word_1_174' title='bbox 3149 1199 3266 1249; x_wconf 82' lang='grc' dir='ltr'>τοῖς</span> <span class='ocrx_word' id='word_1_175' title='bbox 3319 1186 3507 1252; x_wconf 78' lang='grc' dir='ltr'>ὅπλοις</span> <span class='ocrx_word' id='word_1_176' title='bbox 3565 1187 3784 1265; x_wconf 74' lang='grc' dir='ltr'>χρήσα-</span> 
     </span>
    </p>
   </div>
   <div class='ocr_carea' id='block_1_26' title="bbox 2127 1271 3780 1354">
    <p class='ocr_par' dir='ltr' id='par_1_26' title="bbox 2127 1271 3780 1354">
     <span class='ocr_line' id='line_1_26' title="bbox 2127 1271 3780 1354; baseline -0.001 -25"><span class='ocrx_word' id='word_1_177' title='bbox 2127 1277 2266 1337; x_wconf 89' lang='grc' dir='ltr'>σθαι.</span> <span class='ocrx_word' id='word_1_178' title='bbox 2299 1277 2361 1332; x_wconf 81' lang='grc' dir='ltr'>Ὃ</span> <span class='ocrx_word' id='word_1_179' title='bbox 2383 1275 2482 1349; x_wconf 79' lang='grc' dir='ltr'><strong>μὲν</strong></span> <span class='ocrx_word' id='word_1_180' title='bbox 2536 1274 2624 1330; x_wconf 74' lang='grc' dir='ltr'><strong>οὖν</strong></span> <span class='ocrx_word' id='word_1_181' title='bbox 2680 1276 2816 1331; x_wconf 64' lang='grc' dir='ltr'>οὕτω</span> <span class='ocrx_word' id='word_1_182' title='bbox 2871 1274 3169 1354; x_wconf 78' lang='grc' dir='ltr'>προστάξας</span> <span class='ocrx_word' id='word_1_183' title='bbox 3228 1276 3566 1352; x_wconf 79' lang='grc' dir='ltr'>ἀπέπεμπεν.</span> <span class='ocrx_word' id='word_1_184' title='bbox 3627 1275 3685 1332; x_wconf 77' lang='grc' dir='ltr'>Οἱ</span> <span class='ocrx_word' id='word_1_185' title='bbox 3728 1271 3780 1328; x_wconf 83' lang='grc' dir='ltr'><strong>δὲ</strong></span> 
     </span>
    </p>
   </div>
   <div class='ocr_carea' id='block_1_27' title="bbox 2125 1362 3774 1445">
    <p class='ocr_par' dir='ltr' id='par_1_27' title="bbox 2125 1362 3774 1445">
     <span class='ocr_line' id='line_1_27' title="bbox 2125 1362 3774 1445; baseline -0.001 -26"><span class='ocrx_word' id='word_1_186' title='bbox 2125 1362 2440 1428; x_wconf 72' lang='grc' dir='ltr'>ἀπελθόντες</span> <span class='ocrx_word' id='word_1_187' title='bbox 2501 1367 2586 1421; x_wconf 72' lang='grc' dir='ltr'><strong>καὶ</strong></span> <span class='ocrx_word' id='word_1_188' title='bbox 2644 1364 2824 1443; x_wconf 80' lang='grc' dir='ltr'>λόγοις</span> <span class='ocrx_word' id='word_1_189' title='bbox 2882 1367 3020 1421; x_wconf 79' lang='grc' dir='ltr'>κατα</span> <span class='ocrx_word' id='word_1_190' title='bbox 3075 1367 3134 1420; x_wconf 78' lang='grc' dir='ltr'>τὸ</span> <span class='ocrx_word' id='word_1_191' title='bbox 3185 1364 3459 1422; x_wconf 76' lang='grc' dir='ltr'>κελευσθὲν</span> <span class='ocrx_word' id='word_1_192' title='bbox 3489 1364 3774 1445; x_wconf 72' lang='grc' dir='ltr'><strong>χρησάμε⁸</strong></span> 
     </span>
    </p>
   </div>
   <div class='ocr_carea' id='block_1_28' title="bbox 2125 1452 3782 1534">
    <p class='ocr_par' dir='ltr' id='par_1_28' title="bbox 2125 1452 3782 1534">
     <span class='ocr_line' id='line_1_28' title="bbox 2125 1452 3782 1534; baseline 0 -26"><span class='ocrx_word' id='word_1_193' title='bbox 2125 1475 2226 1532; x_wconf 86' lang='grc' dir='ltr'>νοι,</span> <span class='ocrx_word' id='word_1_194' title='bbox 2262 1453 2374 1510; x_wconf 84' lang='grc' dir='ltr'>ἐπεὶ</span> <span class='ocrx_word' id='word_1_195' title='bbox 2405 1455 2482 1529; x_wconf 80' lang='grc' dir='ltr'>μὴ</span> <span class='ocrx_word' id='word_1_196' title='bbox 2513 1453 2688 1511; x_wconf 72' lang='grc' dir='ltr'>ἔπειθε</span> <span class='ocrx_word' id='word_1_197' title='bbox 2718 1456 2777 1510; x_wconf 80' lang='grc' dir='ltr'>τὸ</span> <span class='ocrx_word' id='word_1_198' title='bbox 2808 1456 3236 1534; x_wconf 73' lang='grc' dir='ltr'>φροντιστήριον,</span> <span class='ocrx_word' id='word_1_199' title='bbox 3298 1459 3389 1513; x_wconf 87' lang='grc' dir='ltr'>οἷα</span> <span class='ocrx_word' id='word_1_200' title='bbox 3446 1453 3511 1522; x_wconf 79' lang='grc' dir='ltr'>δη</span> <span class='ocrx_word' id='word_1_201' title='bbox 3563 1452 3782 1529; x_wconf 87' lang='grc' dir='ltr'>πολιορ-</span> 
     </span>
    </p>
   </div>
   <div class='ocr_carea' id='block_1_29' title="bbox 2124 1543 3777 1623">
    <p class='ocr_par' dir='ltr' id='par_1_29' title="bbox 2124 1543 3777 1623">
     <span class='ocr_line' id='line_1_29' title="bbox 2124 1543 3777 1623; baseline -0.002 -23"><span class='ocrx_word' id='word_1_202' title='bbox 2124 1550 2336 1606; x_wconf 81' lang='grc' dir='ltr'>κοῦντες</span> <span class='ocrx_word' id='word_1_203' title='bbox 2398 1543 2672 1603; x_wconf 84' lang='grc' dir='ltr'>ἐκύκλουν.</span> <span class='ocrx_word' id='word_1_204' title='bbox 2738 1543 2930 1611; x_wconf 85' lang='grc' dir='ltr'>Δείλης</span> <span class='ocrx_word' id='word_1_205' title='bbox 3005 1545 3160 1619; x_wconf 71' lang='grc' dir='ltr'>ὀψίας</span> <span class='ocrx_word' id='word_1_206' title='bbox 3233 1543 3521 1623; x_wconf 76' lang='grc' dir='ltr'>ἐπράττετο</span> <span class='ocrx_word' id='word_1_207' title='bbox 3593 1550 3777 1623; x_wconf 81' lang='grc' dir='ltr'>ταῦτα,</span> 
     </span>
    </p>
   </div>
   <div class='ocr_carea' id='block_1_30' title="bbox 2122 1632 3781 1712">
    <p class='ocr_par' dir='ltr' id='par_1_30' title="bbox 2122 1632 3781 1712">
     <span class='ocr_line' id='line_1_30' title="bbox 2122 1632 3781 1712; baseline 0 -24"><span class='ocrx_word' id='word_1_208' title='bbox 2122 1633 2217 1689; x_wconf 71' lang='grc' dir='ltr'>καὶ</span> <span class='ocrx_word' id='word_1_209' title='bbox 2249 1636 2275 1689; x_wconf 99' lang='lat'><strong>6</strong></span> <span class='ocrx_word' id='word_1_210' title='bbox 2312 1634 2479 1712; x_wconf 82' lang='grc' dir='ltr'>μέγας</span> <span class='ocrx_word' id='word_1_211' title='bbox 2511 1634 2691 1712; x_wconf 81' lang='grc' dir='ltr'>ἠρώτα</span> <span class='ocrx_word' id='word_1_212' title='bbox 2723 1633 2904 1712; x_wconf 77' lang='grc' dir='ltr'>παρὼν</span> <span class='ocrx_word' id='word_1_213' title='bbox 2932 1633 2983 1688; x_wconf 80' lang='grc' dir='ltr'>εἴ</span> <span class='ocrx_word' id='word_1_214' title='bbox 3041 1655 3100 1711; x_wconf 87' lang='grc' dir='ltr'><strong>γε</strong></span> <span class='ocrx_word' id='word_1_215' title='bbox 3134 1633 3198 1702; x_wconf 70' lang='grc' dir='ltr'>δή</span> <span class='ocrx_word' id='word_1_216' title='bbox 3256 1633 3577 1712; x_wconf 84' lang='grc' dir='ltr'>παραμένειν</span> <span class='ocrx_word' id='word_1_217' title='bbox 3634 1632 3781 1688; x_wconf 67' lang='grc' dir='ltr'>αὐτοὶ</span> 
     </span>
    </p>
   </div>
   <div class='ocr_carea' id='block_1_31' title="bbox 398 1717 2037 1803">
    <p class='ocr_par' dir='ltr' id='par_1_31' title="bbox 398 1717 2037 1794">
     <span class='ocr_line' id='line_1_31' title="bbox 398 1717 2037 1794; baseline 0.003 -19"><span class='ocrx_word' id='word_1_218' title='bbox 398 1718 550 1775; x_wconf 88' lang='lat' dir='ltr'><strong>rium</strong></span> <span class='ocrx_word' id='word_1_219' title='bbox 574 1717 1080 1774; x_wconf 87' lang='lat' dir='ltr'><strong>circumsidebant.</strong></span> <span class='ocrx_word' id='word_1_220' title='bbox 1117 1718 1247 1774; x_wconf 73' lang='lat' dir='ltr'><strong>Haec</strong></span> <span class='ocrx_word' id='word_1_221' title='bbox 1287 1720 1426 1775; x_wconf 79' lang='lat' dir='ltr'><strong>facta</strong></span> <span class='ocrx_word' id='word_1_222' title='bbox 1451 1729 1586 1776; x_wconf 80' lang='lat' dir='ltr'><strong>sunt</strong></span> <span class='ocrx_word' id='word_1_223' title='bbox 1608 1736 1885 1794; x_wconf 85' lang='lat' dir='ltr'><strong>vespere:</strong></span> <span class='ocrx_word' id='word_1_224' title='bbox 1918 1737 2037 1780; x_wconf 89' lang='lat' dir='ltr'><strong>ma-</strong></span> 
     </span>
    </p>
   </div>
   <div class='ocr_carea' id='block_1_32' title="bbox 2121 1717 3778 1803">
    <p class='ocr_par' dir='ltr' id='par_1_32' title="bbox 2121 1720 3778 1803">
     <span class='ocr_line' id='line_1_32' title="bbox 2121 1720 3778 1803; baseline -0.001 -25"><span class='ocrx_word' id='word_1_225' title='bbox 2121 1721 2396 1797; x_wconf 86' lang='grc' dir='ltr'>βούλοιντο</span> <span class='ocrx_word' id='word_1_226' title='bbox 2455 1725 2540 1778; x_wconf 87' lang='grc' dir='ltr'><strong>καὶ</strong></span> <span class='ocrx_word' id='word_1_227' title='bbox 2595 1723 2790 1802; x_wconf 76' lang='grc' dir='ltr'>τροφὰς</span> <span class='ocrx_word' id='word_1_228' title='bbox 2848 1722 3054 1779; x_wconf 75' lang='grc' dir='ltr'>ἐκεῖνον</span> <span class='ocrx_word' id='word_1_229' title='bbox 3125 1723 3408 1803; x_wconf 78' lang='grc' dir='ltr'>παρέχειν,</span> <span class='ocrx_word' id='word_1_230' title='bbox 3486 1721 3635 1779; x_wconf 79' lang='grc' dir='ltr'>Ἐπεὶ</span> <span class='ocrx_word' id='word_1_231' title='bbox 3690 1720 3778 1777; x_wconf 73' lang='grc' dir='ltr'>οὖν</span> 
     </span>
    </p>
   </div>
   <div class='ocr_carea' id='block_1_33' title="bbox 399 1802 2037 1893">
    <p class='ocr_par' dir='ltr' id='par_1_33' title="bbox 399 1802 2037 1883">
     <span class='ocr_line' id='line_1_33' title="bbox 399 1802 2037 1883; baseline 0.004 -19"><span class='ocrx_word' id='word_1_232' title='bbox 399 1822 550 1883; x_wconf 89' lang='lat' dir='ltr'><strong>gnus</strong></span> <span class='ocrx_word' id='word_1_233' title='bbox 571 1820 708 1866; x_wconf 92' lang='lat' dir='ltr'><strong>vero</strong></span> <span class='ocrx_word' id='word_1_234' title='bbox 738 1802 1059 1864; x_wconf 88' lang='lat' dir='ltr'><strong>Marcellus</strong></span> <span class='ocrx_word' id='word_1_235' title='bbox 1108 1803 1333 1882; x_wconf 84' lang='lat' dir='ltr'><strong>rogavit</strong></span> <span class='ocrx_word' id='word_1_236' title='bbox 1391 1823 1514 1880; x_wconf 87' lang='lat' dir='ltr'><strong>eos,</strong></span> <span class='ocrx_word' id='word_1_237' title='bbox 1551 1825 1624 1866; x_wconf 86' lang='lat' dir='ltr'><strong>an</strong></span> <span class='ocrx_word' id='word_1_238' title='bbox 1659 1807 1879 1869; x_wconf 87' lang='lat' dir='ltr'><strong>vellent</strong></span> <span class='ocrx_word' id='word_1_239' title='bbox 1912 1827 2037 1872; x_wconf 84' lang='lat' dir='ltr'><strong>ma-</strong></span> 
     </span>
    </p>
   </div>
   <div class='ocr_carea' id='block_1_34' title="bbox 2121 1802 3780 1893">
    <p class='ocr_par' dir='ltr' id='par_1_34' title="bbox 2125 1802 3780 1893">
     <span class='ocr_line' id='line_1_34' title="bbox 2125 1802 3780 1893; baseline -0.002 -24"><span class='ocrx_word' id='word_1_240' title='bbox 2125 1815 2212 1870; x_wconf 82' lang='grc' dir='ltr'><strong>καί</strong></span> <span class='ocrx_word' id='word_1_241' title='bbox 2268 1812 2586 1892; x_wconf 75' lang='grc' dir='ltr'>παρέμενον,</span> <span class='ocrx_word' id='word_1_242' title='bbox 2648 1812 2935 1892; x_wconf 52' lang='grc' dir='ltr'>ἐρλορήγει</span> <span class='ocrx_word' id='word_1_243' title='bbox 2985 1813 3079 1869; x_wconf 83' lang='grc' dir='ltr'>καῖ</span> <span class='ocrx_word' id='word_1_244' title='bbox 3136 1816 3230 1879; x_wconf 81' lang='grc' dir='ltr'><strong>τὰς</strong></span> <span class='ocrx_word' id='word_1_245' title='bbox 3290 1802 3509 1893; x_wconf 72' lang='grc' dir='ltr'>τροφάς.</span> <span class='ocrx_word' id='word_1_246' title='bbox 3566 1811 3665 1868; x_wconf 80' lang='grc' dir='ltr'>Καὶ</span> <span class='ocrx_word' id='word_1_247' title='bbox 3715 1811 3780 1867; x_wconf 82' lang='grc' dir='ltr'>τὰ</span> 
     </span>
    </p>
   </div>
   <div class='ocr_carea' id='block_1_35' title="bbox 399 1891 2037 1982">
    <p class='ocr_par' dir='ltr' id='par_1_35' title="bbox 399 1891 2037 1982">
     <span class='ocr_line' id='line_1_35' title="bbox 399 1891 2037 1982; baseline 0.004 -27"><span class='ocrx_word' id='word_1_248' title='bbox 399 1901 630 1969; x_wconf 89' lang='lat' dir='ltr'><strong>nere,et</strong></span> <span class='ocrx_word' id='word_1_249' title='bbox 662 1911 725 1954; x_wconf 91' lang='lat' dir='ltr'><strong>se</strong></span> <span class='ocrx_word' id='word_1_250' title='bbox 761 1891 848 1957; x_wconf 89' lang='lat' dir='ltr'><strong>eis</strong></span> <span class='ocrx_word' id='word_1_251' title='bbox 877 1891 1340 1982; x_wconf 79' lang='lat' dir='ltr'><strong>dixitalimenla</strong></span> <span class='ocrx_word' id='word_1_252' title='bbox 1356 1893 1652 1957; x_wconf 91' lang='lat' dir='ltr'><strong>daturum.</strong></span> <span class='ocrx_word' id='word_1_253' title='bbox 1674 1897 1819 1959; x_wconf 90' lang='lat' dir='ltr'><strong>Cum</strong></span> <span class='ocrx_word' id='word_1_254' title='bbox 1839 1906 2037 1961; x_wconf 89' lang='lat' dir='ltr'><strong>autem</strong></span> 
     </span>
    </p>
   </div>
   <div class='ocr_carea' id='block_1_36' title="bbox 2121 1891 3779 1982">
    <p class='ocr_par' dir='ltr' id='par_1_36' title="bbox 2126 1891 3779 1982">
     <span class='ocr_line' id='line_1_36' title="bbox 2126 1891 3779 1982; baseline -0.002 -24"><span class='ocrx_word' id='word_1_255' title='bbox 2126 1903 2222 1971; x_wconf 73' lang='grc' dir='ltr'><strong>μὲν</strong></span> <span class='ocrx_word' id='word_1_256' title='bbox 2252 1891 2412 1982; x_wconf 79' lang='grc' dir='ltr'>ἄχρις</span> <span class='ocrx_word' id='word_1_257' title='bbox 2469 1891 2894 1982; x_wconf 16' lang='grc' dir='ltr'>ἒσπέραςίίοῧτω</span> <span class='ocrx_word' id='word_1_258' title='bbox 2951 1901 3155 1970; x_wconf 78' lang='grc' dir='ltr'>διῆλθε.</span> <span class='ocrx_word' id='word_1_259' title='bbox 3223 1904 3320 1961; x_wconf 83' lang='grc' dir='ltr'>Καὶ</span> <span class='ocrx_word' id='word_1_260' title='bbox 3354 1891 3453 1970; x_wconf 57' lang='lat' dir='ltr'><strong>tiri:</strong></span> <span class='ocrx_word' id='word_1_261' title='bbox 3497 1903 3682 1964; x_wconf 82' lang='grc' dir='ltr'>νυκτὸς</span> <span class='ocrx_word' id='word_1_262' title='bbox 3725 1897 3779 1956; x_wconf 80' lang='grc' dir='ltr'><strong>δὲ</strong></span> 
     </span>
    </p>
   </div>
   <div class='ocr_carea' id='block_1_37' title="bbox 397 1980 2037 2073">
    <p class='ocr_par' dir='ltr' id='par_1_37' title="bbox 397 1980 2037 2073">
     <span class='ocr_line' id='line_1_37' title="bbox 397 1980 2037 2073; baseline 0.004 -30"><span class='ocrx_word' id='word_1_263' title='bbox 397 1980 1188 2073; x_wconf 83' lang='lat' dir='ltr'><strong>mansissent,suppeditavit</strong></span> <span class='ocrx_word' id='word_1_264' title='bbox 1223 1981 1530 2046; x_wconf 89' lang='lat' dir='ltr'><strong>alimenta.</strong></span> <span class='ocrx_word' id='word_1_265' title='bbox 1564 1984 1634 2046; x_wconf 85' lang='lat' dir='ltr'><strong>Et</strong></span> <span class='ocrx_word' id='word_1_266' title='bbox 1665 2004 1764 2048; x_wconf 89' lang='lat' dir='ltr'><strong>res</strong></span> <span class='ocrx_word' id='word_1_267' title='bbox 1796 1987 2037 2068; x_wconf 90' lang='lat' dir='ltr'><strong>quidem</strong></span> 
     </span>
    </p>
   </div>
   <div class='ocr_carea' id='block_1_38' title="bbox 2121 1980 3780 2073">
    <p class='ocr_par' dir='ltr' id='par_1_38' title="bbox 2124 1980 3780 2073">
     <span class='ocr_line' id='line_1_38' title="bbox 2124 1980 3780 2073; baseline -0.004 -23"><span class='ocrx_word' id='word_1_268' title='bbox 2124 1980 2528 2060; x_wconf 73' lang='grc' dir='ltr'>καταλαϐούσης</span> <span class='ocrx_word' id='word_1_269' title='bbox 2592 1980 2638 2049; x_wconf 78' lang='grc' dir='ltr'>οἱ</span> <span class='ocrx_word' id='word_1_270' title='bbox 2700 1992 2798 2068; x_wconf 81' lang='grc' dir='ltr'>μὲν</span> <span class='ocrx_word' id='word_1_271' title='bbox 2831 1990 2930 2058; x_wconf 69' lang='grc' dir='ltr'>ἔξω</span> <span class='ocrx_word' id='word_1_272' title='bbox 2980 1994 3336 2073; x_wconf 81' lang='grc' dir='ltr'>τυγχάνοντες</span> <span class='ocrx_word' id='word_1_273' title='bbox 3384 1989 3488 2058; x_wconf 69' lang='grc' dir='ltr'><strong>ἤδη</strong></span> <span class='ocrx_word' id='word_1_274' title='bbox 3545 1991 3611 2046; x_wconf 77' lang='grc' dir='ltr'>τὰ</span> <span class='ocrx_word' id='word_1_275' title='bbox 3657 1987 3780 2068; x_wconf 83' lang='grc' dir='ltr'>ξίφη</span> 
     </span>
    </p>
   </div>
   <div class='ocr_carea' id='block_1_39' title="bbox 393 2069 2037 2164">
    <p class='ocr_par' dir='ltr' id='par_1_39' title="bbox 393 2069 2037 2152">
     <span class='ocr_line' id='line_1_39' title="bbox 393 2069 2037 2152; baseline 0.004 -18"><span class='ocrx_word' id='word_1_276' title='bbox 393 2073 474 2134; x_wconf 85' lang='lat' dir='ltr'><strong>ita</strong></span> <span class='ocrx_word' id='word_1_277' title='bbox 505 2071 740 2134; x_wconf 85' lang='lat' dir='ltr'><strong>transiit</strong></span> <span class='ocrx_word' id='word_1_278' title='bbox 799 2088 987 2151; x_wconf 85' lang='lat' dir='ltr'><strong>usque</strong></span> <span class='ocrx_word' id='word_1_279' title='bbox 1039 2069 1112 2131; x_wconf 91' lang='lat' dir='ltr'><strong>ad</strong></span> <span class='ocrx_word' id='word_1_280' title='bbox 1145 2089 1476 2152; x_wconf 82' lang='lat' dir='ltr'><strong>vesperam.</strong></span> <span class='ocrx_word' id='word_1_281' title='bbox 1515 2076 1662 2137; x_wconf 91' lang='lat' dir='ltr'><strong>Cum</strong></span> <span class='ocrx_word' id='word_1_282' title='bbox 1695 2095 1808 2138; x_wconf 82' lang='lat' dir='ltr'><strong>nox</strong></span> <span class='ocrx_word' id='word_1_283' title='bbox 1839 2085 2037 2140; x_wconf 88' lang='lat' dir='ltr'><strong>autem</strong></span> 
     </span>
    </p>
   </div>
   <div class='ocr_carea' id='block_1_40' title="bbox 2121 2069 3777 2164">
    <p class='ocr_par' dir='ltr' id='par_1_40' title="bbox 2123 2078 3777 2164">
     <span class='ocr_line' id='line_1_40' title="bbox 2123 2078 3777 2164; baseline -0.004 -24"><span class='ocrx_word' id='word_1_284' title='bbox 2123 2081 2318 2164; x_wconf 75' lang='grc' dir='ltr'>φοϐερὰ</span> <span class='ocrx_word' id='word_1_285' title='bbox 2375 2083 2636 2145; x_wconf 76' lang='grc' dir='ltr'>ἒπέσειον,</span> <span class='ocrx_word' id='word_1_286' title='bbox 2693 2083 2740 2138; x_wconf 85' lang='grc' dir='ltr'>οἱ</span> <span class='ocrx_word' id='word_1_287' title='bbox 2805 2083 3037 2162; x_wconf 73' lang='grc' dir='ltr'>μοναχοὶ</span> <span class='ocrx_word' id='word_1_288' title='bbox 3095 2081 3150 2139; x_wconf 83' lang='grc' dir='ltr'>δέ</span> <span class='ocrx_word' id='word_1_289' title='bbox 3218 2089 3382 2139; x_wconf 82' lang='grc' dir='ltr'>ταῦτα</span> <span class='ocrx_word' id='word_1_290' title='bbox 3452 2078 3674 2158; x_wconf 81' lang='grc' dir='ltr'>ὁρῶντές</span> <span class='ocrx_word' id='word_1_291' title='bbox 3721 2100 3777 2136; x_wconf 89' lang='grc' dir='ltr'><strong>τε</strong></span> 
     </span>
    </p>
   </div>
   <div class='ocr_carea' id='block_1_41' title="bbox 394 2159 2037 2250">
    <p class='ocr_par' dir='ltr' id='par_1_41' title="bbox 394 2159 2037 2250">
     <span class='ocr_line' id='line_1_41' title="bbox 394 2159 2037 2250; baseline 0.003 -26"><span class='ocrx_word' id='word_1_292' title='bbox 394 2161 794 2235; x_wconf 85' lang='lat' dir='ltr'><strong>adventasset,</strong></span> <span class='ocrx_word' id='word_1_293' title='bbox 829 2161 931 2250; x_wconf 80' lang='lat' dir='ltr'><strong>qui</strong></span> <span class='ocrx_word' id='word_1_294' title='bbox 961 2159 1107 2250; x_wconf 74' lang='lat' dir='ltr'><strong>foris</strong></span> <span class='ocrx_word' id='word_1_295' title='bbox 1145 2163 1386 2241; x_wconf 89' lang='lat' dir='ltr'><strong>quidem</strong></span> <span class='ocrx_word' id='word_1_296' title='bbox 1445 2172 1634 2246; x_wconf 88' lang='lat' dir='ltr'><strong>erant,</strong></span> <span class='ocrx_word' id='word_1_297' title='bbox 1688 2184 1864 2228; x_wconf 88' lang='lat' dir='ltr'><strong>enses</strong></span> <span class='ocrx_word' id='word_1_298' title='bbox 1912 2167 2037 2247; x_wconf 89' lang='lat' dir='ltr'><strong>jam</strong></span> 
     </span>
    </p>
   </div>
   <div class='ocr_carea' id='block_1_42' title="bbox 2121 2159 3776 2250">
    <p class='ocr_par' dir='ltr' id='par_1_42' title="bbox 2123 2167 3776 2250">
     <span class='ocr_line' id='line_1_42' title="bbox 2123 2167 3776 2250; baseline -0.003 -21"><span class='ocrx_word' id='word_1_299' title='bbox 2123 2175 2210 2230; x_wconf 85' lang='grc' dir='ltr'><strong>καὶ</strong></span> <span class='ocrx_word' id='word_1_300' title='bbox 2266 2174 2544 2236; x_wconf 83' lang='grc' dir='ltr'>ἀκούοντες</span> <span class='ocrx_word' id='word_1_301' title='bbox 2614 2171 2955 2250; x_wconf 76' lang='grc' dir='ltr'>περιστάντες</span> <span class='ocrx_word' id='word_1_302' title='bbox 3027 2173 3116 2228; x_wconf 83' lang='grc' dir='ltr'>τὸν</span> <span class='ocrx_word' id='word_1_303' title='bbox 3187 2171 3340 2250; x_wconf 77' lang='grc' dir='ltr'>ἅγιον</span> <span class='ocrx_word' id='word_1_304' title='bbox 3410 2169 3592 2247; x_wconf 84' lang='grc' dir='ltr'>λόγοις</span> <span class='ocrx_word' id='word_1_305' title='bbox 3664 2167 3776 2231; x_wconf 88' lang='grc' dir='ltr'>ἀντὶ</span> 
     </span>
    </p>
   </div>
   <div class='ocr_carea' id='block_1_43' title="bbox 395 2247 2037 2343">
    <p class='ocr_par' dir='ltr' id='par_1_43' title="bbox 395 2247 2037 2343">
     <span class='ocr_line' id='line_1_43' title="bbox 395 2247 2037 2343; baseline 0.002 -29"><span class='ocrx_word' id='word_1_306' title='bbox 395 2251 744 2343; x_wconf 83' lang='lat' dir='ltr'><strong>quatiebant</strong></span> <span class='ocrx_word' id='word_1_307' title='bbox 771 2247 1428 2343; x_wconf 83' lang='lat' dir='ltr'><strong>terribiliter.Mon_achi</strong></span> <span class='ocrx_word' id='word_1_308' title='bbox 1452 2262 1649 2316; x_wconf 88' lang='lat' dir='ltr'><strong>autem</strong></span> <span class='ocrx_word' id='word_1_309' title='bbox 1675 2255 1799 2317; x_wconf 66' lang='lat' dir='ltr'><strong>haec</strong></span> <span class='ocrx_word' id='word_1_310' title='bbox 1834 2256 2037 2319; x_wconf 88' lang='lat' dir='ltr'><strong>viden-</strong></span> 
     </span>
    </p>
   </div>
   <div class='ocr_carea' id='block_1_44' title="bbox 2121 2247 3770 2343">
    <p class='ocr_par' dir='ltr' id='par_1_44' title="bbox 2121 2255 3770 2343">
     <span class='ocr_line' id='line_1_44' title="bbox 2121 2255 3770 2343; baseline -0.002 -25"><span class='ocrx_word' id='word_1_311' title='bbox 2121 2259 2282 2343; x_wconf 85' lang='grc' dir='ltr'>ξιφῶν</span> <span class='ocrx_word' id='word_1_312' title='bbox 2311 2261 2600 2338; x_wconf 77' lang='grc' dir='ltr'>έπληττον,</span> <span class='ocrx_word' id='word_1_313' title='bbox 2633 2263 2692 2320; x_wconf 86' lang='grc' dir='ltr'>Τί</span> <span class='ocrx_word' id='word_1_314' title='bbox 2725 2261 2810 2318; x_wconf 74' lang='grc' dir='ltr'><strong>οὖν</strong></span> <span class='ocrx_word' id='word_1_315' title='bbox 2846 2277 2862 2335; x_wconf 85' lang='grc'>;</span> <span class='ocrx_word' id='word_1_316' title='bbox 2912 2261 3245 2342; x_wconf 80' lang='grc' dir='ltr'>οἰχησόμεθά</span> <span class='ocrx_word' id='word_1_317' title='bbox 3304 2283 3386 2318; x_wconf 88' lang='grc' dir='ltr'><strong>σοι</strong></span> <span class='ocrx_word' id='word_1_318' title='bbox 3445 2261 3638 2324; x_wconf 84' lang='grc' dir='ltr'>πάντες</span> <span class='ocrx_word' id='word_1_319' title='bbox 3687 2255 3770 2315; x_wconf 81' lang='grc' dir='ltr'><strong>διὰ</strong></span> 
     </span>
    </p>
   </div>
   <div class='ocr_carea' id='block_1_45' title="bbox 396 2339 2036 2427">
    <p class='ocr_par' dir='ltr' id='par_1_45' title="bbox 396 2339 2036 2427">
     <span class='ocr_line' id='line_1_45' title="bbox 396 2339 2036 2427; baseline 0.002 -22"><span class='ocrx_word' id='word_1_320' title='bbox 396 2351 485 2405; x_wconf 88' lang='lat' dir='ltr'><strong>tes</strong></span> <span class='ocrx_word' id='word_1_321' title='bbox 505 2351 565 2404; x_wconf 92' lang='lat' dir='ltr'><strong>et</strong></span> <span class='ocrx_word' id='word_1_322' title='bbox 589 2339 1208 2414; x_wconf 85' lang='lat' dir='ltr'><strong>audientes,sanctum</strong></span> <span class='ocrx_word' id='word_1_323' title='bbox 1241 2341 1891 2427; x_wconf 87' lang='lat' dir='ltr'><strong>circumsistentes,pro</strong></span> <span class='ocrx_word' id='word_1_324' title='bbox 1921 2365 2036 2409; x_wconf 90' lang='lat' dir='ltr'><strong>en-</strong></span> 
     </span>
    </p>
   </div>
   <div class='ocr_carea' id='block_1_46' title="bbox 392 2428 2031 2513">
    <p class='ocr_par' dir='ltr' id='par_1_46' title="bbox 392 2428 2031 2513">
     <span class='ocr_line' id='line_1_46' title="bbox 392 2428 2031 2513; baseline 0.002 -17"><span class='ocrx_word' id='word_1_325' title='bbox 392 2432 560 2496; x_wconf 85' lang='lat' dir='ltr'><strong>sibus</strong></span> <span class='ocrx_word' id='word_1_326' title='bbox 589 2449 726 2495; x_wconf 89' lang='lat' dir='ltr'><strong>eum</strong></span> <span class='ocrx_word' id='word_1_327' title='bbox 754 2429 950 2492; x_wconf 89' lang='lat' dir='ltr'><strong>verbis</strong></span> <span class='ocrx_word' id='word_1_328' title='bbox 973 2428 1296 2492; x_wconf 84' lang='lat' dir='ltr'><strong>feriebant:</strong></span> <span class='ocrx_word' id='word_1_329' title='bbox 1325 2431 1476 2504; x_wconf 88' lang='lat' dir='ltr'><strong>Quid</strong></span> <span class='ocrx_word' id='word_1_330' title='bbox 1504 2452 1645 2513; x_wconf 91' lang='lat' dir='ltr'><strong>ergo</strong></span> <span class='ocrx_word' id='word_1_331' title='bbox 1682 2436 1706 2497; x_wconf 71' lang='grc' dir='ltr'><em>ἲ</em></span> <span class='ocrx_word' id='word_1_332' title='bbox 1739 2437 2031 2512; x_wconf 87' lang='lat' dir='ltr'><strong>dicentes,</strong></span> 
     </span>
    </p>
   </div>
   <div class='ocr_carea' id='block_1_47' title="bbox 393 2521 2035 2606">
    <p class='ocr_par' dir='ltr' id='par_1_47' title="bbox 393 2521 2035 2606">
     <span class='ocr_line' id='line_1_47' title="bbox 393 2521 2035 2606; baseline 0.003 -22"><span class='ocrx_word' id='word_1_333' title='bbox 393 2521 500 2584; x_wconf 88' lang='lat' dir='ltr'><strong>tibi</strong></span> <span class='ocrx_word' id='word_1_334' title='bbox 527 2537 738 2584; x_wconf 88' lang='lat' dir='ltr'><strong>omnes</strong></span> <span class='ocrx_word' id='word_1_335' title='bbox 760 2527 1004 2601; x_wconf 79' lang='lat' dir='ltr'><strong>propter</strong></span> <span class='ocrx_word' id='word_1_336' title='bbox 1030 2537 1213 2580; x_wconf 91' lang='lat' dir='ltr'><strong>unum</strong></span> <span class='ocrx_word' id='word_1_337' title='bbox 1241 2521 1602 2601; x_wconf 86' lang='lat' dir='ltr'><strong>peribimus?</strong></span> <span class='ocrx_word' id='word_1_338' title='bbox 1624 2524 1806 2606; x_wconf 89' lang='lat' dir='ltr'><strong>quue</strong></span> <span class='ocrx_word' id='word_1_339' title='bbox 1841 2535 2035 2589; x_wconf 90' lang='lat' dir='ltr'><strong>morte</strong></span> 
     </span>
    </p>
   </div>
   <div class='ocr_carea' id='block_1_48' title="bbox 397 2610 2032 2696">
    <p class='ocr_par' dir='ltr' id='par_1_48' title="bbox 397 2610 2032 2696">
     <span class='ocr_line' id='line_1_48' title="bbox 397 2610 2032 2696; baseline 0.002 -21"><span class='ocrx_word' id='word_1_340' title='bbox 397 2613 657 2676; x_wconf 84' lang='lat' dir='ltr'><strong>violenta</strong></span> <span class='ocrx_word' id='word_1_341' title='bbox 680 2619 740 2672; x_wconf 92' lang='lat' dir='ltr'><strong>et</strong></span> <span class='ocrx_word' id='word_1_342' title='bbox 767 2610 1012 2672; x_wconf 87' lang='lat' dir='ltr'><strong>acerba?</strong></span> <span class='ocrx_word' id='word_1_343' title='bbox 1036 2617 1094 2671; x_wconf 92' lang='lat' dir='ltr'><strong>et</strong></span> <span class='ocrx_word' id='word_1_344' title='bbox 1120 2611 1238 2672; x_wconf 90' lang='lat' dir='ltr'><strong>tuis</strong></span> <span class='ocrx_word' id='word_1_345' title='bbox 1261 2612 1394 2673; x_wconf 88' lang='lat' dir='ltr'><strong>tiliis</strong></span> <span class='ocrx_word' id='word_1_346' title='bbox 1421 2614 1536 2674; x_wconf 90' lang='lat' dir='ltr'><strong>erit</strong></span> <span class='ocrx_word' id='word_1_347' title='bbox 1569 2613 1674 2676; x_wconf 91' lang='lat' dir='ltr'><strong>tibi</strong></span> <span class='ocrx_word' id='word_1_348' title='bbox 1711 2615 2032 2696; x_wconf 71' lang='lat' dir='ltr'><strong>praeferen-</strong></span> 
     </span>
    </p>
   </div>
   <div class='ocr_carea' id='block_1_49' title="bbox 397 2699 2034 2788">
    <p class='ocr_par' dir='ltr' id='par_1_49' title="bbox 397 2699 2034 2788">
     <span class='ocr_line' id='line_1_49' title="bbox 397 2699 2034 2788; baseline 0 -21"><span class='ocrx_word' id='word_1_349' title='bbox 397 2705 511 2767; x_wconf 91' lang='lat' dir='ltr'><strong>dus</strong></span> <span class='ocrx_word' id='word_1_350' title='bbox 542 2709 821 2764; x_wconf 82' lang='lat' dir='ltr'><strong>externus</strong></span> <span class='ocrx_word' id='word_1_351' title='bbox 842 2699 873 2760; x_wconf 64' lang='grc' dir='ltr'>εν</span> <span class='ocrx_word' id='word_1_352' title='bbox 920 2708 979 2762; x_wconf 92' lang='lat' dir='ltr'><strong>et</strong></span> <span class='ocrx_word' id='word_1_353' title='bbox 1009 2699 1113 2761; x_wconf 86' lang='lat' dir='ltr'><strong>tibi</strong></span> <span class='ocrx_word' id='word_1_354' title='bbox 1145 2718 1179 2761; x_wconf 89' lang='lat' dir='ltr'><strong>a</strong></span> <span class='ocrx_word' id='word_1_355' title='bbox 1209 2701 1613 2766; x_wconf 88' lang='lat' dir='ltr'><strong>fundamentis</strong></span> <span class='ocrx_word' id='word_1_356' title='bbox 1643 2724 1778 2766; x_wconf 91' lang='lat' dir='ltr'><strong>cum</strong></span> <span class='ocrx_word' id='word_1_357' title='bbox 1813 2708 2034 2788; x_wconf 92' lang='lat' dir='ltr'><strong>templo</strong></span> 
     </span>
    </p>
   </div>
   <div class='ocr_carea' id='block_1_50' title="bbox 397 2789 2035 2878">
    <p class='ocr_par' dir='ltr' id='par_1_50' title="bbox 397 2789 2035 2878">
     <span class='ocr_line' id='line_1_50' title="bbox 397 2789 2035 2878; baseline 0.002 -23"><span class='ocrx_word' id='word_1_358' title='bbox 397 2792 616 2876; x_wconf 86' lang='lat' dir='ltr'><strong>peribit</strong></span> <span class='ocrx_word' id='word_1_359' title='bbox 643 2789 1104 2854; x_wconf 84' lang='lat' dir='ltr'><strong>monasterium?</strong></span> <span class='ocrx_word' id='word_1_360' title='bbox 1134 2793 1270 2857; x_wconf 87' lang='lat' dir='ltr'><strong>Non</strong></span> <span class='ocrx_word' id='word_1_361' title='bbox 1298 2791 1713 2871; x_wconf 84' lang='lat' dir='ltr'><strong>dimittes,non</strong></span> <span class='ocrx_word' id='word_1_362' title='bbox 1743 2795 1860 2858; x_wconf 88' lang='lat' dir='ltr'><strong>cito</strong></span> <span class='ocrx_word' id='word_1_363' title='bbox 1885 2814 2035 2878; x_wconf 67' lang='lat' dir='ltr'><strong>pras-</strong></span> 
     </span>
    </p>
   </div>
   <div class='ocr_carea' id='block_1_51' title="bbox 395 2880 2036 2967">
    <p class='ocr_par' dir='ltr' id='par_1_51' title="bbox 395 2880 2036 2967">
     <span class='ocr_line' id='line_1_51' title="bbox 395 2880 2036 2967; baseline 0.001 -19"><span class='ocrx_word' id='word_1_364' title='bbox 395 2884 568 2948; x_wconf 86' lang='lat' dir='ltr'><strong>bebis</strong></span> <span class='ocrx_word' id='word_1_365' title='bbox 597 2899 732 2944; x_wconf 90' lang='lat' dir='ltr'><strong>eum</strong></span> <span class='ocrx_word' id='word_1_366' title='bbox 766 2880 866 2962; x_wconf 90' lang='lat' dir='ltr'><strong>qui</strong></span> <span class='ocrx_word' id='word_1_367' title='bbox 927 2882 1220 2962; x_wconf 89' lang='lat' dir='ltr'><strong>queritur,</strong></span> <span class='ocrx_word' id='word_1_368' title='bbox 1257 2883 1356 2963; x_wconf 87' lang='lat' dir='ltr'><strong>qui</strong></span> <span class='ocrx_word' id='word_1_369' title='bbox 1408 2883 1581 2946; x_wconf 88' lang='lat' dir='ltr'><strong>malis</strong></span> <span class='ocrx_word' id='word_1_370' title='bbox 1617 2885 1732 2947; x_wconf 90' lang='lat' dir='ltr'><strong>huc</strong></span> <span class='ocrx_word' id='word_1_371' title='bbox 1764 2888 2036 2967; x_wconf 89' lang='lat' dir='ltr'><strong>pervenit</strong></span> 
     </span>
    </p>
   </div>
   <div class='ocr_carea' id='block_1_52' title="bbox 393 2971 2035 3058">
    <p class='ocr_par' dir='ltr' id='par_1_52' title="bbox 393 2971 2035 3058">
     <span class='ocr_line' id='line_1_52' title="bbox 393 2971 2035 3058; baseline 0.001 -20"><span class='ocrx_word' id='word_1_372' title='bbox 393 2973 649 3058; x_wconf 88' lang='lat' dir='ltr'><strong>pedibus</strong></span> <span class='ocrx_word' id='word_1_373' title='bbox 679 2971 710 3032; x_wconf 82' lang='lat'><strong>?</strong></span> <span class='ocrx_word' id='word_1_374' title='bbox 733 2972 879 3034; x_wconf 90' lang='lat' dir='ltr'><strong>Cum</strong></span> <span class='ocrx_word' id='word_1_375' title='bbox 904 2971 992 3033; x_wconf 88' lang='lat' dir='ltr'><strong>sic</strong></span> <span class='ocrx_word' id='word_1_376' title='bbox 1004 2989 1111 3052; x_wconf 87' lang='lat' dir='ltr'><strong>per</strong></span> <span class='ocrx_word' id='word_1_377' title='bbox 1138 2979 1318 3034; x_wconf 87' lang='lat' dir='ltr'><strong>totam</strong></span> <span class='ocrx_word' id='word_1_378' title='bbox 1340 2981 1574 3035; x_wconf 92' lang='lat' dir='ltr'><strong>noctem</strong></span> <span class='ocrx_word' id='word_1_379' title='bbox 1601 2993 1736 3037; x_wconf 91' lang='lat' dir='ltr'><strong>eum</strong></span> <span class='ocrx_word' id='word_1_380' title='bbox 1754 2985 1814 3039; x_wconf 91' lang='lat' dir='ltr'><strong>et</strong></span> <span class='ocrx_word' id='word_1_381' title='bbox 1836 2977 2035 3040; x_wconf 90' lang='lat' dir='ltr'><strong>hostes</strong></span> 
     </span>
    </p>
   </div>
   <div class='ocr_carea' id='block_1_53' title="bbox 387 3066 2033 3142">
    <p class='ocr_par' dir='ltr' id='par_1_53' title="bbox 387 3066 2033 3142">
     <span class='ocr_line' id='line_1_53' title="bbox 387 3066 2033 3142; baseline 0.001 -13"><span class='ocrx_word' id='word_1_382' title='bbox 387 3079 445 3130; x_wconf 91' lang='lat' dir='ltr'><strong>et</strong></span> <span class='ocrx_word' id='word_1_383' title='bbox 471 3069 641 3128; x_wconf 81' lang='lat' dir='ltr'><strong>amici</strong></span> <span class='ocrx_word' id='word_1_384' title='bbox 671 3066 836 3125; x_wconf 87' lang='lat' dir='ltr'><strong>etiam</strong></span> <span class='ocrx_word' id='word_1_385' title='bbox 865 3066 1072 3124; x_wconf 78' lang='lat' dir='ltr'><strong>acriter</strong></span> <span class='ocrx_word' id='word_1_386' title='bbox 1092 3067 1801 3142; x_wconf 83' lang='lat' dir='ltr'><strong>invaderent,tempusque</strong></span> <span class='ocrx_word' id='word_1_387' title='bbox 1820 3072 2033 3131; x_wconf 77' lang='lat' dir='ltr'><strong>frustra</strong></span> 
     </span>
    </p>
   </div>
   <div class='ocr_carea' id='block_1_54' title="bbox 2119 2349 3772 2431">
    <p class='ocr_par' dir='ltr' id='par_1_54' title="bbox 2119 2349 3772 2431">
     <span class='ocr_line' id='line_1_54' title="bbox 2119 2349 3772 2431; baseline -0.002 -21"><span class='ocrx_word' id='word_1_388' title='bbox 2119 2353 2208 2410; x_wconf 74' lang='grc' dir='ltr'>τὸν</span> <span class='ocrx_word' id='word_1_389' title='bbox 2240 2353 2352 2428; x_wconf 81' lang='grc' dir='ltr'>ἕνα,</span> <span class='ocrx_word' id='word_1_390' title='bbox 2384 2350 2652 2431; x_wconf 86' lang='grc' dir='ltr'>λέγοντες,</span> <span class='ocrx_word' id='word_1_391' title='bbox 2718 2353 2806 2408; x_wconf 86' lang='grc' dir='ltr'><strong>καὶ</strong></span> <span class='ocrx_word' id='word_1_392' title='bbox 2863 2358 3023 2409; x_wconf 87' lang='grc' dir='ltr'>τοῦτα</span> <span class='ocrx_word' id='word_1_393' title='bbox 3079 2352 3235 2429; x_wconf 81' lang='grc' dir='ltr'>βιαὶῳ</span> <span class='ocrx_word' id='word_1_394' title='bbox 3289 2351 3498 2423; x_wconf 79' lang='grc' dir='ltr'>θανσίτῳ</span> <span class='ocrx_word' id='word_1_395' title='bbox 3528 2349 3617 2407; x_wconf 84' lang='grc' dir='ltr'><strong>καὶ</strong></span> <span class='ocrx_word' id='word_1_396' title='bbox 3662 2371 3772 2428; x_wconf 83' lang='grc' dir='ltr'>χα-</span> 
     </span>
    </p>
   </div>
   <div class='ocr_carea' id='block_1_55' title="bbox 2118 2437 3773 2522">
    <p class='ocr_par' dir='ltr' id='par_1_55' title="bbox 2118 2437 3773 2522">
     <span class='ocr_line' id='line_1_55' title="bbox 2118 2437 3773 2522; baseline -0.004 -23"><span class='ocrx_word' id='word_1_397' title='bbox 2118 2443 2288 2522; x_wconf 85' lang='grc' dir='ltr'>λεπῷ,</span> <span class='ocrx_word' id='word_1_398' title='bbox 2351 2443 2437 2499; x_wconf 81' lang='grc' dir='ltr'><strong>καὶ</strong></span> <span class='ocrx_word' id='word_1_399' title='bbox 2492 2439 2851 2520; x_wconf 79' lang='grc' dir='ltr'>προτιμητέος</span> <span class='ocrx_word' id='word_1_400' title='bbox 2911 2439 3118 2517; x_wconf 83' lang='grc' dir='ltr'>μᾶλλον</span> <span class='ocrx_word' id='word_1_401' title='bbox 3179 2442 3205 2496; x_wconf 92' lang='lat'><strong>6</strong></span> <span class='ocrx_word' id='word_1_402' title='bbox 3266 2438 3408 2505; x_wconf 73' lang='grc' dir='ltr'>ξένος</span> <span class='ocrx_word' id='word_1_403' title='bbox 3471 2438 3617 2496; x_wconf 76' lang='grc' dir='ltr'>ἔσται</span> <span class='ocrx_word' id='word_1_404' title='bbox 3665 2437 3773 2495; x_wconf 80' lang='grc' dir='ltr'><strong>τῶν</strong></span> 
     </span>
    </p>
   </div>
   <div class='ocr_carea' id='block_1_56' title="bbox 2117 2527 3773 2610">
    <p class='ocr_par' dir='ltr' id='par_1_56' title="bbox 2117 2527 3773 2610">
     <span class='ocr_line' id='line_1_56' title="bbox 2117 2527 3773 2610; baseline -0.002 -22"><span class='ocrx_word' id='word_1_405' title='bbox 2117 2532 2314 2589; x_wconf 85' lang='grc' dir='ltr'>τέκνων</span> <span class='ocrx_word' id='word_1_406' title='bbox 2385 2537 2490 2588; x_wconf 91' lang='grc' dir='ltr'><strong>τῶν</strong></span> <span class='ocrx_word' id='word_1_407' title='bbox 2548 2538 2679 2610; x_wconf 85' lang='grc' dir='ltr'>σῶν,</span> <span class='ocrx_word' id='word_1_408' title='bbox 2739 2531 2826 2585; x_wconf 80' lang='grc' dir='ltr'><strong>καὶ</strong></span> <span class='ocrx_word' id='word_1_409' title='bbox 2857 2529 2916 2585; x_wconf 79' lang='grc' dir='ltr'>ὲκ</span> <span class='ocrx_word' id='word_1_410' title='bbox 2945 2531 3148 2608; x_wconf 73' lang='grc' dir='ltr'>βάθρων</span> <span class='ocrx_word' id='word_1_411' title='bbox 3179 2529 3462 2587; x_wconf 78' lang='grc' dir='ltr'>ἀπολεῖταί</span> <span class='ocrx_word' id='word_1_412' title='bbox 3509 2530 3600 2584; x_wconf 84' lang='grc' dir='ltr'><strong>σὺν</strong></span> <span class='ocrx_word' id='word_1_413' title='bbox 3630 2527 3773 2603; x_wconf 75' lang='grc' dir='ltr'>αὔτῷ</span> 
     </span>
    </p>
   </div>
   <div class='ocr_carea' id='block_1_57' title="bbox 2115 2617 3773 2700">
    <p class='ocr_par' dir='ltr' id='par_1_57' title="bbox 2115 2617 3773 2700">
     <span class='ocr_line' id='line_1_57' title="bbox 2115 2617 3773 2700; baseline -0.002 -24"><span class='ocrx_word' id='word_1_414' title='bbox 2115 2619 2180 2688; x_wconf 75' lang='grc' dir='ltr'><strong>δὴ</strong></span> <span class='ocrx_word' id='word_1_415' title='bbox 2211 2627 2287 2694; x_wconf 82' lang='grc' dir='ltr'>τῷ</span> <span class='ocrx_word' id='word_1_416' title='bbox 2315 2623 2438 2700; x_wconf 82' lang='grc' dir='ltr'>ἱερῷ</span> <span class='ocrx_word' id='word_1_417' title='bbox 2464 2621 2548 2676; x_wconf 87' lang='grc' dir='ltr'><strong>καὶ</strong></span> <span class='ocrx_word' id='word_1_418' title='bbox 2599 2622 2660 2675; x_wconf 85' lang='grc' dir='ltr'>τὸ</span> <span class='ocrx_word' id='word_1_419' title='bbox 2710 2620 3162 2699; x_wconf 65' lang='grc' dir='ltr'>φροντιστήριονς</span> <span class='ocrx_word' id='word_1_420' title='bbox 3222 2621 3294 2676; x_wconf 75' lang='grc' dir='ltr'>(ιό</span> <span class='ocrx_word' id='word_1_421' title='bbox 3350 2617 3591 2696; x_wconf 71' lang='grc' dir='ltr'>προάση,</span> <span class='ocrx_word' id='word_1_422' title='bbox 3640 2617 3773 2697; x_wconf 74' lang='grc' dir='ltr'>οὒχῖ</span> 
     </span>
    </p>
   </div>
   <div class='ocr_carea' id='block_1_58' title="bbox 2116 2707 3770 2789">
    <p class='ocr_par' dir='ltr' id='par_1_58' title="bbox 2116 2707 3770 2789">
     <span class='ocr_line' id='line_1_58' title="bbox 2116 2707 3770 2789; baseline -0.005 -21"><span class='ocrx_word' id='word_1_423' title='bbox 2116 2708 2357 2789; x_wconf 80' lang='grc' dir='ltr'>παρέξεις</span> <span class='ocrx_word' id='word_1_424' title='bbox 2429 2711 2666 2788; x_wconf 69' lang='grc' dir='ltr'>εὐχερῶς</span> <span class='ocrx_word' id='word_1_425' title='bbox 2750 2716 2838 2764; x_wconf 87' lang='grc' dir='ltr'>τὸν</span> <span class='ocrx_word' id='word_1_426' title='bbox 2913 2707 3354 2783; x_wconf 79' lang='grc' dir='ltr'>ἐπιζητούμενον,</span> <span class='ocrx_word' id='word_1_427' title='bbox 3416 2708 3506 2762; x_wconf 79' lang='grc' dir='ltr'>τὸν</span> <span class='ocrx_word' id='word_1_428' title='bbox 3579 2720 3770 2770; x_wconf 79' lang='grc' dir='ltr'>κακοῖς</span> 
     </span>
    </p>
   </div>
   <div class='ocr_carea' id='block_1_59' title="bbox 2117 2793 3773 2879">
    <p class='ocr_par' dir='ltr' id='par_1_59' title="bbox 2117 2793 3773 2879">
     <span class='ocr_line' id='line_1_59' title="bbox 2117 2793 3773 2879; baseline -0.004 -23"><span class='ocrx_word' id='word_1_429' title='bbox 2117 2800 2216 2879; x_wconf 82' lang='grc' dir='ltr'>ἄρα</span> <span class='ocrx_word' id='word_1_430' title='bbox 2273 2801 2396 2856; x_wconf 83' lang='grc' dir='ltr'>ποσὶ</span> <span class='ocrx_word' id='word_1_431' title='bbox 2456 2799 2516 2856; x_wconf 83' lang='grc' dir='ltr'>τὰ</span> <span class='ocrx_word' id='word_1_432' title='bbox 2571 2796 2672 2853; x_wconf 79' lang='grc' dir='ltr'><strong>ὦδε</strong></span> <span class='ocrx_word' id='word_1_433' title='bbox 2724 2793 3145 2870; x_wconf 71' lang='grc' dir='ltr'>καταλαϐόντας</span> <span class='ocrx_word' id='word_1_434' title='bbox 3222 2793 3372 2854; x_wconf 73' lang='grc' dir='ltr'>Οὕτω</span> <span class='ocrx_word' id='word_1_435' title='bbox 3446 2793 3532 2850; x_wconf 81' lang='grc' dir='ltr'>διὰ</span> <span class='ocrx_word' id='word_1_436' title='bbox 3595 2793 3773 2860; x_wconf 85' lang='grc' dir='ltr'>πάσης</span> 
     </span>
    </p>
   </div>
   <div class='ocr_carea' id='block_1_60' title="bbox 2117 2881 3771 2966">
    <p class='ocr_par' dir='ltr' id='par_1_60' title="bbox 2117 2881 3771 2966">
     <span class='ocr_line' id='line_1_60' title="bbox 2117 2881 3771 2966; baseline -0.004 -21"><span class='ocrx_word' id='word_1_437' title='bbox 2117 2891 2301 2952; x_wconf 73' lang='grc' dir='ltr'>νυκτὸς</span> <span class='ocrx_word' id='word_1_438' title='bbox 2333 2888 2436 2947; x_wconf 77' lang='grc' dir='ltr'><strong>τῶν</strong></span> <span class='ocrx_word' id='word_1_439' title='bbox 2466 2909 2522 2944; x_wconf 83' lang='grc' dir='ltr'><strong>τε</strong></span> <span class='ocrx_word' id='word_1_440' title='bbox 2567 2885 2837 2962; x_wconf 85' lang='grc' dir='ltr'>πολεμίων</span> <span class='ocrx_word' id='word_1_441' title='bbox 2885 2888 3030 2961; x_wconf 76' lang='grc' dir='ltr'>αύτῷ</span> <span class='ocrx_word' id='word_1_442' title='bbox 3078 2886 3167 2942; x_wconf 82' lang='grc' dir='ltr'><strong>καὶ</strong></span> <span class='ocrx_word' id='word_1_443' title='bbox 3216 2886 3322 2942; x_wconf 78' lang='grc' dir='ltr'><strong>τῶν</strong></span> <span class='ocrx_word' id='word_1_444' title='bbox 3370 2884 3534 2966; x_wconf 89' lang='grc' dir='ltr'>φίλων</span> <span class='ocrx_word' id='word_1_445' title='bbox 3589 2881 3771 2946; x_wconf 79' lang='grc' dir='ltr'>δεινῶς</span> 
     </span>
    </p>
   </div>
   <div class='ocr_carea' id='block_1_61' title="bbox 2117 2972 3771 3056">
    <p class='ocr_par' dir='ltr' id='par_1_61' title="bbox 2117 2972 3771 3056">
     <span class='ocr_line' id='line_1_61' title="bbox 2117 2972 3771 3056; baseline -0.005 -20"><span class='ocrx_word' id='word_1_446' title='bbox 2117 2979 2516 3056; x_wconf 62' lang='grc' dir='ltr'>ἐπιτιθεμένων,</span> <span class='ocrx_word' id='word_1_447' title='bbox 2580 2979 2652 3041; x_wconf 83' lang='grc' dir='ltr'>ὡς</span> <span class='ocrx_word' id='word_1_448' title='bbox 2712 2977 2887 3044; x_wconf 82' lang='grc' dir='ltr'>μάτην</span> <span class='ocrx_word' id='word_1_449' title='bbox 2953 2975 2980 3032; x_wconf 77' lang='grc' dir='ltr'>ὅ</span> <span class='ocrx_word' id='word_1_450' title='bbox 3035 2997 3092 3034; x_wconf 89' lang='grc' dir='ltr'><strong>τε</strong></span> <span class='ocrx_word' id='word_1_451' title='bbox 3125 2974 3320 3056; x_wconf 73' lang='grc' dir='ltr'>χρόνος</span> <span class='ocrx_word' id='word_1_452' title='bbox 3371 2972 3601 3053; x_wconf 81' lang='grc' dir='ltr'>ἐτρίϐετο</span> <span class='ocrx_word' id='word_1_453' title='bbox 3625 2974 3712 3030; x_wconf 82' lang='grc' dir='ltr'><strong>καὶ</strong></span> <span class='ocrx_word' id='word_1_454' title='bbox 3743 2974 3771 3028; x_wconf 92' lang='lat'><strong>6</strong></span> 
     </span>
    </p>
   </div>
   <div class='ocr_carea' id='block_1_62' title="bbox 2116 3063 3770 3145">
    <p class='ocr_par' dir='ltr' id='par_1_62' title="bbox 2116 3063 3770 3145">
     <span class='ocr_line' id='line_1_62' title="bbox 2116 3063 3770 3145; baseline -0.005 -19"><span class='ocrx_word' id='word_1_455' title='bbox 2116 3069 2297 3138; x_wconf 80' lang='grc' dir='ltr'>ἱκέτης</span> <span class='ocrx_word' id='word_1_456' title='bbox 2353 3070 2445 3126; x_wconf 70' lang='grc' dir='ltr'><strong>οὐκ</strong></span> <span class='ocrx_word' id='word_1_457' title='bbox 2502 3065 2774 3139; x_wconf 76' lang='grc' dir='ltr'>ἐξεδίδοτο,</span> <span class='ocrx_word' id='word_1_458' title='bbox 2835 3065 3070 3145; x_wconf 68' lang='grc' dir='ltr'>ἔγνωστο</span> <span class='ocrx_word' id='word_1_459' title='bbox 3130 3063 3184 3121; x_wconf 76' lang='grc' dir='ltr'><em>δὲ</em></span> <span class='ocrx_word' id='word_1_460' title='bbox 3232 3078 3352 3129; x_wconf 70' lang='grc' dir='ltr'>τοῖς</span> <span class='ocrx_word' id='word_1_461' title='bbox 3421 3063 3770 3144; x_wconf 82' lang='grc' dir='ltr'>στρατιώταις</span> 
     </span>
    </p>
   </div>
   <div class='ocr_carea' id='block_1_63' title="bbox 391 3151 2037 3238">
    <p class='ocr_par' dir='ltr' id='par_1_63' title="bbox 391 3151 2033 3232">
     <span class='ocr_line' id='line_1_63' title="bbox 391 3151 2033 3232; baseline 0.001 -14"><span class='ocrx_word' id='word_1_462' title='bbox 391 3157 929 3227; x_wconf 88' lang='lat' dir='ltr'><strong>conterreretur,et</strong></span> <span class='ocrx_word' id='word_1_463' title='bbox 953 3151 1204 3232; x_wconf 80' lang='lat' dir='ltr'><strong>supplex</strong></span> <span class='ocrx_word' id='word_1_464' title='bbox 1230 3171 1349 3213; x_wconf 85' lang='lat' dir='ltr'><strong>non</strong></span> <span class='ocrx_word' id='word_1_465' title='bbox 1373 3154 1911 3231; x_wconf 89' lang='lat' dir='ltr'><strong>traderetur,mane</strong></span> <span class='ocrx_word' id='word_1_466' title='bbox 1934 3176 2033 3220; x_wconf 88' lang='lat' dir='ltr'><strong>au-</strong></span> 
     </span>
    </p>
   </div>
   <div class='ocr_carea' id='block_1_64' title="bbox 2121 3151 3773 3238">
    <p class='ocr_par' dir='ltr' id='par_1_64' title="bbox 2121 3151 3773 3238">
     <span class='ocr_line' id='line_1_64' title="bbox 2121 3151 3773 3238; baseline -0.007 -20"><span class='ocrx_word' id='word_1_467' title='bbox 2121 3162 2237 3234; x_wconf 80' lang='grc' dir='ltr'>περὶ</span> <span class='ocrx_word' id='word_1_468' title='bbox 2266 3162 2356 3217; x_wconf 76' lang='grc' dir='ltr'>τὸν</span> <span class='ocrx_word' id='word_1_469' title='bbox 2391 3158 2570 3238; x_wconf 74' lang='grc' dir='ltr'>ὄρθρον</span> <span class='ocrx_word' id='word_1_470' title='bbox 2601 3171 2720 3220; x_wconf 76' lang='grc' dir='ltr'>τοῖς</span> <span class='ocrx_word' id='word_1_471' title='bbox 2764 3154 2951 3220; x_wconf 78' lang='grc' dir='ltr'>ὅπλοις</span> <span class='ocrx_word' id='word_1_472' title='bbox 3005 3157 3312 3236; x_wconf 79' lang='grc' dir='ltr'>χρήσασθαι</span> <span class='ocrx_word' id='word_1_473' title='bbox 3367 3157 3454 3210; x_wconf 85' lang='grc' dir='ltr'><strong>καὶ</strong></span> <span class='ocrx_word' id='word_1_474' title='bbox 3510 3151 3614 3221; x_wconf 73' lang='grc' dir='ltr'><strong>ἤδη</strong></span> <span class='ocrx_word' id='word_1_475' title='bbox 3667 3175 3773 3209; x_wconf 88' lang='grc' dir='ltr'>κα-</span> 
     </span>
    </p>
   </div>
   <div class='ocr_carea' id='block_1_65' title="bbox 392 3249 2037 3333">
    <p class='ocr_par' dir='ltr' id='par_1_65' title="bbox 392 3249 2037 3333">
     <span class='ocr_line' id='line_1_65' title="bbox 392 3249 2037 3333; baseline 0 -15"><span class='ocrx_word' id='word_1_476' title='bbox 392 3267 516 3318; x_wconf 89' lang='lat' dir='ltr'><strong>tem</strong></span> <span class='ocrx_word' id='word_1_477' title='bbox 551 3250 906 3314; x_wconf 88' lang='lat' dir='ltr'><strong>statuissent</strong></span> <span class='ocrx_word' id='word_1_478' title='bbox 961 3249 1178 3310; x_wconf 86' lang='lat' dir='ltr'><strong>milites</strong></span> <span class='ocrx_word' id='word_1_479' title='bbox 1211 3249 1295 3310; x_wconf 90' lang='lat' dir='ltr'><strong>uti</strong></span> <span class='ocrx_word' id='word_1_480' title='bbox 1331 3249 1566 3329; x_wconf 84' lang='lat' dir='ltr'><strong>gladiis,</strong></span> <span class='ocrx_word' id='word_1_481' title='bbox 1600 3261 1658 3314; x_wconf 91' lang='lat' dir='ltr'><strong>et</strong></span> <span class='ocrx_word' id='word_1_482' title='bbox 1675 3254 1801 3333; x_wconf 89' lang='lat' dir='ltr'><strong>jam</strong></span> <span class='ocrx_word' id='word_1_483' title='bbox 1832 3264 2037 3318; x_wconf 87' lang='lat' dir='ltr'><strong>essent</strong></span> 
     </span>
    </p>
   </div>
   <div class='ocr_carea' id='block_1_66' title="bbox 391 3339 2031 3423">
    <p class='ocr_par' dir='ltr' id='par_1_66' title="bbox 391 3339 2031 3423">
     <span class='ocr_line' id='line_1_66' title="bbox 391 3339 2031 3423; baseline 0.001 -16"><span class='ocrx_word' id='word_1_484' title='bbox 391 3339 756 3423; x_wconf 74' lang='lat' dir='ltr'><strong>aggressuri,</strong></span> <span class='ocrx_word' id='word_1_485' title='bbox 791 3347 938 3400; x_wconf 88' lang='lat' dir='ltr'><strong>tunc</strong></span> <span class='ocrx_word' id='word_1_486' title='bbox 966 3339 1186 3400; x_wconf 85' lang='lat' dir='ltr'><strong>Christi</strong></span> <span class='ocrx_word' id='word_1_487' title='bbox 1216 3339 1440 3402; x_wconf 88' lang='lat' dir='ltr'><strong>athleta</strong></span> <span class='ocrx_word' id='word_1_488' title='bbox 1481 3359 1647 3404; x_wconf 89' lang='lat' dir='ltr'><strong>suam</strong></span> <span class='ocrx_word' id='word_1_489' title='bbox 1681 3353 1887 3408; x_wconf 88' lang='lat' dir='ltr'><strong>contra</strong></span> <span class='ocrx_word' id='word_1_490' title='bbox 1919 3347 2031 3408; x_wconf 92' lang='lat' dir='ltr'><strong>ob-</strong></span> 
     </span>
    </p>
   </div>
   <div class='ocr_carea' id='block_1_67' title="bbox 381 3428 2034 3518">
    <p class='ocr_par' dir='ltr' id='par_1_67' title="bbox 381 3428 2034 3518">
     <span class='ocr_line' id='line_1_67' title="bbox 381 3428 2034 3518; baseline 0.002 -24"><span class='ocrx_word' id='word_1_491' title='bbox 381 3428 1000 3514; x_wconf 88' lang='lat' dir='ltr'><strong>jecitpotentiam.Eis</strong></span> <span class='ocrx_word' id='word_1_492' title='bbox 1022 3446 1160 3518; x_wconf 84' lang='lat' dir='ltr'><strong>vero</strong></span> <span class='ocrx_word' id='word_1_493' title='bbox 1179 3439 1396 3510; x_wconf 64' lang='lat' dir='ltr'><strong>praeter</strong></span> <span class='ocrx_word' id='word_1_494' title='bbox 1416 3431 1762 3510; x_wconf 90' lang='lat' dir='ltr'><strong>opinionem</strong></span> <span class='ocrx_word' id='word_1_495' title='bbox 1789 3444 2034 3518; x_wconf 88' lang='lat' dir='ltr'><strong>apparet</strong></span> 
     </span>
    </p>
   </div>
   <div class='ocr_carea' id='block_1_68' title="bbox 385 3516 2034 3608">
    <p class='ocr_par' dir='ltr' id='par_1_68' title="bbox 385 3516 2034 3608">
     <span class='ocr_line' id='line_1_68' title="bbox 385 3516 2034 3608; baseline 0.001 -22"><span class='ocrx_word' id='word_1_496' title='bbox 385 3519 750 3591; x_wconf 79' lang='lat' dir='ltr'><strong>adversaria,</strong></span> <span class='ocrx_word' id='word_1_497' title='bbox 783 3536 901 3580; x_wconf 91' lang='lat' dir='ltr'><strong>non</strong></span> <span class='ocrx_word' id='word_1_498' title='bbox 931 3516 1186 3597; x_wconf 84' lang='lat' dir='ltr'><strong>phalanx</strong></span> <span class='ocrx_word' id='word_1_499' title='bbox 1204 3518 1472 3603; x_wconf 86' lang='lat' dir='ltr'><strong>quidem,</strong></span> <span class='ocrx_word' id='word_1_500' title='bbox 1508 3522 1614 3583; x_wconf 88' lang='lat' dir='ltr'><strong>sed</strong></span> <span class='ocrx_word' id='word_1_501' title='bbox 1647 3522 1846 3587; x_wconf 91' lang='lat' dir='ltr'><strong>divina</strong></span> <span class='ocrx_word' id='word_1_502' title='bbox 1871 3516 2034 3608; x_wconf 68' lang='lat' dir='ltr'><strong>quaa-</strong></span> 
     </span>
    </p>
   </div>
   <div class='ocr_carea' id='block_1_69' title="bbox 388 3612 2031 3688">
    <p class='ocr_par' dir='ltr' id='par_1_69' title="bbox 388 3612 2031 3688">
     <span class='ocr_line' id='line_1_69' title="bbox 388 3612 2031 3688; baseline 0.002 -15"><span class='ocrx_word' id='word_1_503' title='bbox 388 3613 522 3672; x_wconf 85' lang='lat' dir='ltr'><strong>dam</strong></span> <span class='ocrx_word' id='word_1_504' title='bbox 544 3624 598 3672; x_wconf 86' lang='lat' dir='ltr'><strong>et</strong></span> <span class='ocrx_word' id='word_1_505' title='bbox 627 3613 874 3670; x_wconf 70' lang='lat' dir='ltr'><strong>cmlcstis</strong></span> <span class='ocrx_word' id='word_1_506' title='bbox 902 3617 1173 3682; x_wconf 87' lang='lat' dir='ltr'><strong>potentia,</strong></span> <span class='ocrx_word' id='word_1_507' title='bbox 1199 3613 1258 3668; x_wconf 89' lang='lat' dir='ltr'><strong>in</strong></span> <span class='ocrx_word' id='word_1_508' title='bbox 1287 3612 1486 3670; x_wconf 90' lang='lat' dir='ltr'><strong>orbem</strong></span> <span class='ocrx_word' id='word_1_509' title='bbox 1519 3616 1589 3672; x_wconf 90' lang='lat' dir='ltr'><strong>ab</strong></span> <span class='ocrx_word' id='word_1_510' title='bbox 1619 3614 1753 3688; x_wconf 86' lang='lat' dir='ltr'><strong>lgne</strong></span> <span class='ocrx_word' id='word_1_511' title='bbox 1785 3620 2031 3678; x_wconf 88' lang='lat' dir='ltr'><strong>circum-</strong></span> 
     </span>
    </p>
   </div>
   <div class='ocr_carea' id='block_1_70' title="bbox 387 3695 2034 3782">
    <p class='ocr_par' dir='ltr' id='par_1_70' title="bbox 387 3695 2034 3782">
     <span class='ocr_line' id='line_1_70' title="bbox 387 3695 2034 3782; baseline 0.002 -19"><span class='ocrx_word' id='word_1_512' title='bbox 387 3700 697 3782; x_wconf 85' lang='lat' dir='ltr'><strong>scripta,et</strong></span> <span class='ocrx_word' id='word_1_513' title='bbox 715 3715 882 3761; x_wconf 88' lang='lat' dir='ltr'><strong>arma</strong></span> <span class='ocrx_word' id='word_1_514' title='bbox 903 3695 1634 3782; x_wconf 78' lang='lat' dir='ltr'><strong>inexpugnabilia,nempe</strong></span> <span class='ocrx_word' id='word_1_515' title='bbox 1657 3703 1852 3766; x_wconf 89' lang='lat' dir='ltr'><strong>crucis</strong></span> <span class='ocrx_word' id='word_1_516' title='bbox 1871 3703 2034 3768; x_wconf 88' lang='lat' dir='ltr'><strong>Chri-</strong></span> 
     </span>
    </p>
   </div>
   <div class='ocr_carea' id='block_1_71' title="bbox 369 3787 2033 3875">
    <p class='ocr_par' dir='ltr' id='par_1_71' title="bbox 369 3787 2033 3875">
     <span class='ocr_line' id='line_1_71' title="bbox 369 3787 2033 3875; baseline 0.005 -25"><span class='ocrx_word' id='word_1_517' title='bbox 369 3794 459 3854; x_wconf 85' lang='lat' dir='ltr'><strong>sti</strong></span> <span class='ocrx_word' id='word_1_518' title='bbox 489 3789 808 3869; x_wconf 81' lang='lat' dir='ltr'><strong>imaginem</strong></span> <span class='ocrx_word' id='word_1_519' title='bbox 837 3787 900 3849; x_wconf 90' lang='lat' dir='ltr'><strong>in</strong></span> <span class='ocrx_word' id='word_1_520' title='bbox 932 3788 1129 3849; x_wconf 89' lang='lat' dir='ltr'><strong>medio</strong></span> <span class='ocrx_word' id='word_1_521' title='bbox 1161 3787 1459 3871; x_wconf 81' lang='lat' dir='ltr'><strong>referens,</strong></span> <span class='ocrx_word' id='word_1_522' title='bbox 1497 3789 1674 3872; x_wconf 87' lang='lat' dir='ltr'><strong>longe</strong></span> <span class='ocrx_word' id='word_1_523' title='bbox 1708 3795 1897 3875; x_wconf 84' lang='lat' dir='ltr'><strong>magis</strong></span> <span class='ocrx_word' id='word_1_524' title='bbox 1928 3815 2033 3860; x_wconf 88' lang='lat' dir='ltr'><strong>re-</strong></span> 
     </span>
    </p>
   </div>
   <div class='ocr_carea' id='block_1_72' title="bbox 385 3877 2030 3961">
    <p class='ocr_par' dir='ltr' id='par_1_72' title="bbox 385 3877 2030 3961">
     <span class='ocr_line' id='line_1_72' title="bbox 385 3877 2030 3961; baseline 0.005 -19"><span class='ocrx_word' id='word_1_525' title='bbox 385 3881 920 3961; x_wconf 86' lang='lat' dir='ltr'><strong>fulgentem,quam</strong></span> <span class='ocrx_word' id='word_1_526' title='bbox 951 3877 1127 3958; x_wconf 91' lang='lat' dir='ltr'><strong>ignis,</strong></span> <span class='ocrx_word' id='word_1_527' title='bbox 1151 3878 1254 3959; x_wconf 88' lang='lat' dir='ltr'><strong>qui</strong></span> <span class='ocrx_word' id='word_1_528' title='bbox 1286 3888 1414 3941; x_wconf 88' lang='lat' dir='ltr'><strong>erat</strong></span> <span class='ocrx_word' id='word_1_529' title='bbox 1443 3884 1857 3948; x_wconf 86' lang='lat' dir='ltr'><strong>circumcirca.</strong></span> <span class='ocrx_word' id='word_1_530' title='bbox 1889 3883 2030 3951; x_wconf 69' lang='lat' dir='ltr'><strong>Haec</strong></span> 
     </span>
    </p>
   </div>
   <div class='ocr_carea' id='block_1_73' title="bbox 2117 3240 3773 3328">
    <p class='ocr_par' dir='ltr' id='par_1_73' title="bbox 2117 3240 3773 3328">
     <span class='ocr_line' id='line_1_73' title="bbox 2117 3240 3773 3328; baseline -0.006 -20"><span class='ocrx_word' id='word_1_531' title='bbox 2117 3247 2538 3328; x_wconf 80' lang='grc' dir='ltr'>ταπροσϐάλλειν</span> <span class='ocrx_word' id='word_1_532' title='bbox 2611 3245 2857 3324; x_wconf 72' lang='grc' dir='ltr'>ἔμελλον.</span> <span class='ocrx_word' id='word_1_533' title='bbox 2933 3246 3062 3304; x_wconf 85' lang='grc' dir='ltr'>Τότε</span> <span class='ocrx_word' id='word_1_534' title='bbox 3121 3249 3209 3302; x_wconf 87' lang='grc' dir='ltr'><strong>καὶ</strong></span> <span class='ocrx_word' id='word_1_535' title='bbox 3267 3244 3296 3300; x_wconf 89' lang='lat'><strong>6</strong></span> <span class='ocrx_word' id='word_1_536' title='bbox 3366 3243 3607 3323; x_wconf 71' lang='grc' dir='ltr'>ἀριστεὺς</span> <span class='ocrx_word' id='word_1_537' title='bbox 3679 3240 3773 3299; x_wconf 79' lang='grc' dir='ltr'><strong>τοῦ</strong></span> 
     </span>
    </p>
   </div>
   <div class='ocr_carea' id='block_1_74' title="bbox 2120 3332 3774 3420">
    <p class='ocr_par' dir='ltr' id='par_1_74' title="bbox 2120 3332 3774 3420">
     <span class='ocr_line' id='line_1_74' title="bbox 2120 3332 3774 3420; baseline -0.006 -23"><span class='ocrx_word' id='word_1_538' title='bbox 2120 3345 2346 3420; x_wconf 81' lang='grc' dir='ltr'>Χριστοῦ</span> <span class='ocrx_word' id='word_1_539' title='bbox 2397 3337 2497 3406; x_wconf 70' lang='grc' dir='ltr'>τὴν</span> <span class='ocrx_word' id='word_1_540' title='bbox 2553 3338 2748 3394; x_wconf 82' lang='grc' dir='ltr'>οἰκείαν</span> <span class='ocrx_word' id='word_1_541' title='bbox 2801 3335 3160 3415; x_wconf 84' lang='grc' dir='ltr'>ἀντιπροσῆγε</span> <span class='ocrx_word' id='word_1_542' title='bbox 3211 3332 3452 3410; x_wconf 85' lang='grc' dir='ltr'>δύναμιν,</span> <span class='ocrx_word' id='word_1_543' title='bbox 3514 3333 3774 3390; x_wconf 82' lang='grc' dir='ltr'>Ἀντίπα-</span> 
     </span>
    </p>
   </div>
   <div class='ocr_carea' id='block_1_75' title="bbox 2115 3421 3771 3509">
    <p class='ocr_par' dir='ltr' id='par_1_75' title="bbox 2115 3421 3771 3509">
     <span class='ocr_line' id='line_1_75' title="bbox 2115 3421 3771 3509; baseline -0.006 -22"><span class='ocrx_word' id='word_1_544' title='bbox 2115 3429 2209 3495; x_wconf 89' lang='grc' dir='ltr'><strong>λος</strong></span> <span class='ocrx_word' id='word_1_545' title='bbox 2239 3430 2339 3509; x_wconf 81' lang='grc' dir='ltr'><strong>γὰρ</strong></span> <span class='ocrx_word' id='word_1_546' title='bbox 2369 3430 2514 3508; x_wconf 77' lang='grc' dir='ltr'>παρὰ</span> <span class='ocrx_word' id='word_1_547' title='bbox 2574 3425 2725 3492; x_wconf 83' lang='grc' dir='ltr'>δόξαν</span> <span class='ocrx_word' id='word_1_548' title='bbox 2789 3428 2972 3489; x_wconf 75' lang='grc' dir='ltr'>αὐτοῖς</span> <span class='ocrx_word' id='word_1_549' title='bbox 3032 3425 3362 3504; x_wconf 66' lang='grc' dir='ltr'>ἐπιφαίνεται</span> <span class='ocrx_word' id='word_1_550' title='bbox 3422 3421 3628 3504; x_wconf 78' lang='grc' dir='ltr'>φάλαγξ</span> <span class='ocrx_word' id='word_1_551' title='bbox 3677 3421 3771 3498; x_wconf 77' lang='grc' dir='ltr'>μὲν</span> 
     </span>
    </p>
   </div>
   <div class='ocr_carea' id='block_1_76' title="bbox 2115 3509 3773 3601">
    <p class='ocr_par' dir='ltr' id='par_1_76' title="bbox 2115 3509 3773 3601">
     <span class='ocr_line' id='line_1_76' title="bbox 2115 3509 3773 3601; baseline -0.007 -23"><span class='ocrx_word' id='word_1_552' title='bbox 2115 3520 2198 3601; x_wconf 69' lang='grc' dir='ltr'>οἰ),</span> <span class='ocrx_word' id='word_1_553' title='bbox 2258 3521 2369 3576; x_wconf 88' lang='grc' dir='ltr'>θεία</span> <span class='ocrx_word' id='word_1_554' title='bbox 2433 3516 2488 3575; x_wconf 86' lang='grc' dir='ltr'>δέ</span> <span class='ocrx_word' id='word_1_555' title='bbox 2559 3539 2637 3583; x_wconf 90' lang='grc' dir='ltr'><strong>τις</strong></span> <span class='ocrx_word' id='word_1_556' title='bbox 2708 3519 2793 3573; x_wconf 85' lang='grc' dir='ltr'><strong>καὶ</strong></span> <span class='ocrx_word' id='word_1_557' title='bbox 2864 3515 3075 3594; x_wconf 68' lang='grc' dir='ltr'>οὐρανία</span> <span class='ocrx_word' id='word_1_558' title='bbox 3142 3513 3362 3590; x_wconf 82' lang='grc' dir='ltr'>δύναμις</span> <span class='ocrx_word' id='word_1_559' title='bbox 3434 3515 3507 3578; x_wconf 84' lang='grc' dir='ltr'><strong>εἰς</strong></span> <span class='ocrx_word' id='word_1_560' title='bbox 3581 3509 3773 3568; x_wconf 85' lang='grc' dir='ltr'>κύκλον</span> 
     </span>
    </p>
   </div>
   <div class='ocr_carea' id='block_1_77' title="bbox 2117 3602 3773 3690">
    <p class='ocr_par' dir='ltr' id='par_1_77' title="bbox 2117 3602 3773 3690">
     <span class='ocr_line' id='line_1_77' title="bbox 2117 3602 3773 3690; baseline -0.007 -21"><span class='ocrx_word' id='word_1_561' title='bbox 2117 3622 2504 3690; x_wconf 78' lang='grc' dir='ltr'>περιγραφετσα</span> <span class='ocrx_word' id='word_1_562' title='bbox 2558 3608 2733 3688; x_wconf 80' lang='grc' dir='ltr'>πυρὼς</span> <span class='ocrx_word' id='word_1_563' title='bbox 2782 3607 2960 3663; x_wconf 83' lang='grc' dir='ltr'>καὶτό</span> <span class='ocrx_word' id='word_1_564' title='bbox 3021 3604 3269 3684; x_wconf 73' lang='grc' dir='ltr'>ἀμαρψον</span> <span class='ocrx_word' id='word_1_565' title='bbox 3327 3602 3493 3660; x_wconf 80' lang='grc' dir='ltr'>ὅπλον</span> <span class='ocrx_word' id='word_1_566' title='bbox 3545 3603 3637 3659; x_wconf 89' lang='grc' dir='ltr'>τόν</span> <span class='ocrx_word' id='word_1_567' title='bbox 3679 3607 3773 3658; x_wconf 89' lang='grc' dir='ltr'><strong>τοῦ</strong></span> 
     </span>
    </p>
   </div>
   <div class='ocr_carea' id='block_1_78' title="bbox 2117 3689 3774 3782">
    <p class='ocr_par' dir='ltr' id='par_1_78' title="bbox 2117 3689 3774 3782">
     <span class='ocr_line' id='line_1_78' title="bbox 2117 3689 3774 3782; baseline -0.008 -23"><span class='ocrx_word' id='word_1_568' title='bbox 2117 3689 2343 3782; x_wconf 81' lang='grc' dir='ltr'>Χριστοῦ</span> <span class='ocrx_word' id='word_1_569' title='bbox 2427 3699 2650 3780; x_wconf 80' lang='grc' dir='ltr'>σταυρόν</span> <span class='ocrx_word' id='word_1_570' title='bbox 2739 3697 2792 3753; x_wconf 81' lang='grc' dir='ltr'><strong>ἐν</strong></span> <span class='ocrx_word' id='word_1_571' title='bbox 2879 3697 3028 3773; x_wconf 85' lang='grc' dir='ltr'>μέσῳ</span> <span class='ocrx_word' id='word_1_572' title='bbox 3113 3695 3517 3765; x_wconf 70' lang='grc' dir='ltr'>ἀπεικονίζουσα</span> <span class='ocrx_word' id='word_1_573' title='bbox 3587 3689 3774 3782; x_wconf 83' lang='grc' dir='ltr'>πολλῷ</span> 
     </span>
    </p>
   </div>
   <div class='ocr_carea' id='block_1_79' title="bbox 2118 3781 3770 3870">
    <p class='ocr_par' dir='ltr' id='par_1_79' title="bbox 2118 3781 3770 3870">
     <span class='ocr_line' id='line_1_79' title="bbox 2118 3781 3770 3870; baseline -0.009 -19"><span class='ocrx_word' id='word_1_574' title='bbox 2118 3781 2322 3870; x_wconf 74' lang='grc' dir='ltr'>μᾶλλον</span> <span class='ocrx_word' id='word_1_575' title='bbox 2377 3789 2412 3858; x_wconf 72' lang='grc' dir='ltr'>ἧ</span> <span class='ocrx_word' id='word_1_576' title='bbox 2467 3791 2528 3846; x_wconf 71' lang='grc' dir='ltr'><strong>τό</strong></span> <span class='ocrx_word' id='word_1_577' title='bbox 2587 3794 2681 3846; x_wconf 90' lang='grc' dir='ltr'><strong>τοῦ</strong></span> <span class='ocrx_word' id='word_1_578' title='bbox 2714 3786 2911 3844; x_wconf 81' lang='grc' dir='ltr'>κύκλου</span> <span class='ocrx_word' id='word_1_579' title='bbox 2960 3792 3059 3865; x_wconf 84' lang='grc' dir='ltr'><strong>πῦρ</strong></span> <span class='ocrx_word' id='word_1_580' title='bbox 3120 3784 3588 3862; x_wconf 83' lang='grc' dir='ltr'>ἀπαστράπτοντα,</span> <span class='ocrx_word' id='word_1_581' title='bbox 3627 3781 3770 3848; x_wconf 74' lang='grc' dir='ltr'>Αὕτη</span> 
     </span>
    </p>
   </div>
   <div class='ocr_carea' id='block_1_80' title="bbox 2117 3872 3774 3962">
    <p class='ocr_par' dir='ltr' id='par_1_80' title="bbox 2117 3872 3774 3962">
     <span class='ocr_line' id='line_1_80' title="bbox 2117 3872 3774 3962; baseline -0.008 -21"><span class='ocrx_word' id='word_1_582' title='bbox 2117 3888 2394 3962; x_wconf 86' lang='grc' dir='ltr'>τοιγαροῦν</span> <span class='ocrx_word' id='word_1_583' title='bbox 2453 3882 2486 3948; x_wconf 78' lang='grc' dir='ltr'>ἡ</span> <span class='ocrx_word' id='word_1_584' title='bbox 2541 3876 2738 3960; x_wconf 76' lang='grc' dir='ltr'>φοϐερὰ</span> <span class='ocrx_word' id='word_1_585' title='bbox 2795 3874 3010 3952; x_wconf 87' lang='grc' dir='ltr'>δύναμις</span> <span class='ocrx_word' id='word_1_586' title='bbox 3066 3873 3118 3940; x_wconf 77' lang='grc' dir='ltr'><strong>ἐξ</strong></span> <span class='ocrx_word' id='word_1_587' title='bbox 3179 3873 3343 3942; x_wconf 77' lang='grc' dir='ltr'>αὒτῆς</span> <span class='ocrx_word' id='word_1_588' title='bbox 3401 3872 3468 3941; x_wconf 73' lang='grc' dir='ltr'><strong>δὴ</strong></span> <span class='ocrx_word' id='word_1_589' title='bbox 3527 3876 3627 3962; x_wconf 72' lang='grc' dir='ltr'>τῆς</span> <span class='ocrx_word' id='word_1_590' title='bbox 3680 3876 3774 3928; x_wconf 83' lang='grc' dir='ltr'><strong>τοῦ</strong></span> 
     </span>
    </p>
   </div>
   <div class='ocr_carea' id='block_1_81' title="bbox 385 3961 2037 4059">
    <p class='ocr_par' dir='ltr' id='par_1_81' title="bbox 385 3967 2027 4059">
     <span class='ocr_line' id='line_1_81' title="bbox 385 3967 2027 4059; baseline 0.004 -26"><span class='ocrx_word' id='word_1_591' title='bbox 385 3989 526 4049; x_wconf 86' lang='lat' dir='ltr'><strong>ergo</strong></span> <span class='ocrx_word' id='word_1_592' title='bbox 552 3969 840 4033; x_wconf 86' lang='lat' dir='ltr'><strong>terribilis</strong></span> <span class='ocrx_word' id='word_1_593' title='bbox 870 3967 1157 4059; x_wconf 88' lang='lat' dir='ltr'><strong>potentia,</strong></span> <span class='ocrx_word' id='word_1_594' title='bbox 1192 3986 1323 4048; x_wconf 66' lang='lat' dir='ltr'><strong>quae</strong></span> <span class='ocrx_word' id='word_1_595' title='bbox 1353 3981 1715 4051; x_wconf 88' lang='lat' dir='ltr'><strong>apparuerat</strong></span> <span class='ocrx_word' id='word_1_596' title='bbox 1769 3993 1841 4037; x_wconf 85' lang='lat' dir='ltr'><strong>ex</strong></span> <span class='ocrx_word' id='word_1_597' title='bbox 1895 3977 2027 4059; x_wconf 91' lang='lat' dir='ltr'><strong>ipso</strong></span> 
     </span>
    </p>
   </div>
   <div class='ocr_carea' id='block_1_82' title="bbox 2121 3961 3774 4059">
    <p class='ocr_par' dir='ltr' id='par_1_82' title="bbox 2121 3961 3774 4055">
     <span class='ocr_line' id='line_1_82' title="bbox 2121 3961 3774 4055; baseline -0.009 -24"><span class='ocrx_word' id='word_1_598' title='bbox 2121 3972 2511 4055; x_wconf 77' lang='grc' dir='ltr'>φροντιστηρίου</span> <span class='ocrx_word' id='word_1_599' title='bbox 2584 3969 2748 4046; x_wconf 78' lang='grc' dir='ltr'>ἄκρας</span> <span class='ocrx_word' id='word_1_600' title='bbox 2831 3965 3174 4045; x_wconf 77' lang='grc' dir='ltr'>ἐπιφανεῖσα,</span> <span class='ocrx_word' id='word_1_601' title='bbox 3247 3963 3392 4021; x_wconf 80' lang='grc' dir='ltr'>δεινὰ</span> <span class='ocrx_word' id='word_1_602' title='bbox 3461 3961 3598 4020; x_wconf 71' lang='grc' dir='ltr'>κατα</span> <span class='ocrx_word' id='word_1_603' title='bbox 3667 3966 3774 4018; x_wconf 87' lang='grc' dir='ltr'><strong>τῶν</strong></span> 
     </span>
    </p>
   </div>
   <div class='ocr_carea' id='block_1_83' title="bbox 384 4052 2037 4142">
    <p class='ocr_par' dir='ltr' id='par_1_83' title="bbox 384 4052 2030 4140">
     <span class='ocr_line' id='line_1_83' title="bbox 384 4052 2030 4140; baseline 0.005 -18"><span class='ocrx_word' id='word_1_604' title='bbox 384 4061 612 4140; x_wconf 86' lang='lat' dir='ltr'><strong>fastigio</strong></span> <span class='ocrx_word' id='word_1_605' title='bbox 635 4058 1002 4140; x_wconf 85' lang='lat' dir='ltr'><strong>monasterii,</strong></span> <span class='ocrx_word' id='word_1_606' title='bbox 1037 4059 1348 4121; x_wconf 85' lang='lat' dir='ltr'><strong>emittebat</strong></span> <span class='ocrx_word' id='word_1_607' title='bbox 1370 4061 1568 4138; x_wconf 82' lang='lat' dir='ltr'><strong>gravia</strong></span> <span class='ocrx_word' id='word_1_608' title='bbox 1601 4063 1716 4125; x_wconf 88' lang='lat' dir='ltr'><strong>tela</strong></span> <span class='ocrx_word' id='word_1_609' title='bbox 1745 4052 2030 4131; x_wconf 73' lang='lat' dir='ltr'><strong>adversus</strong></span> 
     </span>
    </p>
   </div>
   <div class='ocr_carea' id='block_1_84' title="bbox 2121 4052 3773 4142">
    <p class='ocr_par' dir='ltr' id='par_1_84' title="bbox 2121 4052 3773 4142">
     <span class='ocr_line' id='line_1_84' title="bbox 2121 4052 3773 4142; baseline -0.009 -21"><span class='ocrx_word' id='word_1_610' title='bbox 2121 4052 2346 4122; x_wconf 57' lang='grc' dir='ltr'>ἇπλιτῶν</span> <span class='ocrx_word' id='word_1_611' title='bbox 2405 4062 2548 4142; x_wconf 81' lang='grc' dir='ltr'>ἠφίει</span> <span class='ocrx_word' id='word_1_612' title='bbox 2604 4060 2667 4116; x_wconf 68' lang='grc' dir='ltr'>τὰ</span> <span class='ocrx_word' id='word_1_613' title='bbox 2720 4057 2876 4134; x_wconf 80' lang='grc' dir='ltr'>βέλη,</span> <span class='ocrx_word' id='word_1_614' title='bbox 2937 4054 2970 4110; x_wconf 75' lang='grc' dir='ltr'>ἂ</span> <span class='ocrx_word' id='word_1_615' title='bbox 3018 4053 3082 4123; x_wconf 80' lang='grc' dir='ltr'><strong>δὴ</strong></span> <span class='ocrx_word' id='word_1_616' title='bbox 3130 4055 3214 4112; x_wconf 72' lang='grc' dir='ltr'><strong>καὶ</strong></span> <span class='ocrx_word' id='word_1_617' title='bbox 3266 4054 3403 4123; x_wconf 76' lang='grc' dir='ltr'>ἦσαν</span> <span class='ocrx_word' id='word_1_618' title='bbox 3433 4052 3773 4109; x_wconf 82' lang='grc' dir='ltr'>ἀνυπόστατα</span> 
     </span>
    </p>
   </div>
   <div class='ocr_carea' id='block_1_85' title="bbox 385 4142 2037 4234">
    <p class='ocr_par' dir='ltr' id='par_1_85' title="bbox 385 4149 2030 4231">
     <span class='ocr_line' id='line_1_85' title="bbox 385 4149 2030 4231; baseline 0.005 -20"><span class='ocrx_word' id='word_1_619' title='bbox 385 4149 605 4213; x_wconf 87' lang='lat' dir='ltr'><strong>milites</strong></span> <span class='ocrx_word' id='word_1_620' title='bbox 641 4167 654 4209; x_wconf 94' lang='lat'>:</span> <span class='ocrx_word' id='word_1_621' title='bbox 687 4165 819 4230; x_wconf 57' lang='lat' dir='ltr'><strong>quas</strong></span> <span class='ocrx_word' id='word_1_622' title='bbox 865 4149 1107 4230; x_wconf 91' lang='lat' dir='ltr'><strong>quidem</strong></span> <span class='ocrx_word' id='word_1_623' title='bbox 1127 4158 1296 4211; x_wconf 87' lang='lat' dir='ltr'><strong>erant</strong></span> <span class='ocrx_word' id='word_1_624' title='bbox 1319 4149 1470 4228; x_wconf 83' lang='lat' dir='ltr'><strong>ignis</strong></span> <span class='ocrx_word' id='word_1_625' title='bbox 1488 4150 1718 4231; x_wconf 81' lang='lat' dir='ltr'><strong>fulgura</strong></span> <span class='ocrx_word' id='word_1_626' title='bbox 1747 4155 2030 4220; x_wconf 81' lang='lat' dir='ltr'><strong>intolera-</strong></span> 
     </span>
    </p>
   </div>
   <div class='ocr_carea' id='block_1_86' title="bbox 2121 4142 3768 4234">
    <p class='ocr_par' dir='ltr' id='par_1_86' title="bbox 2121 4142 3768 4234">
     <span class='ocr_line' id='line_1_86' title="bbox 2121 4142 3768 4234; baseline -0.009 -23"><span class='ocrx_word' id='word_1_627' title='bbox 2121 4157 2205 4212; x_wconf 75' lang='grc' dir='ltr'><strong>τοῦ</strong></span> <span class='ocrx_word' id='word_1_628' title='bbox 2236 4155 2396 4234; x_wconf 79' lang='grc' dir='ltr'>πυρὸς</span> <span class='ocrx_word' id='word_1_629' title='bbox 2450 4151 2737 4227; x_wconf 78' lang='grc' dir='ltr'>ἀστραπαὶ,</span> <span class='ocrx_word' id='word_1_630' title='bbox 2798 4149 2888 4210; x_wconf 86' lang='grc' dir='ltr'>αἷς</span> <span class='ocrx_word' id='word_1_631' title='bbox 2945 4145 3024 4222; x_wconf 84' lang='grc' dir='ltr'>μὴ</span> <span class='ocrx_word' id='word_1_632' title='bbox 3083 4142 3165 4201; x_wconf 80' lang='grc' dir='ltr'>ὅτι</span> <span class='ocrx_word' id='word_1_633' title='bbox 3230 4167 3285 4224; x_wconf 82' lang='grc' dir='ltr'><strong>γε</strong></span> <span class='ocrx_word' id='word_1_634' title='bbox 3343 4143 3768 4234; x_wconf 76' lang='grc' dir='ltr'>ἀντιτάττεσθαι,</span> 
     </span>
    </p>
   </div>
   <div class='ocr_carea' id='block_1_87' title="bbox 383 4230 2037 4320">
    <p class='ocr_par' dir='ltr' id='par_1_87' title="bbox 383 4230 2032 4318">
     <span class='ocr_line' id='line_1_87' title="bbox 383 4230 2032 4318; baseline 0.006 -18"><span class='ocrx_word' id='word_1_635' title='bbox 383 4237 545 4301; x_wconf 91' lang='lat' dir='ltr'><strong>bilia.</strong></span> <span class='ocrx_word' id='word_1_636' title='bbox 578 4238 804 4311; x_wconf 80' lang='lat' dir='ltr'><strong>Quibus</strong></span> <span class='ocrx_word' id='word_1_637' title='bbox 834 4256 970 4301; x_wconf 86' lang='lat' dir='ltr'><strong>cum</strong></span> <span class='ocrx_word' id='word_1_638' title='bbox 1005 4257 1124 4300; x_wconf 91' lang='lat' dir='ltr'><strong>non</strong></span> <span class='ocrx_word' id='word_1_639' title='bbox 1149 4238 1343 4301; x_wconf 86' lang='lat' dir='ltr'><strong>solum</strong></span> <span class='ocrx_word' id='word_1_640' title='bbox 1379 4230 1684 4318; x_wconf 80' lang='lat' dir='ltr'><strong>resistere,</strong></span> <span class='ocrx_word' id='word_1_641' title='bbox 1717 4244 1822 4306; x_wconf 90' lang='lat' dir='ltr'><strong>sed</strong></span> <span class='ocrx_word' id='word_1_642' title='bbox 1855 4264 1932 4307; x_wconf 91' lang='lat' dir='ltr'><strong>ne</strong></span> <span class='ocrx_word' id='word_1_643' title='bbox 1962 4265 2032 4310; x_wconf 87' lang='lat' dir='ltr'><strong>ea</strong></span> 
     </span>
    </p>
   </div>
   <div class='ocr_carea' id='block_1_88' title="bbox 2121 4230 3772 4320">
    <p class='ocr_par' dir='ltr' id='par_1_88' title="bbox 2121 4230 3772 4320">
     <span class='ocr_line' id='line_1_88' title="bbox 2121 4230 3772 4320; baseline -0.008 -19"><span class='ocrx_word' id='word_1_644' title='bbox 2121 4243 2250 4301; x_wconf 70' lang='lat' dir='ltr'><strong>ma</strong></span> <span class='ocrx_word' id='word_1_645' title='bbox 2281 4230 2419 4320; x_wconf 80' lang='grc' dir='ltr'>μηδὲ</span> <span class='ocrx_word' id='word_1_646' title='bbox 2452 4237 2785 4297; x_wconf 80' lang='grc' dir='ltr'>ἀντιϐλέπειν</span> <span class='ocrx_word' id='word_1_647' title='bbox 2818 4234 3044 4314; x_wconf 72' lang='grc' dir='ltr'>ἔχοντας</span> <span class='ocrx_word' id='word_1_648' title='bbox 3105 4237 3177 4301; x_wconf 88' lang='grc' dir='ltr'><strong>εἰς</strong></span> <span class='ocrx_word' id='word_1_649' title='bbox 3231 4235 3329 4304; x_wconf 77' lang='grc' dir='ltr'>τὴν</span> <span class='ocrx_word' id='word_1_650' title='bbox 3390 4235 3493 4314; x_wconf 73' lang='grc' dir='ltr'>γῆν</span> <span class='ocrx_word' id='word_1_651' title='bbox 3533 4233 3598 4290; x_wconf 84' lang='grc' dir='ltr'><strong>τὰ</strong></span> <span class='ocrx_word' id='word_1_652' title='bbox 3651 4230 3772 4312; x_wconf 78' lang='grc' dir='ltr'>ξίφη</span> 
     </span>
    </p>
   </div>
   <div class='ocr_carea' id='block_1_89' title="bbox 387 4321 2037 4412">
    <p class='ocr_par' dir='ltr' id='par_1_89' title="bbox 387 4327 2027 4410">
     <span class='ocr_line' id='line_1_89' title="bbox 387 4327 2027 4410; baseline 0.005 -20"><span class='ocrx_word' id='word_1_653' title='bbox 387 4328 633 4410; x_wconf 87' lang='lat' dir='ltr'><strong>quidem</strong></span> <span class='ocrx_word' id='word_1_654' title='bbox 663 4337 873 4391; x_wconf 80' lang='lat' dir='ltr'><strong>contra</strong></span> <span class='ocrx_word' id='word_1_655' title='bbox 899 4327 1122 4390; x_wconf 86' lang='lat' dir='ltr'><strong>intueri</strong></span> <span class='ocrx_word' id='word_1_656' title='bbox 1155 4335 1424 4408; x_wconf 89' lang='lat' dir='ltr'><strong>possent,</strong></span> <span class='ocrx_word' id='word_1_657' title='bbox 1452 4329 1682 4407; x_wconf 84' lang='lat' dir='ltr'><strong>gladios</strong></span> <span class='ocrx_word' id='word_1_658' title='bbox 1711 4331 1775 4393; x_wconf 92' lang='lat' dir='ltr'><strong>in</strong></span> <span class='ocrx_word' id='word_1_659' title='bbox 1808 4341 2027 4398; x_wconf 86' lang='lat' dir='ltr'><strong>terram</strong></span> 
     </span>
    </p>
   </div>
   <div class='ocr_carea' id='block_1_90' title="bbox 2121 4321 3772 4412">
    <p class='ocr_par' dir='ltr' id='par_1_90' title="bbox 2121 4321 3772 4412">
     <span class='ocr_line' id='line_1_90' title="bbox 2121 4321 3772 4412; baseline -0.007 -22"><span class='ocrx_word' id='word_1_660' title='bbox 2121 4332 2382 4412; x_wconf 76' lang='grc' dir='ltr'>ἑῤῥίπτουν</span> <span class='ocrx_word' id='word_1_661' title='bbox 2445 4331 2530 4388; x_wconf 78' lang='grc' dir='ltr'><strong>καὶ</strong></span> <span class='ocrx_word' id='word_1_662' title='bbox 2590 4325 2744 4385; x_wconf 76' lang='grc' dir='ltr'><strong>αὐτοί</strong></span> <span class='ocrx_word' id='word_1_663' title='bbox 2802 4324 3129 4383; x_wconf 88' lang='grc' dir='ltr'>κατέπιπτον</span> <span class='ocrx_word' id='word_1_664' title='bbox 3180 4327 3269 4382; x_wconf 85' lang='grc' dir='ltr'><strong>καὶ</strong></span> <span class='ocrx_word' id='word_1_665' title='bbox 3324 4325 3503 4404; x_wconf 82' lang='grc' dir='ltr'>φωνὰς</span> <span class='ocrx_word' id='word_1_666' title='bbox 3551 4324 3680 4402; x_wconf 88' lang='grc' dir='ltr'>πρός</span> <span class='ocrx_word' id='word_1_667' title='bbox 3712 4321 3772 4378; x_wconf 88' lang='grc' dir='ltr'>τό</span> 
     </span>
    </p>
   </div>
   <div class='ocr_carea' id='block_1_91' title="bbox 385 4412 2037 4500">
    <p class='ocr_par' dir='ltr' id='par_1_91' title="bbox 385 4416 2027 4500">
     <span class='ocr_line' id='line_1_91' title="bbox 385 4416 2027 4500; baseline 0.004 -20"><span class='ocrx_word' id='word_1_668' title='bbox 385 4418 859 4500; x_wconf 87' lang='lat' dir='ltr'><strong>projecerunt,et</strong></span> <span class='ocrx_word' id='word_1_669' title='bbox 881 4416 999 4498; x_wconf 90' lang='lat' dir='ltr'><strong>ipsi</strong></span> <span class='ocrx_word' id='word_1_670' title='bbox 1031 4417 1402 4494; x_wconf 90' lang='lat' dir='ltr'><strong>ceciderunt,</strong></span> <span class='ocrx_word' id='word_1_671' title='bbox 1437 4427 1494 4480; x_wconf 92' lang='lat' dir='ltr'><strong>et</strong></span> <span class='ocrx_word' id='word_1_672' title='bbox 1529 4437 1702 4482; x_wconf 89' lang='lat' dir='ltr'><strong>voces</strong></span> <span class='ocrx_word' id='word_1_673' title='bbox 1731 4422 1804 4484; x_wconf 84' lang='lat' dir='ltr'><strong>ad</strong></span> <span class='ocrx_word' id='word_1_674' title='bbox 1839 4425 2027 4486; x_wconf 89' lang='lat' dir='ltr'><strong>Deum</strong></span> 
     </span>
    </p>
   </div>
   <div class='ocr_carea' id='block_1_92' title="bbox 2121 4412 3775 4500">
    <p class='ocr_par' dir='ltr' id='par_1_92' title="bbox 2121 4412 3775 4500">
     <span class='ocr_line' id='line_1_92' title="bbox 2121 4412 3775 4500; baseline -0.008 -20"><span class='ocrx_word' id='word_1_675' title='bbox 2121 4431 2272 4480; x_wconf 81' lang='grc' dir='ltr'>Θεϊον</span> <span class='ocrx_word' id='word_1_676' title='bbox 2326 4420 2688 4500; x_wconf 79' lang='grc' dir='ltr'>ἰλαστηρίους,</span> <span class='ocrx_word' id='word_1_677' title='bbox 2739 4419 2812 4480; x_wconf 81' lang='grc' dir='ltr'>ὡς</span> <span class='ocrx_word' id='word_1_678' title='bbox 2870 4413 3091 4480; x_wconf 78' lang='grc' dir='ltr'>ἕκαστος</span> <span class='ocrx_word' id='word_1_679' title='bbox 3150 4416 3332 4497; x_wconf 68' lang='grc' dir='ltr'>εἶχεν,</span> <span class='ocrx_word' id='word_1_680' title='bbox 3393 4413 3638 4495; x_wconf 78' lang='grc' dir='ltr'>ἠφίεσαν,</span> <span class='ocrx_word' id='word_1_681' title='bbox 3697 4412 3775 4484; x_wconf 71' lang='grc' dir='ltr'><strong>ὧν</strong></span> 
     </span>
    </p>
   </div>
   <div class='ocr_carea' id='block_1_93' title="bbox 385 4494 2037 4595">
    <p class='ocr_par' dir='ltr' id='par_1_93' title="bbox 385 4494 2027 4595">
     <span class='ocr_line' id='line_1_93' title="bbox 385 4494 2027 4595; baseline 0.003 -27"><span class='ocrx_word' id='word_1_682' title='bbox 385 4494 742 4589; x_wconf 76' lang='lat' dir='ltr'><strong>placandum</strong></span> <span class='ocrx_word' id='word_1_683' title='bbox 766 4494 1453 4588; x_wconf 71' lang='lat' dir='ltr'><strong>accoinmodatas,prout</strong></span> <span class='ocrx_word' id='word_1_684' title='bbox 1476 4510 1886 4592; x_wconf 90' lang='lat' dir='ltr'><strong>unusquisque</strong></span> <span class='ocrx_word' id='word_1_685' title='bbox 1918 4533 2027 4595; x_wconf 84' lang='lat' dir='ltr'><strong>po-</strong></span> 
     </span>
    </p>
   </div>
   <div class='ocr_carea' id='block_1_94' title="bbox 2121 4494 3773 4595">
    <p class='ocr_par' dir='ltr' id='par_1_94' title="bbox 2121 4494 3773 4585">
     <span class='ocr_line' id='line_1_94' title="bbox 2121 4494 3773 4585; baseline -0.009 -13"><span class='ocrx_word' id='word_1_686' title='bbox 2121 4516 2201 4575; x_wconf 76' lang='grc' dir='ltr'><strong>καὶ</strong></span> <span class='ocrx_word' id='word_1_687' title='bbox 2263 4514 2310 4570; x_wconf 81' lang='grc' dir='ltr'>οἱ</span> <span class='ocrx_word' id='word_1_688' title='bbox 2368 4494 2534 4568; x_wconf 35' lang='grc' dir='ltr'>ἔνδον·</span> <span class='ocrx_word' id='word_1_689' title='bbox 2570 4507 2870 4583; x_wconf 83' lang='grc' dir='ltr'>αἰσθόμενοι</span> <span class='ocrx_word' id='word_1_690' title='bbox 2929 4494 3252 4585; x_wconf 43' lang='grc' dir='ltr'>ὶξήρχοντό-</span> <span class='ocrx_word' id='word_1_691' title='bbox 3287 4525 3344 4561; x_wconf 88' lang='grc' dir='ltr'><strong>τε</strong></span> <span class='ocrx_word' id='word_1_692' title='bbox 3398 4504 3484 4562; x_wconf 85' lang='grc' dir='ltr'><strong>καὶ</strong></span> <span class='ocrx_word' id='word_1_693' title='bbox 3513 4503 3773 4581; x_wconf 78' lang='grc' dir='ltr'>μάρτυρες</span> 
     </span>
    </p>
   </div>
   <div class='ocr_carea' id='block_1_95' title="bbox 388 4592 2037 4684">
    <p class='ocr_par' dir='ltr' id='par_1_95' title="bbox 388 4592 2033 4684">
     <span class='ocr_line' id='line_1_95' title="bbox 388 4592 2033 4684; baseline 0.004 -26"><span class='ocrx_word' id='word_1_694' title='bbox 388 4594 1111 4674; x_wconf 86' lang='lat' dir='ltr'><strong>terat,emittebant.Quas</strong></span> <span class='ocrx_word' id='word_1_695' title='bbox 1135 4614 1269 4656; x_wconf 91' lang='lat' dir='ltr'><strong>cum</strong></span> <span class='ocrx_word' id='word_1_696' title='bbox 1304 4595 1342 4658; x_wconf 91' lang='lat' dir='ltr'><strong>ii</strong></span> <span class='ocrx_word' id='word_1_697' title='bbox 1371 4598 1472 4677; x_wconf 91' lang='lat' dir='ltr'><strong>qui</strong></span> <span class='ocrx_word' id='word_1_698' title='bbox 1503 4609 1674 4660; x_wconf 91' lang='lat' dir='ltr'><strong>erant</strong></span> <span class='ocrx_word' id='word_1_699' title='bbox 1703 4592 2033 4684; x_wconf 43' lang='lat' dir='ltr'><strong>intus,s_en-</strong></span> 
     </span>
    </p>
   </div>
   <div class='ocr_carea' id='block_1_96' title="bbox 2121 4592 3775 4684">
    <p class='ocr_par' dir='ltr' id='par_1_96' title="bbox 2121 4592 3775 4679">
     <span class='ocr_line' id='line_1_96' title="bbox 2121 4592 3775 4679; baseline -0.01 -15"><span class='ocrx_word' id='word_1_700' title='bbox 2121 4608 2203 4666; x_wconf 77' lang='grc' dir='ltr'><strong>καὶ</strong></span> <span class='ocrx_word' id='word_1_701' title='bbox 2233 4605 2380 4662; x_wconf 79' lang='grc' dir='ltr'>αὐτοὶ</span> <span class='ocrx_word' id='word_1_702' title='bbox 2423 4608 2516 4660; x_wconf 83' lang='grc' dir='ltr'><strong>τοῦ</strong></span> <span class='ocrx_word' id='word_1_703' title='bbox 2574 4595 2866 4679; x_wconf 76' lang='grc' dir='ltr'>παραδόξου</span> <span class='ocrx_word' id='word_1_704' title='bbox 2921 4596 3188 4673; x_wconf 78' lang='grc' dir='ltr'>θαύματος</span> <span class='ocrx_word' id='word_1_705' title='bbox 3244 4595 3403 4664; x_wconf 74' lang='grc' dir='ltr'>ἦσαν.</span> <span class='ocrx_word' id='word_1_706' title='bbox 3463 4592 3630 4650; x_wconf 81' lang='grc' dir='ltr'>Τοῦτο</span> <span class='ocrx_word' id='word_1_707' title='bbox 3687 4592 3775 4648; x_wconf 83' lang='grc' dir='ltr'><strong>καὶ</strong></span> 
     </span>
    </p>
   </div>
   <div class='ocr_carea' id='block_1_97' title="bbox 387 4683 2037 4774">
    <p class='ocr_par' dir='ltr' id='par_1_97' title="bbox 387 4683 2032 4774">
     <span class='ocr_line' id='line_1_97' title="bbox 387 4683 2032 4774; baseline 0.005 -25"><span class='ocrx_word' id='word_1_708' title='bbox 387 4686 631 4761; x_wconf 87' lang='lat' dir='ltr'><strong>sissent,</strong></span> <span class='ocrx_word' id='word_1_709' title='bbox 663 4703 880 4748; x_wconf 87' lang='lat' dir='ltr'><strong>canere</strong></span> <span class='ocrx_word' id='word_1_710' title='bbox 917 4693 1248 4767; x_wconf 63' lang='lat' dir='ltr'><strong>coeperunt,</strong></span> <span class='ocrx_word' id='word_1_711' title='bbox 1291 4695 1351 4748; x_wconf 91' lang='lat' dir='ltr'><strong>et</strong></span> <span class='ocrx_word' id='word_1_712' title='bbox 1379 4689 1616 4750; x_wconf 89' lang='lat' dir='ltr'><strong>fuerunt</strong></span> <span class='ocrx_word' id='word_1_713' title='bbox 1644 4688 1761 4770; x_wconf 90' lang='lat' dir='ltr'><strong>ipsi</strong></span> <span class='ocrx_word' id='word_1_714' title='bbox 1791 4683 2032 4774; x_wconf 88' lang='lat' dir='ltr'><strong>quoque</strong></span> 
     </span>
    </p>
   </div>
   <div class='ocr_carea' id='block_1_98' title="bbox 2121 4683 3774 4774">
    <p class='ocr_par' dir='ltr' id='par_1_98' title="bbox 2121 4683 3774 4770">
     <span class='ocr_line' id='line_1_98' title="bbox 2121 4683 3774 4770; baseline -0.012 -15"><span class='ocrx_word' id='word_1_715' title='bbox 2121 4699 2204 4755; x_wconf 82' lang='grc' dir='ltr'><strong>τόν</strong></span> <span class='ocrx_word' id='word_1_716' title='bbox 2277 4694 2558 4770; x_wconf 83' lang='grc' dir='ltr'>ὠμότατον</span> <span class='ocrx_word' id='word_1_717' title='bbox 2622 4684 2992 4767; x_wconf 79' lang='grc' dir='ltr'>Ἀρδαϐούριον</span> <span class='ocrx_word' id='word_1_718' title='bbox 3047 4686 3364 4744; x_wconf 81' lang='grc' dir='ltr'>ἀκλαθέσθαι</span> <span class='ocrx_word' id='word_1_719' title='bbox 3423 4689 3514 4739; x_wconf 83' lang='grc' dir='ltr'><strong>τοῦ</strong></span> <span class='ocrx_word' id='word_1_720' title='bbox 3585 4683 3774 4737; x_wconf 81' lang='grc' dir='ltr'>ἑαυτοῦ</span> 
     </span>
    </p>
   </div>
   <div class='ocr_carea' id='block_1_99' title="bbox 388 4768 2037 4868">
    <p class='ocr_par' dir='ltr' id='par_1_99' title="bbox 388 4768 2026 4863">
     <span class='ocr_line' id='line_1_99' title="bbox 388 4768 2026 4863; baseline 0.006 -26"><span class='ocrx_word' id='word_1_721' title='bbox 388 4785 570 4838; x_wconf 88' lang='lat' dir='ltr'><strong>testes</strong></span> <span class='ocrx_word' id='word_1_722' title='bbox 591 4775 886 4858; x_wconf 87' lang='lat' dir='ltr'><strong>miraculi,</strong></span> <span class='ocrx_word' id='word_1_723' title='bbox 913 4775 1070 4858; x_wconf 86' lang='lat' dir='ltr'><strong>quod</strong></span> <span class='ocrx_word' id='word_1_724' title='bbox 1099 4786 1379 4839; x_wconf 89' lang='lat' dir='ltr'><strong>evenerat</strong></span> <span class='ocrx_word' id='word_1_725' title='bbox 1412 4787 1628 4859; x_wconf 73' lang='lat' dir='ltr'><strong>praeter</strong></span> <span class='ocrx_word' id='word_1_726' title='bbox 1659 4768 2026 4863; x_wconf 79' lang='lat' dir='ltr'><strong>opinionem.</strong></span> 
     </span>
    </p>
   </div>
   <div class='ocr_carea' id='block_1_100' title="bbox 2121 4768 3772 4868">
    <p class='ocr_par' dir='ltr' id='par_1_100' title="bbox 2121 4768 3772 4868">
     <span class='ocr_line' id='line_1_100' title="bbox 2121 4768 3772 4868; baseline -0.013 -23"><span class='ocrx_word' id='word_1_727' title='bbox 2121 4768 2656 4868; x_wconf 32' lang='grc' dir='ltr'>τρόπου-πεποίηκεν,</span> <span class='ocrx_word' id='word_1_728' title='bbox 2709 4777 3045 4868; x_wconf 34' lang='grc' dir='ltr'>ὀφθῆναί-τε</span> <span class='ocrx_word' id='word_1_729' title='bbox 3103 4775 3246 4868; x_wconf 79' lang='grc' dir='ltr'>παρὰ</span> <span class='ocrx_word' id='word_1_730' title='bbox 3300 4771 3520 4868; x_wconf 82' lang='grc' dir='ltr'>γνώμην</span> <span class='ocrx_word' id='word_1_731' title='bbox 3549 4768 3772 4868; x_wconf 70' lang='grc' dir='ltr'><strong>⁸φιλοίν-</strong></span> 
     </span>
    </p>
   </div>
   <div class='ocr_carea' id='block_1_101' title="bbox 385 4857 2037 4956">
    <p class='ocr_par' dir='ltr' id='par_1_101' title="bbox 385 4857 2028 4948">
     <span class='ocr_line' id='line_1_101' title="bbox 385 4857 2028 4948; baseline 0.004 -18"><span class='ocrx_word' id='word_1_732' title='bbox 385 4867 514 4930; x_wconf 83' lang='lat' dir='ltr'><strong>Hoc</strong></span> <span class='ocrx_word' id='word_1_733' title='bbox 546 4866 765 4948; x_wconf 79' lang='lat' dir='ltr'><strong>effecit,</strong></span> <span class='ocrx_word' id='word_1_734' title='bbox 796 4879 863 4928; x_wconf 87' lang='lat' dir='ltr'><strong>ut</strong></span> <span class='ocrx_word' id='word_1_735' title='bbox 892 4857 1343 4930; x_wconf 88' lang='lat' dir='ltr'><strong>crudelissimus</strong></span> <span class='ocrx_word' id='word_1_736' title='bbox 1371 4857 1750 4934; x_wconf 74' lang='lat' dir='ltr'><strong>Ardaburius</strong></span> <span class='ocrx_word' id='word_1_737' title='bbox 1780 4891 2028 4936; x_wconf 89' lang='lat' dir='ltr'><strong>suorum</strong></span> 
     </span>
    </p>
   </div>
   <div class='ocr_carea' id='block_1_102' title="bbox 2121 4857 3772 4956">
    <p class='ocr_par' dir='ltr' id='par_1_102' title="bbox 2121 4857 3772 4956">
     <span class='ocr_line' id='line_1_102' title="bbox 2121 4857 3772 4956; baseline -0.015 -19"><span class='ocrx_word' id='word_1_738' title='bbox 2121 4857 2322 4956; x_wconf 76' lang='grc' dir='ltr'>θρωπον</span> <span class='ocrx_word' id='word_1_739' title='bbox 2388 4873 2804 4954; x_wconf 80' lang='grc' dir='ltr'>παρεσκεύασεν,</span> <span class='ocrx_word' id='word_1_740' title='bbox 2879 4865 3069 4922; x_wconf 87' lang='grc' dir='ltr'>ἀνέντα</span> <span class='ocrx_word' id='word_1_741' title='bbox 3139 4866 3239 4932; x_wconf 81' lang='grc' dir='ltr'>τὴν</span> <span class='ocrx_word' id='word_1_742' title='bbox 3311 4861 3474 4940; x_wconf 69' lang='grc' dir='ltr'>ὀργὴν</span> <span class='ocrx_word' id='word_1_743' title='bbox 3546 4857 3772 4936; x_wconf 77' lang='grc' dir='ltr'>Ἰωάννῃ</span> 
     </span>
    </p>
   </div>
   <div class='ocr_carea' id='block_1_103' title="bbox 387 4957 2037 5043">
    <p class='ocr_par' dir='ltr' id='par_1_103' title="bbox 387 4957 2033 5042">
     <span class='ocr_line' id='line_1_103' title="bbox 387 4957 2033 5042; baseline 0.007 -24"><span class='ocrx_word' id='word_1_744' title='bbox 387 4974 620 5020; x_wconf 88' lang='lat' dir='ltr'><strong>morum</strong></span> <span class='ocrx_word' id='word_1_745' title='bbox 642 4957 1188 5039; x_wconf 89' lang='lat' dir='ltr'><strong>oblivisceretur,et</strong></span> <span class='ocrx_word' id='word_1_746' title='bbox 1209 4977 1387 5022; x_wconf 90' lang='lat' dir='ltr'><strong>causa</strong></span> <span class='ocrx_word' id='word_1_747' title='bbox 1413 4959 1622 5036; x_wconf 88' lang='lat' dir='ltr'><strong>fuit,ut</strong></span> <span class='ocrx_word' id='word_1_748' title='bbox 1651 4972 1868 5042; x_wconf 79' lang='lat' dir='ltr'><strong>praeter</strong></span> <span class='ocrx_word' id='word_1_749' title='bbox 1897 4985 2033 5029; x_wconf 90' lang='lat' dir='ltr'><strong>sen-</strong></span> 
     </span>
    </p>
   </div>
   <div class='ocr_carea' id='block_1_104' title="bbox 2121 4957 2829 5043">
    <p class='ocr_par' dir='ltr' id='par_1_104' title="bbox 2121 4961 2829 5043">
     <span class='ocr_line' id='line_1_104' title="bbox 2121 4961 2829 5043; baseline -0.01 -17"><span class='ocrx_word' id='word_1_750' title='bbox 2121 4970 2210 5026; x_wconf 86' lang='grc' dir='ltr'><strong>καὶ</strong></span> <span class='ocrx_word' id='word_1_751' title='bbox 2236 4967 2328 5025; x_wconf 87' lang='grc' dir='ltr'><strong>τόν</strong></span> <span class='ocrx_word' id='word_1_752' title='bbox 2355 4966 2517 5043; x_wconf 83' lang='grc' dir='ltr'>θυμόν</span> <span class='ocrx_word' id='word_1_753' title='bbox 2545 4961 2829 5021; x_wconf 77' lang='grc' dir='ltr'>σϐέσαντα.</span> 
     </span>
    </p>
   </div>
   <div class='ocr_carea' id='block_1_105' title="bbox 386 5047 2031 5130">
    <p class='ocr_par' dir='ltr' id='par_1_105' title="bbox 386 5047 2031 5130">
     <span class='ocr_line' id='line_1_105' title="bbox 386 5047 2031 5130; baseline 0.006 -21"><span class='ocrx_word' id='word_1_754' title='bbox 386 5047 634 5110; x_wconf 90' lang='lat' dir='ltr'><strong>tentiam</strong></span> <span class='ocrx_word' id='word_1_755' title='bbox 670 5047 965 5129; x_wconf 88' lang='lat' dir='ltr'><strong>benignus</strong></span> <span class='ocrx_word' id='word_1_756' title='bbox 1013 5049 1338 5130; x_wconf 86' lang='lat' dir='ltr'><strong>videretur,</strong></span> <span class='ocrx_word' id='word_1_757' title='bbox 1393 5050 1484 5115; x_wconf 89' lang='lat' dir='ltr'><strong>ira</strong></span> <span class='ocrx_word' id='word_1_758' title='bbox 1514 5053 1710 5117; x_wconf 89' lang='lat' dir='ltr'><strong>suain</strong></span> <span class='ocrx_word' id='word_1_759' title='bbox 1741 5056 2031 5121; x_wconf 83' lang='lat' dir='ltr'><strong>Joannem</strong></span> 
     </span>
    </p>
   </div>
   <div class='ocr_carea' id='block_1_106' title="bbox 389 5157 668 5204">
    <p class='ocr_par' dir='ltr' id='par_1_106' title="bbox 389 5157 668 5204">
     <span class='ocr_line' id='line_1_106' title="bbox 389 5157 668 5204; baseline -0.004 0"><span class='ocrx_word' id='word_1_760' title='bbox 389 5157 668 5204; x_wconf 73' lang='lat' dir='ltr'><strong>I&#39;BIDISSa.</strong></span> 
     </span>
    </p>
   </div>
   <div class='ocr_carea' id='block_1_107' title="bbox 443 5208 2037 5314">
    <p class='ocr_par' dir='ltr' id='par_1_107' title="bbox 443 5229 2028 5314">
     <span class='ocr_line' id='line_1_107' title="bbox 443 5229 2028 5314; baseline 0.005 -22"><span class='ocrx_word' id='word_1_761' title='bbox 443 5229 942 5295; x_wconf 80' lang='lat' dir='ltr'><strong>XXXIII.Cumin</strong></span> <span class='ocrx_word' id='word_1_762' title='bbox 962 5231 1281 5296; x_wconf 84' lang='lat' dir='ltr'><strong>Ardaburii</strong></span> <span class='ocrx_word' id='word_1_763' title='bbox 1301 5231 1617 5297; x_wconf 89' lang='lat' dir='ltr'><strong>inciderim</strong></span> <span class='ocrx_word' id='word_1_764' title='bbox 1633 5236 2028 5314; x_wconf 89' lang='lat' dir='ltr'><strong>mentionem,</strong></span> 
     </span>
    </p>
   </div>
   <div class='ocr_carea' id='block_1_108' title="bbox 2121 5208 3772 5314">
    <p class='ocr_par' dir='ltr' id='par_1_108' title="bbox 2197 5208 3772 5314">
     <span class='ocr_line' id='line_1_108' title="bbox 2197 5208 3772 5314; baseline -0.015 -23"><span class='ocrx_word' id='word_1_765' title='bbox 2197 5230 2326 5297; x_wconf 82' lang='lat' dir='ltr'><strong>AI&quot;,</strong></span> <span class='ocrx_word' id='word_1_766' title='bbox 2400 5221 2767 5307; x_wconf 81' lang='grc' dir='ltr'>Ἀρδαϐουρίου</span> <span class='ocrx_word' id='word_1_767' title='bbox 2816 5222 3087 5314; x_wconf 37' lang='grc' dir='ltr'>μνησθεῘις.</span> <span class='ocrx_word' id='word_1_768' title='bbox 3148 5208 3772 5314; x_wconf 36' lang='grc' dir='ltr'>κάκεινουιμνησθήσο-</span> 
     </span>
    </p>
   </div>
   <div class='ocr_carea' id='block_1_109' title="bbox 385 5305 2037 5405">
    <p class='ocr_par' dir='ltr' id='par_1_109' title="bbox 385 5305 2033 5405">
     <span class='ocr_line' id='line_1_109' title="bbox 385 5305 2033 5405; baseline 0.004 -22"><span class='ocrx_word' id='word_1_769' title='bbox 385 5320 549 5384; x_wconf 90' lang='lat' dir='ltr'><strong>illius</strong></span> <span class='ocrx_word' id='word_1_770' title='bbox 580 5339 821 5403; x_wconf 89' lang='lat' dir='ltr'><strong>quoque</strong></span> <span class='ocrx_word' id='word_1_771' title='bbox 881 5321 1237 5400; x_wconf 89' lang='lat' dir='ltr'><strong>meminero,</strong></span> <span class='ocrx_word' id='word_1_772' title='bbox 1272 5325 1781 5405; x_wconf 88' lang='lat' dir='ltr'><strong>quemadmodum</strong></span> <span class='ocrx_word' id='word_1_773' title='bbox 1815 5328 1902 5388; x_wconf 91' lang='lat' dir='ltr'><strong>vir</strong></span> <span class='ocrx_word' id='word_1_774' title='bbox 1929 5305 2033 5390; x_wconf 81' lang='lat' dir='ltr'><strong>ille</strong></span> 
     </span>
    </p>
   </div>
   <div class='ocr_carea' id='block_1_110' title="bbox 2121 5305 3774 5405">
    <p class='ocr_par' dir='ltr' id='par_1_110' title="bbox 2121 5305 3774 5405">
     <span class='ocr_line' id='line_1_110' title="bbox 2121 5305 3774 5405; baseline -0.021 -24"><span class='ocrx_word' id='word_1_775' title='bbox 2121 5347 2238 5403; x_wconf 88' lang='grc' dir='ltr'>μαι,</span> <span class='ocrx_word' id='word_1_776' title='bbox 2299 5305 2534 5382; x_wconf 16' lang='grc' dir='ltr'>ὅπωςήὸ</span> <span class='ocrx_word' id='word_1_777' title='bbox 2587 5319 2732 5376; x_wconf 79' lang='grc' dir='ltr'>θεῖος</span> <span class='ocrx_word' id='word_1_778' title='bbox 2793 5313 2944 5376; x_wconf 81' lang='grc' dir='ltr'>οὗτος</span> <span class='ocrx_word' id='word_1_779' title='bbox 3001 5308 3137 5389; x_wconf 77' lang='grc' dir='ltr'>ἀνὴρ</span> <span class='ocrx_word' id='word_1_780' title='bbox 3171 5305 3266 5364; x_wconf 75' lang='grc' dir='ltr'><strong>καΐ</strong></span> <span class='ocrx_word' id='word_1_781' title='bbox 3319 5306 3437 5382; x_wconf 85' lang='grc' dir='ltr'>περὶ</span> <span class='ocrx_word' id='word_1_782' title='bbox 3472 5309 3570 5405; x_wconf 58' lang='grc' dir='ltr'>ιτιῆς</span> <span class='ocrx_word' id='word_1_783' title='bbox 3595 5323 3774 5405; x_wconf 45' lang='grc' dir='ltr'>κατοξ-</span> 
     </span>
    </p>
   </div>
   <div class='ocr_carea' id='block_1_111' title="bbox 388 5389 2037 5506">
    <p class='ocr_par' dir='ltr' id='par_1_111' title="bbox 388 5389 2030 5506">
     <span class='ocr_line' id='line_1_111' title="bbox 388 5389 2030 5506; baseline 0.004 -32"><span class='ocrx_word' id='word_1_784' title='bbox 388 5389 899 5506; x_wconf 71' lang='lat' dir='ltr'><strong>divinuslutbrum</strong></span> <span class='ocrx_word' id='word_1_785' title='bbox 932 5389 1314 5496; x_wconf 63' lang='lat' dir='ltr'><strong>quoqueejus</strong></span> <span class='ocrx_word' id='word_1_786' title='bbox 1331 5414 1462 5476; x_wconf 63' lang='lat' dir='ltr'><strong>vitae</strong></span> <span class='ocrx_word' id='word_1_787' title='bbox 1483 5415 1706 5478; x_wconf 83' lang='lat' dir='ltr'><strong>exitum</strong></span> <span class='ocrx_word' id='word_1_788' title='bbox 1731 5417 2030 5498; x_wconf 65' lang='lat' dir='ltr'><strong>praedixe-</strong></span> 
     </span>
    </p>
   </div>
   <div class='ocr_carea' id='block_1_112' title="bbox 2121 5389 3777 5506">
    <p class='ocr_par' dir='ltr' id='par_1_112' title="bbox 2121 5389 3777 5506">
     <span class='ocr_line' id='line_1_112' title="bbox 2121 5389 3777 5506; baseline -0.015 -34"><span class='ocrx_word' id='word_1_789' title='bbox 2121 5389 2350 5493; x_wconf 69' lang='grc' dir='ltr'>στροφῆς</span> <span class='ocrx_word' id='word_1_790' title='bbox 2411 5406 2568 5465; x_wconf 75' lang='grc' dir='ltr'>αύτοῦ</span> <span class='ocrx_word' id='word_1_791' title='bbox 2637 5401 3054 5482; x_wconf 85' lang='grc' dir='ltr'>προηγόρευσεν,</span> <span class='ocrx_word' id='word_1_792' title='bbox 3128 5398 3316 5470; x_wconf 80' lang='grc' dir='ltr'>’Ύπνῳ</span> <span class='ocrx_word' id='word_1_793' title='bbox 3385 5394 3517 5453; x_wconf 74' lang='grc' dir='ltr'>ποτὲ</span> <span class='ocrx_word' id='word_1_794' title='bbox 3589 5389 3777 5506; x_wconf 45' lang='grc' dir='ltr'>ἐσαυτξγ</span> 
     </span>
    </p>
   </div>
   <div class='ocr_carea' id='block_1_113' title="bbox 384 5478 2037 5591">
    <p class='ocr_par' dir='ltr' id='par_1_113' title="bbox 384 5478 2035 5588">
     <span class='ocr_line' id='line_1_113' title="bbox 384 5478 2035 5588; baseline 0.005 -24"><span class='ocrx_word' id='word_1_795' title='bbox 384 5503 486 5566; x_wconf 89' lang='lat' dir='ltr'><strong>rit.</strong></span> <span class='ocrx_word' id='word_1_796' title='bbox 521 5502 667 5565; x_wconf 86' lang='lat' dir='ltr'><strong>Cum</strong></span> <span class='ocrx_word' id='word_1_797' title='bbox 698 5520 762 5565; x_wconf 91' lang='lat' dir='ltr'><strong>se</strong></span> <span class='ocrx_word' id='word_1_798' title='bbox 795 5511 927 5585; x_wconf 91' lang='lat' dir='ltr'><strong>post</strong></span> <span class='ocrx_word' id='word_1_799' title='bbox 950 5478 1288 5567; x_wconf 61' lang='lat' dir='ltr'><strong>bralionem</strong></span> <span class='ocrx_word' id='word_1_800' title='bbox 1332 5522 1543 5568; x_wconf 91' lang='lat' dir='ltr'><strong>somno</strong></span> <span class='ocrx_word' id='word_1_801' title='bbox 1571 5478 1900 5588; x_wconf 59' lang='lat' dir='ltr'><strong>aliquando</strong></span> <span class='ocrx_word' id='word_1_802' title='bbox 1925 5478 2035 5572; x_wconf 77' lang='lat' dir='ltr'><strong>de-</strong></span> 
     </span>
    </p>
   </div>
   <div class='ocr_carea' id='block_1_114' title="bbox 2121 5478 3778 5591">
    <p class='ocr_par' dir='ltr' id='par_1_114' title="bbox 2121 5478 3778 5591">
     <span class='ocr_line' id='line_1_114' title="bbox 2121 5478 3778 5591; baseline -0.016 -29"><span class='ocrx_word' id='word_1_803' title='bbox 2121 5478 2482 5577; x_wconf 12' lang='grc' dir='ltr'>ἂνέντιίμετά</span> <span class='ocrx_word' id='word_1_804' title='bbox 2539 5495 2638 5562; x_wconf 71' lang='grc' dir='ltr'>τὴν</span> <span class='ocrx_word' id='word_1_805' title='bbox 2681 5478 3010 5591; x_wconf 29' lang='grc' dir='ltr'>’προσενυᾉὴνὶ</span> <span class='ocrx_word' id='word_1_806' title='bbox 3067 5489 3190 5568; x_wconf 77' lang='grc' dir='ltr'>ὄψις</span> <span class='ocrx_word' id='word_1_807' title='bbox 3247 5487 3544 5568; x_wconf 82' lang='grc' dir='ltr'>ἐφίσταται.</span> <span class='ocrx_word' id='word_1_808' title='bbox 3593 5478 3778 5591; x_wconf 52' lang='lat' dir='ltr'><strong>&quot;&#39;HHSE</strong></span> 
     </span>
    </p>
   </div>
   <div class='ocr_carea' id='block_1_115' title="bbox 383 5571 2037 5684">
    <p class='ocr_par' dir='ltr' id='par_1_115' title="bbox 383 5571 2026 5678">
     <span class='ocr_line' id='line_1_115' title="bbox 383 5571 2026 5678; baseline 0.002 -21"><span class='ocrx_word' id='word_1_809' title='bbox 383 5594 658 5672; x_wconf 87' lang='lat' dir='ltr'><strong>disset,ei</strong></span> <span class='ocrx_word' id='word_1_810' title='bbox 680 5571 926 5677; x_wconf 66' lang='lat' dir='ltr'><strong>apparet</strong></span> <span class='ocrx_word' id='word_1_811' title='bbox 945 5594 1236 5658; x_wconf 88' lang='lat' dir='ltr'><strong>visio.llla</strong></span> <span class='ocrx_word' id='word_1_812' title='bbox 1265 5604 1461 5658; x_wconf 87' lang='lat' dir='ltr'><strong>autem</strong></span> <span class='ocrx_word' id='word_1_813' title='bbox 1487 5605 1612 5658; x_wconf 90' lang='lat' dir='ltr'><strong>erat</strong></span> <span class='ocrx_word' id='word_1_814' title='bbox 1632 5571 2026 5678; x_wconf 69' lang='lat' dir='ltr'><strong>hbjusmodi:</strong></span> 
     </span>
    </p>
   </div>
   <div class='ocr_carea' id='block_1_116' title="bbox 2121 5571 3778 5684">
    <p class='ocr_par' dir='ltr' id='par_1_116' title="bbox 2121 5571 3778 5684">
     <span class='ocr_line' id='line_1_116' title="bbox 2121 5571 3778 5684; baseline -0.016 -32"><span class='ocrx_word' id='word_1_815' title='bbox 2121 5594 2236 5652; x_wconf 77' lang='grc' dir='ltr'>λέον</span> <span class='ocrx_word' id='word_1_816' title='bbox 2291 5571 2383 5648; x_wconf 80' lang='grc' dir='ltr'><strong>καὶ</strong></span> <span class='ocrx_word' id='word_1_817' title='bbox 2411 5586 2619 5665; x_wconf 80' lang='grc' dir='ltr'>δράκων</span> <span class='ocrx_word' id='word_1_818' title='bbox 2661 5571 2795 5654; x_wconf 79' lang='grc' dir='ltr'>ἦσαν</span> <span class='ocrx_word' id='word_1_819' title='bbox 2850 5580 3106 5684; x_wconf 70' lang='grc' dir='ltr'>ἀλλήλοις</span> <span class='ocrx_word' id='word_1_820' title='bbox 3147 5597 3478 5684; x_wconf 38' lang='grc' dir='ltr'>ᾒμαχομενοι</span> <span class='ocrx_word' id='word_1_821' title='bbox 3507 5591 3524 5609; x_wconf 86' lang='grc'>⁶</span> <span class='ocrx_word' id='word_1_822' title='bbox 3569 5571 3778 5684; x_wconf 46' lang='grc' dir='ltr'>’ἀλλ-’,ὁ</span> 
     </span>
    </p>
   </div>
   <div class='ocr_carea' id='block_1_117' title="bbox 383 5662 2037 5773">
    <p class='ocr_par' dir='ltr' id='par_1_117' title="bbox 383 5662 2029 5773">
     <span class='ocr_line' id='line_1_117' title="bbox 383 5662 2029 5773; baseline 0 -19"><span class='ocrx_word' id='word_1_823' title='bbox 383 5662 739 5770; x_wconf 65' lang='grc' dir='ltr'>Ρυειιέιιεηὶ</span> <span class='ocrx_word' id='word_1_824' title='bbox 755 5662 914 5752; x_wconf 78' lang='lat' dir='ltr'><strong>inter</strong></span> <span class='ocrx_word' id='word_1_825' title='bbox 935 5704 1001 5751; x_wconf 91' lang='lat' dir='ltr'><strong>se</strong></span> <span class='ocrx_word' id='word_1_826' title='bbox 1020 5685 1116 5752; x_wconf 88' lang='lat' dir='ltr'><strong>leo</strong></span> <span class='ocrx_word' id='word_1_827' title='bbox 1139 5693 1198 5751; x_wconf 90' lang='lat' dir='ltr'><strong>et</strong></span> <span class='ocrx_word' id='word_1_828' title='bbox 1219 5684 1552 5754; x_wconf 85' lang='lat' dir='ltr'><strong>draco.Sed</strong></span> <span class='ocrx_word' id='word_1_829' title='bbox 1583 5662 1762 5754; x_wconf 78' lang='lat' dir='ltr'><strong>dran</strong></span> <span class='ocrx_word' id='word_1_830' title='bbox 1781 5688 2029 5773; x_wconf 90' lang='lat' dir='ltr'><strong>quidem</strong></span> 
     </span>
    </p>
   </div>
   <div class='ocr_carea' id='block_1_118' title="bbox 2121 5662 3777 5773">
    <p class='ocr_par' dir='ltr' id='par_1_118' title="bbox 2121 5662 3777 5765">
     <span class='ocr_line' id='line_1_118' title="bbox 2121 5662 3777 5765; baseline -0.014 -21"><span class='ocrx_word' id='word_1_831' title='bbox 2121 5684 2215 5765; x_wconf 76' lang='grc' dir='ltr'>μὲν</span> <span class='ocrx_word' id='word_1_832' title='bbox 2283 5662 2488 5764; x_wconf 81' lang='grc' dir='ltr'>δράκων</span> <span class='ocrx_word' id='word_1_833' title='bbox 2533 5675 2743 5758; x_wconf 80' lang='grc' dir='ltr'>μεγέθει</span> <span class='ocrx_word' id='word_1_834' title='bbox 2813 5671 3065 5753; x_wconf 83' lang='grc' dir='ltr'>μέγιστος</span> <span class='ocrx_word' id='word_1_835' title='bbox 3137 5668 3210 5728; x_wconf 84' lang='grc' dir='ltr'><strong>ὢν</strong></span> <span class='ocrx_word' id='word_1_836' title='bbox 3284 5672 3362 5742; x_wconf 84' lang='grc' dir='ltr'>τῷ</span> <span class='ocrx_word' id='word_1_837' title='bbox 3429 5662 3628 5744; x_wconf 71' lang='grc' dir='ltr'>οὐραίῳ</span> <span class='ocrx_word' id='word_1_838' title='bbox 3684 5662 3777 5721; x_wconf 84' lang='grc' dir='ltr'><strong>τόν</strong></span> 
     </span>
    </p>
   </div>
  </div>
