4066 6402
307 350 423 416 ’741

1271 353 1459 420 VITA
1502 354 1562 417 S.
1610 343 2000 416 MARCELLI
2043 350 2736 423 ARCHIMANDRIT/E.

3572 355 3696 422 742

310 485 508 544 λέοντα
549 489 886 565 κατῃκίζετο,
934 490 961 545 ὁ
998 486 1052 544 δὲ
1085 487 1222 545 λέων
1279 488 1432 567 ἤλγει
1473 488 1570 564 μὲν
1613 489 1705 545 ni
1738 494 1805 562 τῇ
1852 487 1953 544 ἆλ-

2055 507 2173 550 :um
2200 498 2359 552 esset
2382 491 2604 571 ingenti
2632 486 3257 568 magnitudine,cauda
3284 487 3528 551 leonem
3559 508 3689 553 ver-

314 577 440 648 καῖᾳ
470 579 600 656 πρὸς
632 577 833 652 ἄμυναν
884 577 1186 658 διηγείρετο
1243 581 1354 657 καὶ,
1401 582 1494 636 τὸν
1549 579 1806 658 δράκοντα
1865 579 1954 634 κύ-

312 665 431 740 κλῳ
474 667 721 745 περιιὼν,
755 675 1079 748 σκιαμαχῶν
1110 669 1176 736 ἦν
1207 670 1294 725 καὶ
1338 667 1502 745 μηδὲν
1543 668 1954 744 λυμαινόμενος,

312 755 415 822 ἕως
444 757 602 820 αὖτὸς
658 758 756 831 μέδ
805 770 927 820 ταῖς
982 757 1225 836 πληγαῖς
1271 759 1518 832 ἐκκαμὼν
1565 756 1789 834 ἀδρανὴς
1834 757 1957 821 ὅλος

315 847 403 902 ἐπὶ
463 851 565 922 γῆς
621 845 793 903 ἔκειτο
833 865 848 883 ⁸
911 848 1036 904 εἶτα
1086 848 1221 922 μετὰ
1252 850 1426 928 βραχὺ
1455 848 1616 905 πάλιν
1659 849 1959 914 ἀνακτησά-

316 956 478 1010 μενος
537 937 624 992 καὶ
683 935 860 1015 ὥσπερ
906 935 966 994 ἔκ
1018 959 1160 1003 τινος
1184 938 1348 995 ὕπνου
1391 936 1672 1004 διαναστὰς
1704 939 1840 996 κατὰ
1869 945 1958 995 τοῦ

317 1023 602 1104 δράκοντος
636 1025 771 1084 πάνυ
801 1025 1055 1105 ῥαγδαῖον
1085 1029 1172 1083 καὶ
1217 1029 1440 1103 μανικὸν
1480 1027 1648 1095 ἥλατο
1699 1030 1786 1086 καὶ
1837 1025 1956 1084 δια-

317 1113 551 1192 φυλάξας
582 1113 706 1170 ὅλον
739 1121 806 1191 τῇ
847 1117 1032 1194 γαστρὶ
1077 1115 1284 1177 δίδωσι.
1346 1117 1514 1176 Τοῦτο
1573 1117 1886 1195 Μάρκελλος
1932 1120 1958 1172 ὁ

315 1209 464 1268 θεῖος
505 1203 629 1261 ἰδὼν
671 1207 759 1261 καί
802 1203 1157 1285 ἀκριϐέστατα
1188 1205 1472 1284 συμϐαλὼν
1533 1209 1652 1284 μετ’
1709 1211 1769 1265 οὗ
1825 1208 1960 1266 πολὺ

317 1295 565 1372 παγγενῆ
651 1295 858 1375 προὲφη
939 1295 1195 1375 ⁸Ἀσπαρά
1281 1320 1337 1354 τε
1417 1299 1504 1354 καὶ
1593 1295 1962 1377 Ἀρδαϐούριον

319 1383 706 1462 πανωλεθρίους
765 1390 842 1455 τῷ
905 1383 1120 1443 ϐασιλεῖ
1172 1386 1511 1459 δοθήσεσθπι,
1575 1387 1741 1445 Ἀλλὰ
1798 1396 1961 1446 ταῦτα

320 1474 418 1550 μέν
461 1473 701 1552 ὕστερον·
739 1474 772 1530 ἂ
814 1473 868 1530 δέ
913 1474 1106 1552 μεταξὺ
1137 1479 1336 1534 τούτων
1367 1476 1675 1557 ἐπράττετο,

404 1741 536 1804 ΛΔ’.
599 1741 820 1798 Πολλῶν
875 1745 974 1810 ἀρα
1043 1743 1459 1820 συμϐεϐηκότων
1519 1749 1704 1810 αὐτοῖς
1749 1767 1805 1802 τε
1873 1748 1961 1802 καὶ

2041 577 2287 640 berabat
2306 589 2362 642 et
2387 579 2702 658 torquebat
2725 596 2741 653 ;
2768 579 2858 640 leo
2893 597 3030 640 vero
3057 575 3298 639 dolebat
3329 578 3595 658 quidem,
3631 588 3689 642 et

2040 667 2112 728 ad
2134 687 2200 731 se
2222 670 2410 731 cauda
2423 667 2870 731 defendendum
2893 666 3687 744 excitabatur,etdraconem

2042 756 2254 819 obiens
2279 759 2544 820 inaniter
2572 756 3043 838 depugnabat,et
3066 774 3199 818 eum
3227 756 3375 818 nihil
3411 757 3684 838 laedebat,

2040 865 2353 929 quousque
2377 848 2505 930 ipse
2528 847 2769 928 quidem
2795 846 3068 908 defessus
3097 845 3306 926 plagis,
3330 846 3498 908 humi
3530 855 3690 910 totus

2033 935 2272 1014 jacebat
2300 937 2552 1002 afﬂictus
2582 945 2640 998 et
2670 935 3275 997 imbecillus.Deinde
3307 953 3442 999 cum
3463 955 3526 998 se
3545 955 3686 999 rur-

2043 1041 2147 1086 sus
2169 1026 2471 1105 paululum
2491 1032 2917 1106 recreasset,et
2937 1024 3119 1086 veluti
3143 1043 3175 1086 a
3192 1025 3448 1106 quodam
3474 1044 3687 1090 somno

2044 1117 2653 1193 surrexisset,magno
2679 1125 2740 1176 et
2763 1114 3108 1176 vehementi
3131 1115 3360 1194 impetu
3379 1116 3438 1176 in
3477 1117 3688 1181 draco-

2045 1221 2182 1264 nem
2211 1203 2710 1285 insiliit,eum‘que
2742 1221 2992 1285 pronum
3027 1204 3087 1264 in
3111 1214 3376 1266 ventrem
3417 1215 3686 1285 prostra-

2046 1290 2151 1352 vit.
2175 1290 2301 1354 Hoc
2325 1309 2458 1353 cum
2483 1291 2719 1354 divinus
2738 1291 2986 1353 vidisset
3014 1291 3352 1370 Marcellus,
3388 1301 3447 1354 et
3475 1313 3688 1356 accur-

2046 1380 2344 1442 ratissime
2376 1381 2758 1461 conjecisset,
2798 1381 3068 1462 praedixit
3100 1380 3256 1442 haud
3315 1381 3395 1442 ita
3425 1381 3527 1445 diu
3559 1392 3692 1465 post

2045 1471 2338 1550 Asparem
2364 1479 2426 1533 et
2454 1469 2854 1534 Ardaburium
2881 1488 3014 1532 esse
3051 1489 3186 1532 cum
3211 1477 3329 1532 toto
3349 1489 3569 1550 genere
3590 1474 3690 1534 in-

2047 1564 2329 1622 terituros
2351 1560 2424 1622 ab
2449 1561 2842 1641 imperatore.
2879 1557 2996 1622 Sed
3023 1560 3150 1622 haec
3180 1559 3425 1638 quidem
3461 1569 3690 1642 postea.

2045 1651 2185 1724 Quae
2216 1657 2411 1712 autem
2446 1649 2691 1712 interim
2725 1650 2876 1711 facta
2920 1656 3083 1724 sunt,
3117 1657 3256 1710 sunt
3298 1651 3641 1731 hujusmodi
3675 1673 3690 1713 :

2124 1738 2535 1802 XXXIV.Cum
2562 1739 2744 1801 multa
2761 1739 3121 1802 accidissent
3141 1740 3295 1802 inter
3317 1757 3451 1802 eum
3487 1750 3544 1802 et
3572 1743 3690 1803 im-

329 1831 538 1909 βασιλεῖ
593 1836 700 1889 τὼν
783 1833 978 1913 ἔχθρας
1045 1834 1280 1915 ἐχόντων
1358 1838 1488 1916 πρὸς
1548 1835 1815 1907 ἀλλήλους
1874 1837 1961 1892 καὶ

2055 1843 2523 1906 peratorem,quaa
2556 1835 2703 1892 inter
2735 1849 2796 1892 se
2827 1835 3074 1890 invicem
3107 1834 3441 1892 inimicitias
3468 1837 3696 1896 alebant

335 1923 576 1996 ὑποψίας,
606 1919 886 1998 δυσμένεια
917 1923 1014 1999 μέν
1076 1924 1128 1988 ἐξ
1184 1925 1497 2004 ἀμφοτέρων
1551 1927 1809 2003 ἐτίκτετο,
1875 1927 1961 1982 καὶ

2055 1926 2107 1978 et
2169 1916 2572 1997 suspiciones,
2609 1935 2681 1980 ex
2735 1919 3006 1995 utrisque
3063 1917 3306 1998 quidem
3366 1931 3572 1983 natum
3605 1930 3696 1983 est

330 2013 400 2069 sic
431 2010 555 2089 ἔργα
597 2011 819 2091 χαλεπὰ
849 2015 1212 2094 προήρχοντο.
1279 2014 1429 2071 Ἐπεὶ
1471 2013 1526 2071 δέ
1580 2013 1813 2084 κίνδυνος
1867 2015 1964 2090 μέν

2055 2005 2289 2087 odium;
2343 2025 2478 2068 cum
2529 2016 2729 2069 autem
2776 2013 3059 2088 utrinque
3083 2025 3360 2086 magnum
3382 2026 3418 2069 a
3441 2027 3508 2070 se
3539 2010 3694 2072 invi-

323 2100 596 2177 ἐπήρτητο
626 2103 712 2158 καὶ
741 2101 868 2177 παρ’
913 2101 1173 2173 ἀλλήλων
1232 2102 1424 2180 δεινὸς,
1488 2106 1520 2172 ἡ
1580 2107 1700 2172 νίκη
1758 2103 1812 2161 δὲ
1857 2102 1963 2162 οὗθ’

2055 2113 2177 2156 cem
2207 2098 2553 2157 immineret
2571 2096 3137 2177 periculum,neutri
3161 2115 3299 2159 vero
3327 2115 3536 2159 eorum
3557 2098 3697 2162 faci-

320 2190 560 2268 ὀποτέρῳ
615 2192 818 2249 τούτων
868 2193 1096 2273 εὐχερὴς
1138 2193 1227 2267 ἦν,
1273 2195 1360 2250 επὶ
1405 2195 1584 2259 κοινὰς
1615 2194 1776 2274 ἄμφω
1820 2217 1962 2272 συμ-

2055 2184 2122 2246 lis
2155 2194 2314 2248 esset
2341 2185 2613 2264 victoria,
2647 2196 3081 2250 convertuntur
3109 2187 3180 2248 ad
3215 2189 3564 2251 communia
3593 2189 3696 2251 in-

318 2278 501 2342 ϐἇσεις
532 2279 810 2356 τρέπονται
846 2281 928 2362 ἐφ’
959 2286 1004 2356 ᾧ
1059 2284 1150 2338 τὸν
1205 2282 1483 2356 ⁸⁷Ασπαρος
1535 2284 1632 2360 μέν
1661 2285 1795 2366 υἱὸν,
1830 2285 1964 2364 Ἀρ-

2055 2274 2244 2366 eunda
2272 2275 2495 2338 foedera
2529 2297 2543 2336 :
2582 2295 2824 2366 nempe,
2857 2284 2921 2339 ut
2957 2277 3209 2357 Asparis
3237 2277 3481 2357 quidem
3513 2277 3694 2356 ﬁlius,

317 2367 592 2450 δαϐουρίου
647 2367 700 2426 δέ
755 2369 1006 2450 ἀδελφὸν,
1073 2372 1174 2440 τὴν
1234 2372 1490 2450 θυγατέρα
1559 2381 1652 2430 τοῦ
1697 2364 1963 2451 βασιλέως

2055 2364 2230 2426 frater
2259 2374 2455 2428 autem
2490 2365 2837 2443 Ardaburii,
2868 2385 3001 2428 cum
3036 2366 3302 2428 duxisset
3333 2383 3582 2431 uxorem
3616 2370 3695 2430 ti-

316 2460 452 2535 πρὸς
495 2461 674 2537 γάμον
728 2460 992 2538 ἀγόμενον
1037 2461 1418 2542 ἀναδειχθῆναι
1481 2463 1740 2543 Καίσαρα.
1803 2472 1965 2523 Τοῦτο

2055 2455 2186 2517 liam
2211 2455 2616 2537 imperatoris,
2643 2453 2838 2518 Cwsar
2859 2463 3185 2518 crearetur.
3219 2455 3344 2518 Hoc
3366 2467 3562 2520 autem
3597 2458 3698 2540 qui

316 2546 372 2604 δέ
429 2551 458 2604 ὁ
515 2547 698 2605 λαϐὼν
755 2549 934 2630 ἕτερός
979 2552 1148 2629 ἐστιν,
1181 2553 1252 2616 ὡς
1285 2552 1347 2608 ἂν
1381 2554 1528 2610 εἴκοι
1570 2576 1668 2626 τις,
1703 2553 1965 2612 ὑποϐασι-

2055 2547 2302 2627 Iccepit,
2340 2555 2428 2607 est
2451 2547 2624 2627 alius,
2662 2554 2729 2615 ut
2747 2547 2962 2608 dixerit
2986 2545 3699 2628 quispiam,subimpera-

316 2637 439 2701 λεύς
470 2655 485 2670 ⁸
523 2639 772 2719 ἁλουργές
804 2662 858 2697 τε
906 2641 1005 2720 γὰρ
1057 2642 1200 2717 αδτῷ
1256 2642 1590 2723 κατάχρυσος
1649 2646 1739 2700 καί
1794 2643 1966 2700 τᾶλλα

2055 2646 2176 2696 tor:
2207 2637 2473 2698 estenim
2500 2638 2556 2698 ei
2575 2647 2632 2697 et
2651 2645 2861 2698 aurata
2901 2653 3187 2718 purpura,
3215 2646 3274 2700 et
3301 2637 3418 2699 alia
3448 2639 3703 2719 insignia

316 2729 416 2796 τῆς
462 2728 738 2804 βασιλείας
795 2730 1115 2808 παράσημα,
1163 2729 1244 2787 ὅτι
1290 2733 1368 2808 μὴ
1425 2733 1598 2806 μόνης
1629 2738 1727 2801 τῆς
1758 2740 1964 2814 χρυσῆς

2055 2725 2310 2805 imperii,
2349 2727 2462 2788 nisi
2496 2726 2718 2803 solum,
2747 2728 2905 2806 quod
2929 2744 3108 2788 aurea
3133 2745 3356 2789 corona
3369 2746 3490 2790 non
3522 2728 3702 2791 habet

312 2815 581 2898 στεφάνης
639 2819 698 2874 05
747 2820 915 2877 πάντα
971 2819 1202 2899 ἐχούσης
1248 2823 1315 2878 τὰ
1365 2822 1462 2890 τῆς
1494 2822 1766 2899 βασιλείας
1824 2827 1962 2899 σύμ-

2055 2815 2251 2876 omnia
2289 2815 2460 2895 signa
2481 2817 2741 2896 imperii.
2776 2815 2833 2877 Is
2870 2816 3070 2896 itaque
3090 2825 3336 2898 accepta
3366 2817 3476 2879 hac
3498 2817 3699 2897 digni-

319 2903 482 2966 ϐολα.
539 2907 810 2985 Ἔμελλεν
864 2917 954 2967 οὖν
1011 2917 1163 2973 οὗτος
1210 2913 1414 2979 ταύτην
1461 2913 1560 2980 τὴν
1611 2913 1756 2978 ἀξίαν
1785 2911 1967 2969 λαϐὼν

2055 2909 2198 2980 tate,
2230 2922 2364 2965 cum
2394 2905 2626 2966 vivente
2656 2905 2896 2984 quidem
2947 2906 3314 2985 imperatore
3343 2918 3465 2969 erat
3498 2907 3702 2970 omnia

321 3001 481 3066 ζῶντι
539 2998 632 3073 μέν
675 2998 898 3076 βασιλεῖ
952 3000 1126 3057 πάντα
1183 3006 1337 3078 κοινῇ
1365 3001 1746 3080 συμπράττειν,
1777 3003 1965 3059 τελευ-

2055 2991 2315 3056 facturus
2337 2993 2775 3056 communiter:
2804 3012 2875 3079 eo
2897 3001 3097 3055 autem
3123 3004 3380 3076 mortuo,
3416 2997 3545 3078 ipse
3568 2997 3698 3076 pri-

317 3087 582 3156 τήσαντος
642 3086 697 3144 δέ
775 3095 986 3168 πρῶτος
1058 3089 1215 3154 αὐτὸς
1272 3092 1361 3147 καί
1421 3091 1582 3167 μόνος
1634 3092 1732 3160 τὴν
1791 3093 1968 3173 ἀρχὴν

2055 3099 2186 3173 mus
2207 3091 2264 3144 et
2280 3083 2444 3146 solus
2463 3091 2820 3165 accepturus
2838 3083 3249 3173 imperium,et
3271 3093 3552 3166 tanquam
3584 3086 3698 3148 de-

318 3174 638 3255 λαμϐάνειν,
672 3180 760 3234 καὶ
815 3179 997 3258 ὥσπερ
1053 3181 1404 3261 ὀφειλόμενον
1456 3183 1596 3256 αὑτῷ
1627 3183 1691 3238 τὰ
1725 3171 1968 3261 σκῆπτρα

2055 3171 2177 3235 bita
2195 3173 2310 3234 sibi
2334 3183 2570 3254 sceptra
2591 3191 2720 3235 sum
2729 3172 3051 3255 pturus.Ea
3071 3191 3169 3236 res
3184 3192 3326 3236 vero
3347 3193 3468 3237 non
3491 3193 3702 3258 parum

320 3264 598 3348 δέχεσθαι.
657 3267 946 3348 Ἐτάραττε
990 3268 1045 3325 δὲ
1091 3269 1192 3337 τὴν
1235 3267 1564 3338 Ἐκκλησίαν
1605 3274 1667 3328 τὸ
1723 3283 1967 3353 πραγμα,

2055 3265 2450 3327 conturbabat
2487 3264 2841 3342 Ecclesiam,
2881 3265 2933 3326 si
2990 3281 3198 3326 rursus
3248 3265 3325 3327 sit
3381 3267 3701 3347 imperium

321 3358 412 3412 καί
450 3362 511 3415 οὗ
570 3357 773 3437 μικρῶς
830 3356 1083 3438 ἐθορύϐει,
1145 3362 1190 3416 εἰ
1239 3361 1402 3419 πάλιν
1455 3361 1727 3440 Ἀρειανὸς
1784 3362 1969 3438 μέλλει

2055 3355 2314 3418 Arianus
2344 3357 2885 3435 invasurus.Aspar
2903 3353 3091 3435 enim,
3117 3363 3177 3416 et
3207 3355 3339 3435 ejus
3361 3355 3560 3432 ﬁlii,et
3585 3363 3704 3418 tota

323 3445 444 3503 κατ’
502 3448 666 3514 αὑτῆς
727 3446 1002 3521 εἰσπηδᾷν.
1039 3443 1137 3506 Ἦν
1195 3448 1296 3529 γάρ
1348 3449 1412 3517 δὴ
1468 3453 1557 3508 καὶ
1610 3451 1826 3533 “Ασπαρ
1885 3457 1969 3510 καὶ

2056 3446 2292 3523 domus,
2326 3445 2455 3509 Arii
2483 3445 2776 3508 insaniam
2811 3445 3150 3506 mirandum
3210 3452 3270 3506 in
3301 3446 3544 3509 modum
3578 3463 3704 3507 am-

326 3534 520 3600 παῖδες
552 3539 711 3594 αὐτοῦ
739 3540 827 3594 καὶ
870 3537 994 3602 ὀλος
1025 3539 1182 3604 οἶκος
1209 3542 1308 3609 τὴν
1369 3541 1572 3620 Ἀρείου
1629 3543 1822 3618 μανίαν
1851 3541 1969 3600 δια-

2059 3535 2452 3616 plectebatur.
2517 3537 2665 3598 Cum
2714 3540 2914 3615 itaque
2972 3545 3178 3597 essent
3226 3535 3388 3616 pleni
3421 3535 3700 3614 tumultu,

326 3626 594 3708 φερόντως
643 3625 1063 3708 ἀποδεχόμενοι.
1123 3627 1274 3688 Οὕτω
1317 3629 1551 3711 θορύϐων
1604 3632 1752 3696 ὄντες
1787 3635 1969 3710 μεστοὶ

2056 3627 2460 3688 communiter
2488 3638 2920 3702 convenerunt,
2957 3641 3017 3686 et
3065 3624 3320 3687 ducibus
3367 3626 3612 3688 Geladio
3645 3633 3704 3688 et

325 3719 458 3798 πρὸς
527 3719 805 3784 συστάσεις
862 3720 1104 3800 ἓχώρουν
1159 3720 1342 3784 κοινὰς
1365 3767 1386 3797 ,
1442 3723 1529 3778 καί
1585 3723 1686 3778 ὕπὸ
1737 3724 1969 3800 ἡγεμόσι

2055 3716 2335 3779 Marcello
2361 3724 2655 3777 venerunt
2680 3717 2738 3776 in
2755 3714 3330 3796 Hippodromum,ut
3348 3716 3420 3778 ab
3444 3717 3704 3778 inhone—

326 3806 589 3882 Γενναδίῳ
618 3809 706 3864 καί
763 3809 1062 3887 Μαρκέλλῳ
1117 3812 1441 3886 ταττόμανοι
1487 3813 1578 3868 τὸν
1619 3811 1970 3893 Ἰππόδρομον

322 3897 711 3978 κατειλήφασιν
797 3897 965 3976 εἷρξαι
1050 3898 1276 3975 βασιλέα
1350 3904 1452 3968 τῆς
1509 3900 1711 3958 ἀτόπου
1769 3903 1970 3972 ταύτης

321 3991 520 4068 ὁρμῆς,
555 3988 988 4066 προθυμούμενον
1033 3989 1128 4064 μέν
1164 3991 1346 4064 αὺτὸν,
1379 3989 1559 4054 ἄλλως
1617 3989 1672 4046 δέ
1715 3992 1970 4069 ἡττώμε-

322 4099 412 4135 νον
441 4078 551 4134 τῶν
610 4076 885 4156 Ἀσπαρός
939 4099 998 4135 τε
1059 4079 1149 4136 καί
1207 4076 1574 4159 Ἀρδαϐούρίου
1623 4087 1842 4158 καιρῶν.
1881 4074 1972 4150 Ὠς

2054 3815 2146 3868 sto
2179 3814 2238 3867 et
2266 3805 2513 3882 indigno
2544 3806 2657 3868 hoc
2681 3814 2876 3886 ccepto
2909 3814 3191 3868 arcerent
3222 3807 3691 3886 imperatorem:

2056 3897 2158 3979 qui
2187 3896 2316 3978 ipse
2360 3895 2602 3976 quidem
2627 3895 2702 3958 ad
2735 3896 2850 3958 hoc
2899 3913 3134 3976 quoque
3183 3904 3309 3957 erat
3341 3904 3614 3977 prompto
3649 3901 3707 3957 et

2052 3988 2231 4049 alacri
2261 3986 2484 4061 animo,
2513 3985 2621 4047 sed
2665 3983 2914 4047 cedebat
2945 3986 3202 4066 tempori
3233 3987 3476 4066 Asparis
3507 3993 3566 4048 et
3591 3986 3704 4048 Ar-

2055 4076 2314 4140 daburii.
2347 4077 2492 4137 Cum
2525 4092 2668 4154 ergo
2700 4075 2785 4136 sic
2816 4084 3060 4156 paratus
3081 4082 3242 4138 esset
3271 4076 3490 4138 Christi
3520 4093 3701 4138 exer-

330 4174 418 4225 οὖν
474 4166 638 4231 οὕτως
694 4169 729 4235 ἡ
787 4177 880 4228 τοῦ
952 4169 1182 4246 Χριστοῦ
1257 4171 1476 4249 στρατιὰ
1544 4171 1969 4254 παρεσκεύαστο,

2057 4166 2327 4242 citus,eis
2355 4183 2594 4247 quoque
2619 4166 2778 4227 Deus
2815 4165 3080 4227 ostendit
3101 4165 3316 4226 ducem
3347 4185 3360 4228 :
3390 4173 3448 4226 et
3479 4172 3706 4227 tantum

333 4253 583 4312 δείκνυσιν
625 4258 809 4321 αὐτοῖς
864 4259 893 4312 ὃ
937 4259 1068 4324 Θεὸς
1109 4257 1200 4314 καί
1241 4259 1334 4316 τὸν
1384 4263 1709 4340 στρατηγὸν,
1762 4263 1851 4319 καί
1893 4253 1969 4320 ὅτι

2060 4258 2354 4319 interesse
2383 4260 2542 4317 inter
2572 4256 2921 4318 Marcellum
2954 4263 3011 4316 et
3069 4254 3219 4318 alios
3271 4255 3616 4317 sacerdotes
3647 4265 3708 4316 et

332 4351 584 4402 τοσοῦτον
624 4347 690 4415 ἧν
747 4347 1048 4427 Μαρκέλλῳ
1075 4351 1136 4407 τὸ
1191 4349 1433 4431 διαφέρον
1463 4351 1594 4429 πρὸς
1623 4353 1745 4416 τοὺς
1777 4352 1969 4420 ἄλλους

2060 4348 2397 4430 pontiﬁces,
2429 4354 2718 4427 quantum
2750 4349 2908 4408 inter
2937 4345 3238 4407 exercitus
3261 4344 3477 4407 ducem
3509 4354 3570 4407 et
3597 4345 3708 4406 im-

330 4435 504 4516 ίερέας
561 4457 617 4492 τε
673 4439 764 4494 καί
806 4437 1084 4518 ἀρχιερεῖς
1145 4440 1271 4498 ὅσον
1335 4449 1638 4520 στρατηγοῦ
1680 4443 1770 4499 καί
1826 4444 1969 4520 βασι-

2063 4448 2402 4521 peratorem
2443 4455 2455 4497 :
2489 4445 2668 4516 atque
2699 4437 2931 4514 adeo,si
2960 4435 3130 4517 velis,
3159 4435 3616 4520 inter.militem
3650 4441 3710 4496 et

329 4525 470 4590 λέως
502 4527 564 4584 τὸ
612 4527 800 4609 μέσον,
850 4531 895 4585 εἷ
949 4530 1131 4606 βούλει
1184 4527 1259 4612 δέ,
1319 4533 1409 4588 καί
1465 4534 1790 4608 στρατιώτου
1847 4536 1969 4615 πρὸς

2064 4531 2280 4592 ducem
2311 4530 2466 4605 ;hoc
2487 4529 2596 4589 fuit
2618 4528 2863 4590 evidens
2901 4527 3136 4606 signum
3164 4545 3179 4587 :
3213 4524 3362 4587 Nam
3390 4525 3552 4588 inter
3583 4543 3712 4587 am-

330 4618 636 4695 στρατηγὸν
686 4619 903 4699 ἐναργές
963 4627 1118 4677 τοῦτο
1190 4610 1481 4697 σύμϐολον,
1544 4616 1636 4688 Ὠς
1687 4625 1788 4704 γὰρ
1845 4610 1969 4682 ἐπο-

2067 4619 2391 4680 bulandum
2425 4618 2706 4680 videbant
2735 4617 2778 4678 ii
2831 4618 2934 4699 qui
2981 4616 3144 4696 digni
3173 4624 3344 4678 erant
3374 4633 3446 4677 ea
3477 4615 3709 4694 videre,

329 4707 570 4784 ρεύοντο,
605 4708 784 4788 ἆώρων
841 4708 984 4773 ὅσοις
1030 4709 1096 4779 δὴ
1139 4711 1228 4768 καί
1268 4713 1335 4770 τὰ
1387 4721 1606 4771 τοιαῦτα
1649 4716 1775 4793 ὁρᾷν
1837 4715 1980 4781 ἄξιον

332 4797 609 4855 νεανίσκον
664 4801 782 4856 τινὰ
860 4801 1072 4880 μεγέθει
1151 4800 1248 4878 μέν
1321 4803 1602 4883 μέγιστον,
1663 4805 1854 4862 κάλλει
1925 4805 1980 4862 δέ

332 4888 750 4966 εὖπρεπεστάτῳ
803 4892 1056 4968 κομῶντα
1099 4893 1188 4949 καί
1231 4891 1528 4968 ἐξωσμένον
1577 4894 1720 4973 ζώνῃ
1778 4903 1974 4977 χρυσῇ,

332 4977 524 5067 λευκὸν
584 4978 682 5054 μέν
727 4978 868 5037 οὕτω
915 4982 1009 5051 τὴν
1066 4982 1187 5041 θέαν
1239 4985 1313 5049 ὡς
1371 4985 1462 5042 καί
1523 4986 1702 5065 χιόνος
1759 4987 1982 5067 κρείττω

329 5064 534 5142 δοκεῖν,
597 5068 850 5149 φλογώδη
927 5070 982 5128 δέ
1051 5071 1218 5140 οὕτως
1291 5075 1365 5138 ὡς
1419 5064 1821 5153 ἀπαστράπτειν
1893 5081 1983 5135 καί

333 5159 473 5236 φῶς.
505 5159 718 5217 Χλαῖνα
764 5157 819 5216 δέ
871 5162 1013 5237 αὑτῴ
1069 5163 1158 5220 καί
1211 5164 1408 5244 χιτὼν,
1452 5166 1540 5220 καί
1595 5172 1762 5224 ταῦτα
1791 5167 1980 5246 χιόνος

331 5246 460 5304 ὅντα
491 5248 802 5330 λευκότερα.
841 5258 1032 5310 Τοῦτον
1090 5259 1178 5311 οὖν
1229 5253 1410 5333 ἑώρων
1471 5253 1523 5320 ἐξ
1566 5258 1850 5333 εὐωνύμων
1904 5265 1982 5334 τῷ

337 5338 566 5416 μεγάλῳ
619 5343 1089 5422 συμπορευόμενον
1157 5346 1394 5426 καθάπερ
1468 5346 1588 5404 τινὰ
1642 5348 1982 5417 ὑπασπιστὴν

337 5428 507 5521 καλὸν
540 5429 659 5521 ἅμα
702 5431 790 5488 καί
831 5429 1074 5515 φοϐερὸν,
1109 5435 1197 5492 καί
1224 5435 1322 5504 τὴν
1353 5449 1516 5518 χεῖρα
1547 5437 1670 5495 οἷον
1711 5440 1983 5521 ὑπέχοντα

343 5520 436 5575 τὸν
489 5518 791 5600 πρεσϐύτην
821 5521 1060 5604 ἀνέχειν,
1105 5528 1196 5584 καί
1224 5527 1316 5587 σὺν
1347 5527 1447 5607 ὅσῃ
1503 5535 1572 5609 τῇ
1628 5531 1768 5592 αἰδοῖ
1812 5518 1981 5615 ⁷θερασι

412 5726 502 5813 (3)
535 5728 693 5796 Vide
721 5729 1046 5801 Baronium
1076 5733 1152 5803 ad
1180 5752 1278 5830 an,
1301 5737 1444 5808 4'19.

2057 4709 2343 4790 juvenem
2395 4708 2637 4790 quidem
2696 4716 2918 4770 statura
2973 4707 3320 4783 maximum,
3353 4707 3544 4767 forma
3569 4723 3712 4769 vero

2066 4801 2564 4883 pulcherrimum,
2600 4808 2659 4861 et
2702 4816 2852 4860 zona
2909 4799 3168 4860 cinctum
3230 4813 3433 4876 aurea,
3467 4806 3716 4880 aspectu

2067 4892 2314 4972 quidem
2347 4899 2465 4952 tam
2498 4891 2850 4970 candidum,
2885 4897 2948 4950 ut
2979 4889 3175 4950 nivem
3200 4889 3508 4951 videretur
3527 4905 3711 4969 supe-

2065 4999 2221 5044 rare:
2251 4991 2368 5043 tam
2391 4980 2657 5044 lucidum
2681 4987 2980 5055 autem,ut
3003 4982 3135 5042 lucc
3147 4979 3719 5045 coruscaret.Lanea

2071 5091 2205 5136 vero
2231 5073 2286 5135 ei
2305 5079 2435 5134 erat
2459 5078 2518 5134 et
2534 5070 2952 5151 tunica,eaque
2969 5071 3105 5134 nive
3121 5067 3610 5133 candidior.Eum
3627 5086 3720 5132 er-

2065 5184 2138 5248 go
2169 5163 2453 5227 videbant
2474 5179 2509 5223 a
2531 5160 2796 5223 sinistris
2819 5160 2998 5222 simul
3028 5179 3162 5222 cum
3191 5177 3407 5241 magno
3437 5159 3717 5222 Marcello

2064 5251 2685 5330 ambulantem,veluti
2706 5251 3025 5334 quemdam
3042 5250 3720 5333 satellitem,pulcbrum

2065 5348 2243 5412 simul
2259 5357 2318 5410 et
2341 5345 2668 5410 terribilem
2683 5351 2766 5420 ,et
2787 5360 3030 5404 manum
3051 5341 3235 5404 veluti
3255 5348 3717 5423 supponentem,

2067 5439 2427 5504 sustinuisse
2458 5454 2695 5518 senem,
2719 5443 2779 5496 et
2799 5453 2934 5512 cum
2958 5433 3215 5495 maxima
3234 5431 3571 5495 reverentia
3598 5448 3720 5492 non

2069 5535 2375 5604 destitisse
2405 5539 2463 5600 ei
2494 5537 2960 5605 inservire.C.um
2993 5550 3192 5606 autem
3231 5537 3484 5618 ingressi
3517 5518 3720 5592 essent
