4066 6416
406 325 526 392 743

1717 324 1878 388 ΜΕΝ
1885 322 1998 386 SIS
2047 322 2477 387 DEGEMBER.

3669 320 3790 387 744

410 462 475 525 in
509 479 646 526 eum
679 461 905 536 locum,
935 460 999 524 in
1029 481 1144 544 quo
1176 461 1406 525 solebat
1462 460 1676 523 sedere
1705 460 2052 541 imperator,

2149 460 2367 517 πεόοντα
2418 459 2495 534 μὴ
2556 458 2897 539 ἀφίστασθαι,
2933 456 3087 515 Ἐπεὶ
3144 454 3199 513 δὲ
3258 458 3348 513 καὶ
3377 454 3513 513 εἴσω
3557 457 3797 534 γένοιντο

414 551 805 634 eratquidem
856 551 945 614 sic
990 571 1226 634 quoque
1286 551 1599 614 Marcellus
1630 550 1830 611 omnia
1859 548 1931 611 iis
1961 548 2063 630 qui

413 650 582 705 erant
605 641 930 720 Ecclesiae;
961 642 1105 720 quin
1134 642 1311 704 etiam
1337 641 1470 721 ipse
1492 658 1734 721 quoque
1758 639 1948 701 libere
1970 642 2064 701 ιο.

411 731 703 813 quebatur
725 731 797 794 ad
823 730 901 791 im
911 738 1339 811 peratorem,et
1360 729 1478 792 illis
1498 729 1760 793 addebat
1773 730 2061 805 animum,

413 830 471 884 et
491 819 930 902 quodammodo
954 838 1057 882 eos
1079 819 1507 883 adhortabatirr
1532 820 1604 881 ad
1629 826 1934 883 certamen
1959 837 2063 901 pro

413 910 649 975 Christo
680 909 1356 991 suscipiendum.Atque
1388 909 1476 971 illi
1508 908 1748 990 quidem
1778 928 1914 971 cum
1940 928 2064 971 om-

412 999 509 1062 nia
530 998 865 1062 effecissent
890 1007 1135 1080 propter
1166 1018 1296 1081 quaa
1330 1009 1784 1080 venerant,qu:n
1813 999 2060 1080 quidem

411 1096 602 1171 erant,
637 1098 701 1151 ut
722 1089 968 1170 Asparis
995 1089 1151 1152 ﬁlius
1171 1098 1274 1153 aut
1293 1097 1516 1153 rectam
1546 1090 2061 1170 disceretOpinio-

409 1198 573 1255 nem,
607 1187 708 1241 aut
738 1197 849 1242 nec
882 1179 1232 1260 dignitatem
1290 1181 1543 1243 Caesaris
1575 1181 1876 1260 acciperet
1909 1179 2061 1260 (hinc

410 1269 570 1332 enim
595 1269 684 1331 eis
717 1269 1019 1349 pollicitus
1048 1277 1142 1332 est
1197 1270 1567 1351 imperator),
1602 1272 1871 1332 lmtantes
1894 1276 2061 1332 exie-

411 1357 687 1437 runt.llle
704 1366 899 1421 autem
917 1377 1126 1422 rursus
1150 1359 1526 1436 adolescens,
1560 1370 1622 1423 et
1647 1359 2065 1436 altissimus,et

416 1447 1132 1531 Splendidissimus,visus
1150 1449 1393 1529 quidem
1428 1457 1517 1510 est
1545 1449 1739 1511 adhuc
1769 1448 1982 1511 adesse
2004 1455 2061 1511 et

419 1539 643 1601 versari
687 1556 821 1601 cum
851 1537 1162 1601 Marcello.
1199 1536 1345 1601 Cum
1370 1556 1512 1600 vero
1545 1556 1680 1600 eum
1712 1537 2061 1601 deduxisset

419 1628 699 1710 usquead
751 1635 971 1707 portas,
1004 1628 1077 1689 de
1110 1637 1325 1691 caetero
1359 1629 1601 1690 evanuit
1627 1647 1696 1690 ex
1726 1628 1940 1692 oculis.
1974 1628 2061 1691 De

415 1737 537 1799 quo
577 1717 776 1779 nullus
806 1716 1099 1779 dubitavit
1128 1736 1201 1780 ex
1235 1720 1304 1779 iis
1334 1718 1435 1798 qui
1487 1718 1758 1793 aderant,
1791 1718 1899 1781 sed
1931 1720 2057 1780 evi-

416 1795 566 1870 dens
588 1807 695 1869 luit
715 1808 991 1869 omnibus
1013 1825 1148 1870 eum
1173 1795 1366 1870 fuisse
1381 1807 1486 1870 Dei
1511 1810 1876 1885 ministrum,
1906 1808 2060 1871 virili
2082 1795 2120 1846 Β

414 1896 621 1959 habitu
650 1896 1057 1977 indutum,qui
1089 1897 1306 1959 missus
1336 1897 1546 1980 fuerat,
1575 1905 1639 1959 ut
1668 1906 1829 1961 esset
1858 1905 2060 1961 custos

415 1998 477 2050 et
505 1987 744 2050 satelles
772 1983 1189 2051 Marcelli.Sed
1212 1986 1285 2050 ab
1312 2005 1384 2050 eo
1418 1988 1660 2067 quidem
1687 1988 1794 2050 fuit
1820 1988 2061 2052 habitus

411 2077 471 2139 in
504 2085 661 2140 tanto
694 2077 945 2140 honore.
982 2077 1152 2141 Haud
1185 2077 1267 2141 ita
1298 2078 1485 2141 multo
1522 2088 1654 2160 post
1693 2086 2059 2160 acceperunt

410 2166 590 2230 ﬁnem
623 2185 856 2247 ea,quae
880 2166 932 2229 is
961 2167 1257 2248 praedixit.
1283 2168 1657 2232 Ardaburius
1688 2168 1847 2231 enim
1880 2169 2059 2231 simul

410 2276 547 2321 cum
580 2265 746 2338 patre
773 2264 833 2318 et
859 2256 1063 2332 fratre,
1093 2264 1152 2320 et
1182 2257 1316 2320 aliis
1348 2277 1469 2323 non
1516 2265 1722 2339 paucis
1747 2277 1820 2321 ex
1853 2258 1928 2321 iis
1957 2258 2061 2340 qui

413 2346 866 2428 erantejusdem
885 2346 1367 2428 sententia,cum
1381 2348 1946 2411 ebibissetultimam
1961 2351 2060 2412 fae-

412 2455 545 2502 cem
577 2437 683 2499 iraa
705 2435 964 2514 Domini,
998 2444 1203 2519 raptus
1244 2446 1335 2500 est
1392 2437 1466 2501 ab
1498 2438 1868 2521 hominibus,
1902 2438 2060 2503 leoni

412 2528 615 2608 draco,
647 2526 995 2607 imperatori
1020 2528 1181 2605 juste
1204 2527 1461 2590 traditus
1488 2527 1730 2610 impius.

492 2615 722 2682 XXXV.
756 2616 950 2681 Unum
983 2617 1179 2681 adhuc
1224 2626 1408 2681 restat
1452 2622 1885 2683 convenienter
1914 2638 2065 2684 meae

411 2707 796 2789 promissioni
832 2727 846 2768 :
883 2707 1044 2786 quod
1075 2708 1178 2771 ubi
1210 2708 1515 2789 adjecero,
1546 2710 1726 2773 tinem
1755 2711 2060 2793 imponam

413 2798 690 2862 orationi.
726 2799 1016 2863 Lucianus
1046 2798 1292 2880 quidam
1345 2803 1685 2863 Constantis
1737 2799 1918 2877 illius,
1950 2800 2061 2863 viri

412 2888 516 2971 qui
540 2888 790 2951 multum
849 2897 1080 2971 poterat
1131 2889 1410 2964 consilio,
1446 2889 1751 2973 despectis
1782 2890 2062 2954 humanis

413 2977 712 3054 omnibus,
744 2978 1173 3044 monasterium
1225 2980 1555 3059 ingressus,
1592 2979 1758 3042 brevi
1789 2988 2061 3062 tempore

411 3086 522 3150 per
550 3067 900 3131 Marcellum
936 3070 1157 3133 multos
1176 3088 1389 3135 eorum
1407 3070 1508 3151 qui
1526 3079 1973 3134 consenuerant
1996 3071 2059 3133 in

2148 548 2267 607 ἔνθα
2325 547 2390 616 δὴ
2444 550 2533 605 καὶ
2591 551 2618 604 6
2662 547 2912 624 βασιλεὺς
2951 546 3121 604 εἰώθει
3183 546 3509 619 καθίζεσθαι,
3569 546 3635 615 ἦν
3695 548 3793 622 μὲν

2147 639 2232 695 καὶ
2286 637 2425 695 οὕτω
2482 637 2796 713 Μάρκελλος
2858 650 2977 701 τοῖς
3024 643 3123 705 τῆς
3168 635 3499 704 Ἐκκλησίας
3530 636 3596 692 τὰ
3625 638 3799 694 πάντα

2148 728 2453 807 γινόμενος.
2509 727 2655 797 Πλὴν
2689 726 2826 785 ἀλλὰ
2857 728 2945 785 καὶ
2989 729 3146 793 αὖτὸς
3191 728 3326 806 πρὸς
3370 726 3463 784 τὸν
3509 738 3802 805 κρατοῦντα

2147 816 2323 875 πολλὰ
2381 817 2871 896 παρρησιαζόμενος
2933 817 3203 883 κάκείνως
3295 816 3656 894 ἐπιθαρσύνων
3713 818 3802 874 καὶ

2148 908 2269 965 οἷον
2325 909 2457 986 πρὸς
2500 909 2592 963 τὸν
2648 908 2779 982 ὑπὲρ
2835 915 3061 986 Χριστοῦ
3118 908 3303 977 ἀγῶνα
3357 905 3799 985 ἐγκελευόμενος,

2146 1020 2193 1054 οι
2251 997 2349 1073 μὲν
2408 996 2473 1065 δὴ
2516 994 2984 1074 καταπραξάμενοι
3028 998 3203 1055 πάντα
3255 995 3298 1052 δ’
3346 995 3380 1052 ἃ
3438 996 3534 1053 καί
3580 994 3774 1065 ἥκασιν

2144 1087 2298 1143 ἅτινα
2350 1090 2418 1154 ἦν
2476 1088 2569 1143 τὸν
2599 1086 2878 1165 ’Ἃσπαρος
2910 1089 3020 1144 υἱὸν
3070 1087 3105 1156 ἢ
3155 1087 3253 1155 τὴν
3298 1087 3456 1161 ὀρθὴν
3488 1090 3799 1162 μεταθεῖναι

2142 1175 2317 1251 δόξαν,
2377 1177 2413 1243 ἧ
2471 1174 2608 1252 μηδὲ
2653 1176 2752 1243 τὴν
2822 1174 2970 1241 ἀξίαν
3022 1174 3210 1234 λαϐεῖν
3278 1176 3546 1254 Καίσαρος
3605 1177 3800 1255 (ταῦτα

2140 1267 2240 1344 γὰρ
2274 1269 2301 1323 6
2334 1272 2537 1345 κρατῶν
2594 1269 2775 1330 αὐτοῖς
2824 1265 3237 1345 ἐπηγγείλατο),
3301 1263 3525 1341 ἐξῄεσαν
3563 1266 3796 1345 χαίρον-

2141 1378 2253 1422 τες.
2304 1356 2565 1419 Κάκεῖνος
2596 1354 2759 1415 πάλιν
2791 1357 2819 1411 ὁ
2850 1357 3058 1420 νεανίας
3102 1359 3129 1413 6
3159 1354 3499 1431 ὑψηλότατος
3553 1358 3642 1412 καὶ
3701 1359 3796 1415 εῦ-

2143 1445 2507 1525 πρεπέστατος
2563 1445 2649 1501 καὶ
2708 1443 3088 1523 λαμπρότατος
3146 1446 3375 1516 θεαθεὶς,
3437 1445 3620 1523 παρὼν
3694 1445 3797 1520 μὲν

2142 1536 2236 1594 καῖ
2297 1536 2374 1592 ἔτι
2433 1538 2520 1592 καὶ
2596 1542 2673 1609 τῷ
2733 1534 3032 1612 Μαρκέλλῳ
3100 1537 3271 1592 συνὼν
3333 1536 3538 1614 ἑωρᾶτο
3594 1534 3684 1591 καί
3738 1557 3791 1591 τι

2143 1624 2488 1705 προσομιλῶν
2523 1640 2536 1655 ⁶
2587 1623 2715 1705 ἄχρι
2748 1623 2802 1681 δὲ
2834 1631 2938 1681 τῶν
2983 1624 3165 1682 πυλῶν
3207 1627 3369 1684 αὺτὸν
3426 1624 3797 1703 παραπέμψας

2141 1719 2203 1773 τὸ
2232 1716 2419 1773 λοιπὸν
2462 1715 2682 1779 ἀθέατος
2722 1716 2811 1794 ἦν,
2860 1713 3027 1773 οὐδενὶ
3056 1722 3163 1773 τῶν
3194 1716 3474 1793 παρόντων
3508 1712 3796 1795 ἀμφισϐη-

2142 1807 2399 1885 τήσιμος,
2435 1804 2572 1862 ἀλλὰ
2615 1812 2744 1862 πᾶσι
2803 1804 2964 1872 δῆλος
3023 1805 3304 1885 γινόμενος
3348 1803 3429 1861 ὅτι
3490 1811 3621 1864 Θεοῦ
3678 1803 3797 1861 λει-

2144 1898 2366 1975 τουργὸς
2397 1893 2495 1969 ὢν,
2530 1894 2729 1974 σχῇμά
2757 1915 2815 1951 τε
2847 1892 3034 1973 ἀνδρὸς
3092 1893 3355 1969 ὒπελθὼν,
3394 1891 3562 1973 φύλαξ
3620 1892 3799 1970 ἐπέμ-

2144 1989 2249 2065 φθη
2332 1986 2418 2042 καὶ
2467 1982 2750 2064 δορυφόρος
2842 1982 3160 2062 Μαρκέλλῳ.
3237 1982 3407 2042 Ἀλλὰ
3466 1989 3623 2041 τοῦτο
3700 1984 3799 2058 μέν

2142 2077 2292 2138 οὗτος
2323 2072 2687 2155 διαφερόντως
2731 2074 3014 2150 τετίμητο.
3048 2072 3177 2132 Μετ’
3213 2077 3273 2133 οὗ
3315 2071 3454 2130 πολὺ
3507 2070 3563 2128 δέ
3624 2074 3709 2129 καὶ
3765 2072 3801 2129 ἃ

2141 2177 2371 2244 προεῖπε
2427 2165 2488 2220 τὸ
2547 2160 2700 2228 τέλος
2757 2161 2997 2243 ἐδέχετο.
3060 2160 3439 2242 Ἀρδαϐοόριος
3495 2163 3595 2241 γὰρ
3640 2164 3801 2233 πατρί

2141 2275 2199 2312 τε
2233 2255 2347 2331 ἅμα
2387 2254 2476 2310 καὶ
2510 2251 2722 2332 ἀδελφῷ
2754 2255 2843 2311 καὶ
2875 2252 3056 2318 ἄλλοις
3089 2257 3184 2313 οὒκ
3239 2252 3442 2332 ὀλίγοις
3489 2259 3597 2310 τῶν
3655 2253 3797 2320 όμο-

2143 2342 2303 2410 δόξων
2358 2342 2576 2422 τρδγίαν
2650 2347 2750 2410 τῆς
2828 2343 2993 2422 όργῆς
3076 2343 3409 2408 ἒκπεπωκὼς
3485 2340 3538 2407 ἐξ
3586 2341 3797 2421 ἀνθρώ-

2143 2457 2259 2492 πων
2317 2432 2654 2513 ἀνήρπαστο,
2688 2438 2757 2510 τῇ
2785 2431 2963 2491 λέοντι
3022 2434 3051 2490 ὁ
3106 2431 3338 2514 δράκων,
3384 2438 3453 2509 τῇ
3495 2431 3713 2509 βασιλεῖ
3769 2434 3797 2489 6

2142 2520 2400 2593 δυσσεϐὴς
2432 2521 2647 2586 δικαίως
2680 2520 3019 2602 παραδοθείς.

2225 2604 2353 2673 ΛΕ’.
2402 2612 2501 2671 ’Ἑν
2556 2610 2631 2668 ἔτι
2688 2610 2931 2669 λείπεται
2987 2611 3127 2668 κατὰ
3155 2611 3254 2680 τιὶθ
3297 2611 3622 2692 ὑπόσχεσιν,
3669 2611 3800 2691 ὅπερ

2144 2703 2262 2783 ἄρτι
2322 2703 2569 2781 προσθεὶς
2622 2699 2775 2764 τέλος
2834 2700 3074 2771 ἐπιθήσω
3130 2702 3208 2775 τῷ
3271 2699 3440 2778 λόγω,
3503 2700 3798 2767 Λουκιανός

2145 2815 2228 2857 τις
2274 2792 2625 2855 Κώνσταντος
2654 2791 2765 2855 υίὸς
2808 2787 2996 2869 ἀνδρὸς
3040 2791 3181 2868 μέγα
3224 2788 3279 2845 ἐν
3322 2795 3391 2866 τῇ
3434 2786 3603 2866 βουλῇ
3630 2787 3798 2857 δυνη-

2144 2883 2326 2949 θέντος
2362 2930 2379 2963 ,
2440 2881 2590 2946 οὗτος
2648 2885 2755 2937 τῶν
2828 2878 3170 2958 ἀνθρωπίνων
3247 2879 3464 2937 πάντων
3535 2878 3797 2959 ὑπεριδὼν

2143 2974 2234 3032 καὶ
2292 2973 2359 3029 τὰ
2416 2979 2523 3030 τῶν
2580 2971 2841 3050 μοναχῶν
2874 2968 3137 3051 ὑπελθὼν,
3185 2968 3241 3026 ἐν
3270 2968 3453 3049 χρόνῳ
3480 2969 3685 3049 βραχεῖ
3714 2966 3801 3026 διὰ

2143 3061 2462 3143 Μαρκέλλου
2503 3060 2742 3123 πολλοὺς
2787 3061 2875 3117 καὶ
2922 3067 3029 3118 τῶν
3086 3060 3140 3118 ἐν
3200 3060 3429 3130 ἀσκήσει
3482 3059 3796 3137 γεγηρακόο

3781 1044 3799 1077 9

418 3148 1051 3239 exercitationeJonge
1077 3179 1111 3223 a
1139 3168 1304 3240 tergo
1333 3148 1582 3241 reliquit
1611 3177 1624 3220 :
1652 3177 1829 3241 quem
1855 3159 2061 3223 dicunt

2149 3175 2247 3211 των
2304 3153 2475 3209 ὀπίσω
2530 3151 2790 3241 τέθεικεν,
2835 3148 2893 3207 ὅν
2923 3173 3082 3231 φασιν
3114 3152 3243 3241 ,ὑπὸ
3286 3148 3517 3241 μηδενὸς
3576 3150 3799 3241 ὀφθῆναι

413 3267 448 3313 a
468 3248 633 3311 nullo
656 3266 916 3330 unquam
943 3267 1078 3312 esse
1093 3251 1286 3312 visum
1314 3267 1425 3313 nec
1442 3250 1827 3325 irascentem,
1863 3267 2059 3330 neque

414 3339 599 3403 multa
625 3337 995 3419 loquentem,
1030 3339 1136 3401 sed
1170 3356 1369 3420 neque
1412 3339 1518 3401 ulli
1555 3338 1922 3420 praebentem
1957 3340 2061 3401 ira:

410 3427 1145 3510 occasionem.ls,quando
1175 3428 1369 3491 bonus
1403 3436 1574 3510 pater
1602 3428 1918 3493 Marcellus
1950 3448 2058 3492 ex-

411 3516 690 3597 cedebat,
709 3523 1002 3593 astans,et
1024 3518 1338 3599 plusquam
1373 3518 1475 3581 alii
1504 3518 1857 3599 lacrymans,
1882 3536 2061 3598 roga-

413 3606 697 3687 bat,lianc
719 3606 831 3668 sibi
860 3605 984 3670 dari
1003 3609 1254 3688 gratiam
1283 3630 1299 3681 ;
1325 3626 1396 3671 ea
1413 3616 1607 3672 autem
1631 3615 1779 3685 erat,
1816 3627 1891 3670 ne
1922 3627 2057 3671 eum

414 3695 752 3777 despiceret
772 3697 870 3759 hic
898 3698 1326 3781 solum,neque
1358 3700 1584 3763 sineret
1614 3717 1752 3761 eum
1783 3717 1915 3762 esse
1948 3699 2061 3781 ipsi

411 3785 588 3867 longo
622 3795 892 3868 tempore
922 3789 1334 3870 superstitem,
1364 3807 1563 3871 neque
1593 3789 1758 3853 enim
1788 3807 1854 3851 se
1883 3808 2061 3871 posse

412 3875 670 3957 amplius
698 3885 862 3941 recte
892 3876 1112 3954 vivere,
1144 3878 1300 3941 sicut
1340 3896 1541 3957 neque
1562 3896 1771 3941 navem
1794 3885 1917 3940 tuto
1949 3897 2061 3941 na-

414 3964 634 4046 vigare,
666 3985 797 4047 quin
825 3967 1031 4032 amisit
1060 3967 1549 4049 gubernatorem.
1590 3968 1660 4031 Et
1685 3968 1788 4031 ille
1818 3969 2062 4049 quidem

414 4054 545 4119 hinc
578 4072 593 4119 :
630 4058 945 4122 Marcellus
977 4076 1116 4122 vero
1147 4078 1282 4122 cum
1322 4059 1464 4122 vidit
1503 4078 1640 4122 eum
1673 4077 1885 4139 magna
1913 4059 2063 4123 atie-

415 4155 568 4206 ctum
601 4149 822 4209 tristitia
857 4173 871 4207 :
905 4151 1063 4220 Esto,
1097 4154 1306 4228 inquit,
1332 4153 1487 4213 bono
1517 4155 1748 4213 animo:
1774 4167 1909 4212 nam
1929 4167 2062 4211 cum

416 4250 525 4313 ego
556 4251 895 4317 excessero,
921 4244 982 4298 tu
1014 4256 1256 4320 quoque
1287 4239 1703 4319 consequeris,
1737 4248 1798 4300 et
1825 4236 2067 4300 insistes

414 4324 679 4405 vestigiis
709 4325 862 4406 ejus,
895 4345 1077 4407 quem
1123 4327 1457 4391 desideras.
1489 4331 1638 4390 Cum
1671 4328 1757 4389 sic
1787 4325 2062 4401 dixisset,

414 4419 590 4491 paulo
622 4428 750 4489 post
779 4417 956 4477 ﬁnem
990 4421 1210 4491 accepit
1237 4420 1393 4492 quod
1431 4419 1650 4477 dictum
1691 4420 1892 4478 fuerat.
1922 4419 2064 4477 Nam

415 4521 552 4566 cum
583 4502 686 4565 ille
716 4501 1029 4565 decessum
1060 4521 1216 4582 aegre
1245 4503 1452 4581 ferret,
1484 4514 1543 4566 et
1588 4512 1746 4566 totus
1777 4502 2066 4584 deinceps

418 4594 682 4675 quinque
711 4592 840 4655 dies
869 4604 931 4653 et
962 4603 1173 4654 noctes
1203 4592 1276 4656 ad
1310 4592 1529 4655 fossam
1581 4593 1778 4674 magni
1804 4593 2067 4657 Marcelli

415 4681 760 4761 mansisset,
788 4689 919 4761 post
953 4681 1117 4743 illum
1153 4682 1330 4761 mori,
1367 4683 1573 4757 vitam,
1606 4683 1738 4747 sine
1760 4703 1832 4747 eo
1866 4692 2067 4747 autem

417 4771 1095 4853 superstitem,mortem
1118 4772 1395 4835 acerbam
1421 4773 1794 4850 existimans,
1828 4775 1900 4837 ad
1930 4795 2066 4839 eum

418 4862 482 4925 in
498 4863 726 4924 somnis
743 4861 910 4925 venit
938 4879 1188 4942 magnus
1231 4861 1568 4942 Marcellus,
1603 4882 1960 4928 conversum
1992 4865 2066 4929 ad

418 4955 861 5031 sepulcrum,et:
885 4955 1015 5024 Cur,
1049 4957 1253 5028 inquit,
1293 4966 1344 5017 te
1363 4956 1602 5016 aﬂlictas
1623 4968 1679 5018 et
1708 4959 1969 5032 quereris
1999 4959 2068 5020 de

418 5041 705 5112 tarditate,
738 5049 791 5099 et
809 5055 924 5099 non
946 5041 1134 5101 credis
1156 5045 1183 5098 ‘I
1200 5040 1329 5116 Ego
1350 5043 1532 5103 Deum
1555 5059 1662 5118 pro
1687 5051 1742 5104 te
1776 5056 2064 5118 precatus.

422 5125 596 5191 effeci
616 5126 678 5190 id
696 5125 855 5209 quod
879 5126 984 5190 tibi
1005 5128 1272 5210 expedit,
1305 5137 1365 5192 et
1395 5130 1591 5193 statim
1611 5130 1686 5194 ad
1719 5150 1814 5194 me
1837 5132 2065 5196 venies.

419 5217 558 5286 Fuit
580 5222 684 5302 ita;
706 5230 765 5285 et
787 5221 962 5286 tertio
1002 5232 1137 5304 post
1159 5224 1256 5287 die
1278 5242 1314 5288 e
1347 5229 1464 5288 vita
1484 5226 1722 5290 excedit
1751 5226 2069 5310 Lucianus,

422 5327 553 5372 cum
568 5313 722 5372 solos
745 5323 871 5374 octo
891 5315 1014 5373 dies
1032 5316 1233 5375 luisset
1247 5331 1456 5391 magno
1481 5316 1745 5377 Marcello
1762 5330 2072 5393 superstes.

507 5395 764 5462 XXXVI.
798 5397 983 5473 Quam
1016 5399 1203 5464 multa
1234 5399 1664 5483 Marcelli,quae
1694 5412 1834 5466 sunt
1861 5403 2072 5484 hujus-

423 5487 609 5565 modi,
645 5489 761 5551 alia
781 5488 1025 5571 quidem
1052 5492 1426 5572 majora,alia
1449 5507 1648 5556 autem
1674 5512 1796 5556 non
1826 5495 2072 5559 omnino

420 5578 709 5643 inferiora
726 5579 757 5639 ‘l
777 5589 920 5660 quot
942 5580 1161 5662 linguai
1184 5583 1534 5646 suﬂ'ecerint
1563 5584 1636 5646 ad
1671 5585 2066 5663 narrandum,

423 5676 484 5738 et
513 5678 656 5754 quot
684 5667 827 5734 libri
847 5670 918 5735 ad
939 5688 1011 5734 ea
1030 5689 1168 5751 quas
1187 5672 2018 5759 scriberentur,suscipienda
2042 5684 2070 5741 ?

2143 3241 2411 3320 μηδέποτε
2455 3240 2587 3319 μήτ’
2644 3240 2987 3321 ὀργιζόμενον
3046 3240 3185 3317 μήτε
3243 3239 3422 3298 πολλὰ
3488 3239 3792 3319 φθεγγόμε-

2143 3355 2257 3405 νον,
2329 3330 2471 3389 ἀλλὰ
2513 3331 2622 3407 μὴν
2655 3329 2793 3408 μηδέ
2825 3329 2978 3406 ἄλλῳ
3017 3330 3267 3411 ἀφορμὴν
3318 3331 3483 3409 ὀργῆς
3545 3328 3794 3409 παρεχό-

2142 3443 2327 3500 μενον.
2389 3421 2552 3485 Οὗτος
2617 3428 2731 3497 οῦν,
2793 3422 2950 3491 ἡνίκα
3004 3422 3034 3478 ὁ
3100 3421 3344 3501 χρηστὸς
3405 3419 3551 3494 αὒτῷ
3609 3419 3795 3498 Πατὴρ

2144 3509 2382 3586 έξεδήμει
2454 3508 2785 3591 Μάρκελλος,
2867 3511 3142 3588 παραστὰς
3216 3509 3377 3568 πλέον
3451 3515 3556 3567 τῶν
3617 3508 3795 3566 ἄλλων

2143 3599 2521 3681 δεδακρυμένος
2576 3601 2722 3669 ἠξίου
2778 3603 2865 3659 καὶ
2922 3603 3117 3670 ταύτην
3203 3602 3346 3675 αὐτῷ
3401 3601 3499 3669 τὴν
3557 3599 3801 3679 ἐσχάτην

2145 3689 2361 3759 δοθῆναι
2402 3692 2561 3772 χάριν
2589 3708 2604 3724 ⁸
2666 3694 2698 3760 ἡ
2744 3690 2797 3749 δέ
2824 3691 2891 3760 ἧν
2922 3692 3000 3769 μὴ
3044 3689 3303 3772 περιιδεῖν
3366 3690 3522 3747 αὒτὸν
3581 3690 3804 3746 ἐνταῦθα

2146 3782 2308 3858 μόνον
2364 3779 2501 3858 μηδέ
2571 3780 2898 3839 καταλιπεῖν
2970 3780 3137 3840 πολὺν
3213 3778 3494 3838 ἐπιϐιῶναι
3548 3779 3746 3860 χρόνον
3782 3796 3800 3815 '

2148 3869 2286 3949 μηδέ
2330 3872 2431 3951 γὰρ
2475 3870 2720 3929 δύνασθαι
2775 3878 2872 3949 ζῇν
2919 3871 2997 3931 ἔτι
3055 3870 3261 3948 καλῶς,
3297 3871 3479 3950 ὥσπερ
3510 3868 3627 3927 οὒδέ
3678 3875 3803 3927 ναῦν

2147 3961 2398 4041 ἀσφαλῶς
2441 3961 2607 4019 πλεῖν
2649 3964 2743 4020 τὸν
2796 3959 3127 4040 κυϐερνήτην
3178 3959 3579 4022 ἀποϐαλοῦσαν.
3642 3960 3740 4019 Καὶ
3768 3961 3799 4018 6

2151 4052 2247 4129 μέν
2279 4054 2466 4132 ταῦτα,
2499 4053 2527 4108 ό
2558 4051 2614 4109 δέ
2641 4054 2715 4116 ὡς
2759 4051 2878 4109 λίαν
2934 4052 3090 4109 αὑτὸν
3149 4051 3289 4131 ἑώρα
3330 4053 3622 4131 περιαλγῆ,
3658 4050 3806 4129 Θάρ-

2151 4163 2259 4219 σει,
2295 4141 2396 4222 έφη
2432 4159 2447 4175 ⁸
2483 4142 2615 4219 ἐμοῦ
2670 4142 2772 4221 γὰρ
2829 4140 3153 4207 ἀπελθόντος
3187 4142 3275 4200 καὶ
3309 4143 3465 4208 αὑτὸς
3496 4141 3806 4200 ἀκολουθῶν

2149 4230 2246 4308 ἔσῃ
2296 4233 2384 4290 καί
2425 4233 2566 4289 κατὰ
2617 4231 2782 4296 πόδας
2844 4231 3001 4312 ἀφίξῃ
3057 4238 3152 4289 τοῦ
3208 4231 3559 4308 ποθουμένου.
3623 4229 3806 4312 Οὕτως

2148 4321 2391 4386 εἰπόντος
2447 4321 2608 4400 πέρας
2651 4322 2790 4397 μετὰ
2849 4311 3040 4399 μικρὸν
3090 4320 3312 4403 ἐδέχετο
3371 4325 3434 4380 τὸ
3488 4321 3669 4401 ῥηθέν.
3709 4311 3806 4386 ’Χς

2149 4411 2248 4489 γὰρ
2311 4411 2519 4475 ἐκεῖνος
2576 4412 2694 4468 λίαν
2758 4411 2962 4490 βαρέως
3020 4413 3121 4481 τὴν
3192 4412 3448 4481 τελευτὴν
3509 4411 3660 4492 ἔφερε
3716 4414 3807 4470 καὶ

2092 4499 2290 4594 θ’ὁλων
2349 4499 2469 4568 έξῆς
2502 4502 2720 4579 ἡμερῶν
2752 4503 2838 4560 καί
2896 4506 3096 4563 νυκτῶν
3155 4502 3315 4561 πέντε
3371 4503 3513 4582 παρὰ
3568 4504 3661 4559 τὸν
3711 4512 3806 4562 τοῦ

2151 4589 2392 4668 μεγάλου
2448 4592 2610 4673 τάφον
2672 4590 2926 4669 διέμεινε,
2977 4596 3040 4651 τὸ
3067 4593 3154 4652 ἐπ’
3198 4593 3383 4668 ἐκείνῳ
3437 4596 3621 4651 θανεῖν
3678 4599 3801 4674 ζῇν,

2150 4682 2211 4738 τὸ
2264 4678 2319 4737 δέ
2371 4682 2538 4762 χωρίς
2569 4684 2726 4740 αἶ)τοῦ
2776 4698 3040 4764 περιεῖναι
3079 4686 3269 4765 πικρὸν
3299 4686 3598 4764 ἡγούμενος
3633 4683 3799 4741 θάνα-

2150 4796 2265 4846 τον,
2325 4772 2599 4853 ἐφίσταται
2653 4778 2682 4833 ὀ
2741 4776 2910 4856 μέγας
2969 4779 3111 4851 αὑτῷ
3166 4779 3296 4857 πρὸς
3367 4775 3526 4835 ὕπνον
3588 4776 3675 4834 ἐπί
3726 4782 3804 4851 τῷ

2152 4865 2300 4944 τάφῳ
2330 4865 2612 4944 τραπέντι,
2666 4869 2778 4930 καί.
2814 4867 2996 4943 Ἰνατί,
3045 4866 3206 4946 φησί,
3263 4865 3652 4949 δυσχεραίνεις,
3713 4867 3805 4924 καὶ

2150 4955 2339 5037 μέμφῃ
2367 4955 2677 5037 βραδυτῆτι,
2708 4960 2799 5016 καὶ
2855 4958 3107 5023 ἀπιστεῖς
3142 4976 3158 5033 ;
3211 4955 3355 5038 Ἐγώ
3410 4980 3504 5015 σου
3549 4965 3643 5016 τοῦ
3671 4962 3806 5014 Θεοῦ

2149 5044 2360 5114 δεηθέὶς
2406 5049 2467 5104 τὸ
2517 5055 2741 5129 πρᾶγμα
2820 5049 2875 5105 ἐν
2959 5055 3037 5123 τῷ
3099 5047 3371 5105 λυσιτελεῖ
3426 5048 3659 5127 τέθεικα,
3720 5046 3810 5103 καὶ

2152 5134 2292 5205 ἥξεις
2350 5134 2473 5194 ὅσον
2506 5139 2598 5196 οὑκ
2656 5135 2760 5206 ἤδη
2818 5140 2949 5218 πρός
3001 5159 3092 5213 με.
3151 5136 3345 5218 Γέγονε
3374 5144 3564 5213 ταῦτα,
3598 5137 3687 5194 καὶ
3732 5137 3808 5200 εἰς

2153 5228 2336 5305 τρίτην
2391 5228 2419 5284 ὁ
2465 5230 2757 5292 Λουκιανὸς
2819 5227 3100 5287 ἀπολείπει
3158 5230 3250 5285 τὸν
3300 5228 3440 5307 βίον,
3495 5228 3625 5294 ὅλας
3656 5225 3802 5284 ὀκτὼ

2156 5319 2322 5395 μόνας
2354 5317 2614 5389 ἐπιζήσας
2644 5324 2721 5393 τῷ
2750 5319 2976 5397 μεγάλῳ
3001 5316 3231 5396 ἡμέρας.

2241 5407 2391 5481 Ag".
2428 5407 2575 5466 Πόσα
2631 5410 2852 5464 ταιαῦτα
2910 5408 3251 5489 Μαρκέλλου,
3310 5408 3378 5466 τὰ
3433 5406 3531 5486 μέν
3559 5405 3805 5485 κρείττω,

2153 5500 2220 5557 τὰ
2283 5496 2338 5553 δέ
2395 5499 2607 5563 πάντως
2661 5500 2765 5579 οὐχ
2794 5497 2941 5568 ἥττω
2976 5521 2992 5577 ς
3028 5499 3195 5557 Πόσαι
3227 5498 3290 5556 ἂν
3335 5498 3597 5579 ἁρκέσωσι
3631 5497 3809 5577 γλῶσ-

2154 5610 2268 5668 σαι,
2330 5588 2497 5645 πόσαι
2531 5587 2586 5645 δέ
2617 5600 2828 5669 χεῖρες,
2859 5590 3021 5648 πόσαι
3051 5589 3107 5646 δέ
3158 5587 3332 5668 βίϐλοι
3389 5590 3520 5669 πρὸς
3553 5589 3651 5657 τὴν
3695 5591 3805 5644 τῶν

2154 5677 2503 5762 γραφομένων
2575 5677 2872 5764 ὑποδοχὴν,
2931 5681 3032 5741 ὅσα
3074 5682 3177 5741 καὶ
3236 5679 3365 5762 ὑπέρ
3394 5678 3652 5754 ἐξήκοντα
3707 5677 3806 5749 τὴν
