4066 6424
268 327 392 403 745

1239 336 1420 406 VITA
1464 342 1522 404 s.
1578 332 1969 405 MARCELLI
2012 314 2707 407 ARCHIMANDRIT/E.

3537 336 3659 408 746

268 477 499 547 ἄσκησιν
540 481 856 559 παρατείνας
913 482 1009 548 ἔτη
1040 480 1094 536 ἐν
1149 491 1373 559 συνεχεῖ
1414 482 1625 559 ἐνήργει
1666 481 1732 537 τὰ
1788 481 1952 537 θαύ-Δ

2038 479 2114 551 tui
2135 497 2269 540 cum
2294 477 2780 541 exercitationem
2803 477 2957 541 ultra
2981 479 3291 559 sexaginta
3312 497 3501 542 annos
3528 498 3668 560 pro-

272 589 470 645 ματα;
528 572 682 634 Τίνος
731 573 831 643 μὲν
872 573 1078 635 ἒκεϊνος
1138 573 1233 629 οὐκ
1290 572 1344 626 ἐν
1417 571 1587 649 ἀγῶσι
1657 571 1934 649 καρτερὸς,

271 660 417 722 τίνος
474 657 529 714 δὲ
589 663 648 717 οὐ
704 661 837 737 πρὸς
880 659 1091 738 ἀγῶνας
1138 659 1546 739 ὠφελιμώτερος
1589 681 1604 731 ;
1644 656 1740 718 Καὶ
1797 662 1937 724 τίνος

269 749 371 804 οὒκ
440 748 506 815 ἧν
577 763 697 813 τοῖς
754 747 1145 829 σφαλλομένοις
1210 750 1621 828 ἐπιεικέστερος,
1686 751 1769 805 καὶ
1817 751 1935 824 περὶ

267 838 374 904 τὴν
444 839 722 916 θεραπείαν
791 837 1242 917 ἐπιμελέστερος;
1303 841 1391 905 Τίς
1453 838 1592 896 οὕτω
1654 839 1775 905 τοῖς
1836 838 1935 914 μὲν

269 922 638 998 ἀδικουμένοις
692 924 1005 1005 ἐκδικητής,
1035 939 1153 990 τοῖς
1215 925 1451 984 ἀδικοῦσι
1481 926 1536 982 δέ
1596 927 1670 1002 μή
1708 949 1932 1006 συγχω-

269 1028 386 1091 ρεῖν
424 1013 668 1087 ἀδικεῖεν
697 1015 862 1084 ὅλως,
886 1014 1025 1071 ἀλλᾶ
1066 1019 1163 1071 καὶ
1198 1017 1562 1094 ἀντιπράττων
1592 1016 1785 1091 καὶμὴ
1815 1028 1934 1079 τοῖς

269 1103 491 1161 ἐκείνων
558 1103 788 1161 ευδοκῶν
864 1102 1215 1180 θελήμασινς
1296 1108 1460 1168 Οὗτος
1503 1105 1560 1161 ἐν
1632 1106 1790 1163 παντὶ
1859 1111 1937 1178 τῷ

238 1194 375 1271 ’βέῷ
436 1193 535 1260 τὴν
565 1194 663 1268 μὲν
722 1192 855 1260 ὅλην
914 1193 1075 1250 νύκτα
1134 1193 1329 1272 σχεδὸν
1364 1196 1450 1251 καὶ
1498 1194 1594 1262 τῆς
1625 1188 1827 1272 ἡμέρας
1879 1195 1939 1250 τὸ

270 1282 537 1340 πλεῖστον
567 1281 735 1357 ᾠδαῖς
799 1305 857 1341 τε
899 1286 988 1340 καὶ
1043 1286 1237 1362 εὖχαϊς
1296 1286 1382 1340 καὶ
1425 1297 1549 1347 ταῖς
1607 1282 1796 1348 ἄλλαις
1847 1290 1941 1341 τοῦ

278 1379 415 1430 Θεοῦ
475 1371 822 1451 λειτουργίαις
864 1370 1053 1447 ἐδίδου,
1104 1375 1162 1428 τὸ
1211 1371 1266 1428 δὲ
1315 1372 1501 1430 λοιπὸν
1557 1374 1694 1451 τρισὶ
1739 1376 1940 1437 τούτοις

276 1462 513 1541 ἐμέριζε,
578 1464 673 1520 Καὶ
733 1468 940 1540 πρῶτον
1004 1463 1100 1537 μὲν
1161 1464 1302 1535 αύτῷ
1357 1464 1657 1542 προσῄεσαν
1703 1466 1748 1519 οἱ
1822 1477 1939 1525 τοῖς

2022 568 2287 643 duxerit,
2322 567 2608 629 miracula
2655 567 2895 630 assidue
2940 568 3215 632 iaciebat.
3250 568 3378 642 Quo
3408 588 3528 632 non
3558 569 3669 632 fuit

2021 658 2260 738 quidem
2286 656 2388 719 ille
2413 656 2473 718 in
2497 657 2924 720 certaminibus
2957 659 3165 721 fortior
3185 659 3215 719 ?
3247 659 3375 733 Quo
3406 678 3525 721 non
3557 677 3667 721 au-

2021 756 2137 808 tem
2171 747 2244 808 ad
2276 748 2602 808 certamina
2645 747 2849 809 utilior
2882 746 2907 807 ἲ
2937 754 2996 809 et
3024 767 3141 829 quo
3172 766 3292 811 non
3325 749 3434 810 fuit
3475 750 3538 812 in
3567 766 3671 810 eos

2018 842 2119 918 qut
2146 837 2517 911 labebantur,
2548 835 2770 918 mitior,
2796 836 2928 899 etin
2955 838 3285 920 praestando
3311 838 3504 902 oﬁicio
3527 838 3670 902 dili-

2018 929 2272 1002 gentior?
2293 928 2433 997 Quis
2454 930 2538 986 sic
2559 929 2813 987 defendit
2843 931 3067 1002 eos,qui
3094 930 3492 990 efﬁciebantur
3516 930 3673 1004 inju-

2018 1013 2134 1077 ria?
2157 1015 2229 1075 iis
2248 1024 2474 1095 autem,
2501 1014 2603 1095 qui
2627 1013 2909 1095 injuriam
2948 1014 3260 1091 faciebant,
3286 1016 3533 1078 omnino
3549 1034 3669 1078 non

2022 1104 2401 1183 permittens,
2431 1104 2534 1165 sed
2568 1106 2880 1178 resistens,
2915 1110 2975 1165 et
3005 1122 3212 1166 eorum
3244 1104 3523 1168 voluntati
3560 1105 3672 1167 mi-

2023 1194 2185 1254 nime
2215 1194 2549 1255 assentiens
2580 1191 2606 1254 ἲ
2636 1191 2735 1254 Sic
2766 1193 2827 1254 in
2860 1200 2983 1255 tota
3013 1194 3151 1268 vita,
3189 1201 3369 1256 totam
3423 1195 3668 1272 quidem

2025 1292 2286 1362 noctem,
2308 1282 2424 1343 diei
2446 1300 2585 1343 vero
2611 1281 2957 1362 plurimum,
2984 1281 3161 1344 dabat
3187 1284 3435 1345 canticis
3458 1290 3514 1346 et
3537 1302 3669 1365 pre-

2024 1371 2192 1433 cibus
2221 1381 2280 1433 et
2309 1372 2439 1433 aliis
2473 1370 2578 1433 Dei
2610 1370 2980 1445 ministeriis,
3016 1371 3311 1453 reliquum
3344 1381 3540 1435 autem
3577 1372 3674 1434 bis

2026 1460 2217 1521 tribus
2250 1460 2660 1540 dispertiebat.
2696 1458 2765 1520 Et
2800 1460 2978 1540 primi
3011 1460 3250 1540 quidem
3283 1460 3354 1522 ad
3399 1464 3534 1523 eum
3568 1480 3671 1524 ac-

281 1554 580 1630 λογισμοῖς
642 1549 1040 1631 διοχλούμενοι,
1095 1556 1181 1615 οἷς
1225 1551 1393 1619 δήπου
1433 1555 1521 1609 καὶ
1578 1555 1637 1608 τὸ
1696 1552 1945 1630 ἁρμόδιον

2038 1549 2341 1625 cedebant,
2379 1550 2479 1630 qui
2511 1549 2875 1613 vexabantur
2933 1548 3426 1627 cogitationibus:
3464 1550 3677 1631 quibus

282 1643 517 1699 ἐκᾶστοῦ
582 1645 819 1718 προσῆγε
878 1642 1178 1721 φάρμακον,
1212 1641 1278 1700 τὰ
1328 1643 1424 1713 μὲν
1482 1644 1623 1715 αὖτῷ
1661 1648 1759 1710 τῆς
1805 1645 1944 1706 θείας

2038 1638 2205 1700 dabat
2261 1641 2584 1721 unicuique
2635 1640 3138 1702 medicamentum
3182 1639 3570 1722 conveniens,
3620 1641 3677 1702 ei

284 1736 528 1810 Γραφῆς,
558 1730 628 1786 τὰ
687 1728 741 1786 δὲ
789 1733 878 1787 καὶ
932 1731 1028 1798 τῆς
1072 1730 1131 1786 ἐκ
1181 1733 1363 1809 πείρας
1407 1733 1754 1813 χορηγούσης
1816 1756 1944 1813 συν-

2038 1730 2239 1811 partim
2273 1730 2512 1811 quidem
2548 1729 2744 1792 divina
2776 1728 3083 1810 Scriptura
3132 1747 3201 1791 ea
3231 1729 3673 1812 suppeditante,

289 1823 469 1882 έσεως.
536 1818 664 1875 Μετ’
727 1818 955 1884 ἐκείνους
1003 1828 1110 1878 τῶν
1153 1820 1509 1896 ἀδικουμένων
1562 1823 1626 1890 ἧν
1683 1824 1715 1890 ἠ
1772 1845 1941 1901 προσ-

2038 1819 2241 1898 partim
2271 1826 2470 1879 autem
2506 1819 2821 1899 prudentia
2853 1827 2911 1880 et
2949 1817 3339 1900 experientia.
3371 1818 3511 1880 Post
3541 1817 3676 1880 illos

299 1910 507 1975 έλευσις.
594 1908 930 1970 Ἐπιστείλας
1002 1910 1056 1966 δὲ
1114 1912 1199 1969 καὶ
1266 1913 1395 1986 ὑπὲρ
1459 1911 1631 1968 αὒτῶν
1691 1912 1936 1992 ἄρχουσι,

2038 1908 2417 1984 accedebant,
2444 1910 2543 1989 qui
2566 1917 2733 1970 erant
2754 1907 2947 1971 all’ecti
2965 1907 3204 1988 injuria.
3228 1910 3374 1969 Cum
3393 1925 3533 1970 vero
3566 1925 3677 1988 pro

296 1997 610 2070 δικάζωσιν,
678 2003 863 2064 αὖτοῖς
929 2001 1148 2064 ἐκείνοις
1206 2000 1496 2075 ἀδικοῦσιν,
1547 2003 1589 2056 εἰ
1658 2002 1810 2082 χρεία
1877 2002 1943 2070 ἧν

2038 1997 2129 2061 eis
2154 1997 2378 2059 litteras
2404 1997 2745 2078 scripsisset
2768 1998 2837 2059 ad
2868 1998 3171 2079 praesides,
3181 1997 3519 2077 judices,ad
3542 1996 3678 2058 illos

286 2091 476 2163 καὶτῷ
533 2088 751 2166 βασιλεῖ
806 2090 1034 2165 κάκείνῳ
1063 2092 1162 2169 γὰρ
1217 2090 1486 2168 αἰδέσιμός
1546 2091 1639 2172 ἦν,
1672 2093 1759 2148 καὶ
1816 2113 1940 2149 πει-

2038 2088 2320 2170 ipsos,qui
2343 2086 2636 2149 faciebant
2655 2087 2967 2168 injuriam,
2992 2088 3113 2149 etsi
3135 2106 3284 2169 opus
3309 2095 3457 2162 erat,
3494 2088 3672 2149 etiam

281 2179 489 2255 θομένῳ
541 2181 745 2259 ἒχρῆτο
802 2182 935 2257 πρὸς
993 2179 1123 2258 ὅπερ
1181 2178 1244 2236 ἂν
1302 2182 1329 2237 ὁ
1402 2181 1575 2259 μέγας
1634 2179 1941 2263 ἠϐούλετογ

284 2270 410 2327 εἶτα
460 2272 548 2324 καὶ
592 2272 724 2348 πρὸς
776 2271 899 2331 τοὺς
959 2278 1242 2336 νοσοῦντας
1301 2270 1552 2349 ἐτρέπετο
1596 2273 1683 2328 καὶ
1743 2272 1947 2337 πάντας

283 2360 708 2439 περιερχόμενος
764 2359 833 2416 τά
858 2381 915 2416 τε
970 2361 1101 2429 πρὸς
1150 2359 1248 2426 τὴν
1298 2359 1589 2437 ἀναγκαίαν
1619 2361 1803 2442 χρείαν
1854 2362 1948 2418 καῖ

280 2448 349 2504 τὰ
413 2449 541 2527 πρὸς
597 2450 874 2526 θεραπείαν
935 2452 1105 2527 ὲπῆγε
1159 2454 1239 2523 τῷ
1279 2450 1509 2526 σώματι,
1571 2450 1750 2513 Οὕτως
1804 2448 1947 2509 οὖδέν

288 2537 431 2602 ὅλως
489 2543 566 2611 τῷ
627 2537 919 2617 Μαρκέλλῳ
976 2539 1119 2601 ἁπῖν
1179 2539 1207 2595 ὃ
1264 2552 1381 2599 τοῖς
1443 2541 1789 2616 ὑμνουμένοις
1845 2548 1949 2597 τῶν

294 2625 458 2682 πάλαι
519 2630 718 2704 παρῆν,
764 2624 1013 2695 Ἀλλ’ἧδ
1068 2628 1209 2699 αὒτῷ
1268 2629 1558 2706 προφητῶν
1610 2640 1707 2706 μὲν
1767 2632 1801 2698 ἡ
1861 2637 1951 2687 τοῦ

297 2717 469 2773 πάντα
513 2721 710 2794 προρᾷν
769 2717 951 2796 χάρις,
1013 2719 1360 2797 πατριαρχῶν
1419 2716 1472 2772 δὲ
1532 2719 1566 2786 ἡ
1631 2726 1723 2775 τοῦ
1778 2720 1951 2776 πάντα

293 2804 505 2885 θαρῤελν
547 2806 749 2883 πίστις,
784 2805 1016 2869 Μωσέως
1063 2806 1160 2880 μὲν
1188 2807 1222 2873 ἡ
1282 2805 1546 2883 πραότης,
1583 2806 1762 2875 ’[ησοῦ
1809 2808 1944 2888 (sic)

2028 2178 2098 2239 ad
2128 2176 2321 2257 ipsum
2347 2177 2771 2258 imperatorem
2797 2178 2961 2257 (nam
2987 2177 3071 2239 illi
3096 2195 3332 2259 quoque
3364 2183 3489 2239 erat
3511 2194 3678 2238 reve-

2029 2268 2277 2348 rendus,
2306 2277 2365 2328 et
2390 2266 2842 2348 obtemperabat.
2863 2267 2934 2329 ad
2958 2267 3042 2343 id,
3070 2268 3223 2349 quod
3259 2285 3505 2348 magnus
3528 2268 3679 2329 vole-

2031 2355 2511 2437 batMarcellus),
2546 2356 2929 2418 convertebat
2955 2355 3174 2419 deinde
3198 2357 3271 2419 ad
3300 2362 3678 2438 :egrotantes,

2031 2454 2090 2507 et
2117 2464 2328 2508 omnes
2359 2445 2592 2523 obiens,
2629 2446 2715 2508 eis
2745 2445 3066 2509 exhibebat
3095 2465 3225 2528 quae
3253 2446 3340 2508 eis
3369 2452 3540 2509 erant
3567 2463 3681 2508 ne-

2032 2536 2291 2598 cessaria
2314 2536 2385 2597 ad
2408 2536 2845 2613 alimentum,ct
2865 2537 2935 2598 ad
2961 2537 3288 2599 curandum
3313 2554 3550 2618 corpus.
3585 2535 3685 2598 Sic

2035 2625 2181 2686 nihil
2214 2627 2458 2687 omnino
2486 2626 2699 2688 aberat
2721 2626 3024 2704 Marcello,
3056 2626 3213 2708 quod
3245 2626 3446 2689 aderat
3477 2625 3552 2687 iis
3583 2624 3686 2706 qui

2034 2715 2172 2777 olim
2201 2715 2742 2780 laudabantur.Sed
2761 2723 2887 2778 erat
2908 2716 2963 2778 ei
2988 2717 3409 2798 prophetarum
3438 2714 3683 2798 quidem

2035 2804 2222 2883 gratia
2252 2805 2452 2865 omnia
2484 2805 3355 2886 przevidendi:patriarcharum
3384 2813 3581 2867 autem
3608 2804 3680 2866 ﬁ-

296 2892 352 2950 δὲ
410 2897 437 2950 ὁ
490 2893 650 2965 ζῆλος
697 2896 784 2951 καὶ
832 2896 866 2962 ἡ
927 2893 1103 2952 δικαία
1154 2897 1289 2951 κατὰ
1333 2903 1437 2952 τῶν
1482 2896 1769 2975 ἀνθρώπων
1826 2896 1945 2954 ἁδι-

2038 2894 2161 2974 des,
2196 2912 2327 2974 quae
2356 2892 2679 2975 efﬁciebat,
2707 2901 2771 2954 ut
2806 2894 3013 2956 ﬁdenti
3036 2903 3194 2956 esset
3221 2894 3421 2959 animo
3452 2895 3515 2956 in
3545 2912 3682 2955 om-

300 3004 528 3040 κουντων
555 2985 714 3064 ὀργὴ,
760 2987 867 3041 τῶν
897 2982 952 3041 δὲ
997 2988 1250 3061 μαθητῶν
1298 2985 1495 3065 Πέτρου
1540 2986 1697 3059 μὲνὴ
1749 2987 1948 3065 θερμό-

2038 2983 2252 3046 nibus:
2291 2984 2500 3064 Moysis
2534 2984 2772 3064 quidem
2820 2984 3238 3061 mansuetudo,
3271 2986 3455 3045 Josue
3486 2990 3683 3045 autem

303 3095 430 3153 της,
488 3073 731 3130 Ἰωάννου
800 3071 855 3129 δὲ
905 3073 940 3141 ⁵η
997 3073 1248 3152 θεολόγος
1317 3073 1534 3153 γλῶσσα
1592 3077 1677 3133 καὶ
1736 3079 1769 3145 ἡ
1816 3078 1949 3151 μετὰ

2038 3074 2220 3154 zelus,
2253 3085 2311 3135 et
2336 3075 2495 3152 justa
2525 3076 2613 3134 ira
2642 3074 2929 3135 adversus
2961 3090 3085 3154 eos,
3117 3074 3218 3155 qui
3252 3073 3477 3135 faciunt
3524 3072 3682 3152 inju-

361 3132 430 3153 .-,
929 3132 940 3141 .
1170 3132 1181 3152 ,
1234 3132 1248 3140 .
1331 3132 1341 3153 ,
1670 3132 1676 3133 γ
1758 3132 1769 3145 .
1816 3132 1837 3151 ,κ

293 3162 574 3240 παρθενίας
619 3163 726 3221 τῶν
776 3163 1033 3242 ῥημάτων
1078 3165 1295 3242 βροντὴ,
1330 3166 1416 3221 καὶ
1470 3163 1676 3221 Παύλου
1719 3168 1752 3234 ἡ
1808 3165 1948 3222 ἀκά-

2038 3163 2181 3225 riam
2206 3132 2232 3225 ἐ
2286 3132 2718 3240 discipulorum
2765 3180 2928 3238 vero,
2970 3132 3153 3226 Petril
3177 3163 3415 3245 quidem
3452 3132 3633 3223 arddr
3664 3178 3679 3224 :

291 3255 482 3316 θεκτος
541 3254 665 3332 περὶ
706 3255 768 3308 τὸ
827 3251 1022 3332 δόγμα,
1076 3251 1305 3328 σπουδὴ,
1349 3251 1443 3311 καῖ
1501 3257 1535 3322 ἦ
1588 3253 1670 3310 διὰ
1721 3261 1820 3324 τῆς
1862 3256 1950 3312 καὶ

2038 3253 2277 3317 Ioannis
2305 3260 2498 3314 autem
2534 3251 2734 3333 lingua
2764 3251 3182 3330 theologica,et
3215 3252 3370 3333 quod
3403 3269 3538 3312 cum
3558 3250 3682 3311 vir-

290 3341 564 3409 θαλάττης
597 3339 857 3421 διαδρομὴ
914 3352 1007 3401 τοῦ
1054 3344 1418 3422 κηρύγματος,
1478 3344 1698 3401 Πάντων
1728 3342 1783 3401 δὲ
1839 3344 1949 3420 ἅμα

2038 3344 2275 3421 ginitate
2307 3357 2397 3405 est
2428 3340 2746 3404 verborum
2772 3341 2994 3403 tonitru
3029 3361 3045 3419 ;
3083 3351 3139 3403 et
3162 3341 3330 3404 Pauli
3360 3342 3685 3403 vehemens

286 3432 326 3499 ἦ
380 3436 488 3489 τῶν
530 3433 813 3508 θαυμάτων
873 3435 1026 3510 πηγὴ
1056 3434 1145 3490 καὶ
1175 3435 1236 3490 τὸ
1295 3434 1501 3497 τούτοις
1535 3434 1612 3491 ἀεὶ
1657 3435 1770 3512 ῥεῖν
1813 3437 1951 3495 κατὰ

2038 3433 2094 3495 in
2127 3433 2403 3513 dogmate
2433 3430 2720 3504 studium,
2746 3438 2801 3493 et
2833 3450 2940 3513 per
2959 3439 3173 3494 terram
3198 3438 3257 3494 et
3290 3448 3453 3493 mare
3477 3429 3689 3512 praedi-

287 3524 407 3585 τοὺς
442 3521 697 3586 ἀεννάους
725 3523 834 3579 τῶν
869 3527 1148 3598 ποταμῶν.

2033 3521 2283 3584 cationis
2341 3520 2775 3584 disseminatio.
2829 3519 3111 3584 Omnium
3164 3538 3303 3583 vero
3346 3519 3527 3582 simul
3557 3518 3688 3580 fons

294 3610 745 3686 miraculorum,
777 3618 836 3673 et
864 3611 1023 3693 quod
1052 3630 1122 3673 ea
1142 3629 1382 3692 semper
1411 3612 1691 3690 ﬂuerent,
1724 3632 1845 3675 non
1869 3631 2045 3677 secus
2075 3630 2143 3674 ac
2178 3628 2477 3690 perennes
2507 3609 2696 3672 ﬂuvii.

374 3700 482 3760 AZ’
566 3712 604 3762 Τ
654 3704 667 3725 ’
871 3704 888 3758 ί
1015 3704 1033 3760 ἶ
1136 3706 1147 3722 ”
1304 3704 1315 3720 “
1484 3704 1504 3759 ὶ
1595 3706 1608 3724 ‘
1763 3704 1793 3761 λ
1895 3705 1911 3725 ³

489 3745 507 3763 .
610 3725 791 3783 ουτου,
845 3723 868 3758 ε
944 3725 1013 3760 κα
1076 3726 1213 3779 μονα
1265 3725 1331 3760 τα
1385 3725 1653 3783 περᾼτην
1703 3726 1759 3761 τε
1798 3725 1956 3772 ευτην

297 3794 392 3869 ἦν,
427 3794 604 3859 πόσης
648 3792 710 3847 ἂν
740 3779 910 3872 εύχῆς
965 3793 1116 3872 ἔργον
1147 3793 1290 3859 ἄξιον
1350 3779 1467 3869 ἦν,
1506 3779 1688 3856 ﬂ0am:
1733 3794 1830 3870 μὲν
1860 3794 1954 3857 τὰς

300 3882 500 3963 ἔχθρας
545 3878 847 3951 διήλλαξεν,
882 3880 1026 3944 ὅσοις
1077 3880 1131 3938 δὲ
1164 3883 1257 3944 τὰς
1318 3879 1746 3962 ἀμφισϐητήσεις
1779 3880 1954 3938 διέλυε-

302 3993 418 4053 σεν,
466 3970 567 4029 ὅσα
619 3970 675 4027 δὲ
733 3970 906 4027 καίτοι
948 3971 1015 4030 τὰ
1058 3970 1266 4052 ἔσχατα
1308 3971 1481 4027 πνέων
1532 3971 1616 4029 ἐπὶ
1649 3978 1772 4045 μιᾶς
1812 3971 1957 4049 ἡμέ-

304 4085 400 4145 ρας
454 4062 517 4117 τὰ
564 4061 736 4142 ἀγαθὰ
779 4057 1091 4139 διεπράξατο
1125 4081 1141 4133 ;
1204 4060 1332 4118 ’Ὀτε
1362 4061 1450 4118 οὖν
1494 4063 1580 4118 καὶ
1609 4067 1715 4117 τῶν
1770 4064 1957 4139 σαρκί-

309 4174 414 4208 νων
494 4149 703 4226 δεσμῶν
774 4148 1133 4227 διαλυομένων
1224 4156 1300 4224 τῷ
1383 4150 1694 4227 ποθουμένῷ
1768 4150 1961 4228 ἔμελλε

317 4241 673 4319 προσεγγίζειν
734 4241 824 4296 καὶ
877 4250 971 4299 τοῦ
1028 4241 1238 4320 πρώτου
1302 4239 1528 4306 κάλλους
1599 4241 1810 4320 πρώτας
1877 4249 1964 4304 καὶ

314 4332 412 4394 τὰς
472 4328 763 4407 ἐλλάμψεις
812 4326 1085 4410 δέχεσθαι,
1127 4334 1374 4409 παρῆσαν
1434 4333 1578 4406 αὒτῷ
1628 4332 1812 4411 συχνοὶ
1868 4330 1966 4407 μὲν

307 4421 398 4476 καὶ
449 4424 555 4477 τῶν
586 4417 764 4476 ἄλλων
815 4423 1121 4496 μοναστῶν,
1154 4417 1343 4476 πολλοὶ
1390 4417 1444 4475 δὲ
1468 4423 1556 4476 καὶ
1602 4427 1705 4477 τῶν
1734 4419 1964 4497 ἱερωμέ-

304 4534 433 4592 νων,
469 4511 561 4567 οὐκ
600 4510 771 4590 ὀλίγοι
806 4508 859 4566 δὲ
889 4510 978 4566 καὶ
1022 4510 1127 4566 τῶν
1176 4507 1386 4582 πλούτῳ
1415 4511 1511 4566 καί
1554 4507 1676 4586 δόξῃ
1705 4514 1775 4587 τῇ
1827 4511 1964 4566 κατὰ

300 4601 509 4677 κόσμον
556 4602 883 4680 περιφανῶν,
930 4602 1015 4662 οἷς
1068 4596 1354 4655 καὶπολλὰ
1398 4600 1518 4674 περί
1546 4621 1601 4654 τε
1637 4599 1822 4678 ψυχῆς
1873 4600 1961 4655 καὶ

2120 3699 2351 3764 XXVII.
2417 3699 2607 3781 Hujus
2660 3702 2745 3762 vel
2802 3699 2997 3761 solum
3062 3700 3268 3762 dicere
3312 3700 3662 3781 decessum,

2039 3810 2214 3872 quam
2246 3790 2426 3853 fuerit
2456 3789 2805 3870 optandum!
2834 3788 3020 3862 Quam
3056 3790 3376 3851 multorum
3408 3790 3688 3852 reconci-

2039 3880 2200 3941 liavit
2218 3879 2561 3942 inimicitias
2585 3879 2614 3938 ?
2641 3879 2825 3951 Quam
2847 3880 3166 3941 multorum
3186 3881 3688 3959 composuitcon-

2042 3968 2399 4032 troversias!
2439 3969 2626 4042 Quam
2658 3969 2839 4030 multa
2862 3968 3015 4030 bona
3046 3988 3164 4029 uno
3187 3968 3284 4029 die
3315 3967 3457 4030 fecit
3484 3967 3546 4028 in
3576 3983 3690 4031 ex-

2043 4069 2233 4122 tremo
2260 4057 2506 4139 spiritu?
2527 4057 2772 4130 Quando
2804 4067 2966 4120 certe
2988 4058 3255 4121 eicarnis
3277 4057 3688 4120 dissolveban-

2047 4161 2143 4212 tur
2165 4150 2495 4227 vincula,et
2518 4149 2567 4210 ei
2594 4166 2773 4225 quem
2808 4148 3344 4222 desi-derabat,erat
3363 4151 3691 4229 appropin-

2049 4248 2420 4320 quaturus,ct
2441 4240 2643 4320 primae
2658 4238 3120 4319 pulchritudinis
3142 4238 3362 4321 primas
3387 4244 3691 4318 susceptu~

2047 4348 2151 4393 rus
2182 4329 2687 4405 illuminationes;
2720 4328 2966 4391 aderant
2988 4335 3185 4390 autem
3222 4327 3392 4388 multi
3411 4345 3478 4389 ex
3503 4327 3574 4386 iis
3591 4326 3693 4406 qui

2047 4439 2113 4482 se
2165 4420 2223 4480 in
2287 4420 2505 4500 pietate
2551 4416 2933 4492 exercebant,
2970 4425 3031 4479 et
3072 4417 3239 4478 multi
3288 4414 3582 4491 monachi,
3636 4421 3695 4476 et

2048 4510 2216 4571 multi
2245 4528 2315 4571 ex
2344 4508 2418 4570 iis
2449 4506 2549 4588 qui
2581 4516 2746 4568 erant
2777 4507 3111 4569 consecrati
3148 4524 3161 4569 :
3198 4525 3319 4568 non
3351 4506 3525 4586 pauci
3553 4521 3692 4566 vero

2046 4618 2115 4662 ex
2147 4601 2213 4662 iis
2236 4599 2335 4680 qui
2365 4597 2685 4660 mundanis
2703 4596 2917 4678 opibus
2931 4606 2989 4658 et
3011 4596 3197 4676 gloria
3216 4604 3384 4658 erant
3403 4594 3688 4672 insignes.

303 4691 558 4766 σώματος
617 4689 712 4747 καί
765 4689 859 4758 τῆς
918 4687 1121 4746 ἐκεῖθεν
1165 4687 1308 4759 ζωῆς
1364 4687 1729 4768 φιλοσοφήσας
1761 4709 1818 4745 τε
1875 4690 1952 4745 καῖ

2044 4692 2189 4752 Cum
2237 4688 2452 4769 quibus
2485 4696 2801 4769 postquam
2839 4688 3085 4748 multum
3129 4692 3222 4749 est
3250 4685 3698 4768 philosophatus

302 4778 679 4855 διαλεξάμενος
752 4781 839 4836 καὶ
908 4784 1039 4835 πᾶσι
1097 4778 1233 4834 κατὰ
1289 4779 1351 4834 τὸ
1433 4783 1703 4858 προσῆκον
1760 4777 1967 4851 ἑκάστῳ

304 4870 395 4927 καὶ
440 4869 538 4938 τῆς
566 4867 777 4936 ἡλικίας
836 4868 1156 4949 παραινέσας
1214 4868 1430 4934 καὶτῆς
1491 4866 1660 4943 ἀξίας,
1696 4868 1822 4924 εἶτα
1878 4866 1968 4924 καὶ

305 4957 661 5034 ἐπευξάμενος
740 4960 826 5017 καὶ
882 4957 1193 5016 τελευταῖον
1260 4958 1423 5014 εἰπὼν
1498 4956 1734 5014 ὑπνῶσαι
1792 4958 1967 5037 βραχὺ

307 5048 590 5128 βούλεσθαι
662 5048 751 5106 καὶ
818 5049 1171 5131 ὑποχωρῆσαι
1243 5048 1460 5114 τούτους
1535 5049 1963 5127 παρασκευάσας,

309 5136 453 5196 οὕτω
502 5138 601 5206 τὴν
630 5140 771 5218 ἱερὰν
801 5138 1009 5208 ἐκεινην
1062 5138 1235 5218 ἆφῆκε
1289 5139 1499 5219 ψυχὴν,
1532 5158 1598 5214 ῃς
1629 5139 1690 5193 τὸ
1741 5139 1967 5216 καθαρὸν

310 5234 472 5303 σῶμα
524 5230 610 5285 καὶ
670 5231 843 5305 τίμιον
900 5230 1087 5309 χερσὶν
1144 5229 1314 5293 ὁσίαις
1374 5225 1689 5307 περισταλὲν
1750 5229 1777 5283 ὁ
1827 5227 1967 5306 ἱερὸς

311 5317 523 5382 ἐκεῖνος
576 5320 701 5384 ναὸς
756 5316 1100 5395 ὑποδέψεται,
1136 5320 1193 5376 ὃν
1237 5319 1394 5382 αὖτὸς
1446 5317 1506 5374 ἐκ
1562 5317 1766 5394 βάθρων
1823 5314 1966 5392 ἱδρύ-

308 5429 466 5489 σατο,
524 5410 613 5466 καὶ
670 5411 807 5487 ἱερὸν
881 5407 1050 5474 οὕτως
1109 5408 1511 5489 φροντιστήριον
1580 5407 1960 5487 συνεστήσατο,

306 5499 385 5561 εἰς
440 5497 594 5565 δόξαν
654 5499 885 5579 Πατρὸς,
957 5500 1081 5557 Υἱοῦ
1136 5499 1223 5555 καὶ
1267 5498 1418 5578 ἁγίου
1486 5497 1813 5576 Πνεύματος,
1872 5502 1962 5555 νῦν

308 5590 397 5647 καὶ
422 5589 497 5654 είς
527 5590 648 5655 τοὺς
680 5590 876 5654 αἰῶνας
904 5590 1008 5647 τῶν
1039 5590 1266 5652 αἰώνων.
1302 5588 1500 5666 Ἀμὴν,

639 5790 907 5855 PATROL.
951 5789 1066 5857 Gn.
1110 5788 1319 5857 CXVI.

2051 4786 2107 4840 et
2140 4779 2371 4840 locutus
2399 4778 2475 4841 de
2507 4784 2701 4839 anima
2754 4785 2811 4838 et
2843 4794 3115 4857 corpore.
3149 4785 3207 4839 et
3237 4779 3311 4838 de
3344 4794 3414 4838 ea
3445 4792 3579 4853 quae
3610 4781 3699 4836 est

2049 4867 2175 4929 illic
2205 4868 2382 4947 victa,
2417 4876 2993 4947 etunumquemque
3024 4873 3113 4928 est
3142 4865 3699 4945 adhortatus,prout

2051 4955 2447 5019 conveniebat
2495 4956 2963 5037 uniuscujusque
3008 4961 3163 5017 artati
3207 4964 3266 5018 et
3318 4953 3609 5034 dignitati,
3640 4961 3702 5014 et

2052 5047 2274 5109 deinde
2321 5055 2410 5108 est
2442 5045 2618 5107 etiam
2667 5055 2961 5125 precatus,
2996 5057 3053 5107 et
3112 5052 3413 5127 postremo
3445 5044 3593 5105 dixit
3633 5061 3701 5104 se

2050 5138 2200 5200 velle
2222 5154 2428 5219 parum
2455 5136 2801 5217 dormitare,
2838 5143 2897 5197 et
2925 5152 3028 5197 eos
3049 5135 3229 5216 jussit
3260 5134 3568 5208 secedere,
3596 5151 3698 5194 sa-

2050 5245 2211 5291 cram
2261 5227 2421 5289 illam
2457 5224 2546 5287 sic
2599 5225 2793 5287 emisit
2826 5224 3128 5287 animam:
3184 5225 3356 5305 cujus
3405 5224 3699 5287 mundum

2050 5336 2266 5398 corpus
2298 5326 2355 5379 et
2375 5315 2806 5396 venerandum,
2835 5316 3055 5377 sanctis
3089 5315 3363 5377 manibus
3394 5319 3698 5396 composi-

2051 5414 2443 5488 tum,sacrum
2468 5405 2612 5466 illud
2643 5404 2930 5486 templum
2958 5404 3411 5486 suscipit,'quod
3442 5405 3569 5486 ipse
3590 5421 3698 5465 ex—

2046 5497 2245 5560 citavit
2290 5517 2322 5558 a
2371 5494 2796 5570 fundamentis,
2839 5503 2896 5556 et
2942 5512 3078 5556 vere
3121 5512 3355 5557 sacrum
3394 5492 3703 5555 constituit

2048 5580 2494 5667 monasterium,
2529 5583 2599 5646 ad
2644 5583 2896 5665 gloriam
2927 5583 3140 5667 Patris,
3174 5583 3330 5665 Filii,
3356 5589 3416 5645 et
3446 5580 3699 5663 Spiritus

2044 5677 2256 5757 sancti,
2289 5694 2450 5739 nunc
2475 5681 2535 5739 et
2562 5674 2624 5737 in
2659 5675 2876 5739 saecula
2904 5675 3284 5739 saeculorum.
3315 5675 3533 5737 Amen.

3223 5783 3299 5849 24
