4066 6396
1640 373 1832 438 VITA
1873 375 1936 440 S.
1991 377 2356 444 MELAN/E.

3567 389 3683 454 754

307 509 3662 541 ..———.——___________._______________________________.______

1441 651 1694 739 ΒΙΟΣ
1769 654 1958 738 ΚΑΙ
2028 654 2567 742 ΠΟΛΙΤΕΙΑ

1807 865 1940 916 ΤΗΣ
1986 866 2186 918 ΟΣΙΑΣ

848 1039 1699 1171 ΜΕΛΑΝΗΣ
1823 1045 2166 1172 ΤΗΣ
2293 1048 3132 1182 ΡΩΜΑΙΑΣ.

1336 1422 1600 1509 VITA
1669 1422 1807 1507 ET
1878 1420 2666 1513 CONVERSATIO

639 1649 1381 1789 SANCTZE
1563 1650 1961 1787 MEL,

2058 1650 2330 1785 NZE
2523 1653 3363 1795 BOMANHS.

865 1923 1062 1996 (Latine
1080 1923 1210 1996 apud
1234 1921 1441 1980 Surlum
1471 1923 1532 1979 ad
1562 1921 1696 1979 diem
1725 1920 1786 1979 3i
1825 1922 1948 1982 Dec.
1982 1945 1996 1993 ;
2029 1922 2200 1980 Grace
2222 1941 2283 1981 ex
2313 1925 2422 1981 cod.
2463 1941 2559 1982 ms.
2603 1925 2762 1998 1553,
2793 1928 2955 1986 seculi
2984 1931 3123 1997 XIV.)

389 2220 479 2283 A'.
522 2229 616 2278 Ἠν
667 2221 767 2300 ἄρα
825 2224 923 2278 καὶ
982 2231 1136 2280 τοῦτο
1191 2226 1289 2288 τῆς
1339 2223 1596 2300 μεγίστης
1655 2222 1762 2278 τῶν
1792 2219 2020 2278 πάλαιΑ

302 2314 388 2368 καὶ
424 2311 884 2392 περιφανεστάτης
941 2309 996 2366 ἰν
1052 2309 1240 2368 πόλεσι
1292 2312 1507 2388 Ῥώμης
1561 2311 1638 2386 μὴ
1670 2311 1834 2388 μόνον
1883 2317 1960 2385 τῷ

305 2401 490 2458 ιιάλλει
538 2407 742 2474 κοιμᾷν
774 2397 912 2475 μηδὲ
962 2405 1030 2468 τῆ
1061 2400 1199 2458 θέσει
1255 2407 1428 2480 νικᾷν,
1487 2399 1622 2475 μῆδὶ
1685 2402 1959 2479 τροπαίοις

305 2495 540 2558 καὶτοῖς
572 2490 752 2554 ἄλλοις
786 2497 914 2547 πᾶσι
961 2491 1328 2570 σεμνύνεσθαι,
1387 2490 1525 2547 ἀλλὰ
1584 2490 1769 2565 πολλῷ
1827 2490 1961 2565 μάλ-

303 2581 397 2640 λον
453 2595 570 2644 τοῖς
625 2602 686 2658 γε
716 2579 781 2647 δὴ
836 2580 966 2658 ὑπὲρ
1020 2588 1246 2654 Χριστοῦ
1300 2579 1700 2658 ἀνδρισαμὲνιος
1754 2579 1959 2659 ἐγκαλ-

305 2671 647 2737 λωπίΞεσῢαι,
713 2669 836 2726 ὅσον
896 2669 950 2726 ἐν
1000 2669 1213 2744 ἀνδράσι
1272 2672 1359 2728 καὶ
1415 2669 1541 2728 ὅσον
1605 2670 1660 2727 ἐν
1733 2669 1956 2749 γυναιξὶ,

2126 2221 2172 2282 I.
2196 2219 2328 2282 Fuit
2353 2238 2492 2299 ergo
2510 2221 2624 2284 hoc
2640 2240 2879 2305 quoque
2906 2243 3109 2288 earum
3131 2245 3268 2305 qua
3285 2227 3426 2290 olim
3450 2228 3693 2290 fuerunt

2041 2309 2343 2372 civitatum
2379 2311 2652 2376 maxima
2683 2321 2742 2376 et
2773 2313 3133 2378 clarissima
3173 2317 3403 2393 Roma,
3438 2335 3556 2380 non
3589 2335 3690 2378 so-

2043 2401 2164 2464 lum
2199 2399 2404 2463 efferri
2441 2401 2910 2482 pulchritudine,
2941 2424 3135 2486 neque
3157 2407 3274 2469 situ
3290 2407 3552 2482 vincere,
3578 2426 3690 2470 ηοω

2041 2509 2158 2571 que
2204 2491 2439 2571 tropais
2474 2501 2532 2554 et
2566 2492 2699 2555 aliis
2729 2493 3007 2558 omnibus
3042 2497 3306 2578 gloriari,
3347 2497 3454 2560 sed
3506 2498 3690 2560 multo

2043 2581 2231 2662 magis
2258 2583 2373 2644 sibi
2405 2582 2670 2664 placere,
2699 2591 2761 2647 et
2788 2602 2854 2646 se
2885 2587 3266 2665 magniﬁcare
3295 2595 3540 2668 prOpter
3562 2605 3690 2663 eos,

2043 2671 2145 2751 qui
2171 2691 2277 2752 pro
2309 2673 2543 2736 Christo
2574 2691 2639 2736 se
2698 2674 2927 2738 fortiter
2975 2684 3310 2755 gesserunt,
3369 2686 3484 2741 tam
3535 2677 3693 2740 viros

302 2761 398 2817 καί
458 2761 670 2822 ταύταις
725 2757 930 2836 μᾶλλον
991 2759 1101 2830 ὅσῳ
1156 2761 1244 2816 καὶ
1303 2759 1422 2817 κατ’
1483 2761 1670 2838 ἀνδρας
1725 2763 1959 2839 ἰσχυρῶς

2043 2779 2219 2841 quam
2255 2763 2566 2840 mulieres,
2599 2772 2658 2827 et
2687 2765 2794 2826 has
2826 2765 3035 2845 magis,
3069 2767 3227 2848 quod
3260 2786 3380 2830 non
3411 2784 3586 2829 secus
3619 2785 3690 2828 ac

303 2852 658 2927 ἠγωνίσαντο,
720 2850 814 2906 καί
875 2861 991 2912 τοῖς
1049 2847 1232 2915 ἄλλοις
1290 2848 1625 2928 παράδειγμα
1671 2851 1784 2926 βίου
1828 2852 1959 2927 πρὸς

2044 2851 2150 2912 viri
2181 2850 2414 2914 fortiter
2446 2853 2852 2935 decertarunt,
2885 2865 2942 2916 et
2975 2875 3041 2916 se
3071 2864 3203 2918 vita
3241 2857 3580 2937 exemplum
3615 2857 3691 2918 ad

311 2939 505 3018 ἀρετὴν
533 2940 716 2998 ἑαυτὰς
775 2940 1216 3007 κατεστήσαντοο
1277 2941 1350 2994 ὧν
1409 2940 1503 3014 μία
1555 2942 1632 3002 τίς
1688 2940 1798 2996 ἐστι
1857 2939 1950 2995 καί

2050 2941 2312 3003 virtutem
2345 2941 2476 3002 aliis
2506 2943 2965 3006 constituerunt.
3019 2943 3100 3008 Ex
3148 2947 3368 3024 quibus
3417 2964 3537 3009 una
3583 2946 3694 3010 fuit

309 3030 344 3095 ὴ
397 3029 620 3107 μακαρία
653 3026 891 3100 Μελένη,
926 3027 991 3096 ἣν
1049 3029 1076 3084 ὁ
1135 3027 1292 3106 λόγος
1353 3029 1596 3086 ὑπόθεσιν
1655 3029 1769 3106 ἄρτι
1815 3051 1952 3103 προ-

2050 3037 2208 3092 beata
2242 3031 2486 3104 Melana,
2520 3051 2698 3114 quam
2730 3034 2845 3096 sibi
2889 3053 3048 3098 nunc
3078 3045 3498 3115 argumentum
3543 3054 3690 3118 pro-

303 3120 568 3188 εστήσατο
607 3120 691 3175 καὶ
723 3118 788 3174 τὰ
838 3117 1044 3184 insi-mg
1099 3116 1274 3196 λέγειν
1324 3117 1418 3174 ἀπ’
1451 3117 1626 3198 ἀρχῆς
1680 3117 1948 3196 ὥρμηται.

2050 3121 2235 3199 posuit
2265 3121 2480 3194 oratio,
2515 3131 2573 3182 et
2616 3140 2888 3202 aggressa
2922 3132 3012 3187 est
3039 3142 3138 3186 res
3188 3125 3345 3187 illius
3378 3116 3580 3188 dicere
3609 3125 3684 3188 ab

304 3210 536 3285 Ἠνεγκε
573 3208 669 3282 μὲν
734 3207 834 3285 γὰρ
886 3207 1050 3274 αὒτὴν
1109 3209 1142 3276 ᾖ
1202 3207 1338 3265 οὕτω
1394 3207 1652 3275 καλλίστη
1702 3209 1952 3265 καὲὂνο-

2050 3211 2231 3272 initio.
2257 3212 2404 3274 Eam
2437 3211 2597 3273 enim
2630 3212 2766 3274 tulit
2794 3213 3193 3278 celeberrima
3251 3223 3308 3278 et
3361 3214 3691 3278 clarissima

303 3299 485 3373 μαστὴ
548 3289 754 3372 Ῥώμη,
820 3295 970 3374 γένος
1029 3295 1083 3353 δὲ
1137 3298 1332 3364 ταύτης
1389 3299 1476 3354 καὶ
1525 3305 1678 3355 τοῦτο
1728 3319 1956 3377 περιφα-

2050 3303 2254 3366 Roma.
2284 3302 2418 3366 Fuit
2439 3311 2634 3366 autem
2656 3305 2788 3386 ejus
2803 3325 3046 3388 quoque
3065 3326 3250 3385 genus
3267 3305 3686 3371 clarissimum.

301 3389 551 3444 νέττατον
614 3393 816 3465 Πρῶτοι
861 3387 959 3464 γὰρ
1003 3387 1304 3466 ἐτύγχανον
1336 3389 1381 3445 οἱ
1413 3401 1596 3467 γονεῖς
1649 3390 1810 3455 αὐτῆς
1862 3393 1958 3454 τῆς

2050 3394 2229 3456 Erant
2259 3393 2418 3455 enim
2452 3395 2583 3474 ejus
2617 3403 2895 3474 parentes
2920 3387 3097 3477 primi
3123 3405 3362 3459 senatus
3385 3398 3695 3460 Romano-

305 3470 584 3552 Ῥωμαίων
613 3475 835 3553 βουλῆς.
887 3475 1025 3556 ’Ἑφυ
1073 3475 1125 3531 δὲ
1171 3475 1222 3541 ἐξ
1271 3477 1481 3556 ἀγαθῶν
1547 3479 1741 3555 ἀγαθή·
1807 3480 1956 3534 εὒσεο

309 3566 427 3632 ϐεῖς
461 3566 558 3642 μὲν
597 3567 696 3644 γὰρ
725 3566 963 3622 κάκεῖνοι
997 3567 1082 3622 καὶ
1117 3566 1310 3643 ἀρετῆς
1344 3567 1576 3646 ἐρασταί.

386 3657 463 3720 Β’,
553 3655 695 3723 ’Ἤδη
756 3654 809 3710 δὲ
867 3655 1008 3733 ὥραν
1069 3655 1296 3732 ἄγουσαν
1362 3657 1537 3734 γάμου
1615 3658 1955 3735 σωφροσύνης

299 3747 550 3822 ἐπιθυμία
609 3746 772 3812 αὐτὴν
831 3751 926 3812 τῆς
997 3744 1112 3802 καθ’
1183 3745 1397 3811 ἡλικίαν
1465 3749 1634 3822 ὁρμῆς
1721 3747 1953 3825 ἐκιρεὶτει⁷

301 3842 390 3894 καὶ
445 3839 567 3902 τοὺς
632 3836 886 3900 τεκόντας
946 3835 1093 3902 ἡξιου
1127 3835 1337 3910 μήποτε
1396 3835 1561 3902 αὖτὴν
1615 3838 1686 3898 εἰς
1737 3835 1956 3910 ὁμιλίαν

298 3925 485 4005 ἀνδρὸς
545 3929 795 4004 ἀγαγεῖν,
859 3925 978 3981 ἀλλ’
1035 3924 1216 4003 ὥσπερ
1271 3941 1330 3982 το
1386 3929 1550 3998 εἶναι,
1605 3925 1770 3990 οὕτως
1822 3925 1956 3992 αὒτῆ

301 4019 394 4074 καὶ
429 4019 488 4074 τὸ
521 4016 776 4092 παρθένον
835 4029 1016 4089 μεῖναι
1071 4016 1407 4094 χαρίσασθαι.
1471 4017 1529 4074 Οἱ
1586 4015 1640 4072 δέ
1687 4016 1771 4072 ἐπὶ
1820 4013 1957 4091 μόνῃ

300 4110 466 4182 ταύτῃ
521 4110 609 4162 τὸν
671 4106 783 4182 βίον
847 4104 1161 4168 σαλεύοντες
1219 4107 1308 4162 καὶ
1355 4113 1446 4164 τοῦ
1502 4105 1681 4184 γένους
1714 4104 1960 4183 διάδοχον

311 4197 365 4258 ἐξ
422 4196 588 4261 αὖτὴς
641 4195 794 4275 ἔχειν
854 4193 1152 4265 ἐλπίζοντες
1205 4194 1319 4259 ἔτος
1365 4193 1467 4262 ἤδη
1519 4193 1957 4275 τεσσαρεσκαιδέ-

2041 3501 2198 3545 rum.
2237 3481 2379 3546 Orta
2408 3495 2501 3545 est
2530 3493 2728 3546 autem
2761 3485 2920 3548 bona
2978 3505 3046 3548 ex
3079 3485 3275 3548 bonis.
3327 3485 3472 3548 Nam
3525 3494 3696 3550 erant

1987 3591 2023 3639 Β
2046 3573 2132 3634 illi
2158 3591 2395 3654 quoque
2428 3572 2510 3652 pii
2545 3582 2603 3635 et
2631 3574 2914 3637 virtutum
2948 3584 3272 3640 amatores.

2124 3664 2192 3725 ll.
2227 3662 2374 3723 Cum
2395 3680 2536 3742 ergo
2554 3665 2677 3742 jam
2704 3673 2861 3727 esset
2885 3665 3134 3747 nubilis,
3160 3667 3529 3730 desiderium
3553 3685 3699 3731 con-

2040 3752 2306 3814 tinentia
2333 3751 2468 3814 vicit
2500 3754 2657 3833 ejus,
2693 3773 2830 3835 qua
2865 3774 2934 3817 ex
2981 3764 3154 3820 atate
3195 3765 3345 3828 erat,
3376 3758 3692 3838 appetitio-

2040 3861 2201 3913 nem,
2237 3849 2294 3903 et
2317 3846 2542 3920 rogavit
2569 3851 2873 3922 parentes,
2907 3861 2985 3906 ne
3016 3863 3280 3926 unquam
3311 3863 3442 3907 eam
3469 3846 3695 3926 junge-

2040 3941 2173 3993 rent
2204 3929 2608 4003 matrimonio,
2646 3931 2752 3993 sed
2799 3932 2954 3994 sicut
2984 3934 3060 4008 ei,
3096 3943 3159 3996 ut
3189 3945 3368 4009 esset,
3404 3935 3484 3996 ita
3516 3935 3694 3998 etiam

2041 4029 2106 4082 ut
2123 4020 2286 4097 virgo
2303 4027 2595 4100 maneret,
2615 4023 3143 4085 concederent.llli
3173 4032 3370 4085 autem
3403 4043 3538 4086 cum
3563 4043 3698 4104 pro-

2046 4119 2176 4191 pter
2211 4109 2363 4170 hanc
2395 4109 2581 4170 solam
2617 4110 2796 4188 hujus
2829 4111 2968 4173 vita
2996 4113 3366 4190 agitarentur
3391 4113 3690 4195 ﬂuctibus,

2043 4199 2098 4260 ei
2133 4205 2407 4279 parantes
2439 4198 2694 4274 divitias,
2730 4209 3125 4281 etsperantes
3167 4221 3233 4263 se
3280 4221 3695 4266 successorem

309 4306 472 4341 κατον
528 4282 751 4362 ἄγουσαν
807 4286 903 4341 καί
963 4283 1196 4341 ἄκουσαν
1266 4284 1411 4362 ἀνδρὶ
1477 4283 1791 4347 ἐκδιδοῦσιν,
1865 4275 1961 4341 Ἠν

2050 4275 2287 4367 generis
2308 4306 2376 4350 ex
2401 4305 2470 4350 ea
2491 4287 2822 4364 habituros,
2841 4275 3128 4372 quartum
3148 4291 3448 4355 decimum
3471 4310 3695 4354 annum

304 4373 359 4430 δὲ
391 4373 488 4431 καί
518 4376 793 4455 ὁνυμφίος
826 4373 927 4450 ἄρα
987 4376 1046 4430 τό
1099 4396 1157 4430 τε
1219 4373 1370 4451 γένος
1426 4377 1514 4432 καὶ
1571 4376 1692 4455 τὴν³
1750 4375 1961 4442 ἡλικίαν

2050 4382 2164 4456 iam
2195 4386 2468 4457 agentem
2501 4377 2590 4439 vel
2621 4379 2862 4442 invitam
2889 4379 3184 4444 collocant
3205 4382 3261 4443 in
3287 4381 3694 4447 matrimonio.

300 4461 586 4521 καὶτᾶλλα
646 4465 820 4521 πάντα
884 4470 948 4538 τῇ
1008 4462 1226 4539 Μελάνῃ
1304 4463 1661 4544 παράμιλλος,
1734 4466 1961 4542 γενονὼς

2050 4467 2186 4530 Erat
2214 4485 2352 4528 vero
2383 4469 2516 4547 ejus
2546 4487 2828 4551 sponsus,
2855 4478 2912 4532 et
2929 4488 3176 4549 genere,
3203 4478 3262 4533 et
3291 4479 3463 4534 atate
3476 4479 3536 4533 et
3565 4471 3697 4534 aliis

301 4553 401 4629 μὲν
460 4553 514 4619 ἒξ
576 4553 813 4632 ὑπάτων,
877 4552 992 4630 ἄρτι
1050 4553 1104 4609 δὲ
1158 4555 1250 4609 τὸν
1310 4553 1504 4634 ἔφηϐον
1551 4553 1956 4633 παραλλάττων·

2050 4557 2326 4619 omnibus
2357 4575 2490 4618 cum
2517 4558 2746 4620 Melana
2767 4559 3208 4624 conferendns:
3255 4569 3428 4623 natus
3451 4559 3696 4640 quidem

302 4643 642 4709 'Aneuuv-‘Jc
672 4650 753 4716 τῷ
785 4645 991 4723 νυμφίῳ
1045 4644 1109 4700 τὸ
1166 4642 1360 4722 ὄνομα,
1411 4642 1531 4706 ἔτσς
1586 4643 1805 4723 ἔγγιστά
1857 4667 1961 4703 που

2050 4665 2114 4709 ex
2171 4646 2541 4722 consulibus,
2603 4655 2662 4709 et
2715 4648 2893 4711 modo
2943 4650 3244 4713 excedens
3301 4669 3372 4713 ex
3422 4651 3695 4732 ephebis.

299 4732 448 4812 ἄγων
505 4732 979 4791 ἑπτακαιδέκατον.
1035 4731 1184 4790 Οὕτω
1242 4733 1345 4789 τῶν
1403 4733 1592 4810 γάμων
1646 4737 1832 4797 αύτοϊς
1865 4754 1960 4790 τε·

2050 4735 2260 4816 Sponsi
2277 4745 2474 4798 autem
2497 4755 2716 4800 nomen
2735 4748 2860 4802 erat
2877 4739 3254 4820 Apenianus,
3270 4757 3454 4820 agens
3468 4731 3698 4804 annum

298 4821 591 4879 λεσθέντων
639 4825 672 4890 ἡ
738 4823 1014 4898 Θαυμαστὴ
1069 4821 1285 4888 Μελάνη
1345 4821 1443 4879 γαί
1492 4823 1628 4896 μετὰ
1679 4824 1797 4886 τοὺς
1854 4823 1959 4900 γά-

2050 4824 2283 4887 circiter
2304 4826 2602 4888 decimum
2625 4835 2969 4908 septimum.
2989 4829 3094 4892 His
3111 4840 3309 4893 autem
3330 4832 3418 4894 sic
3430 4831 3697 4895 celebra-

299 4935 434 4987 μους
494 4911 675 4974 δεινῶς
739 4910 814 4967 ἔτι
875 4911 1078 4985 μᾶλλον
1137 4911 1239 4990 ἦρα
1299 4911 1393 4978 τῆς
1446 4912 1818 4990 σωφροσύνης,
1869 4913 1956 4968 καὶ

2050 4914 2140 4976 liis
2173 4915 2418 4995 nuptiis,
2452 4916 2826 4979 admirabilis
2849 4917 3077 4981 Melana
3099 4921 3278 4982 etiam
3305 4928 3436 5002 post
3456 4920 3694 5002 nuptias

301 5001 541 5082 σ’ροδρῶς
601 5002 766 5069 αὖτὴν
826 5004 851 5057 ὁ
917 5003 1012 5070 τῆς
1074 5002 1285 5078 ἁγνείας
1345 5000 1481 5080 ἔρως
1530 4999 1813 5079 πυρπολῶν
1868 5000 1962 5058 οὒκ

300 5093 460 5166 ἀνίει,
521 5091 698 5159 πολλὴ
730 5089 782 5146 δὲ
822 5091 890 5158 ἦν
937 5093 1030 5148 καὶ
1085 5093 1176 5148 τὸν
1232 5089 1391 5169 ἄνδρα
1422 5099 1587 5148 ταῦτα
1634 5097 1962 5169 παραινοῦσα

300 5196 420 5246 τοῖς
479 5180 686 5260 λόγοις²
749 5185 846 5236 καί
881 5180 1063 5248 ἐπειδῆ
1116 5181 1192 5255 μὴ
1245 5179 1439 5259 ἤρκουν
1470 5183 1516 5237 οἱ
1563 5179 1714 5259 λόγοι
1747 5181 1833 5237 καὶ
1863 5178 1963 5236 δεί-

303 5294 437 5348 κρυα
509 5271 926 5348 συνεπρᾶττοντο
991 5271 1066 5333 είς
1125 5270 1311 5341 πειθὼ,
1399 5276 1616 5326 τοιαῦτα
1692 5269 1958 5348 λέγουσιν’

308 5363 366 5418 Εἰ
416 5363 536 5436 μὲν,
597 5365 644 5417 ὦ
699 5359 914 5440 φίλτατε
971 5360 1115 5432 ἄνερ,
1153 5361 1216 5415 τὰ
1259 5360 1391 5418 αὔτα
1444 5361 1530 5416 καὶ
1570 5361 1648 5416 σοὶ
1703 5357 1959 5438 σινδοκεϊ,

301 5453 393 5507 καὶ
449 5450 612 5531 ἄμφω
642 5452 778 5506 κατὰ
827 5452 916 5506 τὸν
973 5456 1071 5516 τῆς
1123 5451 1466 5528 σωφροσύνης
1521 5449 1682 5524 νόμον
1735 5452 1957 5520 οἰκήσο-

305 5563 430 5617 μεν,
467 5541 721 5618 μακάριοι
796 5545 902 5595 τῶν
959 5540 1148 5616 γάμων
1203 5539 1392 5619 ἡμεῖς,
1444 5542 1608 5619 ἄμφω
1663 5561 1721 5596 τε
1769 5539 1865 5596 καὶ
1896 5538 1962 5597 δὶ⁹

306 5630 562 5700 ἀλλήλων
593 5630 884 5702 σωζόμενοι
946 5630 1033 5687 καὶ
1093 5650 1354 5708 προφασιν
1411 5627 1667 5698 ἀλλήλοις
1699 5634 1793 5697 τῆς
1825 5629 1964 5686 καλ-

306 5721 498 5790 λίστης
531 5717 653 5778 ὁδοῦ
710 5719 1006 5800 γινόμενοι·
1073 5720 1118 5775 εἰ
1177 5716 1231 5775 δὲ
1261 5718 1320 5775 σὲ
1350 5720 1410 5776 τὸ
1446 5717 1565 5780 νέον
1602 5718 1700 5789 τῆς
1755 5719 1966 5790 ἡλικίας

2045 5004 2242 5066 adhuc
2274 5005 2687 5068 vehementius
2713 5007 2951 5070 amabat
2972 5011 3425 5091 continentiam,
3451 5019 3509 5073 et
3529 5027 3701 5074 amor

2046 5093 2333 5156 castitat-s
2391 5113 2508 5155 non
2560 5095 2992 5159 intermittebat
3050 5118 3181 5160 eam
3233 5100 3431 5162 acrius
3471 5117 3696 5162 urere:

2050 5183 2253 5245 multis
2283 5201 2421 5245 vero
2451 5183 2654 5246 verbis
2684 5185 2966 5248 maritum
2997 5205 3169 5249 suum
3215 5189 3287 5251 ad
3333 5188 3446 5250 hoc
3481 5189 3704 5251 exhor-

2046 5272 2303 5347 tabatur,
2340 5282 2398 5336 et
2427 5292 2560 5335 cum
2596 5276 2780 5336 verba
2813 5294 2931 5337 non
2976 5278 3342 5354 suﬂicerent,
3374 5279 3430 5340 ei
3464 5295 3704 5360 quoque

2047 5362 2121 5424 ad
2156 5363 2606 5444 persuasionem
2631 5383 2805 5445 opem
2828 5365 3101 5429 ferebant
3127 5369 3424 5450 lacryma,
3453 5368 3578 5437 hac
3606 5367 3706 5429 di-

2047 5452 2241 5515 centi:
2267 5451 2326 5515 Si
2350 5453 2620 5535 quidem,
2639 5474 2674 5516 o
2701 5456 2914 5518 marite
2937 5457 3316 5533 charissima,
3341 5458 3548 5521 eadem
3598 5456 3703 5520 tibi

2047 5561 2290 5623 quoque
2323 5541 2685 5618 videntur,et
2713 5543 2889 5606 ambo
2905 5545 3305 5610 habitabimus
3331 5546 3704 5610 convenien-

2047 5640 2138 5693 ter
2193 5631 2313 5711 legi
2369 5632 2776 5710 continentia,
2839 5634 2996 5698 beati
3040 5655 3148 5699 nos
3200 5637 3426 5699 erimus
3457 5643 3706 5718 propter

2050 5721 2306 5804 nuptias,
2343 5729 2400 5785 et
2427 5721 2602 5786 ambo
2636 5741 2743 5806 per
2771 5742 2878 5787 nos
2907 5725 3163 5790 invicem
3192 5725 3334 5790 salvi
3358 5725 3604 5804 erimus,
3642 5731 3703 5788 et
