4066 6412
427 393 546 459 755

1743 393 2020 458 MENSIS
2064 396 2490 462 DECEMBER.

3693 404 3811 471 756

427 526 654 591 erimus
684 522 836 590 alter
863 523 1039 590 alteri
1069 525 1177 590 viae
1211 523 1628 607 pulcherrimae
1677 525 1929 588 occasio.
1965 525 2066 588 Sin

2156 529 2321 586 ταῦτα
2383 532 2460 604 μὴ
2520 529 2697 610 φέρειν
2756 533 2840 608 ἒᾷ,
2901 531 2962 590 σὺ
3018 540 3142 612 γοῦν
3199 531 3318 592 ἀλλ’
3368 533 3464 612 ἐμὲ
3512 534 3690 612 ἔασον,
3725 531 3812 594 καὶ

425 628 624 681 autem
649 619 935 698 juventus
966 626 1024 679 et
1055 625 1196 679 mtas
1242 617 1595 697 propensior
1641 616 1714 676 ad
1739 615 2074 698 voluptates

427 726 549 769 non
582 707 872 788 permittit
903 715 965 766 ut
997 706 1106 767 hoc
1135 705 1312 782 feras,
1348 715 1406 766 at
1438 717 1498 767 tu
1533 723 1626 766 me
1657 703 1843 785 sinas,
1892 714 1951 766 et
1996 725 2073 766 ne

425 806 688 878 emptum
722 814 920 858 meum
955 803 1015 856 et
1044 795 1381 856 institutum
1418 793 1737 874 prohibeas
1767 816 1779 858 :
1818 797 1934 856 mei
1961 815 2070 856 au-

422 892 542 949 tem
565 885 830 966 corporis
853 892 910 946 et
936 902 1082 946 mea;
1100 883 1392 946 libertatis
1419 902 1650 946 merces
1663 894 1838 946 erunt
1860 902 2072 948 omnes

425 980 852 1056 possessiones,
889 992 1098 1034 omnes
1128 973 1356 1048 famuli,
1387 981 1446 1036 et
1476 981 1686 1044 vestes,
1729 981 1787 1034 et
1829 975 2066 1049 domus,

421 1073 478 1127 et
509 1082 880 1144 quaecunque
911 1063 1025 1124 atia
1055 1071 1193 1124 sunt
1245 1063 1306 1124 in
1344 1064 1490 1124 meis
1524 1063 1927 1126 facultatibus.
1969 1063 2072 1124 His

423 1152 704 1214 omnibus
738 1151 848 1214 tibi
875 1151 1048 1226 cedo,
1081 1151 1409 1214 dummodo
1439 1151 1727 1232 meipsam
1752 1152 2070 1218 redimam.

417 1242 526 1304 Ille
557 1260 695 1304 vero
728 1260 920 1324 neque
946 1241 1286 1304 universum
1315 1243 1674 1318 concedens,
1716 1261 1914 1323 neque
1939 1243 2069 1323 ejus

419 1340 598 1394 totam
614 1332 1300 1395 aversansvoluntatem:
1342 1330 1510 1393 Nunc
1546 1331 1811 1411 quidem,
1840 1349 2064 1408 ouxor,

417 1423 633 1504 inquit.
689 1441 808 1484 non
860 1430 1105 1502 possunt
1154 1422 1280 1482 haec
1324 1421 1487 1483 fieri:
1525 1429 1833 1502 postquam
1867 1432 2066 1484 autem

418 1511 659 1590 generis
711 1520 768 1572 et
800 1511 1142 1573 facultatum
1196 1510 1585 1572 habuerimus
1633 1529 2064 1586 successorem,

419 1621 530 1663 nec
557 1619 668 1680 ego
689 1600 844 1662 bono
872 1609 970 1661 tuo
996 1601 1262 1663 instituto
1277 1600 1481 1663 deero.
1507 1599 1696 1664 Grave
1716 1599 1871 1662 enim
1889 1611 2068 1684 esset,

419 1691 471 1752 si
501 1697 560 1751 in
593 1691 788 1752 divino
813 1690 1118 1753 desiderio
1141 1689 1231 1750 vir
1255 1689 1491 1751 feminae
1517 1689 1731 1752 cedere
1754 1693 2070 1772 consliice-

416 1799 537 1843 rer.
572 1780 688 1844 Sed
725 1789 862 1841 tunc
891 1779 1066 1841 ambo
1099 1780 1251 1840 hanc
1283 1779 1434 1840 viam
1468 1780 1775 1862 eligentes,
1818 1800 1936 1841 non
1968 1799 2069 1843 se-

418 1888 522 1931 cus
553 1887 620 1932 ac
651 1869 712 1930 in
744 1869 1148 1941 matrimonio,
1195 1870 1274 1930 ita
1319 1871 1379 1930 in
1411 1871 1526 1931 vita
1558 1889 1626 1930 ex
1671 1869 1796 1932 Deo
1845 1871 2073 1950 agenda
2098 1893 2135 1944 Β

417 1960 579 2022 inter
612 1977 722 2022 nos
756 1959 1264 2040 conspirabimus.

495 2047 599 2112 Ill.
627 2048 998 2130 Aquiescunt
1028 2049 1205 2110 ambo
1246 2047 1330 2126 ei,
1380 2049 1538 2130 quod
1595 2049 1817 2111 dictum
1853 2049 2066 2111 fuerat.

414 2139 790 2203 Procedente
819 2145 1020 2200 autem
1073 2146 1366 2219 tempore,
1405 2139 1668 2200 nascitur
1708 2139 1796 2200 eis
1848 2139 2066 2220 puella.

410 2228 495 2293 Ea
526 2247 660 2291 cum
686 2229 942 2309 primum
977 2227 1172 2289 lucem
1205 2229 1454 2310 aspexit,
1487 2227 1779 2291 castitatis
1805 2228 1928 2290 Soli
1957 2227 2067 2290 fuit

411 2328 784 2399 consecrata,
809 2317 1036 2379 Melana
1051 2317 1342 2380 offerente
1367 2316 1656 2399 primitias
1675 2315 2063 2399 Domino,qui

411 2409 603 2489 ipsam
639 2408 887 2471 dederat
918 2425 931 2468 :
967 2415 1030 2470 ut
1058 2408 1147 2469 sic
1183 2409 1266 2470 vel
1307 2407 1800 2469 consuetudinem
1837 2406 2064 2470 habens

415 2497 779 2558 matrimonii
819 2497 1126 2558 videretur
1159 2496 1479 2577 plurimum
1514 2496 1778 2558 tribuere
1811 2497 2060 2576 virgini-

408 2590 537 2650 tati.
576 2588 873 2668 Deinceps
905 2604 1041 2648 vero
1063 2587 1319 2667 seipsam
1344 2585 1724 2668 contrabens,
1753 2587 2065 2650 moderate

409 2683 470 2738 et
524 2685 933 2758 temperanter
987 2675 1241 2737 vivebat.
1299 2675 1427 2738 Non
1495 2683 1718 2738 vestem
1795 2675 2065 2755 gestabat

408 2765 811 2847 splendidam,
845 2785 964 2827 non
997 2783 1214 2846 corpus
1241 2785 1410 2827 suum
1434 2765 1664 2828 fovebat
1691 2765 1975 2828 lavacris:
2008 2773 2065 2827 et

405 2855 452 2916 si
485 2855 721 2936 quando
772 2873 806 2916 a
869 2856 1077 2917 marito
1126 2866 1225 2916 aut
1254 2875 1288 2917 a
1321 2854 1666 2936 parentibus
1717 2863 2060 2935 cogeretur,

405 2945 529 3008 ibat
559 2947 801 3028 quidem
837 2947 907 3009 ad
948 2947 1255 3027 balneum,
1289 2966 1422 3008 cum
1467 2956 1663 3008 autem
1709 2946 1932 3008 vultum
1963 2963 2066 3007 so-

404 3036 526 3097 lum
558 3037 804 3098 lavacris
836 3037 1149 3108 abluisset,
1182 3044 1244 3098 ut
1275 3054 1485 3098 eorum
1519 3037 1623 3116 qui
1643 3035 1933 3115 jubebanl
1961 3054 2066 3096 vo-

403 3125 614 3186 luntati
643 3125 1036 3200 satisfaceret,
1078 3145 1193 3188 non
1239 3125 1473 3187 sinebat
1504 3126 1800 3206 reliquum
1848 3143 2066 3205 corpus

2157 619 2235 692 μὴ
2294 618 2472 676 κώλυε
2535 629 2626 678 τοῦ
2675 623 3126 703 ὶπιχειρήματος.
3192 627 3384 691 Μισθὸς
3453 625 3507 682 δὲ
3575 629 3656 684 σοὶ
3721 635 3812 686 τοῦ

2156 707 2288 782 ἔμοῦ
2318 709 2572 783 σώματος
2631 713 2719 766 καί
2773 718 2868 779 τῆς
2927 712 3214 791 ἐλευθερίας
3275 715 3446 774 πάντα
3507 717 3604 791 μὲν
3664 719 3811 796 χρή-

2157 819 2326 871 ματα,
2357 799 2532 855 πάντα
2564 798 2617 855 δὲ
2647 802 2924 881 κτήματα,
2958 804 3151 867 πάντες
3183 802 3236 859 δὲ
3287 804 3484 860 οἰκέται
3521 807 3609 861 καὶ
3654 805 3810 874 ἐσθής

2156 887 2242 943 καὶ
2303 888 2449 944 οἶκοι
2511 891 2597 946 καὶ
2653 888 2822 948 τᾶλλα
2881 891 2980 948 ὅσα
3031 897 3129 960 τῆς
3202 893 3470 971 ὒπάρξεώς
3542 893 3653 950 ἐστι
3711 901 3811 966 τῆς

2155 974 2314 1051 ἐμῆς.
2354 975 2564 1035 Τούτων
2596 1000 2680 1034 σοι
2707 980 2917 1038 πάντων
2952 989 3286 1062 παραχωρῶ,
3344 983 3504 1056 μόνον
3537 985 3580 1039 εἰ
3638 984 3810 1059 ἐμαυ-

2155 1070 2256 1132 τὴν
2313 1065 2613 1143 ὠνήσομαι.
2683 1058 2741 1126 Ὀ
2800 1067 2854 1125 δὲ
2911 1071 3050 1144 μήτε
3101 1058 3332 1128 ⁷τὸνπᾶν
3362 1070 3534 1135 διδοὺς
3579 1058 3718 1148 μήτε
3750 1077 3811 1131 τὸ

2157 1153 2280 1210 ὅλον
2309 1155 2401 1212 τοῦ
2449 1156 2786 1232 βουλήματος
2843 1159 3181 1238 ἀποτρέπων,
3218 1169 3320 1219 Νῦν
3355 1162 3476 1240 μὲν,
3528 1161 3734 1242 ἔλεγεν,
3766 1168 3812 1220 ὦ

2154 1245 2324 1322 γύναι,
2374 1253 2536 1303 ταῦτα
2585 1247 2644 1303 οὒ
2691 1246 2902 1305 δυνατάο
2955 1249 3119 1306 ἐπειδ’
3172 1250 3232 1306 ἂν
3280 1249 3334 1307 δὲ
3383 1254 3469 1308 καὶ
3523 1247 3809 1333 διαδόχους

2154 1341 2245 1392 τοῦ
2279 1335 2460 1412 γένους
2497 1338 2708 1405 καὶτῆς
2756 1340 2931 1403 οὒσίας
2978 1341 3325 1414 κτησώμεθα,
3387 1339 3499 1398 οὐδὲ
3550 1344 3657 1418 ἐγώ
3715 1366 3809 1399 σου

2153 1423 2250 1492 τῆς
2281 1426 2482 1503 ἀγαθῆς
2541 1426 2761 1503 γνώμης
2825 1427 3314 1506 ἆπολαιγθήσομαι·
3375 1431 3616 1510 χαλεπὸν
3679 1433 3804 1511 γὰρ,

2155 1517 2198 1570 εἰ
2242 1515 2374 1592 ἀνὴρ
2433 1518 2675 1594 γυναικὸς
2736 1516 2969 1575 ἐλάττων
3024 1521 3121 1585 τῆς
3181 1521 3297 1598 περὶ
3359 1523 3486 1576 Θεὸν
3533 1520 3810 1596 ἐπιθδμίας

2157 1605 2485 1683 ὸφθήσομαι·
2519 1604 2633 1661 ἀλλ’
2667 1605 2829 1685 ἄμφω
2861 1608 2980 1665 τότε
3019 1609 3119 1676 τὴν
3176 1607 3292 1664 ὁδὸν
3353 1611 3546 1676 ταύτην
3607 1609 3808 1685 ἐλόμε-

2157 1716 2260 1772 νοι,
2321 1694 2517 1769 ὁμοίως
2576 1695 2754 1772 ὥσπερ
2815 1703 2889 1770 νῷ
2950 1699 3130 1776 γάμῳ,
3189 1698 3326 1754 οὕτω
3386 1701 3483 1756 κᾶν
3538 1705 3601 1776 τῇ
3673 1700 3812 1757 κατά

2157 1785 2284 1840 Θεὸν
2317 1781 2558 1863 διαγωγῇ
2587 1783 2843 1854 ἀλλήλοις
2882 1788 3279 1863 εἷσπνεύσομεν.

2233 2041 2320 2106 Γ¹,
2355 2042 2669 2122 Στέργουσιν
2697 2044 2987 2124 ἀμφότεροι
3040 2053 3114 2108 τῶ
3165 2046 3222 2103 λε
3233 2047 3433 2128 Αθέντι·
3468 2047 3559 2106 τού
3606 2050 3808 2129 χρόνον

2151 2130 2204 2188 δὲ
2262 2133 2567 2213 προϊόντος,
2642 2133 2730 2190 καὶ
2805 2134 3012 2194 παιδίον
3081 2139 3264 2202 αὗτοϊς
3334 2144 3568 2195 τίκτεται
3638 2139 3805 2206 θῆλυ,

2154 2221 2314 2307 ςΓοῦτο
2345 2223 2457 2298 ἅμα
2489 2246 2542 2279 τε
2573 2226 2633 2281 τὸ
2664 2231 2776 2305 φῶς
2827 2223 2960 2296 εἶδε,
2993 2229 3080 2282 καὶ
3125 2228 3237 2301 ἅμα
3297 2233 3374 2301 τῷ
3431 2229 3530 2298 τῆς
3590 2230 3805 2307 ἆγνείας

2151 2302 2315 2386 Ἠλίῳ
2370 2302 2690 2394 καθιερώθη,
2751 2315 2848 2383 τῆς
2909 2315 3154 2385 Μελάνης
3203 2318 3462 2397 ἀπαρχὴν
3514 2302 3676 2386 αὔτη-ν
3729 2328 3806 2394 τῷ

2147 2400 2287 2458 δόντι
2349 2403 2517 2481 Κυρίῳ
2593 2405 3062 2482 προσαγαγούσης,
3133 2405 3208 2463 ἵν’
3279 2407 3415 2464 οὕτω
3486 2410 3572 2464 καὶ
3646 2411 3806 2487 γοίμῳ

2147 2491 2548 2565 προσομελοῦσα
2577 2500 2646 2569 τῇ
2675 2495 2930 2573 παργενίᾳ
2961 2497 3149 2574 φανείη
3207 2498 3266 2552 τὸ
3318 2496 3479 2554 πλέον
3539 2498 3797 2573 νέμουσα,

2147 2585 2236 2640 καὶ
2266 2583 2325 2639 τὸ
2359 2580 2477 2650 ἑξῆς
2539 2583 2856 2640 συστείλασα
2914 2585 3108 2652 ἑαυτὴν
3165 2591 3504 2662 σωφρονικῶς
3555 2591 3621 2654 ἦν
3679 2590 3800 2664 βιο-

2147 2676 2387 2730 τεύουσα.
2463 2676 2578 2752 Οὐχ.
2649 2673 2891 2747 ἱσμάτιον
2957 2674 3165 2739 ἐκείνην
3238 2675 3454 2748 ἐκόσμει
3527 2674 3796 2754 λαμπρόν³

2147 2765 2245 2822 οὐκ
2274 2761 2556 2840 ἐτεράπευε
2589 2763 2649 2817 τὸ
2681 2768 2837 2836 σῶμα
2869 2764 3110 2830 λουτρόν.
3177 2761 3284 2820 Κᾶν
3341 2763 3526 2820 εἴποτε
3580 2763 3632 2819 δὲ
3660 2769 3802 2841 παρὰ

2147 2859 2240 2910 τοῦ
2273 2850 2457 2928 ἀνδρὸς
2491 2849 2525 2918 ἧ
2585 2857 2690 2907 τῶν
2748 2851 3012 2908 τεκόντων
3071 2849 3397 2926 ἐκϐιασθείη,
3472 2853 3631 2929 ἀπῄει
3704 2855 3803 2929 μὲν

2150 2944 2222 3004 εἰς
2257 2941 2568 3019 βαλανεῖον,

2150 3031 2534 3107 ἀπονιψαμένη
2593 3029 2717 3086 ὅσον
2772 3032 2831 3087 τὸ
2895 3030 3106 3106 θέλημα
3180 3033 3284 3089 τῶν
3356 3033 3805 3111 προτρεψαμένων

2603 2942 2668 2996 τὰ
2725 2938 2779 2995 δὲ
2831 2943 3090 3019 πρόσωπα
3151 2941 3314 3017 μόνον
3378 2955 3498 3007 τοῖς
3556 2941 3802 3018 λουτροῖς

2151 3120 2570 3200 ἀφοσιώσασθαι,
2605 3123 2664 3176 τὸ
2713 3119 2899 3176 λοιπὸν
2945 3127 3101 3194 σῶμα
3161 3121 3258 3190 τῆς
3319 3121 3378 3178 ἐκ
3435 3123 3540 3178 τῶν
3598 3123 3806 3200 θερμῶν

403 3214 612 3277 calidis
648 3215 859 3278 foueri.
897 3213 970 3276 Ut
1008 3232 1140 3305 vero
1196 3213 1481 3305 deinceps
1538 3214 1771 3305 lateret,
1827 3216 2064 3305 emebat

2155 3209 2438 3266 ἔιπολαύειν
2513 3214 2608 3268 οὐκ
2680 3209 2928 3289 ἠνείχετο
2993 3213 3300 3288 θεραπείας·
3381 3213 3442 3267 τὸ
3512 3210 3567 3267 δὲ
3640 3219 3807 3268 ταῦτα

401 3321 545 3365 auro
571 3305 808 3366 ancillis
845 3304 1166 3384 persuasis.
1203 3303 1348 3364 Cum
1403 3314 1600 3364 autem
1651 3302 1834 3363 multa
1879 3303 2060 3364 etiam

2155 3299 2326 3354 λαθεῖν
2382 3299 2658 3378 χρήμασιν
2719 3299 2912 3356 ὠνεῖτο
2981 3300 3077 3363 τὰς
3148 3302 3462 3377 θεραπαίνας
3522 3301 3802 3361 πείθουσα.

400 3394 666 3467 fecisset,
720 3403 782 3454 ut
839 3393 970 3453 viro
1025 3391 1436 3472 persuaderet,
1494 3401 1554 3452 ut
1598 3401 1755 3452 esset
1788 3392 2060 3470 ejusdem

2155 3384 2326 3445 [Ιολλὰ
2379 3387 2433 3444 δὲ
2493 3391 2578 3445 καὶ
2635 3390 2764 3461 πρὸς
2825 3391 2884 3446 τὸ
2943 3406 3130 3446 πεῖσαι
3192 3392 3285 3446 τὸν
3335 3387 3494 3469 ἄνδρα
3551 3397 3643 3446 τοῦ
3688 3390 3812 3448 ἴσου

401 3481 685 3554 instituti,
720 3481 823 3542 ubi
856 3499 974 3541 non
1005 3480 1152 3540 vidit
1173 3499 1308 3542 eum
1335 3479 1782 3560 obtemperare,
1819 3480 1923 3541 sed
1959 3499 2060 3543 cu-

2155 3476 2382 3555 γενέσθαι
2414 3485 2616 3535 σκοποῦ
2649 3477 2907 3554 δράσασα,
2966 3478 3079 3536 ἐπεὶ
3111 3479 3216 3559 οὐχ
3270 3480 3410 3559 ἑώρα
3459 3481 3807 3560 πεισόμενον,

405 3589 549 3651 pere
581 3571 758 3631 etiam
796 3569 925 3630 fieri
959 3578 1264 3650 parentem
1297 3569 1549 3630 aliorum
1582 3569 1936 3639 liberorum,
1986 3569 2062 3633 de

2155 3566 2284 3623 ξλλά
2357 3569 2443 3624 καί
2513 3567 2707 3647 ἐτέρων
2779 3569 3002 3648 ὀφθῆναι
3067 3569 3272 3645 πατέρα
3345 3568 3544 3625 παίδων
3616 3569 3806 3626 ἐπιθυ-

400 3660 537 3735 fuga
570 3659 813 3737 cogitat,
853 3667 912 3720 et
931 3658 1132 3720 statuit
1163 3658 1359 3739 ipsum
1390 3660 1663 3720 maritum
1715 3669 1776 3722 et
1809 3667 2064 3740 patrem,

2155 3665 2372 3737 μοῢντα,
2406 3655 2639 3736 δρασμὸν
2695 3657 2889 3738 ἒννοεϊ,
2953 3657 3049 3714 καὶ
3110 3661 3266 3717 αὒτὸν
3327 3658 3487 3736 ἄνδρα
3543 3661 3630 3714 καὶ
3695 3683 3808 3716 πα-

403 3751 550 3830 quin
583 3748 759 3811 etiam
795 3767 932 3810 suas
965 3768 1199 3830 quoque
1228 3750 1538 3812 facultates
1561 3750 1924 3831 relinquere.
1950 3749 2066 3812 Sed

2155 3747 2295 3822 τέρα,
2330 3745 2581 3804 ἀλλὰκαὶ
2629 3747 2728 3815 τὴν
2773 3749 2950 3807 οὐσίαν
3009 3747 3317 3807 ἀπολιπεῖν,
3381 3745 3527 3806 Ἐπεὶ
3585 3747 3638 3804 δὲ
3696 3756 3810 3805 τῶν

405 3857 545 3900 cum
581 3837 822 3919 quidam
855 3839 961 3901 viri
995 3839 1139 3900 boni
1170 3848 1229 3901 et
1251 3839 1484 3901 virtutis
1514 3849 1782 3902 amantes
1807 3841 2065 3902 sentien-

2155 3836 2444 3918 φιλαρέτων
2491 3836 2631 3902 τινές
2687 3837 2991 3914 αισθόμενοι
3051 3837 3360 3918 διεκώὶυον,
3405 3839 3466 3894 τὸ
3514 3837 3809 3896 ἂκοστολι-

400 3935 519 4003 tes,
555 3928 616 3988 id
652 3928 1068 4010 prohiberent,
1124 3929 1393 3992 dicentes
1445 3929 1592 3992 illud
1628 3929 2061 4013 Apostolicum,

2155 3929 2241 3983 κὸν
2298 3925 2474 3985 ἐκεῖνο
2527 3928 2776 4007 φάμενοι,
2846 3950 2870 3982 α
2908 3936 2966 3984 Τι
2997 3928 3097 4005 γὰρ
3154 3924 3326 4003 οἶδας,
3381 3928 3556 4005 γύναι,
3612 3930 3654 3984 εἰ
3712 3930 3811 3984 τὸν

407 4042 435 4075 σ
471 4019 624 4092 Quid
653 4021 812 4082 enim
851 4020 991 4102 scis,
1030 4021 1270 4095 mulier,
1303 4039 1378 4082 an
1411 4025 1600 4083 virum
1636 4030 1800 4082 tuum
1839 4021 2063 4083 salvum

2155 4015 2307 4097 Ξνδρα
2366 4017 2604 4098 σώσεις;
2647 4039 2670 4073 s
2733 4016 2887 4092 ἔμενε
2948 4016 3044 4092 μὲν
3101 4018 3191 4073 καὶ
3251 4019 3382 4095 πρὸς
3415 4018 3514 4085 τὴν
3564 4019 3809 4094 ἀνάγκην

406 4108 637 4170 faciest
669 4109 700 4169 ?
733 4135 759 4166 ι
797 4112 1014 4172 mansit
1045 4110 1312 4192 quidem,
1346 4129 1502 4189 aegre
1531 4111 1728 4173 ferens
1759 4128 1914 4186 eam,
1952 4128 2066 4191 qua

2155 4108 2496 4187 ἦκατείχετο
2525 4106 2752 4187 ἤρχετοο
2786 4106 3034 4184 τρόχινον
3093 4103 3147 4161 δέ
3205 4128 3254 4162 τι
3313 4107 3469 4184 ῥᾶκος
3523 4107 3658 4163 εἵσω
3704 4109 3807 4177 τῆς

399 4199 744 4273 tenebatur,
810 4201 1262 4262 necessitatem:
1332 4200 1594 4262 cilicium
1655 4209 1851 4262 autem
1912 4201 2066 4262 intra

2155 4195 2471 4260 πολυτελοῦς
2531 4195 2752 4264 ἐσθῆτος
2801 4196 2958 4252 οἱονεὶ
3015 4196 3411 4274 προγύμνασμα
3467 4202 3564 4264 τῆς
3624 4197 3812 4268 ἀσκή-

400 4297 812 4370 sumptuosam
843 4299 902 4351 et
928 4290 1307 4369 splendidam
1334 4297 1584 4364 vestem,
1611 4298 1888 4370 tanquam
1913 4307 2062 4370 prae-

2155 4305 2310 4356 σεως,
2364 4285 2452 4342 ὅτε
2510 4285 2588 4360 μῆ
2646 4285 2807 4353 συνῆν
2872 4291 2948 4360 τῷ
3005 4283 3170 4364 ἀνδρὶ,
3249 4283 3470 4342 διετέλει
3546 4293 3808 4366 φοροῦσα,

399 4379 625 4440 ludium
662 4378 1129 4451 exercitationis,
1176 4387 1466 4458 perpetuo
1519 4378 1776 4450 ferebat,
1827 4379 2064 4456 quando

2155 4377 2279 4440 Τοὺς
2336 4373 2390 4430 δὲ
2449 4375 2664 4431 πάντων
2732 4375 3032 4454 ὀφθαλμοῦς
3091 4373 3422 4449 κλέπτουσα,
3498 4376 3596 4442 τὴν
3661 4377 3810 4435 θείαν

398 4485 534 4528 cum
592 4467 808 4529 marito
859 4485 979 4528 non
1034 4466 1295 4528 habebat
1350 4466 1874 4528 consuetudinem.
1917 4467 2062 4529 Cum

2155 4467 2269 4542 γοῦν
2330 4467 2492 4530 αὐτῆς
2552 4462 2646 4519 οὒκ
2703 4463 3002 4527 ἐλάνθανεν,
3077 4463 3195 4520 ἀλλ’
3258 4465 3392 4531 αὐτὴ
3450 4465 3548 4540 μὲν
3607 4473 3811 4544 γνοῦσα

398 4573 539 4617 vero
571 4556 843 4619 omnium
876 4556 1114 4617 falleret
1147 4557 1376 4636 oculos,
1405 4574 1574 4617 suam
1603 4555 1840 4616 amitam
1873 4555 2061 4617 latere

2155 4553 2371 4629 ἐπετίμα
2427 4554 2594 4629 ταύτῃ
2651 4555 2739 4610 καὶ
2794 4552 3036 4610 ἕτκωπτε
3093 4561 3184 4610 τοῦ
3245 4552 3558 4634 ἐνδύματος,
3615 4557 3714 4623 τὴν
3749 4554 3807 4613 δὲ

2231 4641 2271 4660 ω
2366 4645 2379 4660 .
2437 4644 2450 4660 ς
2563 4645 2586 4655 υ
2711 4645 2724 4660 .
2802 4649 2822 4659 -
3037 4645 3049 4660 .
3280 4644 3292 4660 .
3353 4647 3376 4660 ..
3470 4644 3479 4660 .
3713 4652 3733 4660 -

400 4661 521 4703 non
571 4642 783 4722 potuit.
817 4643 935 4706 Sed
971 4643 1101 4724 ipsa
1160 4643 1403 4723 quidem
1465 4661 1599 4704 cum
1659 4645 2056 4723 cognovisset,

2155 4641 2306 4716 audis
2363 4644 2463 4700 ὑπὸ
2523 4645 2620 4710 τῆς
2669 4645 2828 4701 αὖτοῦ
2882 4645 3215 4723 τραχύτητος
3273 4644 3585 4723 ἀχθομένην
3645 4652 3805 4702 τοῦτο

401 4750 532 4793 eam
554 4733 922 4814 increpabat,
950 4742 1007 4794 et
1029 4733 1446 4794 indumentum
1474 4732 1785 4798 irridebat.
1810 4733 1891 4797 Ea
1917 4753 2058 4800 vero

2155 4734 2231 4790 ιιαὶ
2259 4731 2464 4809 μᾶλλον
2491 4731 2726 4812 ἐϐάρυνε,
2783 4735 2844 4790 τὸ
2891 4733 2970 4808 μὴ
3022 4732 3307 4802 δυνηθῆναι
3358 4735 3562 4799 πάντας
3590 4732 3802 4799 λαϐεῖν,

401 4821 550 4882 nihil
575 4839 732 4901 aegre
783 4823 984 4884 ferens
1043 4823 1229 4902 ipsius
1282 4823 1690 4904 asperitatem,
1750 4824 1862 4886 hoc
1917 4844 2060 4900 gra-

399 4911 530 4972 vius
566 4911 816 4986 ferebat,
847 4911 1007 4993 quod
1037 4930 1152 4972 non
1189 4922 1388 4992 posset
1418 4931 1628 4974 omnes
1652 4913 1858 4978 latere.
1893 4915 2058 4989 Quo-

403 4999 564 5060 circa
596 4999 800 5062 multis
827 5001 1108 5080 lacrymis
1139 5009 1197 5062 et
1225 5001 1524 5081 precibus,
1557 5012 1616 5064 ut
1650 5020 1749 5064 res
1783 5012 2060 5085 taceatur,

405 5088 711 5167 impetrat.

489 5177 590 5242 IV.
653 5180 795 5242 Erat
853 5189 1056 5243 autem
1113 5186 1166 5242 ei
1238 5181 1492 5245 maxime
1533 5185 1590 5245 in
1646 5187 1797 5244 votis
1840 5186 2061 5248 mundo

2230 5186 2319 5248 A’.
2356 5181 2452 5243 Ἠν
2479 5185 2534 5242 δέ
2565 5186 2664 5263 ἄρα
2713 5207 2763 5242 τι
2821 5183 2905 5238 καὶ
2967 5185 3136 5262 εὖχῆς
3199 5182 3350 5262 ἔργον
3414 5191 3546 5262 αὗτῇ
3595 5188 3804 5261 κόσμου

401 5268 702 5350 abrumpi,
723 5279 782 5332 et
802 5280 864 5331 ut
889 5271 1009 5331 vult
1039 5273 1221 5345 Deus,
1251 5273 1675 5355 phil050phari.
1694 5273 1864 5338 Unde
1880 5277 2056 5338 etiam

2155 5278 2368 5354 Βαγῆναι
2456 5281 2551 5332 καὶ
2625 5274 2986 5353 φιλοσοφῆσαι
3059 5294 3196 5330 κατα
3269 5278 3420 5351 Θεὸν,
3505 5276 3623 5332 ὅθεν
3713 5278 3806 5332 γαὶ

403 5377 538 5419 cum
572 5368 808 5422 uterum
845 5361 1049 5438 ferret,
1082 5370 1136 5422 et
1169 5363 1222 5422 ei
1258 5366 1524 5425 secundo
1552 5365 1676 5444 jam
1710 5376 1912 5444 partus
1959 5385 2056 5447 ap-

2155 5367 2370 5431 ιυούσης
2403 5363 2505 5432 ἤδη
2533 5365 2594 5421 τὸ
2625 5362 2859 5440 δεύτερον
2920 5364 3005 5418 καὶ
3065 5365 3194 5441 πρὸς
3239 5367 3299 5420 τὸ
3352 5379 3532 5422 τεκεῖν
3563 5366 3802 5439 γενομέ-

405 5450 1093 5528 peteret,celebrabatur
1111 5451 1354 5532 quidem
1386 5453 1602 5514 festum
1627 5453 1863 5532 gloriosi
1894 5475 2054 5517 mar-

2155 5479 2256 5530 ρης,
2295 5456 2450 5534 ιέορτυὶι⁸
2483 5455 2579 5528 μὲν
2630 5452 2792 5530 ἤγετο
2821 5458 2913 5508 τοῦ
2965 5451 3213 5532 λαμπροῦ
3269 5454 3324 5510 ἐν
3377 5456 3600 5534 μάρτυσι
3646 5461 3799 5512 Λαυ-

401 5539 543 5618 tyris
580 5537 917 5603 Laurentii:
980 5541 1081 5602 illa
1116 5559 1258 5603 vero
1303 5542 1688 5621 pernoctabat
1732 5543 2050 5622 insomnis,

2155 5546 2338 5603 >εντίου
2369 5566 2382 5584 ο
2443 5547 2476 5613 ἦ
2530 5542 2583 5598 δέ
2631 5541 2825 5607 ἄυπνος
2875 5540 3145 5625 διενύχευε
3174 5543 3298 5622 γόνυ
3329 5546 3602 5620 κῙ-ίνουσα,
3639 5543 3790 5621 ψαλ-

2148 4826 2241 4880 Διὸ
2307 4825 2396 4880 καὶ
2455 4821 2679 4886 πολλοῖς
2735 4820 2949 4898 δάκρυσί
3005 4843 3062 4878 τε
3122 4825 3210 4878 καὶ
3266 4823 3641 4902 παρακλήσεσι
3699 4827 3806 4892 τὴν

2142 4915 2353 4982 σιωπὴν
2384 4921 2476 4972 τοῦ
2509 4913 2820 4992 πράγματος
2855 4911 3226 4991 ἀσφαλίζεται,

485 5745 502 5794 ί
538 5741 563 5806 Ι
593 5743 729 5810 Cor.
763 5764 862 5826 vn,
904 5747 1007 5809 16.
