4066 6392
321 398 435 467 157

1646 405 1836 469 VITA
1893 403 1957 468 S.
2011 403 2375 468 MELANIE.

3575 407 3696 476 758

315 539 450 613 μοὺς
504 534 724 617 ᾄδουσα,
756 536 1005 617 κρείττων
1060 538 1146 623 καὶ
1189 543 1295 597 τῶν
1332 537 1530 597 ὠδίνων
1586 540 1802 608 καὶτῆς
1860 538 1966 620 φύ-

2067 556 2203 618 ;enu
2227 540 2500 616 ﬂectens,
2525 541 2786 623 psalmos
2805 559 3056 621 canens,
3071 542 3309 609 dolores
3331 553 3389 609 et
3417 554 3693 612 naturam

315 649 455 693 σεως
510 627 656 684 εἶναι
711 626 1025 705 βιαζομένη.
1076 618 1134 686 Ὀ
1189 627 1370 708 ὄρθρος
1417 628 1632 709 ἔληγενε
1690 631 1725 700 ἡ
1778 628 1832 686 δὲ
1861 618 1970 686 τῶν

317 718 497 797 εὖχῶν
556 720 651 776 οὒκ
698 717 944 796 ἐπαύετο,
1004 715 1143 773 ἀλλὰ
1200 720 1283 775 καὶ
1344 718 1510 782 οὕτως
1540 719 1734 788 ἑαυτὴν
1792 740 1966 776 κατα-

313 806 561 865 τείνουσά
616 805 1013 886 χαλεπωτέρων
1061 805 1264 864 ὠδινῶν
1318 815 1591 887 πειρᾶται,
1645 809 1730 866 καὶ
1779 809 1965 886 βιαίως

316 898 446 975 μὲν,
476 897 643 955 τίκτει
696 896 743 952 δ’
787 896 876 954 οὖν
924 896 1092 972 ὅμως.
1154 898 1226 955 Τὸ
1287 898 1383 974 μὲν
1434 900 1522 955 οὖν
1563 899 1753 979 τεχθὲν
1795 895 1967 977 (ἇρῤεν

316 987 374 1045 δὲ
427 986 546 1066 ἦν),
580 989 714 1063 ὸμοῦ
755 1007 813 1043 τε
856 984 1078 1066 ἐτέχθη,
1122 988 1211 1044 καὶ
1271 990 1424 1065 ἱερῶς
1480 987 1834 1067 ἆναγεννηθὲν
1894 993 1967 1061 τῷ

314 1077 647 1155 βαπνίσματι
722 1083 815 1132 τοῦ
889 1076 1109 1133 ἐνταῦθα
1180 1076 1386 1152 κόσμου
1444 1076 1645 1160 λύεται,
1693 1079 1779 1135 καὶ
1837 1078 1968 1158 πρὸς

314 1168 411 1224 τὸν
468 1166 585 1224 ἐκεῖ
640 1165 1069 1246 παραπέμπεται²
1142 1165 1351 1235 ἐκείνην
1417 1165 1471 1224 δὲ
1543 1168 1629 1225 καὶ
1673 1167 1808 1245 μετὰ
1877 1168 1970 1224 τὸν

313 1257 475 1314 τόκον
532 1253 782 1337 ἔστρεφον
813 1255 865 1312 αἱ
922 1252 1139 1332 ὠδῖνες,
1169 1257 1258 1313 καὶ
1306 1257 1368 1313 τὸ
1425 1255 1578 1337 δριμὺ
1627 1262 1724 1325 τῆς
1781 1255 1969 1323 ὀδύνης

315 1348 409 1404 τὸν
480 1346 703 1403 θάνατον
747 1346 975 1423 δπῆγεν.
1021 1343 1277 1411 Ἐπιστὰς
1343 1347 1430 1403 οὗν
1490 1348 1518 1403 ὁ
1574 1347 1707 1425 ἀνὴρ
1760 1346 1849 1403 καὶ
1909 1345 1971 1403 τὸ

314 1436 486 1495 δεινὸν
543 1435 890 1511 θεασάμενος,
955 1436 1235 1516 συγχυθεὶς
1306 1443 1497 1513 μικροῦ
1552 1436 1648 1511 μὲν
1721 1439 1805 1492 καὶ
1871 1436 1971 1504 τὴν

316 1527 508 1607 ψυχὴν
565 1525 790 1606 ἀφῆκεν·
846 1521 1126 1582 ἀναλαϐων
1157 1523 1211 1581 δὲ
1267 1524 1451 1582 ἑαυτὸν
1496 1524 1783 1607 ἀποτρέχει
1839 1527 1971 1604 πρὸς

315 1620 379 1677 τὸ
450 1616 844 1694 θυσιαστήριον,
910 1615 1000 1671 καὶ
1065 1613 1240 1689 κύκλῳ
1317 1624 1465 1674 τοῦτο
1531 1614 1971 1694 περιερχόμενος,

322 1708 519 1786 δάκρυα
569 1708 674 1761 τῶν
726 1701 1012 1783 ὀφθαλμῶν
1065 1702 1221 1784 ἕρῤει,
1285 1704 1461 1783 φωνὰς
1528 1705 1701 1784 ὼφῐει,
1757 1704 1843 1760 καὶ
1899 1704 1972 1769 ὡς

325 1795 576 1863 ὀξυτάτην
664 1806 914 1873 παρεῖναι
1003 1793 1103 1860 τὴν
1173 1793 1369 1851 ἄνωθεν
1431 1791 1611 1850 ὶκάλει
1698 1791 1968 1871 βοήθειαν.

2050 646 2334 709 superare
2356 629 2746 695 contendens.
2778 633 3050 697 Desierat
3073 635 3564 714 matutinum,illa
3585 656 3696 702 au-

2050 724 2168 810 tem
2214 736 2333 780 non
2377 719 2647 782 cessabat
2700 739 2733 784 a
2790 721 3092 802 precibus.
3147 725 3266 788 Sed
3327 725 3414 789 sic
3463 746 3701 810 quoque

2049 807 2309 890 seipsam
2344 810 2683 893 intendens,
2712 811 2949 874 dolores
2972 813 3270 876 sentiebat
3291 807 3618 894 graviores,
3640 825 3702 881 et

2049 896 2343 959 violenter
2362 897 2628 980 quidem,
2657 901 2810 983 parit
2841 908 3061 965 tamen.
3095 902 3286 985 Atque
3308 905 3466 986 quod
3499 914 3697 969 natum

2050 989 2277 1061 quidem
2302 990 2502 1054 fuerat.
2525 1000 2646 1050 erat
2676 994 3058 1052 masculinum
3082 1011 3102 1068 ;
3126 994 3294 1053 simul
3320 1006 3487 1070 atque
3506 1006 3697 1057 autem

2053 1081 2253 1136 natum
2310 1083 2369 1137 et
2408 1084 2614 1139 sancto
2658 1076 2949 1160 baptismo
2981 1079 3089 1141 fuit
3146 1085 3588 1160 regeneratum,
3622 1083 3697 1145 ab

2053 1163 2168 1226 hoc
2200 1164 2421 1225 mundo
2447 1164 2786 1247 discedens,
2806 1167 2875 1229 ad
2900 1187 3059 1246 eum,
3087 1169 3189 1247 qui
3212 1169 3332 1232 illic
3355 1176 3466 1244 est,
3500 1178 3697 1234 trans-

2056 1253 2330 1315 mittitur.
2384 1253 2550 1316 Illam
2583 1273 2719 1317 vero
2751 1256 2928 1318 etiam
2974 1266 3104 1339 post
3145 1266 3380 1340 partum
3411 1259 3701 1324 vexabant

2055 1342 2383 1419 dolores,et
2405 1342 2658 1407 acerbus
2679 1345 2975 1408 cruciatus
3011 1355 3262 1410 mortem
3298 1349 3695 1415 accelerahat.

2053 1434 2262 1492 Astans
2294 1444 2481 1493 autem
2514 1437 2775 1504 maritus,
2807 1452 2940 1495 cum
2970 1453 3229 1510 asperam
3260 1448 3314 1499 et
3352 1456 3581 1513 gravem
3614 1444 3701 1498 vi-

2057 1517 2244 1582 disset
2298 1518 2770 1599 perpessionem,
2822 1522 3209 1585 conturbatus
3270 1542 3452 1605 prope
3504 1524 3699 1587 emisit

2057 1607 2340 1671 animam.
2381 1609 2528 1670 Cum
2562 1627 2627 1671 se
2658 1617 2852 1672 autem
2885 1610 3223 1691 collegisset
3250 1632 3319 1675 ac
3345 1622 3697 1689 recreasset,

2056 1697 2246 1761 currit
2270 1698 2342 1759 ad
2375 1716 2559 1770 aram,
2590 1707 2648 1761 et
2690 1718 2819 1762 eam
2852 1700 2913 1761 in
2945 1700 3153 1763 orbem
3183 1702 3472 1776 ambiens,
3503 1704 3700 1785 lacry-

2059 1805 2185 1848 mas
2212 1787 2604 1867 profundebat
2633 1806 2706 1851 ex
2729 1789 2941 1871 oculis,
2972 1809 3149 1853 voces
3179 1791 3484 1856 emittebat
3515 1794 3699 1855 mise-

334 1877 397 1942 Ἢ
451 1883 500 1940 δὲ
528 1890 716 1942 τοῦτον
771 1885 980 1940 ἐκεῖνον
1037 1882 1178 1940 εἶναι
1236 1883 1497 1958 νομίσασα
1547 1884 1639 1939 τὸν
1671 1883 1852 1960 καιρὸν
1913 1883 1971 1948 ὃς

2067 1876 2299 1952 rabiles,
2328 1885 2385 1938 et
2406 1886 2468 1939 ut
2489 1897 2664 1958 quam
2688 1878 3043 1941 citissimum
3072 1898 3106 1941 a
3135 1882 3370 1961 superis
3393 1881 3701 1945 adveniret

332 1980 397 2052 τῇ
427 1972 665 2051 ἐπιθυμίᾳ
720 1972 917 2040 ταύτης
989 1970 1231 2040 ἐπιθήσει
1283 1974 1346 2030 τὸ
1402 1971 1579 2047 τέλος,
1606 1977 1684 2046 τῷ
1727 1969 1867 2051 ἀνδρὶ
1896 1970 1972 2029 ἔτι

323 2070 400 2141 τῷ
465 2066 591 2143 ἱερῶ
651 2060 1056 2142 προσεδρεύοντι
1112 2060 1445 2141 διαγγέλλων
1513 2059 1716 2143 φράξει,
1780 2059 1816 2129 ἧ
1874 2060 1970 2137 μὲν

322 2158 463 2230 αὗτῷ
522 2175 580 2211 τε
634 2156 733 2210 καὶ
786 2153 949 2230 ἑαυτῇ
976 2152 1252 2227 ζήσεσθαι,
1286 2153 1330 2209 εἶ
1387 2149 1545 2230 ὅρκια
1587 2152 1674 2208 καὶ
1716 2153 1968 2219 συνθῆκαι

319 2247 452 2323 πρὸς
517 2245 646 2301 Θεὸν
703 2242 941 2321 γένοιντο
1004 2242 1059 2299 ἒν
1114 2241 1426 2321 σωφροσύνῃ
1469 2243 1563 2298 τοῦ
1630 2240 1822 2298 λοιποῦ
1875 2245 1970 2317 ζῇν

314 2332 673 2415 ἀμφοτέρους,
717 2332 807 2389 καὶ
874 2332 953 2409 μὴ
1035 2331 1173 2389 κατὰ
1241 2331 1379 2407 βίον,
1442 2328 1579 2390 ἀλλὰ
1647 2330 1785 2388 κατὰ
1842 2331 1974 2387 Θεὸν

318 2423 529 2502 μᾶλλον
556 2424 800 2499 βιοῦντας
845 2419 1133 2483 διατελεῖν,
1179 2420 1426 2478 Πείθεται
1458 2422 1486 2477 ὸ
1534 2419 1671 2499 ἀνὴρ
1712 2432 1830 2484 τοῖς
1872 2420 1973 2487 τῆς

314 2514 568 2593 γυναικὸς
625 2513 713 2569 καὶ
744 2511 946 2588 ῥήμασι
999 2512 1086 2567 καὶ
1132 2508 1424 2589 θελήμασι,
1465 2510 1558 2567 καὶ
1615 2513 1712 2584 τῇν
1769 2507 1976 2566 ἀπολοκ

321 2606 464 2683 γίαν,
525 2601 606 2658 ὅτι
656 2599 961 2673 πέπεισται,
1009 2597 1240 2656 δίδωσιν·
1302 2596 1434 2675 ὅπερ
1493 2597 1670 2663 ἐκείνη
1743 2600 1977 2673 μαθοῦσα

320 2697 383 2750 τὸ
442 2693 540 2769 μὲν
569 2696 727 2766 σῶμα
775 2690 939 2767 ῥᾳων,
969 2688 1067 2756 τὴν
1134 2685 1188 2744 δὲ
1218 2688 1404 2768 ψῦχήν
1434 2684 1596 2756 ἡδίων
1627 2687 1772 2750 εύθὺς
1828 2687 1975 2764 γίνε-

318 2804 434 2855 ται,
494 2781 605 2837 εἴτε
665 2785 730 2857 τῇ
780 2783 923 2858 χαρᾷ
980 2783 1080 2845 τῆς
1139 2776 1298 2834 κόσου
1357 2776 1794 2856 παραχωρούσης
1865 2773 1978 2833 εἴτε

323 2873 415 2928 καὶ
462 2871 556 2938 τῆς
601 2866 712 2926 ἄνω
766 2870 950 2949 χειρὸς
1025 2873 1101 2940 τῷ
1159 2872 1344 2942 σκοπῷ
1397 2866 1597 2933 ταύτης
1657 2864 1978 2944 συναιρομέ-

331 2983 448 3028 νης.

411 3234 491 3289 ε’.
539 3229 689 3288 Ἐπει
742 3228 833 3287 οὖν
893 3212 1078 3305 κὰιροῦ
1128 3228 1218 3284 καὶ
1275 3228 1556 3306 ἂκφορμῆς
1612 3223 1836 3296 ἥπτετο,
1891 3223 1982 3280 τὸν
2004 3271 2042 3306 Ι,

2056 1964 2368 2028 invocabat
2407 1967 2714 2029 auxilium.
2747 1968 2855 2031 Illa
2903 1987 3040 2030 vero
3090 1969 3373 2033 arbitrata
3403 1971 3516 2033 hoc
3567 1989 3699 2034 esse

2054 2053 2203 2117 illud
2238 2063 2499 2138 tempus,
2529 2057 2687 2139 quod
2711 2057 2889 2120 ﬁnem
2922 2060 3186 2140 imponet
3213 2059 3342 2140 ejus
3371 2059 3693 2136 desiderio,

2053 2144 2180 2206 viro
2212 2145 2312 2226 qui
2342 2145 2537 2208 adhuc
2576 2146 2883 2210 assidebat
2912 2146 2971 2209 in
3006 2147 3254 2229 templo,
3290 2168 3397 2231 per
3422 2149 3695 2212 nuntium

2055 2232 2371 2314 significat,
2407 2245 2463 2297 et
2495 2235 2714 2317 ipsum,
2740 2245 2797 2298 et
2826 2255 2891 2299 se
2916 2237 3111 2299 adhuc
3140 2255 3277 2301 esse
3305 2244 3614 2317 victuram,
3649 2238 3702 2301 si

2056 2323 2235 2386 detur
2281 2324 2728 2407 jusjurandum,
2767 2334 2829 2390 et
2870 2332 3038 2408 pacta
3066 2336 3355 2391 conventa
3399 2329 3695 2404 ineantur,

2057 2424 2330 2490 utrosque
2361 2420 2430 2476 de
2453 2428 2652 2477 caetero
2692 2420 2945 2479 victuros
2988 2434 3113 2478 esse
3150 2421 3209 2478 in
3248 2422 3616 2486 continentia.
3652 2430 3707 2480 et

2060 2522 2180 2566 non
2231 2522 2410 2586 quam
2462 2504 2743 2581 mundus,
2775 2504 2879 2568 sed
2931 2524 3108 2588 quam
3141 2506 3269 2569 vult
3314 2506 3494 2583 Deus,
3524 2508 3707 2572 vitam

2062 2612 2194 2656 esse
2229 2603 2519 2675 perpetuo
2567 2603 2831 2658 acturos.
2864 2594 3042 2658 Paret
3076 2597 3166 2657 vir
3194 2598 3396 2660 uxoris
3430 2600 3626 2660 verbis
3654 2604 3715 2661 et

2060 2684 2376 2759 voluntati,
2408 2692 2470 2745 et
2517 2684 2845 2768 respondet
2898 2684 2957 2748 id
3009 2684 3127 2749 sibi
3159 2704 3290 2749 esse
3336 2704 3708 2768 persuasum.

2061 2771 2228 2845 Quod
2249 2772 2490 2854 quidem
2519 2792 2654 2835 cum
2681 2774 2779 2836 illa
2804 2773 3169 2852 rescivisset,
3199 2794 3454 2857 corpore
3476 2777 3715 2858 quidem

2062 2880 2129 2924 se
2156 2860 2336 2924 habet
2367 2862 2605 2939 melius,
2628 2864 2829 2925 animo
2863 2871 3061 2927 autem
3097 2864 3371 2945 protinus
3400 2864 3593 2927 evadit
3618 2866 3718 2927 la:-

2058 2952 2198 3023 tior,
2234 2969 2343 3013 seu
2398 2951 2606 3015 morbo
2660 2952 2857 3015 locum
2903 2952 3084 3015 dante
3122 2952 3365 3033 laetitiae,
3400 2971 3506 3016 seu
3535 2953 3714 3017 etiam

2063 3059 2243 3104 manu
2289 3058 2548 3123 superna
2576 3042 2706 3123 ejus
2764 3040 3084 3124 adjuvante
3133 3060 3381 3125 scopum
3434 3051 3495 3107 et
3535 3042 3715 3106 insti-

2066 3137 2280 3194 tutum.

2150 3218 2221 3283 V.
2254 3221 2401 3281 Cum
2426 3237 2570 3299 ergo
2595 3227 2766 3282 nacta
2793 3228 2950 3283 esset
2974 3227 3211 3303 tempus
3234 3228 3295 3285 et
3317 3220 3716 3298 occasionem,

323 3319 425 3396 μὲν
483 3318 645 3376 ἄλλον
677 3325 769 3376 τοῦ
819 3316 1067 3392 σώματος
1123 3316 1397 3374 ἀπετίθετο
1450 3315 1674 3391 κόσμον,
1710 3313 1871 3379 λιτῶς
1928 3333 1983 3368 τε

2069 3307 2343 3391 deposuit
2372 3308 2614 3390 quidem
2649 3309 2832 3372 alium
2866 3320 3142 3373 ornatum
3196 3311 3489 3394 corporis,
3524 3310 3723 3373 tenui-

323 3411 419 3466 καί
477 3407 688 3487 ἀφελῶς
736 3406 828 3484 ξῇν
861 3404 1092 3482 ἑλομένη
1153 3408 1241 3462 καὶ
1298 3404 1433 3473 ὅλην
1489 3404 1680 3471 ἑαυτὴν
1733 3405 1864 3482 πρὸς
1894 3403 1984 3459 τὸν

324 3500 433 3555 ἔσω
474 3503 563 3565 τῆς
623 3496 809 3577 ψυχῆς
838 3495 1042 3570 κόσμον
1101 3496 1365 3574 τρέψασα⁶
1415 3494 1470 3551 ἐν
1527 3493 1762 3568 τοσούτῳ
1789 3490 1844 3549 δὲ
1897 3492 1985 3547 καὶ

325 3589 390 3646 τὸ
449 3593 546 3655 τῆς
578 3585 854 3663 παρθενίας
913 3583 1077 3650 αὐτῆς
1134 3583 1305 3657 ἔρνος,
1337 3587 1373 3655 ἡ
1429 3585 1508 3656 τῷ
1537 3588 1652 3657 Θεῷ
1705 3581 1983 3660 ’ἵεραθεϊσα

327 3677 588 3756 θυγάτηρ,
647 3677 739 3732 τὸν
812 3676 1032 3730 ιενταῦθα
1106 3674 1221 3750 βίον
1284 3671 1614 3731 ἀπολιποῦσα
1690 3672 1821 3748 πρὸς
1895 3671 1988 3726 τὸν

328 3769 600 3847 ἑργαστὴν
659 3766 792 3823 Θεὸν
842 3763 1201 3839 μετατίθεται,
1265 3761 1474 3827 Ταύτης
1530 3763 1558 3817 ὸ
1587 3761 1811 3824 θάνατος
1861 3758 1988 3836 βελο-

328 3870 444 3916 τιοϊ
485 3858 579 3914 τὸν
639 3852 798 3935 ἄνδρα
846 3854 913 3909 τὰ
971 3850 1066 3909 ἴσα
1123 3872 1179 3908 τε
1236 3864 1451 3932 φρονεῖν
1515 3850 1598 3908 καὶ
1664 3848 1764 3915 τὴν
1823 3847 1988 3912 αὗτὴν

329 3946 530 4006 ὁδεύειν
603 3951 673 4022 τῇ
752 3941 969 4020 Μελάνῃ
1027 3939 1436 4019 παρασκευάζει.
1509 3938 1820 4002 ἰ’ποθέντες
1901 3936 1989 3994 οὖν

328 4036 621 4117 ἀμφότεροι
651 4033 867 4097 ἑαυτοὺς
899 4053 976 4105 τῳ
1024 4038 1119 4089 τοῦ
1151 4029 1287 4086 κατὰ
1338 4029 1470 4117 Θεὸν
1501 4027 1613 4117 βίου
1657 4025 1820 4117 ζογῷ,
1854 4046 1989 4103 προ-

337 4114 517 4200 θύμως
582 4122 772 4181 εἷλκον
837 4121 937 4188 τὴν
994 4119 1188 4197 ἀρετὴν
1246 4116 1501 4187 ἀλλήλοις
1549 4114 1989 4192 διαμιλλώμενοι,

341 4213 593 4277 Ἐκείνοις
671 4212 772 4288 μὲν
848 4209 937 4266 οὖν
995 4211 1030 4277 ἡ
1090 4209 1297 4289 φροντὶς
1384 4207 1452 4276 ἧν
1506 4205 1685 4262 τέλεον
1768 4204 1992 4282 ῥαγῆναι

341 4301 544 4376 κόσμου
584 4303 804 4374 παντὸς,
832 4301 922 4357 καὶ
980 4306 1098 4370 Θεῷ
1156 4298 1372 4362 ἑαυτοὺς
1429 4297 1700 4353 ἀναθεῖναι
1755 4295 1843 4350 καὶ
1896 4294 1995 4370 βίῳ

334 4394 425 4450 καὶ
482 4414 547 4469 σγ
566 4392 724 4468 ἂματι
786 4391 851 4446 τὰ
907 4395 1015 4447 τῶν
1074 4394 1337 4466 μονα-χῶν
1396 4385 1707 4461 έλομένῡυςο
1762 4387 1866 4441 τῶν
1939 4380 1994 4439 δὲ

330 4481 534 4562 γονέων
589 4483 667 4559 μὴ
713 4479 986 4560 ἐφιέντων,
1022 4477 1220 4534 ἐκεῖνοι
1272 4482 1415 4556 φυγῇ
1462 4474 1660 4551 κλέψαι
1714 4497 1815 4541 την
1857 4473 1993 4530 ἀνα-

2067 3404 2162 3462 ter
2193 3405 2252 3460 et
2280 3397 2636 3479 simpliciter
2675 3399 2876 3462 vivere
2905 3400 3301 3473 constituens,
3334 3408 3392 3463 et
3441 3407 3621 3462 totam
3654 3417 3723 3462 se

2066 3497 2425 3551 convertens
2453 3487 2523 3551 ad
2560 3488 2866 3552 internum
2899 3496 3175 3552 ornatum
3210 3490 3448 3553 animas.
3478 3489 3723 3554 Interim

2065 3587 2264 3640 autem
2299 3578 2614 3660 pulchrum
2646 3597 2883 3661 quoque
2915 3579 3047 3660 ejus
3077 3597 3323 3657 germen
3347 3578 3721 3660 virginitatis,

2072 3685 2202 3748 quae
2237 3666 2360 3728 Deo
2390 3668 2581 3729 fuerat
2610 3675 2984 3749 consecrata,
3018 3668 3166 3746 ﬁlia,
3202 3668 3464 3748 migrans
3516 3687 3586 3731 ex
3614 3669 3728 3731 bac

2070 3761 2212 3830 vita,
2244 3755 2404 3817 vadit
2446 3755 2520 3818 ad
2557 3755 2743 3819 Deum
2775 3774 2947 3819 suum
3003 3765 3353 3822 amatorem.
3391 3756 3532 3836 Ejus
3565 3774 3728 3820 mors

2074 3844 2383 3907 meliorem
2434 3853 2697 3907 mentem
2742 3845 2845 3907 dat
2895 3845 3046 3921 viro,
3085 3855 3149 3907 ut
3200 3845 3361 3908 idem
3395 3845 3552 3928 quod
3600 3847 3731 3927 ipsa

2073 3935 2307 4008 sentiat,
2342 3948 2400 3996 et
2448 3933 2654 4010 efficit,
2690 3943 2755 3997 ut
2805 3934 3013 3996 eadem
3047 3934 3141 3996 via
3185 3934 3580 4014 ingrediatur,
3612 3953 3731 4016 qua

2074 4026 2311 4085 Melana.
2346 4027 2485 4084 Cum
2519 4027 2690 4084 ambo
2720 4041 2856 4099 ergo
2878 4042 2940 4084 se
2968 4026 3411 4099 subjunxissent
3433 4027 3574 4100 iugo
3606 4028 3732 4086 vitae

2076 4129 2145 4174 ex
2180 4109 2302 4173 Deo
2333 4110 2646 4184 ducendas,
2681 4110 2741 4172 id
2772 4117 3046 4191 prompto
3077 4118 3134 4171 et
3162 4109 3345 4172 alacri
3374 4110 3575 4173 animo
3606 4117 3728 4173 tra-

2076 4198 2329 4275 hebant,
2359 4199 2517 4261 inter
2570 4217 2637 4262 se
2667 4198 2882 4261 virtute
2932 4199 3331 4262 decertantes.
3391 4200 3583 4281 Atque
3613 4200 3731 4262 illis

2078 4289 2321 4372 quidem
2367 4308 2524 4351 cura;
2550 4288 2773 4351 eratab
2797 4288 3074 4351 universo
3107 4288 3331 4350 mundo
3352 4289 3600 4350 omnino
3628 4308 3729 4352 se-

2079 4380 2303 4462 parari,
2341 4388 2401 4442 et
2433 4396 2499 4440 se
2527 4377 2650 4440 Deo
2679 4378 2965 4440 dedicare
2999 4398 3013 4440 :
3047 4385 3259 4440 etcum
3291 4376 3409 4439 vita
3443 4385 3500 4439 et
3524 4377 3729 4441 habitu

2081 4468 2467 4531 monasticam
2519 4468 2838 4547 elegissent
2893 4467 3408 4542 constitutionem,
3445 4475 3724 4547 parentes

331 4556 601 4653 item“;
629 4556 921 4653 ἐμελέτων.
974 4556 1156 4625 *Ἀλλὰ
1210 4573 1368 4622 τοῦτο
1425 4565 1525 4642 μὲν
1554 4564 1689 4625 τέως
1731 4566 1765 4632 ἡ
1797 4562 1983 4653 ἄνωθεν

2078 4570 2278 4623 autem
2306 4578 2422 4620 non
2453 4558 2666 4653 permit
2679 4557 3008 4653 terent,_illi
3038 4556 3475 4619 meditabantur
3502 4575 3575 4653 se
3591 4557 3726 4653 fuga

328 4641 504 4740 έξργει
564 4641 706 4742 χείρ’
763 4658 1056 4738 εὖφροσύνη
1119 4654 1173 4711 8‘s
1231 4655 1341 4712 θεία
1413 4656 1512 4722 τὴν
1574 4653 1748 4719 λύπην
1806 4652 1983 4714 αὔτοτς

2077 4648 2462 4742 subducere;
2494 4647 2597 4709 sed
2630 4647 2747 4708 hoc
2776 4646 3018 4742 quidem
3045 4655 3184 4742 tunc
3218 4664 3431 4708 manus
3450 4645 3726 4742 prohibet

330 4754 555 4812 διαλύει.
606 4761 780 4813 Ταῦτα
830 4752 932 4829 γὰρ
979 4747 1453 4821 διασκοπουμένοις
1505 4747 1692 4809 νυκτὸς
1751 4745 1993 4829 ἐπιγενοτ

332 4846 528 4922 μένης,
574 4841 762 4902 εὒωδία
820 4827 915 4906 τις»
961 4840 1151 4902 αὖτοὺς
1211 4836 1435 4915 ἅῤῥητος
1485 4836 1576 4892 καὶ
1617 4832 1856 4906 οὖρᾶνιος
1909 4827 1996 4890 καὶ

334 4921 434 4994 οἶα
492 4932 677 5010 μηδενὶ
747 4930 930 4998 ληπτὴ
1008 4928 1207 4985 ἄνωθεν
1280 4922 1703 4999 κατελάμϐανεν,
1763 4921 1997 4988 ἐξαίσιόν

333 5046 455 5081 τινα
512 5022 682 5092 πνοήν
757 5017 955 5088 ἡδονῆς
1042 5012 1415 5094 προϐάλλουσα
1481 5016 1578 5068 καί
1650 5011 1750 5078 τὴν
1812 5011 1998 5091 ψυχὴν

338 5111 603 5170 ἂλύουσαν
659 5112 747 5166 καὶ
805 5104 1235 5180 συστελλομένην
1315 5105 1388 5166 εἷς
1447 5101 1621 5182 χαρὰν
1677 5102 1823 5164 εὐθὺς
1877 5099 1997 5155 διεί-

339 5203 567 5283 χέουσα.
644 5200 904 5263 Τοιαύτης
976 5196 1200 5275 χάριτος
1256 5193 1351 5257 τὰς
1427 5192 1608 5270 ψυχὰς
1677 5188 1999 5283 πλησθέντες

337 5276 528 5367 έμενον
563 5291 702 5347 οὕτω
732 5287 932 5368 χαλινᾶ
965 5286 1137 5341 πάντα
1179 5288 1276 5350 τῆς
1307 5286 1450 5353 ζωῆς
1513 5286 1590 5368 τῷ
1621 5279 1737 5353 Θεῷ
1782 5276 1995 5368 ἐπιτρέἶ-

342 5365 539 5459 ψαντες
600 5365 788 5437 ὁποίαν
838 5377 992 5440 αὐτὸς
1051 5371 1169 5451 ἄγει
1230 5373 1315 5428 καὶ
1368 5371 1512 5435 ὅπως
1551 5365 1789 5447 ἄγεσθαι,
1852 5365 1996 5422 Μετᾶ

340 5456 533 5549 μικρὸν
590 5469 679 5527 οὖν
710 5466 909 5524 ἐκείνου
970 5464 1249 5525 νεύσαντος
1311 5461 1617 5535 μεθὲσταται
1667 5458 1768 5534 μὲν
1810 5456 1996 5519 αὐτοῖς

345 5544 374 5619 ὸ
426 5544 522 5630 τῆς
556 5559 804 5624 Μελάνης
850 5555 1048 5631 πατήρ·
1098 5555 1145 5609 οἱ
1177 5550 1232 5608 δὲ
1279 5548 1516 5607 ἐκποδὼν
1552 5557 1644 5607 τοῦ
1700 5544 1997 5611 κωλύοντος

342 5651 658 5733 γενομένου,
715 5646 803 5703 ὅτε
873 5644 939 5713 δὴ
993 5650 1071 5718 τῷ
1143 5644 1258 5716 Θεῷ
1328 5638 1523 5719 ἐδόκει,
1569 5640 1657 5695 καὶ
1718 5640 1747 5694 ὁ
1815 5638 1997 5714 καιρὸς

342 5724 549 5819 ἐκάλει,
610 5736 802 5803 εὐθέως
859 5756 955 5815 μεν
989 5737 1089 5803 τῆς
1134 5729 1378 5815 μεγάλης
1430 5726 1740 5817 ἰξέρχονται
1788 5724 1998 5791 πόλεως

2076 4754 2350 4810 superna,
2379 4741 2568 4797 divina
2604 4746 2791 4795 autem
2823 4739 3013 4795 laetitia
3044 4738 3127 4793 eis
3150 4751 3454 4795 maerorem
3488 4739 3721 4796 excutit.

2079 4827 2231 4889 Dum
2281 4825 2358 4886 de
2404 4824 2498 4887 his
2546 4823 2706 4885 enim
2759 4823 3185 4898 consultarent,
3220 4829 3511 4903 sequente
3552 4832 3729 4886 nocte

2080 4914 2278 4978 suavis
2296 4914 2537 4995 quidam
2563 4913 2713 4975 odor
2731 4921 2788 4975 et
2819 4912 2993 4994 plane
3014 4911 3297 4990 caelestis,
3319 4919 3376 4971 et
3406 4913 3506 4992 qui
3531 4929 3728 4994 neque

2081 5003 2281 5066 verbis
2336 5002 2614 5084 exprimi,
2649 5020 2843 5083 neque
2891 5008 3091 5062 mente
3113 4998 3360 5081 cogitari
3403 5004 3622 5082 potest,
3651 5002 3725 5064 ad

2084 5112 2186 5157 eos
2236 5093 2398 5154 venit
2448 5112 2480 5153 ιι
2519 5092 2776 5173 superis,
2806 5091 2908 5171 qui
2941 5089 3357 5152 admirabilem
3408 5090 3727 5171 quemdam

2087 5182 2399 5265 voluptatis
2429 5180 2703 5262 spiritum
2734 5186 2820 5241 eis
2861 5179 3077 5254 attulit,
3115 5186 3172 5240 et
3201 5180 3301 5260 qui
3326 5178 3567 5241 tristitia
3595 5180 3726 5242 aﬂl-

2082 5272 2352 5334 ciebatur
2385 5278 2443 5331 et
2472 5269 2950 5339 contrahebatur,
2983 5267 3250 5330 animum
3302 5268 3576 5349 protinus
3605 5268 3724 5331 dif-

2079 5361 2230 5424 fudit
2262 5361 2330 5424 ad
2366 5360 2651 5422 laetitiam.
2683 5360 2831 5422 Cum
2866 5358 2962 5419 tali
2994 5357 3186 5437 gratia
3214 5357 3446 5439 impleti
3475 5357 3727 5420 fuissent

2081 5470 2289 5515 eorum
2351 5449 2557 5522 animi,
2619 5446 2937 5510 manebant
2989 5448 3099 5521 sic,
3158 5452 3356 5509 omnia
3411 5446 3541 5508 vitae
3602 5464 3726 5510 sum

2079 5543 2250 5605 frena
2306 5542 2430 5603 Deo
2481 5538 2918 5619 permittentes,
2954 5545 3020 5599 ut
3072 5537 3441 5599 ducerentur
3493 5553 3611 5616 quo
3663 5544 3724 5598 et

2083 5629 2382 5714 quomodo
2404 5627 2606 5691 vellet.
2636 5626 2780 5691 Cum
2804 5626 2907 5689 ille
2935 5643 3078 5714 ergo
3111 5625 3282 5714 paulo
3314 5631 3444 5703 post
3470 5624 3722 5714 annuis:

2083 5709 2198 5802 set,
2222 5718 2310 5782 eis
2335 5716 2579 5803 quidem
2623 5734 2656 5781 e
2681 5715 2828 5779 vivis
2866 5712 3099 5777 excedit
3125 5712 3373 5779 Melana:
3393 5716 3580 5792 pater.
3628 5709 3719 5774 Illi
