4066 6412
380 368 501 436 759
1705 369 1986 433 MENSIS
2025 370 2045 431 l

2134 367 2452 431 CEMBER.
3064 385 3071 392 ·
3643 367 3765 434 760

384 517 608 586 autem,
670 527 804 572 cum
865 516 1094 573 amotus
1152 518 1310 571 esset
1360 508 1434 583 is,
1491 508 1593 588 qui
1652 508 2030 589 prohibebat,

2134 505 2342 564 ἱστικὴν
2429 500 2761 583 πολυοχλίαν
2818 503 2913 560 καὶ
2996 502 3240 581 θορύϐους
3321 503 3761 581 ιὲιποποιούμενοι⁶

387 600 629 684 quando
660 600 781 664 Deo
836 600 1026 663 visum
1059 607 1216 663 esset
1265 608 1319 662 et
1353 607 1587 676 tempus
1611 602 1879 677 vocabat,
1915 606 2034 660 sta-

2134 596 2408 674 προάστεια
2463 591 2517 648 δὲ
2560 593 2747 657 αὐτοὺς
2797 590 3117 672 ὑποδέχεται
3180 594 3395 673 χρηστά
3424 616 3479 652 τε
3535 594 3768 672 ἐμφιλο-

387 682 494 753 tim
550 689 791 771 quidem
850 697 1133 751 exeunte
1185 706 1397 767 magna
1449 688 1708 762 civitate,
1743 686 2034 749 urbanam

2134 688 2346 764 ιοφῆσαι
2405 683 2491 739 καὶ
2522 682 2651 771 προς
2707 682 2937 762 ἡσυχίαν
2979 682 3291 750 ἐπιτηδείως
3339 682 3556 763 ἔχοντα.
3607 684 3767 744 ’Πλι-

389 769 830 842 multitudinem
866 786 925 839 et
976 778 1257 839 tumultus
1308 776 1504 838 valere
1545 776 1876 857 jubentes:
1932 794 2037 839 eos

2134 774 2204 831 ιία
2250 772 2304 829 δὲ
2338 773 2563 843 τούτοις,
2597 769 2685 827 ὅτε
2729 784 2844 834 τοῖς
2875 776 2973 837 τῆς
3015 771 3299 849 ἱσαγγέλου
3328 775 3525 841 ταύτης
3581 775 3766 853 ἀπήρ-

388 886 527 930 vero
579 868 877 945 excipiunt
906 865 1247 929 suburbana
1293 865 1609 928 commoda
1638 865 1710 927 ad
1764 865 2033 945 philoso-

2134 884 2282 944 ίοντο
2340 860 2635 932 πολιτείας,
2671 863 2698 917 ὁ
2751 861 2848 935 μὲν
2878 861 3141 940 τεττάρων
3198 862 3363 919 Ιετέλει
3396 865 3483 920 καὶ
3536 865 3766 937 εἴκουσι,

390 956 714 1037 phandum,
745 964 803 1017 et
831 963 966 1036 arta
993 955 1065 1017 ad
1101 957 1385 1036 quietem.
1421 954 1522 1016 Eis
1548 966 1774 1035 autem,
1800 956 2034 1035 quando

2134 958 2185 1029 τῇ
2215 950 2269 1007 δὲ
2310 952 2371 1007 τὸ
2415 951 2649 1006 εἰκοστὸν
2701 950 2888 1018 ἠνύετο
2946 949 3083 1030 ἔτος,
3148 951 3236 1008 ὅτε
3292 952 3357 1021 δὴ
3400 954 3485 1010 οιαὶ
3535 954 3770 1030 μάλιστα

383 1046 539 1107 hanc
585 1046 915 1126 angelicam
975 1046 1333 1125 inceperunt
1390 1045 1521 1106 vita:
1573 1044 1851 1122 formam,
1895 1052 2038 1106 aetas

2134 1042 2306 1108 νεότης
2340 1038 2456 1098 οἶδε
2489 1039 2701 1112 λυττᾷν.

384 1143 532 1211 erat,
564 1136 880 1217 Apeniano
913 1134 1156 1216 quidem
1191 1146 1445 1213 quatuor
1474 1143 1534 1197 et
1563 1134 1771 1215 viginti
1800 1151 2092 1196 annorum
2134 1151 2149 1197 :
2178 1130 2425 1193 Melanae
2456 1135 2652 1192 autem
2687 1127 2912 1210 viginti,
2941 1149 3057 1212 quo
3089 1138 3358 1213 tempore
3390 1134 3481 1197 vel
3514 1133 3772 1196 maxima

382 1224 535 1288 solet
564 1224 731 1288 rabie
761 1225 970 1305 agitari
1003 1224 1431 1287 adolescentia.

463 1313 564 1379 Vl.
598 1315 706 1379 Illa
735 1334 877 1378 vero
911 1323 970 1376 et
1000 1314 1164 1376 omni
1216 1322 1393 1377 utens
1423 1313 1724 1390 cautione,
1758 1332 1824 1375 se
1876 1311 2043 1374 valde

382 1404 627 1485 gerebat
686 1404 1122 1485 philosophice,
1158 1413 1218 1467 et
1271 1404 1331 1465 in
1363 1403 1458 1466 his
1491 1415 1622 1465 erat
1652 1402 1864 1465 marito
1924 1420 2042 1463 non

382 1494 709 1576 injucunda
729 1494 1010 1575 adjutrix.
1041 1492 1198 1566 Quin
1220 1492 1396 1554 etiam
1422 1493 1473 1555 si
1508 1491 1742 1554 videbat
1758 1492 2040 1572 juvenem

384 1584 458 1647 ab
492 1595 766 1648 accurata
812 1592 871 1646 et
901 1584 1160 1664 perfecta
1202 1583 1334 1645 vitae
1365 1584 1557 1645 forma
1607 1582 2038 1661 declinantem,

386 1692 524 1736 eum
551 1673 852 1755 sapienter
873 1672 1304 1752 corrigebat,et
1325 1672 1396 1733 ad
1416 1672 1696 1751 pietatem
1723 1670 2038 1748 dirigebat,

2205 1309 2308 1386 ς’.
2366 1310 2433 1368 Ἠ
2463 1308 2518 1366 δὲ
2570 1310 2659 1367 καὶ
2690 1310 2836 1387 πάσῃ
2867 1309 3077 1390 φυλακῇ
3132 1314 3394 1393 χρωμένη
3425 1314 3540 1372 λίαν
3568 1337 3626 1372 τε
3671 1318 3771 1373 αύ-

2126 1403 2226 1469 τὴν
2283 1400 2587 1480 φιλοσόφως
2644 1400 2769 1478 ἦγε,
2815 1404 2904 1458 καί
2958 1402 3036 1476 τῷ
3105 1402 3248 1480 ἀνδρὶ
3304 1404 3371 1462 τά
3423 1426 3485 1482 γε
3553 1412 3776 1463 τοιαῦτα

2126 1491 2319 1567 βοηθὸς
2378 1487 2543 1552 ὅντως
2589 1491 2682 1547 οὐκ
2713 1489 2910 1569 ἄχαρις
2937 1491 3025 1558 ἦν·
3072 1490 3192 1549 ἀλλ’
3224 1493 3277 1549 εἴ
3330 1496 3381 1550 τί
3410 1516 3510 1551 που
3555 1496 3645 1550 καὶ
3684 1497 3777 1552 τὸν

2125 1579 2243 1637 νέον
2326 1579 2466 1657 ἑώρα
2555 1578 2971 1657 παρεκκλίνοντκ
3057 1585 3155 1648 τῆς
3234 1580 3522 1663 ἀκριϐείας,
3595 1590 3774 1662 σοφῶς

2125 1668 2456 1747 ἐπηνώρθου,
2489 1670 2577 1724 καὶ
2614 1670 2741 1732 πνὸς
2787 1670 2846 1726 τὸ
2901 1668 3108 1735 εὐσεϐὲς
3168 1670 3335 1735 ἴθυνε.
3396 1680 3472 1749 Ti,
3532 1674 3640 1748 μὴν
3673 1674 3775 1750 γὰρ

385 1761 534 1825 Nam
588 1763 677 1825 illi
708 1763 950 1841 quidem
1001 1763 1152 1824 nihil
1202 1770 1377 1823 tantae
1428 1770 1553 1822 erat
1601 1779 1781 1841 curae,
1811 1768 2045 1840 quanta!

2134 1756 2272 1815 οὐδὲν
2329 1757 2497 1820 οὕτως
2557 1755 2743 1832 ἔμελεν
2798 1760 2871 1821 ὡς
2930 1760 2991 1814 τὸ
3045 1757 3272 1833 μηδενὸς
3336 1764 3469 1837 αὐτῇ
3497 1768 3600 1819 τῶν
3656 1764 3777 1841 περὶ

386 1852 538 1914 nihil
562 1872 633 1916 ea
666 1870 900 1925 curare,
935 1871 1069 1932 quae
1107 1851 1179 1913 ad
1213 1869 1429 1931 corpus
1464 1849 1880 1931 pertinebant:
1922 1850 2043 1910 imo

2134 1849 2186 1904 τὸ
2248 1847 2405 1921 σῶμα
2474 1845 2678 1921 μέλειν,
2742 1846 2948 1922 μᾶλλον
2999 1847 3055 1903 δέ
3097 1851 3170 1909 ὡς
3218 1852 3279 1907 τὸ
3335 1852 3423 1908 καὶ
3478 1857 3646 1931 τροφῇ
3687 1854 3777 1908 καὶ

388 1958 531 2004 vero
554 1950 613 2004 et
641 1941 775 2004 cibo
800 1950 858 2004 et
882 1950 1042 2003 veste
1075 1951 1133 2003 et
1162 1940 1326 2002 omni
1357 1941 1585 2001 ratione
1613 1940 1911 2001 flammam
1935 1938 2041 2017 ju—

2134 1935 2293 2012 στολῇ
2355 1935 2443 1991 καὶ
2510 1933 2727 2015 πλάσει,
2786 1936 3043 2013 νεότητος,
3109 1936 3282 2017 φλόγα
3352 1936 3639 1997 σϐεννύειν
3684 1944 3778 1999 τὸν

386 2032 647 2094 ventutis
704 2031 1107 2111 exstinguere.
1160 2028 1304 2092 Cum
1357 2028 1523 2090 illum
1568 2038 1764 2091 autem
1819 2028 2045 2089 videret

2134 2025 2179 2084 Βέ
2234 2028 2409 2103 ὁρῶσα
2437 2024 2513 2082 ἔτι
2572 2023 2777 2100 κόσμου
2805 2024 3093 2104 περιϐολης
3153 2029 3237 2085 καὶ
3269 2031 3491 2104 ἱματίων
3545 2030 3774 2096 κάλλους

387 2126 630 2185 amictus
663 2133 931 2185 ornatum
964 2128 1024 2181 et
1052 2126 1297 2182 vestium
1334 2122 1821 2191 pulchritudinem
1854 2120 2043 2178 adhuc

2134 2116 2600 2191 μεταποιούμενον,
2636 2119 2733 2175 οὐκ
2790 2114 3017 2174 ἐπαύετο
3059 2125 3216 2175 τοῦτο
3267 2119 3365 2193 μέν
3421 2120 3772 2197 παραινοῦσα,

388 2209 696 2292 amplecti,
725 2228 844 2272 non
881 2207 1152 2272 cessabat
1186 2208 1401 2289 partim
1427 2207 1667 2288 quidem
1690 2206 2040 2286 admonere,

2134 2212 2277 2263 τοῦτο
2318 2202 2372 2262 δέ
2429 2203 2515 2261 καὶ
2558 2203 2806 2280 ἐμμελῶς
2867 2209 3190 2265 σκώπτουσα
3243 2206 3342 2271 ἕως
3383 2208 3607 2284 ἀμελεῖν
3666 2217 3775 2268 τῶν

388 2300 603 2383 partim
640 2318 779 2362 vero
812 2300 959 2362 scite
991 2318 1229 2380 quoque
1279 2307 1339 2360 et
1368 2307 1504 2377 apte
1538 2295 1818 2374 irridere,
1851 2295 2044 2357 donec

2134 2297 2378 2353 τοιούτων
2430 2295 2521 2351 καὶ
2564 2293 2870 2373 φιλοσόφως
2928 2294 3076 2375 ἔχειν
3133 2299 3221 2354 καὶ
3269 2300 3388 2376 περὶ
3443 2301 3573 2358 αὔτα
3632 2323 3775 2377 παρο

391 2390 612 2466 είΐεεὶι,
640 2396 703 2450 ut
734 2388 795 2449 in
826 2389 922 2451 his
950 2407 1018 2450 se
1044 2396 1283 2468 gereret
1314 2386 1750 2467 philosoiihice.
1787 2387 1859 2448 Et
1888 2386 2041 2448 alio-

2134 2393 2425 2456 εσκευαζεν.
2490 2385 2589 2443 Καὶ
2620 2383 2795 2450 ἄλλως
2857 2383 2913 2441 δὲ
2970 2384 3165 2464 ὁδηγὸς
3196 2389 3263 2454 ἦν
3318 2390 3353 2457 ἡ
3386 2388 3602 2457 Μελὰνη
3647 2393 3781 2468 πρὸς

390 2479 491 2560 qui
511 2479 745 2558 conjugi
770 2478 885 2539 dux
908 2488 1042 2539 erat
1068 2477 1298 2540 Melana
1318 2477 1392 2539 ad
1418 2477 1716 2557 pietatem,
1743 2495 1876 2537 cum
1901 2475 2040 2552 Eva,

388 2567 550 2646 quod
598 2568 674 2629 ad
708 2567 881 2629 illum
939 2567 1253 2647 attinebat,
1289 2583 1558 2647 pugnans
1605 2584 1677 2628 ex
1728 2565 2040 2628 diametro.

391 2655 508 2720 Eos
557 2657 743 2731 enim,
778 2657 879 2737 qui
931 2655 1317 2735 aegrotabant,
1349 2655 1517 2718 adire
1575 2663 1635 2717 et
1675 2655 1955 2735 invisere,
1991 2664 2049 2717 et

392 2746 767 2809 curationem
828 2745 1144 2826 adhibere,
1177 2755 1234 2807 et
1288 2745 1733 2825 peregrinantes
1784 2744 2048 2823 hospites

394 2853 603 2897 mensa
648 2833 950 2915 accipere,
986 2843 1046 2896 et
1098 2834 1313 2895 viatico
1345 2853 1448 2896 eos
1478 2834 1723 2904 donare,
1758 2852 1791 2895 a
1819 2831 2049 2895 Melana

391 2923 717 2986 docebatur
771 2922 1039 2985 maritus.
1076 2922 1219 2996 Quae
1272 2922 1510 3004 quidem
1545 2921 1719 2984 ambo
1771 2923 2050 2984 similiter

389 3012 713 3087 faciebant,
748 3019 808 3075 et
835 3012 1079 3075 obibant
1112 3021 1174 3074 ut
1219 3032 1573 3075 communes
1621 3021 1957 3075 servatores
1988 3022 2047 3075 et

392 3103 831 3169 benefactores.
867 3102 1197 3183 custodias,
1223 3102 1354 3165 loca
1384 3102 1665 3182 relegatis
1698 3103 2043 3182 constituta,

391 3210 665 3255 carceres
713 3201 772 3254 et
801 3192 1143 3272 ergastula:
1198 3211 1302 3254 eos
1352 3191 1616 3273 quidem,
1653 3192 1754 3273 qui
1810 3199 2050 3271 propter

2125 2473 2426 2532 Θεοσέϐειαν
2496 2479 2572 2547 τῷ
2644 2476 2848 2553 συζύγῳ
2919 2474 2981 2533 ἐκ
3055 2475 3341 2555 διαμέτρου
3416 2500 3473 2536 τε
3533 2486 3602 2548 τῆ
3674 2480 3782 2554 Εὕα

2128 2569 2258 2641 πρὸς
2313 2565 2523 2623 ἐκεῖνον
2579 2561 2913 2639 διακειμένη·
2972 2567 3034 2622 τὸ
3091 2567 3192 2644 γὰρ
3241 2576 3522 2636 νοσοῦντας
3575 2573 3779 2647 περιιέ-

2129 2677 2213 2712 ναι
2270 2655 2357 2711 καὶ
2388 2657 2461 2717 ὡς
2519 2653 2794 2733 ἐγγωροῦν
2851 2656 3156 2732 θεραπεύειν
3212 2658 3333 2723 τοῖος
3391 2658 3781 2735 ἐπιδημοῦντάς

2126 2766 2185 2802 τε
2242 2744 2348 2800 τῶν
2404 2743 2586 2817 ξένων,
2632 2743 2897 2821 τραπέζης
2944 2744 3118 2810 ἀξιοῦν
3171 2748 3258 2803 καὶ
3314 2747 3539 2825 ἐφοδίοις
3582 2749 3782 2828 δωρεῖ-

2129 2838 2269 2908 σθαι,
2332 2833 2582 2901 Μελάνης
2672 2835 2801 2909 πρὸς
2861 2836 2953 2891 τὸν
3025 2833 3182 2910 ἄνδρα
3252 2834 3587 2914 διδασκαλία,
3648 2840 3784 2920 ἅπερ

2130 2924 2335 3001 ἀμφοῖν
2393 2944 2449 2979 τε
2508 2924 2706 2997 ὁμοίως
2766 2922 3076 2997 ἐπράττετο,
3125 2929 3212 2982 καὶ
3268 2929 3557 3006 περιῄεσαν
3615 2934 3784 2989 κοινοὶ

2130 3013 2367 3090 σωτῆρες
2424 3015 2511 3070 καὶ
2566 3013 2835 3092 εὒεργὲται
2884 3013 3144 3093 φυλακὰς,
3176 3017 3478 3094 ὑπερορίας,
3511 3019 3775 3098 μέταλλα,

2128 3104 2247 3167 τοὺς
2300 3102 2395 3176 μέν
2450 3101 2518 3158 δι’
2562 3103 2784 3179 ἀπορίαν
2841 3105 3241 3184 κατεχομένους
3288 3109 3564 3186 χρήμασιν
3631 3109 3773 3164 ἀπο-

2132 3192 2367 3265 λύοντες,
2430 3205 2546 3256 τοϊς
2607 3189 2664 3248 δέ
2730 3202 2971 3273 συμφορᾷ
3029 3218 3133 3251 τινι
3200 3196 3352 3273 ἑτέρᾳ
3400 3197 3774 3276 συνεχομένοις

392 3282 651 3379 ἰιιορὶεῐξι
683 3279 1463 3379 detinet)antur,_sol_ventes
1494 3303 1506 3346 :
1544 3281 1645 3379 qui
1677 3290 1876 3379 autem
1914 3299 2045 3360 pro-

2134 3282 2317 3349 ἱκανὴν
2374 3280 2730 3359 παράκλησιν,
2762 3284 2826 3340 τὰ
2882 3284 3013 3343 αὐτὰ
3069 3287 3158 3341 καὶ
3209 3287 3328 3349 τοὺς
3360 3284 3545 3363 λόγους
3603 3308 3779 3364 προσ-

396 3378 526 3450 pter
548 3370 805 3450 aliquam
840 3368 1014 3431 aliam
1048 3369 1462 3432 retinebantur
1493 3370 1910 3449 calamitatem,
1945 3388 2045 3432 eos

2134 3372 2406 3452 φέροντες,
2468 3371 2572 3445 ὁδῷ
2629 3369 2684 3428 δέ
2737 3373 3034 3453 πρωίόντες
3093 3378 3184 3432 καὶ
3250 3377 3316 3432 τὰ
3371 3374 3620 3433 ἐπίλοιπα
3679 3382 3783 3444 τῆς

396 3467 456 3523 et
489 3458 688 3539 reipsa
716 3468 776 3520 et
807 3458 1003 3522 verbis
1034 3459 1432 3521 consolantes.
1471 3459 1578 3523 Via
1607 3468 1802 3522 autem
1839 3479 2045 3540 proce-

2134 3464 2314 3523 οὐσίας
2364 3459 2638 3518 διαπολεϊν
2700 3459 2981 3541 ἔρχονται,
3028 3464 3151 3528 τοὺς
3211 3465 3306 3539 μέν
3337 3463 3526 3527 ἄλλους
3556 3465 3611 3531 εξ
3641 3465 3786 3523 ἀπό-

395 3549 633 3627 dentes,
668 3548 932 3629 reliquas
975 3568 1215 3629 quoque
1260 3547 1574 3612 iacultates
1614 3550 1867 3613 vendere
1896 3550 2045 3611 inci-

2137 3573 2242 3626 ρων
2319 3552 2570 3628 εὐπόρους
2654 3555 2951 3623 ποιοῦντες,
3011 3552 3221 3618 ἑαυτοῖς
3277 3553 3332 3610 δέ
3408 3565 3785 3633 συντηροῦντες

394 3639 580 3720 pient,
612 3638 764 3701 alios
814 3638 1054 3719 quidem
1082 3657 1151 3700 ex
1187 3639 1547 3720 pauperibus
1585 3640 1868 3702 facientes
1901 3640 2045 3701 divi-

2139 3638 2287 3697 οὐδέν
2317 3639 2450 3698 ἄλλο
2495 3640 2528 3709 ἢ
2585 3646 2647 3698 τὸ
2680 3640 2849 3716 μηδέν
2920 3640 3067 3721 ἔχειν
3098 3645 3185 3700 καὶ
3241 3643 3297 3699 τὰ
3327 3644 3503 3718 μόνως
3554 3644 3786 3717 ἐλπίζειν

393 3737 507 3802 tes,
527 3727 640 3790 sibi
670 3746 804 3790 vero
836 3728 985 3790 nihil
1023 3728 1183 3790 aliud
1214 3740 1661 3805 consecrantes,
1688 3748 1864 3810 quam
1899 3728 2046 3792 nihil

388 3816 632 3897 habere,
670 3826 728 3880 et
752 3817 945 3880 solum
975 3837 1219 3898 sperare
1253 3826 1311 3881 in
1348 3820 1690 3884 Dominum.

468 3906 747 3981 Vlli.Qui
773 3916 971 3970 autem
1007 3908 1333 3971 benefactis
1359 3927 1601 3990 semper
1622 3909 1962 3985 insidiatur,
1990 3918 2048 3972 et

387 3996 676 4060 adversus
709 3998 1062 4077 quemlibet,
1090 4000 1191 4079 qui
1216 3999 1355 4060 boni
1376 3999 1600 4077 aliquid
1626 3999 1790 4078 facit,
1822 3999 2044 4062 bellum

385 4087 636 4168 suscipit
660 4086 733 4149 ab
763 4087 958 4163 initio,
987 4108 1104 4150 non
1139 4088 1375 4152 sinebat
1405 4090 1741 4171 quiescere,
1768 4090 1873 4152 sed
1908 4108 2047 4170 gra-

387 4193 517 4237 vem
544 4179 777 4251 quidem
807 4181 1083 4239 adversus
1112 4196 1239 4239 eam
1264 4183 1592 4240 machinam
1622 4182 1904 4253 ApenEani
1936 4184 2049 4240 ira-

387 4274 538 4327 trem
589 4266 871 4329 admovet
926 4264 1240 4343 Severum,
1297 4284 1401 4347 per
1444 4286 1623 4348 quem
1675 4266 2050 4330 existimabat

384 4371 518 4417 sese
539 4354 732 4417 solide
764 4374 974 4418 eorum
1007 4356 1226 4417 mentis
1259 4356 1465 4417 turrim
1497 4375 1629 4417 esse
1659 4354 2048 4417 labefactatu-

383 4462 542 4506 rum.
581 4445 961 4525 Apenianum
995 4452 1196 4506 autem
1253 4444 1438 4506 fuisse
1470 4443 1716 4506 Melanaa
1745 4444 2048 4525 maritum,

382 4538 661 4614 superius
706 4533 1032 4595 declaravit
1063 4535 1280 4597 oratio.
1315 4534 1423 4595 Hic
1453 4551 1593 4611 ergo
1642 4534 1899 4595 Severus
1930 4533 2046 4593 im-

2131 3730 2216 3788 ἐπῖ
2228 3732 2328 3787 τὸν
2362 3732 2464 3809 Κύρ
2476 3754 2575 3795 ιον,

2210 3909 2289 3969 Ζ’.
2349 3909 2408 3969 Ὀ
2439 3907 2494 3967 δέ
2549 3925 2667 3974 τοῖς
2723 3911 2911 3975 καλοῖς
2970 3919 3076 3970 τῶν
3136 3913 3306 3992 ’έργων
3358 3913 3646 3996 ἐφεδρεύων
3704 3918 3788 3973 ἀεὶ

2135 4002 2222 4057 καὶ
2276 3999 2515 4075 πόλεμον
2571 4003 2708 4058 κατὰ
2760 4004 2958 4068 παντὸς
3009 4012 3103 4060 τοῦ
3145 4005 3207 4061 τὰ
3266 4005 3464 4080 ἀγαθὸν
3506 4016 3786 4070 ποιοῦντος

2134 4089 2186 4155 ἐξ
2216 4090 2393 4170 ἀρχῆς
2450 4089 2707 4167 ἀρέμενος
2736 4093 2960 4170 ἠρεμεῖν
3013 4098 3110 4153 οὐκ
3139 4094 3252 4174 εἴα,
3284 4095 3421 4153 ἄλλα
3461 4093 3630 4152 δεινὸν
3690 4094 3786 4169 μέν

2131 4182 2315 4242 αὐτοῖς
2373 4186 2683 4258 μηχάνημα
2733 4183 2825 4238 τὸν
2882 4181 3103 4240 eseam
3169 4183 3489 4245 Ἀπενιανοῦ
3548 4191 3784 4262 Σευῆρον

2132 4270 2413 4347 προσάγει,
2446 4266 2513 4324 δι’
2548 4268 2609 4326 οὗ
2638 4270 2726 4327 καὶ
2767 4269 2903 4345 ᾤενο
2934 4273 3021 4329 τὸν
3070 4277 3167 4338 τῆς
3198 4272 3415 4353 στερῤᾶς
3446 4279 3616 4334 αὐτῶν
3647 4274 3787 4353 γνώ-

2132 4380 2241 4432 μης
2302 4371 2618 4414 κατασεῒσαι
2689 4362 2905 4439 πύργον.
2967 4362 3283 4421 Ἀπενιανὸν
3330 4362 3385 4421 δέ
3427 4363 3586 4443 ἄνδρα
3641 4365 3787 4422 εἶναι

2135 4442 2381 4511 Μελάνης
2442 4445 2470 4500 ὁ
2528 4443 2690 4523 λόγος
2765 4449 2967 4526 φθάσας
3023 4449 3334 4531 ἐγνώρισεν.
3400 4442 3562 4516 Οὗτος
3617 4460 3705 4510 οὖν
3758 4453 3787 4509 ὁ

2137 4538 2369 4609 Σευῆρος
2403 4532 2702 4609 διεψεύδετο
2734 4538 2833 4604 τὴν
2877 4539 3031 4617 φῦσιν
3075 4548 3142 4617 τῇ
3176 4544 3387 4619 γνώμῃ,
3425 4544 3512 4599 καὶ
3568 4544 3597 4599 ὀ
3627 4540 3787 4599 ἀδελ-

384 4621 571 4702 proba
595 4629 798 4684 mente
829 4621 1267 4709 ementiebatur
1288 4633 1563 4684 naturam
1593 4636 1606 4681 :
1646 4630 1853 4683 etcum
1889 4633 2045 4685 esset

2136 4623 2232 4698 φὺς
2290 4635 2409 4687 τοῖς
2468 4622 2642 4702 ἔργοις
2712 4626 2905 4706 ἐχθρὸς
2976 4631 3067 4696 ἢν.
3130 4629 3452 4691 Ἀπενιανοῠ
3508 4632 3608 4709 γὰρ
3680 4629 3786 4698 ἤδη

381 4711 582 4785 frater,
616 4708 786 4771 factis
816 4720 946 4771 erat
976 4708 1288 4772 inimicus.
1327 4713 1472 4771 Cum
1511 4711 1672 4772 enim
1708 4711 2051 4792 Apenianus

384 4817 503 4861 una
536 4816 670 4861 cum
701 4798 934 4862 Melana
963 4798 1036 4860 ad
1071 4799 1248 4860 vitam
1306 4821 1377 4864 ex
1413 4799 1535 4862 Deo
1571 4800 1858 4879 agendam
1892 4810 2051 4863 esset

2133 4713 2341 4787 σύναμα
2400 4712 2615 4791 Μελάντῃ
2648 4718 2781 4794 πρὸς
2841 4720 2930 4777 τὸν
2975 4721 3113 4776 κατὰ
3164 4722 3295 4777 Θεὸν
3348 4723 3463 4798 βίον
3493 4721 3791 4795 μεταθεμέ-

2132 4827 2246 4883 νου,
2278 4805 2305 4861 ὁ
2355 4812 2612 4885 Σευῆρος,
2646 4807 2762 4887 ἄρτι
2793 4811 2936 4889 παρὰ
2987 4815 3078 4868 τοῦ
3111 4810 3361 4888 δαίμονος
3423 4812 3786 4891 μανικώτερον

384 4888 715 4965 traductus,
746 4887 999 4951 Severus
1031 4888 1241 4953 insano
1298 4890 1588 4953 damonis
1620 4890 1900 4951 instinctu
1947 4891 2045 4952 in-

2134 4893 2471 4969 ἐμπνευσθεὶς
2531 4894 2723 4955 λυπεῖν
2792 4887 3061 4980 ὶπεχείρει
3117 4887 3210 4959 τὸν
3279 4887 3531 4984 ἀδελφὸν,
3592 4887 3788 4981 ἀγροὺς

383 4975 667 5056 spiratus,
699 4996 1014 5057 aggressus
1057 4985 1147 5039 est
1176 4978 1424 5041 fratrem
1477 4979 1752 5040 molestia
1783 4980 2045 5053 allicere,

2134 4986 2407 5063 δποσπῶν,
2440 4987 2673 5064 καρποὺς
2733 4987 2929 5064 συλῶν,
2994 4994 3150 5048 παντὶ
3220 4993 3401 5069 τρόπῳ
3456 4990 3791 5068 ἐπεμϐαίνων

381 5084 556 5145 agros
583 5066 871 5143 avellens,
906 5067 1137 5129 fructus
1179 5067 1510 5149 abripiens,
1542 5066 1823 5130 omnibus
1856 5069 2045 5130 modis

2134 5075 2219 5130 καὶ
2259 5074 2599 5147 βιαζόμτνος,
2659 5075 2806 5134 Ἐπεὶ
2837 5076 2891 5133 δὲ
2945 5081 3137 5144 πάνταῖ
3167 5066 3382 5156 μᾶλλον
3402 5066 3567 5159 έώραή
3594 5103 3753 5159 προαι
3774 5115 3792 5128 ο

381 5155 676 5218 insultans
710 5166 767 5218 et
796 5159 915 5219 vim
953 5158 1238 5222 efferens.
1264 5161 1587 5235 Postquam
1611 5174 1750 5220 vero
1779 5178 1882 5219 eos
1906 5158 2045 5220 vidit

2134 5162 2419 5239 ρουμένους
2489 5163 2791 5222 ἀποϐαλεῖν
2848 5167 2883 5235 ἢ
2940 5169 3039 5235 τὴν
3109 5155 3329 5240 ἐντολὴν
3399 5155 3647 5246 παριδεῖν.
3728 5173 3791 5227 τὸ

384 5246 585 5307 omnia
620 5245 794 5308 malle
846 5246 1145 5323 amittere,
1182 5268 1354 5328 quam
1390 5264 1751 5329 praeceptum
1807 5248 2045 5310 Domini

2134 5250 2242 5308 δεῖν
2293 5251 2635 5328 ἀδικούμενον
2692 5255 2893 5335 φέρειν,
2940 5258 3159 5316 ἐνταῦθά
3229 5284 3277 5316 τι
3341 5265 3436 5319 καὶ
3493 5262 3791 5338 βιαιότερον

382 5334 719 5415 despicere,
756 5355 874 5415 quo
929 5344 1173 5399 cavetur
1228 5348 1503 5418 oportere
1535 5357 1671 5398 eum
1727 5338 1907 5411 ferre,
1944 5338 2045 5417 qui

380 5424 682 5504 acceperit
712 5426 1014 5505 injuriam,
1048 5435 1189 5489 tunc
1225 5428 1325 5491 ille
1359 5428 1412 5489 vi
1450 5427 1678 5507 majore
1700 5446 1803 5488 eos
1832 5446 2044 5505 aggre-

383 5512 834 5576 diebatur.Nam
857 5534 993 5576 cum
1022 5534 1092 5577 ex
1116 5518 1416 5597 Apeniani
1447 5517 1633 5578 servis
1667 5515 2045 5596 improbissi-

384 5621 516 5666 mos
543 5602 748 5666 dolose
776 5602 1170 5668 subornasset
1199 5616 1258 5669 et
1306 5612 1696 5684 corrupisset,
1729 5605 1878 5667 alios
1902 5607 2041 5687 qui-

376 5692 514 5757 dem
547 5694 881 5775 promissis,
912 5695 1059 5759 alios
1093 5713 1232 5760 vero
1266 5696 1562 5778 pecuniis,
1590 5697 1665 5759 iis
1694 5698 2039 5778 persuadet,

2128 5340 2333 5403 ἐκεῖνος
2365 5342 2658 5423 ἐπεχείρει,
2721 5351 2840 5401 Τῶν
2868 5346 2967 5424 γὰρ
3028 5349 3248 5406 οἰκετῶν
3295 5348 3610 5407 Ἀπενιανοῡ
3666 5351 3790 5412 τοὺς

2127 5431 2521 5511 πονηροτάνους
2610 5432 2853 5490 ὑπελθὼν
2937 5436 3178 5501 ὑπούλως
3276 5442 3364 5497 καὶ
3463 5437 3785 5517 διαφθείρας,

2126 5522 2249 5584 τοὺς
2308 5523 2408 5594 μὲν
2461 5521 2815 5603 ὅποσχέσεσι,
2850 5526 2974 5591 τοὺς
3031 5526 3086 5584 δὲ
3137 5532 3382 5608 χρήμασι
3425 5529 3598 5585 πείθει
3649 5552 3788 5585 κατ-

2126 5609 2471 5678 εξαναστῆναι
2503 5619 2594 5669 τοῦ
2647 5611 2891 5694 ἀδελφοῦ,
2927 5618 3013 5674 καὶ
3077 5620 3263 5677 τούτου
3295 5620 3394 5694 μὲν
3460 5619 3784 5695 ἀποστῆναι,

2127 5701 2188 5758 οὐ
2240 5701 2403 5777 μόνον
2435 5699 2490 5760 δέ
2538 5709 2673 5786 σφᾶς
2734 5705 2975 5786 ἑαυτοὺς,
3009 5706 3147 5766 ἀλλὰ
3190 5712 3278 5769 καὶ
3306 5710 3429 5776 τοὺς
3483 5709 3673 5789 ἀγροὺς
3730 5710 3784 5771 ἐν
