4066 6402
285 373 395 441 761

1614 371 1802 437 VITA
1858 370 1919 433 S.
1967 368 2333 434 MELAN/E.

3541 358 3660 429 762

278 513 366 577 οῖς
408 510 579 588 ᾤκουν
640 511 874 581 Σευήρου
930 511 1016 568 καὶ
1073 509 1217 568 εἶναι
1260 509 1436 590 λέγειν
1488 509 1573 566 καὶ
1616 509 1908 584 ὀνομάζειν.

2003 512 2286 569 utcontra
2304 506 2550 569 fratrem
2575 524 2750 569 suum
2775 505 3110 587 insurgant,
3132 512 3192 569 et
3218 502 3291 568 ab
3317 522 3389 567 eo
3415 502 3659 585 quidem

275 602 465 661 ’Ἀλλὰ
520 614 699 668 κενοῖς
757 602 924 664 ὄντως
981 602 1008 656 ὁ
1064 601 1290 675 μάταιος
1361 600 1654 681 ἐπεχείρει.
1708 603 1769 658 Oi
1822 599 1920 674 μὲν

271 694 395 772 γὰρ,
455 691 625 749 καίτοι
681 697 896 748 τοιαῦτα
955 689 1261 769 πάσχοντες
1342 689 1429 769 ὑφ’
1488 696 1548 746 οὗ
1607 689 1802 756 ἥκιστα
1858 688 1919 745 ἄν

266 805 352 846 τις
408 782 497 839 καὶ
560 780 926 860 προσεδόκησε
960 827 975 854 ,
1030 788 1192 839 ταῦτα
1265 780 1363 855 μὲν
1421 778 1636 844 ἀλύπως
1707 778 1913 859 ἔφερον,

267 870 476 948 μᾶλλον
532 869 588 927 δέ
645 893 696 927 τι
750 870 846 927 καί
872 868 1100 948 ἔχαὶρον
1134 883 1148 898 ⁸
1198 868 1315 925 οὐδὲ
1359 869 1458 947 γὰρ
1502 867 1698 946 φαῦλον
1728 870 1915 931 αὑτοῖς

265 959 439 1019 ὲδόκει
497 958 870 1021 διαμιλλᾶσθαι
914 971 1038 1021 ταῖς
1097 971 1394 1037 συμφοραῖς
1452 960 1585 1031 πρὸς
1615 955 1759 1015 Ἰώϐ’
1792 958 1915 1026 ἡνία

266 1049 323 1106 δὲ
369 1060 533 1126 μόνον
578 1049 697 1110 τοὺς
728 1049 997 1125 γενναίους
1025 1050 1088 1104 τὸ
1114 1055 1220 1104 τῶν
1259 1047 1560 1127 χρημάτων
1592 1046 1728 1104 οὕτω
1769 1069 1914 1123 παρ-

269 1138 600 1219 αιρουμένων
649 1139 811 1213 μικρὰ
866 1138 979 1216 ῥεῖν
1044 1137 1142 1205 τῆς
1202 1138 1438 1195 εὔποιίας
1496 1140 1557 1194 τὸ
1618 1137 1783 1215 ῥεῦμα
1824 1138 1918 1193 τοῦ

266 1229 504 1287 πλούτου
571 1229 807 1305 καθάπερ
890 1229 1035 1291 τινὸς
1106 1233 1354 1302 ποταμοῦ
1414 1226 1626 1305 ἑτέρωθι
1686 1247 1918 1307 μετοχε-

268 1320 570 1383 τευθέθτος.

2003 596 2285 658 deﬁciant
2313 616 2329 657 :
2365 615 2483 658 non
2517 596 2710 658 solum
2741 606 2941 659 autem
2971 597 3224 677 seipsos,
3248 594 3356 658 sed
3386 612 3493 656 eos
3514 612 3660 675 quo-

2001 704 2119 767 que
2147 703 2344 766 agros,
2375 685 2436 747 in
2469 685 2688 765 quibus
2720 685 3087 766 habitabant,
3141 685 3346 749 Severi
3396 701 3529 746 esse
3559 682 3659 745 di-

1999 784 2230 849 cerent,
2263 785 2324 837 et
2346 793 2450 837 eos
2468 776 2599 855 ejus
2622 775 3026 838 nominarent.
3061 774 3179 839 Sed
3211 773 3465 836 stolidus
3483 774 3661 852 plane

1997 880 2315 943 aggressus
2346 872 2436 925 est
2466 863 2689 928 inania.
2723 866 2871 928 Nam
2928 864 3015 926 illi
3065 863 3308 945 quidem
3360 861 3474 926 etsi
3518 860 3660 922 talia

2001 960 2346 1032 paterentur
2374 952 2447 1014 ab
2480 971 2573 1030 eo,
2597 973 2628 1015 a
2654 973 2772 1035 quo
2796 955 2927 1035 quis
2956 954 3202 1016 minime
3222 959 3655 1032 exspectasset,

2000 1060 2071 1103 ea
2100 1042 2344 1122 quidem
2370 1042 2701 1104 toleranter
2724 1052 2784 1105 et
2811 1043 3020 1107 sedate
3048 1042 3343 1114 ferebant,
3376 1041 3495 1102 imo
3515 1058 3656 1102 vero

2000 1129 2340 1209 gaudebant
2359 1131 2578 1211 potius.
2604 1134 2736 1195 Non
2762 1132 2920 1194 enim
2939 1132 3025 1195 eis
3039 1132 3167 1194 leve
3188 1129 3501 1193 videbatur
3517 1146 3654 1190 cum

1999 1218 2115 1281 Job
2146 1220 2511 1282 contendere
2540 1221 2725 1284 rebus
2772 1222 3042 1284 adversis
3092 1229 3154 1284 et
3194 1216 3652 1293 calamitatibus,

2000 1327 2328 1389 generosos
2358 1317 2556 1372 autem
2590 1311 2728 1373 illos
2759 1311 2872 1373 hoc
2914 1311 3105 1373 solum
3161 1311 3315 1372 male
3370 1306 3650 1379 habebat,

269 1407 432 1488 quod
477 1424 613 1470 eum
644 1406 1020 1469 auferrentur
1070 1423 1238 1485 opes,
1275 1422 1486 1486 parum
1539 1405 1755 1467 ﬂueret
1806 1405 2096 1466 ﬂuentum
2146 1399 2586 1475 beneﬁcentiae,
2614 1400 2834 1463 divitiis
2861 1418 2981 1463 non
3028 1418 3200 1463 secus
3228 1407 3408 1477 atque
3455 1395 3654 1477 aliquo

271 1498 497 1562 ﬂuento
526 1496 646 1560 alio
675 1495 983 1559 derivatis.

352 1588 450 1649 θ’.
500 1586 629 1646 Οδδὲ
673 1584 1020 1653 εὗσεϐεστάτη
1077 1586 1361 1663 βασίλισσα
1392 1587 1575 1666 Βερίνα
1604 1593 1710 1644 τῶν
1738 1587 1914 1644 ⁸ιοιού-

270 1703 373 1736 των
420 1678 647 1748 ἀνήκοος
678 1676 940 1756 ἐγεγόνει,
972 1676 1111 1733 ἀλλὰ
1153 1676 1351 1745 ταύτην
1393 1679 1491 1754 μὲν
1528 1679 1613 1735 καὶ
1642 1680 1744 1757 πρὸ
1769 1676 1913 1733 πολ-

272 1769 365 1827 λοῦ
420 1767 684 1846 κατεῖχεν
740 1766 776 1831 ὴ
834 1767 993 1845 φήμη
1051 1770 1149 1834 τῆς
1207 1766 1409 1825 τούτων
1457 1766 1794 1846 φιλοσοφίας,
1826 1758 1913 1823 καὶ

2079 1578 2229 1645 Vlll.
2264 1579 2392 1642 Non
2424 1581 2553 1643 hac
2584 1590 2781 1643 autem
2815 1582 2894 1643 ita
2924 1580 3311 1662 gerebantur,
3346 1577 3503 1639 utin
3536 1574 3656 1656 pri-

1999 1672 2111 1734 mis
2143 1673 2237 1753 pia
2270 1673 2614 1751 imperatrix
2641 1673 2863 1736 Verina
2896 1694 3015 1736 non
3047 1675 3175 1736 hinc
3205 1670 3509 1752 acceperit
3536 1686 3654 1730 au-

1995 1761 2223 1824 ditione
2251 1783 2263 1824 :
2299 1764 2405 1825 sed
2437 1764 2508 1825 ad
2543 1781 2671 1824 eam
2705 1764 2948 1844 quidem
2982 1764 3082 1825 diu
3115 1769 3255 1825 ante
3298 1766 3658 1843 pervenerat

279 1857 470 1916 πολλοῦ
524 1858 592 1925 ἧν
624 1858 757 1932 αὐτῇ
787 1854 954 1933 ἄξιον,
987 1853 1120 1913 ἰδεῖν
1171 1878 1230 1913 τε
1279 1857 1510 1921 ἐκείνους
1568 1858 1665 1913 καί
1723 1855 1908 1933 λεγόν-

1998 1854 2149 1916 fama
2178 1872 2385 1916 eorum
2420 1855 2836 1935 philosophiae,
2869 1856 3247 1936 ducebatque
3280 1871 3481 1934 operm
3510 1868 3650 1931 pre-

281 1971 384 2004 των
424 1948 664 2019 ἀκοῦσαι,
698 1947 785 2002 καὶ
834 1944 1067 2009 πολλαῖς
1128 1945 1494 2026 παρακλήσεσι
1541 1946 1914 2022 μετεπέμπετο

274 2038 370 2103 τὴν
414 2036 685 2103 Μελάνην.
731 2035 862 2095 Τότε
920 2033 973 2090 δὲ
1017 2034 1113 2092 καΐ
1165 2044 1256 2094 τοῦ
1300 2039 1485 2113 καιροῦ
1536 2036 1637 2104 τὴν
1672 2036 1916 2117 ἀφορμὴν

276 2125 451 2190 δόντος
510 2125 713 2201 σπουδῇ
773 2124 975 2184 ἐκάλει.
1040 2124 1106 2181 Ἠ
1161 2124 1216 2182 δὲ
1269 2125 1378 2195 ﬁet.
1423 2125 1575 2183 Ἀλλ’
1606 2126 1704 2182 ὅσα
1732 2127 1821 2182 καὶ
1850 2126 1915 2182 τὰ

267 2218 370 2294 πρὸ
413 2220 514 2286 τῆς
570 2214 808 2291 ὁμιλίας,
841 2214 996 2293 ὀλίγα
1024 2215 1224 2271 τούτων
1273 2218 1493 2273 ἀκοῦσαι
1537 2215 1766 2293 βέλτιον.
1818 2211 1915 2272 Ἦν

267 2308 367 2387 ἆρα
424 2305 802 2381 νενομισμένον
892 2296 1173 2380 Ῥωμαίοις
1255 2309 1333 2379 μὴ
1416 2304 1574 2382 ἄνδρα
1631 2307 1772 2378 τινὰ,
1837 2306 1916 2381 μὴ

266 2409 503 2475 γυναῖκα
556 2396 699 2473 παρὰ
756 2393 980 2472 βασιλέα
1028 2394 1063 2463 ἢ
1122 2393 1363 2471 βασιλίδα
1406 2401 1592 2473 φοιτᾷν
1649 2395 1917 2471 κεκαλυμ-

265 2485 403 2566 μένῃ
463 2491 534 2562 τῇ
560 2484 792 2564 κεφαλῇ.
832 2484 974 2551 Αὕτη
1006 2492 1100 2541 τοῦ
1146 2485 1310 2558 νόμου
1353 2484 1521 2559 μηδὲν
1577 2487 1913 2565 φροντίσασα,

256 2574 780 2650 κατακεκαλυμμένῃ
842 2573 1066 2653 παρῇει,
1125 2576 1183 2631 οὗ
1253 2576 1519 2643 τυράννων
1575 2574 1712 2650 ἔθος,
1773 2575 1911 2633 ἀλλὰ

256 2666 349 2723 τὸν
435 2662 644 2721 Παύλου
729 2663 891 2739 νόμον
973 2661 1087 2719 δεῖν
1171 2676 1478 2741 συντηρεῖν,
1558 2666 1616 2729 ὃς
1694 2667 1788 2723 οὑκ
1848 2666 1909 2738 ἐᾷ

254 2768 518 2835 γυναῖκας
576 2758 753 2831 γυμνῇ
809 2751 940 2812 ἰέναι
997 2758 1064 2829 τῇ
1120 2752 1353 2833 κεφαλῆ.
1407 2756 1478 2811 Οὒ
1529 2755 1634 2828 μὴν
1666 2752 1781 2811 οὑδὲ
1809 2755 1906 2823 τὴν

255 2846 456 2911 στολὴν
492 2843 712 2912 ἠθέλησε
743 2841 1053 2918 διαμεῖψαι,
1100 2841 1214 2899 οὑδὲ
1264 2843 1328 2898 τὰ
1388 2843 1525 2919 ῥάκη
1587 2845 1902 2923 μεταμφιά-

263 2938 454 2991 σασθαι
486 2983 503 3010 ,
563 2934 738 2992 καίτοι
822 2930 1043 2991 πολλῶν
1126 2932 1523 3011 παραινούντων
1612 2933 1688 3008 μὴ
1768 2932 1905 2990 οὕτω

256 3035 462 3087 ποιεῖν.

340 3112 433 3173 8’.
494 3103 558 3170 Ἠ
626 3110 683 3168 δὲ
738 3113 871 3191 πρὸς
932 3112 1141 3185 αὑτοὺς,
1201 3109 1586 3184 Ἐνεδδσάμην,
1635 3112 1791 3191 φησὶ,
1840 3112 1904 3169 τὰ

251 3204 440 3279 ἱμάτιά
484 3224 608 3278 μου,
662 3202 777 3265 πῶς
837 3199 1123 3276 ὲκδύσομαι
1184 3200 1366 3271 αὒτές

1999 1943 2143 2005 tium
2181 1944 2316 2005 illos
2347 1954 2405 2005 et
2432 1945 2637 2007 videre
2665 1954 2725 2007 et
2752 1947 2961 2008 audire
2989 1946 3283 2024 dicentes,
3339 1950 3398 2005 et
3445 1939 3651 2003 multis

2003 2033 2279 2113 precibus
2308 2034 2661 2098 accersebat
2702 2035 3010 2098 Melanam.
3062 2034 3229 2097 Tunc
3256 2042 3455 2096 autem
3490 2039 3650 2092 tem-

2000 2140 2145 2201 pore
2174 2143 2413 2206 quoque
2444 2125 2622 2186 dante
2652 2127 3054 2200 occasionem,
3088 2124 3251 2187 illam
3279 2140 3491 2200 magno
3524 2131 3653 2181 stu-

1999 2213 2098 2275 dio
2130 2215 2401 2285 vocavit;
2438 2215 2539 2276 illa
2568 2234 2711 2277 vero
2758 2216 2882 2278 ivit.
2933 2214 3050 2279 Sed
3110 2232 3245 2294 quae
3297 2212 3653 2274 exstiterunt

1999 2311 2138 2365 ante
2171 2321 2377 2365 eorum
2434 2306 2951 2385 congressionem,
3004 2305 3191 2368 satius
3238 2315 3331 2367 est
3362 2319 3551 2383 pauca
3577 2319 3651 2363 ex

1999 2391 2074 2453 iis
2098 2393 2329 2455 audire.
2364 2394 2502 2456 Erat
2524 2394 2765 2476 quidem
2792 2397 2916 2458 hinc
2935 2396 3026 2459 lex
3048 2395 3204 2477 apud
3230 2396 3556 2471 Romanos,
3587 2396 3651 2451 ut

2001 2482 2201 2544 nullus
2232 2483 2318 2544 vir
2350 2503 2459 2546 nec
2492 2485 2715 2547 mulier
2737 2486 3163 2567 imperatorem
3190 2480 3651 2567 autimperatri-

2000 2585 2129 2628 cem
2163 2580 2371 2649 operto
2402 2572 2599 2653 capite
2628 2566 2971 2635 accederet.
2992 2573 3072 2635 Ea
3099 2592 3235 2635 vero
3268 2572 3462 2651 legem
3499 2566 3652 2634 nihil

1992 2676 2234 2740 curans,
2270 2662 2461 2722 velata
2489 2662 2764 2736 accessit,
2813 2681 2934 2725 non
2982 2671 3370 2744 tyrannorum
3424 2676 3646 2734 mores,

1990 2747 2095 2807 sed
2128 2746 2293 2811 Pauli
2324 2750 2516 2829 legem
2554 2753 2810 2813 maxime
2840 2752 3049 2814 dicens
3079 2758 3362 2832 oportere
3391 2764 3645 2811 conser-

1989 2836 2133 2916 vari,
2157 2838 2258 2917 qui
2283 2857 2400 2900 non
2425 2839 2567 2901 sinit
2592 2842 2876 2903 mulieres
2895 2842 3053 2903 nudo
3071 2842 3265 2923 capite
3288 2839 3575 2903 incedere
3590 2837 3646 2898 2.

1988 2925 2107 2986 Sed
2140 2945 2338 3004 neque
2368 2937 2598 2990 vestem
2632 2931 2820 2992 voluit
2864 2945 3118 3005 mutare,
3172 2948 3369 3011 neque
3410 2945 3645 3011 pannos

1987 3032 2232 3092 exuere,
2266 3018 2375 3078 etsi
2408 3017 2583 3081 multi
2615 3020 2943 3082 suaderent
2973 3029 3035 3082 ut
3062 3020 3313 3083 faceret.

2071 3105 2166 3168 ΙΧ.
2204 3108 2306 3169 Illa
2337 3125 2472 3169 vero
2504 3108 2593 3169 eis
2623 3108 2897 3172 dicebat:
2932 3111 3081 3173 Meis
3115 3129 3212 3172 me
3249 3108 3515 3171 vestibus
3550 3105 3650 3167 in-

1426 3200 1587 3258 ’Ὀθεν
1637 3203 1728 3257 καὶ
1759 3224 1900 3279 παρ·
1922 3234 1962 3285 C
1988 3194 2112 3270 dui,
2136 3197 2438 3278 quomodo
2465 3217 2564 3259 eas
2589 3217 2797 3261 exuant
2825 3207 2851 3264 ’ἶ
2875 3200 3045 3264 Unde
3068 3202 3244 3263 etiam
3270 3218 3407 3262 cum
3430 3198 3643 3276 ingre-

254 3302 410 3352 ιοὺσα
454 3294 529 3356 εἷς
577 3293 643 3349 τὰ
708 3290 976 3367 βασίλεια,
1032 3288 1148 3348 οὑδὲ
1196 3289 1470 3365 ἀπέϐλεψε
1515 3291 1647 3366 πρός
1698 3313 1748 3346 τι
1796 3292 1903 3348 τῶν

1998 3285 2233 3349 ieretur
2266 3294 2322 3348 in
2353 3289 2603 3369 regiam,
2633 3307 2709 3351 ne
2738 3293 2968 3370 aspexit
2998 3291 3244 3372 quidem
3300 3290 3375 3353 ad
3418 3286 3647 3368 aliquid

253 3383 441 3448 ἄλλοις
500 3380 937 3457 θαυμαζομένων,
998 3378 1114 3437 οὑδὲ
1166 3378 1453 3460 ὀφθαλμῶν
1516 3379 1635 3445 ἀξια
1683 3380 1904 3458 κρίνασα

256 3474 323 3531 τὰ
380 3481 625 3531 τοιαῦτα.
662 3470 930 3549 Προϊούσῃ
975 3491 1033 3526 τε
1091 3470 1302 3543 σύναμα
1357 3470 1433 3544 τῷ
1490 3469 1790 3540 Ἀπενιανῴ
1821 3472 1904 3525 εὑ-

255 3564 342 3626 θὺς
402 3564 437 3631 ἡ
493 3560 774 3639 βασίλισσα
843 3559 1112 3625 ὑπανέστη
1193 3580 1251 3616 τε
1305 3559 1393 3615 καὶ
1463 3573 1750 3636 προσεῖπε,
1819 3561 1906 3617 καὶ

254 3650 511 3732 καθέδρας
580 3651 802 3720 ἠξίωσεν
859 3648 1154 3727 ἐγγυτάτης
1195 3666 1207 3681 ⁸
1283 3647 1532 3715 ἐξέπληξε
1592 3651 1692 3726 γὰρ
1742 3649 1908 3716 αὓτὴν

252 3744 289 3812 ἤ
358 3765 417 3801 τε
463 3740 627 3809 στολῆ
683 3742 770 3797 καὶ
813 3740 875 3796 τὸ
922 3748 1017 3798 τοῦ
1047 3740 1335 3818 σχήματος
1364 3734 1551 3801 δεινῶς
1583 3736 1851 3795 ἰδιωτικόν
1884 3758 1902 3775 ο

249 3834 340 3891 καὶ
394 3833 517 3897 τοὺς
570 3826 658 3909 ὑφ’
746 3829 910 3907 ἑαυτῇ
979 3826 1314 3906 συγκαλοῦσα
1383 3849 1569 3904 κοινῃν
1664 3827 1904 3885 ἐποιεῖτο

247 3928 429 3997 θαῦμα
486 3921 760 3993 Meum-qv,
844 3919 915 3974 ’Ὦ
1001 3921 1145 3997 οἷον,
1219 3919 1465 3996 φήσασα,
1522 3923 1744 3995 πρᾶγμα
1816 3924 1903 3974 νῦν

249 4011 478 4091 βλέπωῙ
527 4009 701 4068 Πάλαι
746 4009 846 4087 γάρ
893 4029 973 4079 σε,
1018 4009 1131 4065 θεία
1173 4010 1463 4085 γυναικῶν,
1518 4005 1713 4073 ἤκουον
1739 4023 1753 4039 ·
1818 4014 1906 4064 νῦν

252 4103 310 4161 δὲ
360 4106 485 4181 δρῶ.
551 4099 655 4160 Καὶ
715 4098 830 4173 ἅμα
908 4105 1000 4155 τοῦ
1081 4104 1288 4177 χρυσοῦ
1345 4097 1527 4173 θρόνου
1578 4096 1904 4161 ἐξαναστᾶσα

263 4189 538 4269 περιεϐαλέ
596 4212 655 4247 τε
726 4187 829 4247 καὶ
882 4188 1283 4267 γατησπάζετο,
1345 4189 1432 4243 καὶ
1511 4189 1582 4251 ὡς
1640 4187 1903 4252 πολλάκις

263 4279 456 4358 ἔλεγε·
512 4280 754 4357 Μακαρία
813 4282 866 4334 εἴ
919 4278 981 4333 σὺ
1038 4283 1129 4334 τοῦ
1199 4277 1253 4333 ἐν
1330 4276 1499 4355 Κυρίῳ
1568 4283 1908 4354 μακαρισμοῦ

257 4369 471 4434 δικαίως
506 4368 864 4449 ἐπιτυχοῦσα,

338 4550 400 4612 ι’.
439 4548 587 4608 Ἐπεὶ
615 4547 671 4606 δὲ
704 4550 791 4605 καὶ
849 4551 1079 4623 Σευῆρον
1118 4542 1266 4607 δίκας
1318 4545 1620 4613 ἀπαιτῆσαι
1664 4548 1769 4602 τῶν
1829 4548 1902 4608 εἷς

252 4640 443 4703 αὐτοὺς
474 4637 820 4713 ἀδικημάτων
848 4636 1142 4716 ὑπέσχετο,
1190 4633 1344 4691 Ἀλλ’
1373 4637 1514 4709 ἡμῖν
1550 4656 1636 4713 γε,
1670 4635 1826 4692 εἶπεν
1876 4637 1905 4704 ἦ

250 4730 473 4796 Μελάνη
509 4776 526 4804 ,
586 4742 833 4807 γρεῖττον
907 4724 1212 4783 ἀδικεῖσθαι
1285 4723 1493 4799 μᾶλλον
1559 4728 1595 4793 ἢ
1648 4724 1854 4781 ἀδικεῖν
1887 4740 1900 4755 ·

247 4821 364 4878 ἐπεὶ
417 4822 509 4877 καὶ
577 4817 948 4896 ραπιζομένοις
1009 4818 1069 4874 οὒ
1122 4814 1285 4888 μόνον
1356 4815 1548 4895 φέρειν,
1612 4813 1749 4871 ἀλλὰ
1818 4816 1906 4872 καὶ

246 4912 348 4979 τὴν
406 4909 589 4987 ἑτέραν
645 4907 885 4988 στρέφειν
937 4910 1082 4971 θεῖος
1143 4905 1306 4978 νόμος
1351 4903 1481 4962 ἐστί.
1530 4906 1624 4960 Σοὶ
1653 4903 1708 4960 δὲ
1766 4902 1902 4961 ἄλλα

246 4999 422 5059 πολλὰ
478 5000 546 5056 τὰ
588 4997 757 5076 ἀγαθὰ
815 4997 959 5072 παρὰ
1012 4996 1146 5051 Θεοῦ
1190 4992 1372 5069 ἕψεται
1406 4999 1500 5061 τῆς
1534 4992 1708 5061 καλῆς
1749 4993 1905 5051 ἕνεκα

244 5091 444 5156 ταύτης
517 5088 841 5167 προθέσεως.
909 5078 1076 5160 Ἠμϊν
1164 5082 1217 5139 δὲ
1290 5082 1501 5159 ἀρκέσει
1586 5085 1648 5140 τὸ
1709 5089 1902 5151 στῆναι

247 5183 416 5261 μέχρι
459 5179 649 5235 τούτου
680 5177 778 5245 τὴν
839 5174 1070 5256 βλάϐην,
1116 5176 1201 5230 καὶ
1246 5171 1415 5248 μηδὲν
1458 5173 1621 5231 πλέον
1670 5176 1763 5231 τὸν
1806 5172 1906 5229 ἅνα-

246 5269 344 5346 δρα
402 5272 674 5345 προθεῖναι
713 5286 725 5301 ’
772 5268 844 5328 ὼς
874 5267 1030 5339 ἡμῶν
1060 5286 1121 5343 γε
1180 5262 1360 5319 ἕνεκεν
1419 5262 1536 5320 οὐδὲ
1595 5264 1784 5321 τούτου
1844 5263 1906 5318 ἂν

246 5360 546 5433 ποιούμεθα
590 5356 771 5434 λόγον,
806 5354 927 5412 ἀλλ’
959 5354 1039 5411 ὅτι
1086 5354 1154 5410 τὰ
1202 5351 1372 5418 ξένοις
1417 5351 1520 5420 ἤδη
1565 5352 1906 5432 κληρωθέντα

248 5450 340 5506 καὶ
396 5446 623 5504 ἐνδεέσιν
682 5447 992 5521 ἀποστερεῖ,
1032 5443 1128 5500 Διὰ
1182 5449 1347 5499 ταῦτα
1399 5453 1525 5519 γοὺν
1566 5444 1781 5505 τούτους
1814 5444 1903 5499 καὶ

248 5538 415 5596 πλέον
470 5539 508 5605 ἡ
559 5534 768 5613 βασιλὶς
810 5536 1126 5612 θαυμάσασα
1158 5534 1245 5589 καὶ
1276 5554 1368 5589 του
1409 5534 1641 5612 Σευήρου
1671 5531 1736 5590 δι’
1798 5532 1897 5589 αὖ-

327 5713 356 5757 ε
384 5711 410 5779 Ι
434 5710 577 5779 Cor.
608 5727 677 5789 ιι,
712 5710 813 5781 13.

1987 3393 2060 3438 ex
2092 3376 2166 3438 iis
2196 3396 2328 3458 quae
2363 3378 2517 3458 apud
2540 3378 2691 3440 alios
2723 3379 3095 3443 habebantur
3116 3383 3177 3442 in
3207 3378 3640 3459 admiratione,

1990 3484 2066 3526 ne
2095 3465 2304 3529 obtutu
2337 3468 2580 3549 quidem
2614 3487 2683 3530 ea
2711 3469 2895 3549 digna
2932 3471 3235 3550 judicans.
3287 3467 3652 3532 Procedenti

1987 3563 2189 3617 autem
2222 3558 2277 3619 ei
2310 3558 2487 3619 simul
2520 3577 2654 3619 cum
2714 3562 3020 3640 Apeuiano
3052 3564 3251 3625 statim
3314 3558 3645 3622 assurrexit

1992 3644 2368 3725 imperatrix,
2396 3656 2453 3708 et
2481 3648 2737 3710 allocuta
2767 3657 2879 3730 est,
2913 3660 2971 3712 et
3001 3662 3068 3711 ut
3112 3654 3382 3731 proxime
3412 3649 3647 3712 asside-

1988 3744 2100 3805 ret,
2136 3740 2227 3796 est
2251 3734 2513 3813 dignata.
2548 3736 2689 3798 Eam
2726 3740 2884 3801 enim
2939 3739 3338 3814 obstupefecit
3379 3739 3643 3811 vestitus,

1988 3829 2050 3883 et
2075 3823 2396 3884 admodum
2430 3825 2599 3886 rudis
2622 3826 2950 3908 etsimplex
2985 3829 3246 3899 habitus,
3282 3840 3341 3891 et
3368 3846 3474 3891 eos
3495 3845 3645 3888 con-

1992 3930 2229 3991 vocans,
2258 3913 2358 3993 qui
2391 3925 2565 3975 erant
2595 3915 2780 3978 iu‘sua
2813 3925 3128 3997 potestate,
3153 3919 3444 3981 Melanam
3475 3934 3646 3978 com-

1990 4004 2252 4063 muniter
2270 4002 2709 4066 admirabatur:
2731 4003 2778 4068 0
2804 4008 3311 4088 qualem,dicens,
3330 4025 3490 4069 nunc
3515 4024 3643 4067 rem

1987 4090 2269 4154 intueor?
2297 4092 2382 4154 Te
2424 4093 2552 4173 jam
2588 4095 2818 4173 pridem
2866 4098 3111 4175 quidem
3151 4098 3413 4161 divinam
3444 4095 3647 4160 audivi

1988 4198 2121 4242 esse
2155 4182 2491 4258 mulierem,
2525 4201 2680 4246 nunc
2697 4194 2896 4247 autem
2929 4189 3109 4249 etiam
3137 4188 3311 4249 video
3335 4206 3349 4251 :
3376 4197 3439 4250 et
3463 4185 3647 4248 simul

1992 4288 2246 4350 surgens
2277 4290 2310 4334 e
2340 4274 2557 4335 throno
2587 4292 2794 4350 aureo,
2829 4295 2958 4338 eam
2981 4277 3252 4357 suspexit
3280 4287 3339 4339 et
3368 4276 3644 4356 amplexa

1992 4370 2104 4436 est,
2140 4371 2197 4423 et
2222 4381 2380 4443 saepe
2411 4365 2601 4428 dixit:
2663 4367 2843 4427 Beata
2874 4385 2938 4427 es
2972 4375 3056 4442 tu,
3088 4386 3222 4449 qua:
3245 4369 3383 4447 jure
3418 4384 3643 4428 conse—

1991 4460 2125 4514 cuta
2154 4470 2222 4515 es
2247 4453 2307 4515 in
2336 4453 2589 4516 Domino
2625 4454 3080 4518 beatitudinem.

2072 4541 2141 4604 X.
2174 4541 2493 4623 Postquam
2525 4554 2724 4607 autem
2760 4546 3026 4626 pollicita
3056 4554 3151 4608 est
3198 4565 3266 4609 se
3295 4547 3372 4607 de
3422 4547 3643 4609 Severo

1987 4635 2126 4713 jure
2156 4650 2361 4713 poenas
2396 4651 2528 4695 esse
2545 4643 2915 4715 sumpturam
2939 4647 3182 4717 propter
3207 4636 3481 4716 injurias,
3504 4640 3644 4717 qui-

1993 4722 2105 4783 bus
2133 4739 2235 4783 eos
2268 4723 2583 4785 affecerat:
2620 4725 2696 4786 At
2741 4725 2935 4795 nobis.
2990 4726 3182 4806 inquit
3223 4726 3479 4799 Melana,
3512 4744 3645 4787 me—

1989 4811 2109 4873 lius
2141 4812 2426 4892 injuriam
2490 4814 2631 4892 pati,
2683 4834 2861 4895 quam
2922 4818 3121 4877 facere
3171 4816 3477 4895 injuriam.
3524 4816 3645 4879 Eos

1989 4901 2174 4976 enim,
2195 4901 2414 4982 quibus
2433 4903 3108 4985 impinguunturalapm,
3133 4923 3250 4966 non
3275 4905 3468 4967 solum
3489 4906 3616 4985 pati

1989 4992 2093 5053 sed
2128 4991 2308 5053 etiam
2342 4992 2520 5054 aliam
2552 4992 2870 5055 obvertere
2903 4995 3227 5069 maxillam,
3289 4996 3381 5056 lex
3417 5004 3507 5057 est
3545 4994 3644 5056 di-

1987 5081 2143 5143 vina.
2180 5081 2371 5161 Atque
2404 5090 2463 5142 tu
2490 5082 2734 5162 quidem
2771 5083 2956 5145 multa
2989 5084 3144 5145 bona
3175 5104 3209 5146 a
3257 5085 3379 5147 Deo
3426 5102 3648 5146 consea-

1989 5170 2194 5250 queris
2224 5179 2467 5250 propter
2498 5172 2610 5233 hoc
2644 5171 2865 5234 bonum
2901 5183 3065 5235 tuum
3094 5174 3465 5254 propositum
3488 5194 3504 5249 ;
3525 5192 3643 5235 no-

1989 5259 2082 5321 bis
2112 5277 2255 5321 vero
2280 5260 2562 5341 sufﬁciet,
2591 5262 2639 5322 si
2664 5261 2945 5326 damnum
2969 5263 3282 5341 hucusque
3300 5264 3562 5338 sistatur,
3587 5272 3647 5326 et

1991 5368 2107 5411 non
2169 5349 2341 5430 plura
2398 5350 2663 5430 adjiciat.
2717 5352 2861 5413 Nam
2915 5363 3119 5415 nostra
3167 5353 3412 5434 quidem
3466 5370 3645 5415 causa

1989 5439 2169 5515 hujus
2204 5440 2424 5500 nullam
2477 5440 2835 5504 duceremus
2867 5447 3181 5516 rationem,
3227 5442 3343 5504 nisi
3382 5443 3538 5522 quod
3572 5459 3644 5503 ea

1982 5548 2116 5611 quae
2146 5537 2283 5590 sunt
2315 5528 2649 5610 hospitibus
2680 5540 2739 5595 et
2769 5533 3087 5611 egentibus
3116 5532 3401 5597 attributa
3429 5540 3489 5595 et
3526 5530 3638 5598 de-
