4066 6416
435 328 555 405 763

1749 344 1912 411 ΜΕΝ
1918 343 2032 410 SIS
2064 340 2493 411 DECEMBER.

3692 347 3812 417 764

439 478 678 571 stinata,
710 478 905 571 eripit.
935 479 1185 563 Propter
1231 481 1357 546 hanc
1400 501 1540 563 ergo
1584 483 1925 566 imperatrix
1971 500 2073 544 eos

2160 482 2277 550 τοὺς
2334 483 2548 549 τούτους
2606 483 2875 565 ἐφείσατο,
2936 485 3129 549 Αὒτοϊς
3198 482 3297 563 δὲ,
3359 486 3594 571 καθάπερ
3652 484 3812 546 ἐϐού-

443 569 629 651 magis
681 570 996 647 admirata,
1033 580 1277 653 prapter
1317 572 1426 636 bos
1455 574 1617 655 ipsos
1667 575 1933 655 pepercit
1960 575 2074 638 Se-

439 677 616 723 vero:
654 660 797 742 ipsis
828 669 1048 735 autem,
1085 663 1330 724 utsicut
1369 663 1643 727 volebant
1686 683 1898 728 omnes
1928 665 2077 727 citra

436 748 930 829 impedimentum
962 751 1289 814 venderent
1319 752 1648 828 facultates,
1697 772 1805 836 per
1832 754 2073 818 fratrem

439 838 662 919 praabet
690 849 747 902 et
773 840 1216 921 imperatorem,
1249 842 1349 921 qui
1378 844 1643 907 Romana
1671 852 1904 926 sceptra
1935 854 2077 908 tunc

439 928 914 991 administrabat.
946 930 1017 993 Hi
1047 940 1244 994 autem
1279 946 1452 995 erant
1480 933 1711 996 domini
1752 935 2073 998 multorum

434 1015 496 1078 in
528 1018 884 1080 multislocis
901 1019 1408 1099 praediorummon
1421 1021 1613 1084 solum
1633 1041 1815 1104 prope
1837 1023 2072 1100 urbem,

432 1106 535 1168 sed
568 1107 743 1169 etiam
805 1109 1128 1172 multorum
1186 1111 1441 1174 aliorum
1501 1112 1560 1173 in
1617 1111 1806 1190 Italia,
1855 1121 1914 1176 et
1950 1134 2074 1178 non

432 1214 756 1276 paucorum
788 1217 1025 1279 quoque
1055 1200 1112 1261 in
1156 1200 1383 1281 Sicilia,
1418 1201 1811 1281 plurimorum
1844 1222 1980 1265 vero
2013 1204 2072 1266 in

429 1285 718 1373 Hispania
737 1298 796 1351 et
824 1288 1130 1352 Britannia
1156 1312 1169 1354 :
1196 1310 1327 1371 quae
1343 1292 1523 1354 etiam
1550 1303 1788 1373 propter
1808 1295 2072 1356 studium

429 1372 829 1457 imperatoris,
865 1387 1138 1458 prompte
1163 1378 1441 1443 emebant
1468 1372 1698 1455 omnes,
1723 1383 1918 1444 statim
1944 1384 2075 1447 sine

431 1463 876 1528 intermissione
900 1466 1149 1547 pretium
1175 1469 1566 1532 exsolventes.
1597 1468 1671 1533 Hi
1690 1471 1889 1553 itaque
1909 1492 2073 1550 egre-

432 1553 511 1630 gii
544 1555 858 1634 magniﬁce
890 1563 1066 1619 etiam
1099 1557 1547 1621 admirabantur
1578 1559 1988 1641 imperatores,
2017 1572 2076 1625 et

430 1643 661 1706 Melana
685 1644 865 1707 voluit
888 1664 1154 1709 sororem
1180 1648 1558 1729 imperatoris
1582 1650 1935 1730 quibusdam
1963 1653 2074 1713 bo-

433 1734 620 1796 nestis
653 1734 878 1798 donare
907 1736 1280 1813 muneribus,
1309 1737 1415 1800 sed
1450 1738 1548 1801 illa
1591 1758 1797 1801 eorum
1847 1741 2073 1822 aliquid

431 1823 708 1905 accipere
732 1824 967 1887 dicebat
994 1844 1126 1888 esse
1158 1827 1345 1889 instar
1372 1827 1692 1907 sacrilegii.
1729 1832 1883 1893 Sunt
1910 1832 2072 1892 enim
2104 1857 2138 1906 Β
2160 1825 2502 1902 ἀνακείμενα.

429 1931 638 2002 revera
666 1932 834 1977 sacra
854 1924 913 1978 et
934 1914 1170 1979 Christo
1192 1916 1488 1983 dedicata.
1518 1917 1663 1981 Cum
1688 1919 1771 1980 sic
1807 1918 2076 2002 dixisset,

430 2001 500 2066 B.
536 2004 826 2067 Melanam
857 2024 984 2068 ase
1031 2005 1173 2067 dum
1220 2025 1434 2085 magno
1487 2006 1712 2070 dimisit
1768 2001 2073 2089 comitatu,

432 2093 635 2156 multis
660 2094 994 2175 insignibus
1020 2096 1332 2159 Eunucbis
1362 2115 1497 2158 cum
1559 2096 1891 2178 praepositis
1946 2118 2075 2161 eam

431 2182 927 2263 praecedentibus.
966 2183 1183 2267 Sicque
1214 2185 1487 2249 exierunt
1541 2186 1775 2250 Melana
1829 2195 1889 2251 et
1946 2188 2080 2268 ejus

332 2316 337 2321 ρ
431 2272 679 2335 maritus
704 2292 736 2336 e
764 2274 952 2353 regia,
990 2274 1050 2338 in
1080 2274 1475 2339 admiratione
1504 2275 1719 2349 habiti,
1749 2285 1808 2338 nt
1831 2277 2077 2340 honori-

433 2364 547 2425 ﬁce
576 2362 846 2427 deducti.

511 2453 622 2516 XI.
655 2456 798 2517 Cum
827 2452 889 2517 hi
918 2462 1115 2517 autem
1153 2455 1415 2534 praeclari
1462 2460 1785 2536 cmpissent
1835 2474 1962 2533 sua,
2016 2466 2080 2520 ut

430 2541 732 2616 volebant,
764 2542 1135 2625 dispensare,
1171 2563 1290 2606 non
1323 2545 1500 2623 longo
1544 2544 1762 2608 abhinc
1811 2554 2079 2627 tempore

433 2649 675 2711 magnas
698 2632 825 2694 illas
854 2651 996 2696 suae
1029 2633 1313 2714 pecunias
1342 2635 1402 2698 in
1437 2652 1727 2715 pauperes
1779 2635 2077 2698 exhause-

430 2728 593 2782 runt.
630 2720 841 2799 Neque
861 2722 1018 2785 euim
1046 2723 1199 2786 ullus
1219 2724 1393 2805 alius,
1414 2734 1663 2804 excepto
1685 2724 2074 2805 imperatore,

428 2809 506 2871 de
536 2809 755 2874 divitiis
785 2830 920 2874 cum
951 2815 1038 2876 eis
1084 2814 1533 2878 contendisset:
1587 2822 1701 2876 tam
1743 2833 1955 2895 magna
1988 2816 2078 2877 vis

429 2899 702 2980 pecunias
720 2910 779 2963 et
802 2921 986 2984 prope
1007 2903 1397 2985 incredibilis,
1424 2923 1496 2967 ex
1512 2904 1671 2983 agris
1690 2921 1896 2967 eorum
1922 2925 2043 2982 quo
2056 2942 2072 2952 -

426 2988 628 3052 tannis
649 2989 902 3063 redibat,
963 2993 1116 3065 auri,
1166 3001 1231 3055 ut
1268 2993 1461 3070 aiunt,
1503 2992 1823 3056 duodecim
1859 2994 2069 3057 millia.

426 3078 517 3142 Illi
536 3088 731 3142 autem
757 3082 871 3145 hoc
890 3083 1230 3146 universum
1254 3081 1695 3145 distribuebant
1714 3083 2073 3165 pauperibus

2158 571 2340 648 λοντο,
2384 574 2445 630 τὸ
2498 580 2670 631 πᾶσαν
2717 578 2900 639 αὐτοῖς
2958 573 3246 643 ἀκωλύτως
3299 576 3550 645 πωλῆσαι
3581 577 3681 645 τὴν
3713 579 3809 636 οὗ-

2159 661 2274 718 σίαν
2328 659 2413 718 διὰ
2460 668 2550 719 τοῦ
2592 660 2819 743 ἀδελφοῦ
2875 664 2961 721 καὶ
3017 662 3283 741 βασιλέως
3342 663 3597 746 παρέχει,
3653 688 3811 734 τηνι-

2157 758 2326 808 καῠτα
2381 753 2446 807 τὰ
2501 741 2779 826 Ῥωμαϊκὰ
2836 759 3084 824 σκῆπτρα
3128 751 3430 818 διέποντος.
3489 753 3710 812 Πολλῶν
3757 755 3814 812 δὲ

2159 840 2304 898 οὗτοι
2363 840 2533 918 κύριοι
2576 843 2665 897 καὶ
2717 842 2859 921 παρὰ
2902 840 3130 907 πολλοῖς
3183 858 3301 908 τοῖς
3361 846 3547 908 τόποις
3606 845 3811 922 ἀγρῶν,

2159 934 2219 989 οὗ
2262 931 2364 1007 πρὸ
2407 934 2504 997 τῆς
2551 931 2758 996 πόλεως
2790 933 2980 1007 μόνον,
3014 931 3151 990 ἀλλὰ
3179 935 3265 991 καὶ
3300 932 3517 992 πολλῶν
3548 933 3727 994 ἄλλων
3758 934 3815 992 ἐν

2161 1018 2359 1093 Ἰταλίᾳ
2416 1020 2510 1076 οὔκ
2562 1018 2753 1100 ὀλίγων
2811 1018 2866 1077 δὲ
2926 1021 3014 1079 καὶ
3076 1022 3130 1080 ἐν
3203 1022 3447 1103 Σικελίᾳ,
3516 1022 3701 1100 πολλῷ
3757 1023 3815 1081 δὲ

2162 1107 2418 1166 πλειόνων
2476 1108 2530 1165 ἐν
2581 1109 2820 1184 Ἰσπανίᾳ
2903 1128 2961 1168 τε
3017 1114 3109 1169 καὶ
3165 1120 3233 1190 τῇ
3316 1114 3602 1191 Βρεττανίᾳ
3639 1161 3655 1188 ,
3720 1115 3811 1180 οὒς

2158 1200 2245 1256 καὶ
2292 1197 2376 1256 διὰ
2420 1199 2517 1268 την
2564 1208 2658 1257 τοῦ
2699 1200 2961 1277 βασιλέως
3019 1200 3252 1269 σπουδὴν
3308 1202 3535 1279 ἑτοίμως
3579 1203 3811 1262 ὠνοῦντο

2158 1292 2349 1353 πάντες
2409 1291 2505 1356 τὰς
2554 1291 2711 1365 τιμὰς
2775 1291 2963 1356 ἐνθέως
3041 1292 3464 1372 ἁπαραλείπτους
3521 1293 3810 1351 κατατιθέ-

2157 1400 2333 1454 μενοι,
2388 1378 2537 1436 Οῧτω
2590 1385 2688 1447 τῆς
2746 1380 3219 1462 μεγαλοφροσύνης
3304 1385 3352 1441 οἱ
3420 1397 3655 1462 γενναῖοι
3718 1386 3811 1441 τὸν

2155 1466 2378 1545 βασιλέα
2422 1469 2679 1546 ἀγάμενοι
2727 1472 2814 1527 καὶ
2871 1472 3115 1547 κοσμίοις
3159 1474 3303 1531 τισίν
3362 1474 3397 1543 ἡ
3461 1471 3676 1540 Μελάνη
3709 1473 3812 1539 τήν

2157 1565 2248 1614 τοῦ
2307 1565 2623 1628 κρατοῦντος
2710 1557 2942 1641 ἀδελφὴν
3028 1560 3185 1627 ἤθελε
3261 1560 3570 1628 δεξιοῦσθαι.
3657 1560 3810 1620 Ἀλλ’

2158 1645 2333 1714 ἐκείιη
2394 1650 2453 1705 τὸ
2509 1652 2707 1707 τούτων
2754 1672 2802 1706 τι
2863 1648 3050 1708 λαϐεῖν
3110 1652 3299 1719 ἐπίσης
3331 1651 3435 1732 ἔφη
3482 1655 3557 1727 τῷ
3597 1653 3813 1729 ἱεροσυ-

2158 1735 2276 1794 λειν
2313 1756 2325 1769 ⁸
2412 1736 2526 1815 ἱεραὶ
2598 1740 2697 1816 γαρ
2769 1737 3010 1817 ἄντικρυς
3079 1742 3167 1798 καὶ
3245 1742 3378 1800 αὔτα
3444 1742 3531 1797 καὶ
3603 1748 3816 1822 Χριστῷ

2592 1827 2769 1893 Οὕτως
2862 1831 3078 1888 εἰποῦσα
3165 1830 3262 1899 τὴν
3349 1832 3614 1910 μακαρίαν
3670 1853 3819 1910 παρ-

2161 1914 2367 1990 έπεμπε
2415 1914 2630 1972 πολλῶν
2690 1917 2960 1997 ἐπιφανῶν
2991 1918 3262 1999 εὐνούχων
3320 1918 3459 1993 μετὰ
3502 1925 3594 1975 τοῦ
3651 1939 3816 1995 πραισ

2160 2006 2378 2064 ποσίτου
2449 2006 2642 2073 ταύτης
2701 2005 3114 2085 προοδευόντων.
3189 2008 3285 2066 Καὶ
3354 2006 3522 2073 οὕτως
3579 2005 3808 2084 ἐξῄεσαν

2160 2091 2196 2161 ἦ
2255 2115 2312 2150 τε
2371 2093 2588 2163 Μελὲνη
2646 2098 2732 2152 καὶ
2790 2099 2818 2154 ὁ
2876 2098 3073 2164 ταύτης
3152 2098 3285 2173 ἀνὴρ
3348 2097 3451 2155 τῶν
3502 2095 3812 2174 βασιλείων,

2160 2184 2549 2260 θαυμαζόμενοι
2633 2206 2691 2242 τε
2762 2188 2904 2262 παρὰ
2960 2188 3174 2244 πάντων
3258 2187 3344 2243 καὶ
3418 2187 3812 2266 προπεμπόμε-

2164 2296 2264 2330 νοι.

2242 2451 2327 2511 ιΑ¹
2414 2453 2472 2510 Ἀ
2512 2451 2566 2486 ε’
2649 2479 2658 2489 -
2846 2455 2861 2511 ί
2928 2478 2936 2488 ·
3063 2457 3080 2513 t
3206 2458 3216 2476 ‘
3505 2456 3518 2473 ‘
3748 2464 3773 2475 ⁸

2336 2495 2350 2512 .
2480 2475 2725 2529 ρ,αμειοι
2781 2476 2841 2512 το
2865 2478 2953 2510 νυΙ
3034 2477 3062 2512 ο
3170 2468 3408 2534 γενναῖοι
3466 2479 3533 2515 τα
3606 2457 3813 2515 ἐαυτων

2160 2542 2353 2599 τιθέναι
2408 2543 2579 2605 καθὼς
2636 2542 2950 2624 ἠϐούλοντο,
2998 2550 3092 2605 οὐκ
3149 2544 3204 2602 ἐν
3270 2553 3459 2624 μακρῷ
3512 2545 3697 2626 χρόνῳ
3748 2549 3814 2605 τὰ

2160 2631 2333 2690 πολλὰ
2387 2634 2570 2689 ἱκεϊνα
2603 2635 2730 2712 πρὸς
2782 2635 2904 2699 τοὺς
2960 2633 3240 2709 δεομένους
3301 2633 3629 2705 ἐξήντλησαν
3662 2638 3813 2717 χρή-

2159 2744 2303 2796 ματα
2340 2738 2353 2753 ⁸
2415 2720 2531 2778 οὑδὲ
2604 2725 2703 2801 γὰρ
2762 2738 2950 2788 αυτοῖς
3006 2722 3087 2782 ὅτι
3121 2725 3198 2799 μιὶ
3228 2724 3477 2802 βασιλεὺς
3509 2733 3601 2783 τοῦ
3638 2726 3808 2784 πλού-

2160 2832 2252 2868 του
2308 2810 2369 2869 ἂν
2404 2809 2816 2893 ἠμφισϐήτησεν
2853 2830 2869 2847 ⁸
2903 2812 3044 2870 οὕτω
3072 2813 3210 2873 πολύ
3238 2836 3289 2871 τι
3320 2819 3512 2894 χρῆμα
3544 2814 3639 2873 καί
3674 2839 3814 2897 σχε-

2157 2900 2247 2960 δον
2304 2901 2618 2959 ἅπιστοιέκ
2662 2908 2763 2960 τῶν
2793 2902 2971 2982 ἀγρῶν
3026 2908 3218 2968 αὐτοῖς
3275 2900 3343 2960 δι’
3400 2902 3547 2970 ἔτους
3606 2905 3813 2987 ἐφοίτα,

2156 2989 2429 3072 μυριάδες,
2485 2994 2634 3072 φατὶ,
2698 2993 2922 3073 χρυσίου
2975 2991 3203 3056 δώδεκα.
3279 2998 3338 3053 Οι
3413 2992 3468 3050 δὲ
3528 2995 3684 3052 τοῦτό
3752 3017 3810 3052 τε

2156 3080 2298 3137 ἅπαν
2328 3093 2445 3145 τοῖς
2493 3080 2682 3148 πένησι
2716 3079 3026 3162 διεμέριζον,
3084 3083 3356 3148 κάκείνους
3407 3083 3591 3149 αὖτοὺς
3646 3083 3806 3140 ὕστε-

423 3176 600 3249 atque
628 3169 762 3233 illos
791 3170 953 3252 ipsos
999 3190 1173 3252 agros
1226 3180 1429 3252 postea
1469 3171 1899 3271 vendiderunt.
1952 3177 2073 3237 Hoc

2161 3190 2251 3248 ρον
2303 3170 2424 3234 τοὺς
2458 3170 2650 3250 ἀγροὺς
2695 3169 2974 3233 ἂπεδοντο.
3024 3180 3270 3249 Σημεῐον
3319 3171 3375 3230 δὲ
3404 3180 3492 3231 τοῦ
3522 3171 3750 3271 πλούτου
3782 3187 3797 3201 ⁸

427 3274 566 3320 vero
598 3268 689 3322 est
718 3268 1138 3339 argumentum
1186 3279 1394 3325 eorum
1448 3261 1829 3326 divitiarum:
1863 3281 2071 3326 eorum

2160 3259 2258 3325 τὴν
2308 3260 2409 3338 γὰρ
2464 3260 2632 3316 οίγίαν
2684 3261 2885 3319 τούτων
2927 3261 3094 3326 οὕτως
3130 3264 3290 3321 οὖσαν
3339 3261 3581 3340 λαμπρὰν
3636 3258 3804 3325 οὒδεὶς

425 3346 586 3408 enim
618 3347 888 3427 domum,
919 3369 1054 3431 qna;
1083 3359 1211 3413 erat
1239 3350 1391 3413 adeo
1421 3349 1738 3431 Splendida
1761 3361 1819 3414 et
1840 3354 2069 3433 magni-

426 3434 767 3516 ﬁca,nullus
779 3437 1187 3504 Romanorum
1224 3440 1412 3520 potuit
1434 3441 1597 3519 justo
1617 3441 1807 3521 pretio
1826 3460 2030 3504 emere
2055 3461 2070 3506 :

431 3528 568 3605 igne
586 3534 782 3589 autem
807 3536 1010 3609 postea
1029 3547 1065 3591 a
1080 3529 1349 3593 barbaris
1366 3537 1633 3592 exustam
1657 3548 1792 3591 cum
1821 3531 2072 3594 multum

430 3613 506 3677 de
529 3616 720 3696 pretio
750 3617 1282 3693 remisissent,eam
1301 3637 1541 3701 quoque
1564 3619 1842 3683 similiter
1865 3621 2073 3683 vendi-

428 3703 664 3778 derunt,
701 3708 891 3788 majus
920 3708 1204 3790 quiddam
1238 3728 1415 3790 quam
1446 3708 1581 3783 Job,
1638 3720 1702 3772 ut
1755 3709 1905 3773 mihi
1938 3712 2068 3789 qui-

426 3794 561 3857 dem
596 3795 854 3878 videtur,
890 3798 999 3862 bac
1029 3798 1091 3861 in
1121 3817 1189 3861 re
1222 3799 1529 3861 iacientes.
1564 3798 1711 3861 Nam
1744 3799 1800 3861 ei
1831 3800 2072 3881 quidem

427 3896 743 3966 paupertas
782 3888 892 3950 l'uit
923 3887 1358 3961 involuntaria;
1394 3888 1455 3951 hi
1487 3897 1680 3951 autem
1713 3888 1970 3952 libentes
2000 3910 2072 3953 ex

422 3973 736 4039 ditissimis
765 3976 962 4041 eﬁecti
989 3987 1127 4041 sunt
1158 3978 1543 4062 pauperrimi.
1577 3980 1652 4041 Et
1671 3978 1804 4059 ejus
1824 3980 2071 4057 quidem

424 4082 573 4127 uxor
602 4085 719 4128 non
742 4086 953 4147 magno
975 4077 1031 4131 et
1062 4068 1203 4131 forti
1225 4068 1425 4130 animo
1456 4068 1705 4143 ferebat,
1741 4069 1905 4145 quod
1935 4088 2077 4131 con-

429 4153 675 4234 tigerat;
704 4158 938 4221 Melana
968 4168 1168 4222 autem
1201 4177 1322 4221 non
1346 4159 1535 4220 solum
1561 4158 1722 4236 quod
1752 4157 1824 4221 ad
1844 4177 1911 4221 se
1931 4158 2072 4220 atti-

429 4245 629 4321 nebat,
663 4246 724 4310 id
759 4248 1013 4313 libenter
1043 4248 1317 4328 faciebat,
1356 4246 1462 4311 sed
1487 4249 1664 4310 etiam
1701 4250 1974 4312 maritum
1994 4249 2077 4311 la-

427 4333 619 4398 ciebat
649 4337 994 4419 participem
1028 4338 1122 4401 sui
1146 4338 1312 4419 scopi
1347 4347 1403 4401 et
1431 4336 1707 4399 instituti.
1742 4338 1847 4401 Est
1875 4345 2074 4401 autem

425 4423 568 4486 satis
598 4425 841 4489 evidens
860 4445 1179 4508 supernam
1204 4428 1506 4491 dexteram
1527 4429 1617 4489 eis
1640 4445 1814 4507 opem
1838 4426 2072 4502 tulisse,

2158 3347 2355 3428 ἴσχυσε
2400 3346 2680 3423 Ῥωμαίων
2736 3355 2834 3416 τῆς
2889 3349 3032 3417 ἀξίας
3086 3353 3355 3430 πρίασθαι,
3411 3352 3531 3429 πυρῖ
3573 3349 3628 3408 δὲ
3671 3352 3812 3427 μετὰ

2156 3444 2322 3494 ταῦτα
2379 3450 2497 3504 τοῖς
2557 3437 2838 3518 βαρϐάροις
2894 3444 3343 3517 κατακαυθεῖσαν,
3406 3441 3525 3498 τότε
3569 3441 3631 3499 τὸ
3676 3438 3814 3497 πολὺ

2157 3527 2251 3595 τῆς
2306 3529 2469 3605 τιμῆς
2518 3527 2734 3609 ὑφέντες
2820 3530 2903 3587 καὶ
2989 3530 3184 3599 ταύτην
3249 3529 3450 3603 ὁμοίως
3525 3527 3807 3605 ἀπέδοντο,

2158 3617 2346 3693 μεῖζόν
2405 3640 2478 3699 τι,
2541 3617 2723 3697 ἔμοιγε
2783 3616 2958 3693 δοκεῖ,
3020 3621 3105 3677 καὶ
3160 3627 3250 3678 τοῦ
3296 3618 3418 3679 Ἰὼϐ
3476 3617 3596 3677 κατ’
3654 3619 3811 3677 αὒτοῦ

2158 3712 2453 3772 ποιοῦντες.
2516 3714 2603 3782 Τῷ
2645 3707 2743 3783 μὲν
2787 3709 2888 3787 γὰρ
2931 3706 3175 3773 ἀκούσιος
3205 3711 3240 3778 ἡ
3271 3709 3425 3766 πενία
3459 3725 3478 3745 ⁸
3538 3709 3587 3766 οἱ
3638 3706 3812 3765 δὲκαὶ

2158 3797 2371 3861 ἑκόντες
2412 3798 2484 3861 εἰς
2532 3798 2655 3860 τοὺς
2701 3796 3052 3864 πενεστάτους
3105 3799 3323 3865 ἑαυτοὺς
3376 3796 3435 3856 ἐκ
3483 3798 3592 3856 τῶν
3635 3797 3810 3855 πλου-

2155 3886 2433 3944 σιωτάτων
2464 3887 2750 3947 καθίστων.
2800 3888 3035 3961 Κακείνῳ
3089 3888 3189 3964 μὲν
3250 3887 3281 3955 ἡ
3345 3887 3473 3967 γυνὴ
3531 3891 3591 3948 οὐ
3634 3909 3813 3967 μεγα-

2156 3975 2417 4056 λοψύχως
2477 3974 2591 4034 οὐδὲ
2652 3978 2905 4055 γενναίως
2950 3979 3013 4034 τὸ
3057 3974 3262 4053 συμϐὰν
3310 3977 3491 4059 ἔφερεν
3525 3995 3540 4012 ⁸
3592 3975 3710 4046 ἠδέ
3751 3999 3814 4057 γε

2158 4065 2377 4133 Μελάνη
2431 4066 2536 4146 οὔχ
2612 4064 2735 4122 ὅσον
2804 4067 2865 4123 τὸ
2949 4064 3034 4124 ἐπ’
3086 4069 3228 4142 αὒτῷ
3297 4066 3475 4136 ἡδέως
3533 4065 3812 4146 ἔπραττεν,

2156 4154 2294 4213 ἀλλὰ
2344 4156 2431 4212 καὶ
2489 4157 2579 4214 τὸν
2637 4152 2796 4233 ἄνδρα
2842 4158 3095 4214 κοινωνὸν
3128 4157 3295 4214 ἐποίει
3330 4166 3425 4216 τοῦ
3460 4155 3582 4213 ἴσου
3612 4155 3815 4214 σκοποῦ

2158 4250 2246 4304 καὶ
2302 4246 2400 4314 τῆς
2444 4245 2799 4324 προαιρέσεως
2835 4261 2848 4276 ⁸
2882 4248 2976 4304 οὒκ
3006 4243 3201 4314 ἄδηλον
3246 4248 3487 4318 πάντως,
3522 4245 3602 4304 ὅτι
3646 4249 3736 4304 καὶ
3776 4248 3812 4315 ἡ

2160 4334 2357 4392 ἄνωθεν
2416 4336 2597 4399 αὺτοῖς
2654 4332 2909 4416 ἐφέπτετο
2987 4334 3137 4403 δεξιὰ
3221 4335 3257 4406 ἧ
3339 4339 3426 4394 καὶ
3497 4334 3811 4413 ἱσταμένους

2161 4423 2444 4504 ἐφύλαττε,
2488 4423 2587 4481 κᾶν
2632 4423 2816 4481 εἴποτε
2859 4423 2914 4481 δὲ
2988 4427 3074 4484 καὶ
3130 4424 3592 4507 ὑποσκελισθεϊεν,
3666 4426 3813 4489 εὐθὺς

426 4532 557 4594 quas
588 4524 651 4576 et
679 4524 903 4578 stantes
935 4517 1329 4600 custodiebat,
1361 4527 1421 4580 et
1451 4516 1501 4577 si
1547 4516 1788 4595 quando
1822 4514 2073 4579 fuissent

2160 4511 2465 4600 ὑπήρειδεν.
2527 4511 2671 4581 Αὕτη
2726 4512 2987 4580 πολλάκις
3048 4516 3137 4573 καὶ
3222 4514 3623 4596 σφαλλομένους
3690 4526 3812 4578 τοῖς

425 4586 812 4684 supplantati,
837 4605 967 4685 ipsa
988 4626 1089 4668 eos
1109 4586 1379 4688 protinus
1400 4586 1664 4686 erigebat
1693 4618 1753 4668 et
1778 4606 2071 4669 ﬁrmabat.

2160 4586 2384 4680 ὀνείρασι
2436 4599 2673 4660 διανίστα
2702 4604 2789 4661 καὶ
2821 4604 3025 4662 διετίθει
3091 4606 3222 4684 πρὸς
3266 4586 3329 4661 τὸ
3387 4586 3587 4681 μέλλον
3631 4603 3812 4685 ἆσιρα-

424 4691 563 4772 Ipsa
583 4711 686 4754 eos
703 4713 862 4775 saape
888 4714 1022 4758 cum
1046 4696 1106 4758 in
1129 4696 1356 4760 somnis
1378 4694 2077 4778 prolaberentur,sustol-

427 4780 608 4859 lebat,
641 4791 700 4845 et
723 4802 826 4847 eos
847 4784 1146 4849 efﬁciebat
1170 4787 1467 4849 cautiores
1496 4790 1557 4845 in
1586 4793 1917 4864 posterum.
1941 4784 2075 4848 Ali-

425 4871 663 4951 quando
693 4883 889 4936 autem
920 4874 1031 4937 sibi
1090 4876 1191 4938 visi
1224 4882 1366 4937 sunt
1391 4873 1567 4936 ambo
1605 4872 1784 4935 simul
1811 4874 1872 4935 in
1904 4874 2073 4954 prin-

427 4960 585 5042 cipio
616 4962 859 5039 quidem
883 4965 1194 5028 ambulare
1225 4983 1333 5045 per
1358 4964 1508 5026 viam
1539 4962 1862 5026 admodum
1880 4982 2073 5043 angu-

428 5059 580 5113 stam
612 5062 671 5116 et
700 5053 875 5117 fossis
905 5056 1319 5136 interceptam,
1349 5072 1481 5133 qum
1511 5054 1590 5114 ita
1618 5070 1725 5114 eos
1752 5052 2074 5133 aﬂligebat,

430 5150 496 5203 ut
523 5142 870 5207 viderentur
901 5142 1016 5206 sibi
1048 5164 1178 5209 csse
1209 5143 1448 5206 contriti
1482 5151 1542 5204 et
1575 5141 1879 5204 confracti.
1912 5142 2077 5205 Post-

428 5250 605 5312 quam
641 5251 777 5296 vero
807 5252 939 5297 eam
969 5252 1106 5297 cum
1143 5252 1355 5311 magna
1387 5232 1709 5294 alllictione
1734 5249 1804 5292 ac
1824 5250 2076 5312 perpes-

427 5321 597 5384 sione
641 5323 1060 5397 confecissent,
1123 5331 1262 5384 tunc
1318 5340 1419 5383 eos
1470 5321 1700 5401 excepit
1765 5321 2075 5397 relaxatio,

427 5410 804 5491 liberumque
836 5422 895 5473 et
925 5411 1201 5491 spatium,
1235 5420 1295 5471 et
1351 5410 1615 5492 voluptas
1661 5409 1986 5473 ineﬂ'abilis
2019 5420 2078 5473 et

426 5499 598 5562 valde
625 5499 1018 5564 admirabilis.
1052 5498 1152 5563 Sic
1183 5502 1342 5563 Deus
1362 5500 1679 5575 elﬁciabat,
1707 5510 1767 5562 ut
1800 5500 1841 5561 ii
1870 5510 2077 5580 aperte

428 5590 504 5652 de
532 5588 749 5651 futuris
778 5597 1002 5651 certam
1052 5589 1440 5669 conciperent
1476 5590 1777 5664 ﬁduciam,
1827 5599 1885 5651 et
1915 5590 2077 5667 quod

427 5694 648 5764 parvos
679 5676 917 5742 labores
946 5695 1158 5763 magna
1190 5678 1343 5743 bona
1375 5687 1578 5745 essent
1607 5686 2033 5748 consecutura.

2158 4691 2458 4771 λεστέρους.
2500 4693 2597 4750 Καί
2627 4713 2755 4749 ποτε
2786 4690 2961 4760 ἔδοξαν
3020 4696 3144 4771 ὁρᾷν
3189 4692 3351 4775 ἄμφω
3407 4696 3541 4771 ὁμοῦ
3585 4693 3683 4762 τὴν
3712 4693 3811 4768 μὲν

2158 4781 2346 4863 ἄρχὼν
2401 4779 2486 4839 διὰ
2539 4782 2726 4850 στενῆς
2780 4781 2901 4840 ὁδοῦ
2961 4784 3094 4841 πάνυ
3138 4786 3473 4864 πορεύεσθαι,
3528 4783 3617 4840 καὶ
3658 4784 3815 4861 θριγ-

2158 4873 2291 4938 κίοις
2342 4869 2769 4948 διειλημμένοις,
2830 4872 2867 4942 ἢ
2928 4875 3015 4931 καὶ
3058 4871 3223 4936 οὕτως
3270 4873 3452 4937 αὐτοὺς
3509 4870 3816 4929 συνέθλιδεν

2158 4964 2232 5027 ὡς
2294 4962 2651 5041 συντετρίφθαι
2712 4960 2893 5021 δοκεῖν
2928 4984 2941 4999 ⁸
2990 4962 3076 5020 ἐπὶ
3135 4961 3185 5019 δὲ
3241 4963 3377 5039 μετὰ
3426 4960 3635 5029 πολλῆς
3679 4962 3813 5019 ταύ-

2158 5075 2258 5120 την
2316 5053 2415 5118 τῆς
2458 5052 2813 5115 κακοπαθείας
2859 5052 3128 5128 ἁνύσειαν,
3191 5061 3482 5121 τηνικαῦτα
3526 5049 3703 5115 alvequ
3756 5073 3816 5108 τε

2159 5143 2347 5209 αὖτοὺς
2404 5139 2679 5220 διεδέχετο
2736 5142 2827 5197 καί
2890 5143 3186 5221 εὐρυχωρία
3246 5139 3425 5208 πολλὴ
3486 5140 3574 5196 καὶ
3646 5137 3815 5208 ἡδονὴ

2161 5230 2385 5311 ἂρῥητδς
2446 5253 2526 5293 τι(
2571 5232 2664 5287 κπί
2723 5230 3179 5306 ὓπερθιΰμαστος.
3254 5231 3436 5293 Οὕτως
3516 5232 3701 5291 arator;
3758 5231 3820 5286 τὸ

2164 5329 2322 5378 Θεϊον
2413 5318 2622 5398 θαρῥεϊν
2730 5316 3010 5397 προδήλως
3093 5321 3224 5399 ὑπὲρ
3314 5326 3418 5377 τῶν
3506 5317 3822 5394 μελλόντων

2161 5409 2352 5485 ἐποίει,
2385 5410 2473 5467 καὶ
2520 5406 2596 5464 ὅτι
2643 5408 2834 5475 πόνους
2884 5408 3103 5489 μικροὺς
3128 5410 3193 5466 τὰ
3223 5408 3435 5489 μεγαλα
3466 5412 3571 5465 τῶν
3604 5407 3823 5487 ἀγαθῶν

2160 5499 2510 5566 διαδέξονται.
