4066 6404
287 393 410 461 765

1638 392 1825 458 VITA
1873 391 1936 454 S.
1985 393 2347 458 MELAN/E.

3553 396 3674 467 766

373 530 482 594 LB'.
519 534 592 593 Ού
625 531 733 609 μὴν
764 529 819 590 δὲ
865 532 892 590 ὀ
949 531 1125 597 κοινὸς
1181 526 1369 604 ἠμέλει
1426 525 1685 601 πολέμιος
1745 527 1938 606 πάντα,

2109 526 2240 592 ΧΠ.
2294 527 2411 590 Sed
2448 546 2641 610 neque
2673 536 2799 592 erat
2832 528 3136 611 negligens
3193 532 3524 596 communis
3554 533 3673 596 ini-

285 625 350 680 τὸ
426 631 514 681 τοῦ
572 622 754 702 λόγου,
829 622 1007 680 κάλων
1031 625 1214 677 κινῶν·
1290 616 1407 675 ἀλλ’
1482 617 1661 691 ὥσπερ
1742 616 1941 675 ἐκείνου

283 714 505 792 τρόπος,
564 711 649 770 διὰ
705 713 912 771 πάντων
974 711 1069 785 μὲν
1130 710 1421 788 ἐπεχείρει,
1483 705 1566 764 διὰ
1624 705 1678 762 δὲ
1728 707 1938 762 πάντων

283 803 596 878 ἡττώμενος
655 802 948 882 ὑπεχώρει.
1012 799 1320 856 Σύνείλεκτό
1377 819 1506 854 ποτε
1561 809 1677 860 τοῖς
1719 795 1940 862 δικαίοις

283 891 685 954 πολυτάλαντος
741 891 960 971 χρυσίου
1012 913 1092 955 τις
1149 889 1332 968 ὄγκος,
1392 889 1477 944 καὶ
1527 886 1662 943 κατὰ
1691 893 1783 944 τοῦ
1812 885 1938 942 ἐδά-

281 1005 413 1062 φους
445 981 693 1062 ἐκέχυτο.
729 974 788 1038 Ὀ
829 979 884 1036 δὲ
929 981 1085 1044 οἶκος
1137 979 1232 1037 ἴσα
1275 979 1396 1056 πυρὶ
1447 983 1524 1050 τῷ
1553 983 1739 1056 χρυσῷ
1778 997 1937 1032 ιιατε-

280 1071 558 1147 λάμπετο,
594 1068 830 1144 ’Ἔμελλε
865 1066 918 1125 δὲ
950 1072 977 1125 ὃ
1019 1091 1217 1148 χρυσρς
1248 1068 1396 1133 οὗτος
1455 1066 1668 1122 πολλῶν
1714 1066 1936 1138 ἀπορίας

277 1161 384 1242 ἄρα
441 1163 528 1218 καὶ
586 1165 851 1238 συμφορᾶς
910 1157 1232 1224 ἐξιάσασθαι.
1299 1149 1388 1218 Ὠς
1450 1157 1537 1213 οὖν
1605 1156 1640 1224 ἦ
1718 1154 1936 1222 Μελάνη

278 1255 372 1309 τὸν
435 1252 592 1307 οἶκον
650 1252 838 1326 είσῂει,
900 1251 1018 1306 τότε
1079 1247 1143 1315 δὴ
1200 1249 1286 1304 καὶ
1344 1247 1546 1326 τέχνης
1606 1249 1632 1302 ὁ
1705 1245 1936 1324 πονηρὸς

279 1341 507 1415 ἥπτετο,
569 1342 654 1396 καὶ
713 1337 1041 1417 περιέλαμπε
1072 1337 1171 1404 τὴν
1216 1336 1339 1412 δ’ψιν
1372 1340 1532 1403 αὐτῆς
1591 1342 1668 1410 τῷ
1728 1341 1934 1414 χρυσῷ⁶

283 1430 555 1488 διεσάλευε
586 1430 686 1497 τὴν
717 1429 902 1508 ψυχὴν
935 1434 1002 1502 τῇ
1045 1450 1230 1507 χροιᾳ,
1282 1428 1371 1482 καὶ
1413 1424 1698 1503 ὒπὲθελγεν
1735 1443 1749 1458 ο
1806 1425 1937 1479 ὑπε-

285 1523 416 1578 τίθει
476 1521 537 1576 τὸ
595 1520 778 1596 βάρος,
838 1516 1111 1574 ὑπεδείκνυ
1163 1519 1223 1572 τὸ
1277 1514 1497 1586 κάλλος,
1550 1516 1704 1570 παντὶ
1758 1511 1939 1592 τρόπῳ

284 1610 448 1683 συλᾷν
507 1607 662 1676 ἤθελε
717 1609 808 1663 τὸν
870 1606 1041 1684 μέγαν
1099 1605 1267 1667 ὄντως
1326 1611 1430 1662 τῶν
1488 1603 1760 1682 λογισμῶν
1833 1609 1936 1672 θη-

288 1700 504 1778 σαυρὸν,
541 1700 628 1754 καὶ
657 1696 752 1762 ὡς’
784 1697 895 1776 tea;
926 1693 1092 1761 δεῖξαι
1123 1702 1330 1774 χρυσοῦ
1378 1696 1438 1750 τὸ
1489 1701 1592 1750 πᾶν
1634 1694 1936 1770 ἐσκαιώρει,

292 1789 440 1848 Ἀλλ’
471 1790 546 1852 εἰς
579 1788 756 1861 μάτην
805 1787 870 1841 τὰ
926 1783 1106 1856 ἕνεδρα
1164 1791 1241 1857 τῷ
1288 1789 1507 1862 πονηρῷ
1561 1782 1676 1840 κατ’
1720 1783 1888 1851 αύτῆς
1927 1805 1939 1818 ·

2027 619 2238 698 micus,
2274 619 2396 700 qui,
2431 627 2493 681 ut
2535 629 2625 682 est
2656 622 2714 682 in
2765 624 3097 701 proverbio,
3137 625 3406 687 movebat
3435 643 3673 687 omnem

2023 708 2364 789 rudentem,
2400 710 2501 770 sed
2540 709 2690 771 sicut
2736 720 2822 772 est
2855 731 2982 774 mos
3011 713 3189 790 illius,
3226 714 3504 778 omnibus
3536 715 3675 796 qui-

2025 797 2160 859 dem
2209 798 2402 858 modis
2442 800 2914 878 aggrediebatur,
2948 821 3188 884 semper
3234 813 3430 866 autem
3490 805 3677 864 victus

2024 887 2366 950 recedebat.
2413 889 2671 951 Collecta
2727 891 3046 972 aliquando
3093 894 3286 954 fuerat
3329 893 3448 955 illis
3495 891 3676 973 justis

2023 975 2108 1036 vis
2131 977 2257 1038 auri
2287 979 2563 1053 maxima,
2597 988 2652 1040 et
2670 981 2832 1042 humi
2857 996 2984 1044 erat
3005 985 3209 1059 effusa,
3241 984 3453 1046 domus
3475 991 3674 1044 autem

2026 1075 2144 1128 tota
2198 1086 2339 1128 auro
2375 1087 2491 1128 non
2547 1088 2721 1132 secus
2751 1080 2925 1152 atque
2978 1072 3113 1152 igne
3145 1073 3517 1150 collucebat;
3552 1079 3679 1134 erat

2023 1174 2156 1217 vero
2190 1161 2299 1217 hoc
2331 1176 2534 1218 aurum
2575 1163 2992 1222 subventurum
3031 1167 3337 1223 multorum
3385 1166 3593 1236 inopiae
3623 1171 3678 1223 et

2023 1245 2366 1308 calamitati.
2399 1247 2566 1310 Tunc
2602 1249 2895 1327 malignus
2925 1251 3100 1330 ccepit
3132 1271 3239 1314 suo
3273 1258 3354 1311 uti
3401 1251 3672 1328 artiﬁcio,

2022 1337 2152 1414 ejus
2179 1335 2394 1396 faciem
2423 1336 2550 1397 auri
2576 1339 2778 1418 specie
2812 1339 3149 1421 illustravit,
3175 1342 3372 1402 colore
3400 1342 3529 1419 ejus
3551 1341 3674 1401 ani-

2023 1443 2182 1484 mum
2208 1425 2378 1485 leniit
2401 1435 2458 1485 et
2485 1425 2789 1501 demulsit,
2816 1428 3124 1489 admonuit
3145 1430 3342 1508 magni
3370 1430 3675 1508 ponderis,

2025 1513 2285 1575 ostendit
2319 1515 2831 1594 pulchritudinem
2868 1539 2882 1574 :
2917 1517 3197 1581 omnibus
3229 1517 3421 1580 modis
3451 1517 3681 1580 volebat

2026 1602 2082 1663 ei
2133 1602 2370 1682 eripere
2405 1622 2544 1665 vere
2605 1624 2880 1686 magnum
2913 1608 3262 1669 thesaurum
3317 1607 3590 1680 rationis,
3623 1615 3683 1668 et

2028 1692 2179 1754 nihil
2213 1712 2329 1754 non
2367 1694 2744 1776 moliebatur,
2780 1704 2842 1758 ut
2872 1697 3138 1760 efﬁceret
3164 1717 3291 1759 eam
3325 1701 3451 1759 auri
3479 1715 3683 1759 amore

2029 1781 2242 1844 teneri.
2282 1781 2395 1844 Sed
2431 1783 2646 1845 frustra
2678 1785 2734 1846 ei
2767 1787 3057 1865 malignus
3108 1787 3348 1866 parabat
3379 1786 3626 1848 insidias
3662 1803 3679 1863 ;

295 1881 496 1956 καὶγὰρ
551 1877 687 1943 αύτὶ,
733 1875 912 1952 ὥσπερ
969 1873 1195 1955 χαλινὸν
1251 1880 1327 1949 τῷ
1373 1875 1524 1929 πάθει
1558 1874 1649 1930 τὸν
1681 1873 1938 1950 λογισμὸν

2031 1871 2250 1933 etenim
2288 1891 2420 1933 cum
2452 1891 2521 1934 ea
2555 1873 2637 1935 illi
2674 1875 3111 1954 perturbationi
3136 1885 3412 1956 tanquam
3447 1874 3681 1937 frenum

297 1967 614 2044 ἐμϐαλοῦσα,
665 1965 848 2023 ἐκεῖνα
877 1973 946 2041 τῇ
984 1971 1076 2022 τοῦ
1129 1969 1331 2044 χρυσοῦ
1386 1963 1640 2019 ἀντετίθει
1701 1962 1939 2042 εὖχροίᾳ,

2028 1960 2502 2040 injecisset,auri
2526 1965 2709 2026 colori
2737 1982 2806 2026 ea
2836 1965 2922 2027 illi
2945 1966 3305 2046 opponebat,
3331 1984 3466 2046 quae
3487 1983 3684 2046 nequo

289 2058 323 2127 ἦ
380 2057 516 2132 μήτε
575 2056 722 2134 λόγῳ
777 2055 936 2132 ῥητὰ,
1000 2055 1138 2128 μήτε
1199 2053 1273 2127 »ᾦ
1312 2051 1518 2126 ληπτὰ,
1554 2053 1692 2127 μήτε
1722 2052 1831 2127 μὴν
1869 2059 1938 2126 τῷ

2028 2049 2222 2111 verbis
2246 2051 2551 2132 explicari,
2572 2072 2764 2135 neque
2788 2065 2988 2117 mente
3010 2054 3461 2136 comprehendi,
3481 2073 3676 2136 neque

284 2147 466 2229 χρόνῳ
519 2145 721 2227 φθαρτὰ
777 2145 912 2200 καθὰ
970 2140 1034 2198 δί.
1094 2144 1157 2198 τὰ
1207 2141 1455 2234 ἐνταῦθαη
1480 2140 1938 2234 πὲιροκενζᾶλλὰ

2028 2147 2296 2220 tempore
2341 2141 2587 2204 interire
2624 2153 2916 2224 poterant,
2953 2145 3058 2209 sed
3108 2154 3245 2207 sunt
3277 2151 3335 2206 in
3386 2151 3675 2206 aeternum

281 2228 351 2294 δι’
383 2238 575 2298 αἰῶνος
631 2235 819 2313 ἀγήρω
873 2254 930 2289 τε
989 2233 1075 2288 καὶ
1121 2232 1375 2294 ἀθάνατα,
1435 2228 1496 2289 ”Ο
1558 2228 1612 2286 δὲ
1666 2230 1829 2288 πολὺν
1862 2231 1938 2289 ὅτι

2028 2229 2178 2290 senii
2215 2233 2480 2312 expertia
2505 2242 2562 2294 et
2592 2234 2969 2297 immortalia.
2999 2235 3164 2308 Quod
3197 2244 3391 2296 autem
3421 2233 3477 2295 ei
3496 2231 3677 2294 maxi-

280 2327 518 2403 μάλιστα
583 2325 669 2381 τὸν
729 2324 892 2380 σάλον
954 2321 1086 2398 αὐτῇ
1129 2321 1418 2400 προεξένει,
1479 2322 1550 2387 ὡς
1611 2319 1729 2396 μετ’
1759 2320 1938 2400 ὀλίγον

2028 2339 2176 2382 mam
2230 2322 2499 2384 excitavit
2533 2331 2967 2406 tempestatem,
2997 2335 3060 2388 ut
3106 2325 3319 2389 mulier
3366 2325 3468 2387 illa
3498 2341 3675 2404 egre-

281 2414 554 2492 ἐδήλωσεν
583 2415 618 2482 ἡ
663 2414 900 2492 γενναία,
933 2417 1088 2468 τοῦτο
1116 2413 1204 2468 καὶ
1245 2415 1334 2481 ἦν.

361 2494 474 2567 ιΓ’,
508 2491 608 2562 Ἠν
640 2525 762 2578 μοι,
801 2504 950 2578 γησὶ,
984 2502 1060 2562 τὶς
1095 2507 1201 2558 τῶν
1235 2501 1412 2578 ἀγρῶν
1462 2499 1695 2562 πολλαῖς
1749 2500 1936 2580 χάριτι

283 2597 405 2658 τοὺς
440 2593 636 2657 ἄλλους
668 2592 902 2655 ἅπαντας
934 2591 1162 2668 παριὼν,
1213 2590 1267 2647 ἐν
1317 2590 1459 2664 αὒτῷ
1516 2588 1572 2646 δὲ
1629 2591 1801 2663 τούτῳ
1856 2589 1944 2645 καὶ

285 2683 507 2764 λουτρὸν
536 2682 626 2756 ἧν,
658 2683 834 2739 καὶτὸ
864 2679 1082 2759 λουτρὸν
1117 2678 1252 2737 οὕτω
1301 2679 1400 2755 μὲν
1456 2687 1526 2757 τῇ
1574 2679 1747 2759 τέχνῃ
1805 2678 1942 2736 κάλο

284 2771 491 2849 λιστον,
526 2771 662 2828 οὕτω
693 2769 747 2826 δὲ
777 2777 846 2846 τῇ
878 2768 979 2846 ῧλῃ
1037 2767 1335 2846 βέλτιστον,
1370 2768 1508 2826 οὕτω
1558 2767 1611 2824 δὲ
1663 2781 1783 2833 τοῖς
1812 2766 1944 2824 ὕδα-

2021 2413 2116 2490 gia
2147 2412 2324 2491 paulo
2358 2422 2492 2493 post
2523 2415 2900 2494 signiﬁcavit,
2939 2416 3051 2478 hoc
3085 2429 3236 2479 erat.

2106 2499 2258 2564 XIII.
2287 2500 2446 2579 Erat,
2479 2503 2694 2585 inquit,
2723 2505 2867 2566 mihi
2897 2506 3141 2583 quidam
3175 2523 3336 2586 ager.
3363 2504 3467 2582 qui
3488 2521 3678 2567 amm-

2029 2590 2210 2652 nitate
2259 2599 2317 2652 et
2381 2593 2825 2672 pulchritudine
2868 2596 3018 2657 alios
3075 2614 3285 2658 omnes
3335 2592 3676 2676 superabat.

2027 2681 2092 2742 In
2145 2680 2258 2741 hoc
2286 2690 2484 2744 autem
2536 2683 2664 2763 ipso
2699 2695 2826 2748 erat
2876 2687 3053 2748 etiam
3089 2687 3412 2760 lavacrum,
3443 2692 3502 2746 et
3543 2683 3681 2746 arti-

2028 2769 2162 2831 ﬁcio
2197 2778 2313 2831 tam
2371 2772 2680 2853 pulchrum
2716 2783 2773 2835 et
2806 2794 2874 2837 ex
2909 2785 3024 2837 tam
3060 2775 3218 2837 bona
3253 2774 3496 2836 materia
3527 2793 3679 2836 con-

290 2884 374 2918 σιν
405 2860 645 2940 ἥδιστον,
680 2861 752 2925 ὡς
786 2866 958 2916 πᾶσαι
990 2859 1264 2937 γοητεύειν
1319 2859 1504 2938 ψυχὴν
1562 2859 1648 2914 καὶ
1696 2859 1798 2936 πρὸ
1853 2867 1938 2916 τοῦ

2028 2859 2269 2934 fectum,
2305 2868 2363 2922 et
2389 2862 2562 2942 aquis
2595 2872 2711 2926 tam
2736 2865 3097 2943 jucundum,
3135 2875 3197 2927 ut
3222 2865 3483 2945 cujusvis
3521 2863 3675 2924 deli-

294 2965 464 3024 πιεϊν,
495 2951 528 3019 ἦ
558 2953 647 3008 καὶ
704 2949 1018 3007 λούσασθαι.
1079 2948 1148 3008 ’⁷0
1199 2946 1254 3005 δὲ
1303 2959 1396 3007 τοῦ
1425 2947 1643 3026 λουτροῦ
1672 2947 1937 3005 θελτικω-

2028 2948 2184 3010 niret
2212 2955 2500 3027 animum,
2538 2952 2716 3014 etiam
2751 2963 3066 3035 antequam
3102 2953 3332 3016 biberet
3385 2961 3482 3015 aut
3513 2953 3676 3015 lava-

290 3062 470 3115 τατον,
507 3039 754 3120 ἑκάτερον
787 3041 892 3096 τῶν
923 3042 1099 3118 μερῶν
1150 3039 1210 3095 τὸ
1264 3038 1361 3111 μὲν
1408 3038 1536 3118 εἶχε
1585 3038 1682 3106 τὴν
1738 3036 1938 3094 θάλατ-

2028 3047 2208 3100 retur.
2247 3039 2412 3111 Quod
2447 3057 2586 3104 vero
2623 3042 2838 3104 lavacri
2869 3043 2940 3105 ad
2975 3043 3383 3106 deliniendum
3417 3049 3543 3105 erat
3570 3060 3675 3104 ac-

284 3153 404 3208 ταν,
439 3132 500 3187 τὸ
529 3128 585 3187 δὲ
615 3131 680 3187 τὰ
710 3125 913 3210 δένδρα,
947 3129 1035 3186 καὶ
1067 3127 1203 3185 οὕτω
1255 3126 1320 3196 δὴ
1353 3128 1740 3209 μεμηχάνητο,
1802 3127 1938 3184 ὥστε

2028 3127 2829 3204 commodatissimum,illius
2857 3151 2970 3194 una
2997 3151 3129 3213 pars
3161 3133 3400 3214 quidem
3423 3130 3680 3193 habebat

281 3207 394 3278 σοιί
442 3221 775 3299 προκύψαντι
829 3207 942 3286 -τῆς
1012 3216 1302 3294 δεξαμενῆς
1373 3207 1578 3275 ἐκεῖθεν
1647 3207 1743 3292 μὲν
1814 3220 1938 3297 ὁρᾷν

2028 3235 2226 3282 mare:
2282 3219 2468 3281 altera
2496 3239 2639 3282 vero
2670 3223 2942 3286 arbores.
2996 3207 3092 3285 Sic
3122 3207 3317 3285 autem
3351 3231 3476 3284 erat
3528 3220 3676 3283 aedi-

282 3311 493 3386 ιιύματα
549 3309 849 3389 θαλάσσης,
914 3306 1125 3376 ἥδιστον
1184 3307 1238 3363 ἐν
1303 3305 1516 3385 γαλήνη
1583 3307 1779 3384 θέαμα,
1852 3308 1938 3364 καὶ

2028 3307 2286 3383 ficatum,
2350 3315 2413 3370 ut
2473 3328 2506 3372 e
2566 3309 2715 3372 solio
2769 3312 3008 3392 quidem
3070 3311 3462 3394 prospiciens,
3517 3311 3679 3371 illinc

280 3424 405 3466 ναυς
442 3399 726 3477 πλεούσας,
760 3398 990 3455 ἐντεῦθεν
1041 3395 1096 3453 δὲ
1130 3402 1230 3475 γῆς
1285 3395 1486 3471 κάλλη,
1549 3398 1638 3453 καὶ
1715 3395 1938 3475 δένδρων

2028 3415 2233 3475 posses
2264 3398 2468 3462 videro
2516 3401 2730 3463 fluctus
2765 3403 2970 3483 maris,
3004 3403 3068 3464 in
3114 3401 3538 3484 tranquillitate
3573 3401 3680 3481 ju-

279 3490 393 3567 ὖψη
459 3491 549 3546 καὶ
591 3490 806 3560 ὀρνίθων
850 3488 1028 3568 φωνὰς
1071 3488 1160 3544 καὶ
1201 3487 1418 3564 ῥεούσας
1479 3484 1657 3564 πηγάς
1705 3486 1794 3542 καί
1835 3507 1936 3542 που

280 3581 369 3638 καὶ
426 3577 723 3657 κυνηγέτας
779 3579 868 3635 καὶ
937 3575 1127 3656 θήραν,
1201 3577 1288 3633 καὶ
1359 3575 1544 3640 ἁπλῶς
1591 3577 1746 3656 μυρία
1791 3598 1930 3633 παν-

283 3679 456 3750 ιαχοό
514 3669 578 3726 τὰ
659 3667 926 3746 θέλγητρα
997 3668 1084 3722 καὶ
1185 3666 1421 3745 χαρίτων
1498 3666 1671 3722 πάντα
1739 3666 1932 3741 μεστά,

281 3739 448 3820 Τοξτὸ
495 3781 585 3834 μοι
637 3739 777 3838 οὖν,
815 3739 972 3836 φησὶ,
1034 3739 1274 3835 συνεχῶς
1335 3756 1408 3818 εἷς
1457 3755 1676 3829 μνήμην
1707 3739 1808 3827 ἱὸν,
1845 3756 1939 3812 οὒκ

283 3849 428 3906 ἔστιν
473 3849 647 3905 εἰπεῖν
692 3846 839 3911 ὅπως
896 3845 1103 3925 ἐκράτει
1149 3868 1252 3920 μον
1309 3848 1406 3910 τῆς
1462 3849 1668 3922 ψυχῆς,
1733 3845 1821 3900 καὶ
1863 3849 1940 3918 τῷ

286 3937 515 4013 ποικίλῳ
575 3938 761 3994 τούτου
819 3935 1026 4015 θέλγειν
1075 3939 1100 3992 ὁ
1159 3934 1400 3996 ποικίλος
1445 3931 1646 4008 δαίμων
1694 3933 1939 4011 ἐπειρᾶτό

287 4050 355 4104 με
398 4029 496 4085 καί
556 4025 743 4099 συλᾷν.
806 4024 955 4083 Ἀλλ’
1003 4025 1146 4084 εὐθὺς
1194 4023 1388 4104 ἀνετχὲ
1435 4046 1537 4098 μου
1605 4022 1705 4090 τὴν
1757 4023 1942 4103 ψυχὴν

288 4121 317 4175 ὁ
360 4119 518 4197 Θεὸς,
563 4116 748 4174 ἐκεῖνα
790 4115 1087 4194 λογίζεσθαί
1134 4136 1201 4190 με
1246 4113 1513 4175 ὑποτιθεὶς
1548 4115 1581 4168 ἃ
1628 4124 1745 4176 τοῖς
1797 4113 1938 4190 ἠγα-

294 4209 518 4273 πηκόσιν
564 4207 723 4264 αὐτὸν
754 4208 1018 4281 ἡτοίμασε
1052 4206 1188 4262 κατὰ
1244 4206 1334 4260 τὸν
1379 4206 1526 4260 θεῖον
1585 4201 1940 4280 ’Λπόστολον,

294 4296 489 4352 τούτων
532 4296 587 4354 δὲ
650 4296 864 4353 πάντων
938 4296 1011 4359 ὡς
1071 4295 1298 4372 ῥεόντων
1358 4294 1728 4372 ὑπερφρονεῖν.
1792 4289 1940 4349 Ἀλλ’

289 4383 428 4442 οὕτω
486 4387 585 4462 μὲν
646 4388 673 4442 ὁ
704 4387 938 4462 πονηρὸς
999 4382 1189 4452 ἥπτετο
1225 4399 1238 4412 ⁸
1276 4379 1504 4458 μηδενὸς
1537 4380 1590 4437 δὲ
1622 4381 1762 4446 ὅλως
1805 4383 1943 4438 ὑπο-

285 4473 584 4553 λειφθέντος
638 4476 667 4533 ὃ
720 4473 928 4554 θέλγειν
998 4475 1092 4537 τὰς
1162 4474 1374 4530 ἐκείνων
1439 4472 1618 4552 ψυχὰς
1677 4473 1767 4528 καὶ
1818 4471 1938 4528 ἐπι-

283 4565 526 4646 στρέφειν
559 4565 641 4646 ὲφ’
674 4565 830 4622 ἑαυτὸ
869 4560 1105 4626 δύναται,

2021 3487 2452 3550 cundissimum
2515 3491 2947 3573 spectaculum,
2983 3500 3038 3554 et
3089 3511 3266 3553 naves
3314 3491 3679 3570 navigantes,

2020 3583 2078 3638 et
2111 3586 2369 3657 portum,
2409 3588 2470 3640 et
2503 3588 2738 3656 nautas,
2775 3580 2916 3643 hinc
2951 3599 3087 3643 vero
3120 3590 3291 3644 terrae
3343 3579 3682 3662 pulchritu-

2020 3665 2248 3747 dinem,
2309 3676 2366 3729 et
2413 3668 2693 3730 arborum
2769 3671 3232 3751 proceritatem,
3297 3679 3357 3731 et
3425 3669 3680 3749 garritus

2019 3755 2238 3828 avium,
2270 3764 2328 3817 et
2372 3757 2629 3820 ﬂuentes
2662 3758 2881 3838 fontes,
2909 3760 3232 3835 quinetiam
3281 3767 3593 3821 venatores
3623 3767 3681 3821 et

2021 3844 2418 3920 venationem,
2459 3854 2544 3920 et,
2582 3857 2645 3908 ut
2675 3848 2861 3909 semel
2894 3848 3113 3924 dicam,
3151 3847 3374 3928 ubique
3397 3849 3680 3908 innume—

2022 3933 2234 3996 rabilia
2283 3935 2354 3995 ad
2388 3935 2852 3999 demulcen'ium
2886 3938 3354 4012 accommodata,
3390 3947 3448 3999 et
3482 3935 3682 3998 omnia

2026 4023 2203 4104 plena
2237 4023 2529 4103 elegantia
2559 4035 2616 4087 et
2646 4029 3008 4089 ammnitate.
3041 4025 3166 4090 Hoc
3198 4046 3336 4106 ergo
3368 4045 3501 4088 cum
3537 4025 3680 4086 mihi

2024 4113 2258 4174 assidue
2288 4115 2517 4176 veniret
2546 4115 2604 4176 in
2663 4125 2949 4197 mentem,
2981 4117 3099 4178 dici
3137 4135 3254 4177 non
3287 4123 3498 4196 potest,
3533 4135 3682 4196 quo-

2028 4203 2205 4264 modo
2238 4222 2435 4264 meum
2473 4212 2702 4266 teneret
2750 4206 3039 4282 animum,
3077 4215 3133 4268 et
3187 4205 3363 4284 hujus
3392 4204 3680 4266 varietate

2027 4310 2123 4353 me
2179 4291 2377 4354 varius
2429 4295 2756 4358 conabatur
2805 4295 3038 4356 daemon
3093 4294 3346 4357 delinire
3402 4304 3460 4355 et
3508 4293 3579 4354 ad
3614 4311 3678 4354 se

2027 4382 2286 4457 trahere,
2317 4382 2421 4444 sed
2456 4403 2652 4444 meum
2681 4386 2952 4465 protinus
2985 4383 3249 4446 animum
3270 4383 3474 4446 extulit
3495 4383 3674 4453 Deus,

2030 4471 2174 4532 mihi
2227 4490 2574 4552 suggerens,
2611 4481 2668 4532 ut
2701 4492 2770 4535 ea
2800 4473 3118 4551 cogitarem
3167 4492 3295 4554 quae
3331 4470 3678 4552 praeparavit

2028 4561 2097 4621 iis
2127 4561 2227 4640 qui
2280 4561 2469 4642 ipsum
2504 4561 2864 4643 dilexerunt,
2902 4573 2962 4623 ut
3018 4563 3098 4624 ait
3131 4562 3366 4623 divinus
3416 4563 3675 4643 Aposto-

284 4654 381 4718 lus
408 4656 442 4706 3
475 4677 488 4714 :
531 4655 656 4717 haec
688 4665 887 4716 autem
919 4653 1143 4732 omnia,
1178 4659 1239 4713 ut
1285 4668 1416 4732 quae
1446 4651 1654 4720 ﬂuant.
1692 4650 2088 4731 despicerem.
2123 4651 2240 4712 Sed
2294 4654 2380 4714 sic
2412 4652 2650 4734 quidem
2684 4654 2789 4717 fuit
2825 4663 3138 4735 superatus
3173 4653 3482 4732 malignus,
3520 4650 3679 4712 nullo

289 4745 528 4826 penitus
559 4743 791 4819 relicto,
830 4741 987 4825 quod
1021 4749 1220 4825 posset
1253 4740 1492 4802 illorum
1525 4740 1869 4803 demulcere
1899 4740 2152 4816 animos,
2190 4749 2248 4803 et
2277 4741 2348 4802 ad
2385 4761 2448 4803 se
2479 4751 2855 4806 convertere.

369 4909 478 4969 ω’.
513 4906 590 4965 Τὰ
633 4903 688 4961 δὲ
727 4903 846 4973 ἐξῆς
877 4904 1004 4962 ποία
1049 4905 1148 4980 μὲν
1190 4901 1347 4965 πόλις
1399 4901 1646 4958 ἐλάνθανε
1683 4920 1699 4978 ;
1733 4913 1856 4959 ποια
1887 4899 1943 4957 δὲ

285 4998 443 5078 χώρα
475 5015 492 5076 ς
541 4994 684 5059 ἔθνος
716 4993 771 5051 δὲ
802 4994 966 5052 ποῖον
995 4995 1026 5051 ’6
1057 4995 1134 5069 μὴ
1177 4991 1412 5071 μετέσχε
1458 4997 1558 5058 τῆς
1600 4993 1815 5048 ἐκείνων
1849 4991 1941 5046 εύ-

287 5086 533 5166 εργεσίας
589 5083 769 5154 ὥσπερ
818 5085 962 5148 τινος
1015 5089 1259 5158 ποταμοῦ
1317 5079 1504 5153 πολλῷ
1561 5080 1656 5137 καῖ
1727 5085 1939 5160 καθαρῷ

287 5199 363 5250 τῳ
421 5175 639 5254 ῥεύματι
686 5172 770 5230 διὰ
812 5172 990 5241 πάσης
1036 5177 1140 5252 γῆς
1185 5175 1270 5228 καὶ
1332 5169 1597 5237 θαλάττης
1648 5177 1741 5254 τοὺ
1771 5167 1935 5245 δαψι-

286 5250 431 5331 λοῦς’
468 5265 641 5321 αὐτῶν
705 5265 805 5330 τῆς
860 5250 1094 5325 εὒποιίας
1129 5262 1366 5338 νάματος
1398 5259 1610 5336 ῥέοντος
1649 5279 1665 5335 ;
1699 5250 1761 5316 Ἠ
1794 5260 1933 5334 μέση

285 5362 393 5413 τῶν
451 5358 734 5433 ποταμῶν,
771 5356 820 5409 αἱ
854 5353 1115 5410 Φοινίκων
1147 5351 1357 5423 πόλεις,
1393 5351 1428 5418 ἡ
1477 5357 1582 5405 τῶν
1625 5351 1802 5427 Σύρων
1843 5350 1933 5428 γῆ,

283 5442 494 5510 ἐδέξατο
545 5444 632 5499 καὶ
691 5443 964 5521 Αἴγυπτος
1026 5442 1128 5509 τὴν
1183 5439 1453 5518 ἀπορροὴν
1488 5487 1504 5512 ,
1564 5441 1649 5495 καὶ
1704 5438 1820 5495 ὅθεν
1879 5461 1936 5495 τε

283 5533 493 5614 ἀνίσχει
551 5533 579 5589 ὃ
622 5530 773 5600 ἥλιος
837 5533 923 5589 καὶ
982 5531 1042 5589 οὗ
1103 5530 1262 5608 δύνει,
1322 5532 1495 5588 πάντα
1569 5533 1667 5596 τῆς
1726 5527 1937 5585 ἐκείνων

368 5737 449 5804 3t
479 5738 612 5805 Cor.
651 5753 712 5803 ιι.
745 5737 813 5801 9.

2108 4899 2260 4964 XIV.
2324 4905 2470 4977 Quae
2541 4913 2743 4966 autem
2799 4902 3084 4983 deinceps
3139 4912 3277 4963 sunt
3337 4910 3677 4983 consecuta,

2027 5009 2342 5071 quamnam
2371 4993 2610 5072 quidem
2645 4993 2940 5054 civitatem
2981 4992 3281 5053 latuerunt
3302 4991 3332 5050 ?
3362 5007 3678 5072 quamnam

2024 5080 2201 5141 etiam
2251 5081 2554 5160 regionem
2589 5089 2618 5145 ?
2672 5081 2952 5154 Quaenam
3009 5100 3148 5142 vero
3181 5099 3347 5160 gens,
3383 5081 3453 5141 ad
3505 5099 3681 5162 quam

2023 5187 2140 5230 non
2175 5173 2448 5249 pervenit
2488 5171 2724 5234 illorum
2755 5170 3176 5248 beneﬁcentia,
3213 5171 3391 5231 veluti
3423 5171 3680 5251 quodam

2022 5259 2197 5319 ﬂuvio
2228 5279 2435 5339 magno
2469 5269 2528 5321 et
2580 5280 2727 5341 puro
2760 5262 3003 5334 ﬂuento,
3040 5279 3145 5342 per
3187 5267 3520 5322 universam
3555 5267 3680 5320 ter-

2021 5367 2148 5409 ram
2181 5359 2240 5411 et
2271 5369 2434 5412 mare
2469 5352 2692 5412 fluente
2727 5351 2897 5413 uberi
2930 5349 3054 5411 rivo
3099 5368 3305 5411 eorum
3339 5349 3678 5411 beneﬁcen-

2023 5437 2173 5500 tiae?
2227 5440 2677 5520 Mesopotamia,
2743 5439 3083 5502 Phainicum
3158 5440 3446 5506 civitates.
3513 5436 3676 5518 regio

2023 5523 2328 5611 Syrorum,
2351 5530 2634 5611 Egyptus
2657 5549 2895 5612 quoque
2916 5530 3048 5610 ejus
3074 5529 3304 5610 accepit
3325 5526 3674 5588 ﬂuxionem:
