4066 6410
396 339 513 408 767

1702 343 1985 411 MENSIS
2031 343 2464 410 DECEMBER.

3662 343 3786 413 768

401 486 464 543 et
485 478 586 541 ubi
610 477 700 542 sol
730 479 922 542 oritur
952 486 1011 543 et
1038 478 1283 555 occidit,
1308 497 1343 542 α
1372 496 1551 542 manu
1575 477 1813 542 illorum
1840 476 2064 540 omnia.

2152 480 2312 559 [ειρὸς
2343 477 2669 555 ἐπίμπλατο.
2701 480 2814 540 Εἰσὶ
2843 477 2898 537 δὲ
2936 479 2992 539 οἵ
3047 502 3207 563 φασιν
3253 481 3443 548 αὐτοὺς
3475 483 3559 540 καὶ
3588 482 3785 554 νήσους

400 577 538 631 sunt
565 569 815 649 repleta.
849 571 1248 644 Snntantem,
1275 569 1379 649 qui
1408 569 1614 630 dicunt
1647 586 1749 629 eos
1783 585 2048 649 quoque,

400 676 537 720 cum
563 666 711 722 totas
744 659 970 721 insulas
1014 659 1305 721 emissent
1335 656 1409 720 ab
1432 660 1812 738 imperatore,
1839 657 2050 736 partim

400 747 643 829 quidem
667 747 767 812 illo
795 747 1153 821 dimittente,
1180 747 1391 827 partim
1415 765 1554 809 vero
1578 745 1725 827 ipsis
1745 745 2046 823 dantibus,

400 836 545 900 alias
600 837 839 919 quidem
894 836 1114 899 sanctis
1170 837 1315 898 viris
1363 836 1639 907 donasse,
1707 835 1853 898 alias
1910 853 2050 897 vero

397 945 718 989 exornasse
751 926 952 989 choris
974 927 1265 1006 virginum
1300 934 1357 989 et
1391 926 1818 988 monachorum
1854 924 2052 986 multi-

399 1014 630 1078 tudine.
689 1014 954 1077 Pretiosa
987 1024 1181 1077 antem
1216 1016 1395 1079 vestis
1445 1025 1503 1078 et
1535 1013 1918 1096 splendidum
1951 1032 2052 1076 ar-

396 1112 634 1184 gentum
669 1112 795 1166 erat
824 1105 1236 1168 sacerdotibus
1267 1106 1338 1167 ab
1383 1105 1469 1168 eis
1500 1103 1839 1168 dedicatum
1871 1123 2053 1167 orna-

2134 568 2263 635 ὅλας
2324 568 2464 647 παρά
2506 567 2771 646 βασιλέως
2837 571 3262 653 ὠνησαμένους,
3310 573 3371 630 τὸ
3428 572 3524 649 μὲν
3582 571 3790 630 ἐκείνου

2134 659 2374 740 ἐφέντος,
2425 661 2487 716 τὸ
2544 658 2599 715 δὲ
2658 659 2751 717 καί
2810 662 2977 718 αύτῶν
3023 658 3221 719 δόντων
3257 710 3273 736 ,
3320 663 3417 727 τὰς
3462 661 3560 736 μὲν
3614 662 3789 742 ἁγίοις

2134 746 2349 827 ἀνδράσι
2394 749 2713 829 χαρίσασθαι
2747 797 2763 825 ,
2822 750 2917 814 τάς
2975 749 3033 805 δὲ
3100 750 3375 827 παρθένων
3439 764 3631 832 χοροῖς
3690 751 3790 809 καί

2135 837 2325 908 πλήθει
2357 839 2609 913 κομώσας
2669 846 2926 920 μοναχῶν
2972 838 3347 906 ἐπιδείξασθαι.
3382 839 3447 899 Ἦ
3505 839 3563 898 δέ
3618 839 3794 898 πολυ-

2135 926 2294 995 τελὴς
2355 930 2535 992 αὐτοῖς
2566 930 2725 994 ἐσθὴς
2755 931 2843 986 καὶ
2901 932 2929 986 ὁ
2971 928 3218 1010 λαμπρὸς
3274 930 3497 1010 ἄργυρος
3553 945 3671 996 τοῖς
3707 932 3795 987 ἰε-

2138 1030 2254 1097 ροϊς
2313 1018 2455 1084 ἅπας
2517 1020 2782 1077 ἀνετίθετο
2822 1019 3051 1096 κόσμος.
3115 1019 3267 1079 Ούτω
3326 1022 3465 1078 κατὰ
3527 1020 3626 1088 τὴν
3657 1017 3797 1079 Ἰτα-

2138 1105 2253 1164 λίαν
2309 1107 2366 1164 εὖ
2423 1106 2719 1184 διαθέμενοι
2764 1111 2860 1166 καί
2903 1109 3059 1189 ὀλίγα
3108 1115 3204 1178 τῆς
3250 1110 3429 1175 οὖσίας
3486 1110 3794 1167 ὑπολιπόν-

398 1201 683 1268 mentum,
720 1195 868 1256 Cum
914 1195 1002 1257 sic
1033 1214 1164 1276 quae
1201 1204 1371 1258 erant
1402 1195 1464 1257 in
1512 1194 1702 1269 Italia,
1738 1194 1893 1257 bene
1922 1194 2049 1257 dis-

2152 1219 2244 1277 ;ες,
2302 1196 2383 1253 ἐπί
2431 1197 2676 1255 Σικελίαν
2704 1197 2981 1279 ἐσέπλεον,
3038 1206 3194 1257 τοῦτο
3224 1199 3320 1275 μὲν
3355 1202 3438 1257 καὶ
3467 1200 3589 1263 τοὺς
3620 1199 3791 1257 ἐκεῖθι

397 1285 761 1364 posuissent,
799 1291 857 1346 et
889 1303 959 1346 ex
1010 1284 1389 1348 facultatibus
1419 1304 1613 1364 pauca
1646 1285 2050 1366 reliquissent,

2152 1288 2325 1366 ἱγροὺς
2381 1286 2720 1361 ἀποδόσθαι,
2799 1295 2954 1347 τοῦτο
3031 1288 3086 1346 δὲ
3167 1289 3258 1347 καί
3344 1296 3422 1364 τῷ
3504 1288 3795 1367 ἁγιωτάτῳ

398 1374 749 1454 navigarunt
791 1377 852 1436 in
902 1373 1166 1437 Siciliam
1204 1393 1217 1438 :
1255 1376 1465 1455 partim
1497 1375 1760 1455 quidem,
1793 1384 1854 1436 ut
1883 1392 2057 1455 agros

2152 1376 2415 1452 ἑπισκόπῳ
2483 1377 2728 1453 Παυλίνῳ
2783 1377 2837 1442 ἐς
2896 1378 3017 1455 ὄψιν
3069 1378 3270 1455 ἐλθεῖν,
3328 1380 3384 1443 ὃς
3442 1377 3628 1446 αὖτοῐς
3700 1380 3792 1436 καὶ

399 1463 500 1544 qui
534 1462 653 1525 illic
699 1470 869 1526 erant
898 1463 1227 1526 venderent
1257 1483 1270 1527 :
1311 1465 1522 1545 partim
1558 1472 1786 1545 autem,
1820 1471 1883 1526 ut
1912 1482 2055 1527 san-

2152 1468 2275 1523 νατὰ
2327 1475 2532 1544 πνεῦμα
2589 1470 2766 1547 πατὴρ
2821 1469 3106 1549 ἐτύγχανε.
3170 1469 3380 1528 Τούτων
3428 1468 3515 1526 οὖν
3548 1474 3649 1536 τῆς
3677 1469 3788 1526 πό·-

401 1552 734 1615 ctissimum
769 1555 1119 1635 episcopum
1148 1552 1456 1617 Paulinum
1489 1555 1765 1629 viserent,
1793 1554 1894 1634 qui
1928 1561 2059 1615 erat

2152 1562 2274 1621 tam;
2329 1557 2826 1639 ἀναχωρησάντων,
2872 1560 2965 1615 τὸν
3022 1560 3119 1634 μὶν
3161 1557 3399 1639 ἔπαρχον
3454 1562 3553 1627 τὴν
3591 1558 3791 1615 τούτων

404 1644 490 1705 eis
524 1652 691 1723 pater
717 1643 1047 1705 secundum
1100 1643 1397 1724 spiritum.
1432 1642 1576 1705 Cum
1631 1644 1670 1704 ii
1701 1653 1903 1706 autem
1955 1662 2055 1705 re-

2152 1648 2308 1705 ilxizv
2367 1651 2453 1703 καὶ
2514 1648 2579 1705 τὰ
2635 1648 3033 1727 περιλειφθέντα
3092 1656 3196 1706 τῶν
3242 1647 3566 1728 χρημάτων,
3629 1646 3789 1707 ἐλευ-

404 1732 727 1794 cessissent
759 1750 792 1793 a
821 1731 1074 1806 civitate,
1114 1732 1456 1813 praefectum
1512 1731 1779 1813 quidem,
1815 1732 1916 1810 qui
1950 1751 2056 1795 eo-

2152 1741 2305 1815 )εροις
2370 1736 2466 1794 οῦκ
2521 1736 2694 1794 ἰδόντα
2739 1750 2856 1803 τοῖς
2902 1739 3224 1818 ὀφθαλμοῖς,
3284 1739 3538 1813 θεομηνία
3581 1759 3662 1801 τις
3694 1739 3790 1795 εὔ·-

405 1840 537 1882 rum
598 1821 839 1882 domum
886 1830 943 1882 et
974 1819 1133 1898 quod
1186 1831 1560 1883 remanserat
1613 1824 1902 1902 pecuniae,
1938 1840 2054 1883 non

2152 1827 2227 1890 )ῦς
2288 1824 2655 1901 κατελάμϐανε
2690 1842 2703 1855 ⁸
2740 1828 3000 1906 προφάσει
3045 1850 3144 1905 γαρ
3200 1824 3397 1890 ἐνδείας
3450 1823 3621 1904 ἄρτων
3652 1826 3794 1882 κατᾶ

410 1909 758 1972 liberalibus
808 1910 1149 1973 intuebatur
1198 1910 1407 1983 oculis,
1438 1911 1637 1973 divina
1683 1911 1925 1991 quidem
1973 1910 2059 1973 ira

2152 1917 2240 1983 τὴν
2302 1913 2457 1972 πόλιν
2517 1914 2697 1986 πλήθη
2748 1916 2804 1971 ἐν
2860 1917 3028 1995 ἀγορᾷ
3100 1915 3241 1993 μέση
3299 1916 3576 1983 κινηθέντα
3626 1916 3796 1991 θυμοῦ

408 1998 677 2079 protinus
705 2000 1125 2081 apprehendit.
1152 2001 1300 2064 Nam
1328 2007 1612 2082 praetextu
1646 2001 1914 2081 penuriae
1949 2018 2059 2081 pa-

2152 2028 2199 2062 τε
2271 2008 2357 2062 καὶ
2426 2007 2615 2080 μανίας
2672 2005 2829 2061 ἆθλον
2908 2008 3063 2065 αῦτὸν
3139 2013 3400 2080 ποιοῦσι,
3466 2007 3551 2061 καὶ
3603 2000 3793 2082 βιαίως

409 2089 520 2161 nis,
556 2088 616 2151 in
672 2090 868 2152 medio
901 2090 1028 2152 foro
1080 2098 1378 2155 commota
1435 2089 1625 2171 plebs,
1660 2108 1794 2170 qua:
1826 2099 1952 2152 erat
2002 2090 2061 2151 in

411 2179 671 2260 civitate,
702 2198 837 2243 eum
889 2180 1112 2242 faciunt
1142 2179 1448 2261 praemium
1478 2180 1566 2242 sui
1615 2179 1831 2242 furoris
1862 2189 1920 2241 et
1960 2179 2057 2241 in-

414 2269 617 2344 sanire,
679 2278 739 2330 et
792 2271 1074 2332 miserum
1128 2268 1383 2332 violenta
1442 2276 1633 2331 morte
1684 2269 2059 2332 interimunt.

412 2356 661 2420 Barbari
692 2375 828 2420 vero
860 2367 1107 2439 repente
1146 2359 1293 2421 facta
1326 2359 1694 2432 incursione,
1734 2378 2062 2440 qazcnnqne

415 2458 583 2509 erant
613 2459 751 2510 ante
794 2448 1113 2522 civitatem,
1146 2449 1408 2529 praedam
1458 2448 1750 2530 Mysorum
1783 2449 2060 2522 eﬂ‘ecere,

414 2536 565 2599 adeo
598 2547 657 2600 nt
686 2538 825 2600 hinc
856 2538 1109 2601 evaserit
1151 2538 1550 2612 manifestum,
1590 2538 1726 2599 illos
1770 2558 1885 2600 non
1938 2540 2066 2600 sine

412 2626 520 2687 Dei
553 2627 794 2690 nomine
824 2646 921 2689 res
952 2646 1088 2689 snas
1120 2627 1179 2688 in
1223 2635 1342 2688 tuto
1377 2627 1725 2702 collocasse,
1761 2634 1821 2689 et
1851 2628 1909 2688 in
1945 2646 2064 2689 cm-

410 2714 661 2778 lestibus
692 2716 923 2778 horreis
955 2716 1387 2778 recondidisse.

489 2804 621 2868 XV.
657 2807 801 2869 Cum
856 2816 1117 2869 autema
1146 2805 1349 2868 Sicilia
1401 2813 1562 2867 recta
1615 2806 1674 2869 in
1704 2805 1943 2886 Libyam
2003 2815 2061 2869 et

411 2895 831 2975 Carthaginem
874 2905 1031 2958 esset
1081 2895 1432 2975 navigathri,
1466 2895 1706 2977 quidem
1738 2897 2063 2959 vehemens

402 2996 468 3048 et
517 3004 708 3048 sazvus
740 2996 949 3049 ventus
980 3005 1083 3048 eos
1120 2986 1351 3067 excepit
1383 2995 1440 3047 et
1489 2994 1658 3048 vexat
1692 2986 1890 3048 multis
1937 2986 2061 3049 die-

410 3076 545 3152 bus,
577 3076 725 3139 adeo
760 3085 823 3138 ut
876 3095 1029 3157 aqua
1062 3075 1348 3139 defecerit
1380 3074 1796 3155 navigantibus
1829 3098 1845 3151 ;
1893 3085 2063 3139 erant

411 3186 550 3229 vero
583 3168 642 3229 in
697 3166 829 3228 navi
865 3167 1030 3228 multi
1066 3174 1355 3229 vectores.
1393 3167 1537 3229 Cum
1570 3174 1769 3228 autem
1809 3166 1897 3228 eis
1930 3175 2064 3227 tan-

414 3265 535 3319 tum
570 3256 916 3318 immineret
963 3256 1322 3335 periculum,
1359 3261 1480 3317 visa
1510 3263 1600 3316 est
1653 3274 1857 3317 eorum
1895 3230 2123 3316 navi-c

410 3346 568 3424 galio
623 3364 740 3406 non
775 3364 907 3407 esse
949 3344 1073 3408 Deo
1129 3353 1312 3424 grata.
1359 3344 1535 3406 Jubet
1582 3344 1779 3425 itaque
1809 3343 2061 3419 Melana,

413 3444 479 3495 nt
531 3435 723 3496 velum
787 3443 1226 3513 convertentes,
1260 3434 1421 3496 ﬂanti
1468 3442 1641 3494 vento
1689 3444 2066 3514 optempera-

414 3530 573 3603 rent,
608 3541 971 3605 quocunque
1002 3541 1212 3585 navem
1243 3523 1512 3586 duceret.
1545 3525 1751 3604 Itaque
1782 3543 1915 3585 cum
1965 3542 2065 3583 se-

413 3612 673 3674 cundum
703 3620 941 3674 ventum
973 3612 1033 3674 in
1067 3614 1247 3694 puppi
1277 3611 1644 3687 habuissent,
1673 3612 1980 3694 appellunt
2004 3612 2064 3674 in

414 3702 735 3783 quamdam
769 3701 1051 3764 insulam.
1087 3700 1231 3764 Eam
1265 3720 1400 3765 vero
1432 3719 1582 3782 gens
1625 3702 1889 3784 quaedam
1920 3701 2063 3764 bar-

414 3792 579 3871 bara,
618 3800 675 3855 et
708 3812 837 3874 qua:
872 3793 1069 3872 praeda
1122 3802 1183 3854 et
1211 3801 1377 3874 rapto
1432 3792 1675 3865 vivebat,
1710 3794 1881 3871 paulo
1926 3803 2065 3855 ante

412 3882 605 3946 fuerat
652 3882 950 3963 populata.
987 3883 1133 3946 Cum
1170 3882 1334 3944 multi
1395 3890 1590 3945 autem
1625 3882 1792 3946 illinc
1823 3881 2063 3945 abducti

414 3981 615 4034 essent
672 3972 887 4052 captivi
938 3971 1051 4032 viii
1104 3978 1162 4032 et
1206 3971 1488 4033 mulieres
1536 3981 1593 4033 et
1628 3972 1820 4050 pueri,
1856 3972 2065 4035 insula:

416 4059 627 4123 incolis
657 4061 1065 4140 signiﬁcabant
1087 4061 1419 4136 Barbari,si
1444 4081 1547 4142 pro
1581 4063 1668 4125 eis
1695 4062 2064 4125 redimendis

412 4160 695 4230 quantum
728 4152 872 4215 satis
915 4162 1071 4214 esset
1100 4152 1226 4213 auri
1257 4153 1649 4232 accepissent,
1675 4154 1838 4233 ipsos
1867 4152 2062 4233 capti-

410 4257 517 4303 vos
550 4260 683 4304 esse
717 4241 1086 4321 reddituros,
1124 4241 1332 4303 insula:
1380 4248 1575 4305 autem
1611 4262 1909 4321 parsuros.
1960 4242 2063 4305 Sin

417 4349 553 4393 vero
584 4350 704 4393 non
744 4331 1226 4413 accepissent,se
1258 4331 1512 4393 insulam
1547 4331 1789 4411 quidem
1823 4340 2066 4394 exustu—

417 4440 538 4497 ros,
574 4421 820 4501 captivis
869 4432 1069 4482 autem
1104 4420 1297 4497 gladio
1346 4430 1597 4483 mortem
1631 4421 1922 4483 illaturos.
1973 4422 2075 4483 At-

412 4530 528 4591 que
581 4509 790 4571 insulaz
820 4509 1062 4589 quidem
1122 4508 1346 4572 incolas
1390 4529 1459 4573 ea
1487 4528 1619 4591 quae
1658 4507 2075 4589 signiﬁcaban-

413 4608 531 4673 tur,
570 4598 783 4660 dnbios
815 4596 1145 4659 reddebant
1178 4605 1237 4659 et
1270 4601 1607 4679 perplexas.

493 4686 647 4750 XVI.
684 4685 828 4749 Cum
861 4686 1024 4765 ipsos
1076 4696 1270 4749 autem
1304 4689 1495 4768 iustos
1536 4686 1861 4749 accessisse
1892 4686 2069 4749 intel-

415 4777 661 4839 lexisset
690 4774 1029 4856 episcopus,
1062 4775 1176 4837 hoc
1209 4776 1270 4838 in
1297 4776 1463 4839 lucro
1499 4776 1697 4856 posuit
1727 4794 1739 4838 :
1778 4784 1835 4837 et
1865 4777 1937 4838 ad
1970 4796 2074 4839 eos

420 4865 688 4940 veniens,
749 4865 910 4945 ipsos
955 4866 1164 4941 oravit,
1203 4873 1261 4928 et
1316 4866 1446 4946 plus
1504 4866 1754 4945 adeptus
1807 4866 2075 4945 pecuniae

419 4973 596 5037 quam
633 4955 888 5034 petebat,
925 4962 981 5017 et
1010 4956 1267 5035 prmdam
1303 4959 1640 5017 universam
1694 4954 1989 5030 liberavit,
2018 4965 2077 5018 et

420 5044 677 5107 insulam
714 5044 929 5125 eripuit
962 5063 994 5106 a
1028 5045 1323 5125 periculo.
1362 5043 1589 5107 Melana
1618 5064 1754 5125 vero
1785 5064 1917 5106 cum
1949 5048 2074 5109 suis

418 5154 485 5198 se
514 5124 870 5196 clementius
920 5143 978 5195 et
1008 5124 1327 5213 benignius
1377 5124 1741 5212 gerentes'in
1786 5135 2072 5215 captivos,

421 5229 509 5286 eis
540 5224 839 5286 dederunt
870 5224 1047 5286 etiam
1079 5226 1436 5304 quingentos
1463 5241 1697 5297 aureos,
1732 5242 2072 5304 panemque

422 5313 805 5395 prmbuerunt
830 5321 888 5374 et
917 5320 1152 5386 caetera,
1182 5311 1400 5393 quibus
1431 5330 1581 5391 opus
1612 5312 1930 5389 habebant,
1959 5315 2073 5377 hoc

419 5412 691 5483 agentes,
714 5410 778 5464 ut
808 5401 1103 5463 donorum
1138 5400 1545 5479 magnitudine
1577 5402 2074 5467 obliviscerentur

420 5511 764 5573 magnarum
828 5488 1253 5553 calamitatum.
1316 5488 1610 5570 Deinceps
1680 5500 1877 5555 autem
1940 5514 2074 5556 cum

421 5582 641 5644 bonum
680 5590 916 5640 ventum
946 5580 1229 5653 assecuti,
1260 5579 1579 5642 solvissent
1616 5581 1689 5643 ab
1720 5583 1937 5656 insula,
1966 5603 2077 5645 na-

413 5672 693 5758 vigarunt
738 5667 888 5730 citra
919 5667 1096 5731 ullam
1150 5669 1508 5754 molestiam,
1549 5672 1931 5756 placidusque
1975 5692 2082 5738 eos

2144 2096 2412 2174 ἀναιροῦσι
2485 2096 2576 2151 τὸν
2649 2093 2850 2155 ἄθλιον.
2944 2098 3040 2154 Καὶ
3121 2093 3373 2175 βάρϐαροι
3434 2093 3488 2151 δὲ
3544 2093 3796 2177 ἐξαίφνης

2144 2183 2597 2262 καταδραμόντες,
2658 2186 2723 2241 τὰ
2781 2185 2882 2261 πρὸ
2940 2185 3034 2254 τῆς
3079 2184 3287 2248 πόλεως
3327 2183 3537 2241 ἅπαντα
3600 2191 3795 2242 Μυσῶν

2145 2274 2289 2332 λείαν
2346 2276 2679 2353 εἰργάσαντο,
2712 2275 2849 2331 ὥστε
2883 2274 3157 2332 κάντεῦθεν
3214 2273 3375 2344 δῆλον
3433 2273 3674 2353 γενέσθαι
3718 2277 3793 2338 ὡς

2146 2369 2241 2423 οὐκ
2291 2366 2426 2420 ἀθεεὶ
2484 2364 2680 2421 ἐκεῖνοι
2737 2366 2803 2421 τὰ
2862 2366 3061 2421 ἑαυτῶν
3120 2365 3414 2443 φθάσαντες
3465 2366 3537 2429 εἰς
3589 2365 3792 2445 χωρίον

2148 2455 2483 2530 μετήνεγκαν
2568 2452 2757 2512 ἄσυλον

2148 2543 2469 2613 ἀποθήκαις.

2897 2455 2981 2511 καὶ
3081 2455 3339 2532 οὐρανίαις

3444 2454 3793 2533 ἐθησαυρίσαν

2225 2810 2328 2874 ιε’,
2379 2812 2527 2869 Ἐπεὶ
2583 2809 2637 2868 δὲ
2694 2814 2782 2870 καὶ
2835 2814 2941 2871 ἀπὸ
3001 2809 3246 2875 Σικελίας
3290 2810 3407 2867 εὖθὺ
3454 2809 3653 2879 Λιϐύης
3703 2813 3793 2869 καὶ

2149 2899 2493 2981 Καρχηδόνος
2553 2900 2712 2958 πλεῖν
2771 2901 3021 2982 ἔμελλον,
3064 2897 3287 2978 σφοδρός
3328 2923 3408 2964 τις
3477 2902 3567 2958 καὶ
3609 2902 3793 2981 ἄγριος

2144 2992 2330 3055 αὖτοὺς
2365 2990 2556 3067 ἄνεμος
2586 2989 2951 3068 ὑπολαμϐάνει
2985 2991 3071 3048 καὶ
3104 2996 3306 3069 συχνὰς
3356 2989 3560 3070 ἡμέρας
3609 3013 3792 3067 παρα-

2146 3080 2378 3153 ϐιάζεται
2420 3084 2491 3144 είς
2550 3081 2578 3136 ὅ
2636 3087 2723 3139 καί
2783 3085 2844 3140 τὸ
2873 3081 3008 3160 ὕδωρ
3052 3080 3173 3141 τοὺς
3230 3078 3489 3146 πλέοντας
3516 3079 3781 3139 ἐκλιπεῖν.

2150 3169 2339 3228 Πολλοὶ
2375 3169 2429 3227 δὲ
2474 3171 2611 3238 ἦσαν
2645 3172 2704 3228 τὸ
2757 3169 3026 3249 πλήρωμα
3063 3170 3160 3239 τῆς
3214 3170 3364 3236 νεώς.
3421 3176 3670 3229 Τοσοῦτον
3728 3166 3784 3224 δὲ

2150 3265 2330 3324 αὺτοῖς
2389 3261 2760 3337 ἐπηρτημένου
2822 3259 3058 3319 κινδύνου
3115 3264 3173 3319 ού
3214 3260 3351 3318 κατά
3400 3259 3536 3316 θείαν
3564 3258 3790 3337 γνώμην

2149 3348 2319 3416 ἔδοξεν
2373 3353 2400 3406 ὁ
2456 3350 2621 3415 πλοῦς
2675 3355 3016 3429 γεγενῆσθαι,
3063 3350 3275 3409 Κελεύει
3335 3349 3522 3427 γοῦνή
3574 3346 3793 3415 Μελάνη

2150 3439 2564 3516 ἐπιστρέψαντας
2607 3446 2705 3508 τὴν
2754 3442 2969 3513 ὀθόνην,
3004 3448 3079 3514 τῷ
3131 3441 3338 3520 φέροντι
3384 3437 3564 3515 ἀνέμῳ
3621 3460 3796 3494 κατα-

2150 3533 2352 3593 πειθεῖς
2413 3529 2642 3606 γίνεσθαι
2730 3529 2853 3588 ὅποι
2926 3531 2987 3586 ἃν
3048 3528 3155 3607 ἄγη
3213 3530 3310 3597 τὴν
3356 3534 3504 3589 ναῦν.
3566 3528 3665 3586 Καὶ
3727 3525 3796 3596 δὴ

2148 3618 2399 3684 λαϐόντες
2452 3622 2588 3677 κατὰ
2641 3621 2883 3697 πρύμναν
2940 3622 3001 3677 τὸ
3050 3622 3284 3701 πνεῦμα,
3316 3617 3397 3685 εἴς
3451 3639 3570 3675 τινα
3601 3617 3794 3675 καταί-

2148 3712 2321 3788 ρουσίν
2374 3709 2555 3777 νῆσον,
2614 3711 2725 3777 Τὴν
2792 3706 2845 3767 δὲ
2903 3708 3197 3789 ἐτύγχανεν
3263 3706 3376 3785 ἄρτι
3427 3704 3691 3786 βίρϐαρόν
3745 3729 3797 3763 τι

2149 3800 2232 3855 καὶ
2285 3797 2570 3877 λῃστρικὸν
2628 3798 2771 3861 ἔθνος
2808 3848 2824 3881 ,
2915 3797 3225 3861 ἐπελθόντες
3284 3799 3370 3854 καὶ
3443 3796 3793 3867 λη’ίσάμενοι,

2148 3890 2369 3945 Πολλῶν
2428 3887 2482 3945 δὲ
2538 3889 2901 3968 αἰχμαλώτων
2964 3889 3169 3946 ἐκεῖθεν
3224 3887 3557 3968 ληφθέντων,
3592 3884 3795 3964 ἀνδρῶν

2144 3980 2256 4053 ἅμα
2315 3980 2401 4034 καὶ
2447 3980 2753 4055 γοναικῶν,
2816 3980 2945 4058 πρός
3004 3977 3058 4036 δέ
3117 3980 3203 4034 καὶ
3248 3976 3513 4050 παιδίων,
3574 3975 3796 4047 ἐδήλουν

2145 4081 2261 4132 τοῖς
2306 4069 2593 4134 νησιώταις
2644 4070 2689 4124 οἱ
2727 4065 2979 4147 βάρϐαροι
3033 4066 3193 4145 λύτρα
3238 4067 3335 4141 μὲν
3397 4068 3614 4145 χρυσίον
3669 4068 3797 4122 ἱκα-

2146 4160 2234 4213 νὸν
2292 4154 2541 4222 λαϐόντες
2598 4158 2783 4218 αύτούς
2842 4178 2900 4214 τε
2957 4156 3078 4222 τοὺς
3145 4152 3529 4235 αἰχμαλώτους
3587 4153 3794 4212 ἀποδό-

2154 4251 2294 4318 σθαι,
2353 4246 2627 4326 φείσασθαι
2684 4244 2738 4301 δὲ
2794 4247 2880 4303 καὶ
2940 4244 3033 4313 τῆς
3092 4247 3255 4316 νήσου
3288 4263 3303 4281 ·
3349 4246 3393 4300 εἰ
3447 4242 3502 4300 δὲ
3561 4242 3638 4318 μή
3700 4244 3801 4301 λα-

2152 4334 2319 4407 ϐοιεν,
2365 4336 2461 4402 τὴν
2521 4336 2619 4410 μέν
2692 4341 2769 4409 τῷ
2825 4336 2971 4415 πυρὶ,
3034 4337 3153 4401 τοὺς
3218 4332 3272 4390 δέ
3352 4332 3674 4413 παραδοῦναι
3733 4342 3809 4409 τῷ

2157 4424 2199 4447 η
2484 4447 2501 4458 ⁸
2603 4425 2621 4456 ι
2760 4427 2787 4462 γ
3035 4425 3047 4447 r
3253 4421 3277 4441 ἰ
3519 4423 3532 4441 κ
3611 4422 3631 4440 εκ
3752 4424 3765 4445 θ

2157 4446 2311 4491 ςιφει.
2373 4435 2500 4488 Tot,
2556 4448 2654 4501 μιν
2727 4448 2817 4481 ουν
2889 4447 3176 4493 νησιωταις
3245 4445 3420 4501 απορα
3481 4446 3546 4480 τα
3604 4422 3808 4491 οηλου-

2159 4535 2293 4589 μενα
2321 4513 2418 4581 ἦν.

2096 4595 2141 4647 D

2265 4691 2341 4715 Ρ,
2481 4693 2495 4711 θ
2568 4693 2581 4711 λ
2675 4690 2697 4711 κ
2844 4695 2859 4713 \
3088 4694 3100 4716 Ι
3390 4696 3403 4714 \
3498 4693 3525 4714 3’
3792 4696 3805 4711 ο

2241 4703 2300 4766 Ιδ
2352 4740 2365 4755 .
2429 4702 2627 4758 Αυτους
2670 4694 2723 4750 οὲ
2782 4717 2902 4761 τους
2959 4691 3191 4758 δικαιους
3269 4698 3451 4771 μαθων
3495 4714 3727 4761 ηκοντας
3786 4716 3814 4750 ο

2157 4780 2444 4845 ἐπίσκοπος
2520 4782 2738 4861 ἕρμαιον
2800 4785 2992 4846 αὖτοὺς
3053 4784 3319 4865 ἐποιεῖτο,
3388 4785 3475 4841 καὶ
3533 4781 3807 4839 κατελθὼν

2156 4870 2390 4927 ἱκέτευσε
2448 4892 2504 4928 τε
2563 4871 2657 4929 καί
2747 4872 3123 4953 ἀφθονωτέρων
3184 4872 3258 4929 ὧν
3328 4871 3445 4949 ᾔτει
3504 4872 3808 4952 χρημάτων

2158 4961 2431 5041 ἐπιτυχὼν
2472 4965 2571 5032 τήν
2629 4984 2687 5018 τε
2749 4962 2895 5019 λείαν
2966 4961 3294 5041 ἠλευθέρωσε
3353 4969 3527 5019 πᾶσαν
3575 4964 3659 5017 καὶ
3717 4970 3808 5019 τοῦ

2157 5049 2393 5107 κινδύνου
2452 5052 2551 5120 τήν
2605 5057 2766 5120 νῆσον
2813 5051 3084 5131 ἐρρύσατο.
3119 5056 3179 5110 Οἱ
3220 5052 3274 5109 δε
3335 5053 3451 5130 περὶ
3481 5056 3582 5118 τῆν
3618 5049 3803 5107 Μελά-

2156 5164 2278 5214 νην,
2332 5142 2828 5219 φιλανθρωπότερον
2881 5143 2998 5220 περὶ
3060 5142 3181 5204 τοὺς
3240 5139 3622 5220 αἰχμαλώτους
3681 5137 3803 5196 δια-

2155 5231 2391 5293 τεθέντες
2434 5233 2523 5287 καὶ
2582 5233 2779 5309 χρυσὸν
2839 5232 3023 5293 aliter;
3067 5231 3412 5311 ἐμπαρεσχον
3439 5278 3456 5305 ,
3504 5229 3808 5305 νομίσματα

2155 5320 2504 5399 πεντακόσια,
2534 5318 2722 5396 ἄρτους
2767 5341 2823 5374 τε
2854 5318 2951 5376 καί
2994 5325 3100 5376 τῶν
3149 5319 3349 5377 λοιπῶν
3393 5323 3466 5376 ὠν
3512 5321 3807 5397 ἐπήγοντο,

2160 5415 2236 5482 τῷ
2306 5410 2514 5487 μεγέθει
2574 5415 2678 5464 τῶν
2750 5407 2957 5486 δωρειυν
3021 5409 3359 5467 ἑπιλαθεσθαι
3428 5410 3646 5467 τούτους
3704 5413 3811 5465 τῶν

2162 5498 2412 5575 μεγάλων
2469 5502 2753 5577 συμφορῶν
2809 5500 3226 5578 μηχανώμενοι,
3264 5502 3336 5557 Τὸ
3379 5498 3434 5556 δὲ
3486 5497 3608 5566 ἑξῆς
3639 5498 3809 5555 πνεύ-

2164 5609 2331 5661 ματος
2398 5588 2609 5665 μετρίου
2667 5590 2924 5669 τυχόντες
2985 5596 3077 5645 τοῦ
3165 5588 3400 5657 νησιδίου
3487 5589 3809 5664 ἀπάραντες,

2164 5676 2381 5744 ἀλύπως
2428 5675 2501 5735 ἔτι
2536 5683 2625 5738 τὸν
2674 5680 2837 5741 πλοῦν
2897 5680 3172 5741 ἐποιοῦντο
3207 5697 3220 5713 ⁸
3268 5681 3365 5741 καί
3400 5680 3644 5760 μάλακος
3706 5677 3809 5735 αῦ-
