4066 6398
262 332 382 404 769

1587 324 1777 402 VITA
1835 334 1894 397 s.
1954 332 2315 403 MELAN/E.

3521 340 3643 406 770

263 478 387 541 τοὺς
444 475 657 532 ὄπισθεν
702 474 924 531 ἐπωθῶν
968 471 1162 549 ἄνεμος
1226 471 1310 529 διὰ
1368 472 1582 553 ταχέων
1641 478 1709 549 τῇ
1771 482 1913 549 Καρο

2020 492 2033 533 ι
2065 480 2226 552 tergo
2261 472 2581 554 impellens
2614 481 2845 545 ventus,
2893 468 3010 536 cito
3044 472 3370 536 transmisit
3402 473 3647 538 Cartha-

268 565 462 645 χηδόνι
506 562 734 623 δίδωσιν.
801 561 1127 626 Ἀποϐάντες
1182 561 1234 619 δὲ
1279 567 1372 631 τῆς
1418 564 1547 629 νηὸς
1595 561 1691 630 τῆς
1746 561 1913 643 φίλης

266 635 500 733 εῗχαντο
559 652 806 729 ἐργασίας
864 653 1124 732 χρήματα
1193 653 1280 708 καὶ
1365 651 1553 731 ἀγροὺς
1638 653 1757 715 τοὺς
1816 653 1914 726 μὲν

266 745 436 819 ἱεροῖς
492 741 825 804 ἀνατιθέντες
899 755 1050 807 ναοῖς
1083 789 1098 814 ,
1172 742 1292 808 τοὺς
1362 739 1417 797 δὲ
1486 742 1912 819 φροντιστηρίοις

268 833 628 913 ἀφιεροῦντες,
674 830 741 887 τᾶ
795 830 849 886 δὲ
933 832 1021 888 καὶ
1097 830 1428 894 ἐκκενοῦντες
1484 843 1604 894 τοῖς
1664 831 1911 896 πένησιν,

271 922 423 980 Οὕτω
475 923 568 978 τὸν
619 920 847 980 πλοῦτον
912 921 1394 996 ἀποσκὲυαζόμενςι
1452 921 1625 977 πάντα
1652 969 1668 995 ,
1730 921 1915 1001 κοῦφοί

269 1033 329 1069 τε
385 1012 481 1069 καί
528 1010 807 1073 εύσταλεῖς
863 1009 954 1068 ἐπὶ
989 1012 1081 1066 τὸν
1113 1009 1288 1078 ἀληθῆ
1337 1010 1602 1088 μετῄεσαν
1659 1010 1910 1082 πλοῦτον,

272 1104 331 1164 ὃς
392 1110 484 1159 τοῦ
541 1098 709 1176 μηδὲν
762 1099 915 1182 ἔχειν
963 1100 1184 1158 ὠνεῖται
1231 1113 1348 1165 τοῖς
1391 1098 1617 1162 εὒσεϐὡς
1664 1100 1916 1178 θησαυρίσ-

270 1198 473 1263 ζουσιν,
531 1192 597 1246 Ἦ
643 1188 697 1245 δὲ
756 1188 909 1253 πόλις
971 1189 1104 1268 ἕνῇ
1161 1191 1255 1253 τὰς
1320 1188 1589 1270 διατριϐὰς
1647 1189 1920 1246 ἑποιοῦιτο

272 1280 528 1359 Θαγαστὴ
572 1279 845 1355 ἐκαλεῖτο,
877 1279 1001 1355 ἓνῇ
1047 1280 1143 1337 καί
1187 1280 1349 1359 ἱερεὺς
1405 1279 1580 1358 λέγειν
1637 1279 1785 1342 εἰδὼς
1834 1280 1921 1335 καὶ

274 1367 510 1433 πολλοὺς
540 1376 614 1442 τῷ
644 1367 790 1447 λόγῳ
839 1370 968 1447 πρὸς
1017 1368 1302 1448 σωτηρίαν
1327 1369 1532 1447 ἐνάγειν
1581 1366 1864 1444 δυνάμενος
1900 1385 1916 1400 ⁶

275 1458 444 1535 ὄνομα
488 1459 658 1531 τούτῳ
698 1457 955 1523 Ἀλόπιος
990 1474 1006 1488 ⁸
1057 1460 1102 1534 ᾧ
1158 1457 1223 1528 δὴ
1286 1462 1371 1517 καὶ
1416 1459 1657 1523 συνόντες
1703 1459 1768 1515 τὰ
1810 1460 1921 1536 ἱερὰ

272 1547 542 1625 ἐμελέτων
571 1547 748 1627 λόγια,
785 1548 961 1605 καὶτὸ
991 1549 1131 1631 ἱερὸν
1164 1547 1219 1604 δὲ
1263 1550 1292 1605 ὃ
1332 1550 1422 1605 τὸν
1478 1546 1734 1605 Ἀλύπιον
1791 1548 1922 1629 εἶχε

274 1636 422 1709 μάλα
464 1636 759 1718 φιλοτίμως
787 1637 1013 1713 κόσμοις
1057 1660 1114 1695 τε
1170 1651 1394 1719 χρυσοῖς
1444 1638 1532 1694 καὶ
1581 1635 1741 1703 λίθοις
1772 1636 1921 1714 λαμ-

278 1741 436 1807 προῖς
491 1729 579 1784 καὶ
627 1726 910 1806 προσόδοις
964 1726 1196 1791 πολλαῖς
1271 1728 1631 1808 ἐλάμπρυναν,
1699 1725 1921 1808 ’ῼκοδό-

1998 561 2220 642 ginem.
2257 565 2403 625 Cum
2436 582 2469 625 e
2505 582 2655 625 nave
2704 572 2903 625 autem
2959 562 3438 640 descendissent,
3476 585 3644 630 suam

1997 652 2229 714 solitam
2265 653 2526 733 aggressi
2584 663 2724 715 sunt
2784 654 3220 734 operationem,
3276 656 3560 734 pecunias
3594 669 3652 721 et

1996 760 2168 821 agros
2201 744 2409 824 partim
2471 743 2716 821 quidem
2772 743 2960 804 sacris
3014 743 3244 805 aedibus
3277 745 3647 825 dedicantes,

1998 832 2211 911 partim
2269 851 2407 894 vero
2466 840 2895 894 consecrantes
2954 833 3373 916 monasteriis,
3434 839 3650 917 partim

1999 921 2264 983 etiamin
2321 940 2613 1004 pauperes
2673 923 3074 987 eﬂ'undentes.
3110 922 3206 985 Sic
3265 941 3332 985 se
3388 925 3654 991 levantes

2000 1011 2167 1073 omni
2191 1030 2375 1074 onere
2398 1011 2937 1087 divitiarum,leves
2962 1020 3019 1073 et
3043 1011 3303 1093 expediti
3327 1015 3655 1095 pergebant

2001 1100 2073 1164 ad
2110 1118 2273 1162 veras
2305 1101 2568 1175 divitias,
2633 1120 2767 1182 quae
2820 1110 3101 1162 emuntur
3155 1121 3247 1176 eo,
3308 1105 3463 1183 quod
3502 1107 3652 1168 nihil

2005 1190 2380 1271 possideatur
2410 1190 2483 1251 ab
2511 1190 2586 1251 iis
2620 1191 2718 1271 qui
2764 1192 3112 1254 thesaurum
3165 1194 3260 1272 pie
3292 1194 3645 1261 recondunt.

2004 1281 2221 1341 Civitas
2251 1289 2474 1355 autem,
2513 1281 2571 1341 in
2605 1298 2719 1361 qua
2769 1281 3179 1359 versabantur,
3240 1283 3649 1361 appellabatur

2003 1368 2346 1449 Tagaste,in
2373 1388 2489 1450 qua
2514 1378 2642 1430 erat
2664 1388 2899 1432 sacrum
2934 1370 3249 1450 templum,
3285 1380 3341 1433 et
3366 1376 3648 1437 sacerdos

2003 1457 2242 1521 dicendi
2277 1459 2523 1539 peritus,
2591 1468 2647 1521 et
2687 1459 2787 1540 qui
2839 1459 3111 1521 oratione
3173 1459 3389 1522 multos
3424 1472 3655 1543 poterat

2004 1549 2294 1611 inducere
2332 1549 2403 1610 ad
2438 1548 2714 1623 salutem,
2751 1552 2997 1610 nomine
3042 1548 3284 1630 Alypius
3322 1572 3335 1610 :
3370 1569 3507 1614 cum
3540 1574 3657 1635 quo

2007 1646 2339 1715 versantes,
2363 1656 2533 1700 sacra
2566 1636 3010 1699 meditabanutr
3041 1637 3301 1720 eloquia.
3335 1636 3657 1725 Templum

2006 1746 2168 1802 vero,
2197 1728 2254 1787 in
2288 1746 2404 1808 quo
2435 1725 2647 1806 agebat
2675 1726 2947 1808 Alypius,
2999 1727 3323 1790 admodum
3377 1733 3661 1795 muniﬁce

282 1840 420 1894 μητο
478 1815 535 1874 δὲ
590 1824 796 1880 τούτοις
848 1818 937 1873 καὶ
995 1819 1373 1898 φροντιστήρια
1427 1815 1548 1891 δύο,
1624 1818 1924 1898 χρημάτων

2020 1825 2069 1879 et
2097 1817 2294 1878 aureis
2323 1816 2715 1897 ornamentis,
2748 1825 2807 1877 et
2857 1816 3073 1879 lucidis
3091 1819 3346 1895 gemmis
3370 1826 3429 1881 et
3459 1821 3657 1902 pluri—

286 1929 347 1964 τε
386 1909 467 1965 καὶ
501 1908 762 1985 προσόδου
813 1910 1008 1971 ἱκανῶς
1068 1908 1296 1988 ἔχοντα,
1365 1908 1438 1963 ὧν
1496 1922 1557 1963 το
1611 1908 1708 1983 μὲν
1764 1908 1927 1987 χορὸς

290 2000 443 2079 εἶχεν
499 1996 700 2077 ἀνδρῶν
762 1999 853 2055 τὸν
911 2000 1130 2077 ἀριθμὸν
1189 1998 1539 2076 ὁγδοήκοντα,
1598 2000 1657 2054 τὸ
1715 1996 1769 2054 δὲ
1802 2020 1931 2075 παρ-

280 2088 445 2154 θένοις
476 2088 658 2145 ἀνεῖτο
688 2088 785 2145 καὶ
829 2089 900 2152 εἰς
936 2089 1156 2167 ἀριθμὸν
1185 2087 1460 2154 τελούσαις
1510 2089 1794 2166 τριάκοντα
1842 2089 1929 2144 καὶ

281 2178 474 2235 ἑκατόν
500 2177 590 2245 ἧν,

362 2445 467 2509 lZ'.
522 2445 671 2505 Οὕτω
726 2447 815 2505 καὶ
856 2455 1020 2505 ταῦτα
1075 2448 1108 2515 ἡ
1170 2446 1386 2513 Μελάνῆ
1458 2444 1700 2502 διαϐεῖσα
1758 2444 1934 2511 καλῶς

281 2535 591 2617 ἐγκρατείας
650 2536 736 2594 καὶ
797 2536 941 2602 αὖθις
999 2537 1292 2613 ἐμέμνητο.
1362 2538 1457 2594 Καὶ
1515 2534 1579 2591 δι’
1643 2534 1776 2602 ὅλης
1836 2535 1934 2609 μὲν

279 2628 377 2694 τῆς
405 2625 611 2700 ἡμέρας
641 2625 825 2689 ἄσιτος
867 2628 902 2696 ἡ
962 2626 1176 2704 γενναία
1215 2625 1535 2705 διεκαρτέρει
1574 2646 1586 2663 ·
1645 2633 1739 2683 τοῦ
1781 2625 1932 2693 ἡλίου

2014 1907 2125 1969 mis
2149 1915 2439 1967 ornarunt
2457 1924 2734 1985 agrorum
2760 1905 3169 1987 proventibus.
3197 1908 3285 1968 Ab
3312 1909 3399 1970 eis
3425 1931 3661 1993 quoque

2012 2003 2150 2056 sunt
2182 1995 2475 2056 aediﬁcata
2505 1995 2623 2056 duo
2688 1995 3069 2072 monasteria,
3129 2015 3261 2075 qua)
3292 2005 3439 2060 satts
3471 2000 3658 2063 habe-

2014 2083 2153 2147 bant
2185 2103 2367 2165 opum
2402 2094 2460 2146 et
2491 2093 2908 2165 proventuum.
2940 2083 3204 2158 Quorum
3231 2087 3485 2149 alterum
3520 2091 3660 2172 qui-

2017 2174 2153 2235 dem
2187 2173 2444 2235 habebat
2464 2174 2713 2235 chorum
2736 2172 3284 2237 virorum.numero
3307 2178 3606 2257 octoginta
3639 2201 3654 2243 :

2017 2264 2274 2335 alterum
2299 2273 2496 2327 autem
2524 2262 2784 2326 habebat
2819 2265 3075 2344 virgines
3097 2285 3228 2347 qua:
3251 2275 3421 2329 erant
3440 2287 3658 2332 nume-

2014 2371 2082 2414 ro
2114 2360 2356 2414 centum
2389 2361 2448 2414 et
2479 2353 2743 2433 triginta.

2098 2441 2283 2505 XVII.
2319 2443 2464 2507 Cum
2499 2443 2624 2505 haec
2656 2442 2907 2523 pulchre
2936 2442 3024 2506 sic
3055 2444 3457 2525 disposuisset
3485 2447 3658 2512 Mela-

2018 2551 2117 2610 na,
2148 2550 2359 2596 rursus
2387 2534 2663 2595 meminit
2691 2533 3070 2595 abstinentiae
3114 2557 3127 2593 :
3174 2543 3232 2596 et
3267 2543 3384 2597 toto
3418 2536 3662 2618 quidem

2016 2620 2113 2684 die
2150 2640 2443 2702 generosa
2474 2618 2691 2684 mulier
2713 2623 3099 2703 permanebat
3119 2624 3354 2705 jejuna.
3382 2627 3523 2689 Sole
3552 2646 3662 2689 au-

277 2715 331 2773 δὲ
388 2713 494 2784 ἤδη
539 2716 669 2789 πρὸς
698 2712 898 2790 δυσμάς
959 2714 1184 2783 ἥκοντος
1248 2715 1508 2794 βραχείας
1553 2712 1933 2791 μετελάμϐανε

2020 2719 2135 2774 tem
2164 2713 2287 2792 jam
2320 2711 2656 2788 occidente,
2685 2731 2895 2793 parum
2929 2713 3048 2775 cibi
3080 2713 3376 2791 sumebat,
3416 2718 3666 2798 ejusque

276 2811 376 2873 τῆς
425 2805 623 2885 τροφῆς
680 2806 771 2862 καὶ
819 2804 1019 2872 ταύτης
1071 2803 1307 2884 σκληρᾶς
1341 2821 1354 2835 '
1424 2803 1536 2861 ἔστι
1602 2802 1657 2860 δὲ
1702 2803 1788 2859 ὅτε
1848 2805 1933 2860 καὶ

2020 2801 2196 2882 duri;
2232 2820 2656 2884 nonnunquam
2710 2820 2847 2863 vero
2904 2802 3137 2864 modico
3191 2803 3310 2865 olei
3341 2805 3670 2868 condiebat

286 2895 487 2973 βραχεῖ
530 2892 692 2967 ἐλαίῳ
750 2894 810 2950 τὸ
864 2892 996 2970 ὄψον
1041 2896 1409 2971 παραμυθεῖτο
1445 2907 1457 2922 ⁸
1529 2892 1663 2965 οἴνῳ
1719 2890 1773 2948 δὲ
1817 2891 1934 2952 οὐδὲ

2021 2890 2364 2954 obsonium.
2393 2889 2546 2953 Vino
2573 2899 2770 2953 autem
2806 2910 2924 2953 non
2950 2891 3227 2954 utebatur
3260 2895 3533 2974 omnino,
3558 2894 3666 2958 sed

287 2985 388 3052 τὴν
429 2982 599 3063 ἀρχὴν
643 2982 874 3064 ἐχρῆτο,
935 2981 1054 3040 ἀλλ’
1121 2983 1182 3039 ἐκ
1212 2981 1427 3058 μέλιτός
1460 3004 1514 3039 τι
1549 2981 1934 3056 ἐσκευασμένον

2020 2980 2325 3062 accipiens
2383 2999 2451 3042 ex
2506 2980 2684 3042 melle
2734 2980 3068 3043 confectam
3120 2981 3452 3066 potionem,
3484 3003 3664 3066 quam

286 3072 437 3147 πόμα
492 3071 822 3148 προσιεμένη
850 3120 865 3148 ,
912 3073 940 3126 ὃ
999 3070 1234 3129 κονδίτον
1289 3071 1478 3130 καλεῖν
1533 3073 1775 3153 σύνηθες,
1840 3073 1934 3140 τὴν

2020 3067 2213 3131 solent
2233 3070 2536 3151 appellare
2563 3070 2992 3145 conditum,sic
3019 3070 3250 3133 levabat
3273 3072 3456 3137 sitim.
3492 3073 3666 3136 Tem-

285 3163 446 3239 δίψαν
487 3166 870 3242 παρεμυθεῖτο.
924 3161 985 3221 Ὀ
1045 3160 1099 3219 δὲ
1132 3160 1196 3231 δὴ
1227 3160 1428 3242 χρόνος
1459 3165 1486 3219 ὁ
1519 3160 1746 3226 πολλοῖς
1800 3161 1934 3218 πολ-

2024 3176 2132 3240 pus
2164 3177 2324 3235 vero,
2361 3158 2518 3241 quod
2550 3159 2751 3221 multis
2801 3178 2960 3239 saepe
3005 3160 3279 3223 obtendit
3308 3172 3367 3222 et
3397 3163 3669 3226 retardat

285 3235 443 3318 λακις
497 3235 597 3321 τὴν
630 3235 806 3332 ’ὁρμὴν
859 3250 1142 3328 ἀμϐλύνων
1185 3235 1381 3320 ταύτης
1434 3251 1637 3328 μᾶλλον
1696 3250 1934 3329 ὀξυτέραν

2024 3235 2337 3331 impetum,
2372 3235 2429 3312 ei
2460 3249 2623 3311 illum
2658 3235 2951 3312 reddebat
2998 3251 3318 3316 acriorem.
3368 3251 3444 3317 Et
3474 3254 3669 3335 primo

286 3344 480 3404 ἒποίει.
519 3343 617 3399 Καὶ
647 3343 709 3399 τὸ
767 3342 866 3417 μὲν
899 3346 1108 3421 πρῶτον
1160 3343 1303 3421 παρά
1354 3340 1444 3399 δύο
1488 3343 1553 3398 τὰ
1601 3345 1750 3400 σιτία
1793 3341 1934 3418 λᾶμ-

2025 3340 2266 3417 quidem
2326 3339 2591 3402 secundo
2654 3360 2895 3421 quoque
2967 3342 3066 3403 die
3126 3340 3329 3404 cibum
3373 3343 3670 3420 sumebat,

290 3428 522 3491 ϐἀνουσα
564 3431 655 3502 ἦν,
720 3430 904 3488 ἔπειτα
963 3432 1106 3512 παρὰ
1147 3445 1318 3507 τρεῖς,
1368 3431 1492 3489 εἶτα
1536 3433 1624 3489 καὶ
1681 3428 1747 3488 δι’
1781 3429 1934 3512 ἐπταὶῖ

2025 3428 2245 3490 deinde
2276 3437 2472 3492 autem
2524 3429 2698 3493 tertio
2731 3449 2973 3512 quoque
3008 3432 3127 3505 die,
3162 3431 3382 3496 deinde
3413 3434 3671 3515 septimo

292 3523 368 3586 ὡς
427 3520 568 3586 ἅπαξ
624 3526 725 3590 τῆς
787 3519 1074 3597 ἑϐδομάδος
1135 3523 1295 3597 μόνον
1376 3524 1676 3598 μεμνῆσθαι
1748 3523 1934 3600 τροφῆς

2027 3538 2285 3601 quoque,
2331 3521 2480 3582 adeo
2529 3531 2596 3582 ut
2616 3521 2804 3584 semel
2830 3529 3058 3583 tantum
3093 3521 3152 3583 in
3180 3521 3516 3586 hebomada
3537 3524 3674 3588 cibo

292 3612 383 3668 καί
442 3611 643 3678 ταύτης
685 3610 1089 3686 κεκολασμένης
1125 3627 1139 3641 ’
1186 3613 1274 3669 καὶ
1319 3608 1466 3671 οὐδὲν
1510 3609 1646 3674 ὅλως
1675 3616 1780 3666 τῶν
1811 3608 1943 3678 ἡδυ-

293 3721 403 3758 νειν
456 3700 696 3781 ἐχόντων
740 3700 974 3780 ἐχούσης
1010 3717 1025 3733 °
1074 3699 1232 3781 ἄρτου
1262 3701 1362 3780 γὰρ
1393 3699 1628 3779 σκληροῦ
1676 3700 1852 3779 βραχύ
1894 3721 1945 3757 τι

294 3790 485 3869 τρύφος
546 3791 582 3859 ἡ
642 3791 872 3870 τράπεζα
914 3791 1005 3872 ἦν,
1038 3791 1111 3856 ὠς
1142 3791 1284 3848 εἶναι
1340 3790 1539 3857 ταύτην
1586 3787 1731 3846 οὐδὲν
1789 3790 1944 3856 ἧττον

292 3882 393 3948 τῆς
451 3880 700 3948 νηστείας
753 3881 1140 3959 πονικωτὲραν.
1196 3881 1467 3958 ’Ἐγραφεν
1516 3880 1553 3947 ἡ
1596 3878 1811 3957 γενναία
1860 3880 1948 3936 καὶ

290 3972 367 4032 εἰς
424 3971 597 4050 τάχος
642 3972 730 4027 καὶ
777 3971 852 4035 εἷς
881 3968 1078 4034 κάλλος
1126 3971 1216 4027 καὶ
1265 3969 1431 4034 οὕτως
1490 3969 1815 4048 ἀπταίστως²
1873 3969 1947 4031 ὡς

289 4059 431 4137 μηδὲ
514 4060 640 4135 μίαν
727 4058 865 4136 μηδέ
949 4080 1080 4118 ποτε
1157 4058 1327 4127 λαϐὴν
1414 4057 1588 4115 δοῦναι
1658 4072 1776 4124 τοῖς
1832 4059 1947 4132 περὶ

294 4158 457 4208 ταῦτα
517 4148 713 4215 δεινοῖς
751 4168 767 4184 ⁸
828 4150 917 4207 καὶ
945 4156 1013 4227 τῇ
1056 4154 1235 4231 γραφῇ
1264 4150 1325 4206 τὸ
1374 4146 1566 4205 πλεῖον
1608 4152 1708 4215 τῆς
1739 4147 1945 4227 ἡμέρας

298 4236 457 4313 ’ἑνεμε
503 4239 687 4320 μέρος,
732 4245 831 4307 τῆς
870 4241 1053 4320 χειρὸς
1104 4238 1159 4295 δὲ
1229 4237 1506 4314 καμούσης
1567 4241 1614 4295 οἱ
1684 4237 1946 4318 ὀφθαλμοὶ

300 4324 533 4385 πλεῖστα
593 4329 693 4405 μὲν
754 4336 859 4386 τῶν
918 4330 1135 4408 γραφῶν
1180 4330 1440 4405 ὲπῄεσαν,
1501 4326 1732 4385 πλεῖστα
1788 4325 1843 4383 δὲ
1874 4328 1946 4392 εἷς

298 4418 524 4495 μνήμην
577 4423 656 4493 τῷ
704 4421 791 4477 vo’t
824 4416 1191 4499 παρεδίδοσαν.
1230 4419 1328 4477 Καὶ
1374 4419 1574 4475 τούτων
1622 4416 1678 4473 δὲ
1707 4415 1810 4485 ἤδη
1843 4439 1945 4474 κα-

298 4507 513 4582 μόντων
569 4522 688 4571 τοῖς
740 4508 874 4587 πρὸς
923 4506 1186 4588 ὠφέλειαν
1228 4507 1519 4586 ὑπούργουν
1567 4507 1617 4563 αἱ
1651 4506 1829 4582 ἀκοαὶ,
1861 4506 1949 4562 καὶ

2029 3618 2395 3690 vesceretur,
2431 3628 2620 3692 eoque
2652 3610 2939 3693 castigato
2967 3620 3023 3674 et
3057 3619 3410 3692 temperato,
3462 3622 3521 3676 et
3573 3615 3680 3695 qui

2031 3698 2184 3760 nihil
2215 3699 2463 3761 omnino
2500 3700 2746 3761 haberet
2775 3718 2845 3762 ex
2896 3700 2991 3772 iis,
3027 3719 3158 3781 quae
3191 3713 3439 3781 possunt
3464 3704 3678 3767 afferre

2030 3788 2413 3869 voluptatem.
2479 3788 2656 3851 Panis
2706 3791 2867 3852 enim
2916 3790 3126 3871 durus,
3162 3790 3376 3853 breves
3405 3793 3676 3873 quaedam

2031 3888 2199 3939 erant
2257 3878 2389 3958 ejus
2449 3897 2674 3941 mensae
2731 3879 2984 3962 deliciae,
3046 3880 3195 3941 adeo
3257 3888 3418 3944 utea
3440 3881 3678 3963 jejunio

2032 3968 2177 4029 nihil
2208 3977 2365 4030 esset
2395 3970 2594 4030 minus
2627 3968 2945 4033 laboriosa.
2980 3970 3295 4032 Scribebat
3322 3980 3525 4035 autem
3562 3990 3678 4053 ge-

2029 4076 2246 4120 nerosa
2276 4058 2378 4121 illa
2425 4058 2652 4121 femina
2708 4059 2858 4124 adeo
2917 4059 3197 4121 celeriter
3231 4068 3291 4122 et
3320 4060 3569 4141 pulchre
3624 4075 3684 4126 et

2029 4146 2177 4209 citra
2203 4165 2493 4225 errorem,
2530 4156 2596 4209 ut
2628 4148 2847 4211 nullam
2899 4167 3162 4229 unquam
3212 4149 3381 4212 daret
3413 4151 3679 4232 prehen-

2031 4236 2214 4298 dendl
2261 4255 2465 4299 ansam
2527 4239 2597 4300 iis
2655 4240 2757 4320 qui
2783 4247 2922 4300 sunt
2950 4238 3131 4319 hujus
3160 4239 3247 4301 rei
3286 4240 3489 4319 periti.
3514 4240 3587 4303 Et
3614 4242 3679 4304 in

2031 4326 2351 4389 scribendo
2383 4329 2622 4409 quidem
2659 4331 2974 4390 maximam
3018 4328 3141 4390 diei
3196 4338 3423 4409 partem
3454 4347 3677 4394 consu-

2032 4416 2255 4479 mebat.
2288 4417 2531 4481 Defessa
2558 4437 2697 4481 vero
2731 4437 2934 4500 manu,
2959 4419 3116 4481 oculi
3149 4419 3391 4497 quidem
3426 4420 3681 4501 plurima

2032 4507 2254 4588 scripta
2286 4509 3008 4590 percurrebant,plurima
3037 4519 3237 4572 autem
3271 4511 3454 4573 menti
3486 4510 3681 4574 trade-

300 4596 537 4672 ὁμιλίαις
598 4596 797 4678 ἀνδρῶν
868 4596 1032 4675 ἁγίων
1113 4597 1456 4678 προσέχουσα
1522 4597 1633 4683 ἧνε
1681 4598 1814 4674 Πρὸς
1869 4595 1932 4652 ἐπ

2038 4596 2200 4673 bant,
2236 4608 2303 4658 ut
2332 4599 2641 4662 mandaret
2691 4600 3017 4664 memoriae.
3068 4599 3254 4663 Porro
3285 4618 3429 4662 vero
3458 4600 3531 4663 iis
3553 4602 3679 4683 jam

296 4688 513 4750 τούτοις
540 4687 631 4744 καὶ
660 4692 728 4763 τῇ
776 4685 916 4766 εὒχῇ
959 4686 1118 4766 μέρος
1172 4687 1267 4743 οὒκ
1321 4684 1498 4764 ὀλίγον
1541 4682 1708 4742 ἐδίδου
1738 4701 1753 4716 ⁸
1803 4684 1837 4753 ἥ
1895 4705 1953 4741 τε

299 4776 403 4854 γὰρ
460 4775 547 4842 νὺξ
575 4774 771 4857 σχεδὸν
801 4774 905 4842 ὀ¹λη
933 4777 1067 4853 πρὸς
1110 4776 1273 4843 αὐτὴν
1322 4772 1639 4841 ἀνηλίσκετο
1699 4772 1788 4831 δύο
1846 4776 1952 4850 μόο

298 4888 408 4923 νων
472 4867 638 4933 αὐτῆς
669 4867 805 4945 ὁρῶν
832 4864 910 4942 τῷ
962 4864 1111 4940 ὕπνῳ
1166 4863 1565 4941 νενεμημένων.
1622 4862 1688 4921 Ἦ
1732 4860 1788 4918 δὲ
1847 4885 1953 4920 κα-

297 4953 544 5018 τάκλισις
602 4955 798 5020 σάκκος
885 4954 952 5024 ἦν
1036 4955 1125 5013 ἐπὶ
1180 4952 1324 5031 ψιλῷ
1378 4958 1457 5028 τῷ
1514 4950 1692 5032 ἐδάφει
1763 4953 1953 5029 κείμε-

301 5065 391 5110 νος
426 5063 443 5084 ο
485 5043 639 5124 ’ἔλεγε
681 5045 782 5124 γὰρ
811 5041 922 5101 δεῖν
952 5042 1302 5125 ἐγρηγορέναι
1343 5042 1424 5099 ἀεὶ
1453 5041 1534 5120 μὴ
1593 5039 1816 5117 εἰδότας,
1878 5041 1952 5107 ὥς

301 5157 464 5215 φησιν
492 5137 529 5205 ἡ
563 5133 865 5203 Δεσποτικτῖ
893 5134 1068 5215 φωνὴ,
1100 5134 1228 5208 ποίᾳ
1284 5132 1396 5213 ὥρᾳ
1441 5134 1469 5190 ὃ
1517 5129 1756 5200 κλέπτης
1786 5131 1953 5212 ἔρχε-

299 5244 415 5290 ται,
475 5225 575 5283 Διά
633 5226 800 5282 ταότα
841 5226 931 5282 καὶ
972 5223 1169 5292 ἑαυτὴν
1201 5224 1286 5283 καὶ
1340 5223 1435 5286 τὰς
1483 5221 1576 5278 σὺν
1633 5222 1767 5300 αύτῇ
1810 5244 1954 5302 παρ-

298 5316 479 5381 θὶνοος
557 5313 696 5373 οὔτω
776 5314 1168 5393 παρεσκευάζεν
1242 5312 1624 5393 ἀπομάχεσθαι
1681 5313 1771 5369 καὶ
1850 5312 1955 5370 ὃπ-

2037 4686 2309 4765 defessis,
2346 4706 2524 4751 aures
2554 4689 2628 4750 iis
2686 4688 3047 4766 serviebant,
3104 4708 3237 4768 quae
3282 4691 3685 4775 pertinentad

2034 4775 2377 4859 utilitatem,
2411 4789 2471 4841 et
2504 4779 2770 4841 animum
2803 4787 3146 4841 sanctorum
3200 4784 3461 4842 virorum
3506 4779 3682 4843 adhi-

2035 4863 2215 4927 bebat
2244 4867 2879 4933 sermonibus.Praeter
2901 4869 3029 4930 haec
3059 4876 3259 4932 autem
3295 4888 3412 4932 non
3445 4888 3682 4952 parvam

2034 4973 2275 5036 quoque
2308 4965 2540 5038 partem
2568 4958 2867 5021 tribuebat
2898 4958 3178 5021 orationi.
3210 4957 3356 5021 Nam
3390 4968 3512 5024 tota
3542 4962 3683 5042 qui-

2034 5042 2173 5108 dem
2207 5064 2321 5109 nox
2350 5045 2477 5108 fere
2506 5046 2569 5108 in
2601 5064 2672 5110 ea
2696 5048 3184 5129 consumebatur,
3220 5045 3455 5111 duabus
3486 5052 3683 5112 solum

2037 5134 2205 5198 horis
2235 5154 2448 5198 somno
2506 5136 2581 5199 ab
2633 5154 2704 5200 ea
2747 5135 3069 5199 attributis.
3131 5137 3460 5202 Accubitus
3490 5146 3692 5203 autem

2037 5232 2415 5304 erat,saccus
2438 5229 2623 5307 super
2655 5225 2887 5289 nudum
2922 5226 3119 5290 solum
3154 5227 3408 5309 positus.
3447 5227 3696 5297 Dicebat

2041 5313 2202 5376 enim
2239 5313 2533 5397 :Oportet
2563 5333 2806 5399 semper
2856 5317 3121 5398 vigilare,
3157 5337 3291 5380 cum
3324 5318 3689 5397 nesciamus,

304 5404 456 5486 ἐχειν
501 5406 718 5469 εὐθύνας
773 5404 932 5483 αύτῇ.
995 5404 1095 5464 Καὶ
1156 5402 1313 5483 λόγος
1372 5402 1533 5483 ἀργὸς
1582 5404 1668 5458 καὶ
1718 5402 1842 5472 ἦθος
1900 5424 1934 5460 οι

2041 5411 2106 5467 ut
2137 5422 2242 5467 vox
2274 5413 2364 5470 est
2392 5405 2707 5469 Dominica
2734 5408 2787 5485 4,
2824 5425 2941 5489 qua
2989 5407 3135 5471 hora
3166 5407 3258 5471 fur
3285 5409 3501 5473 veniat.
3535 5408 3683 5471 Pro-

302 5492 537 5575 βεϐηκὸς
597 5495 685 5554 καὶ
765 5491 937 5575 γέλως
1020 5492 1253 5575 ἀκρατὴς
1323 5493 1413 5551 καὶ
1486 5489 1747 5574 λογισμὸς
1819 5491 1934 5550 ὃλωη

2044 5502 2251 5580 pterea
2306 5502 2366 5559 et
2390 5512 2480 5577 se,
2513 5504 2573 5561 et
2625 5514 2757 5584 qua;
2808 5514 3016 5563 secum
3073 5506 3244 5564 erant
3289 5498 3571 5582 virgines,
3606 5498 3693 5562 sic

390 5682 424 5742 4
448 5680 601 5750 Luc.
628 5700 737 5766 ιη,
767 5682 868 5750 39.
899 5681 1002 5758 40.
