4066 6418
418 293 528 359 771
1730 291 2014 360 MENSIS
2056 291 2484 362 DECEMBER.
3678 288 3800 360 772

419 428 672 492 faciebat
701 428 984 491 adversus
1005 445 1279 492 somnum
1309 428 1833 494 contendere.Sibi
1863 437 2059 492 autem

2149 433 2327 495 σκαιὸς
2384 430 2690 510 ἐκολάζετο,
2751 431 2838 488 καὶ
2897 432 2958 488 τὸ
3018 431 3268 510 παράπαν
3330 433 3424 491 οὒκ
3489 431 3579 488 εἴα
3642 430 3796 511 νέφος

420 518 581 599 leges
615 518 977 600 imponebat,
1015 527 1075 581 et
1129 538 1162 580 a
1221 538 1286 580 se
1319 519 1609 583 rationem
1645 518 1918 596 exigebat
1953 539 1966 582 :
2002 527 2061 580 et

2149 543 2194 578 τι
2225 523 2458 601 πονηρὸν
2494 523 2582 578 τὸν
2625 522 2723 589 τῆς
2755 525 2940 602 ψυχῆς
2973 519 3298 600 ὑποδραμεῖν
3333 521 3530 600 αἰθέρα,

421 609 611 671 otiosa
667 609 880 688 oratio,
916 617 970 669 et
1020 627 1215 670 mores
1247 627 1364 670 non
1417 609 1558 670 satis
1593 627 1820 688 graves,
1857 617 1915 670 et
1957 610 2113 670 risus
2139 610 2315 672 nimis
2365 609 2661 690 profusus,
2696 619 2754 671 et
2798 609 3038 670 sinistra
3094 608 3372 690 cogitatio
3401 609 3646 671 omnino
3695 627 3802 670 ca—

419 699 743 777 stigabatur
777 717 791 760 :
826 706 879 759 et
913 717 1029 758 non
1065 698 1296 759 sinebat
1325 699 1570 760 omnino
1607 699 1816 760 malam
1851 697 2108 779 aliquam
2143 698 2359 761 nubem
2395 700 2674 761 aatherem
2706 699 2920 761 anima:
2948 698 3426 762 subtercurrere.

497 785 702 850 XVIII.
737 789 934 862 Atque
966 787 1068 849 illa
1085 787 1326 868 quidem
1364 797 1478 848 tam
1512 795 1684 850 caute
1714 796 1774 849 et
1807 799 1923 850 tam
1960 789 2064 849 du-

420 877 569 938 riter
598 876 774 937 vitam
829 875 1061 954 agebat,
1091 883 1176 938 'et
1229 876 1362 938 aliis
1411 885 1535 939 erat
1579 879 1807 957 regula,
1841 885 1903 939 ut
1933 897 2063 940 eam

415 965 596 1026 vitam
629 964 1106 1044 ingrederentur.
1144 964 1402 1028 Perinde
1461 974 1692 1047 autem,
1720 986 1789 1029 ac
1820 967 1868 1027 si
1902 967 1958 1028 ei
1991 965 2064 1029 ad

411 1055 705 1135 jejunium
742 1073 856 1115 non
889 1054 1188 1117 sufﬁceret
1231 1058 1488 1135 spatium
1539 1066 1768 1137 septem
1803 1058 2062 1138 dierum,

414 1142 739 1224 adjiciebat
795 1144 970 1206 etiam
1031 1147 1438 1222 Dominicnm,
1499 1157 1564 1208 ut
1589 1147 1899 1226 jejunaret
1930 1157 2064 1209 octo

415 1233 545 1295 dies
573 1233 687 1295 sibi
719 1233 834 1295 vim
893 1235 1174 1308 atl'erens,
1233 1236 1464 1298 etiamsi
1511 1257 1543 1296 ει
1581 1237 1860 1316 prznfecta
1891 1237 2067 1299 vetita

421 1323 497 1384 sit
527 1323 635 1384 huc
659 1323 855 1385 facere
890 1345 902 1386 :
934 1343 1067 1405 qum
1096 1324 1332 1386 dicebat
1359 1345 1492 1389 esse
1515 1326 1870 1402 absurdum,
1907 1327 2065 1390 diem

422 1412 908 1476 Resurrectionis
939 1413 1214 1475 similiter
1245 1423 1419 1496 atque
1471 1416 1620 1476 alios
1670 1417 1911 1478 attribui
1973 1418 2064 1478 af-

425 1502 700 1564 flictioni.
734 1500 904 1565 Unde
938 1503 1110 1564 etiam
1164 1504 1373 1566 dicens
1427 1509 1723 1586 persuasit
1758 1516 1814 1568 et
1845 1506 2064 1582 effecit,

2231 789 2340 850 ιη’.
2377 789 2507 846 Ἀλλ
2537 793 2572 858 ἡ
2603 791 2702 864 μὲν
2747 790 2886 848 οὕτω
2928 789 3349 871 πεφυλαγμένως
3385 811 3440 847 τε
3469 791 3560 846 καὶ
3623 798 3802 855 σκλη-

2149 886 2253 959 ρῶς
2287 881 2420 949 αὖτή
2465 901 2522 936 τε
2553 878 2690 937 ἐϐίου
2721 881 2808 936 καὶ
2860 893 2982 945 ταῖς
3037 877 3225 944 ἄλλαις
3285 881 3387 947 τὴν
3440 877 3570 947 ἴσην
3601 877 3804 935 ὁδεύειν

2563 969 2741 1048 ὥσπερ
2799 967 2852 1025 δὲ
2923 970 2999 1044 μὴ
3073 970 3420 1050 ἀποχρῶντος
3495 973 3630 1045 αὖτῇ
3671 970 3804 1047 πρὸς

2149 1062 2396 1126 νηστείαν
2450 1066 2542 1116 τοῦ
2597 1060 2701 1116 τῶν
2781 1060 2915 1116 ἑπτὰ
2978 1060 3193 1139 ἡμερῶν
3267 1057 3628 1134 διαστήματος
3714 1059 3804 1114 καί

2149 1150 2248 1216 τὴν
2308 1151 2566 1228 Κυριακην
2625 1149 2966 1230 προσετίθει,
3019 1151 3162 1206 ὀκτώ
3220 1150 3313 1212 τὰς
3389 1151 3564 1214 πάσας
3619 1147 3801 1205 ἕλκειν

2147 1240 2350 1316 ἡμέρας
2409 1239 2701 1316 βιαζομένῃ
2740 1287 2756 1318 ,
2816 1243 2860 1295 εἱ
2917 1240 3004 1296 καὶ
3058 1241 3157 1296 ὑπὸ
3217 1260 3316 1305 της
3389 1237 3800 1316 καθηγουμένης

2147 1336 2302 1386 τοῦτο
2349 1332 2597 1406 πράττειν
2655 1328 2972 1408 κεκώλοται,
3036 1328 3234 1386 ἄτοπον
3290 1329 3431 1386 εἶναι
3497 1329 3582 1384 καὶ
3629 1327 3796 1394 αὑτὴν

2152 1419 2249 1485 τὴν
2305 1419 2663 1495 ἀναστάσιμον
2723 1416 2986 1497 λεγούσης
3032 1417 3240 1497 ἡμέραν
3271 1419 3468 1493 ὁμοίως
3511 1430 3632 1480 ταῖς
3692 1415 3794 1473 ἅλ-

2151 1507 2270 1572 λαις
2330 1507 2759 1587 ἀποκληροῦσθαι
2818 1521 2949 1587 πρὸς
3026 1506 3402 1566 κακοπάθειαν.
3480 1506 3654 1565 ’Ὅθεν
3711 1508 3800 1563 καὶ

2149 971 2324 1027 κανὼν
2384 971 2449 1038 ἦν
2484 989 2498 1004 ⁸

425 1601 489 1654 ιιι
519 1598 675 1652 esset
704 1591 820 1654 sibi
851 1594 1146 1673 particeps
1169 1604 1226 1656 et
1261 1595 1478 1656 modici
1513 1596 1651 1668 olei,
1679 1596 1904 1658 docens
1935 1615 2061 1659 esse

2151 1597 2381 1675 λέγουσα
2438 1597 2610 1655 ἔπειθε
2648 1645 2664 1670 ,
2723 1599 2810 1654 καὶ
2871 1603 3067 1677 τροφῆς
3141 1594 3573 1673 μεταλαμϐάνειν
3631 1596 3802 1653 ἐποίει

423 1689 785 1763 praeceptum
811 1683 1200 1762 apostolicum
1232 1685 1586 1765 5,pracfectis
1612 1686 1859 1750 obedire
1889 1699 1947 1750 et
1981 1688 2061 1750 eis

2151 1689 2237 1744 καὶ
2261 1688 2598 1768 βραχυτάτου
2629 1687 2824 1762 ἐλαίου),
2879 1687 3236 1745 ἀποστολικὸν
3295 1687 3438 1743 εἶναι
3482 1684 3803 1745 διδάσκουσα

422 1772 663 1833 cedere.
699 1770 839 1850 Ejus
868 1782 1061 1835 autem
1095 1773 1155 1834 in
1189 1774 1494 1838 laboribus
1527 1777 1922 1856 diligentiam,
1949 1787 2006 1839 et
2034 1797 2061 1840 a

2149 1779 2211 1834 τὸ
2263 1778 2618 1855 ¹παράγγελμα
2673 1778 2732 1832 τὸ
2785 1777 3049 1833 πείθεσθαι
3123 1789 3237 1838 τοῖς
3319 1775 3634 1854 ἡγουμένοις
3703 1777 3802 1832 καί

418 1867 542 1924 suis
560 1860 1144 1924 laboribuslectionis
1157 1866 1572 1928 vehementem
1594 1851 2061 1944 contentionem,

2151 1851 2380 1924 ὑπείκειν
2423 1851 2635 1931 ὰῦτάτς,
2683 1869 2752 1924 Τὸ
2783 1865 2837 1922 δὲ
2889 1867 3136 1947 φιλεργὸν
3182 1868 3238 1922 ἐν
3287 1851 3495 1941 πόνοις,
3533 1868 3594 1922 τὸ
3642 1865 3696 1922 δὲ
3747 1865 3801 1932 ἐξ

422 1961 481 2013 et
513 1969 717 2013 eorum
752 1970 887 2032 qua:
916 1951 1069 2014 lecta
1099 1954 1362 2028 fuerant,
1399 1974 1595 2018 acrem
1633 1957 2061 2037 perscrutatio-

2152 1958 2357 2014 οἰκείων
2413 1959 2590 2014 πόνων
2646 1955 2961 2038 φιλόδωρον,
3023 1959 3086 2013 τὸ
3162 1954 3214 2012 δὲ
3283 1956 3380 2024 τῆς
3447 1955 3800 2034 ἀναγνώσεως

415 2059 575 2117 nem,
615 2047 673 2101 et
703 2040 888 2104 multa
921 2041 1036 2104 alia
1067 2042 1341 2124 quisnam
1377 2046 1516 2107 satis
1575 2045 1767 2108 verbis
1807 2048 2066 2127 potuerit

413 2132 751 2211 exprimere
772 2137 800 2194 ?
829 2129 974 2193 Nam
1011 2133 1288 2196 manibus
1309 2135 1651 2215 quidem,ut
1683 2134 1909 2197 dictum
1945 2145 2057 2216 est,

414 2219 486 2281 ad
519 2220 929 2295 scribendum,
968 2223 1126 2302 quod
1187 2241 1257 2284 ex
1320 2226 1617 2305 scriptura
1647 2235 1838 2286 autem
1874 2225 2056 2288 lucri-

414 2307 689 2392 faciebat,
725 2328 795 2373 eo
827 2309 1104 2373 utebatur
1149 2313 1222 2375 ad
1267 2315 1518 2378 alendos
1552 2332 1871 2396 pauperes.
1907 2315 2062 2387 Quin

418 2400 597 2461 etiam
657 2418 813 2480 saepe
871 2420 1106 2482 quoque
1155 2402 1602 2478 indumentum,
1634 2407 1754 2468 suis
1789 2405 2064 2468 manibus

413 2489 780 2565 confectum,
834 2491 1097 2572 ponebat
1151 2499 1209 2554 in
1270 2494 1545 2556 manibus
1608 2514 1957 2576 pauperum,
1992 2514 2062 2557 ex

415 2588 678 2657 sacro,ut
707 2581 893 2661 aiunt,
929 2581 1374 2662 quodammodo
1409 2584 1467 2645 in
1501 2602 1691 2646 sacro.
1743 2583 2060 2647 Sacrorum

415 2679 610 2732 autem
644 2670 1015 2750 eloquiorum
1079 2681 1204 2733 erat
1257 2673 1407 2734 adeo
1453 2673 1746 2755 studiosa,
1779 2687 1844 2736 ut
1879 2679 2061 2738 totam

417 2759 658 2840 quidem
693 2761 950 2822 divinam
987 2760 1378 2843 Scripturam.
1414 2761 1693 2827 Veterem
1729 2772 1786 2826 et
1816 2762 2059 2839 Novam,

416 2859 507 2913 ter
535 2849 787 2928 singulis
837 2852 1010 2911 annis
1066 2852 1425 2934 perlegeret,
1481 2855 1608 2932 ejus
1663 2872 1801 2916 vero
1836 2872 1908 2917 ea
1934 2873 2065 2935 quze

417 2949 552 3002 sunt
584 2940 1011 3021 pulcherrima,
1045 2959 1284 3022 semper
1338 2941 1584 3006 haberet
1643 2945 1703 3005 in
1736 2942 1961 3021 lingua.
1994 2942 2062 3005 In

417 3029 694 3094 omnibus
717 3038 912 3092 autem
947 3030 1341 3111 exquirendis
1370 3041 1429 3094 et
1474 3035 1888 3096 examinandis
1937 3043 2064 3096 erat

418 3121 592 3201 plane
612 3119 1337 3202 admirabilis.Nunquam
1373 3123 1531 3184 enim
1559 3141 1772 3185 sensus
1801 3133 1900 3185 aut
1927 3141 2056 3185 ver-

415 3209 556 3272 bum
589 3227 718 3271 eam
782 3211 1295 3290 praetercurrebat,
1356 3212 1462 3274 sed
1514 3213 1712 3275 omnia
1743 3212 2062 3292 diligenter

418 3298 921 3380 perscrutabatur,
950 3301 1192 3379 etquod
1229 3300 1472 3374 latebat,
1508 3301 1784 3365 eruebat.
1822 3301 2061 3383 Insigne

417 3407 555 3450 vero
586 3389 716 3468 ejus
765 3388 1032 3450 discendi
1095 3388 1383 3465 studium,
1420 3409 1546 3453 eam
1581 3411 1817 3473 quoque
1849 3392 1924 3454 ad
1957 3411 2058 3454 re-

415 3483 772 3551 centiorum,
833 3477 1149 3555 bonorum,
1204 3479 1474 3561 inquam,
1539 3490 1597 3542 et
1655 3481 2058 3544 studiosorum

414 3567 636 3646 scripta
703 3567 1126 3640 tansmittebat,
1162 3577 1220 3631 et
1277 3571 1422 3631 nihil
1454 3579 1581 3632 erat
1612 3572 1859 3633 omnino
1884 3591 1953 3634 ex
1990 3572 2060 3634 iis

417 3675 549 3738 quas
565 3657 634 3719 ad
663 3657 974 3719 utilitatem
999 3658 1220 3740 scripta
1241 3659 1476 3721 fuerant
1495 3669 1597 3722 aut
1623 3659 2058 3744 scribebantur,

415 3747 571 3827 quod
608 3766 724 3808 non
758 3747 1090 3828 possideret
1121 3758 1178 3810 et
1227 3749 1358 3811 aliis
1408 3751 1898 3815 communicaret.
1931 3750 2058 3814 Jam

413 3855 554 3899 vero
586 3837 644 3898 in
673 3836 875 3914 lingua
903 3857 1142 3918 quoque
1172 3837 1375 3902 Graeca
1432 3840 1510 3902 ita
1561 3850 1685 3902 erat
1713 3842 2058 3923 exercitata,

414 3934 478 3988 ut
508 3926 742 4008 quando
775 3945 845 3989 ea
875 3927 1242 4010 loqueretur,
1277 3929 1475 3990 nullus
1507 3948 1574 3991 ex
1610 3930 1681 3992 iis
1707 3931 1807 4012 qui
1841 3931 2059 3994 audie-

415 4014 578 4092 bant,
616 4018 890 4081 crederet
937 4017 1199 4080 Italicam
1231 4020 1489 4098 linguam
1526 4020 1579 4082 ei
1613 4039 1746 4083 esse
1781 4022 2057 4102 patriam.

412 4106 561 4185 Ejus
592 4119 790 4168 autem
824 4106 1055 4186 vigebat
1083 4109 1142 4169 in
1196 4109 1473 4171 omnibus
1516 4110 1766 4172 honesta
1792 4113 2060 4193 quaedam

415 4204 472 4258 et
501 4205 664 4273 grata
691 4195 903 4258 lenitas
937 4207 996 4260 et
1029 4200 1442 4280 mansuetudo,
1478 4201 1732 4263 maxime
1765 4220 1835 4263 ea
1865 4201 2060 4263 disse-

411 4293 583 4347 rente
600 4294 656 4348 et
688 4285 952 4349 habente
979 4289 1308 4349 orationem
1336 4288 1406 4350 ad
1441 4307 1543 4350 eos
1569 4290 1671 4370 qui
1703 4289 2064 4353 exercebant

410 4374 875 4457 philosophiam.
913 4375 1054 4456 Ejus
1085 4397 1222 4439 vero
1274 4379 1332 4439 in
1368 4377 1668 4441 Christum
1717 4379 1908 4441 zelum
1946 4400 2060 4441 nu-

2081 3273 2122 3328 G

2151 2046 2420 2120 σύντονον,
2474 2049 2569 2114 τὴν
2619 2047 2672 2103 δὲ
2731 2054 2834 2104 τῶν
2887 2047 3305 2126 ἀνεγνωσμένων
3363 2047 3594 2125 ἔρευναν,
3629 2048 3694 2103 τὰ
3743 2045 3801 2104 δὲ

2148 2135 2306 2210 ἄλλα,
2341 2138 2416 2202 τίς
2447 2139 2508 2192 ἃν
2538 2139 2626 2195 καὶ
2673 2137 2839 2215 λέγειν
2867 2139 3049 2202 ἱκανὸς
3099 2136 3198 2215 ἄρα
3232 2156 3248 2213 ;
3297 2147 3430 2202 ταῖς
3490 2137 3587 2212 μὲν
3642 2138 3801 2218 χερσὶ

2147 2226 2277 2305 πρὸς
2338 2229 2436 2294 τὴν
2494 2233 2726 2308 γραφὴν,
2771 2227 2950 2303 ὥσπερ
2981 2227 3220 2307 εἴρηται,
3370 2224 3420 2282 δ’
3444 2228 3507 2282 ἐκ
3537 2231 3637 2294 τῆς
3667 2249 3799 2306 γρα.

2147 2320 2248 2396 φῆς
2310 2313 2476 2394 κέρδει
2538 2319 2667 2394 πρὸς
2710 2317 2911 2396 τροφὴν
2961 2317 3066 2372 τῶν
3111 2314 3373 2392 δεομένων
3420 2315 3644 2394 ἐχρῆτο.
3696 2315 3800 2373 Καί

2145 2404 2248 2461 πού
2304 2425 2356 2460 τι
2404 2406 2491 2461 καὶ
2551 2404 2808 2470 πολλάκις
2869 2403 3095 2482 ἔνδυσμα
3161 2418 3285 2472 ταῖς
3345 2405 3557 2472 ἐκείνης
3611 2407 3797 2484 χερσὶν

2147 2492 2398 2572 ἐργασθέν
2441 2496 2513 2558 εὶς
2559 2495 2724 2571 ἁγίων
2796 2495 2993 2553 ἐτίθετο
3045 2512 3266 2576 χεῖρας,
3315 2495 3366 2561 ἐξ
3436 2495 3577 2575 ἱεροῦ
3635 2517 3794 2574 φασιν

2147 2585 2327 2662 ὥσπερ
2359 2585 2431 2649 εἷς
2477 2586 2637 2663 ἱερόν,
2685 2582 2985 2651 Φιλόπονος
3043 2583 3099 2641 δὲ
3133 2589 3263 2664 πρὸς
3293 2586 3358 2643 τὰ
3387 2585 3500 2663 ἱερὰ
3532 2583 3797 2643 ἐδείκνυτο

2147 2672 2326 2754 λόγια,
2383 2673 2454 2736 ὠς
2501 2681 2675 2732 πᾶσαν
2715 2673 2811 2749 μὲν
2855 2675 2950 2743 τὴν
2993 2675 3133 2731 θείαν
3166 2676 3376 2754 Γραφὴν
3419 2675 3516 2744 τήν
3561 2696 3618 2731 τε
3679 2681 3798 2733 Πα-

2148 2761 2304 2820 λαιὰν
2347 2765 2434 2820 καὶ
2483 2766 2681 2832 Καινὴν
2712 2766 2820 2841 τρὶς
2864 2763 2982 2821 καθ’
3043 2763 3268 2822 ἕκαστον
3299 2763 3502 2821 ἐπιέναι
3549 2766 3608 2820 τὸ
3652 2763 3796 2846 ἔτος,

2147 2854 2345 2920 ταύτης
2406 2852 2459 2909 δὲ
2501 2854 2567 2910 τὰ
2611 2852 2869 2910 κάλλιστα
2901 2855 2988 2910 καὶ
3036 2853 3120 2910 διὰ
3180 2853 3426 2933 γλώττης
3481 2854 3558 2911 ἀεὶ
3593 2855 3793 2934 φέρειν.

2146 2945 2217 3000 Τὸ
2272 2941 2325 2999 δὲ
2386 2941 2470 3000 διὰ
2528 2944 2739 3000 πάντων
2795 2942 3132 3010 ἐξεταστικὸν
3181 2945 3472 3021 θαυμάσιον
3515 2946 3659 3002 οἷονο
3707 2945 3799 3003 οἷ’)-

2145 3054 2274 3090 ποτε
2335 3033 2432 3111 γὰρ
2488 3033 2650 3100 αὐτὴν
2711 3033 2889 3107 νόημα
2933 3033 2969 3102 ἢ
3027 3034 3171 3111 ῥῆμα
3231 3032 3590 3115 παρέδραμεν,
3658 3034 3795 3091 ἀλλὰ

2143 3121 2238 3178 καί
2299 3123 2472 3180 πάντα
2515 3124 2603 3179 καὶ
2647 3121 2763 3178 λίαν
2807 3122 3074 3198 ἐπιμελῶς
3107 3124 3374 3204 ἆνίχνευε,
3433 3125 3526 3180 καί
3558 3127 3614 3181 τὸ
3659 3146 3789 3200 κρυ-

2145 3213 2408 3288 πτόμενον
2467 3215 2611 3292 ᾕρει.
2663 3211 2727 3268 Ἠ
2759 3211 2812 3268 δὲ
2846 3212 3111 3291 ὅπερόολὴ
3166 3216 3262 3281 τῆς
3307 3213 3647 3295 φιλομαθείας
3699 3215 3789 3269 καὶ

2147 3301 2232 3358 ἐπὶ
2291 3304 2348 3358 τὸ
2391 3305 2495 3358 τῶν
2552 3302 2686 3358 νέων
2730 3303 2892 3369 αὐτὴν
2963 3305 3262 3381 σύνταγμα,
3327 3310 3430 3360 τῶν
3490 3300 3790 3360 σπουδαίων

2146 3394 2307 3472 φημὶ,
2367 3391 2704 3472 παρέπεμπε,
2766 3395 2853 3448 καὶ
2910 3391 3058 3450 οὒδὲν
3110 3392 3247 3457 ὅλως
3306 3395 3413 3452 τῶν
3446 3392 3792 3470 ἐπ’ώφελείᾳ

2145 3485 2450 3561 γραφέντων
2505 3482 2540 3550 ἢ
2585 3482 3039 3564 γραφομένωνμῆν
3098 3485 3124 3539 ὃ
3156 3483 3234 3558 μὴ
3265 3483 3477 3564 ἐκτᾶτο,
3531 3486 3619 3541 καὶ
3667 3506 3787 3541 κοι-

2147 3558 2233 3629 νὸν
2262 3558 2408 3639 *τοῖς
2465 3558 2645 3638 ἄλλοις
2701 3558 2891 3635 ἐποίει,
2937 3558 3178 3640 Ἢσκητο
3227 3572 3280 3628 δὲ
3313 3576 3402 3630 καὶ
3429 3558 3528 3641 τίην
3563 3567 3792 3635 Ἐλλάδα

2146 3662 2387 3740 γλῶτταν
2443 3661 2579 3720 οὕτω
2635 3662 2813 3726 καλῶς
2873 3665 2972 3741 ὡς,
3017 3663 3173 3731 ἡνίκα
3217 3662 3281 3731 δὴ
3324 3666 3412 3720 καὶ
3455 3663 3572 3721 κατ’
3627 3666 3792 3733 αὖτην

2148 3749 2465 3830 διαλέγοιτο,
2530 3751 2734 3829 μηδένα
2788 3761 2893 3810 τῶν
2951 3752 3250 3813 ἀκουόντων
3309 3755 3576 3811 πιστεύειν
3607 3753 3792 3834 ὅτιπερ

2147 3840 2328 3908 ἰταλὴ
2362 3843 2494 3918 αὖτῇ
2551 3843 2701 3923 φωνὴ
2750 3844 2996 3915 πάτριος.
3031 3842 3097 3899 Ἢ
3143 3841 3197 3899 δέ
3255 3864 3316 3922 γε
3348 3843 3584 3922 πραότης
3617 3842 3792 3922 ἡρέμα

2147 3930 2234 3988 ἐπὶ
2287 3937 2446 3989 πᾶσιν
2480 3929 2620 3998 ἤνθει
2667 3931 2830 3988 καλὸν
2889 3931 3074 4012 καλὸν,
3122 3933 3364 4012 ἐπίχαρι,
3410 3932 3504 3989 καί
3559 3933 3794 4009 μάλιστα

2146 4018 2532 4100 διαλεγομένης
2591 4026 2780 4096 αὖτῆς,
2838 4023 2926 4079 καὶ
2984 4022 3146 4079 πλέον
3179 4021 3254 4079 ἔτι
3287 4024 3418 4102 πρὸς
3450 4024 3572 4088 τοὺς
3632 4021 3792 4102 φιλο-

2145 4112 2330 4190 σοφίαν
2381 4113 2672 4174 ἀσκοῦντας
2731 4111 2981 4178 κινούσης
3053 4115 3142 4168 τὸν
3220 4112 3402 4190 λόγον.
3466 4116 3565 4170 Τὸν
3623 4109 3679 4169 δέ
3731 4133 3792 4190 γε

2145 4200 2276 4278 πρὸς
2335 4201 2556 4278 Χριστὸν
2614 4203 2776 4268 αὖτῆς
2835 4201 2993 4272 ζῆλον
3066 4201 3293 4280 ἅῤῥητός
3370 4224 3451 4267 τις
3506 4205 3596 4260 καὶ
3651 4203 3791 4258 ἀκά-

2144 4293 2324 4353 θεκτος
2383 4288 2597 4368 ἔτρεφεν
2653 4289 2806 4368 ἔρως.
2868 4290 3042 4349 Ταῦτέί
3096 4315 3178 4349 τοι
3210 4294 3433 4349 καὶτῶν
3493 4290 3789 4364 μανιώδους

2143 4379 2287 4441 τινος
2346 4379 2595 4456 αἱρέσεως
2656 4377 2936 4459 ἐχομένων
2979 4380 3038 4436 οὗ
3093 4381 3254 4456 μόνον
3309 4381 3670 4460 ἀποτρόπαιον
3729 4384 3791 4439 τὸ

411 4464 630 4528 triebat
662 4483 833 4558 amor
865 4467 1106 4558 quidam
1141 4467 1485 4558 ineffabilia,
1515 4475 1572 4529 et
1603 4469 1702 4549 qui
1736 4488 1854 4558 non
1890 4479 2061 4549 pote-

2149 4467 2394 4548 φρόνημα
2437 4468 2700 4549 ἐποιεῖτο,
2734 4468 2853 4526 ἀλλ’
2905 4470 3024 4526 οὐδὲ
3069 4471 3262 4535 ἀκοαῖς
3317 4472 3539 4550 γλώσσῃ
3591 4470 3788 4528 διδόναι

410 4562 501 4616 rat
531 4553 848 4617 contineri.
883 4554 1004 4618 Hac
1036 4558 1236 4638 itaque
1289 4557 1518 4620 ratione
1551 4578 1667 4621 non
1701 4556 1892 4619 solum
1929 4559 2060 4619 eili-

2149 4564 2203 4613 τὸ
2234 4555 2447 4614 ἐκείνων
2479 4557 2644 4633 ὄνομα
2677 4557 2814 4624 ὅλως
2867 4560 3140 4640 ἠνείχετο,
3188 4563 3260 4626 ὡς
3292 4563 3420 4620 αὐτὸ
3481 4563 3634 4618 τοῦτο
3691 4560 3788 4618 λέ-

411 4642 628 4719 ciebat,
664 4652 726 4705 ut
785 4664 954 4706 mnus
1015 4664 1118 4710 eos
1169 4660 1574 4722 aversaretur,
1629 4647 1730 4728 qui
1779 4647 2058 4710 furiosam

2149 4669 2256 4726 γειν
2299 4648 2360 4703 τὸ
2392 4655 2483 4705 τοῦ
2511 4649 2648 4708 θείου
2667 4647 2849 4728 ,Δαυῖδ
2881 4652 2966 4707 καὶ
2999 4649 3142 4726 μάλα
3173 4652 3401 4724 οἰκείως,
3434 4653 3516 4728 τὸ,
3557 4673 3584 4708 α
3610 4653 3683 4710 Οὐ
3708 4652 3788 4728 μὴ

411 4733 668 4813 aliquam
703 4745 1032 4816 sequuntur
1066 4736 1367 4812 haeresim,
1395 4737 1499 4798 sed
1536 4755 1650 4798 nec
1682 4737 2061 4817 permittebat

2149 4740 2366 4814 μνησθῶ
2408 4738 2513 4795 τῶν
2545 4739 2824 4814 ὀνομάτων
2857 4742 3026 4797 αὖτῶν
3055 4738 3139 4796 διὰ
3169 4739 3397 4820 χειλέων
3430 4762 3556 4816 μου.
3591 4761 3620 4802 ι

416 4830 479 4884 ut
509 4841 712 4886 eorum
750 4844 968 4888 nomen
993 4834 1092 4888 aut
1121 4827 1365 4889 auribus
1397 4826 1728 4908 audiretur,
1761 4837 1859 4889 aut
1890 4828 2086 4908 lingua
2144 4827 2510 4909 proferretur
2545 4848 2558 4890 :
2591 4826 2760 4907 adeo,
2799 4837 2861 4890 ut
2891 4829 3056 4891 valde
3099 4829 3365 4911 apposite
3395 4830 3622 4893 diceret
3651 4831 3800 4895 illud

413 4913 596 4975 divini
622 4912 859 4977 Davidis
895 4936 906 4977 :
952 4941 977 4972 α
1012 4915 1139 4978 Non
1176 4915 1505 4978 meminero
1539 4918 1849 4979 nominum
1887 4938 2094 4982 eorum
2132 4937 2240 5001 per
2267 4918 2426 4982 labia
2462 4937 2593 4981 mea
2621 4918 2673 4978 ϐ.
2710 4944 2737 4977 ι

489 5003 651 5067 XIX.
690 5007 835 5067 Cum
871 5014 1095 5082 autem,
1129 5006 1296 5086 juxta
1328 5006 1577 5069 Paulum
1605 5007 1922 5088 7,ferveret
1947 5008 2061 5090 spi-

2232 5009 2314 5066 ιδ’
2388 5010 2444 5065 Ζ’
2642 5009 2692 5066 "é
2774 5041 2780 5048 ι
2847 5011 2859 5027 “
3017 5017 3037 5026 “
3216 5012 3243 5023 “’
3423 5012 3433 5030 '
3743 5014 3757 5034 ‘

2323 5054 2336 5071 .
2429 5031 2584 5067 εουσα
2637 5032 2664 5065 ο
2736 5032 2874 5068 κατα
2932 5009 3140 5067 Παυλον
3173 5033 3250 5086 τῳ
3308 5033 3570 5087 πνευματι
3629 5010 3800 5070 δεινον

412 5091 553 5170 ritu,
589 5113 763 5174 grave
813 5095 1094 5176 ducebat,
1150 5096 1200 5156 si
1259 5114 1382 5158 non
1439 5096 1568 5175 ipsa
1602 5096 1819 5159 multos
1848 5098 2061 5161 Christi

2153 5100 2418 5175 ἐποιεῖτο,
2472 5103 2516 5156 εἰ
2574 5101 2652 5176 μὴ
2699 5103 2786 5157 καὶ
2831 5099 3063 5166 πολλοὺς
3121 5103 3207 5157 καὶ
3264 5105 3398 5178 αὐτῇ
3446 5104 3515 5180 τῇ
3575 5107 3806 5182 Χριστοῦ

415 5187 566 5264 parti
596 5186 1011 5266 adjecisset,et
1041 5186 1270 5249 similes
1303 5186 1551 5250 haberet
1577 5196 1876 5250 amatores
1911 5197 2061 5251 teni-

2152 5187 2319 5268 μερίδι
2378 5191 2654 5270 προσθείη,
2701 5192 2808 5264 καὶ,
2843 5190 3064 5268 ἐραστὰς
3125 5192 3338 5266 ὁμοίους
3399 5190 3498 5257 ἔξει
3543 5197 3641 5260 τῆς
3686 5215 3802 5250 σω-

412 5274 697 5355 perantia:
732 5294 745 5339 :
783 5287 844 5337 et
868 5275 1081 5356 partim
1110 5275 1355 5353 quidem
1381 5275 1598 5357 verbis,
1625 5277 1833 5358 partim
1867 5287 2061 5340 autem

2150 5282 2411 5360 φροσόνης
2452 5296 2464 5310 ⁸
2529 5283 2615 5337 καὶ
2667 5279 2823 5336 τοῦτο
2883 5280 2980 5356 μέν
3025 5279 3230 5360 λόγοις,
3294 5280 3451 5338 τοῦτο
3505 5277 3559 5337 δέ
3613 5281 3802 5361 δώροις

413 5365 588 5427 donis
621 5365 839 5428 multos
885 5365 1299 5428 adolescentes
1355 5376 1412 5429 et
1463 5368 1676 5430 multas
1706 5368 2061 5431 adolescen-

2149 5367 2379 5434 πολλοὺς
2433 5370 2532 5446 μὲν
2581 5375 2687 5426 τῶν
2733 5368 2894 5443 νέων,
2946 5368 3146 5432 πολλὰς
3199 5367 3253 5426 δέ
3285 5373 3370 5428 καὶ
3402 5377 3508 5429 τῶν
3540 5372 3794 5431 νεανίδων

413 5455 574 5518 tulas
605 5456 780 5518 traxit
829 5455 902 5517 ad
959 5455 1474 5520 exercitationem.
1527 5456 1746 5522 Eadem
1785 5477 1918 5522 vero
1969 5458 2060 5522 fa-

2149 5459 2236 5518 ἐπὶ
2283 5461 2383 5528 τὴν
2431 5458 2658 5528 ἄσκησιν
2695 5458 2872 5525 εἷλκε.
2905 5460 2980 5518 Τὰ
3009 5458 3105 5516 ’ίσα
3137 5458 3190 5516 δὲ
3224 5463 3311 5517 καὶ
3355 5463 3488 5541 πρὸς
3523 5459 3804 5536 ’Έλληνας

491 5643 526 5700 5
552 5638 735 5712 Hebr.
768 5660 892 5727 xm,
916 5645 977 5726 7,
1061 5645 1095 5698 ϐ
1121 5645 1278 5712 Psal.
1310 5664 1406 5730 xv,
1442 5651 1501 5714 4.
1585 5649 1616 5700 7
1649 5651 1956 5730 Rom.xu,
1993 5649 2089 5715 tt.
