4066 6394
261 323 380 401 773

1597 320 1789 396 VITA
1843 331 1905 394 S.
1951 318 2312 395 MELAN/E.

3525 328 3645 396 774

264 469 351 528 καὶ
411 468 745 547 Σαμαρείτας
803 467 998 544 ἐποίει,
1059 469 1147 525 καὶ
1203 468 1333 548 πρὸς
1393 467 1492 535 τὴν
1548 467 1670 544 ὑγιᾶ
1726 489 1936 524 πιστιν.

2027 464 2185 528 iebat
2218 465 2379 528 enim
2412 465 2472 528 in
2527 461 2784 546 gentiles
2839 469 2898 527 et
2955 463 3385 542 Samaritanos,
3453 475 3510 528 et
3545 486 3648 530 eos

263 560 482 624 τούτους
544 557 850 624 ἐξεκαλεῖτο
904 560 959 614 οἳ
1018 559 1136 634 μετ’
1204 557 1380 636 ὀλίγον
1443 557 1531 614 καὶ
1587 557 1653 612 τὰ
1711 557 1910 613 ἑαυτῶν

263 648 483 730 ἀφέντες
543 647 862 713 ἠκολούθουν
905 646 1106 725 ἐκείνῃ.
1154 646 1335 710 Οὕτως
1378 647 1446 715 ἧν
1501 644 1601 725 ἄρα
1636 647 1671 713 ἡ
1726 668 1908 721 μακα-

263 739 347 816 ρία
400 739 563 817 σοφὸς
615 737 792 800 ἂλιεὺς
851 740 945 794 καί
985 738 1165 817 ψυχὰς
1213 737 1504 816 ἀνθρώπων
1531 739 1696 815 θηρᾳν
1736 735 1910 814 ἐγνω-

258 841 414 889 κυϊα,
481 828 692 898 Μείζοσι
752 825 805 883 δὲ
889 828 1075 890 πόνοις
1147 827 1494 906 ἐπιχειροῦσα
1568 827 1654 882 καὶ
1731 825 1912 903 ἑτέραν

260 917 568 997 παράλογον
652 915 776 973 οἵαν
865 915 962 974 καί
1059 915 1253 996 σχεδὸν
1335 915 1556 973 ἄπιστον
1637 917 1915 995 καρτερίαν

262 1006 467 1064 ἐδείκνυ
501 1023 515 1037 ·
580 1008 668 1063 καὶ
726 1005 934 1074 ξυλίνην
1002 1007 1120 1064 τινὰ
1173 1004 1400 1063 κιϐωτὸν
1479 1005 1759 1076 ἀσκήσασα
1785 1053 1801 1078 ,
1854 1006 1917 1062 τὸ

267 1096 366 1174 μὲν
428 1094 562 1172 ὕψος
619 1097 883 1163 τοσαύτην
929 1095 1068 1154 ὥστε
1112 1096 1191 1172 μὴ
1237 1095 1510 1176 ἐγχωροῦν
1568 1099 1709 1152 εἶναι
1759 1096 1919 1174 ὀρθὴν

267 1187 438 1253 αὒτὴν
493 1185 734 1260 ἐστάναι,
793 1187 856 1241 τὸ
917 1183 970 1241 δὲ
1032 1185 1180 1264 εὖρος
1231 1185 1368 1242 ὥστε
1419 1186 1556 1261 μήτε
1609 1181 1749 1250 δεξιὰ
1781 1185 1918 1260 μήτε

269 1277 384 1352 μὴν
442 1275 529 1332 ἐπὶ
587 1276 646 1331 τὸ
701 1273 969 1350 εὖώνυμον
1025 1273 1328 1332 ἀποκλίνειν
1401 1273 1642 1332 δύνασθαι
1679 1323 1694 1351 ,
1755 1275 1922 1351 ταύτῃ

270 1367 334 1422 τὸ
379 1367 538 1440 σῶμα
595 1363 981 1442 ἐγκατακλείει,
1016 1363 1083 1420 δι’
1117 1367 1256 1432 ὀπῆς
1304 1365 1560 1444 βραχείας
1611 1366 1742 1443 πρὸς
1800 1364 1921 1428 τοὺς

1994 555 2239 616 vocabat
2267 555 2338 617 ad
2365 563 2590 617 rectam
2622 555 2800 617 fidem
2832 572 2844 614 :
2891 556 2991 637 qui
3022 557 3195 636 paulo
3231 565 3362 637 post
3391 556 3648 618 dimissis

1995 645 2142 719 suis,
2178 645 2338 708 illam
2373 645 2801 728 sequebantur.
2837 644 2936 708 Sic
2999 663 3143 725 ergo
3194 655 3318 707 erat
3349 645 3523 708 beata
3551 647 3650 708 illa

1997 734 2217 796 femina
2251 735 2488 816 sapiens
2520 734 2824 816 piscatrix,
2863 743 2922 796 et
2949 735 3396 796 sciebatvenari
3419 738 3650 798 animas

1999 831 2319 886 hominum.
2348 829 2587 901 Maiores
2616 836 2805 887 autem
2832 829 3058 887 labores
3081 830 3443 901 aggrediens,
3478 831 3649 888 aliam

2001 931 2237 995 quoque
2268 913 2634 995 inopinatam
2670 919 2731 976 et
2769 913 3197 995 propemodum
3231 913 3650 976 incredibilem

1999 1003 2260 1064 ostendit
2288 1003 2692 1066 tolerantiam.
2730 1005 2879 1064 Cum
2909 1001 3163 1083 ligneam
3197 1003 3514 1084 quamdam
3551 1022 3650 1065 ar-

2003 1109 2132 1153 cam
2191 1099 2479 1172 parasset,
2539 1091 2855 1153 altitudine
2885 1091 3126 1172 quidem
3162 1098 3408 1172 tantam,
3438 1100 3502 1152 ut
3535 1111 3650 1153 non

2005 1181 2375 1261 permitteret
2406 1186 2458 1242 ei
2492 1189 2648 1243 stare
2701 1193 2955 1257 rectam,
3028 1179 3341 1243 latitudine
3393 1199 3556 1258 vero,
3592 1190 3656 1243 ut

2005 1288 2122 1331 non
2156 1281 2356 1351 posset
2411 1269 2718 1332 declinare
2769 1269 2842 1331 ad
2892 1269 3196 1332 dexteram
3261 1288 3372 1331 nec
3405 1270 3478 1331 ad
3511 1271 3656 1332 sini-

2007 1367 2212 1429 stram,
2239 1360 2297 1420 in
2331 1377 2402 1420 ea
2431 1377 2649 1440 corpus
2682 1358 2955 1433 includit,
3013 1377 3121 1441 per
3148 1359 3330 1421 breve
3382 1361 3654 1422 foramen

274 1453 378 1520 ἔξω
433 1455 558 1517 τοὺς
621 1453 813 1534 λόγους
871 1453 1153 1527 πέμπουσα
1205 1475 1262 1510 τε
1311 1454 1408 1511 καί
1459 1452 1754 1534 δεχομένη,
1816 1463 1924 1520 Τής

2022 1467 2116 1512 eos
2140 1448 2240 1530 qui
2272 1449 2418 1510 foris
2449 1458 2639 1525 erant,
2667 1449 2984 1529 alloquens
3013 1454 3070 1510 et
3097 1465 3200 1510 eos
3229 1448 3654 1512 audiens.Cum

275 1545 483 1623 μητρὸς
541 1543 595 1599 δὲ
641 1541 903 1607 πολλάκις
962 1543 1256 1612 ἐπιστάτης
1315 1543 1450 1620 αὐτῇ
1511 1543 1622 1622 (καὶ
1673 1545 1774 1622 γὰρ
1822 1542 1927 1599 κά-

2022 1548 2201 1600 mater
2221 1547 2417 1602 autem
2445 1557 2606 1619 saepe
2631 1538 2702 1602 ad
2743 1556 2871 1600 eam
2902 1537 3216 1600 accederet
3239 1539 3384 1613 (erat
3415 1539 3572 1600 enim
3601 1539 3657 1601 ei

277 1634 430 1701 κείνη
516 1632 842 1710 συνέμπορος
903 1637 1037 1710 αὐτῇ
1115 1634 1206 1690 καὶ
1264 1640 1355 1691 τοῦ
1424 1632 1623 1692 ἔκπλου
1698 1635 1784 1689 καὶ
1832 1638 1930 1699 τῆς

2022 1627 2407 1707 navigationis
2443 1647 2644 1692 comes
2676 1635 2734 1690 et
2766 1629 2930 1690 socia
2961 1627 3537 1710 philosophiae),non
3568 1638 3660 1692 te-

278 1722 590 1801 φιλοσοφίας
649 1721 911 1801 γέγονεν),
974 1725 1079 1804 οὔχ
1139 1722 1320 1786 ἁπλῶς
1379 1725 1614 1797 ἀπήντα,
1670 1722 1790 1778 ἂ)λ⁹
1839 1721 1930 1778 εἴ·

2022 1737 2180 1781 mere
2213 1719 2510 1799 veniebat,
2544 1718 2646 1780 sed
2674 1718 2723 1778 si
2758 1727 2858 1780 aut
2883 1717 3129 1779 vacabat
3154 1718 3432 1793 orationi,
3469 1727 3568 1781 aut
3599 1720 3660 1780 in

283 1834 380 1891 περ
432 1812 623 1892 ἔτυχεν
666 1812 702 1880 ἢ
763 1813 904 1893 εὐχῇ
957 1813 990 1881 ἢ
1046 1812 1202 1879 θείοις
1260 1811 1520 1888 οἱμιλοῦσα
1581 1812 1808 1891 λογίοις,
1870 1810 1930 1868 οὔ

2022 1808 2230 1870 divinis
2262 1807 2612 1870 versabatur
2641 1807 2915 1889 eloquiis,
2954 1826 3071 1868 non
3119 1807 3286 1888 prius
3314 1808 3384 1870 ad
3415 1825 3544 1871 eam
3574 1809 3666 1870 in-

289 1905 535 1981 πρότερον
583 1902 657 1965 εἷς
715 1901 880 1969 αὒτὴν
935 1903 1175 1980 ἀπεώρα,
1240 1903 1269 1971 ἢ
1326 1901 1486 1980 λόγου
1546 1904 1684 1968 τινὸς
1715 1900 1927 1978 μετεδί-

2022 1897 2315 1973 tuebatur,
2350 1907 2452 1960 aut
2508 1897 2670 1960 illam
2720 1896 3135 1978 compellabat,
3193 1915 3363 1977 quam
3395 1898 3662 1978 spiritale

289 1989 397 2065 δου,
439 1991 538 2054 ἕως
605 1993 632 2046 ὃ
707 1995 895 2072 μετῄει
958 1993 1333 2068 πνευματικῶν
1392 1991 1560 2073 ἔργων
1619 1995 1691 2054 εἰς
1765 1993 1928 2070 πέρας

2022 2006 2186 2069 opus,
2221 1988 2378 2068 quod
2411 1986 2636 2068 obibat,
2672 1987 3047 2068 perfecisset.
3085 1986 3184 2048 Sic
3215 2005 3349 2047 cum
3384 1988 3662 2049 omnibus

281 2079 501 2160 ἤγαγεν.
550 2081 701 2140 Οὕτω
760 2079 815 2138 δὲ
888 2083 1022 2156 μετὰ
1071 2083 1285 2139 πάντων
1338 2082 1435 2139 καῖ
1485 2087 1648 2150 αιῖιτῆς
1720 2082 1928 2161 ἐκράτει

2022 2079 2202 2159 ipsam
2237 2095 2472 2159 quoque
2495 2077 2644 2139 vicit
2699 2085 2992 2138 naturam.
3036 2076 3435 2149 Quamobrem
3470 2084 3665 2139 mater

277 2177 376 2239 τῆς
431 2170 664 2252 φύσεως,
709 2171 792 2252 ἐφ’
834 2175 880 2245 ᾧ
934 2174 1020 2228 καὶ
1071 2171 1277 2239 πολλὴν
1337 2174 1372 2240 ἡ
1427 2174 1610 2251 μήτηρ
1654 2195 1927 2250 παρακερ-

2022 2185 2287 2247 magnam
2341 2167 2720 2229 lucrifaciens
2771 2166 3109 2245 utilitatem,
3158 2164 3360 2228 abibat
3420 2183 3663 2245 magnas

279 2259 528 2319 δαίνουσα
586 2264 683 2330 τὴν
738 2261 999 2341 ὠφέλειαν
1051 2261 1234 2338 ἀπῄει,
1284 2269 1359 2336 τῷ
1389 2263 1504 2336 Θεῷ
1534 2262 1772 2340 μεγάλας
1806 2265 1935 2337 δμο-

2022 2259 2142 2320 Deo
2174 2275 2358 2336 agens
2390 2257 2610 2336 gratias
2659 2255 2816 2338 quod
2851 2273 2922 2318 ex
2952 2273 3058 2317 suo
3091 2262 3298 2316 ventre
3327 2255 3502 2316 talem
3535 2256 3664 2319 fru-

279 2351 510 2430 λογοῦσα
591 2352 684 2412 τὰς
742 2351 1026 2432 χάριτας,
1085 2351 1167 2408 ὃτι
1247 2352 1503 2409 τοιόύτων
1562 2354 1705 2426 αὐτῷ
1764 2373 1936 2430 προσ-

2022 2359 2179 2408 ctum
2213 2346 2610 2428 produxisset.
2647 2345 2716 2408 Et
2772 2345 2915 2426 quid
2973 2363 3122 2425 opus
3153 2353 3243 2408 est
3272 2344 3434 2406 illius
3463 2346 3666 2408 omnia

285 2442 482 2518 ἤνεγκε
513 2443 602 2497 τὸν
632 2439 685 2496 ἐν
713 2439 920 2504 κοιλίας
971 2439 1194 2520 καρπόν.
1251 2441 1344 2498 Καὶ
1375 2439 1424 2496 τί
1477 2440 1561 2496 δεῖ
1604 2441 1670 2498 τέι
1727 2441 1934 2508 ἐκείνης

2022 2435 2356 2518 persequi?
2419 2437 2508 2498 Ad
2565 2436 2697 2515 ejus
2749 2433 2910 2496 enim
2973 2433 3210 2496 laudem
3265 2433 3484 2496 sufficit
3556 2454 3665 2516 pro

286 2529 462 2587 πάντα
516 2527 813 2606 διεξιέναι;
872 2529 1027 2608 ἀρκεῖ
1081 2530 1180 2608 γὰρ
1236 2531 1350 2587 ἀντὶ
1384 2530 1594 2588 πάντων
1650 2533 1721 2596 εἷς
1765 2534 1934 2610 εὔφη-

2022 2525 2300 2588 omnibus
2355 2525 2645 2587 modestia
2701 2525 2830 2604 ejus
2864 2533 2921 2586 et
2950 2524 3303 2600 moderatio,
3339 2524 3494 2605 quod
3528 2543 3664 2586 cum

291 2622 415 2696 μίαν
471 2621 531 2678 τὸ
563 2619 776 2699 μέτριον
821 2621 985 2686 αὑτῆς
1016 2627 1108 2677 τοῦ
1165 2621 1500 2697 φρονήματος
1536 2640 1550 2654 ’
1611 2621 1688 2678 ὅτι
1751 2621 1936 2698 βιοῦσα

2022 2615 2248 2677 viveret
2278 2626 2393 2676 tam
2425 2634 2592 2695 pure,
2627 2633 2802 2696 quam
2856 2613 3014 2674 ullus
3063 2613 3235 2686 alius,
3271 2631 3377 2674 cor
3419 2614 3666 2678 haberet

291 2714 533 2786 καθαρῶς
591 2709 757 2773 οὕτως
815 2712 887 2771 ὡς
945 2709 1109 2773 οὒδεὶς
1180 2709 1468 2788 ἀνθρώπων
1523 2709 1698 2788 ἔτερος
1751 2731 1936 2766 συντε-

2023 2705 2340 2768 contritum
2375 2713 2432 2767 et
2465 2713 2725 2766 mentem
2781 2705 3101 2765 demissam
3157 2721 3224 2764 ac
3256 2702 3569 2784 humilem,
3603 2715 3667 2766 ut

291 2799 590 2878 τριμμένην
646 2799 776 2880 εἶχε
833 2801 922 2856 καὶ
978 2801 1234 2867 ταπεινὴν
1286 2799 1384 2866 τὴν
1427 2798 1682 2873 διάνοιαν,
1721 2802 1794 2862 ὡς
1841 2801 1936 2855 οὖ-

2024 2794 2224 2857 nullus
2251 2793 2402 2856 alius
2434 2813 2501 2856 ex
2552 2793 2627 2856 iis
2679 2792 2779 2874 qui
2835 2791 3017 2854 multa
3047 2790 3370 2854 admittunt
3400 2810 3518 2854 non
3551 2794 3664 2854 ho-

301 2887 406 2955 δεὶς
435 2888 591 2955 ἄλλος
619 2895 728 2947 τῶν
755 2888 983 2952 πολλοῖς
1017 2888 1236 2952 ἀτόποις
1267 2887 1634 2969 ἐνεχομένων.
2026 2895 2219 2947 nesto.

391 2977 451 3037 K'
465 3027 479 3042 .
511 2977 687 3044 Οὕτως
719 2986 809 3037 οὖν
841 2979 974 3035 ἑπτὰ
1002 2981 1120 3035 ἐκεῖ
1149 2976 1505 3048 διαθλήσασαν
1536 2980 1654 3054 ἔτη,
1681 2977 1936 3058 λογισμὸς

2105 2973 2228 3038 ΧΧ.
2261 2977 2408 3035 Cum
2441 2973 2528 3034 sic
2558 2979 2752 3035 autem
2787 2979 3015 3052 septem
3057 2989 3243 3034 annos
3275 2972 3662 3051 decertasset,

297 3070 461 3137 αὐτὴν
494 3071 661 3146 εἰσῄει
712 3069 1040 3148 μακροτέρας
1091 3067 1392 3143 ἀποδημίας
1431 3085 1444 3099 ⁸
1492 3071 1780 3148 προσήκειν
1841 3069 1936 3146 γὰρ

2025 3083 2152 3126 eam
2216 3063 2397 3126 subiit
2445 3061 2720 3140 cogitatio
2798 3060 3082 3139 longioris
3141 3062 3663 3142 peregrinationis.

291 3160 444 3238 ἔλεγε
504 3158 642 3248 μηξὲ
699 3162 806 3216 τῶν
864 3159 1016 3236 ἱερῶν
1075 3157 1458 3238 ἀπολειφθῆναι
1540 3158 1742 3233 τόπων,
1804 3156 1936 3214 ἀλλὰ

2023 3153 2266 3216 Dicebat
2298 3154 2480 3222 enim.
2519 3160 2801 3248 oportere
2833 3152 2903 3211 ad
2930 3167 3099 3212 sacra
3129 3150 3302 3213 etiam
3338 3151 3467 3216 loca
3489 3171 3665 3216 acce-

293 3253 382 3306 καὶ
431 3249 528 3317 τὴν
593 3238 944 3328 Ἰερουσαλήμ
999 3245 1158 3330 ἰδεῖν,

289 3337 616 3416 περιελθεῖν,
667 3340 756 3396 καὶ
845 3342 1205 3418 προσκυνῆσαι
1289 3337 1555 3411 θαύματα,
1633 3339 1730 3395 Καὶ
1787 3334 1939 3402 δόξαν

292 3428 462 3494 οὔτως
517 3431 547 3496 ἡ
603 3428 837 3485 θάλαττά
885 3451 943 3485 τε
1005 3432 1167 3497 αὖτην
1200 3427 1408 3494 ἐδέξατο
1439 3433 1537 3496 τῆς
1569 3429 1773 3506 μητρὸς
1805 3429 1940 3503 ὁμοῦ

291 3518 390 3576 καί
449 3519 762 3577 Ἀπενιανοῦ
819 3520 1226 3598 συμπαρόντων,
1291 3520 1375 3575 καὶ
1433 3522 1618 3575 θᾶττον
1691 3515 1936 3581 εὐπλοίας

293 3609 559 3688 τυχόντας
616 3610 651 3676 ἡ
715 3607 1077 3685 Ἀλεξάνδρεια
1129 3605 1422 3688 διεδέχετο.
1485 3607 1645 3671 Πῑλις
1705 3606 1758 3662 δὲ
1807 3607 1940 3674 αὕτη

295 3699 581 3774 Φοινίκων,
616 3699 682 3766 ἧς
733 3699 821 3754 καὶ
860 3698 954 3761 τὰς
1006 3697 1385 3778 ἀρχιερατικὰς
1437 3695 1611 3754 διεῖπε
1667 3695 1942 3776 φροντίδας

296 3793 326 3848 ὁ
371 3788 542 3868 μέγας
599 3789 652 3844 ἐν
711 3789 933 3868 ἱερεῦσιν
996 3787 1276 3866 Κύριλλος.
1331 3787 1513 3860 Τούτῳ
1559 3784 1624 3854 δὴ
1682 3786 1944 3864 συγγενόι

299 3900 452 3954 μενοι
484 3880 571 3936 καὶ
602 3878 764 3951 ἑτέρῳ
795 3883 1109 3958 προφητικῷ
1162 3876 1326 3958 ἀνδρὶ,
1389 3876 1642 3956 Θεοδώρῳ
1689 3875 1943 3952 τοῦνομα,

298 3972 388 4028 καὶ
455 3968 630 4027 πολλὰ
686 3968 823 4026 κατὰ
879 3969 978 4034 τὴν
1033 3964 1261 4046 πάροδον
1320 3971 1419 4034 τῆς
1479 3964 1688 4042 ὁμιλίας
1745 3965 1946 4022 τούτων

299 4061 572 4138 ὀνάμενοι,
632 4057 794 4116 πάλιν
839 4079 895 4114 τε
951 4061 1050 4125 τῆς
1109 4059 1237 4124 νηὸς
1289 4053 1558 4124 ἐπέϐησαν
1587 4055 1797 4112 καὶέπί
1826 4055 1946 4120 τοὺς

299 4151 472 4227 ἱεροὺς
525 4149 814 4228 ἠπείγοντο
891 4147 1086 4212 τόπους
1120 4194 1136 4220 ,
1198 4145 1368 4223 μηδὲν
1419 4145 1743 4224 ἐπαγόμενοι
1801 4145 1944 4213 πλὴν

309 4237 362 4294 εἴ
394 4245 572 4295 τιτῶν
602 4238 906 4316 ἀναγκαίων
954 4237 1021 4305 ἢν
1075 4237 1164 4293 καὶ
1225 4235 1426 4315 ὀλίγαις
1485 4237 1668 4315 ἀρκεῖν
1721 4234 1948 4311 ἡμέραις

304 4325 590 4404 δυνάμενον
625 4377 642 4401 ,
731 4326 1044 4405 βουλόμενοι
1120 4327 1254 4404 μετὰ
1326 4332 1434 4384 τῶν
1523 4326 1950 4405 προσαιτούντων

299 4422 390 4476 καὶ
451 4419 632 4484 αὑτοὺς
703 4419 956 4496 γίνεσθαι,
1024 4408 1114 4483 Ὠς
1185 4415 1239 4473 δὲ
1300 4418 1398 4485 τῆς
1459 4417 1588 4484 νηὸς
1647 4413 1945 4482 ἀπέϐησαν.

299 4510 442 4582 νόσῳ
526 4505 798 4584 συμϐαίνει
865 4507 963 4574 τὴν
1043 4507 1304 4587 μακαρίαν
1381 4518 1566 4563 πεσεῖν
1603 4521 1617 4536 ⁶
1673 4505 1795 4562 εἶτα
1851 4511 1949 4574 τῆς

299 4597 594 4677 ἆῤῥωστίας
655 4597 1034 4678 ἀνενεγκοῦσα,
1080 4602 1180 4654 καὶ
1236 4604 1312 4672 τῷ
1356 4594 1655 4670 δεσποτικῷ
1703 4595 1854 4676 τάφῳ
1884 4597 1952 4652 τὰ

307 4693 402 4755 τῆς
460 4687 639 4766 ὑγείας
691 4685 1034 4768 χαρισαμένη
1093 4688 1180 4744 καὶ
1249 4689 1458 4765 πρῶτον
1517 4685 1660 4759 αὐτῷ
1715 4685 1943 4763 προσελ-

298 4782 464 4836 θοῦσα
518 4778 607 4835 γαὶ
660 4778 1095 4858 προσκυνήσασα,
1125 4778 1186 4835 τὸ
1228 4774 1420 4834 λοιπὸν
1453 4773 1547 4832 καί
1600 4787 1718 4839 tm;
1766 4773 1949 4838 ἄλλοις

301 4874 408 4924 τῶν
467 4865 747 4942 θεαμάτων
776 4867 904 4943 ὄψιν
954 4870 1279 4924 εἰστιαθετσα
1331 4865 1429 4935 τάν
1491 4865 1699 4945 ψυχὴν,
1760 4864 1950 4940 ὡμίλει

301 4955 360 5014 δὲ
403 4961 492 5014 καὶ
552 4963 659 5015 τῶν
715 4956 895 5036 ἱερέων
938 4971 1055 5023 τοῖς
1099 4956 1542 5032 ἐπισημοτάτοις,
1589 4955 1685 5010 καί
1716 4953 1952 5029 μάλιστα

301 5049 505 5106 τούτων
537 5047 706 5105 αὐτῶν
737 5061 854 5114 τοῖς
888 5047 942 5103 ἐν
997 5053 1076 5121 τῷ
1130 5046 1305 5126 λέγειν
1356 5044 1764 5118 συνετωτάτοις,
1811 5043 1950 5101 ὥστε

302 5141 391 5196 καὶ
435 5135 696 5220 ὠφελείας
745 5141 950 5196 ἐκεῖθεν
1015 5139 1217 5217 καρπὸν
1303 5134 1602 5216 δρέπεσθαι.
1667 5133 1950 5214 Ἐτρέφετο

300 5227 356 5285 δὲ
408 5230 630 5295 ἐκείνοις
681 5229 875 5307 οἷσπερ
918 5229 1007 5286 καὶ
1063 5227 1118 5284 ἐν
1177 5224 1346 5304 Λιϐύῃ
1407 5227 1496 5283 καὶ
1555 5223 1638 5281 διὰ
1683 5225 1950 5281 τοσούτων

297 5321 542 5400 ἡμερῶν,
587 5319 728 5377 ὅσων
757 5317 823 5387 δὴ
858 5320 945 5376 καὶ
1004 5317 1120 5376 ἐκεῖ
1165 5319 1253 5376 καὶ
1307 5329 1431 5400 ταῖς
1484 5314 1671 5394 χερσὶν
1725 5313 1949 5393 ἐργαζο-

299 5396 463 5492 μένη,
495 5396 678 5489 ὥσπερ
730 5407 795 5479 δή
846 5409 934 5467 καὶ
987 5405 1318 5476 Χαλκηδόνι,
1355 5396 1614 5484 Ἐσπέρας
1661 5401 1714 5460 δὲ
1777 5425 1948 5461 κατα-

1215 3250 1304 3306 καὶ
1365 3249 1426 3304 τὰ
1469 3247 1523 3304 ἐν
1581 3251 1715 3324 αὐτῇ
1768 3247 1936 3304 πάντα

2025 3245 2193 3318 dere,
2228 3253 2284 3306 et
2317 3244 2492 3305 etiam
2526 3241 2730 3303 videre
2750 3238 3178 3318 Jerusalem,et
3201 3241 3391 3318 obire,
3431 3252 3491 3305 et
3519 3243 3668 3304 ado-

2023 3351 2158 3395 rare
2189 3333 2390 3395 omnia
2420 3349 2554 3414 quae
2582 3331 2704 3394 illic
2747 3337 2888 3392 sunt
2940 3330 3226 3391 miracula
3259 3329 3364 3410 (t).
3399 3331 3668 3413 Cumque

2024 3425 2078 3487 ei
2113 3423 2191 3486 ita
2221 3423 2408 3486 visum
2445 3429 2622 3502 esset,
2657 3439 2820 3482 mare
2849 3437 2979 3483 eam
3011 3420 3295 3500 suscepit,
3322 3439 3456 3483 cum
3490 3423 3667 3484 simul

2023 3514 2258 3577 adesset
2291 3527 2482 3574 mater
2513 3520 2572 3574 et
2598 3511 2981 3592 Apenianus;
3012 3518 3070 3572 et
3101 3529 3234 3572 cum
3265 3511 3352 3572 eis
3383 3529 3666 3592 prospera

2022 3605 2230 3667 fuisset
2265 3603 2576 3682 navigatio,
2614 3611 3018 3684 pervenerunt
3069 3601 3490 3663 Alexandriam
3527 3623 3542 3662 :
3597 3622 3668 3666 ea

2028 3704 2119 3756 est
2147 3702 2344 3755 autem
2386 3693 2597 3754 civitas
2624 3693 2885 3774 XEgypti,
2941 3692 2999 3754 in
3035 3710 3150 3772 qua
3181 3691 3498 3771 pontificali
3531 3711 3664 3755 mu-

2032 3801 2175 3844 nere
2192 3782 2547 3862 fungebatur
2573 3800 2819 3862 magnus
2842 3781 2996 3843 inter
3029 3781 3370 3843 sacerdotes
3393 3781 3672 3861 Cyrillus.

2031 3873 2175 3936 Cum
2232 3891 2301 3934 eo
2334 3871 2662 3949 congressi,
2699 3879 2757 3934 et
2805 3890 2942 3933 cum
2991 3869 3104 3932 alio
3138 3877 3260 3931 viro
3293 3871 3671 3952 prephetico,

2031 3961 2690 4032 nomineTheodoro,et
2713 3979 2846 4022 cum
2873 3961 2930 4021 in
2957 3959 3207 4022 transitu
3232 3977 3301 4021 ex
3324 3977 3532 4022 eorum
3553 3979 3681 4025 ser-

2034 4070 2211 4116 mone
2232 4069 2502 4132 magnam
2529 4051 2904 4132 accepissent
2932 4049 3275 4130 utilitatem,
3307 4067 3514 4112 navem
3539 4069 3679 4113 rur-

2033 4162 2134 4206 sus
2157 4142 2580 4215 ascenderunt,
2617 4141 2692 4203 ad
2741 4158 2912 4203 sacra
2962 4141 3088 4202 loca
3118 4139 3490 4221 festinantes,
3525 4141 3674 4204 nihil

2036 4243 2236 4296 autem
2267 4251 2470 4295 secum
2500 4231 2843 4312 afferentes,
2881 4239 3274 4313 praeterquam
3311 4229 3360 4290 si
3385 4230 3527 4311 quid
3558 4238 3685 4293 erat

2037 4323 2476 4399 necessarium,
2511 4331 2566 4385 et
2594 4321 2750 4402 quod
2786 4329 2983 4402 posset
3026 4321 3227 4402 paucis
3257 4320 3470 4383 diebus
3509 4321 3680 4382 sulﬁ-

2037 4433 2199 4494 cere,
2232 4414 2504 4477 volentes
2533 4411 2647 4493 ipsi
2678 4430 2918 4492 quoque
2950 4428 3082 4474 esse
3113 4428 3247 4472 cum
3283 4411 3681 4473 mendicanti-

2037 4503 2170 4568 bus.
2205 4504 2524 4586 Postquam
2552 4521 2689 4564 vero
2717 4502 2778 4563 in
2813 4511 3037 4564 terram
3070 4499 3677 4582 descenderunt,con-

2034 4593 2163 4674 tigit
2187 4593 2421 4656 beatam
2459 4593 2742 4656 Melanam
2782 4591 2840 4652 in
2863 4589 3134 4652 morbum
3157 4589 3684 4654 incidere.Deinde

2037 4703 2172 4747 cum
2198 4683 2594 4746 convaluisset
2620 4701 2651 4744 a
2675 4682 2944 4764 corporis
2976 4680 3344 4758 infirmitate,
3381 4688 3442 4744 et
3472 4679 3686 4742 Domi-

2035 4774 2170 4837 nico
2201 4773 2479 4856 sepulcro
2509 4780 2922 4854 recuperatam
2948 4771 3260 4834 sanitatem
3288 4772 3479 4852 primo
3500 4771 3680 4833 obtu-

2035 4865 2224 4940 lisset,
2258 4873 2315 4926 et
2345 4864 2418 4925 ad
2466 4863 2525 4925 id
2560 4863 2754 4944 primo
2784 4862 3158 4937 accessisset,
3201 4862 3380 4942 idque
3431 4862 3676 4923 adoras-

2035 4963 2146 5032 set,
2183 4955 2257 5017 de
2289 4964 2503 5016 caetero
2534 4953 2738 5016 oculos
2798 4961 2855 5014 et
2910 4951 3176 5013 animum
3239 4950 3517 5032 pascebat
3545 4951 3683 5015 aliis

2035 5045 2414 5127 spectaculis.
2452 5042 2813 5107 Versabatur
2849 5053 3050 5104 autem
3084 5060 3215 5103 cum
3250 5041 3322 5102 iis
3350 5041 3450 5122 qui
3481 5060 3550 5104 ex
3583 5059 3686 5102 sa-

2033 5135 2380 5198 cerdotibus
2405 5142 2575 5195 erant
2600 5133 2854 5194 maxime
2873 5131 3228 5210 insignes,et
3257 5131 3526 5193 maxime
3546 5150 3682 5193 cum

2033 5223 2107 5286 iis
2140 5224 2241 5306 qui
2273 5223 2334 5284 in
2367 5221 2622 5284 dicendo
2677 5227 2851 5283 erant
2907 5218 3359 5302 sapientissimi,
3414 5225 3479 5280 ut
3508 5221 3685 5282 etiam

2032 5314 2348 5376 utilitatem
2401 5329 2470 5372 ex
2523 5309 2608 5372 eis
2660 5309 3022 5392 perciperet.
3070 5308 3357 5371 Alebatur
3404 5325 3542 5370 vero
3573 5308 3690 5370 illis

2032 5403 2250 5485 quibus
2279 5401 2341 5464 in
2370 5400 2572 5484 Libya,
2605 5407 2689 5463 tot
2741 5399 2893 5476 dies,
2929 5407 3070 5483 quot
3109 5398 3230 5462 illic
3264 5399 3502 5475 mansit,
3537 5415 3687 5482 ope.

391 5673 473 5762 (1)
504 5674 676 5737 Anno
708 5669 829 5737 416
859 5668 980 5734 adit
1009 5668 1141 5734 loca
1169 5667 1531 5735 adorationis
1559 5669 1772 5754 gratia,
1807 5679 1882 5732 ex
1911 5661 2140 5730 calculo
2171 5660 2434 5735 Baronii.
