4066 6414
451 307 574 375 775

1772 296 2055 370 MENSIS
2096 298 2523 369 DECEMBER.

3716 297 3841 368 776

447 466 592 511 rans
619 445 918 521 manibus,
962 445 1116 507 sicut
1147 443 1522 521 Carthagine.
1550 442 1696 506 Ct'lm
1722 441 2085 504 adventasset

2179 439 2448 508 λαϐούσης
2495 440 2658 517 εἰσῄει
2712 440 2811 515 μὲν
2872 441 2942 505 εἷς
3002 439 3094 495 τὸν
3141 439 3405 517 σωτήριον
3447 439 3547 507 τῆς
3592 438 3835 496 ἀναστά-

452 548 651 601 autem
687 553 956 618 vespera,
989 534 1435 613 ingrediehatur
1469 532 1710 613 quidem
1745 532 1802 592 in
1835 532 2092 593 salutare

450 627 790 707 sepulcrum
844 622 1322 697 resurrectionis,
1384 624 1583 684 clauso
1635 639 1779 683 vero
1839 622 2089 700 templo,

453 715 734 778 manebat
762 714 940 789 intus,
977 721 1034 774 et
1078 713 1262 773 oratio
1297 720 1473 772 noctu
1505 710 1580 772 ab
1613 729 1682 771 ea
1715 710 1917 771 tandiu
1952 727 2091 789 pro-

451 805 804 876 ducebatur,
839 803 1030 864 donec
1062 801 1317 881 ingressi
1350 809 1549 862 essent
1579 800 1868 861 matutina
1899 810 2092 862 canta-

452 894 567 955 turi
599 894 850 954 cantica.
911 891 1227 972 Postquam
1288 898 1487 952 autem
1551 891 1730 952 tinem
1784 899 2098 971 acceperat

446 980 969 1061 gloriﬁcatio,tunc
1002 981 1130 1061 ipsa
1160 996 1400 1061 quoque
1429 997 1647 1059 corpus
1680 997 1886 1059 parum
1921 978 2096 1041 dabat

447 1088 658 1132 somno
688 1080 744 1131 et
775 1069 984 1151 quieti.

524 1158 683 1223 XXI.
710 1162 859 1221 Cum
894 1177 1052 1235 vero,
1089 1160 1246 1221 sicut
1274 1178 1307 1221 a
1359 1179 1453 1220 me
1486 1159 1707 1221 dictum
1742 1168 1858 1239 est,
1895 1177 2096 1239 pauca)

445 1250 714 1330 quaedam
751 1250 1092 1311 facultatum
1127 1249 1399 1328 reliquias
1441 1251 1494 1309 ei
1527 1249 1729 1309 Romae
1763 1248 2093 1309 remansis-

442 1348 598 1403 sent.
636 1347 695 1400 et
724 1338 962 1399 cuidam
998 1357 1069 1400 ex
1123 1339 1400 1399 tidelibus
1436 1341 1774 1399 mandatum
1814 1350 1997 1416 esset,
2032 1346 2097 1399 ut

443 1447 546 1490 eas
581 1437 946 1508 proponeret
975 1428 1264 1490 emendas
1290 1427 1966 1506 volentibuepostquam
1994 1428 2095 1489 ille

444 1519 559 1579 hoc
586 1517 851 1592 fecisset,
886 1535 1101 1579 aurum
1134 1518 1204 1578 ad
1268 1537 1371 1578 eos
1427 1518 1605 1579 mittit
1637 1519 2090 1597 Jerosolymam.

444 1607 561 1680 Qui
591 1606 764 1669 solita
793 1614 1030 1669 utentes
1085 1606 1478 1684 benignitate,
1532 1626 1633 1667 eas
1684 1607 2089 1670 litereditatem

438 1697 715 1758 fecerunt
771 1697 1095 1775 egentium.
1147 1694 1257 1758 Hic
1298 1716 1433 1758 cum
1488 1697 1833 1776 aliquandiu
1886 1706 2091 1759 essent

442 1792 673 1857 versati,
706 1790 926 1845 videret
956 1797 1144 1845 autem
1181 1789 1394 1845 Melana
1456 1800 1693 1845 matrem
1727 1804 1889 1846 suam
1926 1791 2088 1845 senio

2176 552 2311 595 σεως
2396 531 2561 609 τάφον
2592 548 2609 566 ⁸
2692 528 3023 594 κλεισθέντος
3097 527 3152 583 δὲ
3221 535 3314 585 τοῦ
3385 535 3514 586 ναοῦ
3569 530 3833 605 ὑπέμενεν

2176 619 2343 699 ἔνδον,
2401 621 2495 675 καί
2552 622 2587 688 ἡ
2646 620 2897 699 προσυχὴ
2969 619 3043 676 εἷς
3133 624 3383 675 τοσοῦτον
3449 621 3582 694 αὒτῇ
3644 623 3835 683 νυκτὸς

2175 710 2511 785 παρετείνετο
2544 708 2644 774 ἕως
2689 711 2735 765 οἱ
2785 708 2962 764 ἐκεῖσε
3019 708 3112 769 τὰς
3145 710 3262 785 περὶ
3323 711 3412 765 τὸν
3469 706 3649 786 ὄρθρον
3694 708 3836 783 ᾠδὸς

2176 801 2425 868 εἰσῂεσαν
2468 798 2706 870 ᾄσαντες.
2743 797 2893 853 Ἐπεὶ
2934 795 2990 853 δὲ
3035 800 3200 875 πέρας
3245 801 3373 877 εἶχε
3429 799 3495 857 τὰ
3540 804 3640 863 τῆς
3674 797 3835 864 δοξον

2178 888 2386 966 λογίας,
2450 887 2569 944 τότε
2602 885 2657 943 δὲ
2701 886 2797 942 καῖ
2828 888 2963 953 αὕτη
3008 888 3069 943 τὸ
3128 894 3286 964 σῶμα
3344 888 3521 965 βραχὺ
3551 895 3627 963 τῷ
3681 887 3832 962 ὕπνῳ

2179 975 2571 1033 διαναπαύουσι
2610 980 2698 1043 ἦν.

2261 1154 2397 1217 KA’.
2434 1153 2653 1223 Ἐπειδὴ
2682 1153 2761 1227 δὲ,
2796 1155 2975 1233 ὥσπερ
3007 1177 3097 1229 μοι
3144 1156 3385 1231 εἴρηται,
3446 1155 3654 1235 βραχέα
3705 1156 3830 1212 τινὰ

2178 1244 2402 1320 λείψανα
2451 1250 2549 1312 τῆς
2612 1245 2791 1306 οὐσίας
2849 1245 2901 1300 ἐν
2978 1235 3161 1320 Ῥώμη
3219 1246 3352 1320 αὒτῇ
3411 1244 3828 1320 καταλέλειπτο,

2176 1336 2265 1391 καί
2322 1358 2422 1392 τινι
2478 1341 2583 1390 τῶν
2640 1341 2843 1390 πιστῶν
2887 1334 3163 1413 ἐπετράπη
3219 1333 3352 1391 ὥνια
3414 1342 3576 1392 ταῦτα
3645 1335 3829 1392 θέσθαι

2175 1438 2293 1487 τοῖς
2346 1423 2688 1500 βουλομένοις
2724 1441 2737 1453 ⁸
2796 1423 2934 1480 οὕτω
2994 1422 3192 1500 πράξας
3244 1424 3447 1488 ἐκεῖνος
3504 1426 3593 1480 τὸν
3626 1427 3831 1503 χρυσὸν

2178 1518 2363 1576 αὐτοῖς
2408 1513 2644 1587 ἔπεμπεν
2684 1515 2756 1574 εἰς
2817 1503 3183 1592 Ἱεροσόλυμα,
3235 1515 3287 1570 οἳ
3349 1514 3435 1569 καὶ
3483 1516 3580 1581 την
3623 1516 3827 1583 συνήθη

2177 1602 2565 1683 φιλανθρωπίαν
2623 1600 3046 1676 μεταδιώκοντες
3136 1602 3334 1680 κλῆρον
3394 1606 3482 1660 καὶ
3530 1604 3661 1659 αὐτὰ
3718 1606 3829 1659 τῶν

2174 1693 2436 1764 δεομένων
2495 1693 2726 1752 ἐποίουν.
2778 1692 3034 1750 Ἐνταῦθα
3066 1696 3263 1773 χρόνον
3333 1694 3450 1750 τινὰ
3509 1692 3825 1771 διατρίψαν-

2173 1803 2283 1855 τες,
2343 1782 2455 1838 ἐπεὶ
2511 1784 2608 1849 τὴν
2655 1781 2857 1856 μητέρα
2900 1783 2996 1849 τὴν
3053 1783 3245 1849 ἑαυτῆς
3307 1783 3340 1848 ἡ
3404 1780 3623 1848 Μελάνη
3687 1781 3831 1861 γήρᾳ

443 1882 501 1935 et
533 1883 800 1963 tempore
824 1874 1213 1950 gravari,eam
1251 1873 1372 1934 illic
1398 1872 1708 1952 relinquit,
1744 1873 2085 1963 rogavitque

2176 1893 2228 1927 τε
2272 1874 2358 1928 καὶ
2402 1874 2618 1950 χρόνοις
2685 1871 2822 1951 ἑώρα
2882 1871 3242 1950 βαρυνομένην
3273 1918 3289 1944 ,
3348 1874 3507 1929 αὐτοῦ
3568 1869 3828 1927 καταλεί-

442 1972 509 2024 ut
542 1981 609 2024 ea
640 1961 760 2022 illic
795 1971 1029 2041 pararet
1053 1963 1500 2024 tabernaculum
1542 1963 1596 2023 in
1629 1972 1828 2024 monte
1848 1962 2081 2025 Oliveti.

442 2051 552 2115 Illa
581 2069 717 2112 vero
743 2052 903 2113 venit
954 2053 1015 2112 in
1067 2055 1399 2133 zEgyptum,
1433 2071 1549 2113 una
1581 2072 1714 2112 cum
1750 2052 2085 2132 Apeniano,

442 2150 564 2202 tum
597 2141 756 2223 quod
788 2141 1007 2203 vellent
1038 2141 1238 2203 videre
1270 2149 1532 2215 sanctos,
1570 2141 1672 2222 qui
1694 2152 1867 2203 erant
1900 2142 1961 2203 in
1995 2161 2083 2217 ea,

435 2238 562 2292 tum
597 2229 799 2306 etiam,
833 2239 895 2290 ut
951 2249 1058 2292 sua
1116 2230 1485 2310 benignitate
1548 2231 1927 2310 impertirent
1959 2249 2087 2313 eos,

438 2320 541 2401 qui
572 2319 693 2382 illic
719 2332 915 2400 erant,
954 2338 1269 2401 pauperes.
1332 2319 1401 2380 Hi
1458 2339 1600 2399 ergo
1633 2319 1965 2401 venientes,
1997 2320 2088 2387 fa-

437 2408 673 2472 ciebant
700 2409 758 2469 id
790 2418 1033 2490 propter
1062 2409 1220 2490 quod
1272 2419 1581 2483 venerant,
1646 2420 1703 2470 et
1760 2428 1864 2470 eos
1894 2411 1995 2490 qui
2025 2429 2090 2471 se

439 2499 500 2560 in
527 2503 743 2580 pietate
773 2498 1430 2573 exercebant,obibant.
1467 2500 1613 2560 Cum
1644 2509 1846 2560 autem
1880 2518 2087 2562 acces-

435 2588 650 2651 sissent
685 2587 758 2649 ad
789 2588 1088 2668 quoddam
1143 2589 1614 2662 tabernaculum,
1651 2589 1807 2669 quod
1835 2589 1988 2670 apud
2024 2608 2088 2652 se

436 2676 697 2740 habebat
724 2678 911 2739 virum
943 2677 1003 2737 in
1038 2677 1413 2758 philosophia
1462 2679 1808 2758 maximum,
1845 2680 1942 2740 cui
1972 2698 2085 2740 no-

440 2784 574 2829 men
609 2774 737 2829 erat
764 2765 1127 2847 Epluestion,
1158 2766 1453 2845 rogabant
1497 2777 1561 2828 ut
1593 2768 1724 2848 ipse
1753 2787 1990 2849 quoque
2018 2787 2088 2832 ea

436 2874 566 2936 qua:
597 2854 723 2929 alii,
759 2855 1159 2935 participaret.
1209 2855 1353 2918 Cum
1413 2856 1461 2917 is
1519 2864 1714 2918 autem
1756 2866 2082 2938 recusaret,

435 2944 580 3025 quid
615 2964 732 3007 non
766 2944 904 3006 fecit
936 2944 1188 3018 Melana,
1246 2945 1450 3007 volens
1491 2945 1547 3007 ei
1608 2947 1971 3025 persuadere
2024 2957 2090 3010 ut

434 3033 785 3116 acciperet?
818 3034 959 3097 Cum
995 3053 1133 3097 vero
1180 3053 1298 3096 non
1350 3035 1759 3117 persuaderet,
1797 3036 1909 3098 tale
1939 3037 2082 3117 quid

434 3123 632 3186 statim
691 3124 1086 3205 machinatur,
1156 3124 1313 3204 quod
1375 3123 1618 3205 quidem
1679 3125 2085 3205 pulcherrime

431 3214 745 3278 amborum
777 3230 979 3294 parem
1011 3212 1334 3275 declaravit
1365 3213 1789 3289 constantiam,
1842 3214 2085 3276 Melana:

2175 1983 2286 2038 πει,
2344 1960 2491 2028 ἠξίου
2534 1983 2592 2017 τε
2653 1961 2859 2027 σκηνὴν
2926 1961 3226 2040 εὐτρεπίσαι
3269 1961 3435 2037 ταύτῃ
3493 1960 3548 2015 ἐν
3589 1966 3666 2034 τῷ
3717 1961 3829 2041 ὄρει

2172 2057 2277 2107 τῶν
2340 2049 2591 2109 Ἐλαιῶν.
2656 2050 2721 2107 Ἢ
2780 2049 2834 2106 δὲ
2897 2052 3103 2123 σύναμα
3161 2057 3237 2125 τῷ
3285 2050 3583 2123 Ἀπενιανῷ
3613 2052 3685 2113 εἰς
3718 2052 3832 2107 Λῖ-

2172 2162 2371 2218 γυπτον
2429 2140 2733 2219 ἀφικνεῖτο,
2781 2142 2914 2215 ὁμοῦ
2965 2140 3063 2214 μὲν
3122 2141 3398 2218 ἱστορῆσαι
3459 2142 3546 2196 καὶ
3588 2141 3709 2205 τοὺς
3768 2140 3827 2196 ἐν

2172 2231 2340 2307 ταύτῃ
2396 2230 2576 2308 ἁγίους
2635 2228 2821 2308 ἄνδρας
2875 2229 3211 2305 βουλόμενοι,
3266 2229 3399 2304 ἐμοῦ
3462 2227 3516 2285 δὲ
3575 2230 3663 2285 καὶ
3704 2244 3827 2292 τοῖς

2176 2319 2350 2376 ἐκεῖσε
2405 2319 2594 2386 πένησι
2640 2324 2738 2386 τῆς
2798 2319 2995 2374 ἑαυτῶν
3044 2319 3422 2397 χρηστότητος
3472 2316 3820 2394 μεταδοῦναι.

2174 2409 2328 2467 Οὗτοι
2360 2408 2458 2483 μὲν
2490 2408 2578 2464 οὖν
2610 2407 2830 2474 ἥκοντες
2864 2406 2946 2487 ἐφ’
2999 2410 3147 2481 ᾧπερ
3201 2409 3334 2474 ἧκον
3392 2409 3478 2465 καὶ
3536 2406 3800 2488 ἔπραττον

2172 2500 2259 2554 καὶ
2289 2500 2409 2563 τοὺς
2443 2499 2679 2565 ἀσκητὰς
2711 2500 3074 2578 περιήρχοντο
3109 2518 3120 2530 ·

2173 2594 2275 2644 νῶν
2320 2587 2627 2651 ἐπιστάντες
2672 2586 2788 2654 ἥτις
2843 2585 3002 2669 ἄνδρα
3065 2586 3318 2665 μέγιστον
3372 2589 3444 2653 εἷς
3502 2586 3821 2669 φιλοσοφίαν

2170 2676 2295 2755 παρ’
2347 2678 2510 2755 ἑαυτῇ
2568 2676 2747 2755 ἔφερεν
2786 2724 2802 2757 ,
2862 2668 3184 2754 Ἡφαιστίων
3270 2677 3410 2751 αύτῷ
3469 2680 3529 2733 τὸ
3599 2668 3770 2753 ὄνομα
3805 2695 3818 2709 ⁸

2170 2765 2377 2824 ἐδέοντο
2433 2768 2521 2824 καὶ
2578 2766 2733 2823 αἰιτὸν
2792 2766 2867 2822 ῶν
2921 2764 3114 2823 ἐδίδουν
3168 2779 3286 2831 τοῖς
3346 2764 3531 2830 ἄλλοις
3576 2766 3822 2842 μεταλά-

2168 2854 2307 2919 ϐεῖν.
2369 2865 2474 2916 Τοῦ
2528 2854 2580 2912 δὲ
2628 2856 3083 2935 παραιτουμένου,
3134 2856 3352 2922 Μελάνη
3396 2856 3446 2912 τί
3506 2857 3585 2932 μὴ
3629 2856 3821 2933 ἐποίει,

2169 2960 2355 3003 πεῖσαι
2408 2947 2501 3003 τὸν
2561 2943 2720 3025 ἄνδρα
2776 2944 3080 3022 βουλομένη
3142 2942 3331 3002 λαϐεῖν
3370 2968 3385 3022 ς
3430 2943 3580 3003 Ἐπεὶ
3634 2944 3690 3002 δὲ
3743 2949 3823 3020 μὴ

2167 3034 2366 3111 ἔπειθε,
2428 3037 2742 3115 μηχανᾶταί
2798 3057 2847 3091 τι
2892 3036 3037 3100 εὐθὺς
3087 3037 3116 3104 ἡ
3175 3035 3407 3111 μακαρία
3459 3034 3589 3113 ὅπερ
3636 3035 3820 3115 ἀμφο-

2166 3124 2331 3203 τέρων
2374 3125 2565 3194 ἐπίσης
2611 3125 2752 3182 εἶναι
2794 3126 2893 3193 τὴν
2954 3125 3220 3206 ἔνστασιν,
3276 3124 3435 3193 αὐτῆς
3486 3146 3543 3181 τε
3587 3126 3703 3202 περὶ
3750 3126 3813 3180 τὸ

2168 3218 2490 3293 εὐεργετεῖν,
2559 3215 2801 3272 κάκείνου
2873 3217 2991 3292 περὶ
3047 3218 3106 3272 τὸ
3164 3212 3332 3289 μηδὲν
3390 3218 3659 3283 πεισθῆναι
3702 3219 3810 3270 τῶν

3178 2504 3275 2573 μιᾷ
3303 2496 3357 2554 δέ
3400 2521 3503 2554 τινι
3547 2500 3654 2555 τῶν
3680 2521 3823 2567 σκη-

434 3304 507 3366 ad
542 3282 1140 3379 benefaciendum,et
1167 3301 1563 3385 Ephaestionis
1591 3304 1663 3366 ad
1699 3282 1836 3378 hoc,
1870 3312 1935 3366 ut
1964 3323 2084 3367 non

2174 3282 2502 3383 ἀνθ-ρίοπίνων
2535 3302 2741 3379 λαϐεῖν,
2776 3282 3127 3385 ἀκριϐέστατα
3157 3282 3467 3386 διεσάφησε.

434 3393 903 3476 persuaderetur
953 3411 1021 3455 ex
1079 3391 1261 3455 rebus
1310 3392 1586 3456 humanis
1647 3392 1869 3474 aliquid
1922 3394 2085 3457 acci-

434 3502 704 3638 Ρθξξὲιιι.
738 3571 953 3637 Obibat
981 3575 1141 3636 enim
1180 3572 1627 3657 domunculam,
1663 3582 1931 3637 scrutans
1961 3593 2085 3637 om-

2251 3573 2378 3635 KB'.
2428 3575 2758 3655 Περιήρχετο
2816 3574 2915 3654 γὰρ
2960 3576 3053 3632 τὸν
3115 3576 3354 3633 οἰκίσκον
3408 3574 3618 3636 ἅπαντα
3660 3574 3816 3645 δῆθεν

430 3682 736 3745 nem,quaa
766 3664 824 3725 in
854 3682 922 3726 ea
953 3672 1101 3738 erat,
1136 3663 1578 3745 supellectilem
1621 3682 1635 3724 :
1671 3677 1895 3727 etcum
1929 3664 2079 3727 nihil

2174 3663 2496 3743 ἀνερευνῶσα
2547 3665 2612 3721 τὰ
2682 3664 2736 3721 ἐν
2796 3668 2939 3739 αὐτῷ
3002 3666 3193 3740 σκεύη,
3272 3667 3360 3723 καὶ
3411 3664 3579 3742 μηδὲν
3637 3665 3819 3745 ἕτερον

429 3754 588 3816 aliud
626 3753 870 3816 vidisset
927 3753 1042 3815 nisi
1102 3762 1359 3816 stoream
1392 3763 1452 3815 et
1484 3754 1838 3834 sportulam,
1872 3753 1933 3816 in
1966 3773 2082 3837 qua

2174 3751 2429 3837 i806¢a_si
2477 3755 2555 3829 μὴ
2636 3754 2845 3830 ψιάθιον
2901 3755 2987 3810 καὶ
3049 3752 3268 3831 σπυριδα
3325 3755 3502 3836 βραχὺ
3558 3755 3818 3835 φέρουσαν

430 3843 517 3906 sal
550 3854 680 3905 erat
699 3842 1021 3922 repositus,
1061 3862 1194 3906 cum
1227 3843 1337 3906 sub
1369 3863 1439 3904 eo
1490 3845 1612 3907 sale
1642 3843 1898 3924 aliquam
1949 3834 2082 3908 auri

2174 3843 2317 3910 ἴλας.
2354 3834 2485 3900 ’Υπδ
2528 3844 2745 3908 τούτους
2776 3846 2899 3908 τοὺς
2932 3842 3065 3909 ἅλας
3117 3844 3336 3925 χρυσίου
3364 3834 3649 3923 ντιτμέρος
3708 3869 3816 3904 κα-

430 3941 659 4013 partem
696 3931 992 4013 posuisset
1021 3944 1082 3995 et
1134 3932 1467 4007 iufodisset,
1522 3941 1586 3995 ut
1615 3953 1747 4015 quae
1785 3933 2077 4010 latuisset,

2174 3938 2385 3992 ταθεῖσα
2436 3935 2523 3990 καὶ
2582 3935 2937 4014 περιχώσασα
2985 3937 3059 3999 ὡς
3146 3932 3211 4002 δὴ
3289 3930 3549 4006 λαϐοῦσα,
3612 3933 3816 4013 σπουδῇ

432 4040 648 4103 magno
678 4023 872 4086 studio
906 4040 1113 4102 preces
1170 4021 1245 4084 ab
1304 4040 1375 4085 eo
1412 4025 1703 4105 poposcit.
1761 4023 1916 4097 Quas
1945 4044 2078 4087 cum

2174 4024 2261 4093 τὴν
2320 4024 2489 4104 εὒχὴν
2544 4023 2761 4099 ἀπῄτει,
2823 4025 2909 4080 καὶ
2960 4034 3197 4105 τυχοῦσα
3257 4023 3421 4099 ἐξῄει.
3485 4022 3636 4081 Ἀλλ’
3667 4023 3816 4084 οὐδὲν

427 4115 811 4188 impetrasset,
842 4118 1004 4176 exiit.
1038 4116 1146 4175 Sed
1179 4116 1348 4182 nihil,
1382 4118 1433 4175 ei
1493 4119 1704 4189 profuit
1742 4119 1851 4176 hoc
1879 4119 2082 4177 inven-

2174 4113 2416 4170 ὶπώνατο
2456 4118 2550 4169 τοῦ
2601 4113 2928 4190 σοφίσματος
2962 4127 2977 4141 '
3027 4114 3055 4169 ὁ
3099 4113 3198 4192 γὰρ
3243 4114 3379 4192 ἱερὸς
3428 4110 3633 4174 ἐκεῖνος
3678 4111 3816 4192 ἀνὴρ

433 4214 583 4265 tum.
622 4201 766 4266 Cum
793 4202 952 4265 enim
986 4202 1076 4264 vir
1105 4202 1205 4265 ille
1240 4213 1653 4267 sacrosanctus
1682 4204 1742 4265 id
1776 4204 2082 4282 cognovis-

2174 4204 2315 4280 γνοὺς
2376 4200 2554 4281 δρόμῳ
2586 4223 2640 4258 τε
2690 4202 2763 4265 ὡς
2796 4201 2953 4281 εἶχεν
2988 4201 3193 4281 ἐχρῆτο
3248 4205 3337 4259 καὶ
3392 4208 3463 4280 τῇ
3491 4207 3644 4282 φωνῇ
3672 4201 3812 4282 πόῤ-

427 4298 542 4369 set,
574 4311 785 4372 magno
815 4310 993 4355 cursu
1055 4292 1382 4371 contendit,
1443 4301 1502 4355 et
1559 4312 1664 4355 eos
1696 4311 1839 4355 voce
1869 4294 2077 4374 procul

2174 4292 2322 4348 SwOav
2380 4290 2568 4353 αὐτοὺς
2629 4290 2853 4370 ἐπεῖχεν
2889 4309 2901 4320 ’
2966 4291 3092 4349 εἶτα
3143 4292 3233 4348 καὶ
3288 4304 3412 4355 ταῖς
3471 4296 3654 4372 χερσὶν
3689 4291 3814 4349 ἐπι-

427 4380 625 4443 stitit:
662 4389 722 4443 et
774 4380 1043 4444 manibus
1099 4400 1309 4444 aurum
1361 4381 1634 4464 quatiens
1680 4381 1965 4457 ostendit,
2021 4391 2081 4444 et

2174 4380 2317 4437 κείων
2373 4382 2465 4437 τὸν
2522 4381 2723 4460 χρυσὸν
2787 4377 3007 4461 ἐδείκνυ,
3074 4383 3160 4438 καὶ
3223 4383 3296 4446 ὡς
3342 4383 3437 4438 οὒκ
3496 4381 3613 4462 ἔχει
3669 4382 3815 4457 αὒτῷ

427 4472 577 4535 dixit
607 4490 673 4533 se
704 4471 962 4548 nescire,
996 4470 1068 4533 ad
1104 4472 1245 4553 quid
1282 4491 1353 4535 eo
1404 4480 1689 4534 uteretur.
1726 4472 1870 4532 Cum
1902 4471 1942 4530 ii
1975 4490 2075 4533 au-

2174 4471 2296 4527 ιατὰ
2351 4470 2400 4527 τί
2444 4470 2744 4549 χρήσασθαι
2806 4468 2976 4548 ἔλεγε.
3033 4476 3148 4529 Τῶν
3192 4469 3248 4526 δὲ
3293 4471 3578 4551 εἰπόντων,
3626 4471 3697 4535 ὡς
3754 4473 3813 4529 Εἰ

426 4571 550 4624 tem
584 4560 876 4623 dixissent
907 4579 920 4622 :
956 4560 1018 4623 Si
1070 4580 1186 4624 non
1221 4560 1328 4623 tibi
1361 4562 1631 4637 omnino,
1666 4567 1726 4622 at
1777 4560 2077 4638 aliquibus

2174 4559 2238 4627 αή
2295 4560 2377 4616 σοί
2409 4582 2470 4638 γε
2502 4560 2737 4635 πάντως,
2773 4558 2893 4617 ἀλλ’
2940 4560 3147 4639 ἑτέροις
3177 4562 3285 4618 τισὶ
3316 4562 3593 4641 χρήσιμος
3629 4560 3808 4635 ἔσται,

428 4650 565 4713 aliis
588 4656 699 4713 erit
729 4650 893 4712 utile.
924 4684 1003 4695 —
1035 4650 1213 4732 Atqui
1245 4670 1364 4713 non
1410 4650 1548 4725 erit,
1583 4650 1799 4732 inquit,
1831 4650 2071 4731 aliquis,

2174 4649 2261 4707 Καὶ
2316 4650 2423 4724 μὴν
2478 4647 2594 4707 οὐδὲ
2644 4647 2790 4706 ἔσται
2853 4672 2929 4715 τις
2983 4654 3010 4707 ὁ
3042 4651 3273 4721 αἰτήσων
3309 4650 3527 4707 ἐνταῦθα
3562 4667 3576 4681 ⁶
3612 4646 3811 4728 ἄπορος

427 4740 531 4822 qui
563 4741 660 4803 hic
694 4738 857 4821 petit,
896 4748 985 4803 est
1019 4731 1177 4804 enim
1232 4745 1460 4823 pauper
1510 4731 1705 4815 locus,
1736 4748 1801 4801 ut
1833 4740 2071 4823 videtis,

2174 4740 2282 4819 (ἀρ,
2328 4740 2399 4805 ὡς
2457 4742 2633 4818 ὁρᾶτε,
2681 4741 2709 4795 ὁ
2752 4740 2939 4815 τόπος,
2974 4741 3061 4797 καὶ
3091 4739 3275 4803 δεινῶς
3332 4739 3555 4817 ἔρημος.
3606 4731 3696 4806 Ὠς
3753 4739 3811 4796 δὲ

427 4837 489 4894 et
511 4829 829 4893 admodum
862 4829 1159 4893 desertus.
1195 4828 1341 4894 Cum
1400 4848 1538 4892 vero
1606 4848 1681 4892 ne
1712 4831 1798 4892 sic
1830 4830 2073 4909 quidem

2174 4826 2296 4898 ιηδὲ
2356 4828 2523 4895 οὕτως
2554 4828 2794 4911 ἐδέχετο,
2850 4831 3078 4908 ῥίψαντα
3122 4831 3260 4890 κατά
3307 4836 3402 4887 τοῦ
3443 4830 3687 4907 ποταμοῦ
3717 4831 3809 4888 τὸν

429 4920 800 5001 acciperent,
828 4938 973 4982 auro
1008 4920 1066 4981 in
1104 4919 1348 4982 ﬂuvium
1375 4919 1563 5000 jacto,
1585 4920 1832 4983 recessit
1861 4938 2073 4984 senex.

2174 4920 2358 5000 ίρυσδν
2389 4920 2744 5001 ἀναχωρῆσαι
2799 4921 2889 4976 τὸν
2920 4919 3166 4999 γέροντα,
3221 4920 3310 4977 καὶ
3357 4917 3540 4983 ἄλλοις
3571 4918 3627 4976 δέ
3678 4942 3810 5001 φασι

433 5010 501 5073 In
539 5008 693 5072 alios
722 5026 961 5090 quoque
1006 5027 1126 5071 non
1157 5027 1378 5090 paucos
1406 5009 1709 5088 ejusmodi
1761 5009 1928 5071 aiunt
1972 5027 2076 5073 eos

2174 5010 2416 5076 τοιούτοις
2458 5012 2555 5067 οὒκ
2614 5007 2814 5088 ὀλίγοις
2870 5021 3184 5090 περιτυχεῖν
3227 5008 3320 5074 οἷς
3360 5009 3450 5067 καὶ
3491 5012 3553 5066 τὺ
3605 5011 3812 5091 χρυσὸν

426 5097 722 5170 incidisse,
753 5099 850 5170 qui
883 5112 1048 5169 aeque
1079 5098 1355 5156 cavebant
1388 5098 1625 5155 omnino
1656 5111 1861 5158 aurum
1898 5114 2073 5158 manu

425 5184 499 5246 ab
529 5183 730 5266 aliquo
759 5181 1250 5263 accipere,atque
1279 5182 1439 5246 virus
1473 5185 1795 5266 serpentis,
1830 5192 1930 5248 aut
1958 5185 2074 5247 ali-

423 5277 567 5359 quid
599 5277 758 5340 aliud
790 5275 1162 5339 mortiferum
1194 5283 1255 5339 et
1300 5276 1536 5341 exitiale
1585 5298 1693 5342 sua
1737 5289 1951 5360 sponte
1984 5280 2074 5342 bi-

423 5364 593 5433 bere.
627 5366 774 5430 Cum
808 5363 1025 5428 talibus
1057 5383 1197 5445 ergo
1229 5371 1288 5428 in
1314 5366 1565 5449 ngypto
1591 5368 2074 5453 fuissentrepleti

422 5454 753 5530 miraculis,
780 5456 1006 5516 reversi
1035 5464 1177 5518 sunt
1200 5457 1712 5536 Alexandriam,et
1743 5479 1877 5523 cum
1913 5462 2065 5524 mul-

430 5551 624 5607 torum
656 5543 953 5606 bonorum
985 5543 1270 5626 virorum,
1299 5547 1401 5630 qui
1430 5548 1556 5611 illic
1587 5560 1780 5629 erant,
1812 5570 2068 5615 consue-

424 5631 633 5699 tudine
662 5650 728 5700 se
755 5634 1023 5700 secundo
1054 5636 1468 5721 exsatiassent,
1504 5639 1757 5724 protecti
1812 5648 1953 5705 sunt
2007 5640 2069 5705 in

2159 5100 2297 5167 ὅλως
2354 5099 2421 5177 τῇ
2464 5100 2606 5181 χειρὶ
2662 5100 2804 5177 παρά
2863 5120 2955 5155 του
3012 5096 3198 5156 λαϐεῖν
3253 5098 3441 5168 ἐπίσης
3501 5098 3812 5181 πεφύλακτο

2156 5195 2234 5264 τῷ
2284 5190 2372 5247 καὶ
2407 5190 2485 5245 ἰὸν
2539 5187 2711 5269 ὄφεως
2773 5184 2955 5244 ἑκοντὲ
3014 5186 3050 5255 ἢ
3108 5186 3240 5246 ἄλλο
3283 5210 3334 5245 τι
3363 5194 3469 5245 τῶν
3500 5186 3810 5263 θανασίμων

2157 5286 2245 5338 καὶ
2303 5282 2601 5360 φθαρτικῶν
2686 5276 2919 5336 ἐκπιεῖν.
3005 5277 3268 5336 Τοιούτων
3345 5277 3434 5335 οῦν
3518 5277 3617 5336 τῶν
3687 5277 3810 5335 κατ’

2156 5368 2430 5447 Αἴγυπτον
2477 5365 2876 5443 ἐμπλησθέντες
2933 5367 3239 5447 θαυμάτων,
3300 5365 3443 5433 αὖθις
3500 5368 3574 5433 εἰς
3633 5363 3803 5425 Ἀλε-

2155 5457 2421 5535 ξάνδρειαν
2481 5456 2856 5537 ἐπανήρχοντο
2886 5458 2976 5514 ’καὶ
3004 5459 3108 5513 τῶν
3157 5456 3213 5512 ἐν
3260 5456 3438 5533 ἐκείνῃ
3501 5458 3562 5514 τὸ
3618 5454 3810 5513 δεύτε-

2154 5571 2242 5629 ρον
2299 5546 2687 5628 ἐμφορηθέντες
2746 5545 2963 5604 πολλῶν
3018 5569 3075 5605 τε
3154 5548 3244 5604 καὶ
3304 5546 3515 5624 ἀγαθῶν
3574 5545 3807 5628 ἀνδρῶν,

2153 5640 2241 5701 ἐπὶ
2298 5637 2367 5697 τὰ
2417 5634 2517 5721 ὅρη
2572 5635 2989 5719 μετιστέλλοντο
3043 5638 3081 5694 ἂ
3138 5635 3306 5711 οὕτως
3350 5635 3538 5723 ἔλεγον
3602 5639 3661 5698 τὸ
3702 5642 3810 5711 τῆς
