4066 6420
227 363 348 436 7'77

1558 365 1745 433 VITA
1790 362 1850 431 S.
1917 359 2280 433 MELAN/E.

3500 353 3622 434 778

229 508 488 587 Νητρίας.
558 505 947 584 Συγγενόμενοι
999 503 1055 561 δὲ
1112 507 1356 570 καὶτοῖς
1411 508 1466 561 ἓν
1524 505 1744 572 ἐκείνοις
1789 509 1880 562 ἂν·

1975 503 2341 582 montes,qui
2365 501 2646 566 dicuntur
2666 498 2893 567 Nitria.
2924 503 3238 582 Congressi
3273 511 3471 567 autem
3495 504 3620 568 illic

230 596 384 678 δράσι
421 596 726 676 φιλαρέτοις
785 598 871 652 καὶ
925 596 1063 652 κατᾶ
1124 597 1220 660 τὰς
1279 594 1528 671 μελίττας
1589 596 1730 654 ἅπαν
1785 595 1882 652 ἄν·

226 692 314 749 θος
360 687 558 765 ἀρετῆς
591 683 1000 766 συλλεξάμενοι,
1049 683 1275 764 πλήρεις
1321 685 1532 766 ἀγαθῶν
1583 688 1658 750 εἰς
1691 683 1879 766 Ἰερου-

229 776 416 852 σαλὴμ
472 775 800 852 ἐπανῂεσαν.
865 765 1186 851 Ἠτοίμαστο
1245 774 1300 831 δὲ
1357 765 1442 832 καὶ
1498 775 1533 842 ἠ
1583 765 1771 843 σκηνὴί
1814 783 1882 853 τῇ

232 866 456 942 Μελάνῃ
487 867 624 922 κατὰ
679 871 786 922 τῶν
821 856 1048 922 Ἐλαιῶν
1092 864 1236 944 ὅρος,
1295 864 1475 943 ὥσπερ
1531 865 1630 942 ἄρα
1671 866 1761 922 καὶ
1815 871 1884 943 τῇ

227 961 403 1035 μητρὶ
455 955 839 1036 ἐπετέτραπτο.
905 955 1088 1012 Αίσίαν
1146 953 1201 1011 δὲ
1273 955 1449 1035 ἀρχὴν
1509 953 1742 1014 λαϐοῦσα
1784 957 1881 1025 τὴν

223 1054 332 1104 τῶν
375 1046 580 1103 Φώτων
612 1043 840 1122 ἡμέραν,
903 1045 1096 1112 ἑαυτὴν
1127 1045 1204 1119 τῷ
1263 1045 1481 1119 οἰκίσκῳ
1521 1046 1879 1127 καθείργνυσι,

225 1138 312 1192 καὶ
381 1137 547 1210 νόμον
605 1135 810 1202 τίθησιν
868 1134 1033 1212 ἑαυτῇ
1104 1139 1212 1190 τῶν
1272 1135 1370 1210 μὲν
1446 1133 1624 1192 ἄλλων
1681 1134 1884 1212 μηδένα

226 1227 365 1300 μήτε
427 1227 554 1301 ὁρᾷν
613 1225 752 1300 μήτε
806 1224 912 1300 μὴν
968 1224 1071 1280 ὕπὸ
1115 1222 1344 1300 μηδενὸς
1406 1227 1644 1304 δρᾶσθαι,
1720 1227 1883 1305 μητρὶ

225 1314 279 1370 δὲ
326 1315 492 1381 αὐτῆς
555 1316 641 1370 καὶ
696 1320 775 1388 τῷ
835 1311 1002 1370 πάλαι
1035 1315 1132 1387 μὲν
1176 1321 1267 1370 τοῦ
1311 1314 1508 1394 γάμου,
1558 1317 1678 1371 τότε
1709 1314 1762 1371 δὲ
1793 1317 1883 1372 αὒ-

225 1404 326 1473 τῆς
398 1410 644 1478 κοινωνῷ
703 1402 846 1481 ἀνδρὶ
933 1404 1068 1459 κατὰ
1153 1401 1392 1482 περίοδον
1448 1407 1666 1483 ἡμερῶν
1723 1405 1880 1462 πέντε

227 1493 366 1560 ἅπαξ
412 1496 630 1570 δρᾶσθαι
668 1541 682 1568 ,
748 1495 834 1550 καὶ
909 1499 978 1570 τῇ
1062 1492 1318 1575 ἀδελφιδῇ
1390 1493 1443 1550 δὲ
1507 1495 1705 1570 ὁμοίως
1786 1495 1882 1552 οὒκ

226 1585 447 1641 ἀθέατον
480 1584 624 1640 εἶναι
659 1599 674 1614 ⁹
722 1584 921 1650 ταύτην
964 1583 1065 1660 γὰρ
1110 1583 1170 1638 ἐκ
1227 1583 1426 1640 πολλοῦ
1456 1583 1718 1665 ἐτύγχανε
1750 1607 1883 1642 παι-

228 1673 546 1754 δαγωγοῦσα
601 1674 689 1730 καὶ
722 1672 906 1752 πλήρη
950 1673 1112 1750 τύφου
1169 1675 1256 1731 καὶ
1313 1672 1620 1750 Ῥωμαϊκοῦ
1679 1676 1881 1754 φρονή-

229 1787 400 1839 ματος
476 1764 636 1822 οὖσαν
695 1766 768 1826 εἷς
830 1763 1074 1843 ἐσχάτην
1133 1763 1302 1842 ἤγαγε
1383 1765 1834 1844 μετριορροσύνην
1863 1813 1878 1844 ,

233 1855 321 1911 καὶ
373 1853 512 1912 οὕτω
569 1853 773 1931 μᾶλλον
833 1859 928 1910 τοῦ
971 1851 1139 1929 ὕψους
1204 1855 1489 1934 ἐπιτυχεῖν
1542 1859 1877 1933 παρεσκεύα-

239 1965 353 2004 σεν.

319 2032 440 2099 Kl".
501 2041 702 2092 Τοῦτον
763 2032 889 2090 ὅλον
963 2032 1364 2091 ἐπιπονώτατόν
1441 2057 1566 2114 φασι
1642 2033 1882 2112 γενέσθαι

229 2131 296 2201 τῇ
352 2123 568 2200 Μελάνῃ
618 2127 711 2182 τὸν
754 2125 866 2201 βίοι
915 2126 987 2190 εἷς
1039 2123 1134 2191 ἐτη
1181 2123 1657 2204 τεσσαρεσκαίδεκα
1694 2144 1709 2161 '
1760 2125 1884 2182 εἶτα

227 2216 322 2282 τῆς
380 2216 588 2294 μητρὸς
645 2218 779 2291 αὐτῇ
840 2215 1208 2295 μετὰστάσης,
1262 2216 1438 2282 ἐκείνη
1499 2227 1617 2278 τοῖς
1665 2235 1881 2291 νενομι-

231 2304 448 2379 σμένοις
507 2304 672 2373 αὒτὴν
727 2306 1007 2381 τιμήσασα
1065 2306 1154 2361 καὶ
1221 2306 1313 2361 τὸν
1369 2305 1551 2382 νεκρὸν
1608 2305 1878 2373 περιστεί-

228 2393 386 2466 λασα,
449 2395 504 2449 ἐν
564 2395 783 2468 οἰκίσκῳ
837 2393 998 2474 ἑτέρῳ
1039 2395 1132 2450 τὸν
1183 2395 1421 2451 ἐνιαυτὸν
1465 2395 1670 2451 ἐκεῖνον
1701 2393 1880 2472 διῆγεν

227 2484 459 2564 ἀφεγγεῖ
488 2505 545 2539 τε
605 2485 690 2540 καὶ
747 2483 918 2540 τᾶλλα
979 2487 1057 2559 τῷ
1085 2485 1186 2561 πρὸ
1215 2491 1308 2541 τοῦ
1340 2485 1530 2560 ὁμοίῳ,
1566 2483 1683 2541 ἔνθα
1725 2486 1786 2540 τό
1822 2505 1879 2540 τε

224 2576 416 2638 πένθος
475 2575 563 2630 καὶ
618 2575 717 2642 τὴν
774 2571 1002 2642 ἄσκησιν
1072 2579 1160 2630 καί
1223 2574 1325 2641 τὴν
1369 2574 1616 2641 νηστείαν
1673 2573 1877 2630 ἐπιτεί-

229 2686 388 2721 νουσα
447 2662 542 2730 ἧν,
606 2665 751 2721 Μετὰ
792 2662 844 2720 δέ
897 2665 1086 2736 ταύτα,
1141 2665 1242 2730 τῆς
1293 2666 1482 2743 φήμης
1533 2663 1881 2744 ἁπανταχόσε

226 2751 603 2821 διαϐαινούσης
661 2755 748 2811 καὶ
789 2753 1009 2811 πολλῶν
1051 2754 1122 2818 ὣς
1180 2755 1346 2821 αὑτὴν
1405 2755 1732 2831 φοιτώντων,
1793 2754 1880 2809 καὶ

228 2842 492 2901 κοινόϐιον
575 2845 710 2921 αὑτῇ
778 2843 979 2923 γίνεται
1053 2843 1328 2922 παρθένων
1376 2844 1537 2901 πλέον
1593 2843 1630 2912 ἢ
1689 2844 1878 2913 ἐνενή-

228 2955 419 3008 κοντα,
477 2934 532 2990 ἐν
587 2933 633 3008 ᾧ
696 2937 756 2993 οὗ
801 2933 1050 3012 παρθένοι
1083 2933 1269 3009 μόνον,
1334 2933 1472 2992 ἀλλὰ
1529 2932 1624 2990 καί
1681 2932 1879 2990 πολλαὶ

234 3029 344 3080 τῶν
404 3023 644 3097 ἀσεμνων
701 3021 880 3080 πολλὰ
934 3025 1145 3104 χαίρειν
1204 3024 1444 3080 εἰποῦσαι
1503 3029 1580 3091 τῷ
1638 3021 1882 3100 προτέρῳ

227 3115 331 3191 βίῳ
359 3115 445 3170 καὶ
475 3112 695 3181 ἡδοναῖς
726 3115 823 3182 τὴν
868 3114 1040 3182 καλὴν
1071 3112 1238 3178 ὅντως
1295 3113 1582 3170 ἀλλοίωσιν
1642 3112 1884 3181 ἠλλοιώ-

1969 611 2205 674 quoque
2226 611 2358 654 cum
2383 593 2523 654 viris
2551 595 2778 657 virtutis
2811 595 3120 675 studiosis,
3149 597 3253 675 qui
3279 594 3404 657 illic
3427 603 3620 671 erant,

1967 701 2103 744 cum
2135 683 2321 743 instar
2349 701 2527 762 apum
2561 701 2800 745 omnem
2829 685 3040 746 ﬂorem
3076 683 3313 747 virtutis
3343 683 3624 764 collegis-

1965 779 2119 848 sent,
2150 771 2310 852 pleni
2357 770 2531 834 bonis
2555 773 2866 835 redierunt
2893 772 3334 854 Hierosolyma.
3371 773 3623 836 Melana

1966 881 2102 923 vero
2127 870 2395 943 paratum
2419 871 2545 924 erat
2568 863 3018 925 tabernaculum
3045 862 3107 925 in
3141 872 3349 926 mente
3382 862 3617 939 Oliveti,

1966 952 2119 1014 sicut
2143 952 2315 1014 matri
2338 953 2682 1014 mandatum
2709 953 2922 1016 fuerat.
2958 954 3105 1015 Cum
3126 953 3381 1016 faustum
3412 964 3617 1018 autem

1965 1041 2299 1121 accepisset
2331 1041 2696 1121 principium
2731 1042 3501 1124 diem-luminum,seipsam
3523 1049 3622 1105 in-

1967 1131 2153 1193 cludit
2187 1131 2250 1192 in
2285 1131 2663 1208 domuncula,
2700 1140 2760 1193 et
2789 1131 2982 1211 legem
3043 1131 3159 1193 sibi
3217 1133 3495 1214 imponit,
3556 1140 3623 1196 ut

1966 1221 2218 1284 aliorum
2251 1221 2495 1301 quidem
2528 1220 2755 1282 nullum
2791 1240 2985 1302 neque
3013 1221 3240 1300 videat,
3299 1241 3496 1303 neque
3544 1222 3620 1285 ab

1964 1311 2084 1372 ullo
2120 1311 2386 1372 videatur
2421 1330 2434 1370 :
2471 1329 2505 1372 a
2539 1319 2728 1372 matre
2761 1319 2985 1386 autem,
3024 1318 3084 1373 et
3113 1312 3187 1373 ab
3237 1330 3308 1375 eo
3339 1313 3442 1394 qui
3471 1312 3618 1374 olim

1965 1400 2256 1480 conjugii,
2292 1409 2432 1462 tunc
2479 1418 2615 1463 vero
2672 1409 2799 1462 erat
2860 1401 3138 1463 laborum
3172 1403 3394 1475 socius,
3431 1409 3618 1485 spatio

1965 1491 2234 1572 quinque
2263 1491 2498 1552 dierum
2533 1492 2724 1553 semel
2757 1491 3084 1568 videretur,
3119 1501 3178 1554 et
3220 1491 3499 1556 similiter
3527 1494 3623 1556 sui

1968 1589 2275 1664 aspectum
2307 1599 2426 1642 non
2458 1580 2786 1661 denegaret
2842 1581 3257 1657 consobrina;
3295 1601 3426 1644 eam
3458 1584 3622 1646 enim

1961 1674 2086 1752 jam
2121 1675 2223 1735 diu
2255 1685 2396 1733 ante
2430 1671 2493 1732 in
2520 1689 2686 1733 suam
2734 1671 3111 1752 disciplinam
3138 1680 3443 1754 acceptam
3475 1692 3620 1736 eru-

1967 1761 2193 1842 diebat,
2227 1763 2587 1842 plenamque
2639 1761 2792 1824 fastu
2853 1770 2912 1826 et
2967 1765 3240 1824 Romano
3271 1763 3516 1845 spiritu,
3547 1764 3623 1827 ad

1909 1908 1944 1957 Β
1967 1860 2289 1913 extremam
2326 1852 2662 1914 deduxerat
2694 1851 3071 1957 modestiam,
3098 1861 3156 1914 et
3185 1853 3272 1915 sic
3303 1852 3520 1933 effecit,
3557 1862 3623 1918 ut

1966 1958 2264 2002 summum
2301 1946 2491 2017 magis
2523 1940 3027 2021 apprehenderet.

2048 2027 2432 2092 XXIllJlanc
2453 2030 2628 2109 longe
2653 2029 3182 2093 laboriosissimam
3209 2032 3389 2094 vitam
3413 2033 3622 2096 dicunt

1968 2121 2154 2182 fuisse
2176 2120 2430 2183 Melana
2453 2119 2523 2180 ad
2541 2137 2729 2181 annos
2746 2119 3460 2202 quatuordecim.Deinde
3479 2142 3619 2186 cum

1969 2220 2157 2273 mater
2187 2211 2243 2271 ei
2277 2209 2764 2288 emigrasset,illa
2788 2229 2920 2272 cum
2947 2212 3002 2273 ei
3018 2211 3196 2291 justis
3230 2211 3398 2275 factis
3426 2212 3618 2296 ipsam

1964 2301 2338 2375 honorasset,
2393 2308 2452 2362 et
2508 2319 2726 2380 corpus
2783 2302 3246 2381 composuisset,
3308 2302 3370 2364 in
3430 2302 3619 2365 altera

1963 2391 2327 2453 domuncula
2349 2409 2568 2452 annum
2601 2393 2912 2471 transegit,
2945 2410 3078 2473 qua
3099 2390 3338 2454 carebat
3368 2392 3526 2474 luce,
3562 2401 3621 2454 et

1964 2481 2187 2562 alioqui
2218 2487 2348 2542 erat
2380 2479 2564 2561 priori
2611 2481 2850 2560 similis,
2884 2481 2946 2541 in
2981 2501 3095 2562 qua
3128 2482 3491 2562 producebat
3521 2484 3618 2546 lu-

1965 2580 2122 2634 ctum
2154 2580 2210 2635 et
2238 2571 2722 2634 exercitationem
2747 2579 2804 2633 et
2819 2572 3138 2652 jejunium.
3171 2575 3386 2636 Postea
3415 2584 3616 2637 autem

1965 2681 2100 2724 cum
2135 2661 2290 2725 fama
2320 2661 2381 2723 in
2414 2681 2654 2724 omnem
2689 2670 2914 2743 partem
2944 2662 3321 2743 pervasisset,
3357 2673 3416 2727 et
3447 2664 3620 2726 multi

1963 2752 2035 2814 ad
2069 2771 2201 2813 eam
2260 2753 2648 2829 ventitarent,
2707 2753 2778 2813 ab
2837 2770 2908 2814 ea
2968 2771 3205 2834 quoque
3253 2755 3474 2817 factum
3526 2763 3618 2818 est

1965 2841 2308 2904 coenobium
2346 2842 2478 2922 plus
2500 2861 2676 2922 quam
2704 2841 3022 2922 nonaginta
3046 2843 3368 2923 virginum,
3403 2843 3465 2905 in
3497 2863 3615 2923 quo

1967 2952 2086 2994 non
2120 2931 2312 2993 solum
2341 2932 2626 3011 virgines,
2659 2933 2764 2993 sed
2800 2933 3002 2994 multa
3052 2933 3232 2995 etiam
3264 2952 3397 3015 qua
3440 2942 3616 2996 antea

1968 3023 2223 3102 turpiter
2279 3023 2571 3096 vixerant,
2633 3021 2894 3101 priorem
2955 3028 3130 3083 vitam
3193 3032 3254 3086 et
3285 3025 3618 3105 voluptates

1969 3113 2221 3174 multum
2257 3112 2456 3174 valere
2501 3111 2806 3192 jubentes,
2841 3129 2980 3174 vere
3009 3112 3318 3193 pulchram
3350 3114 3621 3177 fecerunt

225 3208 420 3271 θησαν.
481 3205 716 3261 Τίθενται
769 3203 826 3260 δὲ
877 3205 1093 3269 ταύταις
1160 3205 1248 3260 καὶ
1303 3205 1481 3280 νόμοι,
1540 3204 1600 3261 τὰ
1673 3204 1880 3279 μήποτε

1971 3201 2386 3264 mutationem.
2422 3200 2824 3282 Imponuntur
2851 3220 2994 3264 vero
3022 3204 3108 3265 eis
3138 3222 3378 3285 quoque
3423 3204 3610 3284 leges,

229 3297 368 3372 πρὸς
398 3293 596 3372 λόγους
646 3295 826 3352 ἐλθεῖν
876 3291 1042 3370 ἀνδρὶ,
1098 3296 1162 3351 τὸ
1233 3276 1501 3362 μηδέποτε
1566 3276 1685 3360 τῆς.
1715 3293 1880 3370 μονῆς

1969 3300 2034 3354 ut
2065 3311 2200 3354 cum
2228 3293 2354 3353 viro
2387 3276 2688 3372 nunquam
2716 3309 3056 3354 sermonem
3077 3276 3615 3375 conferantmeque

228 3384 490 3458 ἐξελθεῖν,
526 3406 588 3441 το
620 3384 805 3460 μόνοις
858 3385 1131 3464 ἀρκεῖσθαι
1192 3385 1313 3450 τοῖς
1355 3390 1456 3452 τῆς
1489 3389 1683 3464 μονῆς,
1715 3381 1882 3459 μηδὲν

227 3471 497 3551 μηδέποτε
556 3475 698 3553 παρὰ
754 3477 860 3531 τῶν
924 3473 1022 3547 ἔξῳ
1051 3471 1262 3536 λαϐεῖν.
1305 3476 1578 3553 Ἦγεμόνα
1608 3473 1662 3530 δὲ
1692 3473 1880 3553 ἐφίστη

227 3570 326 3632 τῆς
381 3585 619 3637 ποιμνης
654 3565 754 3644 οὐχ
813 3564 1031 3638 ἑαυτὴν,
1066 3563 1190 3619 ἀλλ’
1243 3562 1376 3632 αὕτη
1429 3565 1526 3640 μὲν
1573 3563 1881 3642 θεραπαινί-

227 3653 317 3720 δος
376 3658 568 3717 αὐταῖς
625 3653 936 3732 ὂιπεπλήρου
993 3652 1139 3719 τάξιν
1175 3673 1191 3691 ο
1265 3651 1403 3710 οὕτω
1477 3653 1577 3731 γὰρ
1636 3652 1880 3714 κάκείνας

230 3742 558 3824 ἀνασχέσθαι
589 3745 866 3824 πέπεικεν,
899 3743 975 3799 ἵν’
1006 3743 1117 3819 ἅμα
1165 3744 1251 3799 καὶ
1279 3745 1339 3799 τὸ
1383 3744 1512 3822 πρὸς
1547 3743 1711 3810 αὒτὴν
1755 3742 1881 3821 φίλ-

229 3856 352 3912 τρον
425 3833 634 3900 αὔξοιτο
666 3881 684 3910 ,
761 3836 848 3890 καὶ
929 3836 991 3890 τὸ
1049 3835 1145 3890 τοῦ
1195 3830 1496 3910 μετριάζειν
1551 3829 1882 3910 παράδειγμα

229 3925 449 4003 ἐγγύθεν
501 3925 689 3990 αὖταῖς
743 3923 856 3991 εἴη.
914 3921 1172 4003 Ἐδέχετο
1229 3921 1282 3978 δὲ
1348 3923 1444 3991 τὴν
1503 3919 1680 4001 ἀρχὴν
1732 3920 1882 4000 ἓτὲρα

231 4017 264 4084 ἡ
315 4015 404 4070 καὶ
460 4013 643 4092 τρόπῳ
672 4015 760 4071 καὶ
789 4013 937 4092 λόγῳ
966 4035 1073 4070 των
1131 4013 1336 4069 λοιπῶν
1387 4010 1702 4091 διαφερουσα
1737 4025 1752 4041 ⁸
1808 4012 1880 4073 ὡς

228 4105 432 4171 ταύτην
486 4105 584 4175 μὲν
636 4102 921 4172 δεσποίνης
957 4102 1122 4181 λόγον
1166 4103 1390 4182 ὲπὲχειν
1443 4102 1574 4176 πρὸς
1636 4101 1731 4164 τὰς
1788 4099 1877 4156 ὑπ’

233 4195 402 4261 «sese
443 4196 529 4250 καὶ
559 4193 764 4272 κυρίας,
830 4194 930 4261 τὴν
975 4193 1224 4260 Μελάνην
1275 4191 1330 4249 δὲ
1381 4197 1451 4269 τῇ
1479 4190 1728 4270 θεραπείᾳ
1784 4190 1881 4265 μὲν

235 4281 439 4348 δούλης
493 4289 558 4360 τῇ
610 4281 664 4339 δὲ
727 4283 1093 4364 φιλανθρωπίᾳ
1137 4283 1341 4361 μητρός
1375 4297 1388 4312 ⁶
1450 4279 1548 4337 κᾶν
1579 4281 1766 4337 εἴποτε
1826 4277 1879 4336 δὲ

229 4373 323 4430 καὶ
381 4370 568 4441 συνέϐη
629 4375 728 4430 τὸν
775 4373 872 4441 τῆς
933 4373 1239 4452 ἐγκρατείας
1288 4373 1440 4450 ζυγὸν
1481 4372 1582 4427 ὑπὸ
1613 4375 1712 4438 τῆς
1745 4392 1879 4450 προ-

230 4463 474 4530 εστώσης
525 4464 807 4543 βαρύτερον
891 4463 1197 4531 ἐπιτεθῆναι
1282 4474 1406 4524 ταῖς
1486 4459 1770 4540 ἀδελφαῖς,
1826 4459 1882 4525 ός

227 4564 358 4616 ταῖς
418 4552 825 4632 μαλακωτέραις
885 4555 970 4609 καὶ
1020 4553 1269 4633 φορτικὸς
1325 4552 1618 4630 ἐνομίζετο,
1651 4550 1884 4629 ἀρκοῦσα

1969 3401 2038 3445 ex
2075 3382 2436 3444 monasterio
2471 3388 2702 3462 exeant,
2736 3389 2796 3444 et
2843 3381 2915 3443 ab
2976 3382 3050 3443 iis
3105 3383 3206 3464 qui
3253 3392 3392 3447 sunt
3424 3392 3612 3466 extra,

1967 3472 2118 3534 nihil
2153 3490 2414 3552 unquam
2446 3471 2762 3552 accipiant.
2790 3469 3012 3534 Ducem
3037 3481 3234 3535 autem
3267 3474 3462 3554 gregis
3495 3493 3613 3536 non

1966 3563 2223 3642 seipsam
2280 3561 2599 3634 constituit,
2665 3561 2770 3622 sed
2829 3561 2961 3643 ipsa
3009 3563 3250 3643 quidem
3299 3564 3452 3645 apud
3511 3583 3611 3627 eas

1969 3651 2205 3713 tenebat
2222 3651 2416 3713 locum
2441 3651 2672 3713 ancilla
2701 3672 2714 3710 :
2743 3651 2831 3713 sic
2853 3652 3112 3724 enim,ut
3134 3652 3192 3714 id
3217 3654 3610 3730 sustinerent,

1967 3741 2040 3802 iis
2067 3743 2383 3821 persuasit,
2417 3748 2481 3801 ut
2513 3741 2690 3801 simul
2724 3749 2782 3801 et
2812 3759 2982 3803 amor
3002 3741 3062 3802 in
3095 3759 3226 3803 eam
3257 3751 3608 3823 augeretur,

1968 3841 2028 3893 et
2056 3832 2143 3892 eis
2170 3839 2325 3892 esset
2360 3836 2759 3911 propinquum
2795 3831 3232 3913 exemplum,ut
3255 3851 3320 3894 se
3343 3833 3614 3896 modeste

1967 3927 2294 3999 gererent:
2331 3919 2659 3979 rectionem
2693 3936 2830 3980 vero
2880 3920 3143 4000 suscepit
3198 3920 3315 3982 alia
3368 3939 3498 4002 qua
3551 3934 3616 3984 et

1969 4008 2238 4070 moribus
2268 4021 2330 4070 et
2355 4007 2621 4068 oratione
2653 4007 2967 4086 prastabat
3025 4009 3255 4071 cateris
3289 4031 3303 4070 :
3341 4011 3494 4073 adeo
3552 4021 3614 4074 ut

1967 4117 2037 4161 ea
2070 4098 2310 4180 quidem
2342 4096 2496 4178 apud
2531 4115 2630 4158 eas
2658 4115 2788 4177 qua
2813 4099 2864 4158 ei
2899 4097 3411 4178 parebant,locum
3448 4098 3610 4162 obti-

1967 4197 2138 4250 neret
2164 4187 2426 4250 domina
2459 4203 2471 4244 :
2513 4185 2736 4247 Melana
2766 4193 2987 4262 autem,
3019 4185 3305 4267 obsequio
3337 4188 3610 4271 quidem,

1964 4276 2218 4357 ancilia,
2251 4275 2618 4355 benignitate
2646 4292 2810 4349 vero,
2841 4275 3249 4348 matris.Qnod
3282 4276 3333 4338 si
3369 4278 3612 4355 quando

1967 4367 2312 4447 contigisset
2367 4385 2520 4428 onus
2579 4364 2956 4428 abstinentia
3003 4385 3037 4427 a
3068 4367 3345 4447 praelecta
3375 4367 3611 4447 gravius

1967 4459 2193 4539 imponi
2247 4456 2572 4528 sororibus,
2608 4455 2762 4535 quod
2821 4455 3194 4518 mollioribus
3225 4457 3612 4538 reputabatur

1968 4549 2309 4628 molestum,
2345 4546 2432 4608 eis
2463 4545 2535 4608 ad
2567 4544 3040 4607 consolationem
3076 4546 3246 4608 beata
3274 4547 3612 4610 sufﬁciebat

227 4644 451 4708 ταύταις
518 4643 650 4721 πρὸς
715 4642 1052 4720 παράκλησιν
1104 4643 1139 4710 ἡ
1199 4641 1432 4720 μακαρία
1515 4640 1605 4714 ἦν,
1657 4640 1719 4696 τὸ
1767 4639 1880 4695 λίαν

1969 4639 2220 4714 Melana,
2254 4655 2408 4717 qua,
2444 4635 2600 4717 quod
2646 4637 2735 4697 eis
2769 4635 2985 4698 durum
3021 4643 3167 4712 erat,
3204 4646 3338 4718 apte
3370 4647 3430 4702 et
3461 4657 3611 4720 pru-

226 4733 526 4811 σκληρύνον
584 4733 838 4808 ἐμμελῶς
924 4754 982 4789 τε
1064 4733 1149 4788 καὶ
1231 4737 1435 4796 συντῷς
1491 4730 1711 4788 λύουσα.
1775 4730 1878 4786 Καὶ

1965 4730 2176 4791 denter
2209 4726 2540 4801 molliebat,
2575 4733 2634 4786 et
2683 4744 2820 4787 cum
2858 4726 3178 4807 aliquando
3207 4727 3615 4808 afﬂigerentur

228 4843 362 4880 ποτε
408 4825 624 4895 νηστείᾳ
681 4824 1027 4903 τρυχομένων
1083 4826 1257 4882 αὖτῶν
1313 4820 1644 4878 λανθάνουσα
1703 4819 1880 4884 πάσας

1969 4817 2214 4900 jejunio,
2250 4814 2649 4878 inscientibus
2679 4813 3098 4890 omnibus,sub
3125 4817 3606 4900 uniuscujusque

227 4913 333 4970 ὑπὸ
377 4919 448 4990 τῇ
509 4913 738 4981 ἑκάστης
787 4914 943 4990 κλίνῃ
986 4913 1051 4971 τὰ
1104 4913 1235 4992 πρὸς
1294 4911 1394 4979 τὴν
1451 4913 1638 4990 χρείαν
1697 4910 1874 4972 ἐτίθει,

233 4993 300 5061 Ἠ
347 5000 405 5058 δέ
437 5004 659 5088 εὖρούσα
688 5005 782 5060 οὒκ
828 5003 1012 5083 ἠγνόει
1065 5002 1164 5079 μὲν
1208 5004 1277 5069 ἧς
1328 5003 1390 5057 τὸ
1433 4999 1608 5080 ἔργον,
1644 4996 1878 5058 λαϐοῦσα

231 5087 288 5146 δὲ
344 5091 446 5158 τὴν
495 5086 592 5166 μὲν
650 5089 850 5149 ἔνδειαν
911 5090 1048 5150 οὕτω
1090 5093 1470 5170 παρεμυθεῖτο,
1526 5089 1624 5156 τὴν
1666 5086 1718 5144 δὲ
1750 5090 1881 5166 πρὸς

229 5179 400 5248 αὐτὴν
486 5179 667 5259 φιλίαν
751 5181 984 5260 ἰσχυρῶς
1088 5181 1359 5261 ἐτρέφετο,
1459 5178 1610 5236 Οὕτω
1705 5183 1880 5257 σοφῶς

230 5269 464 5327 ὑπιοῦσα
520 5269 716 5336 ταύτας
775 5270 995 5335 εἰκότως
1053 5267 1119 5338 δὴ
1190 5272 1268 5330 καὶ
1328 5266 1641 5331 διδάσκουσα
1694 5270 1880 5323 πειθοοσ

230 5357 421 5436 μέναις
453 5359 682 5440 ἐχρῆτο.

318 5534 453 5602 ΚΔ’.
503 5535 715 5618 ’Ἔλεγε
744 5537 798 5596 δὲ
859 5541 938 5618 μὴ
982 5545 1042 5598 τὸ
1074 5544 1230 5616 σῶμα
1260 5537 1370 5596 δεῖν
1409 5537 1595 5616 μόνον,
1628 5537 1766 5594 ἀλλὰ
1799 5535 1884 5594 καὶ

227 5628 330 5696 τὴν
374 5629 566 5709 ψυχὴν
624 5628 774 5710 ἔχειν
830 5630 1112 5710 λογισμῶν
1164 5629 1485 5707 ἆγνεύουσαν
1529 5626 1830 5709 φιληδόνων
1866 5647 1880 5662 ·

228 5715 419 5778 ἔπειτα
476 5717 657 5796 μέσων
701 5719 798 5796 μὲν
855 5726 1057 5778 νυκτῶν
1102 5718 1306 5797 μηδένα
1350 5718 1503 5777 ὄκνον
1534 5721 1608 5782 εἰς
1651 5740 1883 5800 προσευ-

562 5827 826 5893 PATROL.
854 5829 966 5893 Gn.
1004 5828 1210 5895 CXVI.

1963 4909 2116 4970 lecto
2151 4905 2409 4987 ponebat
2434 4924 2504 4967 ea
2533 4923 2667 4985 qua
2697 4907 2868 4966 erant
2892 4905 2966 4966 ad
3019 4923 3191 4966 usum
3243 4909 3606 4969 necessaria.

1961 4998 2066 5060 Illa
2091 5004 2290 5059 autem
2320 5013 2453 5056 cum
2490 4993 2837 5070 invenisset,
2873 5013 2993 5055 non
3027 4995 3332 5074 ignorabat
3359 4998 3608 5078 quidem

1963 5091 2094 5170 quis
2127 5088 2240 5149 hoc
2267 5086 2524 5160 fecisset,
2564 5083 2868 5164 accipiens
2923 5101 3081 5162 vero,
3136 5085 3223 5145 sic
3269 5088 3609 5150 remedium

1963 5177 2248 5241 afferebat
2279 5175 2516 5256 inepia,
2552 5175 2611 5235 in
2642 5174 2831 5253 ipsam
2881 5181 3078 5236 autem
3136 5175 3305 5239 valde
3335 5194 3606 5256 magnam

1963 5269 2358 5331 conservabat
2382 5263 2996 5328 benevolentiam.Sic
3009 5264 3386 5347 sapienterin
3401 5286 3609 5332 earum

1968 5363 2199 5421 animos
2230 5356 2561 5431 insinuans,
2583 5355 2796 5417 merito
2827 5354 3004 5417 etiam
3029 5373 3165 5417 cum
3197 5374 3301 5419 eos
3326 5356 3603 5440 docebat,

1967 5447 2222 5510 habebat
2255 5464 2483 5509 morem
2515 5454 2816 5525 gerentes.

2045 5537 2248 5600 XXIV.
2284 5535 2529 5599 Dicebat
2560 5543 2911 5610 autem,non
2945 5545 3221 5619 oportere
3251 5539 3441 5601 solum
3469 5556 3611 5600 cor-

1968 5647 2100 5710 pus,
2127 5626 2233 5688 sed
2269 5627 2446 5688 etiam
2481 5626 2746 5688 animum
2779 5646 3016 5709 quoque
3040 5637 3267 5690 castum
3301 5637 3361 5690 et
3394 5645 3612 5709 purum

1965 5735 2204 5782 servare
2229 5736 2264 5779 a
2288 5715 2625 5780 libidinosis
2657 5717 3140 5799 cogitationibus,
3173 5716 3390 5780 deinde
3414 5717 3610 5780 media

3253 5821 3332 5888 25
