4066 6408
421 343 543 407 779

1735 338 1897 401 ΜΕΝ
1904 338 2015 400 SIS
2075 327 2502 400 DECEMBER.

3686 333 3812 399 780

422 477 667 560 quidem
707 483 883 539 nocte
915 475 987 538 ad
1021 491 1230 557 preces
1262 474 1483 536 nullam
1537 471 1855 536 ostendere
1887 469 2074 552 pigri-

2163 471 2268 548 χὰς
2301 467 2704 541 ἐπιδείκνυσθαι,
2754 466 3050 546 εὖχομὲνας
3081 465 3132 522 δὲ
3165 468 3242 543 μὴ
3300 468 3366 524 τὰ
3418 466 3580 547 χείλη
3641 468 3806 544 μόνον

424 559 592 648 tiam,
623 575 939 647 precantes
965 584 1101 628 vero
1127 583 1243 627 non
1279 565 1472 626 solum
1504 564 1666 625 labra
1698 559 2072 636 movere,sed

424 657 612 718 multo
648 657 833 736 magis
862 664 1037 718 totam
1071 655 1249 716 simul
1282 671 1495 732 cogere
1539 651 1980 731 cogitationem,
2017 659 2074 710 et

423 745 710 808 adhibere
772 753 1032 807 mentem
1096 744 1168 805 iis
1220 763 1352 823 quae
1385 744 1686 804 dicuntur.
1725 740 2070 802 Absurdum

427 836 586 896 enim
621 854 778 910 esse,
816 835 972 896 bona
1027 833 1268 915 quidem
1301 852 1335 894 a
1365 832 1487 895 Deo
1522 841 1746 912 petere,
1784 849 1900 892 non
1933 827 2073 890 dili-

424 934 634 1005 genter
663 934 864 986 autem
899 933 956 986 et
989 923 1250 985 studiose
1284 942 1352 984 ea
1400 931 1629 1003 petere,
1664 929 1722 982 et
1769 920 1840 982 ad
1872 937 2070 997 regem

424 1014 666 1094 quidem
692 1015 1000 1076 mortalem
1034 1014 1480 1088 accedentes,et
1510 1012 1716 1074 habitu
1744 1019 1803 1072 et
1832 1017 2072 1088 aSpectu

423 1113 484 1165 et
544 1105 738 1166 modis
789 1103 1070 1166 omnibus
1131 1122 1251 1183 prae
1308 1121 1374 1163 se
1437 1103 1593 1163 ferre
1651 1099 2072 1177 reverentiam,

422 1193 497 1255 ad
526 1193 858 1255 terribilem
891 1212 1031 1256 vero
1061 1192 1470 1255 immortalem
1503 1210 1703 1268 regem
1740 1189 2073 1260 venientes,

422 1302 542 1344 non
579 1283 764 1344 multo
799 1283 984 1362 magis
1012 1281 1084 1343 ad
1121 1279 1498 1342 Dominicam
1561 1278 1972 1342 auctoritatem
2022 1285 2080 1338 et

424 1373 717 1434 inﬁnitam
743 1371 1155 1434 excellentiam
1208 1371 1448 1432 timidos
1490 1370 1790 1432 assistere.
1828 1370 1973 1431 Cum
2004 1367 2079 1428 de

425 1461 520 1523 his
580 1462 706 1524 haec
767 1461 1174 1540 disseruisset,
1224 1460 1459 1522 transiit
1510 1459 1584 1522 ad
1647 1467 1893 1520 matrem
1939 1475 2075 1518 om-

425 1551 592 1611 nium
627 1550 1006 1623 cliaritatem,
1038 1549 1240 1610 omnia
1273 1567 1407 1610 esse
1438 1567 1585 1610 vana
1624 1557 1682 1609 et
1713 1563 2073 1630 supervaca-

427 1657 541 1699 nea
570 1640 698 1700 sine
731 1639 841 1700 hac
883 1641 1301 1718 pronuntians.
1339 1636 1419 1698 De
1471 1656 1586 1717 qua
1639 1646 1696 1698 et
1751 1635 1934 1698 multa
1964 1635 2079 1697 alia

427 1728 698 1789 oratione
721 1739 811 1789 est
838 1736 1173 1807 persecuta,
1200 1735 1256 1788 et
1279 1727 1436 1808 quod
1462 1728 1576 1788 alia
1598 1726 1840 1808 quidem
1877 1733 2077 1786 nostra

427 1815 722 1896 malignus
770 1817 1002 1878 daemon
1057 1823 1249 1896 potest
1297 1816 1539 1896 imitari,
1607 1824 1669 1876 ut
1702 1813 1866 1876 verbi
1898 1833 2077 1876 causa

421 1906 681 1969 inediam
718 1917 774 1968 et
808 1906 1154 1986 vigiliam,et
1177 1925 1544 1986 quaecunque
1577 1907 1634 1966 in
1667 1923 1919 1986 corpore
1941 1923 2078 1966 con-

423 1997 662 2058 sistunt.
687 1995 832 2058 Nam
861 1997 1186 2058 secundum
1217 2004 1492 2059 naturam
1516 1997 1644 2076 ipse
1676 1995 1769 2056 liis
1800 1994 2079 2056 omnibus

422 2087 719 2167 superior,
754 2095 814 2147 et
844 2105 878 2148 a
903 2086 1064 2148 nullo
1091 2105 1296 2148 eorum
1320 2086 1479 2147 vinci
1506 2088 1784 2166 potuerit.
1816 2084 2077 2146 Humili-

421 2178 560 2238 tatis
613 2187 814 2238 autem
876 2185 934 2238 et
987 2177 1304 2238 charitatis
1362 2195 1480 2238 non
1543 2177 1729 2254 magis
1761 2174 2076 2236 nobiscum

425 2264 652 2327 habere
687 2265 945 2346 potuerit
999 2265 1549 2347 participationem,
1598 2283 1772 2345 quam
1810 2264 2076 2326 tenebrae,

427 2355 602 2429 lucis,
638 2364 698 2416 et
752 2356 956 2416 vitium
1015 2355 1294 2417 virtutis:
1344 2354 1444 2435 qui
1494 2355 1671 2416 etiam
1707 2361 1950 2434 propter
1981 2373 2073 2428 ea,

427 2463 559 2524 quae
591 2453 729 2505 sunt
760 2454 984 2505 natura:
1039 2443 1298 2505 maxime
1349 2449 1668 2524 contraria,
1706 2442 2072 2523 superbiam,

428 2533 697 2610 inquam,
735 2533 884 2594 etin
934 2533 1210 2595 homines
1261 2533 1762 2607 malevolentiam,
1813 2551 1880 2594 ex
1945 2531 2079 2594 luce

425 2625 611 2683 miser
667 2623 912 2684 effectus
971 2630 1061 2683 est
1121 2620 1404 2684 tenebrae.
1465 2626 1619 2685 Ante
1673 2621 1875 2682 omnia
1935 2638 2078 2683 vero

427 2709 663 2773 dicebat
696 2720 972 2792 oportere
1003 2729 1357 2772 conservare
1390 2719 1612 2773 rectam
1641 2710 1843 2790 (idem,
1870 2728 2076 2792 puram

2161 573 2353 635 κινεῖν,
2388 556 2524 613 ἀλλὰ
2555 555 2741 628 πολλῷ
2794 559 3049 635 πρότερον
3099 560 3189 613 τὸν
3243 557 3504 632 λογισμὸν
3547 558 3807 617 πάντοθεν

2165 607 2353 637 ’“’””
2389 607 2524 613 "un"
2561 607 2736 628 "'"uT
2801 607 3042 635 "r"'i'"'
3108 607 3183 613 ⁷”
3243 607 3498 632 "'t"r‘"
3554 607 3801 617 """""'

2165 661 2475 725 συγκροτεῖν
2531 648 2618 702 καὶ
2678 648 2766 701 τὸν
2831 657 2948 705 νοῦν
3005 651 3124 710 τοῖς
3195 646 3505 724 λεγομένοις
3564 646 3802 726 ἐρείδειν.

2158 737 2398 794 ’Ἄτοπον
2455 735 2553 814 γὰρ
2611 736 2675 790 τὰ
2733 734 2901 812 ἀγαθὰ
2957 735 3054 810 μὲν
3108 737 3248 814 παρᾶ
3309 743 3439 792 Θεοῦ
3485 742 3677 808 αἰτεῖν,
3725 737 3808 811 μὴ

2159 824 2452 888 σπουδαίως
2510 823 2564 880 δὲ
2620 825 2714 889 τὰς
2769 825 3002 894 αἰτήσεις
3062 829 3264 899 ποιεῖν,
3299 827 3386 882 καὶ
3428 825 3644 902 βασιλεῖ
3706 827 3809 900 μὲν

2156 920 2333 990 θνητῷ
2391 921 2736 993 παρεστῶτας
2797 917 3044 993 σχήματί
3120 937 3177 971 τε
3247 918 3336 972 καὶ
3391 915 3661 993 βλέμματι
3719 917 3811 972 καὶ

2158 1012 2287 1061 πᾶσι
2337 1004 2551 1082 τρόποις
2611 1005 2670 1060 τὸ
2730 1003 2946 1067 εὐλαϐὲς
3007 1004 3412 1084 ἐπιδείκνυσθαι,
3472 1012 3548 1077 τῷ
3599 1003 3812 1083 φοϐερῷ

2159 1093 2211 1150 δὲ
2271 1095 2359 1149 καὶ
2418 1093 2659 1149 ἆθανάτω
2718 1093 2935 1169 βασιλεῖ
2979 1095 3294 1173 προσιόντας
3328 1094 3405 1170 μή
3447 1093 3631 1167 πολλῷ
3660 1093 3810 1169 μᾶλ-

2159 1181 2252 1239 λον
2310 1184 2442 1258 πρὸς
2495 1184 2554 1238 τὸ
2611 1180 2925 1239 δεσποτικὸν
2984 1181 3192 1258 ἀξίωμα
3244 1186 3336 1240 καί
3396 1185 3494 1250 τὴν
3560 1183 3809 1261 ἀμέτρως

2158 1269 2453 1350 ὑπερϐολὴν
2513 1271 2776 1351 ἐμφόϐους
2837 1272 3210 1349 παρίστασθαι.
3288 1279 3517 1331 Τοιαῦτα
3592 1271 3656 1340 δὴ
3718 1276 3812 1329 καὶ

2160 1365 2279 1441 περὶ
2311 1364 2497 1419 τούτου
2527 1359 2874 1442 διαλεχθεῖσα
2906 1361 2991 1418 ἐπὶ
3021 1367 3119 1428 την
3163 1361 3370 1440 μητέρα
3421 1365 3609 1420 πασῶν
3640 1363 3812 1437 μετὲ-

2161 1449 2308 1508 6αινε
2339 1451 2436 1518 τὴν
2481 1449 2722 1528 ἀγάπη-ι,
2769 1451 2974 1525 μάταια
3021 1452 3193 1508 πάντα
3224 1455 3392 1532 χωρὶς
3422 1453 3620 1519 ταύτης
3664 1452 3810 1509 ἀπο·-

2161 1540 2457 1621 φαινομὲνη
2488 1539 2582 1596 καί
2616 1542 2859 1618 περιττά,
2894 1542 3018 1613 Περὶ
3042 1541 3106 1608 ἧς
3133 1539 3272 1598 ἀλλα
3293 1563 3350 1597 τε
3380 1541 3554 1600 πολλὰ
3584 1541 3808 1617 διεξῂει,

2159 1633 2247 1688 καὶ
2294 1628 2376 1686 ὅτι
2414 1628 2582 1686 τᾶλλα
2635 1631 2732 1706 μὲν
2789 1633 2944 1705 ἡμῶν
3001 1632 3089 1687 καὶ
3146 1633 3174 1687 6
3232 1635 3464 1705 πονηρὸς
3522 1637 3810 1708 μιμεῖσθαι

2160 1720 2394 1790 δύναται,
2442 1721 2561 1778 οἷον
2597 1721 2800 1776 ἀσιτίαν
2862 1721 3019 1800 φάναι
3077 1723 3163 1778 καὶ
3225 1722 3514 1801 ἀγρυπνίαν
3567 1724 3652 1780 καὶ
3709 1722 3812 1779 ὅσα

2163 1813 2277 1889 περὶ
2335 1813 2395 1867 τὸ
2454 1818 2610 1884 σῶμα
2667 1811 2978 1890 τυγχάνει·
3029 1811 3240 1868 πάντων
3301 1814 3400 1890 γὰρ
3431 1813 3630 1869 τούτων
3660 1812 3812 1869 ἀνώ-

2160 1923 2309 1981 τερος
2370 1903 2524 1965 αὒτὸς
2584 1902 2719 1958 κατὰ
2776 1902 2952 1981 φύσιν,
2998 1901 3083 1956 καὶ
3129 1898 3344 1965 οὒδενὸς
3398 1900 3459 1956 ἂν
3490 1908 3596 1958 τῶν
3627 1902 3812 1959 τοιού-

2161 2014 2266 2048 των
2322 1991 2577 2060 ἡττηθείη
2623 1991 2752 2047 ποτέ
2789 2009 2804 2026 ⁶
2862 1991 3353 2071 ταπεινοφροσύνης
3412 1989 3466 2046 δὲ
3530 1993 3618 2048 καὶ
3680 1993 3817 2070 ἁγά-

2162 2103 2269 2148 πης
2300 2085 2358 2139 οὔ
2389 2080 2553 2155 μόνον
2593 2080 2731 2154 ἡμῖν
2764 2081 3141 2149 κοινωνήσειεν
3185 2079 3220 2147 ἢ
3253 2080 3327 2142 τῷ
3359 2081 3492 2159 φωτὶ
3526 2082 3588 2137 τὸ
3620 2081 3818 2145 σκότος

2161 2172 2247 2227 καὶ
2275 2172 2309 2233 ἡ
2340 2171 2498 2225 κακία
2528 2177 2596 2241 τῇ
2627 2169 2791 2247 ἀρετῇ
2823 2183 2838 2199 ⁸
2875 2169 2931 2232 ὅς
2964 2191 3026 2247 γε
3055 2168 3148 2225 καὶ
3198 2167 3282 2228 διὰ
3339 2171 3404 2226 τὰ
3461 2171 3611 2248 φύσει
3656 2169 3810 2227 ἒνανο

2160 2261 2414 2331 τιώτατα,
2502 2260 2864 2338 ὑπερηφανίαν
2967 2261 3104 2337 φημὶ
3183 2259 3271 2315 καὶ
3356 2261 3754 2338 μισανθρωπίαν
3790 2308 3809 2341 ,

2160 2350 2336 2416 ἅθλιος
2381 2349 2440 2406 ἐκ
2497 2351 2674 2428 φωτὸς
2709 2345 2901 2414 σκότος
2933 2349 3143 2426 γέγονε,
3194 2350 3300 2426 Πρὸ
3331 2346 3385 2404 δὲ
3444 2351 3657 2406 πάντων
3713 2351 3815 2419 τὴν

2161 2441 2314 2519 ὀρθὴν
2375 2439 2525 2518 ἔλεγε
2586 2440 2758 2494 πίστιν
2831 2436 3200 2496 ἇνενδοίαστὸν
3261 2459 3317 2494 τε
3389 2439 3474 2495 καὶ
3538 2439 3811 2519 ἀκραιφνῆ

2161 2542 2467 2608 συντηρεῖν,
2516 2530 2588 2592 ὡς
2622 2527 2649 2583 6'
2684 2549 2743 2606 γε
2778 2527 2942 2584 τᾶλλα
2994 2528 3096 2602 μὲν
3150 2529 3537 2608 κατωρθωκὼς,
3585 2532 3700 2609 περὶ
3753 2528 3810 2587 δὲ

2161 2622 2360 2686 ταύτην
2409 2617 2746 2696 ἑπιδοιάζων,
2806 2617 2934 2695 περΐ
2996 2617 3122 2674 αὐτὸ
3165 2619 3228 2674 τὸ
3277 2615 3564 2697 κεφάλαιον
3605 2621 3694 2676 καὶ
3747 2622 3814 2677 τὸ

2163 2709 2514 2785 καιριώτατον
2559 2709 2769 2767 πάντων
2802 2706 2948 2764 ἔσται
2983 2705 3395 2787 διημαρτηκώς.

431 2808 490 2861 et
546 2801 706 2862 circa
736 2799 912 2862 ullam
965 2799 1425 2862 dubitationem.
1476 2805 1627 2864 Nam
1681 2801 1872 2882 quiin
1921 2801 2055 2862 aliis
2087 2797 2330 2882 quidem
2386 2815 2449 2859 se
2497 2809 2662 2860 recte
2713 2797 2918 2876 gessit,
2952 2796 3012 2858 in
3070 2797 3181 2858 hac
3211 2803 3408 2858 autem
3461 2796 3713 2880 dubitat,
3747 2799 3811 2861 in

431 2909 502 2950 eo
535 2889 691 2969 quod
724 2898 813 2950 est
844 2889 1207 2970 praecipuum
1244 2899 1300 2952 et
1333 2898 1509 2971 caput
1538 2891 1830 2971 omnium,
1860 2889 2178 2953 aberravit.

506 2981 680 3045 XXV.
716 2982 860 3046 Cum
918 2991 1114 3046 autem
1179 2982 1408 3045 videret
1468 2985 1681 3046 multas
1734 3004 1803 3047 ex
1837 2985 1908 3047 iis
1940 3004 2072 3066 quae

2239 2986 2371 3047 κε’,
2427 2973 2633 3062 Ὀρῶσα
2673 2980 2726 3037 δὲ
2778 2981 2979 3047 πολλᾶς
3023 2987 3128 3038 τῶν
3173 2981 3299 3060 περΐ
3332 2983 3498 3040 αιῖιτσὶιν
3533 2991 3806 3061 γυναικῶν

426 3081 597 3164 erant
627 3073 783 3164 apud
809 3073 1021 3153 ipsam,
1056 3072 1410 3164 mulieribus
1464 3075 1655 3152 magni
1689 3073 1888 3136 facere
1907 3075 2070 3154 jeju-

2163 3078 2213 3132 τὸ
2247 3075 2520 3142 νηστεύειν
2546 3074 2662 3151 περὶ
2695 3071 2902 3130 πολλοῦ
2952 3072 3302 3147 ποιουμένας,
3360 3076 3449 3131 καὶ
3506 3075 3813 3154 φοϐουμένη

425 3163 615 3239 nium,
664 3172 721 3224 et
751 3163 1008 3242 timeret,
1065 3181 1140 3224 ne
1199 3161 1261 3224 in
1318 3182 1388 3224 eo
1441 3165 1845 3225 existimantes
1872 3164 2073 3226 omnia

426 3252 748 3332 contineri,
783 3253 925 3314 alias
959 3253 1203 3313 virtutes
1235 3254 1628 3332 negligerent,
1660 3253 1811 3314 tales
1845 3254 1934 3314 eis
1962 3253 2074 3315 ad-

429 3341 656 3405 ducens
689 3341 1140 3415 similitudines,
1175 3341 1247 3402 ad
1307 3343 1569 3421 ipsarum
1621 3341 2074 3404 excitabatstu-

429 3430 616 3492 dium.
650 3429 894 3493 Dicebat
926 3430 1379 3502 enim,animam
1415 3431 1654 3511 quidem
1683 3450 1814 3494 esse
1845 3450 2079 3512 sponsa:

430 3520 686 3581 similem
730 3538 744 3582 :
779 3539 909 3600 qua:
938 3529 1074 3581 sunt
1103 3527 1299 3582 autem
1341 3519 1500 3583 circa
1559 3521 1747 3602 ipsam
1806 3522 2079 3603 virtutes,

430 3609 793 3689 nuptialibus
819 3609 1184 3670 indumentis
1216 3629 1700 3692 unamquamque
1725 3621 1948 3692 partem
1972 3612 2079 3674 ali-

430 3718 604 3778 quam
637 3700 900 3778 corporis
928 3717 1166 3761 ornare.
1202 3699 1502 3778 Jejunium
1534 3719 1671 3762 vero
1705 3719 1835 3762 esse
1859 3702 2076 3782 pedum

431 3788 1193 3860 ornamentum.Quomodo
1216 3807 1354 3868 ergo
1379 3809 1510 3851 cum
1545 3790 1682 3852 aliis
1713 3791 2078 3853 indumentis

431 3887 667 3958 oportet
692 3879 866 3940 etiam
901 3896 967 3939 ea
999 3877 1248 3960 habere,
1295 3891 1425 3959 quae
1485 3882 1668 3961 pedes
1721 3891 1962 3956 ornant,
1998 3882 2078 3943 ita

433 3968 605 4027 etiam
643 3970 857 4029 animm
899 3987 1031 4029 cum
1094 3967 1226 4028 aliis
1256 3969 1468 4031 adesse
1499 3979 1727 4051 oportet
1753 3971 2072 4051 jejunium.

2159 3167 2237 3240 μὴ
2269 3166 2330 3220 τὸ
2360 3169 2466 3220 πᾶν
2497 3161 2646 3243 ἔχειν
2678 3165 2732 3218 ἓν
2775 3163 2965 3234 τούτῳ
3013 3160 3246 3242 δόξασαι,
3307 3169 3416 3220 τῶν
3459 3163 3634 3221 ἄλλων
3689 3166 3819 3244 ἀρε-

2157 3260 2264 3310 τῶν
2321 3253 2600 3332 ἆμελοῖει,
2637 3253 2841 3315 εἰκόνας
2874 3253 3188 3332 ὕποτιθεῖσα
3218 3253 3465 3320 τοιαύτας
3521 3255 3653 3332 πρὸς
3710 3256 3810 3324 τὴν

2161 3326 2367 3406 αὐτῶν.
2418 3326 2650 3421 ἠρέθιζεν
2727 3339 3069 3416 ἐπιμέλειαν.
3128 3326 3318 3421 ηΕλεγε
3389 3343 3488 3421 γὰρ
3545 3326 3642 3408 τὴν
3713 3345 3817 3421 μὲν

2162 3433 2348 3513 ψυχὴν
2409 3432 2634 3489 ἐοικέναι
2698 3433 2897 3511 νύμφη,
2955 3431 3050 3495 τὰς
3105 3429 3160 3486 δὲ
3217 3433 3336 3512 περὶ
3390 3432 3551 3499 αὐτὴν
3608 3432 3805 3510 ἀρετὰς

2163 3535 2450 3600 νυμφικαῖς
2509 3521 2755 3601 στολαῖς,
2819 3522 3051 3589 ἑκάστην
3113 3521 3273 3600 μέρος
3315 3545 3363 3580 τι
3417 3529 3507 3580 τοῦ
3555 3522 3806 3598 σώματος

2161 3612 2597 3688 καλλωπίζουσαν
2639 3630 2653 3644 ⁹
2713 3614 2960 3680 νηστείαν
3030 3608 3083 3667 δὲ
3145 3613 3348 3688 κόσμον
3405 3612 3545 3668 εἶναι
3603 3610 3801 3671 ποδῶν.

2158 3686 2361 3782 ’Ὠσπερ
2419 3703 2505 3760 οὖν
2565 3707 2834 3780 προσῆκον
2891 3701 3002 3758 ἐστι
3047 3701 3137 3756 σὺν
3177 3715 3293 3767 τοῖς
3338 3701 3520 3767 ἄλλοις
3552 3700 3617 3770 δὴ
3649 3723 3809 3780 περι-

2162 3789 2401 3869 ϐλήμασι
2447 3793 2534 3848 καὶ
2589 3793 2653 3848 τὰ
2711 3793 2831 3856 τοὺς
2893 3789 3059 3855 πόδας
3119 3799 3418 3868 κοσμοῦντα
3498 3796 3813 3872 κεκτῆσθαι,

2163 3881 2300 3938 οὕτω
2328 3885 2415 3939 καὶ
2443 3889 2508 3960 τῇ
2541 3887 2697 3960 ψυχῇ
2728 3882 2864 3957 μετὰ
2898 3884 3003 3936 τῶν
3058 3879 3235 3938 ἄλλων
3292 3883 3382 3938 καὶ
3423 3883 3522 3950 τήν
3562 3883 3814 3950 νηστείαν

2162 3972 2415 4048 παρεῖναι
2446 3973 2582 4052 χρή.
2632 3970 2698 4028 Εἴ
2740 3994 2819 4034 τις
2851 3969 2896 4026 δ’
2928 3969 2990 4026 ἂν
3022 3969 3182 4028 πάλιν
3241 3972 3405 4039 αὒτῐις
3455 3972 3555 4047 μὲν
3586 3973 3810 4052 φροντί-

435 4057 494 4117 Si
527 4058 660 4136 quis
691 4067 884 4119 autem
921 4076 1132 4120 rursus
1189 4060 1318 4139 ejus
1362 4060 1604 4140 quidem
1657 4061 1841 4123 solius
1871 4080 2073 4124 curam

2163 4069 2239 4132 ζοι
2270 4063 2465 4137 μόνης,
2513 4060 2708 4137 ἀμελεῖ
2763 4060 2818 4118 δὲ
2857 4062 3069 4118 πάντων
3123 4067 3232 4117 τῶν
3290 4059 3490 4136 ἄλλων,
3541 4060 3692 4120 οὐδὲν
3748 4061 3815 4118 ἃν

433 4147 612 4223 gerit,
643 4147 754 4208 alia
787 4165 923 4208 vero
957 4147 1156 4209 omnia
1205 4150 1473 4229 negligit,
1509 4170 1626 4212 non
1656 4162 1744 4212 est
1778 4170 1846 4214 ea
1878 4151 2075 4213 anima

2163 4152 2352 4218 ταύτην
2406 4151 2710 4208 ἆπεοικὲναι
2768 4151 2866 4217 τὴν
2924 4151 3110 4230 ψυχὴν
3160 4153 3260 4218 τῆς
3291 4152 3460 4230 κόρης
3515 4150 3726 4219 ἐκείνης
3772 4151 3811 4220 ἢ

436 4235 742 4296 dissimilis
773 4237 856 4296 illi
893 4237 1125 4316 puellm,
1161 4258 1292 4317 qum
1322 4258 1455 4300 cum
1489 4239 1812 4302 duceretur
1860 4241 1932 4302 ad
1962 4261 2075 4301 nu-

2163 4242 2289 4318 πρὸς
2348 4241 2552 4318 γάμους
2613 4239 2856 4316 ἀγομένη
2902 4241 2991 4297 καὶ
3050 4242 3171 4305 τοὺς
3226 4237 3390 4304 πόδας
3451 4240 3814 4314 στολισαμένη

433 4330 605 4405 ptias,
642 4336 699 4387 et
729 4327 921 4387 solum
945 4327 1128 4406 pedes
1160 4327 1271 4388 sibi
1296 4328 1853 4410 induisset,reliqua
1875 4331 2075 4392 omnia

2163 4330 2346 4410 μόνον,
2393 4331 2456 4386 τὰ
2487 4329 2649 4387 λοιπὰ
2683 4331 2857 4386 πάντα
2905 4330 3115 4404 ἄκοσμά
3166 4352 3222 4387 τε
3282 4333 3370 4387 καὶ
3405 4332 3580 4410 γυμνὰ
3637 4353 3813 4388 κατα-

430 4414 672 4494 reliquit
707 4415 979 4476 inornata
1030 4426 1089 4478 et
1121 4416 1302 4479 nuda.
1355 4420 1438 4480 De
1480 4409 1822 4479 obedientia
1851 4429 2074 4494 autem,

2163 4409 2337 4481 Muci,
2395 4409 2664 4484 ἰ’πακοῆς
2695 4417 2748 4476 δὲ
2779 4420 2939 4500 χάριν
2970 4422 3057 4477 καὶ
3110 4428 3202 4477 τοῦ
3249 4420 3376 4486 ταῖς
3421 4409 3637 4500 γάρχαῖς
3693 4421 3814 4478 πεί-

429 4513 489 4565 et
518 4503 676 4585 quod
708 4514 975 4584 ορυτιιςειῐ
1004 4505 1447 4583 magistratibus
1481 4525 1720 4584 parere,
1760 4509 1886 4570 haec
1918 4529 2074 4589 quo-

2163 4511 2336 4565 θεσθαι
2408 4511 2704 4588 προσετίθει
2758 4512 2848 4567 καὶ
2903 4513 3090 4584 ταῦτα,
3153 4509 3238 4566 ὅτι
3301 4510 3398 4567 κᾶν
3459 4523 3578 4574 τοῖς
3625 4512 3812 4588 βιωτι-

431 4613 548 4672 que
578 4592 1016 4672 adjecit.Etiam
1052 4595 1111 4654 in
1143 4595 1216 4654 iis
1249 4615 1380 4675 quae
1410 4597 1482 4657 ad
1513 4597 1681 4658 vitam
1718 4598 2079 4660 mundanam

431 4683 755 4762 pertinent,
791 4683 903 4744 hoc
933 4684 1209 4764 est,quod
1245 4686 1446 4757 omnia
1483 4688 1742 4750 maxime
1773 4689 2076 4753 continet:

432 4780 492 4832 et
521 4771 676 4852 quod
711 4773 1007 4854 imperare
1045 4773 1287 4855 quidem
1328 4776 1468 4836 facit
1499 4778 1956 4858 imperatorem,
1985 4799 2080 4860 pa-

431 4879 566 4923 rere
596 4870 790 4923 autem
829 4882 988 4938 eum,
1024 4864 1122 4945 qui
1157 4874 1246 4927 est
1297 4867 1350 4926 ci
1407 4866 1733 4947 subjectus.
1787 4868 1856 4930 Et
1886 4869 1935 4930 si
1968 4869 2080 4932 hoc

432 4951 774 5027 sustuleris,
806 4953 1078 5016 ordinem
1114 4974 1352 5036 quoque
1385 4958 1771 5034 sustulisti,et
1799 4977 1932 5020 cum
1966 4979 2074 5021 no-

435 5040 694 5130 minibus
716 5042 944 5105 scilicet
965 5063 1060 5105 res
1082 5065 1322 5126 quoque
1353 5047 1911 5130 confudisti.Neque
1941 5069 2078 5113 vero

433 5129 490 5191 ei
523 5129 768 5194 deerant
798 5134 1070 5213 exempla
1099 5135 1185 5197 sic
1212 5137 1466 5198 dicenti.

514 5219 727 5284 XXVI.
762 5221 1034 5288 Accessit
1065 5226 1382 5307 aliquando
1409 5227 1652 5308 quidam
1688 5228 1760 5289 ad
1797 5247 2074 5308 magnum

435 5310 753 5392 quemdam
784 5331 1014 5395 senem,
1051 5315 1180 5395 ejus
1210 5317 1456 5378 studens
1488 5317 1613 5378 ﬁeri
1647 5317 1998 5399 discipulus.
2024 5320 2078 5384 Is

435 5410 630 5462 autem
663 5402 736 5462 ab
797 5403 968 5465 initio
1027 5406 1376 5480 ostendens,
1411 5406 1648 5487 qualem
1683 5418 1914 5487 oportet
1946 5429 2077 5472 esse

434 5491 1000 5572 discipulum,jussit
1030 5514 1165 5556 eum
1197 5503 1617 5576 statuam,qu;e
1644 5516 1826 5580 prope
1859 5501 2072 5580 stabat,

432 5596 718 5662 quantum
746 5595 945 5664 posset
969 5584 1376 5665 verberare,et
1399 5585 1454 5648 ei
1476 5588 1760 5650 insultare
1784 5589 2072 5656 calcibus.

431 5669 754 5752 Postquam
788 5692 923 5736 vero
986 5673 1183 5754 paruit
1237 5674 1614 5760 adolescens,
1677 5679 2076 5762 interrogavit

2162 4610 2282 4661 κοῖς
2340 4599 2492 4657 τοῦτό
2551 4599 2662 4655 ἐστι
2724 4601 2781 4656 τὸ
2843 4600 3077 4676 μάλιστα
3120 4600 3293 4656 πάντα
3322 4599 3572 4679 συνέχον,
3605 4601 3819 4677 καὶβα.

2162 4686 2311 4744 σιλέα
2373 4689 2470 4764 μὲν
2531 4689 2829 4770 ἀποφαῖνον
2885 4691 2976 4747 τὸν
3034 4688 3283 4766 βασιλέα,
3341 4690 3579 4760 ὑπήκοον
3637 4689 3692 4746 δὲ
3751 4693 3816 4748 τὸ

2161 4778 2398 4848 ὑπήκοον
2433 4798 2443 4811 ·
2483 4778 2578 4837 κᾶν
2633 4788 2787 4838 τοῦτο
2820 4778 3035 4858 ἀνέλῃς,
3097 4777 3308 4845 ἀνεῖλες
3339 4775 3404 4846 δὴ
3438 4779 3532 4836 καΐ
3563 4781 3663 4848 τὴν
3707 4780 3809 4837 τά-

2161 4865 2260 4942 ξιν,
2294 4868 2386 4925 καὶ
2420 4871 2554 4944 μετὰ
2580 4875 2687 4926 τῶν
2718 4870 2996 4945 ὀνομάτων
3029 4868 3282 4948 συνέχεες
3345 4867 3551 4936 δηλαδή
3611 4871 3697 4926 καὶ
3741 4872 3815 4927 τὰ

2162 4958 2470 5037 πράγματα.
2539 4963 2646 5019 Οὔκ
2701 4960 2889 5041 ἠπόρει
2949 4957 3004 5016 δὲ
3074 4960 3175 5016 καὶ
3231 4957 3681 5038 παραδειγμάτων
3726 4962 3818 5019 οὒ-

2159 5051 2290 5106 τωσὶ
2321 5049 2572 5130 λέγουσα.

2244 5230 2399 5304 κζ’.
2435 5231 2571 5289 Ποτέ
2600 5254 2680 5296 τις
2713 5229 2980 5310 προσῆλθε
3011 5228 3217 5311 γέροντι
3273 5229 3494 5310 μεγάλῳ
3546 5230 3814 5311 φοιτητὴς

2161 5322 2319 5378 αὐτοῦ
2375 5321 2615 5400 γενέσθαι
2701 5319 3030 5392 σπουδάζων.
3094 5329 3196 5380 Τοῦ
3269 5319 3323 5378 δὲ
3400 5320 3460 5377 ἐκ
3513 5321 3813 5399 προοιμίων

2161 5415 2276 5468 οἷον
2309 5411 2451 5467 εἶναι
2479 5413 2588 5491 χρὴ
2619 5412 2710 5468 τὸν
2764 5411 3029 5490 φοιτητὴν
3086 5412 3512 5490 ὑπεμφαίνοντος
3557 5415 3808 5470 κελεῦσαι

2159 5497 2436 5578 ἀνδριάντα
2469 5503 2624 5560 αὐτοῦ
2667 5523 2766 5557 που
2824 5499 3051 5568 πλησίον
3112 5501 3338 5575 ἓστὼτα,
3404 5503 3477 5564 ὡς
3510 5500 3572 5557 ἂν
3603 5503 3815 5568 ἐκεῖνος

2158 5587 2388 5662 δύναιτο,
2444 5589 2603 5666 τύψαι
2660 5612 2718 5647 τε
2777 5592 2864 5648 καὶ
2922 5589 3277 5652 διαλακτίσαι.
3309 5589 3460 5649 Ἐπεὶ
3491 5588 3546 5646 δὲ
3605 5592 3633 5647 6
3693 5589 3813 5658 νέος

2157 5679 2480 5755 ὒπήκουσεν,
2543 5679 2746 5763 ἐρέσθαι
2795 5682 2886 5739 τὸν
2926 5681 3147 5763 γέροντα
3191 5680 3245 5739 εἴ
3303 5702 3352 5739 τι
3435 5679 3812 5758 πληττομενος
