4066 6414
267 363 378 434 781

1601 370 1789 436 VITA
1856 369 1916 432 S.
1973 368 2333 437 MELANZE.

3535 377 3657 444 782

264 526 355 562 και
387 502 852 592 διαλακτιζὸμενος
885 505 913 560 6
944 502 1153 582 ἀνδριὰς
1209 503 1430 562 ἀνεῖπεν
1481 503 1516 572 ἦ
1565 503 1917 585 ἐδυσχήρανε,

2028 524 2213 586 :euex,
2248 524 2325 568 an
2358 525 2488 587 quae
2521 505 2862 588 pulsabatur
2878 515 2937 570 et
2967 509 3234 573 calcibus
3263 511 3660 592 impetebatur

267 601 372 652 Τοῦ
426 591 492 662 δὴ
547 593 716 669 μηδὲν
781 600 1009 652 τοιοῦτον
1081 593 1320 672 γενέσθαι
1407 595 1702 674 φήσαντος,
1775 595 1920 658 αὖθις

268 683 426 740 αὑτὸν
458 681 704 740 κελεῦσαι
735 681 954 762 πλῆξαι,
1018 685 1105 740 καὶ
1161 697 1284 748 ταῖς
1327 683 1569 763 πληγαῖς
1620 687 1708 742 καί
1748 682 1919 763 ὕϐρεις

267 775 603 849 προσθεῖναι.
666 764 758 838 Ὠς
807 771 862 828 δὲ
918 773 1028 846 τρὶς
1077 772 1143 830 τὰ
1185 774 1316 831 αὐτὰ
1358 771 1501 853 ἔδρα,
1549 776 1576 829 6
1619 772 1673 829 δὲ
1714 772 1921 852 ἀνδριὰς

265 861 480 940 ἀνδριὰς
511 861 673 938 μόνον
706 861 773 929 ἧν
803 861 1016 942 ἄψυχός
1072 883 1129 918 τε
1168 863 1254 919 καὶ
1285 858 1516 941 ἄφωνος·
1564 864 1685 920 τότε
1736 866 1764 920 6
1809 886 1918 942 γη-

265 952 440 1028 ραιὸς,
485 952 543 1006 Εἰ
575 949 672 1025 μὲν
701 949 790 1006 οὖν
819 952 912 1008 καὶ
965 951 1053 1024 σὺ,
1088 949 1214 1030 ἔφη,
1245 951 1311 1007 τὰ
1357 951 1490 1010 αὐτὰ
1530 973 1588 1007 τε
1638 951 1920 1032 ἀνέχεσθαι

263 1038 416 1119 δύνῃ,
496 1041 582 1096 καὶ
655 1038 822 1116 μηδὲν
887 1039 1141 1119 ἀντιλέγῃ
1213 1040 1391 1118 ὥσπερ
1449 1040 1586 1116 μηδὲ
1638 1052 1793 1102 τοῦτο
1861 1043 1920 1099 τὶ.

265 1130 453 1196 ξόανον
512 1127 597 1186 διὰ
653 1131 867 1187 πάντων
923 1131 1436 1210 ἒμπαροινούμενον,
1491 1132 1662 1212 χώρει
1692 1153 1750 1189 τε
1787 1131 1919 1209 θαῤ-

265 1220 372 1298 ῥῶν
430 1221 520 1276 καὶ
575 1225 672 1288 τῆς
731 1219 858 1298 παρ’
917 1224 1055 1296 ἡμῖν
1091 1218 1329 1283 παιὸεὶας
1365 1221 1622 1278 ἀπόλαυε·
1657 1220 1785 1278 εἶδέ
1815 1221 1914 1296 μὴ,

269 1308 408 1376 μηδὲ
493 1315 562 1386 τῇ
633 1307 748 1386 μεθ’
824 1311 978 1384 ἡμῶν
1055 1310 1317 1390 ἐπιχείρει
1404 1309 1666 1388 διατριϐῇ.
1743 1309 1922 1366 Πολλὰ

269 1401 490 1456 τοιαῦτα
548 1399 724 1467 ἐκείνη
783 1397 978 1475 διεξῄει
1034 1402 1166 1479 πρὸς
1224 1403 1316 1466 τὰς
1373 1401 1684 1481 παρθένους,
1737 1399 1923 1463 ἀπλῶς

271 1487 326 1544 δὲ
358 1486 444 1543 διὰ
474 1495 661 1545 πασῶν
691 1490 840 1546 ἰοῦσα
871 1495 977 1545 τῶν
1007 1488 1209 1561 ἀρετῶν
1240 1494 1338 1547 καὶ
1371 1487 1457 1568 ἐφ’
1507 1491 1742 1558 ἑκάστης
1800 1489 1924 1547 ὅσον

273 1599 331 1634 τε
362 1575 605 1636 δεικνῖισα
658 1579 718 1635 τὸ
777 1576 956 1656 κέρδος
1015 1579 1103 1634 καὶ
1155 1578 1382 1656 ὅσηπερ,
1447 1580 1491 1635 εἰ
1546 1579 1926 1656 ρᾳθυμήσαιεν,

277 1669 442 1726 πόνου
473 1667 812 1743 κατατολμᾴν
885 1666 1112 1730 ἔπειθεν.
1184 1669 1322 1726 Εἶτα
1388 1670 1476 1726 καὶ
1547 1670 1684 1746 ἱερόν
1744 1671 1932 1732 αὖταῖς

277 1759 312 1826 ἡ
342 1757 529 1833 ζημία,
582 1756 802 1836 ἐπτέρου
834 1779 891 1814 τε
949 1759 1041 1814 moi
1087 1757 1281 1838 ἀνεῖχε
1331 1762 1406 1832 τῷ
1437 1757 1584 1836 λόγῳ
1613 1758 1702 1815 καὶ
1733 1759 1933 1824 παντὸς

2004 600 2221 669 statua,
2260 595 2691 658 contradixerit
2719 605 2822 658 aut
2844 615 3004 678 aegre
3034 599 3256 666 tulerit.
3291 599 3438 664 Cum
3467 603 3517 665 is
3547 622 3659 666 au-

2003 692 2121 745 tem
2171 683 2434 760 dixisset,
2501 684 2584 747 nil
2640 685 2860 748 factum
2916 688 3234 767 ejusmodi,
3287 692 3476 771 jussit
3525 711 3661 756 cum

2001 791 2211 836 rursus
2243 783 2579 854 percutere,
2642 783 2703 838 et
2756 785 2975 856 praeter
3029 777 3233 858 plagas
3291 798 3420 844 eam
3482 783 3660 845 etiam

2002 863 2307 926 incessere
2369 864 2718 927 maledictis.
2781 864 3101 947 Postquam
3174 887 3314 932 vero
3374 878 3464 934 ter
3524 872 3665 936 fecit

2004 954 2241 1026 eadem,
2274 961 2465 1016 statua
2495 963 2691 1015 autem
2724 963 2851 1017 erat
2878 957 3074 1018 solum
3106 957 3370 1021 inanima
3395 969 3454 1022 et
3475 971 3660 1039 muta,

2003 1048 2143 1104 tunc
2174 1060 2394 1104 senex:
2433 1041 2492 1104 Si
2528 1044 2792 1123 quidem,
2850 1045 3068 1126 inquit,
3119 1056 3182 1110 tu
3225 1068 3464 1132 quoque
3495 1060 3664 1132 potes

2004 1132 2212 1194 eadem
2246 1133 2571 1206 sustinere,
2607 1143 2664 1195 et
2698 1134 2843 1194 nihil
2879 1136 3318 1214 contradicere,
3361 1141 3661 1221 quomodo

2003 1239 2117 1282 nec
2144 1221 2269 1282 haec
2299 1229 2490 1283 statua
2523 1230 2808 1302 perpetuo
2843 1223 3077 1304 probris
3110 1226 3324 1289 aﬁ‘ecta
3359 1237 3419 1290 et
3446 1238 3660 1292 contu-

2007 1308 2221 1382 meliis,
2259 1310 2502 1390 accede,
2540 1319 2597 1371 et
2627 1318 2830 1373 nostra
2886 1312 3206 1394 disciplina
3261 1317 3502 1382 fruere:
3564 1322 3658 1382 sin

2010 1398 2226 1471 minus,
2266 1418 2339 1461 ne
2371 1409 2428 1461 te
2459 1400 2530 1460 ad
2590 1408 2856 1463 nostram
2919 1403 3192 1466 conferas
3253 1406 3659 1488 disciplinam.

2008 1487 2116 1550 Illa
2148 1488 2332 1578 multa
2380 1489 2681 1567 ejusmodi
2735 1490 3010 1553 oratione
3074 1487 3460 1573 percurrebat
3507 1499 3666 1578 apud

2014 1577 2302 1656 virgines.
2330 1580 2426 1640 Ad
2459 1597 2750 1641 summam
2786 1589 3010 1656 autem,
3045 1600 3152 1663 per
3201 1604 3408 1648 omnes
3458 1577 3668 1669 perva-

2016 1667 2167 1729 dens
2215 1667 2485 1742 virtutes,
2543 1677 2599 1730 et
2655 1677 2942 1749 quantum
2985 1672 3047 1732 in
3105 1667 3474 1756 unaquaque
3515 1687 3672 1740 esset

2017 1756 2167 1818 lucri
2197 1757 2544 1836 ostendens,
2581 1766 2639 1818 et
2663 1768 2952 1838 quantum
2986 1760 3214 1844 damni,
3269 1764 3318 1825 si
3350 1766 3531 1846 pigrae
3568 1786 3670 1830 es-

281 1849 354 1909 ὡς
413 1851 682 1924 προσῆκον
744 1845 1018 1923 οἰλιοδομεῖ
1068 1845 1151 1926 ἐφ’
1297 1851 1394 1916 τὴν
1459 1849 1599 1904 θείαν
1667 1847 1936 1904 ἐπιτελεῖν

2028 1855 2154 1907 sent
2174 1864 2243 1906 ac
2259 1846 2671 1920 socordes,eas
2693 1847 2958 1927 erigebat
2975 1857 3038 1938 et
3059 1851 3356 1914 excitabat
3373 1845 3667 1935 oratione,

283 1935 483 2015 ἔχοιεν,
534 1935 882 2017 λειτουργίαν,
919 1937 1196 2012 λειψάνοις
1247 1940 1409 2016 ἁγίων
1465 1944 1620 1994 τοῦτο
1672 1938 1933 2016 καθιερώ-

286 2047 441 2106 σασα,
500 2032 592 2082 τοῦ
642 2047 700 2082 τε
760 2029 1035 2106 προφήτου
1096 2030 1388 2106 Ζαχαρίου,
1466 2029 1626 2107 φημὶ,
1701 2028 1789 2083 καὶ
1843 2029 1937 2082 τοῦ

277 2116 722 2194 πρωτομάρτυρος
783 2116 1079 2196 Στεφάνου,
1157 2121 1254 2173 καὶ
1328 2118 1436 2193 μὴν
1508 2119 1595 2173 καὶ
1647 2116 1753 2174 τῶν
1803 2136 1933 2172 τεσ-

277 2205 577 2284 σαράκοντα
603 2214 695 2265 τοῦ
725 2213 957 2285 Χριστοῦ
987 2206 1294 2286 μαρτύρων.

364 2478 488 2537 ΚΖ’.
528 2479 588 2536 Τί
617 2475 864 2554 βούλεται
900 2477 926 2532 ὁ
985 2475 1145 2554 λόγος
1189 2475 1250 2531 τὸ
1309 2475 1446 2550 μετά
1495 2481 1658 2532 ταῦτα
1689 2471 1882 2542 δηλοῦν
1917 2493 1932 2552 ;

276 2568 600 2632 Ἀπενιανὸς
661 2569 687 2622 6
745 2565 882 2622 κατὰ
941 2567 1111 2644 σάρκα
1142 2564 1236 2641 μὲν
1269 2565 1552 2644 ὁμόζυγος,
1605 2562 1829 2642 ἀδελφὸς
1883 2560 1938 2618 δέ

285 2661 570 2737 γενόμενος
629 2655 762 2731 αὐτῇ
818 2655 955 2711 κατὰ
1011 2662 1239 2730 πνεῦμα,
1300 2655 1367 2711 τὰ
1415 2655 1562 2712 κάτω
1605 2653 1775 2710 λιπὼν
1809 2654 1936 2728 πρὸς

289 2750 389 2816 τὴν
420 2747 532 2804 ἄνω
561 2751 714 2817 Αῆζιν
762 2757 1104 2825 μεταχωρεῖ.
1149 2744 1216 2800 Ἠ
1250 2741 1303 2800 δὲ
1339 2746 1429 2801 καὶ
1471 2746 1532 2801 τὸ
1563 2743 1755 2811 ἑαυτῆς
1787 2743 1941 2806 τέλος

290 2837 394 2906 ἤδη
480 2837 706 2917 ἐγγίζειν
791 2832 1130 2892 ὑπολαϐοῦσα
1203 2835 1459 2910 μειζόνων
1531 2833 1753 2911 ἀγώνων
1818 2834 1943 2890 αὐτὸ

295 2928 554 3007 πρόφασιν
626 2925 889 2998 ἐποιεῖτο,
950 2931 1045 2982 τοῦ
1100 2923 1199 2998 μὲν
1255 2922 1394 3000 ἱεροῦ
1453 2920 1628 3000 ἕνδρον
1688 2921 1940 3002 μένουσα,

298 3017 508 3089 νηστείᾳ
539 3014 596 3072 δὲ
655 3017 743 3072 καὶ
790 3026 907 3078 τοῖς
963 3011 1145 3078 ἄλλοις
1207 3011 1479 3075 ἐπιπόνοις
1540 3010 1737 3069 ἅπασιν
1779 3011 1942 3067 ἐπεκ-

291 3104 597 3186 τεινομένη,
657 3105 749 3162 καὶ
803 3110 967 3160 ταῦτα
1031 3104 1104 3168 εἰς
1163 3101 1423 3180 τέσσαρας
1480 3100 1632 3167 ὅλους
1691 3101 1938 3180 χρόνους,

290 3193 522 3252 ’Ἔπειτα
577 3193 868 3251 διανοεῖται
927 3193 1014 3249 καὶ
1079 3193 1480 3273 φροντιστήριον
1551 3189 1750 3269 ἀνδρῶν
1815 3190 1942 3248 ἀνε-

287 3299 489 3364 γεῖραι“
548 3282 668 3340 ἀλλ’
725 3285 758 3352 ἡ
817 3281 948 3362 πρὸς
994 3283 1054 3340 τὸ
1093 3251 1585 3360 ιὲαποινᾷνηόιπορία
1615 3251 1712 3348 τῖὴν
1745 3251 2004 3359 προθυσ-Ο

287 3377 415 3452 μίαν
443 3375 724 3452 ἀπεῖργεν.
779 3373 930 3430 Ἐπεὶ
985 3369 1040 3428 δὲ
1092 3379 1170 3446 τῷ
1229 3376 1344 3444 Θεῷ
1397 3373 1572 3428 πάντα
1628 3391 1686 3426 τε
1743 3369 1948 3450 ἐφρόνει

289 3465 375 3521 καὶ
406 3463 554 3543 ἔλεγε
585 3462 802 3538 δυνατὰ,
839 3461 996 3526 αὐτὸς
1053 3463 1141 3518 καὶ
1169 3462 1366 3528 ταύτην
1424 3461 1590 3526 αὐτῆς
1652 3461 1748 3526 τὴν
1804 3459 1947 3516 ἀπο-

287 3554 400 3633 ρίαν
457 3551 706 3610 ἀπέλυεν·
777 3553 862 3608 καὶ
917 3573 997 3615 τις
1057 3550 1192 3627 ἀνὴρ
1250 3556 1356 3606 τῶν
1412 3548 1616 3623 πλοίτῳ
1658 3551 1742 3604 καὶ
1801 3551 1948 3628 χρή-

291 3665 422 3721 μασι
481 3647 770 3719 περιττῶν,
831 3662 1032 3720 χρυσου
1091 3662 1210 3696 τινα
1269 3636 1427 3716 ὄγκον
1482 3637 1617 3712 αὒτῇ
1676 3639 1952 3716 χαρίζεται

293 3731 724 3810 πολυτάλαντον,
758 3730 840 3811 ἐφ’
873 3731 918 3806 ᾦ
949 3729 1016 3798 δὴ
1048 3731 1137 3786 καὶ
1187 3730 1246 3785 τὸ
1277 3727 1430 3805 ἔργον
1490 3728 1623 3802 αὐτῇ
1681 3725 1950 3801 διηνύετο,

296 3824 387 3882 καὶ
413 3823 553 3898 ἱερὸν
585 3819 903 3896 ὡκοδόμητο
962 3819 1390 3900 φροντιστήριον,
1451 3817 1539 3872 καὶ
1595 3813 1780 3893 ἄνδρας
1835 3814 1953 3871 ἐδέ-

301 3935 436 3993 χετο
467 3912 617 3976 οἴους
649 3909 712 3966 ἂν
769 3909 936 3990 ἐχρῆν
993 3917 1073 3984 τῷ
1123 3908 1330 3974 ἐκείνης
1389 3905 1570 3983 τρόπῳ
1628 3901 1951 3981 συμϐαίνειν.

303 4001 504 4063 Τούτου
567 3999 623 4056 δὲ
671 4007 764 4057 τοῦ
819 3999 982 4056 πόνου
1031 4000 1218 4077 μικρὸν
1266 3995 1668 4053 ἁναπνεύσασαν
1723 3993 1958 4069 μείζονές

303 4113 363 4149 τε
422 4091 584 4159 αὐτὴν
642 4088 947 4170 διεδέχοντο
1017 4088 1169 4145 πόνοι
1241 4088 1329 4143 καὶ
1413 4082 1686 4160 ἀποδημία
1757 4085 1958 4162 μακρά.

305 4179 624 4239 Ἐπιστολαὶ
686 4181 786 4258 γὰρ
844 4184 1070 4259 φοιτῶσι
1117 4183 1211 4234 τοῦ
1271 4175 1410 4235 θείου
1456 4175 1587 4254 πρὸς
1630 4174 1795 4242 αὐτὴν
1836 4181 1967 4229 Βου-

319 4268 580 4351 λοσιανοὸ,
645 4271 700 4336 ὃς
758 4269 995 4348 ἔπαρχος
1058 4268 1158 4344 μὲν
1216 4264 1332 4324 κατ’
1396 4265 1574 4321 ἐκεῖνο
1633 4270 1818 4343 καιροῦ
1865 4267 1964 4330 τῆς

320 4357 592 4436 Ῥωμαίων
643 4358 904 4416 ἐδείκνυτο
954 4356 1187 4436 πόλεως,
1248 4353 1465 4435 πρέσϐις
1517 4352 1572 4408 δὲ
1626 4354 1700 4415 εἰς
1763 4352 1965 4424 Βυζάν-

307 4471 426 4506 τιον
479 4452 622 4529 παρὰ
677 4450 774 4518 τὴν
818 4445 1059 4526 βασιλίδα
1107 4444 1384 4503 ἐστέλλετο
1431 4441 1709 4510 Εὒδοκίαν.
1739 4441 1968 4513 Ἐδήλου

2018 1944 2078 1996 et
2109 1935 2522 2015 persuadebat,
2551 1945 2614 1996 ut
2644 1955 2884 1998 omnem
2911 1937 3174 2002 laborem
3199 1943 3485 2006 audacter
3513 1946 3673 2008 subi-

2018 2035 2176 2087 rent.
2216 2025 2443 2114 Deinde
2473 2025 2682 2105 etiam,
2715 2033 2779 2088 ut
2817 2044 2924 2107 per
2954 2037 3102 2109 erat,
3138 2030 3226 2092 eis
3253 2050 3490 2114 quoque
3513 2043 3671 2098 tem-

2019 2113 2184 2204 plum
2220 2113 2548 2204 zediﬁcavit,
2585 2115 2646 2174 in
2679 2133 2796 2194 quo
2829 2125 3070 2195 possent
3097 2117 3358 2181 divinum
3387 2113 3672 2204 peragere

2019 2203 2440 2276 ministerium,
2478 2204 2592 2266 hoc
2621 2213 2961 2266 sanctorum
2993 2206 3268 2290 reliquiis
3287 2203 3668 2296 consecratis,

2021 2293 2350 2384 prophetae,
2385 2293 2655 2384 inquam,
2704 2293 3002 2358 Zacharias
3047 2306 3106 2359 et
3157 2300 3462 2380 Stephaue
3491 2293 3674 2384 primi

2020 2382 2318 2474 martyris,
2352 2390 2410 2474 et
2441 2383 2830 2474 quadraginta
2861 2385 3036 2447 etiam
3071 2387 3292 2450 Christi
3323 2382 3670 2474 martyrum.

2103 2469 2331 2534 XXVII.
2366 2471 2518 2544 Quid
2552 2473 2672 2534 vult
2703 2472 2789 2555 id,
2822 2475 2980 2555 quod
3029 2484 3118 2538 est
3148 2486 3350 2558 postea
3377 2469 3674 2544 consecu-

2023 2570 2170 2652 tum,
2207 2561 2520 2652 declarare
2545 2562 2780 2629 oratio?
2823 2565 3166 2644 Apeuiauus
3197 2568 3302 2646 qui
3331 2569 3528 2633 fuerat
3551 2573 3679 2652 ejus

2024 2651 2264 2732 quidem
2297 2651 2630 2714 secundum
2664 2670 2906 2716 carnem
2956 2656 3198 2738 coujux,
3253 2658 3438 2722 frater
3479 2651 3679 2723 autem

2025 2742 2357 2804 secundum
2381 2742 2683 2823 spiritum,
2714 2743 2786 2804 iis
2820 2762 2952 2824 quae
2980 2755 3120 2808 sunt
3150 2747 3403 2811 inferius
3423 2750 3676 2828 relictis,

2030 2831 2238 2911 migrat
2297 2832 2368 2894 ad
2431 2850 2676 2912 superas
2729 2835 3028 2912 regiones.
3087 2835 3192 2897 Illa
3249 2851 3446 2901 autem
3503 2858 3678 2904 suum

2027 2927 2271 3001 quoque
2305 2921 2484 2983 ﬁnem
2525 2921 2650 3000 jam
2686 2941 2871 3002 prope
2902 2923 3117 2988 adesse
3145 2926 3515 3006 existimans,
3552 2948 3682 2992 ma-

2020 3012 2224 3091 jorum
2257 3011 2645 3073 certaminum
2679 3012 2820 3073 hinc
2850 3011 2968 3074 sibi
2997 3015 3678 3100 sumpsitoccasionem,

2027 3102 2179 3163 intra
2201 3100 2488 3181 templum
2510 3101 2749 3182 quidem
2783 3120 3052 3179 manens,
3077 3112 3148 3166 ad
3165 3105 3465 3186 jejunium
3483 3116 3681 3171 autem

2027 3199 2088 3253 et
2114 3190 2228 3252 alia
2256 3189 2553 3252 faboriosa
2587 3191 2787 3253 omnia
2845 3210 2910 3253 se
2971 3195 3323 3272 extendens,
3366 3196 3549 3278 idque
3602 3197 3680 3260 ad

2030 3290 2286 3362 quatuor
2343 3299 2529 3342 annos
2590 3280 2875 3360 integros.
2938 3283 3169 3346 Deinde
3228 3288 3450 3366 cogitat
3506 3289 3686 3351 etiam

2031 3371 2290 3432 virorum
2327 3370 2583 3432 excitare
2617 3371 3217 3449 monasteriuum,sed
3253 3385 3553 3458 sumptum
3588 3379 3687 3440 iu-

2034 3460 2168 3540 opia
2199 3461 2330 3539 ejus
2361 3467 2696 3540 promptum
2750 3460 2933 3522 animi
2986 3465 3249 3524 studium
3307 3466 3688 3546 prohibebat.

2034 3549 2176 3612 Cum
2209 3566 2346 3609 vero
2377 3549 2632 3610 sentiret
2667 3555 2725 3610 et.
2754 3549 3006 3628 diceret,
3063 3553 3213 3614 nihil
3269 3573 3405 3618 esse
3451 3557 3612 3636 quod
3659 3575 3694 3618 a

2034 3638 2155 3700 Deo
2189 3656 2305 3698 non
2344 3647 2542 3718 posset
2566 3639 2718 3716 ﬁeri,
2754 3639 2882 3720 ipse
2909 3659 3038 3702 eam
3072 3641 3181 3704 hac
3203 3662 3442 3725 quoque
3473 3646 3692 3710 libera-

2035 3729 2117 3788 vit
2174 3728 2394 3807 inopia.
2452 3726 2596 3789 Nam
2656 3729 2744 3788 vir
2786 3731 3027 3809 quidem
3083 3732 3584 3813 locupletissimus
3634 3743 3695 3798 et

2039 3819 2609 3901 pecuniosisssimus
2642 3821 2697 3882 ei
2749 3840 3017 3900 magnam
3067 3824 3177 3884 vim
3207 3831 3332 3886 auri
3366 3827 3649 3907 elargitur
3677 3849 3690 3892 :

2040 3928 2159 3991 quo
2192 3909 2410 3970 factum
2443 3918 2555 3989 est,
2593 3919 2656 3970 ut
2687 3919 2743 3972 et
2777 3929 2924 3990 opus
2953 3911 3026 3972 ab
3061 3930 3132 3974 ea
3184 3916 3600 3994 perﬁceretur,
3638 3924 3698 3979 et

2041 4016 2276 4061 sacrum
2301 3997 2697 4060 aediﬁcaretur
2718 4002 3140 4063 monasterium
3170 4003 3276 4084 ('2),
3305 4014 3360 4066 et
3384 4007 3612 4069 virosin
3633 4009 3697 4071 id

2045 4089 2404 4161 admitteret,
2439 4088 2647 4168 quales
2677 4088 2993 4169 Oportebat
3025 4092 3183 4154 illius
3213 4096 3531 4159 convenire
3564 4116 3698 4160 mo-

2050 4177 2240 4239 ribus.
2274 4179 2417 4240 Cum
2453 4192 2658 4256 parum
2691 4186 2886 4239 autem
2919 4179 2991 4240 ab
3023 4180 3136 4242 hoc
3168 4182 3372 4246 labore
3410 4187 3704 4268 respiras-

2050 4276 2162 4343 set,
2197 4283 2326 4327 eam
2363 4265 2621 4346 majores
2652 4285 2948 4349 excepere
2969 4268 3208 4332 labores
3235 4281 3292 4335 et
3326 4265 3702 4355 longa'pere-

2049 4355 2329 4436 grinatio.
2365 4355 2720 4418 Redduntur
2751 4357 2910 4419 enim
2935 4359 2989 4421 ei
3013 4359 3224 4422 litterae
3243 4363 3317 4424 ab
3343 4364 3474 4442 ejus
3496 4372 3702 4446 patruo

2051 4446 2416 4509 Volusiano:
2453 4447 2549 4528 qui
2584 4447 2685 4508 illo
2709 4448 2954 4525 quidem
2989 4457 3258 4532 tempore
3301 4462 3426 4515 erat
3474 4464 3708 4518 creatus

307 4537 365 4596 δὲ
395 4538 722 4608 ἡέπιστολὴ
754 4539 915 4596 ταῦτά
973 4559 1030 4594 τε
1083 4538 1170 4593 καὶ
1202 4533 1282 4592 ὅτι
1337 4533 1422 4591 διὰ
1477 4533 1679 4590 πολλου
1731 4532 1849 4613 ἄγει
1907 4555 1936 4588 τ

2053 4535 2372 4617 praefectus
2402 4539 2687 4600 Romanis
2744 4538 3049 4602 civitatis:
3116 4549 3332 4606 missus
3385 4563 3527 4608 vero
3582 4551 3716 4607 erat

306 4629 362 4695 ἐς
395 4627 520 4708 ὄψιν
577 4631 721 4704 αὒτῷ
783 4629 990 4696 ἐκείνην
1063 4625 1264 4686 ἐλθεῖν.
1329 4623 1400 4715 Ἐξ
1438 4623 1503 4715 *δὲ
1565 4622 1667 4698 ἦρα
1720 4625 1816 4700 μὲν
1879 4644 1941 4715 κα

2028 4614 2278 4706 'legatus
2326 4625 2666 4706 Byzantium
2720 4627 2794 4690 ad
2852 4628 3176 4693 Eudociam
3234 4633 3706 4715 imperatricem.

307 4720 446 4788 αὐτὴ
515 4721 607 4776 τόν
659 4723 802 4776 θεῖον
861 4717 1021 4798 ἰδεῖν,
1086 4717 1174 4773 καὶ
1231 4711 1554 4792 μεταϐαλεῖν
1610 4725 1795 4770 πεῖσαι
1866 4714 1964 4778 τῆς

309 4807 468 4878 δόξης
526 4809 620 4879 τῆς
680 4807 966 4877 ἐλληνιγῆς
1043 4805 1232 4887 (ταύτῃ
1262 4805 1363 4884 γὰρ
1425 4803 1575 4866 οὗτος
1639 4802 1804 4860 πάλαι
1875 4823 1969 4858 κε-

309 4900 600 4982 κράτητο),
633 4900 837 4978 ἠγωνία
868 4897 922 4954 δὲ
951 4901 1030 4974 μὴ
1080 4919 1129 4953 τι
1161 4900 1248 4953 καὶ
1278 4893 1422 4972 παρὰ
1478 4899 1555 4967 τῷ
1614 4900 1729 4967 Θεῷ
1785 4889 1971 4982 δοκοῦν

312 4981 559 5071 πράξασα
615 4989 787 5051 λάθοι.
849 4986 1234 5062 Κοινωσαμένη
1300 4983 1354 5040 δὲ
1423 4984 1512 5039 καὶ
1579 5004 1716 5039 τισιν
1787 4981 1970 5046 ἄλλοις

315 5087 423 5140 τῶν
484 5081 744 5161 μοεδαχῶν
797 5080 862 5136 τὰ
918 5085 1012 5136 τοῦ
1067 5076 1408 5156 πράγματος,
1469 5071 1600 5161 ἐπεὶ,
1636 5071 1974 5152 συνεχώρουν

2050 4715 2188 4778 Haec
2217 4725 2414 4777 autem
2465 4716 2836 4794 signiﬁcabat
2895 4719 3166 4799 epistola,
3232 4725 3390 4805 quod
3436 4728 3558 4804 jam
3610 4725 3713 4788 diu

2052 4804 2216 4866 illam
2242 4805 2613 4896 desideraret
2643 4807 2873 4869 videre.
2929 4808 3036 4870 Illa
3065 4828 3208 4874 vero
3255 4804 3536 4893 cupiebat
3586 4816 3717 4896 ipsa

2054 4913 2291 4977 quoque
2322 4894 2524 4956 videre
2558 4905 2851 4976 patruum,
2908 4907 2969 4960 et
3023 4900 3079 4962 ei
3130 4903 3516 4982 persuadere,
3570 4894 3634 4966 ut
3685 4923 3720 4966 a

2054 4983 2363 5064 gentilium
2416 4985 2736 5049 desisteret
2783 4987 3084 5067 opinione.
3138 4991 3333 5054 Dubia
3360 5003 3561 5056 autem
3593 5003 3723 5056 erat

2056 5072 2268 5165 animi,
2288 5091 2377 5165 ne
2401 5074 2540 5154 quid
2572 5075 2921 5155 imprudens
2942 5076 3162 5142 faceret
3194 5091 3410 5162 praeter
3438 5083 3521 5162 id,
3557 5085 3721 5165 quod

317 5174 562 5230 κάκεῖνοι
827 5167 1069 5242 κάθοδον,
1144 5165 1338 5244 ἐξορμᾷ
1411 5169 1519 5219 τῶν
1589 5159 1941 5241 Ἰεροσολύμω

2061 5166 2182 5225 Deo
2211 5161 2545 5224 videbatur.
2579 5165 2726 5228 Cum
2762 5183 2902 5227 vero
2926 5159 3222 5249 aliquibus
3247 5171 3378 5234 aliis
3413 5159 3722 5238 monachis

317 5263 356 5330 ἡ
388 5261 621 5341 μακαρία
652 5259 748 5318 καί
801 5261 944 5325 εὒθὺς
977 5257 1114 5315 κατὰ
1143 5261 1317 5312 πᾶσαν
1346 5251 1504 5311 πόλιν
1536 5273 1592 5309 τε
1646 5251 1734 5308 καί
1793 5253 1941 5332 χώρα

2061 5271 2190 5316 rem
2229 5252 2752 5331 communicasset,
2788 5258 3207 5335 permitterent
3255 5271 3453 5324 autem
3511 5263 3622 5339 illi,
3655 5273 3728 5326 ut

321 5350 519 5433 ἐχώρει
551 5357 718 5428 τιμῆς
748 5371 806 5407 τε
836 5354 935 5418 τῆς
995 5345 1375 5427 προσηκούσης
1428 5345 1521 5434 καί
1569 5344 1846 5423 θεραπείας
1895 5343 1941 5399 ἐτ

2065 5351 2270 5434 posset
2317 5342 2640 5434 proﬁcisci,
2703 5345 3011 5424 egreditur
3067 5348 3498 5434 Hierosolymis
3553 5354 3728 5416 beata

320 5430 792 5522 αῧτῇγινομένης.
846 5438 913 5498 Οῗ
970 5459 1028 5496 τε
1086 5437 1186 5515 γάρ
1242 5441 1350 5492 τῶν
1406 5431 1617 5490 πόλεων
1675 5435 1837 5513 ἱερεῖς
1896 5455 1941 5490 κς

2065 5431 2319 5495 Melana.
2335 5430 2450 5492 Per
2471 5451 2892 5515 quamcunque
2906 5447 3104 5500 autem
3123 5430 3408 5503 transibat
3431 5441 3726 5504 civitatem

318 5518 598 5614 ἀρχιερεῖς
631 5531 726 5588 οὒκ
758 5530 945 5611 ὀλίγην
1008 5527 1142 5602 ᾱῦτῇ
1204 5525 1304 5593 τὴν
1362 5523 1528 5600 τιμὴν
1591 5523 1890 5602 προσῆγον,
1925 5547 1941 5580 o

2071 5532 2128 5584 et
2158 5522 2498 5602 regionem,
2533 5542 2664 5586 eam
2697 5545 2814 5606 quo
2849 5546 2955 5608 par
3011 5542 3160 5608 erat,
3216 5532 3732 5614 prosequebantur

408 5695 498 5781 (2)
529 5697 706 5760 Anno
738 5690 881 5770 454,
916 5697 1069 5754 teste
1100 5683 1390 5749 Barouio.
