4066 6400
268 364 386 432 785
1597 362 1782 429 VITA
1843 361 1905 426 S.
1953 360 2314 427 MELANjE.
3524 362 3643 432 786

266 502 459 561 ἑαυτὸν
502 503 590 560 καὶ
617 498 848 565 ἐλεεινὸς
902 499 1072 580 ἄφθεὶς
1118 498 1207 557 σὺν
1255 496 1481 575 μελαίνῃ
1541 499 1633 555 καί
1680 497 1907 573 πενθίμῳ

2000 496 2401 570 Quamobrem
2436 497 2727 577 malignus
2757 515 2823 561 se
2852 497 2928 563 ab
2957 519 3028 566 ea
3073 497 3229 564 vinci
3260 521 3379 565 non
3409 502 3635 579 ferens,

269 592 437 670 στολῇ
489 591 762 674 ἐφίσταται
817 587 994 671 φοϐῶν
1064 588 1129 647 ab
1142 588 1230 657 τὴν
1290 589 1376 646 καὶ
1431 588 1498 645 τὰ
1554 585 1907 668 χαλεπώτατα

1998 587 2060 648 in
2085 587 2274 650 virum
2294 588 2424 668 ejus
2446 598 2859 663 conversus,et
2881 592 2933 652 ei
2956 608 3253 673 apparens
3275 593 3636 657 miserabilis

265 681 506 740 ἀπειλῶν
540 701 555 717 ·
603 683 694 739 καὶ
747 684 932 759 πρῶτα
975 680 1074 755 μὲν
1135 677 1293 736 αὖτοῦ
1346 676 1609 755 βασιλέως
1665 679 1754 734 καὶ
1808 683 1907 734 τῶν

1999 696 2133 740 cum
2162 676 2397 757 lugubri
2455 687 2512 740 et
2540 678 2708 758 nigra
2736 687 2920 756 veste,
2951 681 3185 744 accedit
3214 701 3345 745 eam
3377 691 3633 762 terrens,

265 772 606 850 θεραπόντων
662 771 821 829 αὐτοῦ
875 769 973 838 τὴν
1045 766 1259 847 καρδίαν
1315 765 1640 845 μεταϐαλεῖν
1696 768 1785 824 καὶ
1840 768 1914 833 εἰς

370 860 395 883 ν
1259 855 1307 890 ἢ).
1414 880 1424 890 ⁸
1485 858 1496 879 ρ
1680 858 1689 872 1

260 864 327 919 τὸ
371 860 603 937 εμπαλιν
655 863 989 936 μεταθεῖναι,
1021 857 1208 915 ἔπειτα
1254 874 1309 913 οε
1363 859 1608 932 οἰκτιστῳ
1636 856 1778 914 τελει
1823 859 1914 914 τὸν

258 953 374 1030 βίον
415 950 708 1009 ἀπολιπεῖν
762 950 957 1017 ταύτην
1013 948 1437 1028 παρασκευάσαι,
1488 946 1690 1013 ὀδύναις
1744 950 1912 1027 βαρυ-

262 1042 452 1109 τάταις
498 1043 971 1119 κατεργασθεϊσαν,
1017 1039 1085 1095 Ἠ
1113 1036 1168 1095 δὲ
1209 1038 1414 1118 τέχνην
1456 1038 1599 1095 εἶναι
1629 1038 1794 1096 ταῦτα
1820 1046 1914 1097 τοῦ

261 1153 502 1209 πονηρου
557 1143 802 1210 συνεῖσα,
845 1130 908 1185 τὸ
967 1137 1058 1187 τοῦ
1126 1135 1350 1207 Χριστοῦ
1389 1126 1558 1203 ὄνομα
1601 1129 1699 1196 τὴν
1741 1130 1912 1207 βαρυ-

260 1220 432 1288 τάτην
489 1219 691 1279 ἐκείνου
748 1219 986 1297 μάστιγα
1045 1217 1169 1275 κατ’
1230 1219 1389 1276 αὐτοῦ
1443 1217 1678 1278 καλοῦσα
1734 1222 1912 1299 ἀφανῆ

261 1317 452 1368 τοῦτον
516 1314 853 1390 παραχρῆμα
883 1308 1051 1367 ἐποίει
1085 1324 1099 1339 ⁶
1133 1308 1258 1366 εἶτα
1288 1307 1758 1384 μεταστειλαμένη
1788 1308 1915 1378 διητ-

264 1402 479 1477 γεϊσθαι
533 1399 669 1473 ἅπερ
727 1397 841 1456 εἶδέ
897 1420 956 1456 τε
1026 1398 1113 1456 καὶ
1154 1398 1386 1469 ἀκήκοεν
1431 1397 1576 1478 ἄφνω
1618 1400 1679 1456 τὸ
1740 1400 1914 1480 ίσχίον

263 1488 424 1567 ὀδύνη
454 1487 707 1565 βάλλεται
767 1488 862 1545 καῗ
916 1487 1056 1545 οὕτω
1095 1486 1328 1567 δριμεῖα,
1378 1488 1452 1552 ὡς
1483 1488 1778 1566 ἄφωνόντε
1811 1490 1910 1548 αύ-

262 1579 365 1648 τῆν
420 1580 570 1645 560-5:
627 1584 981 1653 καταστῆναι,
1031 1581 1118 1636 καὶ
1158 1576 1347 1653 μηδενὶ
1389 1576 1517 1653 μηδ’
1572 1576 1709 1644 ὅλως
1767 1580 1911 1638 εἶναι

263 1666 671 1748 διαμφιϐαλὶειν
713 1667 794 1724 ὅτι
826 1669 904 1736 μὴ
933 1668 1209 1747 προφανὴς
1259 1669 1326 1734 ἦν
1386 1674 1479 1725 τοῦ
1537 1670 1730 1748 ἐχθροῦ
1786 1668 1909 1727 ἐπί-

263 1763 430 1823 θεσις,
479 1758 630 1817 Οὕτω
659 1763 758 1825 τῆς
802 1755 989 1825 ὀδύνης
1038 1757 1172 1834 αὒτῇ
1214 1759 1303 1814 καὶ
1358 1759 1431 1823 εἰς
1487 1755 1541 1824 ἓξ
1584 1761 1910 1836 παραταθεί-

1998 778 2058 829 et
2085 768 2284 847 gravia
2313 768 2616 846 minitans,
2654 777 2713 831 et
2755 771 3013 849 primum
3047 772 3291 852 quidem
3329 792 3400 837 se
3448 773 3637 855 ipsius

1995 856 2376 936 imperatoris
2405 868 2463 921 et
2483 860 2613 937 ejus
2633 859 2986 922 famulorum
3029 879 3135 923 cor
3165 870 3551 941 mutaturum,
3578 872 3643 928 et

1997 950 2058 1010 in
2088 949 2452 1012 contrarium
2489 949 2934 1032 lraducturum;
2968 951 3190 1014 deinde
3218 954 3397 1017 etiam
3429 964 3492 1019 ut
3518 955 3637 1019 mi-

1995 1038 2235 1100 serabili
2269 1043 2426 1100 exitu
2451 1039 2623 1100 vitam
2658 1040 2878 1121 ﬁniret,
2904 1051 3383 1122 procuraturum,
3409 1046 3639 1122 gravis-

1996 1128 2166 1189 simis
2221 1128 2491 1191 confecta
2545 1128 2871 1192 doloribus.
2936 1132 3040 1193 Illa
3090 1142 3289 1197 autem
3341 1135 3469 1198 haec
3501 1153 3639 1198 esse

1996 1224 2188 1281 artem
2223 1216 2462 1297 maligni
2514 1218 2872 1298 intelligens,
2927 1222 3146 1286 Christi
3199 1242 3441 1298 nomen,
3477 1226 3635 1306 quod

1995 1307 2403 1388 gravissimam
2435 1307 2519 1370 illi
2550 1306 2775 1389 plagam
2798 1310 2990 1386 ail'ert,
3015 1318 3321 1395 invocans,
3347 1315 3544 1378 eii‘ecit
3573 1323 3640 1379 ut

1997 1397 2050 1460 is
2106 1398 2302 1461 statim
2357 1408 2764 1462 evanesceret.
2819 1401 3053 1465 Deinde
3103 1421 3240 1465 cum
3288 1408 3640 1468 accersisset

1997 1488 2257 1567 eumqui
2280 1494 2407 1550 erat
2435 1505 2569 1549 cum
2596 1493 2748 1569 ipsa,
2784 1491 3183 1574 sacerdotem,
3227 1500 3285 1555 et
3313 1494 3639 1575 iucepisset

1995 1595 2240 1640 narrare
2272 1595 2340 1639 ea
2368 1596 2502 1658 quae
2524 1577 2758 1642 viderat
2786 1588 2845 1642 et
2868 1581 3354 1663 audierat,sentit
3383 1592 3635 1664 repente

1993 1666 2261 1730 dolorem
2322 1666 2384 1728 in
2443 1668 2792 1745 coxendice,
2847 1688 3106 1753 eumque
3133 1672 3283 1735 adeo
3313 1692 3540 1749 acrem,
3575 1681 3640 1735 ut

1994 1775 2065 1819 ea
2093 1773 2299 1818 vocem
2325 1758 2615 1832 amiserit,
2648 1768 2708 1819 et
2765 1776 2943 1822 nemo
3002 1759 3366 1824 dubitaverit
3407 1761 3468 1823 id
3501 1779 3636 1824 esse

265 1871 368 1917 σης
409 1848 610 1927 ἡμέρας
654 1848 748 1907 καί
791 1845 910 1905 κατ’
938 1846 1144 1916 ἐκείνην
1188 1845 1424 1922 μάλιστα
1471 1849 1572 1916 τὴν
1620 1849 1762 1927 ὥραν
1815 1857 1907 1907 τοῦ

1996 1845 2374 1909 manifestum
2401 1846 2633 1909 inimici
2663 1847 2975 1911 insultum.
3012 1851 3159 1915 Cum
3191 1851 3279 1914 sic
3318 1851 3373 1914 ei
3406 1851 3632 1926 produ-

273 1937 439 1997 δεινοῦ
484 1939 583 2006 τὴν
626 1938 901 1996 ἐπίστασιν
948 1935 1267 2017 δεχομένου,
1300 1936 1356 1993 ἐν
1397 1937 1433 2014 ᾗ
1480 1940 1573 1995 τὸν
1615 1960 1674 1995 τε
1704 1937 1909 2015 μέλανα

269 2026 383 2085 εἶδε
434 2029 523 2086 καὶ
550 2029 648 2094 τὰς
689 2026 913 2092 ἀπειλὰς
944 2026 1195 2101 ἤκουσεν,
1229 2027 1344 2084 ἐπεὶ
1372 2031 1470 2084 καὶ
1501 2029 1536 2097 ἡ
1567 2025 1770 2104 ἑϐδόμη
1799 2051 1909 2087 παο

264 2119 363 2196 ρῆν
417 2120 506 2176 καὶ
566 2119 601 2187 ἡ
657 2116 881 2185 τελευτὴ
941 2115 1298 2196 προσδόκιμος
1345 2117 1411 2186 ἧν
1436 2164 1454 2197 ,
1512 2117 1787 2199 ἐφίσταταί
1828 2141 1910 2185 τις

262 2206 619 2285 ἀπαγγέλλων
650 2206 810 2285 αὐτῇ,
844 2207 1018 2287 ἀθρόῳ
1070 2205 1211 2265 τέλει
1266 2208 1358 2264 τὸν
1394 2211 1542 2265 θετον
1582 2207 1707 2266 ὅσον
1762 2208 1912 2269 οὔπω

263 2295 580 2356 κινδυνεύειν
610 2297 919 2360 ἀποθανεῖν.

346 2468 433 2542 Λ’.
481 2479 646 2537 Tauro
689 2476 865 2545 ἐκείνη
921 2475 1138 2549 ἤκουσε,
1172 2476 1343 2535 καίτοι
1392 2475 1587 2558 σχεδὸν
1643 2477 1912 2549 ἀκινήτως

265 2570 470 2651 ἔχουσα
518 2571 588 2645 τῇ
640 2577 734 2628 τοῦ
789 2568 968 2647 ἰσχίου
1024 2566 1238 2647 πληγῇ,
1283 2569 1581 2636 παραυτίκα
1642 2569 1912 2645 βασταζο-

264 2661 400 2736 μένη
430 2662 587 2738 χερσὶ
616 2658 705 2715 καὶ
766 2657 966 2737 πορείω
1022 2657 1146 2736 παρ’
1203 2659 1360 2717 αὐτὸν
1399 2656 1634 2721 ἄπεισιν.
1698 2658 1912 2718 Ἐλύπει

262 2752 367 2829 γὰρ
419 2749 587 2817 αὑτὴν
640 2746 837 2828 σφόδρα
898 2749 958 2805 ού
1012 2749 1076 2804 τὸ
1131 2748 1379 2818 θνήσκειν
1434 2748 1642 2807 ἐκεῖνον
1700 2749 1909 2831 ἁπλῶς,

264 2839 401 2897 ἆλλὰ
445 2840 505 2896 τὸ
533 2839 778 2908 θνήσκειν
808 2836 946 2895 οὕτω
974 2838 1063 2894 τὸν
1110 2836 1206 2905 τῆς
1237 2837 1423 2917 ψυχῆς
1470 2837 1720 2919 θάνατον,
1766 2838 1915 2898 οὕπω

268 2931 366 2999 τῆς
446 2929 503 2987 ἐκ
581 2936 674 2987 τοῦ
754 2929 1123 3006 βαπτίσματος
1210 2927 1495 3007 ύφθάρσίας
1595 2928 1909 3005 ἠξιωμένον.

274 3018 498 3078 Ἔπειτα
543 3018 725 3097 φθάνει
792 3039 872 3084 τις
928 3016 1105 3097 ἕτερος
1183 3019 1401 3093 μηνύων
1458 3019 1593 3096 αὐτῇ
1648 3016 1910 3096 βεϐαπτί-

265 3113 382 3169 σθαι
414 3110 505 3166 τὸν
536 3108 720 3186 ἄνδρα,
747 3109 836 3166 καὶ
867 3106 976 3183 ὅτι,
1006 3108 1205 3176 ταύτην
1233 3105 1420 3176 ἒπειδὴ
1450 3106 1627 3166 πολλὰ
1668 3111 1908 3180 ζητήσας

261 3200 369 3280 ονῖιχ
410 3200 579 3274 εὗρεν,
610 3199 747 3256 ἀλλὰ
778 3198 919 3273 νόσῳ
950 3196 1270 3278 κατέχεσθαι
1327 3197 1654 3274 μεμαθήκοι,
1692 3196 1906 3279 ὁδηγῶν

260 3291 425 3349 πάλιν
468 3289 663 3366 ἑτέρων
689 3290 896 3369 τυχὼν,
956 3290 1132 3367 φωτὸς
1190 3285 1255 3344 δι’
1298 3286 1515 3345 ἐκείνων
1543 3292 1652 3354 υἱὸς
1682 3289 1906 3370 γίνεται,

260 3382 348 3440 καὶ
404 3384 500 3435 τοῦ
551 3378 920 3454 βαπτίσματος
976 3375 1234 3443 ἀξιοῦται.
1305 3377 1516 3434 Τούτων
1560 3379 1691 3455 πρὸς
1742 3381 1908 3447 αὒτὴν

261 3468 528 3549 ῥηθέντων
568 3469 778 3543 σύναμα
819 3474 890 3543 τῇ
932 3471 1030 3534 τῆς
1063 3471 1246 3546 ψυχῆς
1272 3465 1531 3545 ἀλγηδόνι
1590 3470 1677 3525 καὶ
1724 3470 1758 3537 ἡ
1816 3475 1911 3525 τοῦ

262 3560 514 3635 σώματος
574 3556 721 3621 εὒθὺς
775 3555 1013 3632 ὒπὲληγε
1091 3556 1267 3619 νόσος.
1334 3559 1431 3616 Καὶ
1492 3560 1527 3626 ἣ
1589 3558 1685 3629 μὲν
1745 3559 1907 3638 ὀσφὺς

260 3648 542 3711 ἀνωδύνως
604 3651 759 3727 εἶχεν
795 3664 809 3678 ·
871 3649 900 3704 ὁ
964 3645 1018 3702 δὲ
1060 3654 1192 3709 ποῦς
1236 3645 1493 3716 ἐκινεῖτο,
1528 3648 1614 3704 καὶ
1657 3650 1686 3704 ὁ
1733 3650 1909 3711 κοινὸς

258 3738 545 3814 πολέμιος,
610 3738 838 3817 αἰσχύνῃ
900 3734 1358 3814 συνεκαλύπτετο,
1426 3737 1562 3793 ὥστε
1613 3740 1676 3793 τὸ
1724 3738 1912 3793 λοιπὸν

256 3831 353 3898 τῆς
386 3828 508 3886 ὁδοῦ
538 3829 671 3898 αύτή
700 3848 758 3883 τε
788 3824 854 3883 δι’
911 3826 1106 3893 ἑαυτῆς
1158 3825 1273 3905 ﬁet,
1333 3828 1421 3883 καὶ
1447 3829 1492 3883 οἱ
1522 3825 1770 3905 πέροντες
1796 3826 1912 3883 ἀντὶ

258 3927 355 3978 τοῦ
409 3919 690 3996 βαστάζειν
775 3916 870 3980 τὰς
953 3928 1149 3995 χεῖρας
1209 3915 1296 3973 ἐπὶ
1350 3917 1414 3974 τὸ
1473 3913 1702 3988 δοξάζειν
1763 3917 1908 3979 εὐθὺς

258 4010 483 4071 ἔτεινον.
556 4007 693 4065 Εἶτα
748 4007 836 4063 καὶ
893 4008 1025 4084 πρὸς
1084 4007 1177 4062 τὸν
1232 4009 1377 4063 θεῖον
1433 4005 1758 4085 ἀφικομένη,
1821 4007 1910 4063 καὶ

258 4099 443 4177 λόγοις
484 4098 642 4157 αὖτὸν
700 4094 1057 4174 ἑπιῤῥώσασα,
1091 4093 1266 4152 πολλά
1313 4117 1370 4152 τε
1418 4097 1535 4174 περὶ
1589 4100 1774 4175 ψυχῆς
1818 4098 1909 4153 καὶ

260 4193 362 4255 τῆς
418 4186 618 4245 ἱκεῐθεν
661 4183 1011 4266 διαλεχθεῖσα
1052 4190 1218 4265 ζωῆς,
1252 4185 1470 4261 εὔθυμόν
1504 4205 1556 4242 τε
1604 4186 1698 4242 καί
1751 4184 1906 4242 εὔελ-

264 4299 357 4335 πιν
414 4276 497 4334 ἐπὶ
533 4278 633 4346 τὴν
677 4276 750 4338 sic
798 4278 930 4333 Θεὸν
983 4274 1293 4354 ἂπάγουσαν
1348 4274 1720 4354 παραπέμπει,
1788 4288 1906 4338 τοῖς

257 4365 564 4431 καλλίστοις
615 4367 775 4424 αὐτὸν
826 4364 1051 4445 ἐφοδίοις
1093 4372 1170 4439 τῷ
1211 4366 1373 4440 τιμίῳ
1432 4368 1655 4444 Χριστοῦ
1699 4365 1908 4440 σώματί

253 4480 316 4517 τε
369 4458 457 4515 καὶ
539 4456 732 4533 α”ματι
804 4456 1185 4534 καταρτίσασα,
1248 4458 1335 4513 καὶ
1415 4456 1581 4522 οὕτως
1658 4456 1906 4535 ἀσφαλῶς

253 4548 509 4629 οἴχεσθαι
564 4546 1032 4626 παρασκευάσασα.
1127 4548 1224 4603 Καὶ
1301 4553 1467 4603 ταῦτα
1552 4549 1651 4622 μὲν
1719 4557 1905 4607 τοῦτον

254 4638 581 4715 ᾡκονομήθη
640 4637 731 4694 τὸν
785 4636 981 4715 τρόπον
1019 4655 1032 4672 ⁸
1101 4637 1136 4704 ἡ
1196 4635 1251 4693 δὲ
1307 4636 1526 4694 ἐνταῦθα
1585 4635 1905 4716 διαγαγοῦσα

254 4729 357 4804 μὲν
411 4727 616 4806 ἡμέρας
669 4727 794 4805 οὐχὶ
851 4726 1073 4806 συχνὰς,
1136 4724 1309 4783 πολλᾶ
1342 4725 1398 4782 δὲ
1423 4730 1480 4783 ἓν
1524 4726 1728 4804 ὀλίγαις
1763 4725 1903 4784 πολ-

250 4819 379 4883 λοὺς
437 4816 785 4897 ὠφελήσασα,
841 4817 926 4873 καὶ
985 4817 1086 4894 πρό
1143 4840 1206 4894 γε
1258 4822 1366 4872 τῶδ
1421 4815 1598 4873 ἄλλων
1632 4818 1747 4877 τοὺς
1784 4819 1901 4895 περὶ

248 4909 352 4975 τὴν
411 4904 654 4984 βασιλίδα
713 4907 797 4963 καὶ
840 4904 1183 4982 τὸνβασιλέα
1237 4904 1537 4983 (Θεοδόσιος
1599 4906 1750 4970 οὗτος
1807 4906 1902 4984 ἦν)

247 4999 364 5056 ἐπεὶ
422 4996 515 5054 καί
576 4993 840 5070 δεομένων
918 4995 1161 5055 πλείονος
1245 4996 1388 5052 οὗτοι
1462 5001 1561 5062 τῆς
1620 4999 1897 5071 θεραπείας

1993 1944 2125 2000 ctus
2152 1944 2313 1999 esset
2341 1936 2515 1999 dolor
2570 1937 2642 1999 ad
2703 1955 2804 2007 sex
2864 1957 3055 2020 usque
3084 1939 3237 2016 dies,
3271 1948 3331 2004 et
3359 1941 3459 2004 illa
3488 1942 3636 2005 hora

1993 2026 2253 2091 maxime
2281 2026 2501 2089 malum
2535 2026 3097 2107 intenderetur,qua
3124 2029 3359 2109 nigrum
3380 2048 3633 2111 aspexe-

1992 2124 2085 2180 rat
2111 2125 2169 2179 et
2198 2116 2391 2181 minas
2419 2116 2730 2180 audiverat
2763 2117 2993 2199 (aderat
3049 2119 3211 2181 enim
3260 2119 3389 2183 dies
3440 2120 3629 2202 septi-

1996 2210 2173 2282 mus),
2202 2206 2437 2270 accedit
2461 2206 2699 2288 aliquis,
2724 2210 3076 2272 renuntians
3096 2218 3372 2290 patruum
3398 2211 3635 2275 venisse

1993 2296 2058 2361 in
2081 2297 2441 2378 periculum,
2474 2316 2551 2361 ne
2574 2298 2888 2379 repentina
2917 2307 3107 2364 morte
3130 2301 3307 2363 vitam
3340 2319 3474 2363 mox
3500 2301 3633 2364 tini-

1992 2397 2110 2450 ret.

2074 2478 2262 2543 XXX.
2296 2477 2422 2542 Hoc
2475 2488 2786 2559 postquam
2843 2481 2946 2544 illa
2972 2481 3215 2557 audivit,
3249 2483 3359 2544 etsi
3393 2492 3639 2565 propter

1998 2569 2270 2631 dolorem
2303 2570 2648 2632 coxendicis
2677 2570 2768 2632 vix
2800 2589 2867 2634 se
2916 2579 3112 2652 posset
3148 2589 3413 2647 movere,
3446 2576 3641 2637 mani-

1998 2658 2111 2721 bus
2143 2666 2201 2721 et
2224 2658 2443 2724 lectica
2474 2660 2745 2741 protinus
2770 2661 2841 2722 ad
2877 2680 3011 2723 eum
3034 2671 3199 2724 vecta
3221 2662 3640 2741 proﬁciscitur.

1999 2750 2184 2810 Valde
2214 2748 2376 2811 enim
2399 2749 2729 2828 angebatur
2758 2750 2816 2812 in
2848 2769 2937 2830 se,
2966 2769 3084 2813 non
3115 2750 3274 2832 quod
3305 2752 3406 2815 ille
3438 2771 3639 2816 more-

1997 2845 2186 2914 retur,
2218 2838 2326 2900 sed
2379 2838 2536 2919 quod
2590 2846 2842 2902 mortem
2892 2838 3118 2903 subiret
3173 2839 3412 2919 animas,
3446 2851 3512 2904 ut
3542 2842 3645 2923 qui

1998 2928 2275 3007 baptismi
2294 2927 2810 3008 incorruptionem
2838 2929 3104 2992 nondum
3131 2939 3292 2992 esset
3309 2940 3639 2998 assecutus.

1996 3015 2229 3081 Deinde
2279 3019 2440 3080 venit
2498 3018 2736 3098 quidam
2769 3018 2942 3095 alius,
2979 3019 3037 3080 ei
3082 3018 3421 3099 signiﬁcans
3451 3022 3644 3084 virum

1996 3107 2380 3189 baptizatum,
2418 3106 2657 3189 etquod
2680 3126 2817 3169 cum
2843 3125 2972 3170 eam
2992 3127 3149 3189 saepe
3179 3111 3487 3189 quaesitam
3519 3129 3644 3175 non

1994 3200 2327 3265 invenisset,
2361 3198 2463 3258 sed
2493 3214 2615 3256 eam
2645 3200 2847 3258 morbo
2879 3200 3120 3259 detineri
3150 3201 3644 3266 didicisset.aiium

1991 3289 2204 3352 ducem
2237 3305 2446 3350 rursus
2479 3295 2710 3361 nactus,
2739 3305 2847 3367 per
2895 3287 3063 3350 illum
3093 3288 3160 3349 ﬁt
3189 3288 3343 3352 lucis
3373 3290 3556 3365 ﬁlius,
3589 3299 3649 3354 et

1992 3378 2352 3460 baptismum
2386 3378 2790 3457 consequitur.
2820 3376 2966 3440 Cum
2985 3378 3112 3441 haec
3132 3377 3190 3441 ei
3225 3378 3383 3442 dicta
3410 3390 3642 3462 essent,

1992 3489 2125 3532 cum
2154 3468 2362 3532 dolore
2392 3468 2610 3530 animae
2631 3472 2902 3549 protinus
2922 3468 3371 3532 cessavitetiam
3400 3470 3646 3534 morbus

1990 3557 2259 3640 corporis
2294 3578 2309 3620 :
2342 3566 2396 3620 ei
2434 3557 2672 3620 lumbus
2696 3557 2941 3638 quidem
2994 3558 3236 3621 carebat
3271 3560 3509 3639 dolore,
3541 3580 3648 3642 pes

1993 3659 2194 3713 autem
2227 3647 2596 3723 movebatur,
2628 3657 2688 3709 et
2717 3648 3054 3710 communis
3103 3647 3390 3713 inimicus
3418 3651 3645 3715 aﬁicie-

1995 3738 2168 3800 batur
2186 3736 2484 3800 dedecore
2509 3757 2523 3799 :
2551 3736 2701 3799 adeo
2728 3745 2790 3799 ut
2807 3737 2918 3799 vias
2936 3737 3239 3815 reliquum
3291 3739 3420 3820 ipsa
3445 3759 3551 3820 per
3578 3760 3649 3803 se

1993 3832 2324 3897 conﬁceret,
2356 3841 2410 3889 et
2433 3831 2532 3903 qui
2555 3832 2879 3902 portabant,
2912 3846 3018 3903 pro
3041 3846 3109 3889 eo
3145 3833 3297 3904 quod
3322 3834 3484 3903 prius
3516 3848 3621 3904 por

1995 3917 2209 3980 labant,
2233 3915 2304 3973 ad
2327 3915 2507 3973 Deum
2558 3914 2907 3973 laudandum
2933 3916 3122 3974 statim
3143 3931 3349 3975 manus
3368 3917 3645 3975 extende-

1993 3998 2374 4057 bant.Deinde
2405 4014 2535 4056 cum
2564 3999 2811 4057 venisset
2835 4000 2905 4061 ad
2930 4010 3277 4069 patruum,et
3300 4002 3487 4057 verbis
3506 4016 3641 4060 eum

1992 4084 2430 4159 conﬁrmasset,
2464 4091 2524 4145 et
2554 4083 2628 4145 de
2655 4102 2725 4146 ea
2757 4102 2890 4165 quas
2918 4083 3045 4146 illic
3066 4093 3156 4146 est
3176 4085 3291 4146 vita
3314 4085 3641 4149 disseruis-

1991 4190 2106 4255 set,
2138 4180 2334 4243 laetum
2367 4190 2429 4244 et
2460 4180 2616 4243 bona
2665 4199 2771 4258 spe
2827 4180 3139 4262 prmditum
3191 4182 3535 4244 transmittit
3562 4184 3639 4246 ad

1989 4275 2166 4351 vitam,
2201 4292 2334 4354 quae
2364 4272 2532 4336 ducit
2561 4272 2634 4334 ad
2668 4272 2885 4347 Deum,
2911 4292 3045 4335 cum
3080 4273 3485 4352 pulcherrimo
3515 4274 3638 4336 via.-

1993 4366 2132 4440 tico,
2169 4381 2387 4443 nempe
2422 4369 2679 4443 pretioso
2712 4363 2928 4426 Christi
2962 4380 3216 4444 corpore
3239 4373 3296 4425 et
3319 4364 3632 4444 sanguine,

1990 4473 2127 4518 eum
2159 4453 2559 4524 instruxisset,
2597 4462 2654 4512 et
2679 4453 2766 4515 sic
2798 4463 2857 4513 ut
2891 4461 3010 4516 toto
3059 4454 3397 4528 recederet,
3431 4453 3632 4533 perfe-

1990 4545 2188 4606 cisset.
2223 4541 2294 4607 Et
2324 4545 2451 4605 haec
2481 4542 2729 4621 quidem
2762 4543 2873 4604 hoc
2929 4542 3105 4604 modo
3144 4550 3308 4621 gesta
3337 4550 3497 4606 sunt.
3528 4541 3632 4605 Illa

1991 4648 2178 4698 autem
2200 4654 2333 4696 cum
2350 4637 2501 4695 haud
2520 4636 2968 4709 multosquidom
2991 4637 3111 4693 dies
3133 4639 3223 4693 hic
3238 4638 3626 4709 transegisset,

1991 4724 2049 4785 in
2084 4723 2288 4802 paucis
2341 4740 2480 4783 vero
2541 4721 2739 4782 multis
2800 4724 3117 4800 plurimum
3181 4721 3520 4801 profuisset,
3568 4729 3629 4784 et

1986 4821 2122 4875 ante
2142 4811 2291 4873 alios
2314 4813 2389 4872 im
2402 4812 2684 4890 peratrici
2706 4818 2766 4872 et
2791 4811 2903 4890 ipsi
2945 4810 3288 4890 imperatori
3316 4810 3393 4889 (is
3425 4819 3623 4873 autem

1984 4910 2113 4965 erat
2132 4900 2555 4981 Theodosius),
2584 4918 2716 4961 nam
2740 4901 2778 4960 ii
2802 4900 3012 4979 majori
3039 4917 3187 4977 opus
3207 4899 3506 4964 habebant
3524 4921 3627 4963 cu-

1985 4993 2238 5068 ratione,
2274 5000 2335 5051 ut
2388 5009 2639 5071 quorum
2690 4990 2871 5052 animi
2922 4990 3148 5069 majore
3197 4989 3406 5052 mundi
3434 4989 3625 5070 gloria

244 5088 482 5163 ἐδέοντο,
540 5086 636 5142 ἅτε
674 5087 763 5143 καὶ
824 5085 1067 5151 πλείονος
1122 5086 1191 5154 τῇ
1225 5093 1312 5142 τοῦ
1360 5084 1563 5161 κόσμου
1605 5083 1729 5154 δύξη
1778 5085 1898 5143 δια-

1995 5090 2186 5146 rssent
2218 5081 2452 5144 tumidi.

240 5179 605 5260 χαυνούμενοι
636 5177 731 5241 τὰς
764 5177 972 5256 ψυχάς,

329 5267 466 5327 ΔΑ’.
519 5266 693 5325 Ταῦτα
741 5265 919 5331 καλῶς
967 5266 1142 5332 ἐκεινη
1199 5268 1284 5323 καὶ
1339 5264 1595 5347 θεοφιλῶς
1651 5264 1894 5346 πράξασα

243 5358 342 5426 τῆς
378 5357 589 5420 πόλεως
618 5355 813 5434 ἔξορμᾷ
845 5370 860 5386 ·
896 5355 1080 5420 δεινῶς
1125 5358 1224 5435 γὰρ
1265 5356 1426 5424 αύτήν
1484 5357 1587 5433 ἦγε
1618 5360 1718 5423 τῆς
1750 5357 1887 5424 ἠσυ-

245 5451 373 5530 χίας
406 5448 562 5526 ἔρως,
599 5448 683 5502 καὶ
712 5444 817 5513 ἤδη
848 5452 952 5503 τῶν
1006 5449 1160 5526 ἱερῶν
1211 5444 1640 5522 ἁνεμιμνήσκετο
1687 5446 1888 5506 τόπων.

2060 5260 2265 5327 XXXI.
2297 5263 2448 5323 Cum
2500 5261 2625 5323 haec
2683 5260 2786 5322 illa
2838 5260 3086 5340 pulchre
3136 5268 3196 5322 et
3227 5262 3323 5342 pie
3353 5260 3616 5337 fecisset,

1980 5352 2285 5431 egreditur
2313 5370 2347 5412 e
2364 5350 2600 5414 civitate
2625 5372 2640 5431 ;
2661 5350 2973 5412 tenebatur
2993 5352 3152 5413 enim
3180 5369 3392 5429 magno
3415 5370 3620 5417 amore

1982 5442 2204 5505 silentii
2235 5449 2293 5503 et
2324 5441 2567 5522 quietis,
2600 5450 2660 5503 et
2710 5458 2879 5502 sacra
2932 5441 3060 5504 loca
3106 5441 3161 5502 ei
3211 5440 3527 5503 veniebant
3557 5442 3620 5503 in

243 5541 453 5618 ’Ἔτυχε
482 5537 538 5595 δὲ
562 5540 683 5593 τότε
743 5536 831 5592 καὶ
880 5538 1042 5616 χιόνα
1082 5534 1477 5616 καταρραγῆναι
1536 5535 1745 5604 πολλὴν
1800 5538 1889 5593 καὶ

1995 5540 2267 5594 nentem.
2300 5530 2618 5594 Acciderat
2651 5537 2850 5593 autem
2885 5539 3027 5594 tunc
3081 5530 3240 5594 nivis
3293 5530 3618 5610 plurimum

243 5632 422 5711 ψῦχος
452 5628 671 5707 ἄμαχόν
701 5648 751 5684 τι
801 5627 1039 5705 γενέσθαι
1089 5629 1178 5685 καὶ
1228 5626 1670 5707 δυσκαρτέρητον,
1718 5626 1782 5684 Ἢ
1834 5626 1890 5684 δὲ

1995 5627 2284 5694 recidisse,
2308 5636 2361 5682 et
2381 5634 2645 5683 exortum
2666 5638 2793 5682 esse
2841 5626 3020 5697 frigus
3050 5626 3620 5683 vehementissimam

244 5710 533 5804 καὶίῶρας
591 5718 680 5777 καὶ
740 5716 921 5801 χιόνος
976 5717 1066 5777 καὶ
1120 5716 1334 5789 ἡλικίας
1392 5719 1480 5777 καὶ
1516 5717 1743 5793 τακεροῦ
1773 5717 1886 5775 σώ-

1995 5722 2034 5777 ἰ
2061 5712 2134 5777 ad
2157 5712 2536 5775 tolerandum
2557 5710 3001 5774 difﬁcillimum.
3024 5710 3128 5773 Illa
3149 5719 3347 5775 autern
3375 5721 3432 5773 et
3467 5718 3627 5771 tem-
