4066 6402
393 355 510 422 787

1692 361 1973 426 MENSIS
2020 362 2451 426 DECEMBER.

3653 363 3776 431 788

394 494 509 578 pﬁs
539 502 597 558 et
623 497 821 561 nivem
852 505 910 562 et
951 506 1183 562 aetatem
1235 506 1293 562 et
1352 498 1676 580 eliquatum
1710 516 1778 558 ac
1807 495 2034 557 tabefa-

2127 521 2289 572 ματος
2321 501 2408 558 καὶ
2459 501 2671 558 πάντων
2716 502 2849 577 ὁμοῦ
2892 502 3126 579 κρείττον
3176 501 3324 558 εἶναι
3370 500 3767 581 φιλονεικοῦσα,

396 595 561 649 ctum
595 606 831 670 corpus,
872 598 931 650 et
961 591 1160 651 omnia
1209 589 1468 669 denique
1527 587 1703 648 simul
1756 603 2042 666 superare

399 677 789 754 contendens,
820 678 973 740 viam
1010 680 1290 754 confecit,
1333 678 1569 740 labores
1600 676 1786 754 magis
1818 693 2042 754 augens

400 767 862 830 exercitationis.
900 769 1102 832 Multis
1163 787 1301 834 vero
1353 768 1572 829 sanctis
1607 785 1735 828 eam
1772 766 1830 826 in
1865 766 1957 827 via
1985 772 2044 825 et

397 856 656 937 hospitio
687 857 1151 936 excipientibus,
1187 869 1246 922 et
1278 868 1338 919 ut
1384 877 1454 919 ea
1503 864 1773 919 maneret
1819 873 2041 935 rogan-

397 945 582 1020 tibus,
616 946 720 1006 illa
782 946 1026 1008 minime
1087 947 1542 1028 obtemperavit,
1605 944 1707 1007 sed
1765 951 2043 1005 contento

395 1035 650 1113 quodam
683 1054 862 1098 cursu
892 1040 1178 1116 cucurrit,
1215 1038 1494 1098 salutaris
1551 1035 1848 1115 passionis
1881 1034 2041 1095 diem

393 1122 605 1185 festum
637 1125 884 1188 studens
917 1126 1228 1188 celebrare
1284 1125 1739 1203 Hierosolymis,
1797 1123 1954 1201 quod
1989 1123 2040 1182 ei

392 1213 570 1275 etiam
616 1217 906 1278 successit
955 1236 1023 1278 ex
1055 1217 1372 1278 sententia.
1432 1217 1578 1278 Cum
1631 1215 1714 1276 sic
1750 1231 1889 1292 ergo
1925 1230 2042 1272 una

392 1321 526 1364 cum
586 1305 674 1366 eis
730 1306 942 1368 festum
1000 1307 1123 1370 illic
1180 1306 1567 1371 celebrasset.
1602 1304 1675 1365 ad
1730 1303 1929 1382 priora
1977 1320 2041 1362 se

390 1411 600 1456 rursus
632 1397 900 1477 contulit,
933 1416 1049 1458 non
1080 1399 1274 1458 minus
1308 1406 1369 1458 et
1392 1395 1483 1456 sui
1515 1403 1572 1456 et
1592 1395 1788 1473 gregis
1815 1393 2041 1454 utrius-

395 1503 512 1564 que
559 1503 760 1547 curam
818 1504 1056 1564 gerens.
1117 1486 1264 1548 Cum
1319 1495 1520 1546 autem
1581 1485 1636 1545 ei
1693 1489 1951 1543 venisset
1981 1482 2043 1542 in

395 1581 687 1654 mentem,
722 1576 979 1638 alterum
1011 1576 1314 1639 aediﬁcare
1346 1575 1667 1637 oratorium
1699 1574 1755 1634 in
1793 1592 1861 1633 eo
1885 1573 2038 1647 loco,

392 1663 455 1725 in
487 1683 604 1745 quo
635 1665 852 1727 dicitur
883 1666 1121 1728 stetisse
1151 1667 1422 1728 Christus
1475 1664 1764 1727 Dominus
1795 1671 1852 1723 et
1883 1664 2043 1724 Deus

394 1762 598 1815 noster
625 1773 864 1817 crucem
898 1774 1280 1832 ascensurus,
1318 1765 1376 1817 et
1405 1755 1725 1816 salutarem
1759 1752 2044 1814 subiisset

2123 603 2244 656 ταῖς
2303 592 2510 670 νιφάσιν
2569 594 2640 655 ὡς
2687 591 2890 649 ἄνθεσιν
2951 591 3224 667 ἁλλομένη
3283 593 3382 658 τὴν
3438 591 3558 648 ὁδὸν
3614 592 3764 666 ἤνυε,

2123 683 2244 745 τοὺς
2335 682 2527 745 πόνους
2597 681 2800 757 μᾶλλον
2885 681 3215 738 ἐπιτείνουσα
3300 687 3400 748 τῆς
3460 683 3768 753 ἀσκήσεως,

2127 769 2346 827 Πολλῶν
2391 771 2445 826 δὲ
2488 772 2653 849 ἁγίων
2708 773 2844 829 κατά
2886 773 2987 838 τὴν
3019 769 3138 828 ὁδὸν
3192 772 3304 847 ἅμα
3347 793 3404 827 τε
3463 770 3773 843 ξενιζόντων

2124 861 2211 916 καὶ
2245 859 2420 934 μένειν
2455 861 2614 928 αὐτὴν
2644 860 2949 939 ἀξιούντων,
2984 863 3018 928 ἡ
3069 857 3123 916 δὲ
3180 865 3274 919 οὒκ
3332 861 3588 934 ἐπείθετο,
3647 858 3773 917 ἀλλ’

2126 949 2228 1006 ἔθει
2283 951 2400 1007 τινὰ
2468 949 2662 1028 δρόμον
2720 949 3018 1024 ἀνένδοτον,
3081 957 3172 1007 τοῦ
3251 953 3512 1030 σωτηρίου
3569 952 3772 1014 πάθους

2124 1039 2224 1106 τὴν
2269 1040 2458 1117 ἑορτὴν
2502 1039 2555 1096 ἐν
2606 1040 2993 1117 Ἰεροσολύμοις
3052 1039 3359 1097 ἐπιτελέσαι
3419 1039 3713 1098 σπεύδουσα
3749 1053 3768 1070 ’

2125 1130 2152 1183 ὃ
2179 1126 2244 1196 δὴ
2276 1130 2440 1206 ταύτῃ
2474 1131 2559 1186 καὶ
2591 1131 2725 1186 κατά
2771 1133 2994 1208 γνώμην
3053 1130 3386 1200 ἀπήντησεν.
3447 1131 3626 1194 Οὕτως
3681 1131 3777 1188 οὖν

2120 1231 2240 1283 τοῖς
2295 1217 2471 1275 ἐκεῖσε
2534 1221 2948 1294 σονεορτάσασα,
2997 1219 3156 1277 πάλιν
3200 1226 3308 1276 τῶν
3364 1221 3628 1299 προτέρων
3679 1221 3774 1277 εἴ-

2123 1328 2259 1388 χετο
2302 1307 2449 1364 οῦδὲν
2479 1308 2639 1376 ἦττον
2671 1310 2858 1377 ἑαυτῆς
2887 1331 2945 1365 τε
2977 1312 3064 1366 καὶ
3118 1315 3221 1365 τῶν
3281 1311 3543 1385 ποιμνίων
3586 1311 3774 1386 ἀμφο-

2124 1397 2286 1475 τέρων
2333 1398 2809 1476 προμηθουμένων.
2879 1397 3032 1456 Ἐπεί
3093 1398 3147 1456 δὲ
3192 1399 3288 1457 καὶ
3337 1400 3515 1479 ἕτερον
3570 1400 3776 1470 εὒκτή-

2127 1509 2236 1562 ριον
2295 1485 2646 1562 οἰκοδομῆσαι
2704 1489 2840 1545 κατά
2899 1496 3017 1546 νοῦν
3080 1488 3224 1546 ἔθετο
3283 1492 3400 1568 περὶ
3459 1491 3549 1546 τὸν
3607 1490 3774 1547 τόπον

2127 1575 2245 1632 ἔνθα
2302 1578 2490 1643 στῆναι
2549 1576 2708 1655 λόγος
2752 1579 2843 1634 τὸν
2889 1577 3076 1655 Κύριον
3134 1581 3290 1654 ἡμῶν
3321 1579 3420 1635 καί
3453 1581 3606 1661 Θεὸν,
3641 1579 3779 1654 μέλ·

2125 1666 2286 1723 λοντα
2338 1670 2466 1743 πρὸς
2527 1669 2620 1724 τὸν
2675 1670 2898 1747 σταυρὸν
2954 1666 3276 1743 ἀναϐαίνειν,
3343 1671 3430 1725 καὶ
3488 1671 3548 1725 τὸ
3605 1671 3775 1733 πάθος

2124 1757 2445 1836 ὑπέρχεσθαι
2489 1759 2550 1814 τὸ
2595 1759 2858 1836 σωτήριον
2895 1756 2982 1837 (ἦν
3009 1756 3064 1814 δὲ
3111 1758 3211 1838 ἄρα
3261 1758 3357 1815 καί
3417 1761 3547 1822 Θεὸς
3606 1765 3775 1827 αὐτῆς

394 1844 758 1924 passionem,
796 1847 927 1926 ejus
945 1864 1082 1908 vero
1108 1845 1410 1928 proposito
1432 1847 1586 1906 Deus
1609 1861 1846 1924 quoque
1865 1859 2037 1922 opem

2127 1847 2497 1923 συναιρόμενος
2544 1849 2610 1924 τῇ
2665 1847 2961 1926 προθέσει),
3023 1847 3299 1923 οίκοδομευ
3351 1851 3411 1905 τὸ
3467 1851 3767 1927 εὒκτήριον.

391 1932 593 2008 ferret,
627 1934 882 1996 aediﬁcat
912 1935 1274 1998 oratorium:
1333 1934 1552 1996 deinde
1596 1933 1656 1995 id
1692 1933 1868 1994 etiam
1902 1930 2042 1991 facit

393 2025 852 2106 monasterium,
894 2027 952 2086 in
987 2044 1102 2105 quo
1133 2043 1200 2087 se
1247 2030 1598 2086 exercerent
1627 2021 1863 2094 animm,
1897 2019 2040 2080 viris

393 2114 618 2174 sanctis
650 2114 711 2175 in
742 2133 813 2176 eo
846 2115 1223 2194 congregatis
1253 2115 1325 2175 ad
1365 2115 1550 2176 Deum
1587 2110 1947 2174 laudandum
1980 2117 2040 2171 et

390 2203 874 2282 gloriﬁcandum.
930 2203 1176 2266 Interim
1238 2212 1433 2266 autem
1467 2203 1606 2263 dum
1641 2203 1767 2262 haec
1799 2201 2036 2274 tierent,

393 2292 745 2372 imperatrix
796 2292 1059 2354 Eudocia
1109 2293 1294 2355 iverat
1322 2292 1721 2354 Antiochiam.
1761 2292 2043 2352 Paruerat

395 2380 554 2442 enim
577 2382 821 2444 Melanae
843 2382 1107 2457 monitis,
1140 2402 1270 2446 cum
1300 2402 1368 2444 ea
1392 2385 1648 2443 venisset
1671 2379 2037 2459 Byzantium,

395 2471 724 2553 suadentis,
758 2481 819 2532 ut
851 2473 1001 2533 hanc
1033 2481 1366 2553 susciperet
1400 2471 1958 2552 peregrinationem,
1982 2476 2040 2529 et

394 2566 614 2623 veniret
636 2566 1091 2638 Hierosolymam
1120 2577 1178 2624 ut
1197 2566 1412 2623 videret
1443 2575 1639 2621 sancta
1685 2563 1889 2630 loca,et
1910 2577 2042 2631 quas

396 2668 466 2712 ex
498 2652 586 2713 eis
613 2651 959 2733 percipitur,
993 2653 1162 2713 ﬂeret
1199 2651 1497 2732 particeps
1529 2647 2036 2711 sanctiﬁcationis.

397 2739 540 2802 Cum
575 2759 643 2802 ea
676 2743 876 2821 itaque
907 2741 993 2803 illi
1016 2740 1402 2821 processisset
1431 2739 1913 2817 obviam,magno
1938 2737 2045 2797 ho-

2126 1936 2262 1992 Εἷτα
2322 1938 2408 1993 καὶ
2453 1940 2648 2016 ψυχῶν
2697 1937 2826 1993 αὒτὸ
2882 1951 3032 1994 ποιεῖ
3089 1941 3519 2017 φροντιστήριον,
3581 1938 3774 2016 ἄνδρας

2123 2026 2295 2084 ὁσίως
2355 2024 2408 2081 ὲν
2459 2026 2632 2099 τούτῳ
2673 2033 3040 2104 συναγαγοῦσα
3095 2029 3225 2106 πρὸς
3283 2025 3585 2106 δοξολογίαν
3641 2036 3776 2085 Θεοῦ

2122 2116 2209 2171 καὶ
2267 2115 2496 2174 α’ίνεοιν.
2533 2115 2625 2172 Ἐν
2654 2117 2698 2189 ᾧ
2728 2114 2782 2172 δὲ
2814 2122 2978 2172 ταῦτα
3013 2117 3322 2196 ἐπράττετο,
3358 2118 3452 2174 καί)
3503 2121 3536 2186 ἡ
3566 2118 3777 2196 βασιλὶς

2126 2201 2346 2263 Εὗδοκία
2409 2205 2508 2272 τὴν
2565 2203 2904 2286 Ἀντιόχεια»
2961 2206 3326 2285 κατειλήφει·
3377 2207 3640 2288 ἐτύγχανε
3672 2210 3777 2286 γὰρ

2123 2294 2352 2361 ὁπηνίκα
2409 2294 2464 2350 ὲν
2541 2297 2804 2369 Βυζαντίῳ
2879 2295 3233 2374 παραγένοιτο
3280 2300 3314 2366 ἡ
3378 2297 3593 2364 Μελάνη
3649 2311 3776 2360 ταῖς

2125 2387 2289 2450 αὐτῆς
2348 2386 2640 2454 ὑποθήκαις
2694 2389 3016 2460 πεισθεῖσα,
3077 2387 3176 2453 τὴν
3247 2385 3550 2462 ἀποδημίαν
3631 2387 3775 2465 ἀγα-

2125 2473 2292 2539 πῆσαι
2348 2473 2548 2540 ταύτην
2592 2475 2677 2530 καί
2729 2476 2860 2551 πρὸς
2919 2473 3256 2552 Ἰεροσόλυμα
3303 2475 3604 2555 ἀφικέσθαι,
3652 2477 3776 2539 τοὺς

2125 2562 2303 2640 ἁγίους
2359 2583 2415 2618 τε
2475 2564 2748 2640 ἱστορῆσαι
2784 2565 2978 2626 τόπους
3012 2565 3105 2620 καὶ
3140 2573 3236 2621 τοῦ
3264 2564 3316 2630 ἐξ
3376 2566 3550 2622 αὒτῶν
3609 2567 3776 2643 ἀγια-

2126 2658 2263 2726 σμοῦ
2321 2666 2642 2732 μετασχεῖν.
2710 2660 2992 2730 Δραμοῦσα
3022 2654 3111 2710 οῦν
3155 2653 3238 2710 ἐπί
3288 2655 3388 2722 τὴν
3447 2657 3774 2728 ἀπάντησιν,

2126 2740 2370 2820 μεγάλης
2428 2742 2638 2810 ἠξιοῦτο
2695 2745 2837 2820 παρά
2874 2748 2972 2810 τῆς
3034 2744 3298 2819 βασιλίδος
3347 2745 3534 2821 τιμῆς,
3570 2747 3778 2824 μητρός

395 2848 544 2892 nore
567 2831 673 2892 fuit
695 2832 906 2893 atl‘ecta
935 2831 1008 2893 ab
1033 2831 1511 2911 imperatrice,ut
1533 2846 1665 2910 quae
1684 2847 1810 2890 eam
1838 2826 2041 2888 matris

2132 2851 2181 2886 τε
2227 2829 2281 2885 ἐν
2338 2830 2480 2896 τάξει
2525 2831 2688 2900 αὒτῆν
2736 2832 3015 2907 τιθεμένης
3069 2835 3153 2889 καὶ
3196 2831 3642 2915 διομολογούσης,
3689 2834 3778 2892 δι-

395 2920 524 2982 loco
557 2921 821 2992 haberet,
859 2931 918 2984 et
939 2921 1168 2983 duabus
1199 2921 1276 2983 de
1311 2919 1506 2982 causis
1539 2919 1923 2999 providentiae
1954 2917 2041 2978 di-

2127 2917 2260 2984 πλᾶς
2304 2920 2534 3000 ὀφείλειν
2590 2929 2658 2996 τῇ
2719 2922 2934 3000 προνοίᾳ
2987 2924 3082 2985 τὰς
3131 2924 3385 3003 χάριτας,
3422 2924 3525 2980 an’
3571 2947 3623 2982 τε
3675 2928 3778 2994 τὴν

393 3010 544 3071 vina)
565 3020 767 3090 ageret
786 3011 1034 3090 gratias,
1066 3029 1283 3093 nempe
1305 3010 1458 3092 quod
1480 3018 1538 3071 et
1559 3028 1746 3090 usque
1768 3009 1917 3070 adeo
1934 3026 2039 3070 ce-

2127 3009 2478 3088 θρυλουμένην
2539 3012 2889 3089 Ἰερουσαλὴμ
2976 3014 3062 3068 καὶ
3141 3014 3263 3077 τοὺς
3321 3014 3502 3092 ἁγίους
3562 3015 3778 3083 ἢξιοῦτο

394 3099 682 3162 lebratam
739 3102 1069 3164 Jerusalem
1124 3111 1183 3164 et
1241 3110 1440 3163 sancta
1475 3100 1602 3161 loca
1630 3118 1761 3180 qua:
1790 3099 2035 3173 videret,

2127 3106 2315 3166 τόπους
2357 3097 2511 3175 ἰδεῖν,
2559 3101 2653 3158 καῖ
2698 3100 2778 3157 ὅτι
2824 3103 3026 3175 μητρὸς
3057 3103 3304 3169 τοιαύτης
3354 3105 3589 3183 θυγάτηρ
3642 3109 3777 3184 αὐτῇ

395 3189 578 3286 digna
609 3191 685 3253 sit
714 3190 937 3270 habita,
991 3200 1049 3286 et
1075 3191 1356 3286 quodhea
1381 3189 1512 3250 talis
1549 3189 1750 3249 matris
1783 3189 1932 3248 facta
1965 3189 2041 3286 sit

2127 3190 2261 3246 κατά
2336 3198 2541 3264 πνεῦμα
2631 3196 2852 3267 γίνεται,
2925 3199 3168 3266 Σημεῖον
3251 3191 3306 3248 δὲ
3400 3201 3494 3250 τοῦ
3571 3194 3779 3255 πολλοῦ

395 3277 516 3340 filia
539 3281 871 3341 secundum
901 3279 1202 3360 spiritum.
1237 3278 1485 3358 Signum
1514 3286 1604 3340 est
1623 3286 1819 3338 autem
1848 3279 2044 3357 magni

395 3368 619 3430 amoris
647 3368 1052 3449 imperatricis
1083 3370 1141 3430 in
1178 3369 1493 3443 Melanam,
1522 3368 1675 3448 quoi
1712 3386 1829 3428 non
1863 3367 2045 3429 dubi-

397 3458 608 3518 taverit
631 3466 854 3519 tantum
881 3459 993 3520 iter
1026 3459 1280 3537 ingredi,
1306 3467 1357 3518 et
1384 3476 1452 3516 eo
1483 3457 1793 3531 accedere,
1829 3464 1886 3518 et
1915 3475 2048 3537 quae

397 3546 523 3608 illic
539 3555 711 3609 erant
731 3548 1301 3628 virgines,tanquam
1320 3565 1558 3608 sorores
1574 3548 1832 3608 salutare
1851 3554 2048 3608 etam-

399 3636 840 3716 plexari.Porro
870 3647 1069 3700 autem
1093 3657 1227 3701 cum
1255 3637 1660 3699 celebraretur
1681 3635 1814 3697 novi
1837 3637 2046 3716 templi

396 3725 833 3808 dedicatio,illa
863 3747 1098 3809 quoque
1121 3729 1329 3790 aderat
1350 3735 1407 3788 et
1427 3727 1640 3788 festum
1673 3725 2042 3790 celebrabat.

474 3816 716 3881 XXXII.
773 3817 938 3880 Hanc
969 3827 1168 3880 autem
1223 3836 1349 3879 rem
1405 3816 1620 3878 bonam
1655 3825 2040 3877 c0usecutum

392 3915 484 3969 est
516 3906 827 3989 quiddam,
861 3908 1108 3987 dignum
1146 3907 1388 3986 maligni
1417 3904 1881 3987 improbitate,et
1904 3905 2044 3967 boni

387 3996 495 4057 Dei
529 3998 771 4059 virtute.
806 3998 1030 4060 Pedem
1062 3999 1220 4059 enim
1247 3996 1670 4077 imperatricis,
1693 3997 1792 4076 qui
1822 3995 2045 4074 injuria

387 4085 677 4148 daemonis
709 4105 741 4148 e
773 4105 1058 4169 compage
1088 4096 1212 4148 erat
1241 4087 1494 4158 luxatus,
1538 4087 1639 4147 illa
1672 4085 1900 4167 absque
1930 4086 2043 4147 do-

387 4175 516 4238 lore
546 4185 684 4256 apte
713 4184 772 4238 et
801 4187 966 4240 recte
1001 4177 1061 4239 in
1095 4196 1267 4239 suum
1324 4177 1517 4238 locum
1571 4176 1853 4237 restituit.
1893 4175 2038 4238 Cum

385 4265 513 4328 haec
547 4274 605 4328 et
625 4285 744 4328 non
774 4284 962 4348 pauca
988 4266 1106 4328 alia
1133 4285 1166 4328 a
1187 4286 1396 4345 magna
1425 4266 1654 4328 Melana
1674 4264 2042 4347 percepisset

384 4357 722 4433 commoda,
760 4365 818 4418 et
852 4375 917 4420 se
973 4357 1150 4418 simul
1213 4357 1388 4418 etiam
1425 4356 1773 4417 exsatiasset
1801 4362 2039 4435 specta-

2128 3280 2260 3356 πρὸς
2318 3279 2562 3351 Μελάνην
2619 3285 2717 3346 τῆς
2774 3279 3043 3357 βασιλίδος
3087 3280 3285 3359 ἳρωτος
3345 3285 3418 3345 ὡς
3491 3286 3584 3341 οὐκ
3629 3285 3782 3343 ἀπώ-

2128 3390 2292 3434 κνησε
2351 3371 2481 3447 πρὸς
2539 3371 2800 3437 τοσαύτην
2862 3369 3164 3450 ὁδοιπορίαν
3223 3370 3338 3431 οὐδὲ
3389 3377 3668 3449 παρελθεῖν
3699 3379 3778 3440 εἷς

2127 3459 2189 3514 τὸ
2268 3459 2464 3524 ταύτης
2547 3461 2792 3534 ποίμνιον
2828 3506 2842 3533 ,
2933 3461 3018 3516 καὶ
3104 3461 3197 3525 τάς
3285 3461 3401 3519 ἐκεῖ
3481 3462 3773 3538 παρθένους

2127 3548 2307 3626 ὥσπερ
2364 3547 2590 3630 ἀδελφὰς
2647 3551 3107 3630 κατασπάσασθαι,
3166 3553 3251 3607 καὶ
3311 3556 3408 3620 τῆς
3465 3551 3661 3630 ἡμέρας
3716 3551 3773 3608 δὲ

2129 3645 2235 3694 τῶν
2290 3640 2571 3715 ἓγκαινίων
2627 3646 2718 3695 τοῦ
2781 3639 2899 3696 νέου
2957 3647 3083 3697 ναοῦ
3113 3640 3436 3717 τελουμένης
3471 3641 3640 3719 παρῆν
3682 3643 3780 3698 κά-

2128 3729 2277 3795 κείνη
2321 3730 2409 3785 καὶ
2440 3735 2817 3806 συνεώρταζεν.

2211 3817 2336 3882 ΑΒ’,
2399 3818 2707 3876 Ἠκολούθει
2764 3820 2818 3876 δέ
2878 3822 2966 3877 καὶ
3016 3827 3092 3893 τῷ
3150 3821 3332 3898 ἀγαθῷ
3388 3823 3562 3896 τούτῳ
3599 3826 3780 3903 πράγ-

2130 3931 2258 3984 ματι
2319 3909 2460 3974 ἄξιόν
2505 3931 2553 3965 τι
2604 3912 2692 3966 καὶ
2748 3910 2847 3977 τῆς
2906 3912 2998 3967 τοῦ
3040 3921 3274 3988 πονηροῦ
3331 3913 3518 3976 κακίας
3561 3915 3779 3982 καὶτῆς

2124 4006 2215 4054 τοῦ
2269 3999 2466 4074 ἀγαθοῦ
2521 3996 2818 4074 δυνάμεως.
2853 4002 2953 4056 Τὸν
3006 4001 3106 4079 γὰρ
3163 3999 3298 4057 πόδα
3354 4006 3454 4068 τῆς
3510 4001 3779 4079 βασιλίδος

2124 4087 2346 4166 ἐπηρείᾳ
2439 4085 2686 4163 δαίμονος
2799 4089 2898 4155 τὴν
2999 4091 3254 4168 ἁρμονίαν
3365 4093 3778 4168 παρατραπέντα

2123 4177 2299 4244 ἐκείνη
2361 4179 2527 4258 χωρὶς
2589 4177 2785 4234 ὀδυνῶν
2829 4182 2967 4258 εὗχῇ
2999 4180 3137 4255 μόνῃ
3191 4182 3321 4259 πρὸς
3374 4184 3436 4238 τὸ
3496 4182 3638 4248 εὖθὲς
3682 4184 3780 4240 έπ-

2121 4267 2382 4345 ανῆγαγε.
2417 4267 2645 4324 Τοιαῦτα
2697 4266 2762 4334 δὴ
2808 4268 2904 4325 οὒκ
2959 4268 3111 4346 ὀλίγα
3165 4271 3254 4326 καὶ
3313 4269 3466 4348 ἕτερα
3523 4271 3622 4340 τῆς
3679 4294 3777 4347 με-

2121 4355 2294 4435 γάλης
2357 4356 2385 4422 ἦ
2447 4355 2660 4433 μεγάλη
2706 4355 2914 4432 βασιλὶς
2966 4357 3350 4436 ἀπολαύσασα,
3406 4361 3516 4436 ἅμα
3576 4359 3630 4416 δὲ
3686 4363 3778 4418 καὶ

385 4445 555 4526 culis,
617 4445 886 4508 decrevit
941 4447 1160 4507 reverti
1221 4443 1826 4526 Constantinopolim,
1877 4449 1934 4502 et
1985 4447 2040 4502 et

2127 4452 2226 4502 τῶν
2283 4449 2434 4524 ἱερῶν
2502 4446 2781 4521 θεαμάτων
2841 4450 3253 4528 ὲμφορηθεϊσα,
3332 4452 3404 4515 εἷς
3465 4457 3566 4517 τήν
3628 4461 3778 4508 Κωνσ

381 4535 628 4636 quidem
659 4535 896 4597 Melana
927 4555 1062 4598 cum
1099 4544 1374 4613 tanquam
1392 4535 1602 4636 'bonas
1656 4533 1907 4594 comites
1937 4531 2041 4636 de-

2127 4534 2560 4592 σταντινούπολιν
2618 4535 2891 4608 ἀναζεῦξαι
2956 4537 3170 4616 διέγνω.
3255 4541 3362 4597 Καῖ
3419 4541 3615 4607 ταύτην
3675 4540 3776 4616 μὲν

382 4623 570 4686 disset
599 4641 830 4705 preces,
867 4626 1055 4704 ipsam
1090 4626 1356 4688 dimittit.
1392 4624 1524 4706 Ipsa
1552 4631 1747 4686 autem
1771 4621 2040 4698 aequales

2127 4627 2159 4692 ἦ
2218 4625 2461 4700 Μελάνη,
2493 4629 2567 4690 ὼς
2625 4626 2828 4704 ἀγαθὰς
2880 4627 3282 4706 συνοιδοπόρους
3323 4631 3416 4693 τὰς
3449 4630 3615 4710 εὐχὰς
3659 4633 3776 4686 ἑπι-

383 4720 565 4794 atque
595 4713 744 4775 adeo
796 4715 1053 4794 majores
1084 4715 1217 4778 vitae
1248 4733 1315 4776 ex
1353 4716 1475 4777 Deo
1529 4712 1774 4792 agendm
1805 4711 2040 4773 labores

2127 4712 2301 4790 δοῦσα,
2353 4714 2743 4792 παραπέμπει·
2793 4717 2927 4785 αὕτη
2987 4715 3043 4773 δὲ
3087 4725 3194 4775 τῶι
3246 4718 3382 4775 ἴσων
3439 4721 3618 4776 πόνων
3674 4725 3776 4786 τῆς

384 4802 675 4883 pergebat
705 4804 1037 4885 suscipere.
1072 4806 1160 4867 Ad
1214 4824 1344 4868 eam
1393 4821 1632 4885 quoque
1682 4800 1958 4862 afﬂuebat
2002 4819 2038 4863 a

2127 4805 2256 4862 κατά
2319 4805 2447 4861 Θεὸν
2503 4805 2724 4884 ἀγωγῆς
2783 4807 2819 4875 ἢ
2863 4809 2951 4864 καὶ
2995 4810 3253 4883 μειζόνων
3297 4809 3510 4888 εἴχετο,
3575 4806 3772 4887 Ἐπέρο

381 4891 508 4954 Deo
539 4892 753 4954 ﬂuvius
786 4894 1233 4958 miraculorum.
1293 4897 1560 4968 Quorum
1613 4889 1886 4952 existimo
1916 4909 2032 4951 non

2127 4895 2194 4951 ὃει
2251 4893 2304 4951 δὲ
2351 4896 2482 4972 αὕτη
2540 4897 2628 4952 καὶ
2684 4897 2712 4952 ὁ
2767 4902 2874 4952 τῶν
2917 4899 3197 4971 θαυμάτων
3253 4899 3395 4976 παρὰ
3441 4905 3574 4955 Θεοῦ
3603 4921 3775 4955 ποτα-

382 5000 518 5045 esse
547 4999 1056 5063 supervacaneum
1089 4985 1318 5064 aliquot
1345 4981 1714 5057 meminisse,
1772 4998 1840 5041 ea
1899 4988 2037 5041 tan-

2127 4985 2242 5059 μὸς,
2271 4986 2345 5042 ὧν
2376 4987 2434 5042 οὗ
2464 4986 2708 5064 περιττὸν
2738 4986 2896 5061 οἶμαι
2930 4990 3026 5043 καὶ
3076 4987 3231 5064 ὀλίγα
3288 4989 3406 5044 τινὰ
3463 4993 3774 5063 μνησθῆναι

383 5092 556 5148 quam
579 5078 808 5150 aliquod
835 5081 1269 5138 condimentum
1300 5078 1673 5136 admiscendo
1699 5076 2038 5133 narrationi.

2127 5075 2299 5155 ὥσπερ
2382 5073 2592 5150 ἥδυσμά
2675 5097 2728 5130 τι
2807 5082 3205 5154 κατακιρνῶντα
3281 5084 3358 5151 τῷ
3443 5075 3770 5155 διηγήματι.

380 5163 600 5226 Mulier
620 5165 891 5241 quaedam
907 5167 1147 5246 juvenis
1165 5163 1664 5245 aetate,invaditur
1684 5181 1717 5224 a
1740 5162 2035 5225 daemone.

2127 5166 2257 5234 Γυνή
2317 5185 2398 5228 τις
2457 5164 2554 5231 τὴν
2600 5162 2811 5230 ἡλικίαν
2857 5163 2946 5220 νέα
2979 5165 3242 5244 κάτοχος,
3277 5166 3467 5241 οἴμοιί
3524 5164 3772 5242 δαιμονίᾳ

383 5255 523 5326 Quae
557 5255 801 5336 quidem
835 5255 1054 5317 clausis
1087 5255 1369 5317 dentibus
1402 5263 1458 5314 et
1489 5253 1672 5314 labris
1694 5271 1810 5313 non
1836 5251 2025 5313 solum

2127 5253 2306 5332 πληγῇ
2337 5255 2562 5331 γίνεται.
2601 5253 2742 5318 Αὕτη
2776 5252 2869 5308 καί
2923 5254 3045 5316 τοὺς
3097 5253 3312 5318 ὁδόντας
3369 5255 3623 5312 κλείσασα
3683 5260 3773 5314 καὶ

382 5363 586 5406 vocem
625 5363 745 5405 non
799 5344 1130 5418 emittebat,
1187 5345 1290 5406 sed
1325 5363 1519 5424 neque
1551 5343 1747 5405 cibum
1783 5341 2028 5403 omnino

2127 5347 2176 5401 τά
2233 5342 2396 5423 χείλη
2456 5343 2665 5417 μύσασα
2727 5345 2786 5399 οὗ
2851 5342 3014 5416 μόνον
3075 5347 3134 5402 οὗ
3164 5345 3345 5423 φωνὴν
3401 5349 3608 5422 προ³ιει,
3646 5344 3770 5403 ἀλλ’

379 5438 562 5495 ullum
597 5438 931 5508 attingebat.
957 5437 1160 5493 Fames
1182 5448 1390 5500 autem.
1427 5436 1742 5494 visceribus
1775 5445 1828 5494 et
1858 5450 2031 5492 carne

2127 5431 2230 5489 >ὒδὲ
2256 5437 2456 5510 τροφῆς
2487 5431 2621 5498 ὅλης
2675 5429 2871 5496 ἥπτετο
2907 5451 2922 5466 ·
2963 5435 2990 5488 ὁ
3023 5432 3076 5489 δὲ
3112 5432 3296 5508 λιμὸς,
3343 5435 3410 5492 τά
3437 5457 3495 5491 τε
3549 5437 3768 5514 σπλάγ-

375 5523 634 5598 graviter
655 5521 998 5601 liquefacta,
1024 5533 1278 5584 mortem
1307 5523 1642 5585 minabatur
1667 5521 1838 5602 paulo
1872 5528 2026 5599 post.

2127 5545 2221 5601 ινα
2288 5525 2376 5578 καὶ
2433 5521 2532 5586 τὴν
2593 5521 2761 5598 σάρκα
2794 5520 3049 5601 χαλεπῶς
3092 5523 3364 5599 διατήξας,
3399 5526 3490 5580 τὸν
3539 5526 3768 5582 θάνατον

378 5608 771 5671 Tentantibus
797 5627 930 5672 vero
952 5609 1550 5693 medicis,diligenter
1581 5611 1865 5673 adhibitis
1899 5627 2029 5670 me-

2127 5609 2326 5678 ἣπείλει
2360 5613 2496 5685 μετά
2557 5611 2756 5689 βραχύ.
2791 5613 3141 5690 Πειρωμένων
3190 5611 3244 5670 δὲ
3301 5617 3496 5692 ἰατρῶν
3552 5619 3766 5694 φαρμά-

376 5698 730 5761 dtcamentis
753 5707 809 5763 et
832 5701 979 5764 artis
1001 5703 1538 5782 remediis,malum
1563 5701 1826 5779 vincere,
1857 5706 2028 5780 post-

2127 5720 2220 5756 ιων
2278 5699 2612 5782 φιλοπονίαις
2664 5703 2751 5760 καὶ
2793 5707 2910 5770 τοῖς
2939 5704 3046 5760 ἀπὸ
3078 5707 3175 5774 τῆς
3205 5703 3410 5786 τέχνης
3441 5705 3759 5781 βοηθήμασι
