4066 6394
256 358 379 428 789

1590 366 1778 434 VITA
1835 369 1894 431 S.
1952 368 2312 441 MELANE.

3523 379 3644 449 790

255 509 350 560 τοῦ
398 500 565 561 me;
605 507 925 584 κραττῆσαι,
956 502 1071 563 έπεὶ
1123 504 1327 582 μάταια
1370 505 1544 565 πάντα
1573 505 1668 566 καί
1698 507 1760 563 τὸ
1791 529 1904 583 μη-

1992 526 2166 589 quam
2199 512 2404 575 omnia
2436 512 2945 577 convincebantur
2976 526 3109 577 esse
3139 513 3345 577 inania
3376 520 3437 579 et
3492 517 3643 579 nihil

252 589 341 650 δέν
398 595 544 651 εἶναι
601 593 929 676 ἠλέγχοντο,
975 595 1292 658 ἆπειπᾶντες
1350 600 1398 654 οἱ
1451 596 1649 664 ταύτης
1697 597 1905 675 προσή-

250 704 445 748 κοντες
486 686 621 764 πρὸς
678 690 803 762 μίαν
854 685 1034 765 ἐώρων
1087 687 1336 764 βοήθειαν
1388 686 1486 755 τὴν
1531 691 1630 755 τῆς
1663 685 1905 767 μεγάλης

247 773 446 852 εὐχήν.
508 774 764 855 Φέρουσιν
812 776 900 833 οὖν
933 778 1103 843 αὐτὴν
1150 778 1335 857 χερσὶν
1383 774 1654 855 αἴροντες,
1710 774 1907 856 δάκρυά

244 883 307 918 τε
375 865 489 920 τῶν
545 863 831 946 ὀφθαλμῶν
901 864 1288 937 ἆποστάζοντες
1335 866 1451 946 ,καὶ
1502 867 1717 945 ῥήματα
1798 869 1904 924 τῶν

246 948 491 1030 δακρύων
548 951 878 1023 έλεεινότερα
938 956 1274 1034 προϊέμενοι.
1329 945 1395 1013 Ἠ
1438 953 1494 1011 δὲ
1549 955 1667 1030 (καί
1709 956 1809 1034 γὰρ
1852 950 1905 1018 ἐξ

246 1040 543 1119 ἀνθρώπων
584 1041 737 1110 δόξαν
781 1045 855 1109 ὡς
899 1044 966 1100 τὰ
1014 1043 1222 1123 μεγάλα
1280 1043 1618 1122 βλάπτουσαν
1674 1043 1904 1125 ἐφυλάτ-

244 1153 393 1205 τετο,
427 1132 524 1189 καῖ
568 1146 978 1214 μετριοιρρονετν
1025 1134 1335 1214 ἠπίστατο),
1383 1144 1558 1194 Ταῦτα
1612 1133 1710 1211 μὲν
1758 1134 1900 1209 ἐμοὶ,

246 1220 417 1303 λέγει,
465 1221 715 1280 ἀδύνατα·
771 1225 820 1280 οἱ
875 1223 931 1281 δὲ
972 1232 1065 1282 τοῦ
1124 1233 1353 1304 Χριστοῦ
1406 1226 1666 1303 μάρτυρες
1722 1223 1899 1282 πολλὰ

248 1311 314 1367 ἂν
368 1312 589 1370 τοιαῦτα
627 1313 716 1370 καὶ
772 1312 987 1388 μείζονα
1036 1315 1236 1372 τούτων
1292 1312 1611 1395 ἐργάσασθαι
1663 1313 1893 1378 δυνατοί,

247 1402 430 1465 Οὕτως
485 1402 705 1461 εἰποῦσα
757 1405 831 1468 εἰς
861 1405 954 1461 τὸν
1010 1406 1138 1462 ναὸν
1192 1401 1342 1482 ἄγειν
1385 1403 1586 1461 κελεύει
1636 1404 1734 1472 τὴν
1779 1401 1895 1460 δαι-

244 1499 518 1570 μυνῶσαν.
561 1499 667 1552 Τοῦ
726 1491 783 1549 δὲ
827 1498 934 1551 τῶν
991 1493 1156 1573 ἁγίων
1214 1495 1359 1559 εὒθὺς
1416 1492 1593 1551 ελαίου
1662 1490 1894 1550 λαϐοὗσα

239 1582 332 1640 καὶ
391 1581 489 1640 τοῦ
563 1586 665 1648 τῆς
718 1582 1029 1658 καμνούσης
1090 1583 1356 1659 στόματος
1429 1582 1682 1659 ἁψαμένη
1754 1580 1903 1658 λαμ-

236 1672 379 1752 πρὰν
429 1670 665 1751 ἐπιφέρει
727 1672 934 1752 φωνὴν,
997 1671 1089 1731 Ἐν
1145 1680 1224 1749 τῷ
1266 1673 1486 1749 ὀνόματι
1534 1671 1713 1740 Ἰησοῦ
1771 1679 1904 1751 Χρι-

238 1768 394 1838 στοῦ,
451 1759 708 1842 λέγουσα,
753 1758 1012 1828 ὂιᾶνοιξον
1071 1783 1166 1820 σου
1221 1764 1285 1820 τὸ
1343 1762 1542 1839 στόμα.
1595 1759 1905 1820 Ἠκολούθει

1992 620 2185 684 posse,
2218 604 2518 687 defatigati
2552 608 2654 688 qui
2688 606 2760 669 ad
2794 625 2924 669 eam
2959 607 3315 684 attinebant,
3352 610 3425 672 ad
3457 629 3643 673 unum

1990 691 2377 757 intuebantur
2427 698 2737 775 auxilium,
2772 715 2992 778 nempe
3039 699 3118 760 ad
3154 717 3364 780 preces
3418 718 3645 780 magna)

1987 783 2253 872 Melania.
2305 784 2446 847 Eam
2481 787 2682 869 itaque
2725 788 2983 850 afferunt
3012 786 3293 851 tollentes
3341 790 3641 872 manibus,

1986 871 2274 955 lacrymas
2322 876 2513 939 oculis
2543 877 2943 957 etl‘undentes,
2980 887 3044 939 et
3093 877 3272 940 verba
3302 871 3646 942 amittentes

1988 960 2262 1042 lacrymis
2295 966 2481 1045 magis
2513 965 2905 1029 miserabilia.
2933 966 3039 1029 Illa
3067 975 3265 1030 autem
3303 968 3643 1048 (hominum

1989 1052 2148 1114 enim
2200 1052 2418 1116 vitabat
2470 1057 2742 1135 gloriam,
2778 1063 2839 1117 ut
2887 1075 3018 1138 quae
3062 1075 3341 1137 magnum
3397 1058 3646 1121 afferret

1989 1140 2296 1217 damnum,
2329 1144 2719 1226 modesteque
2766 1164 2837 1207 ac
2890 1146 3196 1209 moderate
3248 1165 3314 1208 se
3343 1147 3634 1226 gerebat).

1982 1228 2121 1293 Hrec
2150 1232 2413 1313 quidem,
2447 1233 2660 1315 inquit,
2695 1252 2728 1296 a
2762 1253 2858 1297 me
2888 1254 3006 1296 non
3041 1246 3290 1316 possunt
3320 1255 3438 1298 non
3475 1237 3639 1312 ﬁeri,

1983 1321 2202 1384 Christi
2234 1340 2373 1384 vero
2428 1336 2717 1405 martyres
2749 1324 2876 1386 haec
2907 1334 2967 1387 et
2997 1324 3086 1387 his
3130 1327 3355 1406 majora
3387 1334 3642 1407 possunt

1980 1410 2355 1474 facere.Cum
2389 1412 2477 1474 sic
2522 1412 2793 1489 dixisset,
2826 1413 3253 1477 daemoniacam
3304 1415 3442 1477 duci
3465 1415 3642 1495 jubet

1986 1500 2047 1562 in
2074 1500 2386 1582 templum.
2422 1504 2568 1566 Cum
2599 1502 2676 1564 de
2704 1512 3046 1565 sanctorum
3077 1512 3273 1566 autem
3307 1505 3438 1566 oleo
3470 1523 3641 1566 sum-

1989 1589 2222 1670 psisset,
2254 1597 2312 1652 et
2340 1609 2409 1653 os
2448 1592 2773 1654 laborantis
2805 1591 3117 1673 tetigisset,
3150 1592 3372 1655 claram
3426 1593 3646 1656 emittit

1986 1697 2191 1741 vacem
2230 1699 2244 1741 :
2298 1682 2361 1741 In
2388 1681 2633 1744 nomine
2656 1685 2798 1744 Jesu
2831 1681 3075 1758 Christi,
3111 1682 3342 1764 dicens,
3377 1702 3444 1745 os
3476 1691 3643 1745 tuum

1988 1770 2178 1851 aperi.
2234 1772 2455 1833 Vocem
2501 1781 2698 1833 autem
2754 1789 2861 1832 vox
2908 1771 3105 1833 statim
3159 1782 3250 1833 est
3298 1781 3641 1849 consecuta,

238 1850 297 1908 δέ
339 1856 682 1942 παραχρῆμα
721 1855 790 1927 τῇ
838 1855 992 1942 φωνῇ
1032 1853 1068 1920 ἡ
1117 1853 1282 1942 (ρονὴ,
1327 1858 1398 1929 τῇ
1438 1851 1720 1942 παρὰᾲτῆς
1749 1850 1902 1942 ἁγίας

1992 1850 2206 1922 Sanctia
2242 1878 2445 1922 vocem
2477 1877 2589 1922 vox
2640 1869 2899 1941 aegrotae,
2934 1868 2994 1922 et
3023 1860 3268 1924 incitata
3322 1869 3413 1924 est
3443 1861 3646 1942 lingua

248 1942 293 2030 ἡ¹
347 1946 443 2007 τῆς
514 1940 800 2012 νοσούσης,
848 1939 941 1996 καί
996 1942 1032 2010 ἡ
1096 1939 1311 2019 γλῶττα
1366 1941 1499 2021 πρὸς
1561 1940 1904 2021 εὐχαριστίαν

1992 1949 2058 2012 ad
2112 1949 2373 2028 agendas
2419 1950 2659 2030 gratias,
2694 1939 2752 2012 et
2813 1950 3045 2012 daemon
3094 1949 3324 2025 aberat,
3362 1959 3420 2013 et
3469 1939 3644 2014 cibus

242 2021 513 2109 ἢρέθιστο,
547 2031 638 2088 καὶ
680 2031 709 2087 ὃ
765 2027 968 2106 δαίμων
1023 2029 1195 2108 ἀπῆν,
1228 2031 1320 2088 καὶ
1374 2032 1409 2099 ἡ
1467 2030 1639 2111 τροφὴ
1695 2030 1904 2106 σύναμα

244 2124 456 2200 παρῆν,
518 2121 606 2177 καὶ
674 2119 737 2177 τὺ
807 2123 952 2177 θεῖον
1018 2117 1086 2176 δι’
1158 2120 1327 2189 αὐτὴν
1382 2118 1556 2197 ὄναμα
1614 2117 1903 2197 δοξαζόμε-

250 2233 342 2268 νον
372 2209 465 2277 ἦν,

337 2304 447 2363 ΛΓ,
506 2298 685 2369 Ἀλλη
739 2322 822 2364 τις
876 2299 1011 2379 γυνὴ
1076 2299 1274 2357 κύουσα
1329 2301 1627 2379 πικροτέρῳ
1685 2301 1910 2359 θανάτου

254 2389 544 2470 περιέτυχε
598 2391 765 2462 τόκῳ.
812 2391 949 2469 Πρὸς
1012 2390 1114 2469 γὰρ
1171 2393 1249 2466 τῷ
1295 2391 1490 2448 τίκτειν
1521 2395 1681 2460 αὐτῆς
1751 2412 1908 2461 γενο-

253 2479 423 2557 μένης
476 2482 545 2536 τὸ
595 2477 819 2559 ἔμϐρυον
893 2476 1037 2537 ἔνδον
1095 2477 1242 2537 οῧπω
1313 2479 1569 2560 προελθὸν
1638 2478 1908 2544 ἐτελεύτα.

251 2568 347 2627 καί
406 2569 475 2638 ἧν
522 2571 557 2638 ἡ
590 2569 798 2649 γαστὴρ
842 2574 938 2647 τῇς
996 2570 1200 2645 μητρὺς
1243 2575 1322 2644 τῷ
1362 2568 1508 2626 παιδὶ
1557 2571 1748 2650 τάφος⁹
1804 2575 1905 2640 ἧκε

251 2661 534 2741 τοιγαροῦν
582 2659 618 2726 ἡ
665 2658 762 2727 τῆς
820 2659 1072 2737 γυναικὸς
1127 2660 1368 2741 συμφορᾶ
1428 2662 1513 2718 καὶ
1557 2659 1722 2741 μέχρι
1787 2668 1904 2718 Με-

250 2749 445 2817 λάνης.
521 2739 582 2806 Ἠ
640 2748 696 2806 δὲ
758 2748 872 2805 λίαν
914 2745 1208 2827 περιαλγὴς
1251 2739 1522 2830 νγεγονυτα
1572 2739 1669 2808 κκί
1710 2750 1900 2818 ἐπίσης

248 2848 320 2917 τῇ
372 2837 659 2920 πασχούσῃ
725 2838 825 2907 τὴν
876 2834 1102 2915 καρδίαν
1171 2835 1509 2920 ὀδυνηθεϊσα,
1555 2839 1657 2908 τὴν
1723 2841 1900 2898 οὶκίαν

256 2932 330 2994 ὣς
386 2930 554 3011 τάχος
586 2924 989 3004 καταλαμϐάνει
1048 2927 1168 2985 ἔνθα
1221 2930 1313 2985 τὸν
1363 2927 1594 2986 κίνδυνον
1643 2928 1906 3006 ὑπέμενεν

254 3021 291 3090 ἦ
357 3018 509 3099 γυνὴ,
575 3018 666 3075 καὶ
708 3018 770 3075 τὸ
844 3017 986 3095 μέγα
1042 3017 1319 3098 φάρμακον
1375 3016 1615 3093 ἐσκύαζε,
1662 3018 1763 3087 τήν
1819 3021 1907 3077 εύ-

250 3112 385 3191 χήν.
437 3101 498 3167 Ἠ
541 3105 599 3165 δέ
641 3107 944 3185 κάμνουσα,
981 3105 1137 3182 μόλις
1183 3107 1249 3163 τὰ
1298 3106 1461 3188 χείλη
1503 3105 1906 3189 διασαλεύουσα,

249 3200 564 3280 φθέγγεσθαι
624 3197 724 3273 μὲν
777 3196 874 3255 οὔκ
928 3197 1085 3277 εἶχε,
1121 3203 1202 3273 τῷ
1257 3198 1504 3278 σχήματι
1547 3195 1604 3254 δὲ
1658 3200 1746 3255 καὶ
1787 3211 1907 3263 τοῖς

250 3287 550 3370 ὀφθαλμοῖς
643 3287 854 3366 οἰκτρόν
940 3307 992 3342 τι
1084 3288 1175 3344 καὶ
1243 3288 1532 3365 περιπαθὲς
1615 3285 1905 3364 βλέποδσα,

246 3379 534 3453 Ἐλέησον,
595 3376 771 3456 λέγειν
840 3376 1018 3451 ἔῴκει.
1077 3377 1138 3435 Τί
1194 3376 1281 3434 οὖν
1335 3379 1370 3446 ἡ
1451 3377 1712 3457 μεγάλη,
1773 3380 1910 3458 Πρὸς

250 3468 470 3539 οὗρανὸν
514 3468 577 3524 τὸ
608 3466 760 3542 όμμα
795 3463 1016 3545 διάρασα
1072 3467 1165 3522 καί
1209 3465 1309 3534 τὴν
1363 3467 1554 3544 ἑαυτῇς
1582 3467 1758 3539 ζώνην
1815 3467 1911 3524 λύσ-

249 3580 387 3617 010:
422 3563 495 3634 τῇ
549 3554 748 3637 σχεδὸν
807 3560 969 3636 νεκρᾷ
1026 3557 1173 3618 εὐθὺς
1232 3554 1550 3623 ἐπιτίθησιν
1614 3561 1760 3638 εἶτα,
1812 3557 1911 3616 Καὶ

249 3647 409 3727 αὕτη,
443 3646 638 3727 φησίν,
668 3648 704 3714 ἡ
736 3643 881 3717 ζώνη
943 3644 1181 3724 μεγάλου
1229 3666 1321 3720 μοι
1351 3643 1531 3722 δῶρων
1581 3645 1790 3724 ἀνδρὸς,
1823 3648 1903 3702 εἱ-

248 3738 476 3817 πούσης,
512 3737 600 3793 καὶ
656 3734 684 3790 ὅ
716 3756 777 3813 γε
825 3735 1023 3801 ταύτης
1051 3736 1234 3814 τυχὼν
1292 3734 1388 3791 οὒκ
1415 3733 1758 3801 ἀποτεύξεται
1807 3735 1904 3803 τῆς

248 3828 466 3897 ἰάσεως,
501 3826 687 3883 «eam
744 3826 831 3880 καὶ
881 3824 972 3880 τὸν
1030 3824 1216 3902 νεκρὸν
1273 3823 1494 3900 ἑξέθορέ.
1522 3846 1580 3880 τε
1624 3828 1712 3882 καὶ
1763 3824 1903 3882 ἄπε-

247 3919 480 3997 τίκτετο,
542 3916 631 3973 καὶ
700 3912 731 3983 ἡ
804 3913 1028 3991 κειμένη
1087 3917 1424 3993 παραχρῆμα
1470 3914 1647 3981 πάσης
1719 3913 1905 3982 ὀδύνης

249 4005 592 4079 ἀπήλλακτο,
641 4010 869 4063 Τοιαῦτα
922 4004 1010 4061 καὶ
1064 4001 1152 4059 διὰ
1211 4008 1311 4071 τῆς
1368 4002 1540 4074 ζώνης
1584 4005 1619 4073 ἡ
1678 4004 1910 4081 μακαρία

253 4096 521 4171 θαυμάσια
587 4093 763 4164 δρῶσα
831 4094 925 4156 τὰς
1008 4093 1238 4172 χάριτας
1308 4097 1414 4148 τῶν
1489 4092 1771 4170 θαδμᾶξτων
1838 4096 1909 4160 εἰς

252 4185 461 4264 ἑτέρους
515 4184 709 4261 ἀνῆγε,
770 4184 917 4241 Πόσα
965 4182 1172 4251 ἐκείνης
1224 4189 1463 4257 τοιαυτα,
1495 4185 1571 4238 ὧν
1619 4185 1678 4240 ού
1734 4205 1907 4263 προσ-

257 4273 377 4341 ἥκει
434 4296 520 4349 μοι
550 4280 638 4331 νῦν
693 4273 975 4343 ἅπτεσθαι,
1008 4273 1070 4328 τὸ
1119 4274 1297 4348 μῆκος
1357 4273 1547 4350 ὁρῶντι
1598 4274 1691 4330 τοῦ
1742 4271 1906 4351 λόγου

232 4364 337 4419 ’καὶ
395 4362 590 4421 ἄτοπον
644 4360 749 4431 ἤδη
775 4369 853 4438 τῷ
903 4362 1095 4431 πλήθει
1148 4366 1255 4418 τῶν
1300 4360 1594 4440 εἰρημένων
1638 4361 1905 4439 πνέοντι;

244 4450 402 4510 Ἀλλ’
443 4454 580 4528 ὑμᾶς
608 4474 671 4530 γε
722 4465 838 4516 τοῖς
872 4449 975 4519 ἤδη
1007 4449 1254 4530 λεχθεῖσι
1303 4452 1390 4507 καὶ
1419 4451 1540 4530 περὶ
1595 4457 1700 4507 τῶν
1730 4451 1906 4527 ἄλλων

247 4542 478 4613 εἰκάζειν
535 4544 704 4622 εἰκὸς,
765 4541 946 4620 ὥσπερ
1002 4538 1053 4606 ἐξ
1111 4539 1292 4619 ὀλίγου
1361 4541 1625 4619 γεύματος
1686 4544 1743 4599 τὸ
1802 4549 1905 4600 πᾶν

1986 2038 2166 2102 simul
2214 2039 2442 2118 aderat,
2476 2047 2537 2103 et
2569 2039 2834 2102 divinum
2893 2056 3114 2102 nomen
3145 2058 3251 2121 per
3286 2040 3476 2121 ipsam
3508 2041 3644 2121 glo—

1991 2128 2363 2193 rilicabatur.

2070 2307 2340 2373 XXXlll.
2359 2309 2641 2382 Quaedam
2670 2308 2788 2372 alia
2820 2309 3038 2372 mulier
3052 2311 3300 2392 gravida
3329 2311 3389 2372 in
3406 2314 3643 2393 partum

1991 2399 2203 2463 incidit
2235 2399 2427 2462 morte
2457 2399 2855 2464 acerbiorem.
2892 2399 3038 2463 Nam
3061 2420 3195 2465 cum
3221 2403 3345 2483 jam
3379 2407 3640 2483 pareret,

1990 2487 2295 2571 fmtus,qui
2317 2490 2580 2552 nondum
2603 2501 2998 2571 processerat,
3022 2490 3183 2553 intus
3204 2498 3332 2555 erat
3349 2500 3642 2570 mortuus,

1991 2587 2238 2659 eratque
2291 2582 2491 2643 matris
2540 2589 2742 2642 uterus
2793 2581 3137 2662 sepulcrum
3188 2581 3316 2645 lilii.
3368 2580 3647 2643 Pervenit

1987 2673 2185 2752 itaque
2219 2670 2523 2733 calamitas
2571 2672 2777 2733 matris
2810 2689 2998 2752 usque
3048 2672 3119 2733 ad
3154 2690 3330 2734 aures
3374 2672 3642 2734 Melana).

1982 2761 2089 2844 illa
2118 2771 2314 2823 autem
2349 2761 2518 2824 valde
2543 2761 2703 2840 gravi
2733 2760 2942 2824 dolore
2961 2762 3190 2837 affecta,
3218 2770 3275 2824 et
3295 2761 3547 2844 perinde
3576 2778 3644 2822 ac

1980 2841 2109 2930 ipsa
2130 2868 2262 2931 qua:
2284 2849 2616 2930 patiebatur
2639 2850 2923 2931 cruciata,
2956 2849 3117 2913 venit
3136 2841 3332 2914 statim
3363 2850 3437 2913 ad
3459 2851 3643 2926 aedes,

1989 2941 2050 3001 in
2099 2939 2315 3021 quibus
2348 2939 2676 3020 periculurn
2708 2939 2910 3002 adibat
2960 2940 3198 3012 mulier,
3235 2957 3657 3021 magnumque-

1993 3029 2493 3092 medicamentum
2547 3027 2772 3110 paravit
2801 3029 3157 3091 orationem.
3210 3030 3355 3103 Quae
3383 3047 3522 3091 vero
3552 3030 3647 3090 la-

1993 3118 2262 3202 borabat,
2290 3121 2382 3181 vix
2410 3121 2677 3182 membra
2702 3137 2966 3194 movens,
2997 3137 3116 3180 non
3149 3126 3378 3199 poterat
3399 3118 3642 3200 quidem

1995 3209 2201 3292 loqui;
2246 3209 2452 3272 habitu
2487 3218 2686 3272 autem
2717 3217 2780 3271 et
2808 3209 2998 3272 oculis
3050 3207 3337 3272 ﬂebiliter
3365 3222 3424 3272 et
3470 3210 3648 3271 mise-

1993 3299 2266 3362 rabiliter
2288 3301 2552 3380 intuens,
2576 3298 2888 3361 videbatur
2908 3298 3134 3375 dicere,
3159 3300 3467 3363 Miserere.
3491 3298 3645 3372 Quid

1996 3408 2136 3470 ergo
2192 3408 2402 3469 magna
2433 3388 2712 3452 Melana?
2764 3386 2966 3452 Oculis
3010 3387 3072 3449 in
3103 3389 3317 3454 caelum
3370 3388 3642 3465 sublatis,

1996 3499 2129 3543 cum
2154 3498 2361 3542 zonam
2386 3497 2552 3541 suam
2586 3478 2883 3555 salvisset,
2914 3479 3114 3540 statim
3147 3479 3399 3560 imponit
3421 3479 3476 3540 ei
3507 3496 3643 3556 qua;

1996 3585 2122 3637 erat
2167 3573 2291 3634 fere
2326 3580 2577 3634 mortua.
2612 3571 2841 3634 Deinde
2899 3590 3033 3633 cum
3067 3571 3342 3633 dixisset:
3377 3572 3514 3653 lpsa
3543 3570 3652 3632 fuit

1990 3662 2137 3724 mihi
2167 3663 2395 3724 donum
2429 3661 2627 3740 magni
2655 3662 2789 3736 viri,
2822 3670 2881 3724 et
2905 3661 3012 3738 qui
3045 3678 3175 3723 eam
3208 3662 3387 3723 fuerit
3426 3678 3645 3723 conse-

1990 3759 2179 3826 cutus,
2218 3770 2334 3813 non
2361 3749 2749 3814 frustrabitur
2777 3753 3107 3824 curatione,
3144 3751 3338 3812 statim
3386 3758 3445 3811 et
3480 3767 3645 3811 mor-

1990 3850 2153 3902 tuum
2188 3839 2364 3921 ejecit
2393 3851 2452 3902 et
2484 3841 2736 3921 peperit,
2764 3848 2823 3902 et
2854 3858 2988 3917 quae
3013 3839 3275 3919 jacebat,
3307 3839 3414 3899 fuit
3445 3839 3645 3902 statim

1990 3929 2066 3992 ab
2114 3935 2276 3992 omni
2306 3929 2514 3991 dolore
2545 3929 2821 3992 liberata.
2882 3929 3020 3992 Haec
3049 3929 3139 3990 vel
3176 3946 3283 4007 per
3332 3944 3540 3989 zonam
3572 3928 3645 3990 B.

1988 4020 2214 4083 Melana
2270 4020 2493 4082 faciens
2552 4019 2861 4093 miracula,
2929 4037 2999 4081 ea
3061 4017 3196 4079 aliis
3257 4016 3642 4081 attribuebat.

1988 4109 2173 4182 Quam
2205 4109 2391 4171 multa
2444 4109 2591 4171 facta
2626 4117 2767 4170 sunt
2808 4107 2931 4170 illic
2962 4107 3284 4187 ejusmodi,
3319 4125 3451 4188 qua:
3501 4108 3651 4170 mihi

1990 4217 2109 4261 non
2164 4200 2304 4262 licet
2336 4217 2495 4262 nunc
2543 4199 2859 4278 attingere,
2893 4216 3027 4259 cum
3063 4197 3351 4277 prolixam
3401 4215 3646 4260 cernam

1990 4292 2339 4371 orationem,
2377 4299 2435 4350 et
2463 4294 2750 4350 remissus
2778 4290 2901 4368 jam
2931 4286 3076 4349 mihi
3107 4287 3185 4348 sit
3227 4286 3471 4367 spiritus
3502 4305 3648 4367 pro-

1990 4388 2121 4461 pter
2152 4379 2597 4442 multitudinem
2634 4396 2840 4440 eorum
2884 4396 3015 4458 quae
3042 4377 3201 4438 dicta
3232 4384 3389 4438 sunt.
3424 4374 3541 4438 Sed
3574 4393 3649 4438 ex

1990 4469 2085 4544 iis,
2111 4489 2241 4551 quae
2262 4470 2417 4531 dicta
2448 4476 2607 4540 sunt,
2632 4467 2801 4530 vobis
2823 4467 2996 4530 facile
3029 4467 3168 4528 licet
3197 4465 3427 4546 reliqua
3451 4466 3649 4547 conji~

1989 4569 2233 4635 cere,ut
2262 4559 2363 4640 qui
2396 4578 2465 4620 ex
2501 4559 2735 4620 modico
2765 4565 2941 4636 gustu
2980 4563 3170 4619 totum
3197 4554 3645 4634 cognoveritis;

245 4631 536 4710 ἐγνωκόσι·
590 4619 698 4688 1:05—
726 4631 827 4710 γὰρ
874 4619 1037 4690 αύτοῦ
1091 4632 1264 4701 πίθου,
1312 4631 1500 4709 φήσειε
1552 4652 1664 4705 τις,
1699 4633 1788 4689 καὶ
1842 4633 1904 4688 τὸ

1992 4666 2063 4709 ex
2095 4619 2305 4710 eodem
2340 4650 2497 4711 enim
2531 4648 2714 4729 dolio,
2747 4619 2967 4711 dixerit
3003 4619 3327 4728 quiSpiard,
3362 4654 3451 4706 est
3497 4619 3647 4706 reti;

244 4720 464 4779 λοιπόν.
529 4720 691 4779 ἰτέον
745 4721 917 4777 τοίνυν
968 4718 1054 4775 ἐπὶ
1110 4718 1209 4786 τὴν
1266 4717 1519 4787 τελευτὴν
1571 4718 1727 4799 ὀλίγα
1767 4722 1907 4796 πρόε-

242 4831 400 4890 τερον
428 4811 751 4891 προσθέντας
772 4817 848 4885 τῷ
876 4808 1199 4888 διηγήματι.

329 4900 470 4963 AA’.
530 4900 684 4958 Ἐπεὶ
755 4901 856 4979 γὰρ
913 4900 1217 4979 ἐφειστήκει
1276 4898 1338 4955 τὸ
1395 4897 1572 4975 τέλος,
1612 4901 1699 4957 καὶ
1754 4908 1909 4960 τοῦτο

250 4990 592 5070 προέγνωστο
652 4990 721 5060 τῇ
764 4989 1007 5069 Μελὶνῃ,
1069 4987 1250 5066 ὥσπερ
1295 5008 1376 5053 τις
1434 4986 1671 5056 ἀθλητὴς
1741 4990 1907 5072 ἐγγυ-

248 5080 381 5158 τέρω
431 5083 724 5160 γενόμενος
787 5090 881 5139 τοῦ
945 5079 1226 5159 στεφάνου,
1281 5075 1489 5154 μᾶλλον
1533 5077 1774 5156 ἔσπευδε,
1820 5082 1907 5139 καὶ

243 5176 321 5245 τῷ
377 5169 482 5239 ἤδη
529 5183 783 5248 παρεῖναι
811 5168 1020 5250 ἔχαιρε,
1079 5175 1352 5247 περιιοῦσα
1403 5169 1492 5224 καὶ
1532 5169 1656 5235 τοὺς
1705 5169 1897 5237 ἄλλους

240 5264 343 5327 τῆς
399 5251 750 5338 Ἰερουσαλημ
806 5265 1024 5338 τόπους,
1093 5256 1338 5332 Βηθλέεμ
1407 5279 1464 5314 τε
1530 5257 1735 5327 ἐκείνην
1809 5265 1898 5318 καὶ

1992 4759 2198 4821 quum.
2232 4739 2506 4801 Eundum
2552 4746 2642 4800 est
2673 4756 2812 4818 ergo
2843 4737 2915 4799 ad
2966 4735 3376 4809 dccecessum,
3407 4733 3456 4796 si
3488 4734 3651 4816 prius

1992 4828 2316 4891 [ιπηιιὶοηί
2349 4843 2533 4908 pauca
2556 4827 2981 4907 adjecerimus.

2071 4918 2326 4982 XXXIV.
2354 4918 2497 4982 Cum
2533 4919 2691 4979 enim
2713 4918 2949 4979 adesset
2980 4915 3137 4988 linis,
3162 4921 3220 4975 et
3248 4912 3299 4976 is
3329 4920 3490 4975 esset
3516 4913 3646 4974 Me-

1992 5013 2133 5071 lana;
2166 5014 2568 5086 przecognitus,
2595 5018 2650 5070 et
2673 5020 2941 5083 tanquam
2977 5007 3186 5066 athleta
3218 5008 3498 5079 quispiam
3529 5020 3648 5065 non

1993 5098 2198 5179 procul
2231 5097 2464 5159 abesset
2494 5115 2529 5159 a
2558 5112 2801 5175 corona,
2837 5093 3026 5172 magis
3050 5090 3388 5168 festinabat,
3418 5102 3479 5154 et
3509 5109 3647 5154 eum

1976 5189 2100 5269 jam
2135 5187 2345 5250 adesse
2376 5186 2686 5249 laetabatur
2721 5207 2736 5250 :
2774 5193 2833 5248 et
2863 5183 3076 5247 obiens
3106 5183 3218 5245 alia
3247 5182 3380 5243 loca
3427 5179 3649 5244 Hiero-

2000 5278 2387 5358 solymorum,
2425 5286 2483 5338 et
2535 5276 2845 5339 Bethleem
2898 5274 3058 5336 illam
3106 5282 3165 5334 et
3216 5271 3544 5351 Galilaeam,
3592 5280 3652 5333 et

243 5350 530 5410 Γαλιλαίαν
587 5354 675 5409 καὶ
734 5349 834 5407 ὅσα
906 5357 1015 5407 τῶν
1073 5348 1223 5424 πέριξ
1281 5349 1370 5407 καὶ
1427 5348 1609 5424 κύκλῳ
1690 5374 1904 5432 περιπο-

1999 5348 2459 5449 (ιυῷουηίιυεὶη
2486 5365 2690 5429 orbem
2715 5364 3086 5439 circumibat,
3123 5381 3195 5425 ea
3223 5371 3503 5442 tanquam
3525 5348 3652 5422 ani-

241 5441 407 5500 λοῦσα
445 5490 460 5517 ,

535 5442 773 5520 καθάπερ
858 5439 1140 5520 ἐμψύχους
1214 5440 1336 5535 περὶ
1417 5440 1515 5498 τοὶν
1600 5439 1904 5519 ἂπαδημίαν

1997 5439 2153 5519 mata
2170 5439 2464 5519 salutabat
2492 5456 2553 5517 in
2580 5452 3085 5535 peregrinatione.
3120 5453 3265 5516 Cum
3297 5439 3644 5514 advenisset

241 5532 534 5604 ἠσπάζετο,
601 5536 709 5599 Τῆς
763 5532 872 5589 τῶν
923 5530 1208 5609 γενεθλίων
1240 5527 1296 5586 δέ
1353 5536 1444 5587 τοῦ
1476 5533 1727 5608 Σωτῆρος
1787 5534 1904 5591 ἐπμ

1995 5556 2190 5609 autem
2243 5547 2371 5609 dies
2432 5527 2640 5608 natalis
2692 5527 3041 5623 servatoris,
3078 5543 3153 5605 ad
3215 5556 3482 5621 praesepe
3533 5556 3645 5601 cu-

245 5623 449 5690 στᾶσης
493 5623 698 5701 ἡμέρας
774 5619 859 5678 ἐπὶ
934 5622 1028 5689 τὴν
1088 5620 1293 5700 φάτνην
1368 5621 1455 5677 καὶ
1514 5622 1576 5677 τὸ
1645 5624 1904 5695 σπήλαιον

1995 5636 2180 5699 currit
2210 5645 2268 5698 et
2298 5636 2673 5717 speluncam,
2709 5644 2772 5696 et
2825 5619 3497 5710 consobrina—dicit,rse
3526 5647 3647 5689 non

246 5711 376 5798 ἔθει,
410 5714 499 5771 καὶ
553 5718 626 5786 τῆ
679 5708 933 5795 eadem;
963 5710 1145 5796 φράζει
1202 5711 1275 5780 ὡς
1335 5709 1507 5770 οὐκέτι
1551 5712 1751 5785 ταύτην
1806 5721 1907 5779 αὖ-

1991 5726 2250 5810 amplius
2281 5743 2414 5791 esse
2441 5725 2657 5790 festum
2689 5742 2824 5789 cum
2858 5724 2943 5786 eis
2975 5719 3431 5785 celebraturam.
3495 5717 3641 5781 Cum
