4066 6408
411 348 523 415 791

1344 350 1621 416 MENSIS
1677 348 2111 414 DECEMBER.
2158 346 2346 411 VITA
2400 347 2460 408 S.
2509 347 2871 412 MELANE.

3680 348 3801 415 792

414 502 557 566 ergo
591 490 710 549 tota
740 491 918 549 nocte
941 484 1060 548 illic
1090 484 1387 564 vigilasset
1410 485 1472 546 in
1502 485 1818 564 spelunca,
1843 483 1942 545 die
1973 501 2064 544 se-

2149 494 2263 546 τοῖς
2319 481 2658 560 συνεορτάσοι
2705 482 2802 551 τὴν
2853 481 3098 554 τελετήν.
3149 485 3354 550 Νυκτὸς
3384 483 3472 542 οὖν
3501 483 3634 554 ὅλης
3687 485 3806 543 ἐκεῖ

417 575 621 658 quenti
655 575 816 637 vadit
852 575 921 638 ad
951 575 1138 636 aedem
1175 574 1350 656 primi
1378 578 1672 654 martyris,
1699 583 1756 635 et
1785 593 1919 635 cum
1942 573 2066 634 illic

415 674 846 747 peruoctasset,
884 673 941 726 et
972 665 1188 726 librum
1229 665 1588 744 sumpsisset
1617 665 1677 724 in
1710 683 1944 740 manus,
1979 663 2067 726 eis

414 755 560 836 legit
581 764 828 817 mortem
852 755 1028 836 primi
1053 754 1349 835 martyris.
1376 753 1604 815 Deinde
1636 773 1771 816 cum
1805 754 2066 832 adjecis-

417 855 530 926 set,
563 863 664 907 eas
713 863 830 906 non
859 843 1116 924 amplius
1148 862 1279 904 esse
1311 844 1470 906 illam
1516 843 1822 905 audituras
1852 843 2062 920 legen-

416 943 560 1010 tem,
595 941 902 1014 postquam
953 932 1100 993 vidit
1133 952 1233 996 eas
1263 937 1518 1012 graviter
1557 935 1739 1007 ferre,
1773 932 1932 1014 quod
1967 933 2063 993 di-

415 1034 572 1087 ctum
605 1024 800 1085 fuerat
828 1022 1195 1103 (sentiebant
1227 1023 1390 1085 enim
1426 1025 1563 1103 quid
1589 1023 1700 1085 sibi
1735 1024 1908 1085 vellet
1938 1024 2064 1086 haac

413 1113 646 1196 dicens)
687 1135 700 1178 :
733 1113 835 1175 illa
866 1131 1075 1175 rursus
1105 1114 1481 1194 coepitverba
1513 1113 1585 1175 ad
1619 1132 1717 1175 eas
1751 1114 1970 1186 facere,
2005 1120 2066 1175 et

408 1205 592 1268 corda
613 1222 815 1266 earum
851 1204 1153 1266 consolata
1186 1213 1275 1264 est
1299 1204 1492 1266 verbis
1523 1203 1916 1284 spiritalibus:
1941 1203 2060 1282 Ego

409 1293 676 1376 quidem,
701 1293 931 1369 dicens,
957 1313 988 1353 ο
1014 1293 1407 1363 charissima,
1434 1312 1466 1353 a
1485 1293 1651 1354 vobis
1671 1295 1792 1372 jam
1815 1294 2058 1366 recedo,

415 1403 550 1446 cum
603 1384 719 1446 hoc
748 1385 827 1445 ita
876 1383 998 1446 Deo
1043 1382 1234 1444 visum
1281 1383 1379 1446 sit.
1416 1384 1534 1444 Vos
1590 1401 1728 1444 vero
1761 1384 1843 1444 ita
1888 1384 2061 1443 vitam

411 1475 592 1554 agite,
645 1482 924 1554 tanquam
979 1471 1374 1554 praesentibus
1434 1483 1492 1534 et
1549 1472 1917 1534 intuentibus
1959 1472 2066 1534 Dei

315 1558 322 1562 ’
413 1564 626 1644 oculis,
664 1564 765 1646 qui
813 1563 1200 1641 cogitationes
1231 1571 1532 1625 scrutatur
1582 1573 1640 1625 et
1671 1565 1836 1625 videt
1866 1565 2066 1624 corda.

406 1653 556 1716 Eum
583 1671 752 1733 ergo,
785 1663 848 1716 ut
870 1653 1013 1715 dicit
1037 1653 1329 1732 Propheta
1346 1655 1398 1730 8,
1436 1653 1598 1714 vobis
1629 1661 1767 1714 ante
1812 1662 2066 1715 vestrum

411 1753 799 1825 conspectum
825 1753 1252 1825 proponentes,
1281 1751 1340 1805 et
1372 1752 1564 1805 castas
1595 1745 1826 1806 animas
1857 1753 1914 1806 et
1939 1761 2070 1805 cor-

2146 579 2222 647 τῷ
2271 571 2520 644 σπηλαίῷ
2566 573 3023 652 ἐπαγρυπνήσασα
3071 580 3139 650 τῇ
3181 575 3316 650 μετὰ
3372 576 3570 643 ταύτην
3621 578 3696 640 εἰς
3740 578 3805 634 τὸ

2147 669 2238 719 τοῦ
2307 663 2751 741 πρωτομάρτυρος
2838 665 2976 741 ἱερὸν
3051 663 3384 742 ἀφικνεῖται,
3452 667 3673 723 κᾶκεῖσέ
3743 687 3804 722 τε

2149 750 2625 830 διανυκτερεύσασα
2696 777 2783 810 και
2845 755 3000 834 χερσὶ
3061 757 3121 811 τὸ
3184 752 3384 831 βιϐλίον
3436 753 3668 814 λαϐοῦσα
3711 759 3805 813 τὸν

2149 849 2242 899 τοῦ
2290 843 2739 921 πρωτομάρτυρο;
2788 846 2975 910 αὐταῖς
3023 844 3247 902 θάνατον
3317 845 3615 924 ὑπανέγνω.
3665 847 3807 904 Εἶτα

2148 935 2440 1010 προσθεῖσα
2485 933 2556 994 ὡς
2619 933 2792 989 οὐκέτι
2849 935 3046 1000 ταύτης
3110 934 3574 1012 ἀναγινωσκούσης
3635 936 3806 994 ἀκού-

2148 1043 2355 1100 σονται,
2391 1021 2504 1077 ἐπεὶ
2555 1021 2693 1100 ἐώρα
2737 1022 2944 1099 βαρέως
2995 1023 3156 1088 αὐτὰς
3209 1025 3270 1081 τὸ
3311 1025 3466 1102 ῥηθὲν
3517 1023 3808 1101 δεξαμένας

2147 1110 2400 1190 (ᾔσθοντο
2456 1112 2554 1190 γαρ
2609 1113 2659 1168 τί
2713 1111 2963 1188 βούλεται
3022 1111 3215 1180 δηλοῦν
3292 1123 3458 1174 ταῦτα
3522 1114 3806 1192 λέγουσα),

2145 1201 2318 1267 ἒκείνη
2371 1200 2463 1257 τόν
2515 1223 2571 1257 τε
2624 1202 2783 1276 λόγον
2839 1201 2986 1265 εὐθὺς
3037 1201 3393 1278 ἀνελάμϐανε,
3426 1205 3512 1260 καὶ
3556 1203 3649 1270 τάς
3703 1207 3810 1262 αὒ-

2145 1293 2250 1363 τῷν
2293 1289 2504 1368 καρδίας
2560 1291 2761 1368 ῥήμασι
2825 1307 3210 1368 πνευματικοῖς
3268 1294 3598 1375 παρεκάλει,
3657 1293 3812 1373 Ἐγὼ

2149 1381 2269 1460 μὲν,
2302 1381 2347 1435 ὦ
2393 1380 2666 1462 φίλταται,
2700 1383 2938 1460 φήσασα,
2995 1382 3082 1461 ἀφ’
3138 1386 3286 1459 ὑμῶν
3335 1382 3438 1451 ἤδη
3482 1386 3808 1462 πορεύομαι,

2151 1473 2229 1543 τῷ
2279 1476 2395 1544 Θεῷ
2445 1478 2599 1528 τοῦτο
2656 1471 2863 1529 δοκοῦν⁸
2912 1475 3073 1548 ὑμεῖς
3117 1471 3171 1528 δὲ
3228 1472 3348 1529 ἀλλ’
3393 1475 3496 1531 ὑπὸ
3552 1488 3669 1539 τοῖς
3712 1477 3812 1533 τοῦ

2155 1566 2287 1617 Θεοῦ
2356 1563 2551 1631 ζήσατε
2623 1561 2948 1639 ὀφθαλμοῖς,
3011 1564 3067 1627 ὃς
3141 1564 3229 1619 καὶ
3287 1562 3579 1644 λοφισμοὺς
3625 1565 3811 1644 ἐρευνᾷ

2152 1650 2249 1706 καί
2321 1649 2532 1728 καρδίας
2583 1654 2701 1727 ὁρᾷ.
2761 1660 2927 1711 Τοῦτο
2986 1653 3074 1710 οὖν
3132 1651 3217 1709 δια
3285 1656 3484 1719 παντὸς
3535 1656 3669 1712 κατὰ
3713 1657 3810 1713 τὸν

2155 1741 2465 1820 Προφήτην,
2524 1741 2750 1799 ἐνώπιον
2809 1745 3179 1821 προορώμεναι
3235 1743 3330 1808 τάς
3391 1765 3448 1800 τε
3512 1745 3694 1824 ψυχὰς
3750 1744 3809 1801 ἕν

410 1853 560 1916 pora
589 1833 666 1895 ab
697 1834 861 1895 omni
893 1831 1025 1894 labe
1059 1833 1280 1894 munda
1311 1843 1698 1896 conservate:
1736 1843 1794 1895 et
1822 1833 1872 1895 si
1919 1853 2058 1914 pro-

2151 1830 2334 1909 ἁγνείᾳ
2389 1832 2478 1890 καὶ
2520 1831 2651 1888 αὐτά
2681 1853 2742 1910 γε
2802 1835 2868 1889 τὰ
2917 1833 3140 1906 σώματα
3198 1833 3362 1911 ῥύπου
3418 1836 3616 1900 παντὸς
3655 1835 3807 1892 ἀνώ-

410 1933 544 2007 pter
570 1942 761 1987 meam
798 1922 1189 2004 privationem
1245 1923 1479 1986 tristitia
1509 1924 1688 1986 corda
1719 1931 1910 1986 vestra
1942 1943 2056 2003 pu-

2145 1942 2273 1997 τερα
2333 1923 2720 2000 συντηρήσατε·
2786 1922 2880 1983 κᾶν
2941 1946 2991 1978 τι
3056 1920 3140 1978 διὰ
3202 1924 3302 1991 τὴν
3362 1925 3495 1998 ὲμήν
3554 1924 3806 2002 στέρησιν

404 2015 660 2097 pugerit,
693 2015 743 2076 si
765 2013 925 2076 illius
955 2012 1122 2074 vobis
1151 2013 1346 2076 veniat
1374 2015 1432 2076 in
1467 2022 1753 2089 mentem,
1786 2013 2056 2098 protinus

2149 2012 2172 2079 ἡ
2243 2009 2384 2078 λύπη
2454 2012 2549 2077 τὰς
2622 2013 2766 2088 ὑμῶν
2825 2011 3044 2090 δριμύξῃ
3105 2011 3347 2088 καρδίας,
3408 2012 3527 2071 ἀλλ’
3590 2014 3802 2072 ἐκεῖνον

405 2104 552 2168 satis
581 2122 855 2183 magnam
888 2102 1201 2164 invenietis
1230 2103 1727 2166 consolationem.

485 2282 717 2348 XXXV.
769 2285 918 2350 Cum
969 2281 1055 2345 sic
1105 2283 1376 2359 dixisset,
1441 2283 1727 2364 templum
1790 2279 2057 2361 ingredi-

403 2384 527 2451 tur,
561 2383 622 2438 et
652 2393 788 2436 cum
823 2374 894 2435 ad
958 2373 1322 2454 precandum
1356 2372 1719 2435 constitisset
1751 2389 1767 2436 :
1803 2371 2058 2434 Domine

402 2468 614 2540 Deus,
692 2462 976 2540 dicebat,
1052 2482 1226 2544 quem
1301 2483 1409 2543 ego
1485 2462 1638 2540 elegi
1713 2461 1786 2525 ab
1858 2461 2052 2534 initio,

405 2573 584 2636 quem
639 2572 748 2634 ego
803 2561 862 2616 et
910 2554 1136 2635 nuptiis
1185 2561 1244 2615 et
1287 2555 1507 2616 divitiis
1556 2562 1616 2614 et
1665 2552 1869 2631 gloriae
1902 2569 2056 2632 prae-

403 2644 514 2708 tuli
572 2652 631 2708 et
679 2644 1101 2725 voluptatibus,
1156 2644 1250 2706 cui
1300 2643 1372 2704 ab
1434 2651 1563 2705 ortu
1615 2659 1832 2723 corpus
1886 2659 2056 2702 com-

402 2733 679 2796 mendavi
738 2741 795 2794 et
857 2733 1153 2814 spiritum,
1191 2733 1359 2811 cujus
1409 2739 1568 2792 metu
1618 2731 1771 2792 ossis
1820 2746 2060 2810 semper

399 2822 656 2886 adhaesit
721 2822 885 2885 carni
968 2839 1162 2895 mete,
1241 2822 1340 2902 qui
1418 2821 1664 2883 tenuisti
1745 2823 2056 2881 dexteram

2139 2100 2224 2158 ἐπὶ
2270 2122 2386 2159 νουν
2445 2101 2674 2182 ἔχουσαι
2730 2105 2916 2171 ικανὴν
2977 2103 3174 2168 εὐθέως
3229 2104 3478 2183 εὑρήσετε
3532 2105 3633 2174 τὴν
3689 2127 3800 2164 πα-

2144 2189 2404 2265 ράκλησιν
2419 2235 2435 2252 .

2227 2280 2357 2345 ΛΕ’,
2429 2280 2607 2346 Οὕτως
2683 2283 2906 2340 εἰποῦσα
2972 2283 3195 2340 εἴσεισιν
3268 2285 3341 2348 εἷς
3401 2286 3464 2343 τὸ
3533 2287 3669 2364 ἱερὸν
3711 2289 3803 2343 καὶ

2144 2372 2274 2450 πρὸς
2334 2373 2673 2451 εὔχαριστίαν
2747 2379 2940 2448 στᾶσα,
3009 2372 3274 2448 Δέσποτα,
3331 2373 3511 2454 ἷλεγεν
3570 2376 3599 2432 δ
3643 2379 3800 2449 Θεὸς,

2144 2463 2201 2518 ὃν
2249 2461 2358 2540 ἐγὼ
2389 2461 2440 2528 ἐξ
2469 2464 2645 2542 ἀρχῆς
2693 2462 2943 2538 εἱλόμην,
2994 2465 3051 2519 ὃν
3093 2465 3182 2521 καὶ
3231 2465 3407 2543 γάμου
3438 2466 3526 2524 καὶ
3570 2464 3803 2525 πλούτου

2143 2553 2230 2610 καὶ
2278 2551 2432 2619 δόξης
2490 2575 2578 2609 και
2623 2551 2826 2620 ἣδονῶν
2879 2554 3236 2634 προετίμησα,
3270 2558 3416 2629 ᾧπερ
3465 2555 3528 2612 ἐκ
3577 2564 3801 2634 γενετῆς

2143 2643 2230 2698 καὶ
2293 2647 2452 2718 σῶμα
2508 2643 2816 2720 παρεθέμην
2869 2645 2955 2700 καὶ
3007 2653 3211 2720 πνεῦμα
3272 2647 3332 2701 οὗ
3393 2652 3468 2718 τῷ
3525 2645 3672 2726 φόϐῳ
3716 2647 3803 2706 διὰ

2143 2732 2341 2796 παντὸς
2384 2730 2650 2803 ἐκολλήθη
2697 2756 2800 2808 μου
2873 2736 2934 2790 τὸ
2993 2736 3180 2792 ὀστοῦν
3235 2740 3303 2811 τῇ
3363 2737 3518 2812 σαρκὶ
3577 2738 3605 2792 ὁ
3664 2760 3801 2815 κρα-

2141 2823 2311 2892 τήσας
2367 2845 2471 2891 μου
2513 2826 2610 2892 τῆς
2675 2821 2843 2888 δεξιᾶς
2903 2824 2998 2881 καί
3061 2824 3116 2880 ἐν
3177 2830 3245 2900 τῇ
3299 2824 3469 2903 βουλῇ
3523 2825 3801 2906 ὂδηγήσας

397 2932 619 2993 meam,
646 2921 705 2975 et
729 2913 789 2974 in
823 2911 1073 2974 consilio
1123 2920 1220 2974 tuo
1253 2911 1549 2974 deduxisti
1591 2929 1710 2992 me,
1738 2919 1797 2972 tu
1822 2927 2059 2992 quoque

2149 2933 2235 2990 με,
2285 2913 2442 2977 αὒτός
2501 2937 2602 2989 μου
2649 2914 2738 2971 καὶ
2782 2920 2870 2970 νῦν
2927 2914 3230 2973 εἰσάκουσον
3289 2917 3390 2981 τῆς
3451 2917 3663 2995 φωνῆς,
3712 2921 3806 2976 καὶ

397 3022 559 3067 nunc
587 3003 797 3066 exaudi
832 3021 1036 3065 vocem
1089 3020 1310 3078 meam,
1347 3010 1406 3063 et
1436 3002 1562 3064 haec
1614 3003 1892 3082 lacryma)
1924 3018 2057 3061 mn-

2149 3001 2340 3082 δάκρυα
2394 3011 2559 3062 ταῦτα
2634 3005 2729 3070 τῆς
2798 3003 2896 3072 σῆς
2967 3003 3363 3085 εὐσπλαγχνίας
3418 3008 3694 3074 κινησάτω
3736 3011 3803 3068 τὰ

394 3100 579 3165 veant
610 3095 832 3156 ﬂuenta
867 3105 984 3155 tua;
1029 3091 1483 3171 misericordiae,
1519 3102 1580 3154 et
1611 3091 1876 3154 omnium
1912 3109 2060 3171 pec-

2149 3092 2324 3170 ῥεῖθρα
2375 3094 2460 3149 καὶ
2527 3103 2649 3157 τοὺς
2721 3093 2915 3170 ῥύπους
2973 3093 3086 3151 ὅσοι
3145 3095 3203 3152 τέ
3249 3118 3352 3171 μου
3411 3096 3645 3155 ἑκούσιοι
3716 3101 3801 3156 καὶ

395 3197 664 3246 calorum
695 3187 898 3246 sordes
929 3195 1043 3244 tam
1063 3187 1417 3244 voluntarias
1447 3201 1620 3258 quam
1644 3187 2064 3246 involuntarias

401 3292 667 3355 expurga
702 3296 715 3333 :
751 3274 950 3354 praebe
1000 3272 1146 3333 mihi
1178 3271 1252 3334 ad
1287 3280 1342 3332 te
1372 3272 1487 3334 iter
1515 3271 1740 3352 absque
1770 3273 1890 3336 ulla
1922 3295 2064 3356 per-

403 3362 746 3429 turbatione
795 3372 856 3425 et
885 3367 1032 3424 citra
1064 3361 1249 3423 ullum
1286 3361 1806 3441 impedimentum.
1847 3367 1938 3428 Ne
1971 3385 2066 3428 me

399 3453 708 3517 retineant
736 3452 916 3531 hujus
938 3451 1092 3514 acris
1118 3450 1254 3512 mali
1274 3451 1598 3512 daemones.
1623 3450 1788 3514 Nosti
1814 3456 2064 3518 mortale

400 3562 436 3606 o
457 3541 836 3622 immortalis,
865 3542 992 3604 scis
1022 3559 1056 3602 ο
1079 3540 1388 3602 hominum
1420 3543 1918 3618 amator,nullum
1952 3547 2064 3608 ho-

399 3633 627 3697 minem
648 3650 778 3695 esse
798 3631 928 3694 sine
948 3629 1247 3692 sordibus.
1291 3629 1502 3693 Nullus
1529 3633 1708 3713 est,in
1736 3653 1910 3714 quem
1948 3655 2067 3698 non

398 3722 588 3805 possit
635 3721 900 3802 arripere
931 3739 1132 3782 ansam
1194 3721 1600 3797 adversarius,
1636 3743 1747 3786 nec
1780 3724 1832 3786 si
1881 3725 2061 3789 vitam

397 3812 639 3895 quidem
673 3811 885 3873 habeat
907 3829 1028 3873 uno
1058 3809 1157 3872 die
1191 3809 1554 3872 dimensam.
1583 3813 1695 3874 Sed
1730 3821 1787 3874 tu
1817 3815 2062 3891 quidem

400 3919 532 3963 cum
557 3920 679 3963 mea
714 3907 907 3961 omnia
943 3903 1300 3976 despexeris,
1333 3905 1470 3962 siste
1504 3919 1596 3962 me
1627 3908 1901 3965 mundam
1934 3919 2065 3969 ante

399 4001 568 4055 tuum
599 3991 883 4056 tribunal.
917 3989 1000 4054 Ea
1031 3992 1115 4053 sic
1151 3999 1434 4071 precante
1467 4011 1601 4054 cuin
1623 3993 2060 4076 lacrymis,cum

401 4080 673 4145 nondum
705 4089 996 4143 cessasset
1025 4098 1223 4160 orare,
1245 4082 1461 4144 horror
1491 4101 1705 4163 corpus
1736 4085 1865 4164 ejus
1893 4085 2062 4148 inva-

395 4172 510 4249 dit,
542 4179 600 4234 et
623 4171 835 4253 incipit
865 4171 1110 4253 quidem
1141 4179 1450 4252 aegrotare,
1494 4191 1612 4236 non
1646 4183 1839 4238 cessat
1866 4185 2063 4239 autem

399 4263 676 4327 laborare
709 4312 724 4340 ,
785 4261 892 4323 sed
930 4261 1199 4342 quamvis
1248 4261 1330 4323 ita
1360 4271 1519 4325 esset
1550 4264 1782 4339 affecta,
1817 4265 1939 4327 ibat
1989 4267 2063 4330 ad

403 4362 694 4418 consueta
722 4353 975 4426 cantica,
1009 4361 1069 4414 et
1097 4352 1274 4414 simul
1328 4353 1578 4433 hymnos
1612 4355 1899 4433 psallebat
1934 4375 2063 4418 ma-

400 4445 662 4506 tutinos:
700 4459 958 4523 cumque
985 4440 1060 4502 de
1091 4442 1291 4503 anima
1320 4450 1381 4503 et
1403 4444 1591 4505 salute
1623 4445 1874 4506 multum
1907 4453 2065 4507 esset

398 4532 840 4616 philosophata,
875 4539 934 4592 et
983 4549 1155 4593 suum
1189 4549 1428 4610 gregem
1485 4533 1770 4614 allocuta,
1804 4552 1938 4595 eum
1990 4535 2061 4596 ad

398 4599 681 4686 yirtutet'n
731 4621 1064 4696 incitasset,
1102 4599 1222 4682 his"
1253 4599 1440 4684 (initis
1488 4641 1621 4684 cum
1658 4642 1723 4684 se
1755 4599 2132 4686 lsensissetD

2147 3179 2262 3239 ὅσοι
2307 3182 2542 3240 ἀκούσιοι
2599 3185 2704 3241 τῶν
2769 3185 3197 3264 ἁμαρτημάτων,
3229 3186 3494 3263 κάθαρων.
3526 3187 3626 3254 τὴν
3671 3191 3799 3269 πρὸς

2148 3292 2208 3326 σε
2265 3272 2480 3349 πορείαν
2550 3273 2822 3354 ἀτάραχον
2895 3295 2987 3349 μοι
3062 3275 3343 3354 παράσχου
3392 3277 3478 3332 καὶ
3553 3277 3803 3354 ἀνεμπό-

2150 3359 2325 3416 διστον
2375 3362 2452 3438 μὴ
2482 3363 2801 3442 κατάσχωσί
2851 3384 2917 3439 με
2949 3365 2996 3421 οἶ
3027 3367 3118 3422 τοῦ
3159 3365 3313 3443 ἀέρος
3349 3366 3528 3424 τούτου
3574 3371 3804 3446 πονηροὶ

2150 3449 2418 3532 δαίμονες,
2453 3451 2716 3531 ἔγνωκας,
2747 3454 2993 3530 ἆθάνατε,
3028 3455 3119 3511 τὸν
3170 3457 3383 3523 θνητόν’
3419 3455 3638 3514 οἶδαστὰ
3685 3464 3797 3514 τῶν

2148 3540 2460 3618 ἀνθρώπων,
2509 3544 2869 3625 φιλάνθρωπε,
2928 3547 3002 3608 ὡς
3069 3543 3232 3607 ο-δδεῖς
3307 3545 3554 3626 ἅσπιλος,
3625 3544 3793 3611 οὒδεὶς

2150 3630 2390 3698 ἄληπτος
2432 3647 2554 3697 ταῖς
2611 3641 2704 3692 τοῦ
2736 3634 3103 3710 ἀντικειμένου
3145 3633 3340 3698 λαϐαῖς
3384 3633 3490 3692 οὐδ’
3521 3635 3581 3692 ἂν
3623 3636 3801 3715 ἡμέρᾳ

2150 3726 2246 3796 μιᾷ
2295 3725 2390 3789 τὴν
2422 3725 2562 3793 ζωὴν
2619 3725 2783 3802 σχοίη
2839 3724 3338 3803 συμμετρουμένην,
3387 3724 3553 3782 Ἀλλὰ
3614 3727 3678 3782 σύ
3736 3748 3798 3805 γε

2146 3811 2319 3870 πάντα
2377 3834 2480 3888 μου
2531 3813 2763 3892 παριδὼν
2815 3815 3044 3894 καθαρὰν
3075 3819 3150 3888 τῷ
3193 3816 3272 3890 σῷ
3329 3836 3396 3890 με
3453 3815 3798 3894 παράστησον

2147 3902 2374 3979 βήματι,
2441 3911 2668 3962 Τοιαῦτα
2725 3905 2858 3979 μετᾶ
2918 3903 3151 3982 δακρύων
3209 3905 3654 3985 προσευχομένης
3712 3909 3803 3964 καὶ

2149 3989 2295 4048 οὔπω
2339 3995 2438 4060 τῆς
2501 3993 2668 4072 εὒχῆς
2713 3993 3086 4068 παυσαμένης,
3141 3993 3300 4074 φρίκη
3353 3995 3414 4051 τὸ
3469 3996 3626 4072 σῶμα
3668 3997 3803 4053 ταύ-

2147 4103 2246 4148 της
2291 4080 2678 4157 ὑπολαμϐείνει·
2727 4085 2817 4139 καὶ
2887 4090 2980 4140 τοῦ
3024 4084 3122 4158 μὲν
3190 4085 3370 4142 νοσεῖν
3414 4084 3663 4165 ἄρχεται,
3714 4093 3806 4144 τοῦ

2149 4169 2204 4226 δέ
2252 4175 2437 4228 πονεῖν
2521 4170 2636 4228 οὐδέ
2704 4174 2879 4252 βραχὺ
2957 4176 3206 4248 παύεται,
3281 4173 3420 4231 ἄλλα
3475 4175 3570 4232 καῖ
3634 4175 3801 4239 οὕτως

2149 4260 2352 4341 ἔχουσα
2396 4261 2481 4320 ἐπὶ
2535 4263 2630 4325 τὰς
2680 4266 2922 4334 συνήθεις
2980 4262 3066 4340 ᾔει
3119 4264 3284 4339 ᾠδὰς,
3331 4267 3418 4322 καὶ
3454 4267 3576 4329 τοὺς
3621 4267 3802 4346 ὀρθρι-

2148 4351 2267 4416 νοὺς
2323 4349 2649 4427 ωνὲψαλλεν
2702 4352 2915 4427 ὕμνους·
2977 4355 3064 4410 καὶ
3120 4353 3298 4412 πολλὰ
3351 4357 3471 4433 περί
3514 4377 3571 4411 τε
3615 4361 3803 4436 ψυχῆς

2147 4442 2239 4497 καὶ
2288 4443 2556 4518 σωτηρίας
2626 4441 3036 4523 φιλοσοφήσασα
3094 4446 3182 4500 καὶ
3243 4451 3320 4518 τῷ
3372 4450 3604 4522 ποιμνίω
3665 4447 3803 4504 ταύ-

2146 4551 2245 4596 της
2314 4529 2670 4611 διαλεχθεῖσα
2738 4534 2826 4589 καὶ
2908 4535 3040 4612 πρὸς
3127 4534 3322 4613 ἀρετὴν
3409 4533 3754 4613 παραθήξασα
3785 4583 3802 4614 ,

2151 4620 2286 4695 μετὰ
2359 4622 2418 4677 τὸ
2475 4621 2629 4683 τέλος
2698 4623 2896 4680 τούτων
2957 4621 3312 4691 ἔκλειπούσης
3384 4623 3565 4701 ὥσπερ
3609 4625 3804 4692 ἑαυτῆς

403 4712 584 4775 veluti
617 4710 1027 4786 deﬁcientem,
1073 4711 1319 4774 vidisset
1348 4721 1545 4775 autem
1581 4731 1682 4774 eas
1708 4733 1841 4790 qua:
1871 4715 1925 4776 ei
1959 4733 2066 4794 pa-

2152 4709 2460 4785 αἷσθομὲνη,
2521 4711 2635 4768 ἐπεὶ
2704 4726 2828 4776 ταῖς
2901 4713 2988 4769 ὄπ’
3067 4713 3228 4782 αὐτὴν
3273 4715 3626 4788 μοναζούσαις
3697 4715 3806 4790 βα-

401 4801 644 4878 rebant,
677 4801 1019 4878 monachas,
1059 4801 1319 4881 graviter
1368 4803 1528 4864 ferre
1571 4821 1638 4864 se
1687 4802 1763 4864 ab
1822 4822 1891 4866 ea
1939 4805 2067 4866 dis—

2151 4801 2379 4876 ρυτάτην
2423 4803 2586 4870 αὐτῆς
2640 4803 2778 4880 ἑώρα
2822 4803 2922 4870 τὴν
2981 4801 3232 4868 διάξευξιν
3294 4804 3608 4881 γινομένην,
3665 4803 3806 4860 πολ-

398 4891 595 4974 jungi,
653 4890 856 4953 multis
900 4891 1101 4953 verbis
1157 4911 1258 4954 eas
1312 4893 1640 4964 consolata,
1691 4893 1898 4956 (licens
1951 4913 2067 4956 non

2149 4889 2273 4954 λοὺς
2329 4894 2414 4949 καὶ
2465 4893 2606 4957 αὖθις
2665 4895 2737 4958 εἰς
2799 4894 3103 4970 παραίνεσιν
3147 4891 3337 4971 λόγους
3395 4895 3684 4973 κινήσασα,
3716 4896 3809 4952 καὶ

408 4988 687 5064 oportere
736 4981 816 5043 ita
862 4999 1117 5044 moerere
1171 4990 1229 5042 et
1283 4982 1507 5061 lugere,
1543 4982 1677 5043 dato
1701 4983 1823 5063 jam
1884 4983 2067 5048 desu-

2153 4981 2258 5058 μὴν
2307 4979 2420 5038 δεῖν
2458 4984 2624 5049 οὕτως
2683 4983 2954 5062 ὀδύρεσθαι
3011 4985 3096 5039 καὶ
3149 4987 3360 5042 πενθεῖν
3424 4985 3664 5058 εἰποῦσα,
3713 4993 3811 5042 τοῦ

405 5090 515 5153 per
567 5071 742 5153 signo
775 5071 1207 5152 emigrationis,
1245 5071 1443 5133 divina
1495 5071 1712 5134 Christi
1742 5075 1922 5136 sumit
1968 5094 2068 5137 sa-

2152 5069 2420 5147 συμϐόλου
2466 5071 2570 5140 ἥδη
2618 5079 2718 5141 τῆς
2754 5071 3058 5149 ἀποδημίας
3118 5070 3338 5152 ἄνωθεν,
3373 5072 3650 5150 δεδομένου
3701 5081 3814 5132 τῶν

407 5171 738 5226 cramenta.
2148 5163 2302 5219 θείων
2331 5162 2729 5239 μεταλὰμϐάνέι
2759 5171 2851 5222 τοῦ
2881 5171 3110 5243 Χριστοῦ
3140 5164 3470 5244 μυστηρίων.

485 5249 742 5317 XXXVI.
800 5252 944 5316 Cum
977 5259 1177 5315 autem
1211 5268 1344 5312 cum
1384 5251 1666 5330 pontiﬁce
1702 5254 2062 5318 Eleuthero.

2226 5253 2382 5329 [ις’.
2446 5253 2864 5332 Παραγενομὲνῳ
2906 5252 2960 5309 δὲ
3005 5255 3092 5311 καὶ
3155 5261 3226 5328 τῷ
3294 5255 3550 5337 ἀφχιερεῖ
3607 5253 3811 5312 Ἐλευ-

403 5341 580 5424 polis,
614 5343 719 5420 qui
749 5342 822 5404 ad
857 5361 986 5404 eam
1024 5359 1158 5402 cum
1197 5347 1317 5401 toto
1350 5342 1510 5403 clero
1548 5353 1810 5426 venerat,
1839 5345 1941 5407 ditt
1967 5346 2063 5408 lo-

2149 5345 2507 5426 θερουπόλεως
2563 5345 2655 5400 σὺν
2714 5345 2874 5401 παντὶ
2928 5349 3005 5417 τῷ
3072 5343 3279 5424 κλήρῳ,
3345 5345 3521 5404 πολλὰ
3577 5346 3809 5422 κάκείνῳ

406 5442 538 5494 cata
567 5433 644 5494 de
675 5432 804 5494 suis
841 5431 1121 5510 gregibus
1155 5429 1340 5492 multa
1384 5432 1658 5496 mandata
1689 5435 1972 5511 dedisset,
2005 5446 2060 5500 et

2149 5433 2633 5516 προσδιαλεχθεῖσα
2681 5435 2769 5490 καὶ
2818 5436 2938 5513 περὶ
3000 5436 3105 5490 τῶν
3151 5436 3410 5512 ποιμνίων
3453 5439 3618 5503 αὐτῆς
3676 5437 3805 5494 ἐπι-

403 5539 539 5583 cum
565 5522 986 5600 multiquoque
1011 5519 1108 5582 alli
1139 5521 1567 5585 conﬂuxissent
1585 5525 1872 5607 (exceptis
1895 5526 2056 5588 enim

2149 5527 2423 5603 σκήψασα,
2498 5522 2714 5581 πολλῶν
2809 5522 2864 5580 δὲ
2948 5525 3036 5583 καὶ
3114 5523 3290 5583 ἄλλων
3375 5525 3806 5606 συνερρυηκότων

481 5684 513 5732 5
541 5681 696 5743 Psal.
733 5695 849 5754 xw,
888 5680 986 5742 15.
