4066 6394
258 356 377 424 793

1114 355 1503 422 ADDENDA.
1556 388 1621 404 -
1670 357 2139 421 MARTYRIUM
2188 356 2248 419 S.
2299 356 2774 420 SEBASTIANI.

3518 351 3637 420 794

261 492 430 577 (πλὴν
474 493 574 573 γὰρ
619 492 810 573 ὀλίγων
869 501 1063 573 μικροῦ
1104 493 1300 557 πάντες
1359 495 1406 550 οἱ
1453 491 1595 566 πέριξ
1652 491 1947 570 συνέδραολ

1997 491 2314 553 admodum
2349 492 2577 573 paucis,
2610 511 2824 554 omnes
2855 491 2956 574 qui
2987 490 3379 554 circumcirca
3404 489 3636 553 habita-

257 607 362 662 μον
393 585 518 642 ὅσον
547 606 604 642 τε
635 587 692 642 ιν
723 584 972 664 ἀσκήσει,
1003 584 1092 640 καὶ
1134 582 1260 641 ὅσον
1303 583 1357 640 ἐν
1403 584 1596 662 μιγάσι
1640 584 1733 640 καὶ
1784 583 1906 640 ὅσον

254 675 312 732 ἐν
356 678 521 755 ἱεροῖς
564 675 600 744 ἢ
651 675 739 731 καὶ
799 673 975 736 ἄλλως
1007 673 1063 730 ἐν
1097 672 1400 736 πολιτικοῖς
1444 673 1562 753 ἦν),
1604 679 1904 752 κοινωφελῆ

250 767 340 822 καὶ
400 767 531 840 πρὸς
589 765 804 826 τούτους
889 763 1236 837 ποιησαμένη
1308 766 1638 840 παραίνεσιν,
1701 762 1904 843 ἐξαιρέ-

243 876 353 920 τως
399 851 454 910 δὲ
497 855 631 932 πρὸς
684 853 784 921 την
835 851 1143 932 ἀδελφιδῆν,
1203 856 1506 931 περιπαθῶς
1547 852 1682 931 ἄγαν
1711 852 1795 910 ἐπὶ
1827 856 1904 926 τῷ

242 948 517 1024 χωρισμῷ
561 943 762 1010 ταύτης
808 942 1174 1017 διακειμένην,
1209 940 1402 998 ἔπειτα
1456 943 1543 998 καὶ
1597 943 1726 1020 πρὸς
1760 942 1902 1000 πάν-

243 1056 343 1099 τας
404 1031 672 1110 ὀδυνηρῶς
733 1032 986 1112 ἔχοντας,
1045 1031 1289 1112 ἐσχάτην
1345 1032 1545 1098 ταύτην
1615 1033 1906 1090 ἀνειποῦσα

240 1123 458 1204 φωνὴν.
518 1129 604 1195 Τῷ
665 1122 837 1200 Κυρίῳ
899 1120 1094 1202 ἔδοξεν,
1159 1119 1297 1179 οὕτω
1353 1123 1441 1178 καὶ
1501 1122 1734 1197 ἐγένετο,
1810 1124 1908 1190 τὴν

239 1214 403 1292 ἁγία-ν
433 1212 641 1279 ἐκείνην
672 1214 761 1269 καὶ
791 1211 938 1290 ἱερὰν
995 1212 1170 1291 ἀφῆκε
1229 1212 1442 1291 ψυχὴν,
1489 1209 1592 1279 ἤδη
1637 1213 1755 1290 περὶ
1811 1216 1910 1280 τὴν

243 1303 497 1383 ἐσχάτην
555 1300 648 1359 τοῦ
707 1300 1035 1381 Δεκεμϐρίου
1095 1302 1290 1376 μηνὸς,
1356 1300 1507 1366 ὄντος
1567 1302 1743 1379 ίημέρᾳ
1803 1311 1912 1360 Κυ-

242 1400 438 1474 ριακῇ.
488 1401 592 1451 Τοῦ
631 1389 687 1448 δὲ
732 1393 818 1448 οιαὶ
850 1392 944 1448 τὸν
990 1393 1173 1469 νεκρὸν
1239 1391 1420 1469 ὥσπερ
1461 1391 1577 1454 ἔθος
1623 1391 1910 1471 εὐσχημό-

245 1507 338 1548 νος
399 1487 616 1550 τεθῆναι
662 1482 810 1538 οὒδὲν
861 1481 998 1546 ὅλως
1058 1481 1350 1560 ἀλλοτρίων
1402 1487 1602 1561 χειρῶν
1669 1480 1906 1557 ἐδέησεν,

244 1571 376 1630 ἀλλ’
432 1571 492 1629 αἱ
543 1593 600 1628 τε
649 1584 839 1651 χεῖρες
892 1572 1208 1646 αὐτομάτως
1262 1575 1398 1647 αὐτῇ
1442 1578 1517 1645 τῷ
1562 1572 1743 1641 στήθει
1775 1573 1912 1628 κατὰ

252 1668 460 1743 σχῆμα
516 1661 792 1735 ἐτέθησαν,
855 1662 946 1718 καὶ
998 1664 1046 1718 οἱ
1083 1660 1240 1725 πόδες
1287 1660 1432 1733 μάλα
1493 1668 1700 1736 σεμνῶς
1730 1660 1910 1718 διετά-

249 1757 454 1827 Θησαν,
498 1752 564 1808 τὰ
595 1750 832 1830 βλέφαρά
873 1773 930 1807 τε
988 1751 1168 1830 ὥσπερ
1229 1753 1300 1816 εἷς
1358 1751 1434 1807 ἔτι
1476 1757 1647 1822 ζῶσα,
1707 1751 1911 1831 εὐφυῶς

1991 581 2153 663 bant,
2191 590 2306 643 tam
2333 583 2431 663 qui
2461 601 2528 644 se
2559 583 2886 663 separatim
2921 583 3301 654 exercebant.
3331 599 3505 662 quam
3537 581 3640 662 qui

1990 672 2394 735 communiter
2423 672 2724 747 vivebant,
2761 680 2821 734 et
2853 673 3198 753 quicunque
3228 679 3398 735 erant
3426 671 3640 734 sacrati

1989 763 2242 837 ordinis,
2262 772 2438 844 atque
2470 761 2620 824 adeo
2671 763 2774 843 qui
2825 772 2993 825 erant
3024 763 3204 824 etiam
3237 763 3395 824 cives
3424 761 3643 844 oppida

1989 853 2352 934 habitantes)
2377 872 2512 920 cum
2545 853 2616 914 ad
2653 872 2756 915 eos
2780 856 2836 914 in
2862 871 3181 914 commune
3227 853 3434 914 utilem
3461 853 3642 915 fecis-

1990 952 2081 1004 set
2110 943 2180 1004 ad
2192 943 2922 1024 monitionem,praecipue
2944 960 3084 1004 vero
3101 942 3174 1003 ad
3190 943 3637 1018 consobrinam,

1994 1051 2127 1113 quae
2151 1041 2394 1113 propter
2414 1034 2542 1112 ejus
2565 1034 3002 1112 separationem
3027 1032 3198 1093 valde
3249 1038 3374 1093 erat
3399 1039 3642 1112 pertur-

1992 1121 2151 1194 bata,
2179 1131 2237 1184 et
2260 1122 2480 1184 deinde
2509 1123 2584 1184 ad
2612 1124 2950 1204 omnes,qui
2979 1122 3183 1186 dolore
3201 1121 3636 1192 afﬁciebantur,

1994 1220 2321 1274 extremam
2342 1213 2496 1273 hanc
2517 1230 2719 1274 vocem
2745 1213 2918 1273 eﬂ‘ata
2943 1233 2955 1272 :
2986 1211 3147 1274 Sicut
3175 1211 3430 1274 Domino
3447 1209 3637 1272 visum

1994 1311 2106 1376 est,
2136 1301 2216 1361 ita
2247 1301 2462 1362 factum
2493 1308 2601 1375 est,
2635 1310 2898 1362 sanctam
2924 1300 3083 1361 illam
3111 1309 3168 1361 et
3189 1318 3416 1363 sacram
3445 1297 3642 1360 emisit

1995 1391 2282 1465 animam,
2319 1390 2526 1450 ultimo
2559 1391 2655 1452 die
2683 1391 2906 1452 mensis
2925 1389 3294 1463 Decembris,
3317 1408 3452 1450 cum
3485 1397 3645 1450 esset

1996 1479 2126 1542 dies
2155 1479 2616 1544 Dominicus.Ut
2645 1489 2841 1542 autem
2875 1498 3092 1559 corpus
3114 1487 3344 1558 apte,ut
3376 1496 3504 1538 mos
3528 1485 3641 1552 est,

1994 1580 2055 1632 et
2083 1569 2304 1632 decore
2357 1579 2846 1652 componeretur,
2907 1569 3058 1631 nihil
3111 1587 3260 1650 opus
3293 1567 3403 1629 fuit
3431 1568 3644 1629 alienis

1996 1661 2296 1736 manibus,
2333 1661 2437 1723 sed
2470 1669 2527 1722 et
2577 1679 2789 1722 manus
2837 1678 2960 1721 suae
3013 1666 3226 1740 sponte
3275 1657 3501 1739 pectori
3532 1659 3646 1719 ho-

1996 1759 2165 1812 neste
2193 1760 2363 1812 erant
2387 1750 2699 1830 impositm,
2740 1749 2925 1830 pedes
2954 1757 3149 1811 autem
3192 1757 3363 1809 erant
3391 1746 3644 1827 extensi,

251 1843 397 1920 ἄγαν
460 1840 762 1920 φιλοσόφως
805 1842 1016 1916 μύσασα
1059 1841 1146 1908 ἦν.
1185 1839 1265 1897 Δι’
1321 1839 1453 1908 ὅλης
1485 1843 1571 1897 οὖν
1601 1843 1700 1908 τῆς
1730 1843 1947 1922 νυκτὸςι

1997 1849 2061 1903 ut
2091 1839 2380 1914 decebat;
2415 1840 2740 1920 supercilia
2792 1857 2930 1900 vero
2987 1837 3236 1918 perinde
3269 1855 3336 1898 ac
3367 1839 3415 1896 si
3452 1835 3647 1897 adhuc

257 1932 484 2005 ᾄσαντες
545 1930 630 1988 ἐπ’
689 1933 822 2008 αὐτῇ
884 1931 949 1987 τὰ
1007 1929 1402 2007 νενομισμένα,
1462 1930 1578 2010 ἄρτι
1638 1932 1756 2007 περὶ
1819 1933 1912 1998 τὴν

251 2021 330 2080 ἕω
360 2027 428 2098 τῇ
474 2027 548 2099 γῇ
607 2021 889 2093 κρύπτουσι
932 2023 1032 2087 τὴν
1088 2027 1192 2077 τῶν
1243 2019 1476 2098 οὖρανῶν
1520 2019 1688 2085 ὄντως
1737 2019 1908 2095 ἀξίαν,

244 2125 374 2176 τοῖς
402 2114 522 2168 hac?
576 2109 834 2186 θαλάμοις
895 2113 1138 2168 οἰκοῦσαν
1195 2111 1289 2167 καὶ
1326 2116 1420 2167 τοῦ
1479 2112 1655 2190 φωτὸς
1709 2110 1912 2169 ἐκείνου

243 2201 520 2268 διηνεκῶς
577 2199 944 2256 ἀπολαύουσαι)
1004 2201 1077 2264 εἷς
1135 2197 1286 2265 δόξαν
1351 2202 1584 2280 Πατρὸς,
1650 2203 1766 2258 ι’ἱοῦ
1825 2202 1912 2259 καὶ

241 2291 402 2370 ἁγίου
467 2289 798 2364 Πνεύματος,
861 2289 948 2347 νὸν
1007 2291 1093 2348 καὶ
1123 2288 1227 2365 ἀεὶ,
1287 2290 1372 2346 καὶ
1427 2292 1500 2354 εἷς
1559 2291 1681 2357 τοὺς
1715 2292 1908 2358 αἰῶνας

240 2387 355 2438 τῶν
387 2379 624 2441 αἰώνων.
662 2375 864 2455 Ἀμήν,

245 2663 1064 2674 _—————_———.—

1995 1931 2248 2010 viveret,
2283 1939 2421 2009 apte
2451 1936 2513 1991 et
2541 1931 2848 2007 eleganter
2877 1933 3046 1990 erant
3075 1925 3295 1990 clausa.
3324 1927 3471 1988 Cum
3505 1943 3644 2003 ergo

1998 2027 2117 2083 tota
2147 2027 2324 2082 nocte
2355 2037 2537 2099 super
2567 2038 2697 2082 eam
2747 2037 2852 2099 pro
2877 2033 3042 2079 more
3063 2016 3451 2090 cecinissent,
3486 2015 3648 2076 circa

1994 2127 2269 2173 auroram
2295 2127 2426 2171 eam
2457 2117 2632 2172 terrai
2677 2107 2981 2181 mandant,
3015 2124 3145 2188 quae
3165 2106 3329 2168 ccelis
3351 2113 3479 2168 erat
3502 2121 3646 2166 vere

1995 2199 2196 2280 digna,
2226 2207 2286 2261 et
2307 2219 2441 2277 quae
2463 2199 2586 2261 illic
2615 2199 2676 2261 in
2701 2197 2977 2261 thalamis
3009 2195 3254 2269 habitat,
3291 2205 3354 2256 et
3376 2194 3509 2256 luce
3543 2194 3646 2256 illa

1993 2289 2229 2354 assidue
2257 2289 2501 2372 fruitur,
2533 2290 2606 2352 ad
2637 2289 2885 2371 gloriam
2920 2286 3111 2352 Patris
3143 2294 3202 2348 et
3232 2285 3364 2348 Filii
3397 2293 3454 2347 et
3501 2283 3643 2364 Spi-

1989 2381 2139 2443 ritus
2173 2381 2384 2457 sancti,
2421 2399 2577 2453 nunc
2609 2389 2664 2444 et
2693 2396 2934 2462 semper
2966 2385 3022 2440 et
3046 2375 3110 2439 in
3139 2375 3355 2439 saecula
3382 2373 3645 2437 saeculo-

1987 2489 2144 2534 rum.
2179 2471 2403 2534 Amen.

1073 2645 3632 2682 Μ

1256 2801 2626 3006 ADDENDA.

948 3327 1714 3480 MENSUS
1863 3333 2958 3484 JANUARIUS

510 3754 1162 3858 ΜΑΡΤΥΡΙΟΝ
1237 3758 1462 3845 ΤΟΥ
1534 3763 1866 3848 ΔΓΙΟΥ
1936 3765 1947 3846 l

1997 3765 2122 3848 ;AI
2184 3765 2724 3854 ΕΝΔΟΞΟΥ
2790 3763 3388 3850 ΜΑΡΤΥΡΟΣ

1202 3994 1206 3998 ’
1298 3971 2583 4106 ΣΕΒΑΣΤΙΑΝΟΥ.

640 4398 1314 4487 MARTYBIUM

1413 4400 1813 4487 SANCTI
1913 4403 2048 4486 ET
2148 4402 2598 4490 INCLYTI
2702 4400 3276 4489 MARTYRIS

1341 4603 2581 4771 SEBASTIANI

913 4845 1010 4910 ET
1055 4842 1230 4912 EJUS
1289 4842 1680 4918 SOCIORUM,
1730 4835 1932 4921 ZOES,
1978 4847 2336 4911 TRAGLINI
2392 4845 3017 4927 [TRANQUILLINI],

587 4951 1075 5032 NICOSTRATI,
1151 4952 1470 5034 CLAUDII,
1537 4954 1924 5028 CASTORIS,

1995 4954 2352 5038 TlBURTlI,
2400 4955 2780 5032 CASTULLI,
2858 4950 3340 5028 MARCELLINI,

1750 5061 1846 5124 ET
1891 5061 2156 5129 MARCI.

962 5243 1165 5313 (Latine
1193 5261 1275 5318 ap.
1306 5241 1513 5300 Surium
1542 5241 1602 5298 ad
1631 5241 1765 5298 diem
1795 5240 1865 5299 20
1894 5242 2105 5301 Ianuar.
2138 5243 2310 5301 Graece
2349 5261 2409 5301 ex
2441 5243 2553 5300 cod.
2593 5241 2754 5301 Paris.
2801 5240 2983 5312 1195.)

343 5548 438 5612 Α¹.
487 5549 710 5608 Πολλῶν
741 5551 876 5610 κατὰ
904 5549 1190 5631 διαφόρους
1254 5553 1466 5632 καιροὺς
1515 5552 1652 5611 κατὰ
1697 5556 1922 5624 Χριστοῦ

260 5641 352 5698 καὶ
406 5643 515 5697 τῶν
571 5640 773 5698 ἐκείνου
816 5641 1096 5716 μανέντων
1166 5645 1525 5723 θεριιίἰευτῶν²
1589 5641 1919 5710 Διοκλητια-

265 5730 355 5796 νὸς
403 5733 492 5791 καὶ
553 5728 882 5811 Μαξιμιανὸς
938 5733 973 5802 ἡ
1032 5730 1293 5815 ἐπίσημος
1355 5733 1412 5792 ἂν
1454 5747 1646 5801 κακοῖς
1704 5732 1917 5813 ξυνωρὶς

2085 5548 2129 5610 Ι.
2163 5550 2311 5611 Cum
2376 5548 2543 5610 multi
2603 5548 2854 5612 diversis
2920 5542 3314 5626 temporibus,
3369 5538 3657 5626 adversus

2003 5639 2300 5704 Christum
2332 5647 2391 5701 et
2444 5639 2728 5702 adversus
2780 5637 2943 5700 illius
2993 5625 3255 5696 asseclas
3302 5625 3661 5691 insanierint

2000 5728 2408 5797 Diocletianus
2436 5739 2496 5792 et
2518 5727 2932 5802 Maximianus,
2980 5723 3044 5786 in
3077 5721 3246 5785 malis
3279 5735 3386 5812 par
3415 5717 3651 5802 impro~
