4066 6414
411 351 532 421 795
1591 358 1974 424 ADDENDA.
2043 392 2120 405 -—
2181 356 2632 424 JANUARIUS.
3679 347 3802 419 796

408 488 576 560 bum,
602 496 816 548 tantum
839 503 1039 549 omnes
1065 489 1208 549 alios
1224 498 1565 563 superarunt
1586 493 1644 549 in
1676 491 2041 563 producenda

2144 494 2290 554 τλέον
2350 501 2458 552 τῶν
2507 493 2685 551 ἄλλων
2723 494 2795 558 εἷς
2831 498 3080 552 τοσοῦτον
3129 491 3216 549 τόν
3260 491 3378 549 καθ’
3407 493 3564 568 ἡμῶν
3596 489 3801 558 ἐξέτει-

407 575 471 638 in
504 596 610 638 nos
633 578 1054 658 persecutione
1085 586 1146 638 ut
1173 578 1398 638 nullum
1440 579 1695 658 posteris
1723 579 1914 640 locum
1949 597 2052 640 νο·-

2144 608 2228 642 ναν
2282 584 2526 663 διωγμὸν
2566 633 2582 660 ,
2648 585 2719 649 ὡς
2799 582 2985 659 μηδενὶ
3055 589 3160 639 τῶν
3217 583 3435 640 πώποτε
3496 582 3803 660 γενομένων

410 669 715 748 liquerint,
749 691 865 752 quo
920 691 1024 733 eos
1055 673 1113 732 in
1146 671 1348 734 furore
1381 678 1622 749 possent
1653 671 2043 733 antecellere.

2144 675 2421 732 ἂπολιπὼν
2467 674 2659 750 μανίας
2707 672 3009 751 ὒπερϐολήν
3043 692 3058 708 ⁸
3121 673 3219 739 τὴν
3268 673 3365 751 γὰρ
3413 672 3663 750 τύραννον
3696 673 3800 747 ἆρ-

410 762 563 825 Nam
616 781 747 823 cum
801 761 1030 843 tyranni
1076 761 1456 842 accepissent
1508 761 1850 842 imperium,
1895 761 2052 843 quod

2144 767 2244 844 χὴν
2289 765 2676 841 συναιρομένην
2712 765 2890 827 αὺτοῖς
2925 768 3022 829 τῆς
3073 763 3328 827 ἀπονοίας
3390 761 3636 842 ἔχοντες,
3672 760 3801 839 ἐφι-

411 851 847 929 suifragabatur
875 869 1080 913 eorum
1132 850 1431 923 amentiae,
1483 857 1541 911 et
1592 869 1808 912 secure
1855 852 2056 913 omnia

2144 854 2406 911 λονείκουν
2470 861 2598 911 πᾶσι
2655 853 2870 931 τρόποις
2929 860 3024 909 τοῦ
3089 852 3240 916 ὄντος
3287 860 3418 909 Θεοῦ
3461 854 3523 908 τὸ
3558 852 3800 920 ὑπήκοον

410 941 718 1016 auderent,
755 939 1194 1003 contendebant
1246 939 1460 1020 partim
1516 940 1756 1021 qui-lem
1819 940 2057 1003 blandi-

2144 944 2470 1023 ἀποστῆσαι,
2514 945 2601 1000 καὶ
2671 944 2732 999 τὸ
2781 947 2880 1009 τῆς
2942 941 3183 1004 ἀσεϐείας
3231 940 3591 1008 ἀναδείξασθαι
3654 941 3796 1018 κρά-

413 1031 510 1092 tiis
542 1041 597 1092 et
629 1033 827 1095 verbis
875 1031 1210 1107 fallacibus,
1247 1033 1459 1114 partim
1515 1041 1713 1094 autem
1771 1033 1951 1094 minis
1999 1041 2058 1094 et
2141 1055 2254 1096 τος.

411 1123 597 1204 plagis
648 1126 1035 1205 gravissimis,
1070 1145 1173 1188 eos
1218 1127 1318 1206 qui
1359 1125 1609 1206 subjecti
1643 1134 1812 1186 erant
1859 1126 2094 1188 illorum
2143 1127 2396 1207 imperio
2448 1145 2482 1188 a
2534 1128 2657 1190 Deo
2709 1145 2848 1188 vero
2897 1126 3223 1208 abducere,
3258 1134 3317 1187 et
3369 1126 3441 1188 ad
3473 1123 3803 1205 impietatis

410 1214 698 1276 ditionem
735 1217 1076 1278 traducere.
1110 1214 1343 1296 Ubique
1377 1215 1574 1295 itaque
1607 1233 1713 1294 per
1753 1232 1924 1276 suum
1961 1216 2354 1297 principatum
2389 1235 2492 1277 eos
2519 1235 2729 1278 omnes
2760 1217 3350 1292 comprehendentes
3381 1215 3481 1296 qui
3512 1213 3805 1276 Christia-

411 1321 544 1364 nam
581 1303 900 1367 tuebantur
928 1305 1303 1384 religionem,
1335 1305 1396 1365 in
1429 1305 1727 1366 custodias
1785 1305 2157 1368 tradiderant
2189 1315 2247 1368 et
2275 1324 2574 1386 carceres,
2609 1315 2672 1368 ut
2705 1306 2985 1388 paulatim
3041 1307 3179 1367 torti
3214 1306 3500 1386 majorem
3551 1319 3800 1367 sensum

411 1405 698 1473 caperent
751 1395 1160 1476 perpessionis
1195 1412 1208 1456 :
1247 1402 1300 1456 et
1337 1395 1617 1476 pietatem
1663 1395 1904 1475 quidem
1935 1407 2236 1476 negantes,
2272 1396 2543 1459 viderent
2575 1398 2726 1459 hanc
2771 1397 2990 1475 lucem,
3027 1397 3083 1458 in
3117 1415 3236 1458 non
3289 1405 3566 1478 parentes
3597 1401 3803 1456 autem

413 1483 624 1544 mortis
654 1484 914 1546 ferretur
943 1488 1264 1547 sententia.

489 1575 564 1638 Il.
600 1577 745 1640 Cum
771 1579 897 1639 haec
929 1579 1014 1640 sic
1051 1577 1529 1658 tierentquidam
1563 1577 2057 1652 Sebastianus,vir

2235 1581 2322 1642 B'.
2359 1583 2569 1640 Τούτων
2601 1584 2738 1640 οὕτω
2768 1583 3060 1661 γινομένων
3109 1580 3463 1643 Σεδαστιανος
3511 1602 3619 1659 τις,
3664 1578 3803 1656 ἀνὴρ

412 1673 473 1726 et
501 1683 726 1746 genere
757 1668 953 1730 clarus
985 1676 1044 1730 et
1075 1667 1265 1746 gloria
1321 1667 1597 1746 insignis,
1633 1677 1802 1729 ortus
1837 1669 2057 1729 Medio-

2149 1672 2236 1728 καὶ
2282 1671 2423 1750 γένει
2456 1674 2751 1751 περιφανὴς
2795 1674 2885 1728 καὶ
2946 1670 3069 1747 δόξῃ
3130 1669 3504 1747 περίϐλεπτος,
3556 1673 3657 1734 τῆς
3694 1675 3805 1724 Με-

411 1759 532 1820 lani
563 1759 670 1836 (ll,
709 1759 969 1838 tyrannis
999 1767 1129 1819 erat
1159 1757 1308 1819 adeo
1342 1758 1742 1833 venerandus,
1772 1759 1928 1838 quod
1966 1760 2054 1819 vi—

2144 1758 2392 1816 διολάνων
2421 1761 2754 1838 ὁρμώμενος,
2804 1769 3054 1818 τοσοῦτον
3105 1774 3222 1820 τοῖς
3270 1761 3539 1836 τυράννοις
3589 1755 3798 1814 αἰδέσι-

412 1847 654 1909 deretur
683 1849 743 1909 in
775 1847 1053 1909 omnibus
1082 1847 1170 1908 vir
1199 1855 1505 1928 spectatus
1560 1857 1619 1909 et
1651 1847 1955 1928 probatus,
1995 1857 2059 1909 nt

411 1947 950 2000 connumeraretur
971 1937 1127 2000 inter
1147 1937 1373 1999 amicos
1404 1937 1812 2012 fidissimos,et
1838 1939 2060 2017 primas

412 2038 612 2110 partes
644 2036 876 2090 teneret
901 2027 960 2089 in
991 2045 1240 2089 numero
1266 2026 1526 2088 militari.
1563 2029 1616 2088 ls
1647 2046 1779 2088 cum
1806 2028 2056 2090 didicis-

410 2127 502 2180 set
531 2136 728 2180 veram
764 2117 904 2180 tidei
935 2118 1326 2192 rationem,et
1346 2116 1521 2178 vellet
1544 2136 1661 2178 non
1687 2115 1879 2178 solum
1904 2119 2060 2198 seip-

411 2229 566 2284 sum,
603 2209 707 2270 sed
761 2213 937 2270 etiam
998 2207 1148 2269 alios
1178 2207 1248 2268 ad
1285 2205 1586 2268 Christum
1617 2207 1920 2269 adducere
1955 2227 2060 2288 per

413 2297 787 2378 martyrium,
818 2297 1144 2358 conabatur
1170 2294 1413 2375 quidem
1455 2295 1514 2356 in
1551 2295 1840 2376 principio
1873 2295 2059 2359 latere

415 2397 474 2450 et
499 2407 563 2450 se
595 2387 815 2460 celare,
849 2405 966 2448 non
999 2385 1156 2466 quod
1217 2385 1458 2446 timeret
1489 2386 1811 2462 cruciatus,
1846 2388 1954 2447 sed
1995 2397 2058 2448 ut

416 2497 550 2540 cum
577 2475 956 2539 simulatione
977 2476 1325 2538 crederetur
1357 2475 1597 2556 impius,
1635 2483 1792 2537 esset
1823 2493 1889 2536 re
1921 2494 2061 2538 vera

413 2569 629 2649 aliptes
654 2566 1028 2646 Christianis,
1062 2579 1119 2627 et
1166 2565 1254 2627 sic
1283 2565 1608 2644 permultos
1639 2565 1952 2627 induceret
1983 2567 2052 2626 ad

2143 1871 2242 1924 μος
2271 1850 2336 1917 ἦν
2368 1849 2450 1906 δια
2482 1852 2580 1918 τὴν
2611 1854 2769 1908 αὖτοῦ
2799 1849 3128 1925 δοκιμότητα
3157 1852 3229 1912 ὡς
3279 1862 3396 1911 τοῖς
3452 1847 3802 1909 πιστοτάτοις

2141 1939 2307 2019 φίλοις
2367 1940 2786 2020 ἐναριθμεϊσθαι,
2863 1943 2948 1997 καὶ
3007 1948 3099 1996 τοῦ
3183 1946 3566 2018 στρατιωτικοῦ
3626 1957 3803 1993 κατα-

2139 2030 2303 2107 λόγου
2340 2030 2642 2108 προτελεϊν,
2703 2034 2867 2094 Οὗτος
2925 2032 3018 2087 τὸν
3074 2031 3253 2109 ὑγιοῦς
3316 2033 3416 2095 τῆς
3451 2029 3681 2088 πίστεως
3712 2023 3799 2081 δι-

2140 2117 2354 2198 δαχθεὶς
2442 2120 2601 2198 λόγον
2679 2122 2770 2177 καὶ
2852 2119 3177 2197 βουλόμενος
3256 2119 3391 2194 μετᾶ
3464 2119 3548 2174 καὶ
3621 2115 3803 2172 ἄλλων

2141 2207 2402 2266 πλειόνων
2465 2212 2826 2289 ὑπεραθλῆσαι
2874 2216 3100 2287 Χριστοῦ
3162 2205 3285 2265 κατ’
3347 2207 3520 2287 ἀρχὰς
3579 2204 3800 2265 ἔσπευδε

2140 2297 2441 2380 λανθάνειν,
2479 2303 2536 2357 οὗ
2564 2303 2660 2364 τας
2691 2302 2947 2379 τιμωρίας
2999 2298 3274 2379 δεδοικὼς³
3336 2297 3474 2354 ἀλλὰ
3536 2295 3685 2360 ὅπως
3731 2301 3802 2370 τῇ

2139 2389 2408 2467 ὑποκρίσει
2493 2393 2566 2452 ὡς
2653 2389 2909 2457 δυσσεϐὴς
2989 2391 3394 2465 πιστευόμενος,
3475 2385 3800 2450 διδάσκαλος

2142 2476 2233 2544 εἴη
2293 2485 2390 2546 τῆς
2447 2479 2695 2548 ἀληθείας
2745 2489 3104 2556 Χριστιανοΐς,
3160 2481 3248 2536 καὶ
3292 2478 3522 2541 πολλοὺς
3555 2477 3800 2534 ἐντεῦθεν

2141 2567 2318 2646 ἐνάγοι
2353 2572 2479 2648 πρὸς
2511 2571 2608 2638 τὴν
2641 2570 2931 2632 εὖσέϐειαν,

416 2663 725 2744 pietatem.
784 2661 927 2723 Cum
969 2677 1105 2722 vero
1155 2659 1434 2721 evasisset
1467 2667 1734 2740 tempore
1765 2659 2044 2722 omnibus
2105 2663 2480 2738 manifestus,
2514 2674 2570 2725 et
2602 2673 2938 2746 postremus
2975 2662 3235 2742 martyrii
3265 2659 3541 2723 subiisset
3598 2668 3802 2722 certa-

417 2771 580 2826 men,
616 2752 790 2830 longe
851 2750 1314 2830 pulcherrimam
1361 2759 1670 2812 assecutus
1726 2759 1813 2814 est
1873 2751 2202 2831 victoriam,
2264 2775 2396 2837 quae
2440 2755 2594 2816 bona
2647 2754 2909 2817 coelestia
2966 2753 3021 2815 ei
3085 2752 3442 2816 conciliavit.
3493 2750 3611 2815 Sed
3671 2751 3803 2814 hanc

415 2842 655 2925 quidem
693 2850 918 2922 postea.

489 2935 764 3010 Ill,Tnnc
791 2945 985 2999 autem
1009 2935 1431 3016 quando,sicut
1463 2935 1686 2998 dictum
1722 2944 1833 3017 est,
1862 2956 2048 2999 cona-

2215 2941 2293 3003 I".
2344 2951 2470 3006 Τοῖς
2539 2940 2918 3020 δεσμωτηρίοις
2977 2941 3076 3019 γὰρ
3135 2939 3392 3019 προσιὼν,
3456 2938 3578 2995 ἔνθα
3648 2939 3798 3008 ἰτη-

413 3026 587 3090 batur
619 3027 825 3104 latere,
863 3035 922 3090 et
944 3026 1221 3122 ﬁngebat
1253 3043 1314 3087 se
1345 3043 1414 3087 ea
1445 3026 1737 3122 honorare
1771 3046 1903 3104 qua:
1933 3027 2051 3087 im-

2144 3039 2322 3108 ροῦντο
2405 3030 2519 3087 ὅσοι
2592 3037 2921 3109 Χριστιανῶν
3007 3028 3392 3110 συλληφθέντες
3472 3029 3795 3109 ἐτύγχανον,

417 3125 750 3199 peratores,
780 3117 1074 3179 accedens
1110 3116 1168 3178 in
1191 3132 1467 3177 carceres
1499 3116 1555 3175 in
1587 3115 1802 3195 quibus
1847 3135 2054 3178 serva-

415 3208 632 3269 bantur
663 3207 1008 3288 quicunque
1035 3215 1204 3268 erant
1234 3211 1386 3286 capti
1421 3223 1491 3266 ex
1537 3205 1910 3280 Christianis,
1948 3206 2058 3286 piis

415 3315 520 3358 eos
552 3296 750 3358 verbis
783 3296 1208 3358 adhortabatur
1225 3295 1294 3355 ad
1321 3293 1703 3373 suscipienda
1734 3296 2062 3360 certamina

417 3387 706 3466 martyrii,
731 3395 1084 3465 praesentem
1109 3391 1281 3446 vitam
1309 3402 1440 3444 cum
1470 3384 1665 3446 futura
1683 3404 2054 3464 comparans,

413 3484 471 3536 et
504 3475 764 3536 suadens
798 3476 950 3536 hanc
1001 3475 1246 3556 quidem
1283 3483 1667 3536 contemnere
1699 3483 1760 3536 ut
1791 3475 2056 3552 fragilem

414 3573 474 3628 et
511 3564 705 3626 morbi
734 3565 1074 3639 obnoxiam,
1112 3563 1272 3624 illam
1306 3573 1500 3626 autem
1535 3565 1717 3625 solam
1753 3564 1969 3626 intueri
2004 3573 2061 3626 et

414 3655 618 3718 omnia
651 3655 843 3716 facere
883 3674 957 3716 ne
987 3654 1334 3716 exciderent
1386 3673 1419 3715 a
1477 3653 1649 3715 bonis
1682 3655 1740 3715 in
1775 3674 1910 3734 quae
1940 3674 2057 3716 non

415 3744 573 3806 cadit
604 3744 904 3807 interitus.
942 3745 1050 3808 His
1084 3743 1278 3805 verbis
1311 3752 1366 3804 et
1398 3744 1614 3806 multos
1646 3745 1886 3824 quidem
1910 3745 2056 3807 alios

414 3834 667 3912 induxit,
718 3844 778 3896 ut
807 3855 938 3917 quae
967 3841 1106 3896 sunt
1150 3835 1343 3912 gravia
1377 3841 1434 3893 et.
1461 3851 1673 3914 aspera
1702 3834 1926 3896 ferrent
1956 3855 2057 3896 us-

415 3943 528 4004 que
561 3924 632 3986 ad
669 3934 943 4002 mortem,
981 3934 1037 3987 et
1069 3944 1187 3986 non
1226 3924 1546 4004 perderent
1597 3931 1877 4005 pietatem
1907 3944 1922 4000 ;
1955 3925 2059 4002 qui

414 4023 608 4075 autem
632 4023 801 4075 erant
825 4033 1045 4092 genere
1065 4022 1121 4076 et
1146 4015 1355 4094 opibus
1375 4015 1639 4075 omnium
1675 4015 1990 4078 clarissimi
2017 4016 2058 4077 ii

412 4106 651 4166 fuerunt
678 4105 1053 4166 Marcellinus
1087 4113 1146 4166 et
1174 4104 1428 4179 Marcus,
1457 4124 1706 4186 quorum
1736 4115 1900 4185 pater
1920 4105 2056 4187 qui-

2141 3120 2320 3200 λόγοις
2353 3122 2539 3184 αὖτοὺς
2599 3119 2835 3177 εὖσεϐἑσι
2895 3122 3021 3198 πρὸς
3083 3120 3204 3182 τοὺς
3261 3117 3446 3184 ἄθλους
3508 3121 3602 3174 τοῦ
3649 3142 3791 3196 μαρ-

2141 3211 2314 3289 τυρίου
2361 3210 2646 3289 ὑπήλειφε,
2694 3211 2887 3266 πείθων
2931 3213 3022 3266 τοῦ
3075 3209 3172 3284 μέν
3232 3211 3492 3286 παρόντος
3551 3210 3666 3285 βίου
3721 3211 3794 3274 ὡς

2142 3299 2398 3378 ἐπικήρου
2456 3313 2835 3379 καταφρονεῖν,
2895 3301 3023 3377 πρὸς
3073 3301 3166 3357 τὸν
3224 3297 3492 3373 μέλλοντα
3544 3296 3596 3354 δὲ
3628 3300 3799 3374 μόνον

2142 3390 2291 3466 ὃρᾷν,
2348 3391 2431 3446 καὶ
2489 3390 2740 3469 πράττειν
2797 3389 2968 3446 πέντα
3021 3389 3165 3455 ὅπως
3225 3387 3287 3444 ἂν
3344 3394 3448 3445 τῶν
3504 3388 3794 3463 ἀκηράτων

2146 3482 2224 3555 μὴ
2282 3478 2638 3557 διαμάρτωσιν
2695 3479 2930 3557 ἀγαθῶν.
2979 3479 3197 3540 Τούτοις
3230 3479 3353 3542 τοῖς
3410 3478 3606 3555 ῥήμασι
3649 3475 3793 3533 πολ-

2140 3569 2262 3635 λοὺς
2315 3569 2410 3644 μὲν
2467 3570 2555 3625 καί
2612 3568 2803 3633 ἄλλους
2855 3572 3088 3647 ὅπήγετο
3142 3569 3240 3634 ἕως
3272 3569 3494 3626 θανάτου
3525 3580 3642 3629 τοῖς
3672 3565 3792 3623 δει-

2142 3673 2256 3724 νοῖς
2315 3659 2655 3737 ἐγκαρτερεῖν
2690 3676 2704 3690 ⁸
2741 3675 2789 3716 οι
2833 3659 2886 3714 δὲ
2920 3660 3136 3714 πάντων
3179 3657 3263 3715 διὰ
3293 3659 3444 3737 γένος
3489 3661 3581 3714 καῖ
3620 3655 3794 3713 πλοῦς

2139 3772 2228 3805 τον
2283 3751 2671 3824 ἐπισημότατοι
2761 3747 3125 3826 Μαρκελλῖνος
3187 3751 3272 3806 καὶ
3351 3749 3562 3826 Μάρκος
3624 3748 3793 3826 ἦσαν,

2143 3841 2340 3917 πατρὸς
2400 3840 2498 3914 μὲν
2554 3839 2933 3918 Τραγκυλινοῦ,
2994 3841 3196 3917 μητρὸς
3252 3837 3304 3894 δὲ
3367 3839 3626 3915 Μαρκίας,
3687 3839 3794 3918 οὐχ

2142 3931 2300 3998 ἧττον
2360 3928 2572 4010 ἀδελφοὶ
2626 3931 2725 3996 τὴν
2771 3929 3070 4006 προαίρεσιν
3131 3927 3453 4006 δεδειγμένοι
3487 3928 3521 3996 ἢ
3569 3927 3634 3983 τὰ
3675 3928 3791 3982 σώ-

2143 4043 2306 4095 ματα.
2346 4023 2442 4083 Οἷς
2477 4020 2612 4093 μετᾶ
2653 4021 2752 4087 τὴν
2786 4020 3000 4099 χρόνιον
3050 4017 3308 4095 κάθειρξιν
3364 4018 3457 4075 καί
3511 4019 3612 4084 τὴν
3660 4016 3791 4072 πολ-

2143 4109 2244 4176 λὴν
2287 4111 2392 4166 τῶν
2435 4110 2679 4185 βασάνων
2711 4111 2874 4188 φορὰν
2918 4107 3020 4176 ἤδη
3064 4115 3132 4185 τῇ
3174 4107 3450 4179 τελευταίᾳ
3493 4105 3787 4183 μέλλουσιν

410 4195 545 4256 dem
581 4202 705 4256 erat
735 4194 1202 4276 Tranquillinus,
1250 4202 1439 4256 mater
1469 4213 1604 4256 vero
1637 4196 1855 4257 Marcia
1884 4213 1899 4270 ;
1932 4214 2048 4256 non

2144 4199 2423 4276 ὗπάγεαθαι
2480 4207 2571 4257 τοῦ
2627 4197 2800 4278 ξίφους
2863 4205 3049 4277 πληγῇ
3097 4199 3411 4278 Χρωμάτιος
3465 4201 3492 4253 ὁ
3543 4202 3643 4264 τῆς
3674 4199 3787 4254 πό-

411 4283 605 4345 minus
637 4293 835 4348 autem
869 4285 1108 4346 fuerunt
1141 4290 1269 4346 vitae
1319 4285 1586 4347 instituto
1621 4286 1835 4346 fratres
1869 4303 2048 4365 quam

2144 4291 2268 4352 λεως
2324 4288 2586 4369 ἔπαρχος,
2642 4292 2962 4366 προθεσμίας
3017 4289 3221 4368 ἡμέρας
3292 4289 3582 4368 τριὸίκοντα
3642 4287 3788 4361 δοὺς,

407 4374 1011 4454 corporibusQuibus
1031 4392 1190 4453 cum,
1224 4382 1531 4454 postquam
1550 4375 1652 4435 diu
1674 4375 1924 4436 fuissent
1954 4375 2052 4433 in—

2144 4377 2346 4434 ἒκέλευε
2405 4380 2604 4443 πάντας
2671 4379 2786 4444 τοὺς
2833 4380 2968 4435 κατὰ
3013 4379 3164 4456 γένος
3245 4379 3425 4440 αὒτοϊς
3489 4379 3794 4455 προσῆκον.

408 4465 556 4526 clusi
589 4466 644 4524 in
674 4482 936 4537 carcere,
970 4472 1028 4524 et
1087 4465 1339 4542 plurima
1373 4472 1802 4525 tormentorum
1837 4481 2056 4541 genera

2144 4487 2230 4528 τας
2289 4466 2620 4544 ἀφικνεῖσθαι
2652 4469 2740 4523 καὶ
2769 4470 2981 4533 τούτους
3014 4468 3166 4547 δρᾷν,
3217 4471 3290 4531 ὡς
3350 4465 3412 4522 ἂν
3465 4475 3541 4541 τῷ
3601 4465 3788 4546 χρόνῳ

410 4555 822 4635 pertulissent,
855 4555 1058 4633 etjam
1091 4554 1362 4616 ultimam
1400 4556 1625 4636 plagam
1657 4554 1832 4634 gladii
1854 4563 2057 4616 essent

2144 4557 2227 4610 καὶ
2280 4569 2401 4620 ταῖς
2489 4558 2754 4636 οἰμωγαῖς
2814 4565 2918 4614 τῶν
2997 4555 3310 4623 ἐπιτηδείων
3369 4557 3787 4632 μαλακισθέντες

407 4645 1121 4724 accepturi,Cl1romatius
1150 4646 1464 4724 praefectus
1486 4646 1653 4706 urbis
1687 4644 1760 4704 iis
1792 4644 2057 4705 dedisset

2144 4644 2324 4700 ἐνδῶσι
2367 4646 2494 4724 πρὸς
2526 4647 2624 4715 τὴν
2656 4645 2982 4709 δυσσέϐειαν.

409 4738 666 4814 spatium
729 4737 965 4816 triginta
1021 4737 1490 4819 dierum,jussit
1547 4756 1755 4798 omnes
1787 4736 2078 4798 accedere
2136 4738 2236 4817 qui
2284 4737 2355 4798 ad
2405 4755 2509 4799 eos
2563 4757 2786 4817 genere
2816 4739 3170 4820 attinebant,
3205 4747 3264 4801 et
3321 4741 3409 4801 eis
3464 4737 3665 4800 venire
3725 4736 3789 4798 in

409 4835 820 4906 conspectum,
858 4837 921 4888 ut
952 4835 1222 4909 tempore
1253 4840 1313 4892 et
1345 4828 1822 4889 necessariorum
1859 4845 2102 4889 suorum
2140 4827 2351 4890 molliti
2381 4829 2724 4912 ejulatibus,
2751 4831 3038 4912 impietati
3069 4829 3498 4894 concederent.

491 4923 588 4983 IV.
625 4920 768 4984 Cum
793 4940 929 5003 ergo
955 4925 1079 4986 haec
1103 4924 1253 4985 facta
1276 4931 1474 4986 essent
1501 4931 1559 4983 et
1601 4941 1809 4983 omnes
1845 4941 2052 4984 acces-

2220 4923 2300 4986 Δ’.
2340 4927 2436 4984 Καὶ
2495 4931 2704 5004 πρῶτος
2759 4931 2785 4983 ὁ
2832 4928 3008 5003 πατὴρ
3064 4927 3118 4982 ἐν
3162 4925 3282 5001 ὄψει
3333 4925 3620 5003 γενόμενος
3681 4925 3791 4981 τῶν

409 5011 650 5087 sissent,
690 5020 855 5093 pater
884 5015 1124 5094 quidem
1157 5013 1215 5074 in
1248 5022 1570 5092 conspectu
1599 5011 1853 5072 ﬁliorum
1888 5032 2052 5074 suam

2144 5015 2261 5070 aich
2320 5016 2415 5082 τὴ)
2473 5015 2718 5072 ἀπαιδίαν
2756 5015 3005 5096 ὠδύρετο,
3062 5017 3148 5080 Τίς
3197 5038 3312 5091 μοι,
3361 5017 3405 5068 ὦ
3454 5015 3638 5088 τέκνα,
3691 5014 3793 5071 λέ-

411 5101 668 5163 deﬂebat
700 5103 1257 5179 o_rbilatem,diccns
1290 5104 1388 5163 illa
1423 5101 1606 5162 verba
1639 5103 1998 5165 miserabilia
2039 5124 2051 5165 :

2144 5128 2272 5183 γων,
2334 5105 2625 5183 βακτῆριυν
2679 5114 2770 5162 τοῦ
2830 5109 3011 5183 γήρως
3052 5108 3387 5184 γενήσεταις
3440 5105 3528 5167 Τίς
3581 5106 3794 5163 ἀποθα-

411 5191 556 5263 Quis
579 5212 613 5254 o
638 5192 763 5268 lilii,
805 5193 916 5254 crit
965 5194 1109 5255 mihi
1137 5193 1379 5254 baculus
1402 5192 1929 5265 senectutis?Quis
1961 5212 2055 5254 me

2144 5195 2294 5250 νόντα
2355 5195 2711 5273 περιστελεῖ;
2759 5197 2845 5261 Τίς
2894 5197 3045 5252 δώσει
3078 5197 3218 5274 ταφῇ
3249 5218 3310 5252 το
3355 5197 3604 5253 ταπεινὸν
3636 5203 3796 5255 τοῦτο

410 5289 706 5344 mortuum
732 5283 1231 5362 componet?Quis
1255 5281 1367 5343 hoc
1389 5281 1670 5342 miserum
1688 5290 1738 5342 et
1755 5282 2048 5362 ahjectum

2144 5287 2220 5340 καὶ
2273 5283 2610 5362 ταλαίπωρον
2670 5293 2876 5361 odium;
2926 5287 3006 5351 Τίς
3057 5284 3344 5352 διαδέξεται
3403 5288 3496 5342 τὸν
3526 5286 3785 5361 ὑμέτερον

410 5389 625 5452 corpus
641 5372 1308 5450 mandabitsepulturm?
1324 5371 1690 5434 Miseremini
1719 5373 1896 5448 mei,o
1921 5374 2048 5448 ﬁlii,

2144 5373 2382 5451 κλῆρον;
2447 5373 2741 5452 Οἰκτείρατ’
2805 5375 2924 5450 ἐμὲ,
2985 5376 3030 5431 ὦ
3087 5375 3322 5456 παῖδες,
3387 5375 3632 5454 φείσασθε
3681 5383 3785 5446 τῆς

408 5481 558 5543 quos
587 5464 787 5543 genui,
812 5480 958 5542 quos
989 5461 1127 5537 alui,
1159 5481 1306 5543 quos
1329 5462 1398 5524 ad
1427 5463 1579 5525 hanc
1605 5481 1794 5539 mque
1817 5471 2050 5524 {etatem

2144 5465 2385 5530 νεότητος
2442 5465 2530 5520 καὶ
2583 5470 2682 5531 τῆς
2741 5466 2880 5535 ὥρας
2961 5467 3130 5538 ὑμῶν,
3207 5471 3294 5534 an.
3374 5463 3628 5545 παρίδητε
3686 5469 3788 5544 ἐμὲ

491 5643 564 5719 (1)
596 5640 659 5704 S.
686 5638 1105 5702 Sebastianum
1130 5640 1407 5705 Narbone
1428 5639 1745 5702 oriundum
1770 5641 2088 5704 Mediolani
2108 5661 2246 5704 vero
2277 5643 2588 5706 educatum
2609 5643 2789 5708 liabet
2809 5645 3122 5708 Baronins.
3147 5648 3209 5709 S.
3240 5645 3520 5709 Ambros.
3548 5645 3608 5708 in
3625 5647 3786 5714 Psal.

407 5738 606 5797 cxvul,
645 5737 827 5782 serm.
863 5721 942 5783 ‘20
969 5731 1029 5785 et
1061 5723 1162 5788 alii
1187 5733 1350 5808 patre
1380 5722 1781 5804 Narbonensi,
1813 5733 1872 5785 et
1902 5733 2090 5787 matre
2121 5723 2576 5805 Mediolanensi,
2612 5735 2811 5790 natum
2842 5726 3161 5794 Mediolani
3191 5735 3486 5792 astruunt.
