4066 6434
272 386 386 452 797

1113 393 1585 457 MARTYRIUM
1629 393 1689 457 S.
1739 392 2192 458 SEBASTIANI
2238 393 2335 457 ET
2399 391 2801 458 SOCIORUM.

3532 395 3652 466 798

269 524 368 600 μὲν
424 527 628 605 ἔρημοι
684 523 887 584 παίδων
941 526 1250 606 γενόμενον,
1298 529 1396 596 τὴν
1451 527 1506 585 δὲ
1565 530 1732 587 οἰκίαν
1787 529 1908 608 πρὸς

2001 527 2283 607 produxi.
2309 526 2427 591 Cur
2458 533 2714 590 mortem
2745 525 3176 609 amplectimini
3208 529 3654 594 voluntariam?

266 614 577 692 ἀλλοτρίους
638 615 968 693 μεταϐᾶσαν,
1024 619 1112 675 καὶ
1161 619 1298 684 ἴσως
1357 620 1479 682 τοὺς
1551 619 1926 698 μισουμένους,

265 707 362 764 ἅτὲ
406 707 528 770 τοὺς
591 707 810 774 οἰκείους
868 707 1238 786 κληροδόμους
1311 709 1388 783 μὴ
1450 709 1702 789 ἔχουσαν.
1742 711 1840 768 Καὶ
1902 711 1928 765 6

261 797 366 871 μὲν
432 796 612 874 πατὴρ
681 799 941 860 τοιούτοις
1035 799 1165 854 τισὶν
1249 797 1482 877 ἐπλήρου
1553 800 1644 856 τὸν
1714 799 1926 877 θρῆνον·

261 885 485 965 ἑτέρωθι
537 885 592 942 δὲ
624 888 658 954 ἡ
714 887 898 965 μήτηρ
929 901 1046 951 τοῖς
1107 885 1245 953 δ’νοξι
1270 896 1368 955 τὴν
1417 888 1594 963 κόμην
1625 910 1925 968 σπαραετο-

259 975 402 1052 μένη
465 978 678 1033 καὶτοῦ
719 975 926 1034 κόλπου
958 979 1302 1055 προτείνουσα
1347 981 1467 1042 τοὺς
1515 981 1772 1054 μαστοὺς,
1820 985 1926 1035 τῶν

257 1063 462 1124 ὠδίνων
519 1073 612 1123 τοῦ
668 1066 932 1146 γάλακτος
992 1068 1083 1124 καί
1142 1074 1248 1125 τῶν
1305 1067 1484 1147 ἂγλων
1554 1069 1629 1125 ἐν-
1680 1067 1924 1145 δάκρυσιν

258 1157 629 1232 ὑπεμίμνεσκε
719 1156 917 1237 πόνων,
998 1160 1086 1215 οὒς
1164 1160 1284 1230 περὶ
1359 1159 1454 1226 τὴν
1541 1155 1924 1238 παιδοτροφίαν

257 1245 547 1326 ἦνέσχέτο.
611 1247 740 1308 Τοὺς
772 1247 1020 1310 τεκόντας
1075 1246 1129 1304 δὲ
1181 1247 1340 1305 πάλιν
1385 1260 1638 1325 γυναῖκες
1671 1250 1757 1305 καὶ
1801 1249 1925 1304 παί-

258 1336 367 1393 δων
413 1335 611 1404 ἄνηϐος
675 1337 838 1418 χορὸς
893 1334 1188 1416 διεδέχετο,
1222 1339 1274 1394 αἱ
1319 1337 1414 1414 μὲν
1459 1339 1526 1396 τὰ
1570 1339 1664 1406 τῆς
1699 1339 1922 1418 χηρείας

257 1425 405 1483 δεινὰ
475 1426 886 1506 καταλέγουσαι,
935 1428 981 1482 οἱ
1035 1426 1090 1484 δέ
1146 1426 1463 1507 φθέγγεσθαι
1509 1429 1587 1504 μὴ
1639 1426 1916 1504 δυνάμενοι

256 1516 502 1574 ἆτενέσιν
557 1514 762 1591 ὄμμασι
822 1517 944 1580 τοὺς
1035 1517 1264 1595 πατέρας
1335 1516 1787 1596 προσϐλέποντες,
1846 1519 1917 1582 εἷς

253 1607 486 1683 μνήμην
545 1606 733 1671 αὐτοὺς
791 1604 887 1674 τῆς
949 1607 1198 1685 ὀρφανίας
1259 1607 1536 1686 ἀνέφερον.
1603 1608 1740 1685 Πρὸς
1788 1606 1916 1663 τού-

249 1719 367 1759 τοις
427 1694 617 1772 ὅμιλος
676 1695 952 1770 ὁμηλίκων
1013 1699 1102 1753 καὶ
1158 1696 1325 1777 φίλων
1385 1699 1586 1777 παρῆν,
1640 1693 1916 1771 Ἀναμνή-

250 1791 442 1860 σθητε,
474 1784 744 1866 λέγοντες,
777 1786 874 1853 τῆς
935 1785 1108 1853 καλῆς
1162 1785 1282 1862 μετ’
1315 1785 1565 1857 ἀλλήλων
1616 1783 1914 1862 διατριϐἧςο

2013 619 2136 680 Cur
2191 617 2262 679 ad
2294 616 2521 679 obitum
2577 618 2869 680 festinatis
2927 619 3311 682 immaturum
3343 627 3371 684 ?
3423 621 3660 685 Parcite

2012 708 2216 769 formae
2246 717 2480 771 vestra}.
2519 707 2748 770 Parcite
2794 710 3112 788 juventuti.
3146 709 3233 773 Ne
3267 729 3360 772 me
3411 711 3659 790 quidem

2011 797 2354 879 despiciatis
2387 797 2658 860 orbatum
2706 798 2842 860 ﬁliis
2876 817 2888 857 :
2924 799 3167 861 domum
3223 809 3419 862 autem
3452 802 3509 862 in
3543 820 3663 883 qua

2011 887 2153 950 estis
2184 889 2443 968 educati,
2477 895 2886 950 transeuntem
2919 887 2990 950 ad
3022 889 3276 972 alienos,
3308 898 3367 951 et
3404 909 3509 952 eos
3542 891 3660 953 for-

2011 983 2167 1038 tasse
2197 977 2302 1054 qui
2335 976 2503 1038 nobis
2525 985 2658 1038 sunt
2683 975 2843 1052 odio,
2867 985 2931 1038 ut
2954 996 3085 1058 quae
3113 997 3255 1040 suos
3289 997 3405 1040 non
3441 979 3658 1042 habeat

2007 1064 2295 1128 haeredes.
2351 1065 2421 1128 Et
2472 1075 2641 1147 pater
2682 1067 2921 1147 quidem
2955 1068 3043 1128 sic
3071 1086 3238 1128 suam
3278 1068 3547 1148 implevit
3575 1069 3657 1131 la-

2010 1158 2458 1220 mentationem.
2493 1156 2579 1217 Ex
2635 1155 2750 1218 alia
2784 1175 2917 1218 vero
2979 1166 3143 1238 parte
3174 1166 3365 1220 mater
3419 1176 3650 1220 comam

2005 1245 2234 1307 vellens
2265 1245 2590 1326 unguibus,
2626 1257 2684 1308 et
2705 1265 2738 1308 e
2759 1247 2892 1308 sinu
2927 1248 3236 1328 porrigens
3267 1249 3472 1321 ubera,
3510 1267 3650 1326 par-

2011 1341 2156 1410 tum,
2193 1344 2250 1398 et
2283 1335 2395 1410 lac,
2432 1346 2489 1397 et
2542 1335 2690 1397 alios
2731 1335 2966 1398 labores
2996 1355 3144 1417 quos
3197 1337 3260 1398 in
3291 1337 3364 1398 iis
3421 1337 3652 1399 alendis

2005 1432 2369 1505 susceperat,
2403 1425 2719 1487 revocabat
2747 1427 2803 1485 in
2839 1426 3209 1507 memoriam;
3239 1427 3380 1507 quid
3414 1445 3531 1487 non
3553 1426 3649 1488 di-

2003 1532 2168 1588 cens,
2206 1514 2348 1595 quid
2382 1534 2497 1576 non
2527 1515 2750 1578 faciens
2782 1535 2852 1579 ex
2883 1516 2954 1577 iis
2981 1535 3113 1597 quae
3135 1525 3384 1597 possunt
3416 1535 3654 1579 movere

2002 1603 2075 1664 ad
2102 1604 2608 1666 misericordiam?
2632 1609 2766 1669 Post
2789 1615 3065 1688 parentes
3087 1616 3284 1668 autem
3315 1625 3522 1668 rursus
3552 1625 3652 1667 se-

2003 1695 2336 1773 quebantur
2369 1714 2582 1758 uxores
2610 1705 2667 1758 et
2697 1697 2918 1760 chorus
2950 1695 3332 1776 impuberum
3364 1697 3650 1772 ﬁliorum;

1999 1782 2116 1845 illae
2139 1785 2376 1864 quidem
2402 1795 2823 1849 enumerantcs
2857 1787 3010 1848 mala
3041 1785 3368 1863 viduitatis;
3391 1786 3455 1848 hi
3480 1803 3646 1860 vero,

250 1877 542 1946 ἐννοήσατε
599 1878 660 1933 τὸ
737 1875 903 1954 γλυκὺ
959 1875 1115 1933 τούτο
1172 1883 1309 1956 φῶς,
1371 1879 1431 1933 οὗ
1500 1889 1617 1942 τοῖς
1692 1873 1908 1933 λαϐοῦσι

1999 1874 2277 1952 quoniam
2330 1875 2599 1937 nondum
2638 1876 2802 1954 loqui
2859 1886 3153 1957 poterant,
3189 1876 3433 1938 intentis
3462 1875 3653 1939 oculis

251 1981 448 2047 πεῖραν
503 1968 694 2045 ἀνιαρὰ
723 1967 936 2025 πάντως
997 1968 1033 2035 ἡ
1067 1965 1342 2046 σνὲρησις,
1402 1967 1618 2032 Τούτοις
1649 1966 1789 2023 ἅπαν
1848 1967 1908 2022 τὸ

1997 1963 2296 2024 intuentes
2345 1973 2643 2045 parentes,
2681 1965 2992 2028 orbitatem
3027 1967 3115 2028 eis
3166 1965 3534 2028 reducebant
3581 1964 3646 2027 in

247 2057 516 2133 δωμάτιον
577 2059 782 2132 θρήνων
843 2055 1112 2126 ἐπλήσθη·
1161 2059 1236 2122 ὡς
1289 2058 1375 2113 οιαὶ
1433 2059 1553 2122 τοὺς
1599 2055 1908 2136 εἰρημένους

1995 2054 2372 2129 memoriam,
2397 2062 2454 2116 et
2473 2055 2586 2118 alia
2611 2074 2746 2137 qua:
2772 2064 3240 2118 consentaneum
3283 2062 3372 2117 est
3399 2055 3472 2116 iis
3503 2073 3645 2116 eve-

246 2148 487 2216 ἆθλητὰς
543 2148 726 2226 πηγὰς
791 2146 1001 2227 ἀφιέναι
1060 2145 1323 2225 δακρύων·
1375 2147 1505 2227 ὅπερ
1561 2145 1684 2204 ἰδὼν
1715 2148 1743 2202 6
1801 2167 1905 2202 πα-

1995 2143 2145 2218 nire,
2181 2144 2283 2222 qui
2317 2145 2375 2205 in
2411 2145 2520 2207 bac
2549 2154 2722 2208 aetate
2755 2165 2873 2208 non
2897 2157 3182 2208 curantur
3212 2154 3270 2208 et
3299 2144 3640 2207 defendun-

249 2239 435 2316 καίριος
494 2234 874 2310 Σεϐαστιανὸς,
933 2237 1020 2294 καὶ
1077 2234 1247 2299 δείσας
1306 2237 1384 2313 μὴ
1444 2241 1520 2313 τῷ
1591 2235 1760 2311 οἴκτῳ
1802 2255 1908 2311 μα-

1995 2238 2088 2293 tur
2128 2250 2162 2293 a
2193 2233 2559 2313 parentibus.
2604 2235 2709 2298 His
2753 2234 3077 2298 accedebat
3109 2235 3280 2297 turba
3324 2233 3639 2317 aequalium

249 2327 595 2392 λακισθέντες
648 2324 881 2404 προδῶσι
933 2327 1034 2394 τὴν
1091 2324 1379 2408 εὐσεϐειαν,
1433 2328 1560 2392 στὰς
1623 2326 1678 2383 ἐν
1735 2325 1907 2403 μέσῳ,

1995 2329 2054 2384 et
2075 2323 2430 2398 amicorum,
2457 2343 2594 2399 quas
2618 2325 2856 2387 dicebat
2885 2347 2898 2390 :
2932 2324 3354 2388 Recordamini
3379 2324 3642 2404 pulchrae

248 2421 489 2483 καὶτοῖς
535 2439 664 2492 μασι
698 2415 1001 2496 καταφανὴς
1055 2417 1292 2496 γεγονὼς
1323 2418 1396 2480 ὡς
1448 2417 1758 2496 Χριστιανὸς
1791 2414 1906 2489 εἴη,

1995 2420 2053 2472 et
2076 2411 2359 2491 jucundae
2390 2414 2523 2475 vitae
2574 2433 2752 2492 quam
2783 2415 2939 2476 inter
2967 2434 3075 2477 nos
3102 2415 3482 2494 degebamus.
3516 2412 3640 2476 Ve-

238 2506 480 2566 τοιοῖσδε
553 2508 685 2584 πρὸς
758 2507 880 2567 τοὺς
953 2511 1299 2584 παρεστῶτας
1383 2507 1628 2585 ἓχήσατο
1700 2505 1906 2583 λόγοις·

1995 2501 2116 2564 niat
2147 2501 2316 2565 vobis
2367 2504 2428 2564 in
2461 2512 2721 2566 mentem
2757 2507 2853 2567 lux
2906 2507 3122 2586 suavis,
3155 2523 3332 2586 quam
3363 2505 3465 2586 qui
3510 2509 3650 2564 sunt

238 2601 492 2680 experti,
529 2607 619 2660 est
643 2599 890 2660 omnino
929 2598 1017 2662 eis
1048 2598 1364 2660 molestum
1398 2617 1466 2662 ea
1501 2599 1740 2680 privari.
1777 2597 1923 2661 Cum
1957 2597 2084 2660 haec
2115 2597 2204 2660 sic
2256 2597 2623 2674 dicerentur,
2661 2607 2780 2660 tota
2811 2599 3024 2662 domus
3053 2607 3177 2662 erat
3209 2599 3384 2681 plena
3409 2599 3646 2662 lamen-

238 2689 588 2764 tationibus,
624 2687 774 2750 adeo
807 2697 872 2750 ut
902 2688 1053 2750 dicti
1075 2688 1313 2750 athletae
1341 2689 1686 2751 emitterent
1709 2689 1904 2751 fontes
1933 2688 2354 2768 lacrymarum,
2380 2697 2438 2749 et
2471 2688 2960 2770 discerperentur
2986 2709 3190 2752 eorum
3224 2691 3451 2751 viscera
3478 2707 3646 2751 com-

236 2780 650 2843 miseratione.
714 2777 886 2851 Quod
942 2777 1191 2855 quidem
1225 2797 1360 2842 cum
1411 2779 1941 2840 animadvertisset
2001 2776 2210 2839 beatus
2265 2775 2654 2840 Sebastianus
2687 2786 2745 2839 et
2794 2779 3086 2843 timuisset
3117 2798 3191 2841 ne
3239 2779 3650 2842 misericordia

240 2869 494 2932 emolliti
550 2867 879 2951 proderent
910 2869 1218 2949 pietatem,
1255 2876 1417 2930 stans
1471 2868 1532 2930 in
1587 2868 1809 2945 medio,
1847 2875 1906 2928 et
1962 2876 2165 2946 aperte
2215 2868 2542 2930 ostendens
2572 2868 2850 2930 omnibus
2904 2888 2967 2930 se
3001 2888 3132 2931 esse
3187 2868 3586 2932 Christianum
3628 2889 3644 2946 ;

237 2978 439 3040 neque
467 2963 625 3020 enim
660 2956 1048 3020 existimabat
1072 2964 1360 3038 oportere
1388 2975 1452 3020 se
1484 2957 1708 3038 celare,
1741 2955 1896 3037 apud
1931 2974 2036 3017 eos
2065 2962 2160 3035 qui
2193 2955 2443 3018 aderant
2473 2957 2667 3019 verbis
2701 2967 2789 3018 est
2820 2977 2959 3021 usus
2987 2959 3285 3040 ejusmodi
3321 2981 3334 3018 :

320 3051 409 3112 Ε¹.
447 3054 503 3111 Εἰ
537 3051 634 3127 μὲν
688 3051 950 3132 μόνιμος,
987 3053 1061 3114 ὡς
1093 3053 1261 3124 οὗτοι,
1297 3052 1389 3108 καί
1434 3050 1779 3119 ἁτελεύτητος
1838 3050 1902 3118 ἦν

234 3145 262 3199 6
291 3143 478 3223 παρὼν
537 3141 674 3218 βίος,
708 3139 945 3198 ἐδοκεῖτε
980 3140 1043 3197 ἂν
1101 3140 1236 3206 ἴσως
1268 3143 1448 3198 εἰκότα
1498 3155 1698 3220 ποιεῖν,
1734 3141 1905 3198 τοιού-

2065 3050 2140 3114 V.
2176 3048 2239 3112 Si
2257 3049 2486 3112 stabilis
2517 3051 2759 3132 quidem
2793 3061 2852 3114 et
2885 3054 3075 3135 ﬁrma,
3105 3073 3138 3116 ο
3161 3072 3287 3130 vos,
3325 3063 3483 3116 esset
3515 3054 3645 3118 haec

1987 3138 2124 3221 vita,
2159 3148 2218 3200 et
2263 3139 2323 3200 in
2355 3159 2534 3202 omne
2566 3159 2752 3203 aevum
2802 3142 3252 3226 extenderetur,
3290 3143 3642 3205 videremini

232 3255 325 3290 του
392 3233 593 3297 πάθους
639 3232 762 3294 τοὺς
825 3230 1062 3298 ἀθλητὰς
1130 3230 1545 3308 ἀποτρέποντες
1603 3231 1718 3288 ἐπεὶ
1756 3229 1809 3287 δὲ
1839 3230 1904 3286 τὰ

1995 3229 2237 3292 fortasse
2285 3230 2479 3292 facere
2516 3240 2941 3307 consentanea,
2976 3234 3050 3296 ab
3095 3235 3188 3296 his
3235 3233 3643 3316 perpetiendis

233 3321 473 3401 πάρόντα
515 3321 603 3399 ῥεῖ
665 3321 756 3378 καὶ
811 3319 1172 3400 παρέρχεται,
1220 3322 1309 3378 καὶ
1365 3322 1476 3396 βίος
1526 3323 1661 3396 ἡμῖν
1723 3320 1902 3398 ἕτερος

237 3410 545 3491 διαδέχεται
594 3409 950 3478 ἆτελεύτητός
1007 3431 1057 3466 τε
1113 3412 1200 3467 καὶ
1255 3409 1556 3489 ἅῤῥευστος,
1590 3411 1726 3475 τίνος
1789 3410 1902 3490 χά-

242 3525 322 3573 ριν
403 3502 603 3559 πείθειν
660 3501 991 3580 ἐπιχειρεῖτε
1080 3500 1200 3566 τοὺς
1259 3501 1525 3578 γενναίους
1606 3501 1904 3578 ἀγωνιστὰς

239 3592 352 3650 τῶν
404 3591 676 3667 μενόντων
733 3610 1039 3668 προκρίνειν
1104 3591 1167 3646 τὰ
1224 3588 1622 3664 διαπίπτοντας
1684 3589 1756 3646 ’Ἡ
1813 3593 1905 3648 οὐκ

243 3681 365 3738 ἴστε
425 3681 506 3737 ὅτι
563 3681 663 3756 μὲν
724 3684 912 3739 παθεῖν
975 3679 1104 3758 ὑπὲρ
1150 3686 1375 3758 Χριστοῦ
1420 3680 1519 3747 τὴν
1575 3681 1680 3735 τῶν
1744 3679 1904 3757 ούρα-

239 3779 351 3828 νῶν
414 3769 662 3849 προξενεῖ
746 3769 1039 3850 βασιλείαν,
1114 3771 1174 3826 τὸ
1254 3767 1306 3824 δὲ
1365 3767 1688 3846 ἀρνήσασθαι
1749 3770 1906 3825 αὐτὸν

245 3862 351 3930 τὴν
415 3862 615 3928 ταύτης
675 3859 938 3916 ἔκπτωσιν
1023 3872 1136 3922 τοῖς
1196 3858 1612 3938 ἀπαρνουμένοις
1674 3857 1902 3934 δίδωσι;

240 3975 268 4007 α
334 3938 518 4014 ΓὈστις
578 3951 700 4030 γὰρ,
740 3973 764 4005 ι)
835 3950 1016 4029 φησίν,
1085 3972 1112 4003 α
1149 3948 1432 4026 ἁρνήσεταί
1475 3971 1540 4023 με
1613 3947 1905 4026 ἔμπροσθεν

229 4042 340 4098 τῶν
405 4040 716 4118 ἀνθρώπων,
784 4039 1082 4118 ἀρνήσομαι
1163 4040 1318 4097 αὐτὸν
1377 4038 1529 4116 κάγὼ
1597 4036 1892 4116 ἔμπροσθεν

231 4137 327 4187 τοῦ
383 4130 588 4210 Πατρός
652 4152 752 4205 μου
795 4136 888 4185 τοῦ
941 4129 995 4184 ἐν
1052 4142 1169 4192 τοῖς
1215 4130 1482 4206 οὐρανοῖς.
1523 4145 1550 4186 )
1606 4126 1772 4184 Ἀλλά
1827 4126 1893 4194 δὴ

242 4217 508 4276 δεδοίκατε
564 4219 644 4295 μὴ
702 4217 880 4276 οὐκέτι
941 4217 1149 4275 ἔσονται
1198 4217 1346 4274 τόνδε
1399 4219 1488 4273 τὸν
1533 4217 1643 4293 βίον
1698 4216 1895 4273 ἀπολι-

247 4309 447 4385 μόντες
483 4329 501 4386 ;
533 4307 677 4387 Ἐγώ
720 4306 907 4366 τούτού
969 4307 1260 4386 ἐγγυητήςο
1295 4306 1374 4362 ὅτι
1412 4309 1482 4370 εἰς
1516 4306 1698 4385 ἑτέραν
1754 4306 1898 4378 ζωὴν

241 4399 386 4474 μετὰ
450 4399 548 4467 τὴν
623 4400 860 4454 ἐντεῦθεν
926 4395 1243 4474 ἆπαλλογὴν
1301 4400 1577 4474 γινόμεθα,
1636 4395 1754 4453 ἔνθα
1803 4397 1900 4464 τὴν

245 4485 485 4564 ἀμοιϐὴν
545 4511 651 4544 των
695 4486 847 4565 ἔργον
891 4485 1114 4549 ἕκαστος
1171 4484 1425 4561 λήψεται,
1459 4485 1575 4542 ἔνθα
1627 4488 1713 4542 καὶ
1760 4485 1902 4543 οὗτοι

241 4585 704 4646 κατασκηνοῦντες
786 4577 872 4633 καὶ
930 4578 1146 4655 Χριστῷ
1221 4575 1615 4656 εὐφραινόμενοι
1684 4578 1901 4652 μεμνή-

243 4689 431 4725 σονται
488 4669 575 4724 καὶ
631 4665 828 4745 γονέων
895 4667 982 4723 καὶ
1053 4662 1252 4723 παίδων
1318 4666 1406 4721 καί
1482 4672 1768 4743 γυναικῶν,
1832 4667 1897 4720 τὰ

1986 3327 2322 3382 avertentes
2351 3320 2622 3382 athletas.
2678 3323 2827 3383 Cum
2859 3331 3057 3386 autem
3092 3342 3296 3385 eorum
3347 3341 3476 3404 quae
3506 3333 3646 3386 sunt

1989 3409 2329 3490 praesentia,
2358 3409 2506 3471 nihil
2538 3409 2616 3472 sit
2648 3411 2884 3473 ﬁrmum
2922 3430 2990 3474 ac
3025 3412 3263 3494 stabile,
3291 3415 3477 3475 fluant
3509 3431 3648 3476 vero

1988 3517 2055 3561 ac
2086 3498 2353 3561 ferantur
2383 3500 2609 3576 omnia,
2648 3510 2705 3563 et
2763 3502 2879 3564 alia
2912 3522 3018 3565 nos
3053 3503 3170 3565 vita
3201 3503 3475 3584 excipiat,
3512 3522 3646 3584 quae

1989 3607 2109 3650 non
2163 3600 2256 3651 est.
2284 3590 2440 3651 fluxa
2473 3608 2586 3652 nec
2639 3611 2900 3673 unquam
2934 3592 3200 3654 desinit:
3258 3611 3366 3655 cur
3397 3593 3470 3654 ad
3519 3593 3647 3656 hinc

1988 3677 2286 3740 attrahitis
2337 3680 2519 3742 fortes
2553 3690 2609 3742 et
2653 3700 2909 3760 generos
2938 3683 3209 3763 athletas,
3244 3683 3331 3745 eis
3377 3683 3644 3746 suaden—

1990 3777 2175 3829 tesut
2215 3779 2492 3830 maneant
2544 3770 2602 3830 in
2661 3771 2736 3832 iis
2784 3791 2897 3852 que
2947 3772 3244 3846 videntur,
3278 3781 3338 3834 et
3389 3791 3461 3834 ea
3511 3793 3644 3854 quae

1989 3857 2276 3918 decidunt
2327 3858 2640 3936 praeferant
2673 3859 2744 3921 iis
2773 3880 2904 3940 quae
2953 3869 3194 3923 manent
3225 3860 3250 3922 ἲ
3278 3863 3366 3923 An
3401 3861 3641 3925 nescitis

1989 3946 2143 4026 quod
2175 3965 2281 4026 pro
2329 3947 2562 4009 Christo
2593 3949 2832 4026 quidem
2865 3951 2981 4031 pati
3013 3951 3356 4012 conciliabit
3387 3969 3638 4031 regnum

1987 4036 2446 4097 cmlorumzeum
2474 4045 2666 4098 autem
2697 4056 2913 4119 negare
2937 4048 2994 4100 et
3024 4039 3276 4120 prodere
3308 4049 3638 4120 certamen,

1976 4124 2116 4186 facit
2163 4135 2225 4186 ut
2255 4127 2356 4206 qui
2394 4127 2480 4188 sic
2511 4129 2839 4206 cogitarunt
2891 4128 2964 4191 ab
2997 4149 3064 4192 eo
3098 4129 3420 4194 excidant?
3467 4154 3498 4191 ιι
3529 4132 3640 4204 Qui

1982 4222 2167 4295 enim,
2204 4215 2418 4295 inquit,
2448 4236 2540 4278 me
2573 4219 2873 4296 negaverit
2903 4237 3102 4282 coram
3121 4219 3491 4302 hominibus,
3522 4240 3634 4300 ego

1983 4324 2218 4386 quoque
2249 4324 2384 4366 eum
2419 4306 2644 4385 negabo
2690 4326 2887 4369 coram
2921 4308 3095 4370 Patre
3124 4327 3278 4384 meo,
3318 4311 3422 4388 qui
3454 4319 3544 4372 est
3575 4311 3639 4372 in

1985 4395 2154 4456 malis
2188 4397 2236 4457 1.
2275 4420 2299 4450 »
2341 4395 2454 4457 Sed
2489 4397 2711 4458 timetis
2763 4416 2838 4459 ne
2869 4397 2987 4459 sint
3018 4400 3260 4460 omnino
3304 4399 3544 4480 perituri
3581 4408 3639 4461 et

1984 4503 2102 4550 non
2131 4485 2386 4566 amplius
2434 4485 2615 4546 futuri
2659 4488 2760 4566 qui
2800 4488 2979 4548 vitam
3008 4499 3357 4569 praisentem
3382 4489 3638 4568 relique-

1980 4581 2149 4638 runt?
2171 4575 2286 4638 Sed
2321 4593 2427 4654 ego
2457 4577 2634 4656 hujus
2664 4597 2793 4638 sum
2833 4577 3167 4658 ﬁdejussor:
3196 4598 3302 4658 ego
3336 4579 3495 4640 hunc
3529 4599 3634 4640 vo-

1982 4663 2072 4725 bis
2103 4674 2324 4726 metum
2359 4666 2576 4727 adimo.
2613 4665 2748 4728 Haec
2779 4677 2869 4729 est
2900 4668 3058 4728 enim
3107 4687 3338 4730 summa
3371 4678 3429 4730 et
3460 4677 3637 4750 caput

232 4758 456 4838 χρηστὰ
512 4758 695 4822 αὐτοῖς
754 4753 1104 4822 ἐξαιτοῦντες.
1168 4755 1436 4811 Παύσασθε
1486 4757 1574 4812 οὖν
1632 4753 1890 4834 δακρύον-

1995 4761 2197 4814 nostra:
2243 4755 2381 4815 ﬁdei
2411 4776 2424 4816 :
2460 4756 2570 4818 hoc
2607 4757 2925 4835 persuadet
2972 4766 3033 4818 ut
3064 4766 3298 4820 terrena
3333 4741 3637 4839 despicia-

235 4869 328 4913 τες
386 4847 476 4903 καὶ
536 4844 962 4923 μαλακωτέρους
1017 4856 1138 4909 ταῖς
1196 4846 1504 4922 προθῦμίαις
1565 4843 1750 4908 αὐτοὺς
1809 4844 1900 4922 ἐρ-

254 4937 573 5015 γαζόμενοι.
623 4936 878 4992 Ἔσονται
911 4935 1009 5013 γὰρ
1050 4936 1179 5009 ὑμῖν
1222 4939 1458 5004 σωτῆρες
1493 4935 1586 4989 καί
1648 4934 1899 5012 φύλακες,

251 5034 342 5084 νῦν
416 5027 514 5102 μὲν
588 5024 826 5104 ἀοράτως
899 5024 1308 5106 ἐπιφοιτῶντάς,
1357 5025 1493 5099 μετὰ
1549 5021 1602 5078 δὲ
1658 5025 1757 5091 τὴν
1814 5027 1904 5081 τοῦ

239 5116 360 5190 βίου
418 5113 704 5172 Ααταλυσιν
762 5115 834 5179 εἰς
903 5115 997 5180 τὰς
1057 5115 1296 5177 αἰωνίους
1349 5112 1630 5194 δεχόμενοι
1701 5115 1900 5182 σκηνὰς

242 5203 793 5284 συγκοινωνήσονται,
881 5204 1064 5268 αὐτοῖς
1150 5209 1249 5272 τῆς
1333 5202 1712 5278 τερπνότητος.
1804 5207 1903 5263 Καὶ

233 5304 399 5354 ταῦτα
430 5296 529 5372 μὲν
561 5295 695 5374 πρὸς
727 5295 853 5358 τοὺς
885 5293 1228 5361 ἐληλυθότας,

1984 4860 2142 4919 mus,
2181 4843 2336 4924 quod
2375 4854 2683 4927 postquam
2708 4847 2850 4908 hinc
2878 4849 3334 4920 excesserimus,
3361 4848 3432 4909 ad
3460 4849 3636 4909 aliam

1983 4951 2188 4994 sumus
2238 4933 2409 4994 vitam
2447 4936 2770 5010 transituri,
2817 4937 2872 4998 in
2922 4955 3036 5016 qua
3084 4937 3513 5000 convenienter
3561 4938 3635 5000 iis

1984 5042 2105 5098 quae
2130 5042 2277 5098 gessr
2293 5030 2365 5083 rit
2391 5029 2627 5100 accipiet
2661 5032 3058 5102 unusquisque
3090 5033 3636 5095 remunerationem.

1985 5111 2087 5173 ubi
2119 5111 2178 5174 hi
2207 5131 2441 5194 quoque
2473 5113 2804 5176 habitantes
2837 5124 2893 5177 et
2923 5135 3056 5177 cum
3097 5117 3332 5180 Christo
3365 5117 3632 5180 laetantes

1983 5203 2531 5266 recordabunturet
2564 5214 2876 5284 parentum
2905 5214 2960 5267 et
2984 5205 3238 5267 ﬁliorum
3272 5215 3330 5268 et
3355 5227 3632 5289 uxorum,

1983 5291 2139 5354 bona
2160 5291 2232 5354 iis
2259 5293 2648 5373 postulantes,
2684 5303 2742 5356 et
2772 5295 2896 5356 suis
2927 5295 2998 5356 ad
3027 5295 3209 5358 Deum
3243 5297 3633 5378 supplicatio-

225 5387 404 5452 nibus
460 5388 694 5451 facilem
725 5388 813 5450 eis
861 5388 1034 5448 vitam
1067 5386 1424 5468 praebentes.
1472 5387 1736 5451 Desinite
1763 5406 1902 5468 ergo
1947 5389 2090 5450 ﬂere
2121 5396 2178 5448 et
2227 5387 2478 5449 athletas
2510 5387 2808 5469 emollire,
2845 5403 2904 5450 et
2937 5408 2969 5451 a
3013 5405 3287 5472 prompto
3319 5403 3379 5452 et
3426 5391 3632 5474 alacri,

240 5479 426 5540 animi
478 5477 682 5540 studio
714 5478 1042 5540 retardare.
1077 5476 1207 5539 Non
1255 5478 1413 5539 enim
1447 5497 1548 5540 vos
1606 5481 1848 5540 omnino
1879 5478 2244 5559 relinquent,
2281 5478 2457 5539 etiam
2509 5479 2557 5538 si
2590 5478 2701 5540 boc
2754 5480 3040 5560 videatur,
3074 5479 3179 5542 sed
3231 5491 3407 5542 erunt
3437 5497 3634 5543 serva-

253 5577 417 5631 tores
453 5577 511 5630 et
555 5566 858 5648 custodes,
887 5585 1046 5629 nunc
1079 5567 1324 5645 quidem
1357 5572 1435 5630 ita
1463 5569 1853 5632 adventantes
1879 5578 1937 5630 ut
1970 5589 2085 5631 non
2113 5566 2327 5630 cadant
2375 5567 2484 5629 sub
2519 5579 2844 5651 aspectum,
2870 5567 2999 5652 pos‘t
3031 5570 3165 5632 vitae
3195 5580 3388 5634 autem
3412 5569 3634 5638 exitum

297 5748 317 5799 1
354 5745 559 5815 Matth.
593 5765 652 5824 ι,
688 5745 794 5817 33,
