4066 6404
438 359 558 429 799

1613 361 1997 433 ADDENDA.
2052 401 2131 413 —
2190 366 2641 435 JANUARIL'S.

3697 363 3819 433 800

437 499 503 564 in
552 508 805 566 aeternas
835 503 1227 588 suspicientes
1258 502 1595 567 mansiones
1625 523 1756 566 cum
1792 506 1879 568 eis
1938 505 2354 571 delectationis
2381 506 2615 572 futuros
2661 505 3001 591 participes.
3037 505 3107 571 Et
3137 507 3264 572 haec
3314 506 3559 590 quidem
3587 507 3663 572 ad
3709 526 3816 572 eos

443 592 542 673 qui
574 605 884 659 venerant.

528 686 621 750 Vl.
697 688 1037 752 Orationem
1095 706 1233 750 vero
1306 707 1514 753 rursus
1583 699 1939 755 convertens
2008 692 2142 755 adA

443 774 628 840 fortes
684 787 741 840 et
796 797 1119 857 generosos
1173 779 1445 861 athletas,
1497 780 1697 842 dixit:
1761 780 1991 845 Videtis
2046 802 2081 844 ο

443 866 659 931 Christi
722 867 986 941 milites,
1054 868 1267 931 callida
1339 871 1576 950 maligni
1649 872 1911 947 inventa,
1978 892 2087 954 per

441 975 573 1037 quas
639 967 885 1019 conatur
950 977 1051 1021 vos
1121 978 1154 1020 a
1216 967 1411 1022 vestra
1463 961 1657 1023 salute
1727 961 2086 1026 abducere?

441 1046 608 1121 Quod
660 1048 819 1110 enim
856 1068 963 1128 per
989 1057 1285 1112 tormenta
1332 1050 1529 1113 facere
1558 1070 1677 1113 non
1730 1054 1939 1132 potuit,
1975 1054 2087 1115 hoc

439 1143 626 1198 tentat
676 1137 914 1201 efﬁcere
964 1157 1070 1221 per
1116 1147 1345 1201 vestros
1391 1141 1781 1205 necessarios.
1837 1143 1952 1206 Sed
2015 1163 2089 1206 ne

442 1226 727 1305 ignoretis
752 1246 854 1289 vos
886 1228 1017 1308 ejus
1068 1228 1319 1290 consilia
1349 1229 1607 1291 scientes
1643 1249 1775 1292 eum
1809 1232 2089 1295 omnibus

438 1314 633 1378 modis
654 1316 950 1398 insidiari,
976 1326 1034 1380 et
1056 1317 1336 1380 omnibus
1365 1337 1465 1381 vos
1494 1321 1735 1399 aggredi
1768 1322 2081 1397 machinis,

435 1404 539 1486 qui
578 1426 738 1469 nunc
770 1427 1006 1488 quoque
1039 1427 1172 1470 cum
1205 1407 1351 1470 vidit
1395 1428 1498 1471 vos
1533 1413 1766 1472 venisse
1797 1410 1868 1472 ad
1905 1412 2081 1474 ﬁnem

435 1496 851 1570 certaminum,
874 1507 933 1559 et
963 1517 1079 1559 non
1104 1497 1302 1560 ferens
1333 1498 1595 1561 dedecus
1620 1499 1775 1581 quod
1796 1501 1872 1561 sit
1900 1502 2085 1563 victus

438 1592 748 1665 postquam
772 1587 953 1648 multa
988 1586 1152 1649 vobis
1184 1587 1571 1664 malaintulit,
1607 1590 1804 1651 studet
1836 1600 1968 1672 post
1998 1592 2086 1652 vi-

439 1675 686 1736 ctoriam
710 1695 811 1737 vos
844 1676 1073 1757 privare
1102 1677 1389 1759 praemiis,
1413 1686 1479 1739 ut
1504 1688 1719 1758 praeter
1744 1679 1801 1742 id
1837 1682 1992 1762 quod
2017 1701 2085 1743 ex

437 1766 702 1845 acceptis
732 1764 917 1845 plagis
950 1766 1097 1828 nihil
1131 1768 1338 1828 essetis
1376 1768 1764 1843 lucrifacturi,
1802 1778 2090 1850 prieterca

438 1851 735 1918 Christum
796 1875 1033 1937 quoque
1082 1858 1388 1919 amittatis.
1422 1857 1546 1920 Hoc
1598 1866 1687 1920 est
1717 1860 1872 1921 enim
1928 1862 2088 1924 illius

435 1962 606 2025 opus,
631 1952 689 2007 et
719 1948 913 2026 gravia
945 1945 1192 2024 inl‘erre,
1221 1957 1280 2008 et
1312 1966 1438 2009 eam
1464 1967 1595 2029 qum
1624 1948 1767 2012 hinc
1796 1950 2090 2031 accipitur

2246 695 2350 771 ς’,
2410 698 2546 775 Πρὸς
2604 695 2659 754 δὲ
2709 699 2829 761 τοὺς
2888 702 3156 777 γενναίους
3210 697 3535 778 ἀγωνιστὰς,
3600 686 3817 777 Ὀρᾶτε,

2167 789 2347 861 εἶπεν,
2407 790 2452 845 ὼ
2509 795 2827 866 στρατιῶται
2877 791 2969 846 τοῦ
3014 787 3264 867 Χριστόῡ,
3323 792 3390 844 τὰ
3450 797 3542 846 τοῦ
3585 790 3825 864 πονῆροῦ

2167 881 2469 959 σοφίσματα
2512 877 2579 935 δι’
2624 880 2697 936 ὧν
2760 880 2897 956 ὑμᾶς
2939 879 3038 947 τῆς
3094 879 3360 957 σωτηρίας
3422 876 3824 947 ἀποϐουκλῆσαι

2168 969 2373 1044 ζητεῖς
2436 968 2504 1029 ’Ὁ
2537 970 2636 1047 γὰρ
2693 968 2778 1027 διὰ
2831 976 2938 1027 τῶν
2994 969 3240 1048 βασάνων
3272 969 3366 1027 οὒκ
3421 967 3632 1050 ἔπραξε,
3668 980 3830 1030 τοῦτο

2171 1057 2255 1116 διὰ
2312 1066 2417 1117 τῶν
2482 1059 2797 1127 ἐπιτηδείων
2858 1062 3043 1117 ὰνῦσαι
3099 1066 3369 1137 πειρᾶται.
3446 1058 3594 1117 Ἀλλ’
3664 1062 3829 1135 ὑμεῖς

2171 1172 2232 1225 γε
2304 1152 2381 1226 μὴ
2456 1151 2757 1229 ἆγνοήσητε
2830 1152 2985 1208 αὐτοῦ
3060 1150 3131 1206 τὰ
3199 1148 3556 1231 βουλεύματα,
3626 1149 3828 1216 εἰδότες

2171 1240 2251 1297 ὅτι
2311 1246 2440 1297 πᾶσι
2511 1242 2727 1318 τρόποις
2799 1243 2936 1317 ἡμῖν
3010 1239 3362 1319 ἐπιϐουλεύει,
3438 1241 3495 1303 ὃς
3568 1247 3656 1298 νῦν
3697 1240 3828 1299 ἰδὼν

2169 1333 2301 1403 πρὸς
2392 1333 2450 1388 τὸ
2519 1330 2671 1394 τέλος
2728 1339 2835 1389 τῶν
2899 1331 3119 1409 ἀγώνων
3193 1328 3442 1395 ελθόντας
3498 1332 3657 1411 ὑμᾶς,
3733 1334 3826 1391 καὶ

2166 1423 2266 1480 τὴν
2321 1422 2486 1490 ἧτταν
2544 1427 2622 1498 μὴ
2667 1422 2838 1502 φέρων
2895 1420 3105 1479 σπεύδει
3165 1421 3302 1496 μετὰ
3343 1422 3440 1489 τὴν
3484 1428 3590 1478 τῶν
3634 1421 3823 1480 δεινῶν

2169 1513 2441 1591 καρτερίαν
2503 1525 2752 1591 σνερῐέσαι
2810 1517 2917 1570 τῶν
2971 1511 3252 1589 βραϐείων,
3305 1510 3382 1568 ἔτι
3428 1510 3482 1568 δὲ
3551 1514 3639 1569 καὶ
3686 1522 3823 1588 Χρι-

2169 1608 2319 1657 στοῦ’
2358 1604 2510 1659 τοῦτο
2554 1603 2653 1680 γὰρ
2709 1600 2859 1678 ἔργον
2890 1600 3047 1657 αύτοῦ
3104 1600 3292 1657 καὶτὰ
3336 1598 3477 1655 δεινὰ
3528 1599 3821 1679 ἐπιφέρειν.

2170 1689 2322 1747 Ἀλλ’
2381 1693 2534 1766 ὑμεῖς
2585 1697 2745 1758 στῆτε
2778 1692 3032 1769 γενναίως
3076 1690 3213 1748 κατὰ
3252 1694 3353 1758 τῆς
3414 1688 3685 1764 μεθοὸείας
3729 1700 3827 1750 τοῦ

2170 1778 2438 1855 διαϐόλου,
2489 1784 2577 1839 καὶ
2636 1783 2712 1857 μή
2759 1788 2837 1855 τῷ
2879 1779 3027 1861 φόϐῳ
3082 1782 3179 1849 τῆς
3243 1779 3548 1846 τελευταίας
3603 1781 3825 1859 πληγῆς

2167 1873 2236 1937 ἧς
2266 1871 2436 1944 μόνης
2493 1874 2520 1928 ὃ
2553 1873 2739 1951 ἐχθρὸς
2771 1872 2972 1951 κύριος,
3004 1873 3104 1937 τὴν
3160 1876 3267 1926 τῶν
3310 1871 3544 1945 οὐρανῶν
3589 1872 3827 1950 πρόησθε

2167 1959 2463 2037 βασιλείαν,
2497 1965 2564 2030 ἧς
2635 1974 2829 2041 τυχεῖν
2882 1962 2980 2034 μὲν
3016 1958 3194 2016 καλῶν
3248 1960 3310 2015 τὸ
3353 1958 3667 2040 ἀκρότατον,
3699 1960 3827 2019 δια-

432 2034 743 2098 utilitatem
779 2035 1148 2100 intercidere
1191 2038 1267 2100 iis
1306 2038 1407 2120 qui
1463 2039 1753 2101 laborant.
1816 2039 1931 2104 Sed
1981 2060 2083 2103 vos

2168 2034 2442 2128 μαρτῆσαι
2501 2049 2554 2105 δὲ
2613 2049 2761 2107 οὐδὲν
2817 2049 3159 2126 ἀθλιώτερον
3219 2050 3434 2114 Τούτοις
3492 2052 3584 2106 τοῦ
3639 2072 3828 2123 μακα-

433 2143 565 2185 cum
593 2129 714 2186 haec
743 2132 959 2199 sciatis,
977 2130 1217 2187 restitite
1242 2131 1461 2189 fortiter
1497 2130 1721 2188 insidiis
1748 2133 2081 2203 adversarii,

432 2231 634 2295 neque
664 2214 888 2295 parcite
909 2214 1189 2277 carnibus
1213 2234 1347 2293 quae
1379 2216 1552 2297 paulo
1587 2226 1719 2294 post
1740 2225 1876 2278 sunt
1906 2220 2084 2282 inter-

432 2303 604 2366 iturae
640 2321 655 2380 ;
712 2323 907 2386 neque
948 2313 1106 2367 metu
1148 2304 1377 2367 ultimae
1410 2306 1592 2385 plagae
1633 2314 1725 2383 (ea
1754 2308 1914 2369 enim
1960 2310 2083 2373 sola

436 2398 526 2455 est
554 2393 615 2453 in
647 2392 878 2456 inimici
911 2395 1230 2475 potestate)
1255 2394 1485 2476 prodite
1514 2413 1761 2476 regnum
1788 2399 2080 2462 caelorum

436 2480 753 2561 etgloriam
781 2491 839 2546 et
859 2486 1071 2548 saecula
1090 2493 1570 2566 permanentem,
1593 2505 1773 2563 quam
1801 2508 2078 2568 magnum

435 2571 677 2653 quidem
701 2582 789 2636 est
817 2575 1056 2655 assequi
1077 2584 1134 2637 et
1163 2593 1509 2655 supremum
1536 2575 1825 2639 bonorum
1857 2597 1874 2653 ;
1911 2582 1982 2642 ab
2014 2599 2084 2643 ea

434 2670 628 2725 autem
653 2662 942 2726 recedere
969 2675 1057 2726 est
1084 2666 1261 2741 longe
1306 2666 1732 2728 miserrimum.
1779 2668 1915 2731 Haec
1946 2690 2079 2731 cum

2168 2140 2276 2216 ρίου
2362 2137 2720 2197 Σεϐαστιανοῦ
2789 2143 3303 2217 προθυμοποιοῦντες
3372 2143 3496 2204 τοὺς
3592 2138 3825 2208 ὂθλητὰς

2166 2235 2259 2285 τοῦ
2335 2236 2604 2311 Χριστοῦ,
2663 2235 2775 2305 φῶς
2853 2230 3130 2309 οὐρανόθεν
3202 2231 3359 2287 αύτὸν
3434 2230 3822 2307 περιήσεραψε,

2168 2319 2255 2375 καὶ
2336 2321 2541 2385 νεανίας
2611 2320 2761 2399 ὤφθη
2836 2319 3229 2396 λαμπροφορῶν
3312 2319 3503 2377 τούτου
3590 2318 3824 2387 πλησίον

2168 2409 2360 2481 ἑστὼς,
2413 2411 2486 2469 ὡς
2551 2408 2750 2474 πάντας
2794 2409 2916 2473 τοὺς
2986 2406 3196 2472 ἰδόντας
3250 2408 3687 2486 καταπλαγῆναι,
3737 2412 3824 2468 καὶ

2166 2503 2263 2565 τῆς
2323 2495 2520 2555 ἄνωθεν
2576 2499 2796 2579 χάριτος
2829 2499 2983 2578 ἔργον
3012 2507 3168 2557 τοῦτο
3200 2495 3528 2575 ὁμολογῆσαι
3560 2499 3583 2554 ἑ
3615 2521 3825 2577 πιμαρ-

2167 2587 2425 2665 τυρούσης
2498 2589 2575 2662 τῷ
2655 2585 2797 2667 ἀνδρὶ
2876 2589 2970 2654 τὴν
3046 2587 3320 2658 ἀλήθειαν,
3390 2584 3823 2657 Ἐπηκολούθησε

2168 2674 2221 2731 δέ
2279 2699 2331 2734 τι
2386 2679 2475 2734 καὶ
2529 2677 2730 2754 ἕτερον,
2778 2679 2806 2733 ὃ
2858 2677 3093 2752 μάλιστα
3145 2678 3265 2742 τοὺς
3320 2676 3586 2755 παρόντᾶς
3644 2676 3825 2736 ἔπεισε

434 2751 661 2816 diceret
683 2753 891 2815 beatus
909 2752 1322 2836 Sebastianus,
1353 2764 1413 2818 et
1437 2766 1773 2838 promptum
1804 2769 1860 2821 et
1886 2760 2083 2821 alacre

2169 2767 2317 2841 μόνῳ
2360 2770 2436 2840 τῷ
2466 2751 2700 2841 ἀληθινῷ
2730 2751 3084 2846 προσανέχειν
3116 2773 3255 2840 Θεῷ.

432 2848 615 2911 animi
645 2848 907 2911 studium
940 2852 1179 2913 contirn‘
1197 2860 1328 2912 aret
1358 2852 1572 2914 Christi
1604 2852 1865 2931 athletis,
1902 2855 2132 2919 dicitur
2167 2858 2358 2921 lucem
2388 2877 2523 2920 eum
2556 2858 3053 2934 circumfulsisse,
3088 2866 3145 2920 et
3179 2859 3364 2920 visum
3397 2875 3538 2922 esse
3568 2869 3827 2924 stantem

431 2957 618 3032 prope
649 2957 782 3002 eum
808 2941 1206 3032 juvenem,et
1238 2960 1450 3022 magno
1481 2949 1661 3007 vestis
1694 2945 2016 3026 splendore
2073 2948 2491 3030 refulgentem,
2525 2948 2677 3011 adeo
2707 2957 2771 3010 ut
2813 2966 3024 3013 omnes
3055 2948 3155 3029 qui
3189 2947 3467 3012 viderunt
3493 2948 3828 3032 obstupue-

428 3030 570 3103 rint,
605 3036 664 3119 et
689 3048 970 3111 superna:
991 3030 1193 3111 gratiae
1223 3032 1335 3094 hoc
1388 3050 1520 3095 esse
1553 3051 1703 3114 opus
1733 3035 1988 3097 confessi
2037 3036 2281 3112 fuerint,
2314 3056 2451 3119 quae
2479 3037 2887 3101 testimonium
2918 3036 3151 3100 ferebat
3180 3055 3319 3099 eum
3351 3037 3577 3101 dixisse
3608 3030 3825 3102 verita-

427 3127 570 3183 tem.
616 3118 753 3212 Hazc
785 3119 943 3182 aliud
973 3140 1211 3204 quoque
1243 3130 1333 3184 est
1379 3131 1767 3185 consecutum
1803 3125 2053 3206 dignum
2087 3127 2247 3207 quod
2294 3118 2533 3191 dicatur
2563 3136 2624 3191 et
2652 3134 2959 3191 memoriae
2992 3128 3306 3191 mandetur
3339 3148 3353 3206 ;
3389 3128 3549 3210 quod
3580 3130 3818 3212 quidem

427 3227 531 3272 eos
560 3210 662 3291 qui
682 3209 931 3273 aderant
963 3212 1216 3274 maxime
1239 3212 1310 3273 ad
1345 3213 1523 3275 fidem
1557 3213 1820 3289 adduxit,
1856 3223 1913 3276 et
1943 3216 2236 3295 persuasit
2265 3227 2329 3279 ut
2356 3219 2549 3280 solum
2586 3220 2772 3281 Deum
2819 3217 3229 3283 attenderem.

506 3303 631 3367 VH.
669 3302 952 3394 Quaedam
984 3306 1142 3394 enim
1179 3306 1397 3367 mulier
1423 3307 1539 3369 Zoe
1572 3307 1836 3379 nomine,
1863 3310 2083 3389 conjux

2248 3302 2327 3373 Z'.
2362 3312 2498 3380 Γυνὴ
2554 3313 2654 3390 γὰρ
2682 3333 2763 3377 τις
2822 3314 2943 3381 Ζωὴ
2974 3312 3207 3389 τοῦνομα
3238 3313 3458 3393 σύζυγος
3516 3316 3824 3394 Νικοστρᾶ-

424 3391 762 3483 Nicostrati,
797 3393 899 3475 qui
949 3393 1222 3483 ordinem
1257 3394 1563 3458 obtinebat
1606 3397 1932 3477 primicerii
1968 3401 2083 3478 (est

2168 3408 2279 3476 τοῦ,
2315 3403 2373 3466 ὃς
2416 3403 2513 3470 τὴν
2542 3408 2636 3459 τοῦ
2693 3403 3091 3482 πριμικηρινίου
3147 3402 3294 3469 τάξιν
3349 3391 3574 3483 ἐπεῖχεν
3614 3391 3726 3480 (ἓν-
3757 3403 3815 3462 δὲ

427 3490 627 3545 autem
657 3481 784 3574 haec
817 3500 935 3574 una
963 3482 1220 3563 dignitas
1252 3502 1323 3546 ex
1358 3484 1438 3574 iis
1464 3503 1594 3567 qua;
1626 3493 1765 3549 sunt
1789 3487 1899 3549 sub
1924 3506 2079 3568 prae-

2168 3494 2251 3547 καὶ
2297 3497 2453 3548 τοῦτο
2495 3497 2601 3548 τῶν
2631 3492 2732 3548 ὑπὸ
2765 3493 2863 3559 τὴν
2909 3481 3213 3572 ἐπαρχικὴν
3246 3494 3415 3572 χεῖρα
3446 3481 3813 3574 ἀξιωμάτων),

424 3572 703 3652 fectura),
738 3590 871 3635 cum
903 3573 963 3634 in
997 3559 1231 3652 gravem
1293 3559 1567 3637 morbum
1600 3559 1939 3658 incidisset,
1959 3597 2078 3640 non

2168 3582 2425 3656 νοσήματι
2509 3588 2867 3661 περιπεσοῦσα
2938 3580 3117 3656 δεινῷ,
3176 3582 3488 3662 φθέγγεσθαι
3543 3582 3641 3657 μὲν
3722 3588 3822 3643 οὐκ

423 3674 644 3740 poterat
678 3665 908 3738 quidem
942 3665 1096 3738 loqui
1124 3682 1312 3741 neque
1336 3669 1525 3727 cordis
1558 3679 1743 3726 motus
1768 3668 2077 3741 explicare:

2168 3668 2398 3750 ἐδύνατο,
2459 3672 2685 3729 συνιέναι
2762 3669 2816 3727 δὲ
2894 3672 2980 3728 καὶ
3058 3670 3268 3729 ἀκούειν
3326 3675 3433 3728 τῶν
3513 3671 3822 3750 λεγομένων

423 3751 759 3832 intelligere
784 3770 926 3815 vero
960 3761 1021 3815 et
1052 3754 1262 3816 audire
1293 3772 1423 3836 qum
1472 3754 1825 3817 dicebantur
1856 3765 2083 3837 poterat

2168 3759 2435 3819 ἀκώλυτον
2490 3761 2620 3842 εἶχε
2664 3762 2764 3830 τὴν
2809 3760 3085 3829 αἴσθησιν.
3149 3760 3317 3841 Αὕτη,
3366 3762 3422 3818 ἐν
3465 3769 3541 3836 νῷ
3587 3760 3822 3821 λαϐοῦσα

424 3843 574 3907 citra
627 3843 812 3904 ullum
871 3843 1393 3923 impedimentum.
1449 3844 1534 3907 Ea
1590 3854 1795 3909 mente
1850 3847 2082 3924 agitans

2168 3852 2229 3908 τὰ
2291 3858 2383 3908 τοῦ
2449 3851 2709 3928 μακαρίου
2772 3848 3135 3911 Σεϐασττανοῦ
3180 3851 3394 3929 ῥήματα
3452 3851 3525 3927 (ἐν
3597 3853 3697 3931 γὰρ
3755 3859 3823 3930 τῇ

421 3931 603 3996 verba
660 3931 817 3995 beati
873 3931 1207 3996 Sebastiani
1242 3934 1713 4012 (custodiebatur
1744 3936 1903 3998 enim
1936 3956 2080 4000 san-

2168 3940 2302 4015 οἷκίᾳ
2346 3941 2510 4009 αὖτῆς
2564 3939 2850 4015 ἐτηροῦντο
2893 3945 2941 3998 οἱ
2974 3941 3161 4019 ἅγιοι),
3207 3955 3325 4007 τοῖς
3368 3940 3669 4021 ὀφθαλμοῖς
3730 3941 3822 3998 ἐν-

426 4023 504 4088 cti
536 4023 597 4084 in
635 4025 764 4103 ejus
794 4022 971 4086 domo
1021 4043 1155 4086 cum
1187 4024 1288 4087 illa
1344 4039 1459 4086 non
1491 4035 1689 4107 posset
1720 4025 1919 4105 lingua
1962 4028 2073 4089 ad-

2168 4032 2378 4089 νεύουσα
2437 4037 2589 4104 πᾶσι,
2625 4032 2724 4098 τὴν
2787 4031 2951 4112 χεῖρά
2985 4051 3038 4087 τε
3085 4030 3408 4106 ἐπισείουσα,
3455 4033 3545 4089 καὶ
3574 4038 3681 4088 τῶν
3730 4042 3829 4093 τοῦ

426 4112 631 4176 mirari
663 4120 727 4174 ut
758 4131 889 4196 qua}
918 4121 1082 4176 recte
1112 4113 1269 4177 dicta
1303 4124 1527 4194 essent,
1564 4116 1753 4178 oculis
1802 4135 2074 4180 annuens

2168 4124 2309 4200 Ξιγίου
2378 4118 2555 4177 ποδῶν
2626 4118 2933 4200 ἁπτομένη,
2996 4120 3159 4197 κήρυξ
3230 4122 3318 4177 καὶ
3394 4125 3652 4178 σιωπῶσα
3723 4126 3823 4190 τῆς
3884 4129 3893 4135 ’

421 4203 724 4280 omnibus,
752 4212 813 4266 et
841 4223 1084 4267 manum
1116 4204 1390 4287 quatiens
1420 4224 1488 4266 ac
1514 4206 1706 4268 sancti
1736 4206 1922 4287 pedes
1950 4215 2076 4269 tan-

2168 4211 2408 4279 Ξιληθείας
2464 4209 2689 4286 ἐγίνετο.
2756 4210 2936 4273 Συνεὶς
3000 4210 3087 4267 οὖν
3147 4210 3354 4275 ἐκεῖνος
3407 4213 3436 4267 ὁ
3485 4210 3637 4276 θεῖος
3686 4210 3825 4289 ἀνὴρ

421 4312 572 4374 gens
603 4294 1035 4376 propemodum
1072 4313 1180 4376 per
1210 4304 1373 4357 muta
1402 4294 1555 4358 facta
1597 4313 1796 4358 vocem
1831 4296 2069 4373 edebat,

2168 4303 2231 4362 ὣς
2288 4299 2563 4378 οὖρανόθεν
2618 4299 2684 4367 ἧν
2740 4299 2835 4355 τού
2889 4299 3105 4377 γυναίου
3154 4302 3188 4369 ἡ
3250 4301 3485 4374 κίνησις,
3517 4302 3605 4357 καὶ
3648 4299 3822 4358 θέλων

420 4393 481 4447 et
505 4394 708 4448 tacens
734 4394 863 4446 erat
893 4384 1266 4466 prmdicatrix
1296 4385 1554 4465 pietatis.
1589 4389 1732 4451 Cum
1752 4394 1949 4447 autem
1985 4387 2074 4447 in-

2168 4388 2382 4453 πολλοὺς
2445 4390 2521 4453 είς
2594 4389 2881 4468 ἐπίγνωσιν
2936 4386 3022 4445 διὰ
3075 4397 3170 4447 τοῦ
3227 4391 3491 4467 θαύματος
3568 4389 3819 4469 ἆγαγειν,

420 4474 750 4537 tellexisset
797 4475 885 4535 vir
914 4473 1016 4536 ille
1065 4474 1298 4536 divinus
1331 4494 1449 4537 non
1506 4476 1637 4539 sine
1688 4477 1790 4538 Dei
1825 4476 2073 4537 numine

2168 4482 2230 4540 εἷς
2285 4478 2449 4553 μέσον
2508 4478 2670 4545 αὒτὴν
2725 4480 2915 4547 στῆναι
2980 4480 3219 4555 κελεύει,
3283 4482 3371 4537 καὶ
3422 4481 3514 4537 τὸν
3588 4482 3821 4560 Χριστὸν

421 4570 644 4625 moveri
695 4562 1034 4637 mulierem,
1097 4572 1155 4625 et
1198 4565 1380 4626 vellet
1438 4566 1796 4645 agnitionem
1854 4563 2072 4627 multos

2168 4566 2425 4636 Ξνυμήσας
2501 4570 2562 4624 τὸ
2630 4567 2818 4625 λαλεῖν
2903 4570 3035 4646 αὐτῇ
3108 4574 3443 4651 παραχρῆμα
3509 4572 3813 4651 χαρίζεται·

420 4652 722 4715 adducere
750 4670 856 4732 per
887 4652 1267 4729 miraculum,
1286 4655 1462 4734 jubet
1489 4673 1617 4718 eam
1662 4663 1819 4714 stare
1848 4653 1907 4713 in
1942 4671 2072 4715 me-

2168 4655 2287 4735 Ξπερ
2348 4659 2375 4712 ὁ
2435 4656 2791 4730 Νικόστρατος
2863 4655 2984 4715 ἰδὼν
3054 4659 3218 4728 ἀνῆκε
3276 4660 3376 4735 μὲν
3434 4665 3543 4717 τῶν
3602 4658 3814 4735 δεσμῶν

425 4742 547 4834 diu,
578 4741 886 4834 etChristo
913 4743 1155 4834 nomine
1179 4744 1471 4816 invocato,
1500 4744 1554 4805 ei
1584 4742 1805 4822 statim,
1830 4743 2078 4818 largitur

2168 4746 2276 4809 τοὺς
2338 4746 2541 4826 ἆγίους,
2592 4749 2917 4827 συγγνώμην
2975 4747 3031 4806 δὲ
3078 4750 3152 4808 ὧν
3214 4751 3288 4813 εἷς
3347 4750 3537 4815 αὐτοὺς
3595 4749 3816 4823 ἐπλημ-

420 4840 485 4894 ut
517 4831 812 4913 loquatur.
845 4830 1011 4905 Quod
1046 4833 1285 4911 quidem
1322 4846 1383 4896 ut
1412 4834 1657 4895 vidisset
1688 4834 2069 4914 Nicostratus,

2168 4836 2361 4911 αέλησε
2436 4840 2563 4915 πρὶν
2649 4841 3021 4909 αἰτιασάμενος
3055 4888 3071 4913 ,
3137 4838 3281 4907 ἠξίου
3352 4840 3563 4897 ἀπιέναι
3637 4839 3818 4918 πόῤῥω

422 4928 658 4983 sanctos
682 4921 921 5002 quidem
955 4923 1167 4987 laxavit
1196 4944 1228 4987 e
1258 4924 1535 4999 vinculis,
1566 4922 1746 5002 petita
1774 4931 1969 4985 autem
2000 4923 2074 4985 ab

2168 4934 2248 4984 τού
2306 4923 2517 4993 ἄστεος.
2584 4930 2699 4985 Τὼν
2742 4927 2907 5004 δὲμὴ
2959 4928 3321 5008 βουλομένων,
3358 4928 3496 4986 ἀλλὰ
3544 4928 3813 5009 λεγόντων

424 5010 516 5072 eis
545 5013 711 5073 venia
731 5013 886 5093 quod
913 5013 975 5076 in
1004 5033 1108 5076 eos
1135 5014 1299 5094 prius
1320 5014 1685 5093 deliquisset,
1719 5012 1947 5093 rogavit
1973 5032 2074 5075 ens

2168 5019 2230 5081 ὣς
2290 5022 2362 5077 Ού
2404 5021 2510 5075 τῶν
2558 5025 2894 5097 μαρτυρικὼν
2952 5020 3222 5077 στεφάνων
3283 5018 3481 5098 ἑτέροις
3539 5041 3813 5099 παραχω-

423 5109 490 5162 ut
516 5100 750 5163 abirent
782 5106 989 5183 procul
1018 5123 1051 5167 a
1081 5104 1337 5166 civitate.
1374 5102 1495 5165 Illis
1524 5120 1664 5165 vero
1703 5120 1913 5183 preces
1944 5103 2072 5184 ejus

2168 5108 2415 5182 ›ήσομεν,
2471 5101 2539 5164 Ἦ
2611 5110 2734 5187 γὰρ,
2812 5110 3169 5185 Nuda-sparo:
3242 5107 3370 5187 ἔφη.
3430 5109 3693 5187 μαιιάριος
3749 5111 3816 5164 ἂν

422 5209 544 5253 non
594 5191 1073 5275 admittentibus,
1106 5193 1211 5255 sed
1272 5191 1609 5255 dicentibus
1666 5211 1732 5255 se
1764 5211 1883 5254 non
1940 5211 2072 5255 esse

2168 5197 2300 5271 εἵην,
2348 5199 2393 5254 εἰ
2448 5201 2547 5264 τῆς
2605 5198 2752 5265 ὑμῶν
2811 5195 2989 5253 ἕνεκεν
3038 5200 3299 5277 σωνηρίας
3342 5200 3405 5255 τὸ
3458 5199 3612 5274 ἡμῶν
3674 5202 3817 5274 αἷμα

424 5298 589 5342 suam
637 5282 975 5362 prodituros
1009 5282 1401 5356 nobilitatem,
1436 5301 1549 5344 nec
1580 5283 1817 5345 coronis
1849 5292 2068 5366 marty-

423 5370 498 5433 rii
551 5371 684 5434 aliis
715 5390 849 5433 esse
879 5390 1173 5444 cessuros,
1206 5370 1411 5433 Essem
1459 5372 1583 5447 ille,
1620 5373 1831 5454 inquit,
1864 5392 2071 5436 revera

424 5460 585 5543 felix,
627 5468 674 5523 si
705 5479 883 5523 causa
911 5470 1122 5523 vestras
1150 5462 1356 5523 salutis
1392 5461 1737 5524 athleticam
1771 5472 2073 5525 certamen

424 5551 823 5633 suscepissem
848 5559 907 5611 et
939 5568 1134 5612 meum
1188 5552 1540 5631 sanguinem
1580 5572 1681 5633 pro
1716 5553 1879 5615 vobis
1918 5556 2072 5615 etfu-

425 5640 745 5714 dissem,ut
765 5639 973 5701 sordes
989 5640 1276 5702 malorum
1301 5641 1606 5704 abluerem
1627 5644 1907 5722 quasjam
1928 5644 2073 5706 mihi

423 5727 997 5791 inussitdaemouum
1032 5731 1454 5797 ministerium.
1490 5734 1607 5795 Sed
1633 5733 1681 5795 si
1716 5733 1851 5806 hoc,
1880 5733 2072 5815 aiunt,

2154 5287 2368 5368 ἐξὲχεα,
2429 5286 2569 5344 ὥστε
2624 5284 2982 5343 ἀπολύναοθαι
3037 5288 3131 5344 τὸν
3188 5288 3348 5366 ῥύπον
3405 5286 3466 5344 ὅν
3510 5311 3600 5363 μοι
3644 5310 3816 5365 προε-

2154 5379 2369 5445 ξὲνησεν
2426 5379 2461 5443 ἡ
2518 5376 2623 5432 τῶν
2679 5374 2945 5449 δαιμόνων
2988 5378 3270 5451 ὑπηρεσία,
3325 5378 3475 5436 Ἀλλ’
3519 5380 3566 5434 εἰ
3626 5380 3818 5437 τούτου

2154 5470 2298 5547 φασὶ,
2334 5464 2519 5543 βούλει
2582 5479 2791 5544 νυχεῖν,
2828 5467 2939 5546 χρὴ
3001 5472 3254 5546 πρότερον
3293 5470 3415 5533 τοὺς
3446 5466 3499 5525 ἐν
3545 5466 3816 5548 διαφόροις

2156 5559 2391 5634 εἱρκταῖς
2505 5556 2863 5631 τηρουμένους
2948 5556 3166 5615 ἐνταῦθα
3249 5562 3590 5635 συναθροῖσαι
3622 5604 3639 5632 ,
3726 5561 3815 5616 καὶ

2156 5645 2321 5720 δῶρον
2368 5644 2554 5707 αὖτοὺς
2614 5650 2690 5716 τῷ
2751 5653 2867 5720 Θεῷ
2923 5648 3313 5728 φροσαγαγεῖν,
3348 5649 3473 5705 εἶτα
3529 5649 3616 5705 καὶ
3674 5651 3810 5729 πρὸς

2154 5738 2217 5792 τὸ
2250 5734 2572 5808 ποθδύμενον
2604 5733 2756 5799 τέλος
2788 5734 2984 5797 ἐλθεῖν.

427 5823 515 5887 vis
543 5822 852 5907 consequi,
886 5842 1135 5891 necesse
1165 5835 1256 5892 est
1278 5837 1343 5892 ut
1362 5829 1462 5893 hic
1491 5829 1655 5911 prius
1676 5846 2000 5909 congreges
2030 5846 2133 5891 eos
2147 5826 2250 5914 qui
2270 5832 2333 5890 in
2363 5825 2613 5891 diversis
2633 5840 2947 5896 servantur
2967 5830 3313 5898 carceribus
3345 5838 3404 5897 et
3432 5847 3536 5897 eos
3558 5830 3807 5898 domum
