4066 6398
231 328 338 400 801

1077 325 1554 397 MARTYRIUM
1601 331 1663 395 S.
1710 323 2165 396 SEBASTIANI
2229 332 2328 395 ET
2373 319 2775 396 SOCIORUM.

3495 325 3614 398 802

227 465 351 529 Deo
383 465 623 527 offeras.
655 464 886 527 Deinde
918 463 1096 526 etiam
1128 464 1331 526 venias
1360 463 1429 525 ad
1466 465 1643 526 ﬁnem
1677 483 1855 546 quem
1892 464 2220 540 desideras,
2258 473 2321 527 ut
2352 466 2489 528 hinc
2523 467 2812 546 majorem
2844 464 3069 528 habeas
3100 464 3406 539 ﬁduciam,
3442 473 3506 528 ut
3535 486 3614 547 qu

229 575 348 617 non
379 556 572 617 solum
606 555 736 635 ipse
761 575 864 636 pro
895 555 1129 618 Christo
1161 555 1537 636 sacriﬁceris,
1573 555 1679 617 sed
1713 555 1888 618 etiam
1925 562 2105 616 totum
2143 557 2420 635 populum
2455 556 2508 617 ei
2541 575 2647 636 per
2674 557 2848 618 iidem
2882 556 3186 620 concilies.

307 650 404 712 [Υ.
458 652 616 716 Εὖθὺς
664 655 751 708 οὖν
809 655 834 706 6
895 653 1249 730 Νικόστρατος
1294 649 1462 706 ἐτέλει
1520 655 1577 706 τὸ
1607 660 1937 730 προστατ-ἒι

224 743 478 816 τύμενον,
539 743 636 798 καί
693 741 897 804 πάντας
957 742 1076 803 τοὺς
1139 741 1191 796 ἐν
1235 741 1453 815 δεσμοῖς
1486 743 1557 806 εἰς
1604 743 1692 797 τὸν
1725 746 1874 797 οἷκον

228 835 390 890 αυτοῦ
432 831 672 909 ἀγαγὼν,
735 844 853 892 τοῖς
901 831 1080 886 ἐκεῖσὲ
1136 838 1468 908 Χριστιανοῖς
1509 829 1870 908 ἐγκατέμιξεν,

225 921 296 978 Οἳ
357 923 494 999 παρα
548 929 640 978 τοῦ
684 921 943 999 μακαρίου
1001 918 1358 977 Σεϐαστιανοῦ
1413 923 1505 976 τὸν
1577 918 1737 998 λόγον
1791 919 1872 975 δι-

226 1005 514 1088 δαχθέντες
571 1014 671 1075 τῆς
728 1007 994 1071 εὒσεόείας
1053 1011 1494 1086 προεκαθαίροντο
1558 1011 1630 1074 είς
1675 1007 1871 1065 ὑποδο-

228 1099 340 1177 χὴν
399 1107 491 1155 τοῦ
542 1099 933 1176 βαπτίσματος,
999 1100 1308 1177 Χρωμάτιος
1365 1096 1420 1154 δὲ
1470 1101 1496 1154 6
1537 1104 1632 1166 τῆς
1667 1099 1873 1158 πόλεως

230 1187 500 1267 ἔπαρχος,
559 1191 724 1244 ταῦτα
783 1190 964 1264 μαθὼν
997 1234 1012 1264 ,
1071 1190 1164 1244 σὺν
1207 1190 1340 1266 ὀργῇ
1386 1188 1592 1246 κελεύει
1643 1187 1880 1262 Κλαυδίῳ

239 1280 658 1354 Κομενταρησίῳ
715 1278 928 1357 ταχέως
1001 1279 1093 1334 τὸν
1164 1282 1526 1356 Νικόστρατον
1609 1279 1878 1356 ἀγαγεῖν,

233 1368 319 1422 καὶ
377 1366 597 1446 ἀχθέντι
641 1367 786 1445 λέγει
845 1369 986 1443 αὐτῷ
1021 1384 1035 1398 ⁹
1099 1368 1216 1425 Ἵνα
1282 1370 1352 1441 τί,
1401 1369 1585 1425 ἀνοσία
1646 1367 1878 1447 κεφαλὴ,

234 1459 357 1521 τοὶς
403 1457 459 1512 ἐν
520 1455 910 1536 δεσμωτηρίοις
955 1459 1155 1523 πάντας
1214 1462 1269 1514 εν
1327 1465 1402 1533 τῷ
1447 1465 1525 1532 σῷ
1567 1456 1704 1532 οἴκῳ
1754 1481 1880 1514 συν-

235 1548 542 1625 ήθροισαςς
601 1545 662 1605 Ὀ
716 1545 771 1602 δὲ
816 1549 1275 1628 παρακρούσασθαι
1335 1549 1470 1611 τέως
1548 1551 1703 1607 αὐτὸν
1753 1551 1883 1625 βου-

238 1633 493 1711 λόμενος,
541 1635 678 1692 οὕτω
740 1645 1008 1717 νουνεχῶς
1041 1638 1376 1718 ἀποκρίνεται
1411 1655 1424 1668 ⁸
1489 1642 1562 1697 Οὐ
1608 1661 1880 1718 καταφρο-

241 1729 366 1800 νῶν,
411 1727 458 1782 ὦ
508 1725 754 1801 δικαστά,
809 1730 909 1794 τῆς
956 1734 1058 1795 σῆς
1091 1728 1323 1793 ἐξουσίας
1354 1731 1426 1791 εἷς
1487 1738 1640 1787 τοῦτο
1695 1729 1878 1805 ἦλθον,

239 1816 374 1871 ἀλλὰ
435 1818 648 1886 μείζονα
692 1824 1039 1894 Χριστιανοῖς
1097 1817 1370 1875 ἐπιτείνων
1417 1821 1510 1875 τὸν
1559 1817 1742 1899 φόϐον,
1789 1819 1882 1875 ἵνα

240 1906 333 1970 τάς
385 1907 760 1983 ἓπηρτημένας
793 1911 976 1971 αὖτοῖς
1035 1908 1294 1985 βασάνους
1353 1909 1406 1965 ἐν
1465 1909 1659 1986 ἑτέροις
1708 1913 1879 1986 ὁρῶν-

2044 648 2348 713 Vll[.Cunt
2384 652 2507 711 haec
2538 650 2716 711 verba
2739 650 3008 712 audisset
3031 648 3424 727 Nicostratus,
3463 650 3617 714 nihil

1959 748 2270 800 cunctatus
2292 739 2432 800 fecit
2454 739 2607 820 quod
2631 737 2962 818 jubebatur
2997 761 3009 802 :
3039 748 3097 801 et
3119 760 3252 802 cum
3281 759 3493 802 omnes
3517 741 3617 821 qui

1958 841 2127 890 erant
2162 830 2218 889 in
2253 829 2502 890 vinculis
2525 829 2797 890 duxisset
2823 837 2880 889 in
2907 831 3153 890 domum
3180 831 3610 904 suam,admis-

1959 921 2079 980 cuit
2103 918 2176 979 iis
2201 921 2298 999 qui
2323 919 2445 980 illic
2473 928 2640 981 erant
2662 920 3033 982 Christianis.
3071 917 3340 990 Quicum
3386 920 3612 984 abeato

1957 1011 2287 1069 Sebastiano
2321 1013 2650 1069 didicissent
2673 1015 2906 1070 Verbum
2937 1015 3210 1078 veritatis,
3237 1015 3343 1083 ipsi
3375 1014 3612 1085 quidem

1955 1097 2205 1176 jejuniis
2231 1107 2508 1158 vacantes
2541 1106 2599 1159 et
2632 1096 2937 1176 precibus,
2974 1096 3508 1177 praepurgabantur
3535 1097 3609 1160 ad

1963 1193 2396 1260 suscipiendum
2421 1190 2941 1262 baptismum.Cum
2966 1197 3155 1248 autem
3181 1192 3480 1262 praefectus
3509 1206 3609 1250 ur-

1968 1275 2060 1336 bis
2091 1275 2468 1337 Chromatius
2501 1276 2830 1338 audivisset
2861 1293 3070 1337 omnes
3102 1294 3236 1336 reos
3281 1295 3314 1336 a
3361 1276 3612 1338 vinculis

1969 1365 2190 1426 laxatos
2218 1367 2440 1427 versari
2465 1367 2522 1426 in
2548 1365 2724 1427 domo
2756 1363 3098 1440 Nicostrati,
3133 1365 3340 1426 dolore
3363 1366 3611 1428 affectus

1959 1455 2136 1534 jubet
2155 1455 2404 1517 Claudio
2429 1455 2973 1518 Commentariensi
2996 1473 3130 1516 eum
3164 1454 3461 1516 adducere
3484 1474 3612 1516 ma-

1966 1564 2082 1623 gna
2124 1545 2456 1608 celeritate.
2492 1543 2604 1617 Qui
2637 1565 2770 1607 cum
2802 1545 3010 1607 fuisset
3057 1543 3350 1606 adductus
3395 1545 3520 1606 haec
3557 1544 3614 1606 ei

1967 1635 2111 1699 dicit
2139 1653 2154 1696 :
2195 1636 2334 1710 Cur,
2371 1655 2406 1697 ο
2434 1643 2613 1716 caput
2643 1635 3030 1716 impium,eos
3067 1634 3167 1714 qui
3200 1635 3454 1696 erantin
3476 1652 3613 1696 car-

1967 1723 2208 1786 ceribus
2231 1725 2584 1804 congregari
2606 1725 2798 1786 fecisti
2825 1724 2987 1785 domi
3020 1733 3134 1786 tute
3157 1730 3184 1786 ?
3202 1723 3310 1787 Ille
3337 1742 3474 1786 vero
3507 1741 3614 1786 vo-

1967 1814 2097 1876 lens
2133 1814 2370 1875 interim
2404 1833 2538 1876 eum
2572 1815 2876 1895 decipere,
2911 1813 3213 1892 sapienter
3241 1814 3327 1875 sic
3357 1833 3614 1895 respon-

1967 1904 2052 1964 dit
2088 1926 2100 1966 :
2139 1903 2264 1964 Non
2300 1913 2487 1984 tuam,
2520 1923 2553 1965 ο
2587 1904 2793 1982 judex,
2828 1903 3166 1983 despiciens
3222 1911 3607 1984 potestatem;

240 2015 324 2061 τες
375 2008 491 2060 τοῖς
547 2003 654 2052 τῶν
711 1997 976 2072 βασιλέων
1037 2002 1289 2054 πεισθῶσι
1369 2001 1708 2071 θεσπίσμασι.
1771 2004 1880 2064 Τῆς

1970 1999 2094 2068 quis
2117 2000 2270 2054 enim
2305 2008 2459 2054 tanta
2484 2007 2632 2055 esset
2653 1997 2890 2055 audacia
2917 1999 2942 2052 ?
2973 1997 3071 2054 sed
3105 1997 3408 2054 intendens
3447 1997 3613 2055 Chri-

239 2084 470 2150 ἐπινοίας
527 2087 699 2142 τοίνυν
770 2088 1044 2160 θαυμάσας
1106 2090 1262 2146 αὐτὸν
1334 2089 1362 2142 ὃ
1425 2087 1686 2166 ἔπαρχος,
1736 2087 1884 2144 οὔπω

1970 2084 2173 2146 stianis
2196 2084 2484 2162 majorem
2519 2091 2741 2144 metum
2775 2083 3196 2163 supplicii,hoc
3218 2101 3354 2144 cum
3378 2101 3617 2160 aggres-

237 2175 335 2252 γὰρ
365 2175 467 2242 τὴν
512 2176 725 2243 ἀπάτην
785 2177 968 2250 συνίει,
1031 2180 1161 2255 πρὸς
1204 2179 1295 2233 τὸν
1340 2178 1495 2234 οἶκον
1553 2179 1762 2234 ἀπιέναι
1797 2198 1884 2233 κει

1970 2193 2068 2234 sus
2103 2196 2116 2232 :
2150 2183 2212 2234 ut
2242 2192 2375 2254 quae
2409 2173 2495 2234 eis
2545 2171 2936 2234 imminebant
2998 2181 3291 2234 tormenta
3347 2173 3615 2235 videntes

238 2263 375 2320 λεύει
410 2286 426 2300 ⁸
461 2264 522 2322 Ὀ
552 2265 608 2320 δὲ
643 2265 880 2340 Κλαυδίῳ
914 2269 1332 2342 Κομενταρησίῳ
1382 2265 1568 2323 οἴκαδε
1615 2269 1884 2324 συναπιὼν

238 2353 482 2432 διηγεῖτο
525 2357 584 2411 τὸ
627 2364 718 2412 τοῦ
763 2358 1024 2434 μακαρίου
1068 2355 1427 2414 Σεϐαστιανοῦ
1488 2357 1752 2436 φιλόθεον,
1797 2357 1884 2412 καὶ

237 2444 383 2506 ὅπως
438 2445 502 2500 τὰ
546 2445 773 2522 μέγιστα
829 2447 972 2522 παρὰ
1055 2460 1174 2510 τοῖς
1258 2447 1535 2523 βασιλεῦσι
1598 2444 1883 2520 δυνάμενος

238 2533 462 2611 παρεῖδε
507 2537 597 2590 καὶ
649 2533 802 2602 δόξαν
861 2538 945 2592 κοὶ
990 2535 1219 2593 πλοῦτον
1280 2540 1374 2592 καί
1419 2535 1749 2613 δυναστείαν,
1801 2537 1886 2591 καὶ

243 2631 327 2679 νῦν
369 2623 578 2679 σύνεστι
636 2632 995 2702 Χριστιανοῖς,
1046 2625 1306 2682 διδάσκων
1352 2627 1540 2688 αὐτοὺς
1599 2627 1700 2692 τὴν
1731 2625 1886 2682 εὗσέ-

241 2710 389 2768 ϐειαν
443 2715 533 2769 καὶ
585 2716 677 2771 τὸν
727 2714 887 2794 λόγον
931 2717 1032 2782 τῆς
1092 2715 1340 2782 ἀληθείας
1385 2714 1700 2792 παραδόξοις
1758 2715 1888 2772 θαύ-

245 2823 376 2876 μασι
406 2799 657 2878 βεϐαιῶν.

1967 2264 2026 2325 in
2059 2263 2217 2338 aliis,
2258 2263 2673 2337 extimescant,
2708 2271 2765 2324 et
2797 2272 3036 2342 parcant
3069 2263 3328 2324 decretis
3359 2263 3614 2342 impera-

1970 2367 2188 2418 torum.
2223 2354 2370 2430 Ejus
2404 2353 2598 2433 itaque
2647 2352 2872 2430 ingenii
2923 2352 3225 2414 solertiam
3286 2352 3613 2433 admiratus

1970 2445 2284 2524 prasfectns
2317 2443 2502 2516 urbis,
2541 2443 2812 2504 fraudem
2865 2442 3024 2504 enim
3078 2461 3193 2504 non
3249 2441 3617 2522 intelligebat

1964 2534 2142 2612 jussit
2166 2534 2364 2596 redire
2391 2533 2657 2594 domum.
2687 2529 2793 2592 Ille
2816 2540 3014 2593 autem
3042 2534 3284 2594 domum
3307 2543 3616 2595 revertens

1969 2623 2146 2684 simul
2179 2642 2310 2684 cum
2377 2621 2625 2683 Claudio
2675 2621 3237 2697 Commentariensi,
3274 2622 3529 2684 narravit
3559 2621 3616 2684 ei

1972 2714 2249 2792 pietatem
2281 2713 2435 2774 beati
2456 2711 2790 2772 Sebastiani
2815 2712 3074 2792 :etquod
3101 2731 3233 2774 cum
3261 2720 3418 2773 esset
3438 2721 3615 2774 notus

1970 2803 2431 2881 imperatoribus
2455 2810 2517 2862 et
2541 2802 2593 2861 ei
2617 2801 2688 2862 ab
2713 2801 2834 2863 illis
2859 2802 3107 2863 maxima
3130 2800 3450 2864 haberetur
3467 2801 3616 2864 ﬁdes

243 2895 589 2974 despexerit
639 2897 912 2975 gloriam,
947 2905 1004 2960 et
1034 2916 1200 2979 opes,
1235 2906 1292 2960 et
1324 2897 1675 2978 potentiam,
1711 2905 1771 2959 et
1800 2916 1958 2958 nunc
2005 2904 2280 2958 versetur
2309 2915 2441 2956 cum
2472 2897 2846 2971 Christianis,
2883 2914 2984 2958 eos
3016 2897 3338 2958 exhortans
3371 2916 3385 2976 ;
3420 2904 3480 2957 et
3526 2895 3616 2958 eis

245 2984 509 3046 animum
554 2986 784 3050 addens
817 2987 890 3049 ad
925 2986 1226 3068 pietatem,
1259 2995 1319 3050 et
1348 2986 1532 3067 signis
1559 3005 1694 3066 quas
1745 2996 1880 3048 sunt
1911 2994 2118 3048 contra
2147 2985 2514 3066 opinionem,
2545 2994 2602 3048 et
2635 2985 2939 3047 miraculis
2977 2984 3221 3047 verbum
3254 2985 3615 3047 conﬁrmans

239 3075 523 3139 veritatis.

321 3171 412 3232 9’.
464 3172 673 3231 Τούτων
715 3173 944 3236 ἀκούσας
999 3175 1024 3230 6
1060 3172 1317 3238 Κλαύδιος
1349 3171 1604 3250 δρομαῖος
1637 3172 1881 3254 ἀφικνεῖ-
1906 3185 1945 3236 C

237 3285 325 3320 ται
370 3264 503 3342 πρὸς
559 3263 659 3329 τὴν
703 3263 894 3342 οἰκίαν,
949 3265 1035 3321 καὶ
1077 3265 1200 3328 τοὺς
1261 3261 1350 3321 δύο
1406 3261 1584 3322 λαϐὼν
1611 3265 1775 3339 υἱοὺς,
1812 3265 1885 3323 ὧν

238 3356 266 3409 6
321 3352 420 3428 μὲν
477 3355 744 3428 νοσήματι
805 3355 1036 3435 χαλεπῴ
1079 3357 1139 3410 τὸ
1201 3364 1295 3413 τοῦ
1351 3352 1588 3433 ὕδρωπος
1619 3356 1888 3430 προσεπά-

235 3443 409 3522 λαιεν,
446 3445 475 3498 6
535 3440 588 3498 δὲ
645 3443 769 3508 ὅλος
813 3445 1138 3524 τραυματίας
1181 3445 1248 3512 ἦν
1305 3448 1392 3501 καὶ
1452 3442 1882 3524 λελεπρωμὲνος,

235 3532 363 3600 ἦλθε
421 3533 555 3611 πρὸς
617 3534 998 3614 Νικόστρατον,
1057 3532 1178 3591 ἔνθα
1248 3534 1384 3601 ἦσαν
1427 3535 1514 3592 καὶ
1559 3535 1726 3612 ἅγιοι,
1799 3539 1886 3591 καὶ

234 3625 415 3679 πεσὼν
475 3624 548 3687 εἷς
598 3628 701 3701 γῆν
759 3626 1067 3702 προσεκύνει
1129 3625 1318 3687 αὐτοὺς
1346 3672 1360 3697 ,
1426 3623 1706 3701 ὁμολογῶν
1784 3626 1884 3692 τὴν

236 3711 508 3770 εὐσέϐειαν
577 3716 664 3770 καὶ
725 3720 827 3770 τῶν
886 3718 1010 3771 υἱῶν
1089 3715 1370 3794 θεραπείαν
1436 3715 1725 3785 ἐπιζητῶν.
1790 3715 1884 3778 Ὠς

238 3805 324 3860 οὖν
385 3801 528 3859 ἅπαν
585 3804 646 3859 16
691 3803 903 3880 οἴκημα
945 3802 1144 3882 ἀνδρῶν
1217 3805 1303 3860 καὶ
1355 3809 1618 3880 γυναικῶν
1681 3803 1885 3881 πλῆρες

236 3893 306 3960 ἦν
357 3891 464 3948 τῶν
515 3891 812 3969 δεξαμένων
843 3893 930 3951 τὸν
975 3892 1135 3972 λόγον
1165 3899 1264 3961 τῆς
1320 3893 1572 3972 πίστεως,
1607 3891 1884 3971 Πολύκαρ-

238 3982 341 4044 πός
399 4003 482 4048 τις
539 3983 671 4061 ἀνὴρ
715 3982 936 4052 εὐσεϐὴς
996 3985 1084 4040 καὶ
1141 3981 1491 4062 πρεσϐύτερος
1532 3984 1628 4051 τὴν
1683 3985 1884 4061 ἱερατι-

237 4074 340 4138 κὴν
396 4071 596 4140 στολην
652 4072 1001 4149 ἐνδυσάμενος
1060 4076 1147 4130 καὶ
1219 4075 1315 4138 τὰς
1367 4074 1608 4142 συνήθεις
1665 4071 1885 4136 τελέσας

236 4162 409 4240 sit-La;
461 4170 538 4237 τῷ
581 4164 703 4238 θείῳ
743 4165 948 4227 πάντας
1007 4164 1340 4240 βαπτίσματι
1411 4162 1636 4220 τελειοῖ⁹
1696 4162 1811 4238 μεθ’
1858 4163 1886 4217 ὃ

240 4251 366 4314 τοὺς
423 4251 474 4306 ἐν
555 4253 846 4317 ἀσθενείαις
928 4253 1336 4330 ἐξεταζομένους
1411 4253 1478 4321 ἧν
1534 4251 1667 4310 ἰδεῖν
1726 4253 1885 4330 psum

229 4340 496 4408 λαϐόντας
525 4347 614 4402 καὶ
661 4343 929 4414 ἀλλήλους
962 4347 1094 4424 πρὸς
1139 4346 1236 4413 τὴν
1271 4343 1493 4412 ἄθλησιν
1537 4345 1884 4424 παραθήγον-

227 4455 355 4497 τας.
407 4433 564 4491 Ἐπεῖ
619 4433 674 4490 δὲ
727 4437 754 4491 ὁ
798 4433 962 4499 δοθεὶς
1013 4439 1198 4500 αὺτοῖς
1258 4437 1433 4512 καιρὸς
1477 4435 1572 4503 τῆς
1617 4431 1884 4500 ἀναϐολῆς

226 4521 544 4601 διέῤῥευσεν,
605 4527 632 4581 6
689 4525 930 4604 ἔπαρχος
1014 4523 1380 4604 Τραγκυλῖνον
1438 4523 1885 4599 μετακαλεσάμε-

225 4635 320 4674 νος
364 4615 457 4670 τὸν
504 4616 866 4690 Μαρκελλίνου
910 4617 999 4672 καὶ
1033 4616 1248 4693 Μάρκου
1301 4614 1530 4694 πατέρα,
1591 4615 1740 4672 οὔπω
1784 4615 1883 4694 γὰρ

226 4704 350 4783 ᾕδει
397 4706 479 4762 ὅτι
525 4708 776 4774 κάκεῖνος
827 4709 1142 4785 Χριστιανός
1194 4708 1328 4782 ἐστι,
1364 4707 1508 4787 λέγει
1563 4707 1726 4783 αὐτῷ·
1764 4707 1885 4763 ’Ἑτι

229 4795 283 4853 οἱ
341 4796 444 4852 υἱοί
481 4819 574 4854 σου
634 4798 910 4856 ἀπειθοῦσι
962 4799 1111 4856 θύσαι
1157 4810 1272 4863 τοῖς
1314 4801 1457 4858 θεοῖς
1495 4815 1512 4872 ;
1554 4799 1614 4855 Ὅ
1650 4795 1703 4854 δέ
1754 4799 1885 4874 πρὸς

229 4888 422 4956 αὖτον,
451 4888 738 4970 Μακάριοι,
773 4893 950 4968 εἶπεν,
1013 4888 1211 4945 ἐκεῖνοι
1269 4890 1370 4954 τῆς
1426 4888 1681 4954 τοιαύτης
1739 4888 1885 4965 γνὼ-

230 4999 374 5052 μης,
437 4974 518 5033 ὅτι
574 4981 674 5046 τίς
728 4977 936 5047 πλάνης
995 4977 1418 5056 ἀπαλλαγέντες,
1479 4977 1578 5043 τὴν
1635 4975 1886 5047 ἀλήθειαν

229 5065 505 5147 ἔγνωσαν,
539 5067 679 5143 κάμὲ
723 5069 854 5148 πρὸς
911 5069 1109 5135 ταύτην
1163 5066 1477 5146 ὡδήγησαν,
1525 5067 1588 5124 ὀ
1644 5067 1884 5146 ἔπαρχος

228 5155 419 5212 εἶπενο
456 5155 664 5222 ’Ὄντως
713 5156 778 5226 δὴ
829 5159 917 5215 καὶ
959 5160 1120 5223 αὐτὸς
1176 5156 1482 5225 ἠλλοιώθης
1538 5157 1633 5220 τὰς
1693 5157 1884 5237 φρένας

227 5245 420 5325 λύγοις
481 5247 787 5315 ἀπατηλοῖς
862 5250 996 5328 πρὸς
1079 5250 1177 5316 τήν
1263 5246 1625 5322 κακοδαίμονα
1687 5247 1883 5313 ταύτην

221 5337 519 5416 θρησκείαν
579 5336 947 5416 μεταϐαλὼνς
1009 5340 1106 5397 Καὶ
1161 5341 1190 5394 6
1261 5336 1655 5416 Τραγκυλῖνος,
1711 5340 1882 5416 Εἶχον

222 5428 354 5505 μὲν,
390 5427 546 5508 φησί,
581 5429 669 5484 καὶ
699 5429 855 5494 αὐτός
907 5449 1036 5485 ποτε
1096 5427 1234 5484 οὕτω
1281 5427 1527 5508 γνώμης,
1562 5429 1606 5482 ὦ
1636 5425 1876 5494 δικαστὰ,

221 5519 317 5574 καὶ
375 5519 726 5595 Χριστιανοὺς
791 5519 1092 5575 ἀπατᾶσθαι
1167 5518 1410 5594 ἓνὸμιζον
1444 5536 1458 5552 ·
1518 5517 1638 5574 ἐπεὶ
1703 5513 1756 5572 δὲ
1805 5523 1882 5592 τῷ

223 5609 456 5687 γενναίῳ
538 5605 793 5687 ἐνέτυχον
869 5607 1210 5682 Σεϐαστιανῷ
1266 5605 1409 5688 ἀνδρὶ
1467 5620 1750 5688 περιφανεῖ
1796 5608 1880 5664 καὶ

223 5697 534 5781 προσφιλεῖ
608 5711 727 5763 τοῖς
787 5709 1061 5781 κρατοῦσι,
1119 5697 1246 5776 παρ’
1327 5702 1485 5759 αὒτοῦ
1547 5719 1603 5757 τε
1661 5699 1726 5756 τὰ
1782 5705 1879 5768 τῆς

2049 3170 2292 3233 IX.Hasc
2316 3189 2448 3232 cum
2473 3169 2795 3232 audivisset
2817 3169 3100 3234 Claudius
3123 3175 3182 3230 et
3203 3177 3613 3233 essetconsau-

1969 3262 2159 3324 ciatus
2195 3260 2419 3325 Christi
2452 3260 2783 3336 desiderio,
2816 3259 3038 3322 cursim
3072 3259 3314 3322 domum
3339 3261 3522 3341 venit,
3553 3271 3616 3323 et

1971 3354 2206 3417 duobus
2263 3356 2523 3434 acceptis
2583 3353 2743 3428 ﬁliis,
2797 3372 2867 3414 ex
2922 3351 3136 3434 quibus
3193 3353 3344 3414 alter
3371 3353 3614 3434 quidem

1971 3443 2420 3508 conﬂictabatur
2477 3462 2611 3505 cum
2671 3443 2832 3523 gravi
2865 3442 3072 3504 morbo
3108 3442 3410 3524 hydropis,
3457 3444 3615 3506 alter

1969 3546 2168 3597 autem
2195 3545 2325 3597 erat
2347 3543 2502 3597 totus
2523 3533 2835 3595 ulcerosus
2866 3542 2926 3596 et
2956 3533 3252 3614 leprosus,
3278 3534 3510 3596 accedit
3536 3534 3610 3594 ad

1969 3626 2367 3688 Nicostratum
2421 3624 2576 3704 apud
2631 3643 2811 3705 quem
2873 3633 3041 3685 erant
3090 3628 3323 3700 sancti;
3375 3633 3433 3685 et
3477 3642 3612 3686 cum

1970 3715 2288 3777 cecidisset
2349 3715 2410 3775 in
2454 3722 2697 3793 terram,
2752 3712 3036 3775 adorabat
3091 3713 3272 3793 ipsos,
3325 3714 3616 3776 conﬁtens

1970 3805 2277 3884 pietatem,
2311 3810 2372 3866 et
2406 3812 2618 3884 petens
2650 3812 2712 3863 ut
2754 3809 3102 3864 curarentur
3132 3801 3261 3864 ﬁlii.
3297 3801 3441 3863 Cum
3475 3820 3614 3880 ergo

1970 3903 2091 3956 tota
2111 3893 2324 3954 domus
2343 3902 2498 3955 esset
2523 3893 2700 3973 plena
2722 3891 2864 3953 viris
2890 3900 2945 3952 et
2969 3890 3450 3972 mulieribus,qui
3471 3910 3609 3953 ver-

1968 3983 2109 4045 bum
2136 3982 2274 4044 ﬁdei
2293 3980 2953 4062 suscoperant,quidam
2973 3981 3328 4061 Polycarpus
3351 3981 3606 4063 virpius,

1970 4081 2028 4135 et
2051 4073 2488 4154 presbyteratus
2511 4071 2853 4149 dignitatem
2880 4079 3214 4146 assecutus,
3247 4071 3400 4132 stola
3421 4089 3617 4134 sacer-

1969 4163 2150 4225 dotali
2182 4162 2448 4242 indutus,
2483 4163 2738 4242 peractis
2769 4161 3072 4222 consuetis
3126 4159 3431 4240 precibus,
3468 4179 3613 4242 per-

1968 4253 2090 4316 ﬁcit
2115 4271 2324 4316 omnes
2355 4252 2554 4313 divino
2585 4250 2963 4332 baptismate.
2997 4248 3314 4329 Postquam
3347 4267 3482 4312 cum
3514 4251 3617 4330 qui

1972 4341 2180 4404 morbo
2213 4342 2560 4405 laborabant
2591 4342 2904 4403 sanitatem
2944 4346 3427 4420 recuperassent,
3460 4345 3520 4400 et
3548 4357 3614 4401 se

1967 4432 2221 4495 invicem
2283 4433 2739 4495 exltortarentur
2794 4432 2865 4492 ad
2935 4428 3316 4510 suscipienda
3379 4427 3616 4491 fortiter

1968 4522 2600 4604 certamina,quoniam
2637 4521 3105 4604 praeterﬂuxerat
3134 4519 3292 4601 quod
3323 4519 3379 4582 ei
3407 4519 3612 4581 datum

1909 4606 1951 4658 ο
1969 4614 2164 4676 fuerat
2185 4623 2420 4692 tempus
2446 4613 3099 4692 dilationis,praefectus
3124 4609 3614 4673 accersitoTran-

1969 4705 2224 4781 quillino
2257 4713 2422 4784 patre
2451 4702 2784 4766 Marcellini
2833 4710 2889 4763 et
2917 4700 3119 4782 Marci,
3157 4699 3423 4762 nondum
3454 4701 3614 4761 enim

1970 4794 2196 4856 sciebat
2217 4796 2379 4857 iitum
2404 4793 2754 4872 religionem
2781 4801 2989 4853 tenere
3010 4790 3404 4854 Christianam
3421 4790 3614 4870 ejecto

1970 4887 2133 4945 cultu
2162 4884 2646 4958 simulacrorum,
2681 4883 2824 4944 dicit
2864 4880 2920 4941 ei
2958 4899 2970 4943 :
3029 4879 3322 4942 Adhucne
3369 4878 3454 4941 tui
3508 4879 3615 4941 ﬁlii

1970 4983 2247 5036 recusant
2277 4973 2352 5035 iis
2378 4972 2714 5034 sacriﬁcare
2747 4977 3204 5033 contemnentes
3227 4970 3395 5049 jussa
3417 4970 3614 5050 impe-

1970 5070 2264 5127 ratorum?
2287 5069 2388 5126 llle
2411 5083 2544 5125 vero
2569 5065 3092 5136 dixit,respondens
3124 5081 3136 5116 :
3164 5065 3321 5122 Beati
3345 5063 3615 5137 illi,quod

1970 5155 2088 5217 sint
2117 5156 2177 5216 in
2213 5155 2320 5218 hac
2351 5154 2674 5229 sententia,
2709 5161 2766 5214 et
2816 5152 2888 5214 ab
2921 5169 3126 5214 errore
3156 5149 3390 5212 liberati
3423 5152 3613 5231 ipsam

1966 5246 2309 5324 agnoverint
2340 5245 2676 5317 veritatem,
2714 5251 2771 5305 et
2809 5243 2900 5305 vix
2935 5262 3028 5305 me
3059 5241 3296 5304 tandem
3351 5240 3423 5303 ad
3474 5260 3609 5302 eam

1965 5334 2515 5399 deduxerint.Dixit
2540 5333 2856 5414 praefectus
2882 5331 3078 5394 urbis:
3106 5331 3260 5410 Ergo
3285 5338 3346 5393 tu
3370 5349 3612 5412 quoque

1964 5444 2172 5488 revera
2233 5426 2576 5487 immutatus
2633 5443 2668 5486 a
2725 5432 2926 5486 mente
2985 5421 3358 5495 discessisti,
3413 5420 3610 5482 verbis

1963 5515 2221 5577 credens
2253 5514 2588 5594 fallacibus,
2621 5525 2679 5576 et
2701 5514 2773 5576 ad
2803 5516 2952 5576 hanc
2976 5512 3276 5584 infelicem
3303 5511 3608 5572 traductus

1963 5605 2313 5685 religionem
2334 5605 2364 5665 ‘2
2385 5604 2537 5666 Dixit
2559 5603 3030 5685 Tranquillinus:
3046 5601 3219 5664 Eram
3244 5618 3352 5680 ego
3373 5617 3611 5682 quoque

1963 5695 2283 5778 aliquando
2315 5695 2377 5758 in
2408 5696 2517 5760 hac
2548 5695 2845 5760 sententia
2873 5694 3142 5775 ojutlex,
3193 5699 3254 5754 et
3309 5690 3409 5771 qui
3457 5687 3609 5752 reli-
