4066 6400
451 322 570 395 803

1619 324 2006 388 ADDENDA.
2075 355 2143 366 —
2209 319 2662 386 JANUABIUS.

3714 316 3832 385 804

459 461 695 540 gionem
720 457 1103 525 sectabamur
1118 456 1508 521 Christianam
1531 451 1861 517 arbitrabar
1877 452 2098 533 decipi,

2185 455 2410 520 πίστεως
2467 455 2632 534 ἔγνων
2676 457 2748 517 ὡς
2805 455 2975 528 σεμνά
3038 476 3156 511 τινα
3217 455 3303 511 καὶ
3361 453 3646 533 σεϐάσμια,
3709 451 3832 510 ἀλλ’

459 562 513 610 et
536 570 650 612 non
684 571 805 613 esse
837 571 986 612 same
1019 552 1244 609 mentis.
1275 550 1574 621 Postquam
1601 549 2098 618 autemogrogium

457 641 716 701 conveni
749 634 1390 708 Sebastianum,virum
1427 632 1746 710 insignem,
1772 638 1829 690 et
1864 630 1962 710 qui
1986 638 2096 703 est,

454 738 517 787 ut
541 730 673 794 scis.
702 746 912 803 magno
933 729 1121 787 studio
1142 725 1669 796 imperatoribus,ot
1693 723 1763 780 ab
1785 724 1906 792 ipso
1930 721 2098 779 didici

457 835 634 896 quam
667 817 743 877 sit
773 817 1022 877 honesta
1079 821 1135 874 et
1197 809 1536 872 veneranda
1593 807 1764 881 fides,
1799 815 1856 867 et
1887 825 2005 868 non
2038 817 2102 867 ut

457 912 659 967 nostra
690 903 1056 986 superstitio,
1089 899 1328 962 sordida
1359 907 1415 962 et
1447 899 1674 971 odiosa,
1704 896 1884 956 didici
1912 915 2098 977 expe-

451 993 668 1054 rientia
700 1013 875 1075 quem
933 995 1118 1055 Deum
1173 989 1371 1051 colere
1432 997 1722 1068 oporteat.
1777 986 1962 1057 Quem
1999 987 2100 1066 qui

449 1081 744 1160 ignorant,
781 1086 826 1144 si
858 1083 943 1144 fas
975 1084 1050 1142 sit
1079 1081 1306 1154 dicere,
1341 1087 1480 1139 sunt
1533 1085 1775 1157 propter
1832 1093 2098 1136 errorem

450 1172 852 1243 miserabiles,
889 1180 948 1234 et
976 1190 1045 1234 eo
1080 1169 1266 1248 magis
1291 1168 1450 1248 quod
1485 1167 1599 1227 sibi
1633 1165 1946 1228 videantur
1968 1183 2100 1226 esse

445 1263 746 1343 sani,cum
771 1282 888 1324 non
915 1261 1037 1322 sint
1057 1260 1187 1320 sani
1233 1256 1531 1320 sensibus.
1559 1255 1714 1318 Dixit
1743 1254 1910 1315 urbis
1944 1273 2098 1333 pra:-

451 1349 679 1412 fectus:
709 1349 1205 1432 Dic,quibusnam
1235 1345 1430 1408 verbis
1453 1344 1707 1407 credens
1731 1350 1831 1406 aut
1851 1343 2017 1405 factis
2039 1361 2102 1404 es

452 1439 604 1502 adeo
638 1448 919 1519 mutatus,
956 1447 1014 1499 ut
1045 1455 1180 1498 eum
1234 1455 1339 1516 pro
1393 1437 1514 1497 Deo
1547 1433 1768 1496 habeas
1801 1433 1901 1514 qui
1935 1442 2101 1495 actus

2182 550 2287 625 οὔχ
2329 550 2420 602 οἷα
2479 546 2544 601 τά
2587 543 2838 622 ὑμέτερα,
2901 544 3106 621 ῥυπαρά
3151 566 3206 600 τε
3250 545 3338 601 καὶ
3396 544 3627 620 ἔμμυσα,
3677 545 3832 616 πείρᾳ

2183 637 2470 709 μεμάθηκα
2513 636 2626 693 τίνα
2670 633 2754 690 δεῖ
2785 632 2957 690 σέϐειν
3003 636 3156 712 Θεὸν,
3189 635 3247 691 ὃν
3298 637 3345 690 οἱ
3397 634 3730 712 ἀγνοοῦντες,
3787 633 3831 688 εἰ

2183 725 2260 800 μὴ
2312 725 2583 802 τολμηρὸν
2614 725 2813 794 εἰπεῖν,
2848 724 3067 780 ἐλεεινοὶ
3100 729 3194 790 τῆς
3227 722 3462 804 πλάνης,
3496 723 3558 780 Ὀ
3589 722 3830 802 ἔπαρχος

2183 815 2351 871 εἶπε·
2416 821 2510 872 Καὶ
2566 815 2670 872 τίσι
2728 813 2910 892 λόγοις
2965 815 3000 882 ἢ
3077 813 3253 892 ἔργοις
3321 814 3635 888 πειθόμειος
3693 813 3833 868 οὕτω

2184 903 2518 979 μετεϐλήθης
2578 907 2650 969 ὡς
2707 907 2791 959 καὶ
2853 911 2969 976 Θεῷ
3041 903 3397 982 προσανέχειν
3445 904 3546 958 ὑπὸ
3608 903 3833 979 σταυρὸν

2183 993 2412 1074 ἒλθόντι,
2471 998 2558 1050 καὶ
2608 991 2778 1050 τᾶλλα
2828 996 3046 1050 παθόντι
3097 994 3162 1048 τὰ
3191 991 3562 1065 ἐπονείδιστας
3599 1001 3833 1068 Τραγκυο

2184 1082 2333 1147 λῖνος
2381 1084 2538 1140 εἶπεν
2569 1099 2580 1113 ·
2625 1085 2678 1139 El
2707 1082 3031 1148 ἀνεξικάκως
3063 1081 3275 1152 ἤκουες,
3311 1081 3358 1136 ὦ
3388 1079 3630 1154 δικαστά,
3665 1078 3834 1145 ἔδειξα

2186 1172 2246 1228 ἅν
2303 1195 2383 1229 σοι
2431 1174 2522 1228 τὸν
2565 1171 2964 1251 ἒσταυρωμένον
2994 1178 3179 1228 τοῦτον
3208 1173 3302 1228 τὸν
3335 1173 3464 1227 Θεὸν
3495 1171 3620 1226 ὄντα
3651 1169 3836 1236 ἀληθι-

2184 1263 2272 1316 νὸν
2328 1263 2423 1318 καί
2478 1262 2655 1328 πάσης
2718 1261 2946 1338 ἀοράτου
2992 1263 3076 1317 καὶ
3123 1263 3319 1337 ὁρατῆς
3352 1258 3673 1330 δεσπόζοντα
3721 1259 3830 1316 κτί-

2181 1372 2339 1414 σεως.
2408 1350 2466 1407 Ὀ
2527 1351 2766 1430 ἔπαρχος
2829 1351 2996 1408 εἴπεο
3058 1351 3204 1406 Μετά
3261 1349 3605 1428 παῤῥησίας,
3663 1347 3832 1424 μηδὲν

2183 1437 2634 1515 ὑποστειλάμενος
2681 1441 2880 1518 φράσον
2925 1441 3087 1514 ἡμῖν,
3121 1439 3237 1511 ἵνα,
3274 1439 3316 1494 εἰ
3367 1437 3544 1502 καλῶς
3606 1437 3722 1518 ἔχει
3765 1439 3832 1495 τὰ

451 1528 563 1588 fuit
593 1529 653 1590 in
686 1547 955 1603 crucem,
990 1535 1047 1586 ct
1074 1527 1190 1589 alia
1221 1542 1432 1606 passus
1471 1533 1560 1586 est
1591 1523 1765 1604 plena
1796 1523 2013 1604 probro
2046 1534 2098 1587 et

2185 1537 2276 1586 τοῦ
2306 1537 2438 1586 Θεοῦ
2475 1552 2591 1605 σου,
2619 1529 3034 1602 κοινωνήσωμέν
3067 1551 3150 1585 σοι
3182 1533 3280 1594 τῆς
3314 1530 3620 1605 θρησκείας.

452 1621 752 1684 dedecore
783 1629 809 1685 ’ἶ
864 1621 1021 1684 Dixit
1048 1620 1492 1701 Tranquillinus
1528 1637 1542 1682 :
1599 1619 1661 1681 Si
1696 1637 1811 1678 non
1848 1620 2155 1701 iracunde,
2190 1621 2293 1683 sed
2355 1622 2646 1702 patienter
2675 1629 2732 1683 et
2787 1619 3018 1701 placide
3049 1639 3145 1682 me
3187 1619 3507 1700 audiveris,
3538 1638 3572 1680 ο
3619 1618 3830 1698 judex,

454 1711 765 1772 ostendam
801 1710 903 1772 tibi
935 1712 1092 1773 hunc
1138 1709 1482 1771 cruciﬁxum
1517 1727 1719 1770 verum
1751 1726 1886 1770 esse
1917 1711 2128 1784 Deum,
2165 1720 2221 1772 et
2264 1713 2449 1774 Deum
2486 1712 2668 1772 totius
2713 1719 2958 1787 natura),
2999 1717 3113 1772 tam
3151 1728 3282 1791 qua:
3312 1724 3395 1770 εει
3429 1708 3830 1790 aspectabilis,

449 1819 630 1880 quam
663 1819 794 1881 quae
846 1819 962 1861 non
994 1799 1152 1860 cadit
1195 1799 1306 1860 sub
1337 1809 1671 1878 aspectum.
1707 1796 1864 1858 Dixit
1895 1799 2206 1878 praefectus
2243 1821 2256 1862 :
2290 1799 2396 1862 Dic
2439 1799 2610 1862 nobis
2640 1799 2830 1863 libere
2876 1810 2939 1862 et
2971 1799 3116 1862 nihil
3147 1798 3430 1874 reticens,
3457 1807 3516 1860 et
3546 1799 3596 1861 si
3623 1817 3721 1862 res
3751 1800 3834 1860 tui

446 1887 552 1951 Dei
590 1889 744 1951 bene
776 1908 840 1950 se
873 1889 1150 1965 habeant,
1176 1890 1366 1949 simus
1392 1904 1498 1948 nos
1529 1905 1765 1968 quoque
1796 1887 1940 1948 socii
1975 1895 2091 1948 tua;
2126 1889 2455 1966 religionis.

531 1983 602 2044 X.
629 1983 785 2045 Dixit
812 1983 1263 2064 Tranquillinus
1297 2005 1311 2043 :
1348 1982 1642 2054 Quoniam
1701 1990 1789 2043 est
1821 1980 1967 2042 mihi
2001 1981 2091 2042 fa-

2262 1985 2323 2046 I'.
2357 1983 2722 2062 Τραγκυλῖνος
2778 1985 2934 2040 εἶπεν
2970 2001 2982 2015 ·

451 2080 545 2135 cta
601 2073 840 2135 dicendi
890 2081 1150 2154 potestas
1181 2091 1216 2134 a
1266 2080 1364 2133 tua
1422 2071 1905 2145 mansuetudine,
1957 2069 2096 2132 audi

2182 2077 2238 2131 ὃν
2294 2076 2452 2150 ὑμεῖς
2494 2074 2896 2154 βλασφημεῖτε,
2931 2077 3059 2137 Θεὸς
3091 2076 3166 2131 ὢν
3214 2075 3308 2130 ἀπ’
3359 2075 3537 2154 ἀρχῆς
3571 2074 3834 2154 ἄφθαρτός

451 2163 659 2244 paucis
715 2163 1058 2244 mysterium
1107 2161 1342 2225 consilii
1395 2169 1453 2223 et
1500 2160 1850 2224 mconomiae
1899 2161 2097 2222 carnis

2182 2186 2237 2221 τε
2295 2167 2382 2220 καὶ
2431 2163 2803 2238 ἀναλλοίωμος
2858 2165 2945 2220 καὶ
3002 2171 3079 2239 τῷ
3139 2165 3302 2241 Πατρὶ
3361 2164 3713 2243 συνυπάρχων
3743 2167 3833 2221 καὶ

448 2261 741 2334 susceptae
775 2271 787 2315 :
825 2263 882 2314 et
911 2254 1068 2315 scies
1097 2253 1367 2326 omnino,
1402 2251 1515 2313 nisi
1557 2251 1706 2312 velis
1751 2249 1946 2312 libens
1976 2268 2098 2312 cte-

2184 2255 2471 2329 Πνεύματι,
2532 2253 2597 2310 τᾶ
2677 2253 2855 2309 πάντα
2911 2252 3264 2331 παρήγαγεν,
3325 2255 3630 2324 ὑποστήσας
3692 2261 3832 2333 πρῶ⁶

3019 1985 3082 2042 Ὀ
3116 1986 3344 2062 Χριστὸς
3386 1986 3563 2058 οὗτος,
3600 1983 3831 2065 ἔπαρχε,

449 2343 642 2404 cutire
669 2342 744 2403 ad
776 2343 1104 2418 veritatem,
1141 2342 1366 2403 nullam
1399 2341 1571 2403 aliam
1609 2340 1960 2418 religionem
1991 2358 2094 2400 ca-

447 2447 585 2494 rere
615 2449 823 2493 errore
852 2440 1242 2513 prmterquam
1275 2431 1541 2492 solorum
1591 2428 2093 2492 Christianorum.

449 2516 561 2582 Hic
591 2521 860 2584 Christus
907 2540 1083 2602 quem
1135 2539 1236 2582 vos
1292 2519 1674 2583 insectamini
1736 2517 2094 2596 maledictis,

449 2627 586 2671 cum
621 2619 779 2673 esset
804 2609 967 2674 Deus
997 2609 1068 2672 ab
1102 2609 1296 2690 initio,
1334 2610 1392 2671 in
1442 2625 1626 2686 quem
1663 2626 1781 2669 non
1813 2608 1970 2670 cadit
1999 2607 2096 2669 in-

448 2699 684 2774 teritus,
717 2709 778 2764 et
805 2700 910 2780 qui
943 2701 1155 2761 mutari
1187 2718 1306 2761 non
1363 2707 1556 2780 potest
1612 2707 1669 2760 et
1722 2697 1984 2772 alterari,
2042 2706 2101 2761 et

450 2794 550 2869 qui
582 2797 673 2852 est
707 2807 949 2870 semper
980 2809 1115 2852 cum
1154 2791 1332 2852 Patre
1364 2798 1423 2851 et
1455 2789 1700 2871 Spiritu,
1729 2795 1788 2849 et
1817 2787 1949 2866 ipse
1979 2807 2102 2848 om-

448 2878 548 2941 nia
581 2879 877 2960 produxit.
913 2879 1180 2942 Primum
1213 2878 1456 2960 quidem
1499 2878 1804 2958 angelicas
1839 2884 2100 2958 potestao

448 2976 537 3030 tes
568 2968 878 3046 caelestes;
914 2968 1134 3032 deinde
1191 2977 1391 3031 autem
1455 2969 1612 3030 hunc
1667 2966 1979 3038 mundum,
2039 2978 2102 3029 et

447 3065 816 3138 postremum
849 3059 1144 3121 inducens
1180 3058 1484 3120 hominem
1525 3076 1536 3116 :
1593 3075 1770 3138 quem
1801 3065 1858 3117 et
1891 3075 2100 3118 manus

444 3165 568 3210 sum
597 3159 772 3210 ornat
799 3148 1118 3228 eiIictione,
1153 3156 1212 3209 et
1260 3165 1464 3226 regem
1520 3144 1831 3209 constituit
1888 3163 2097 3207 eorum

443 3255 574 3318 qum
605 3238 827 3299 suntin
859 3249 1018 3300 terra
1053 3255 1066 3296 :
1103 3244 1162 3297 et
1192 3254 1329 3298 cum
1394 3253 1530 3297 eum
1583 3234 1656 3296 ad
1712 3232 2096 3294 habitandum

443 3326 698 3388 locasset
729 3327 789 3387 in
823 3326 1122 3406 paradiso,
1159 3325 1261 3386 dat
1291 3324 1346 3385 ei
1378 3323 1747 3410 mandatum,
1786 3321 2158 3410 utfruaturc

447 3413 688 3494 quidem
722 3413 1004 3476 omnibus
1058 3430 1190 3492 qua}
1249 3413 1306 3472 in
1359 3429 1430 3472 eo
1485 3419 1624 3472 sunt
1653 3408 1990 3485 arboribus,
2025 3410 2098 3472 ab

447 3521 564 3564 una
591 3510 788 3564 autem
821 3501 947 3563 sola
977 3501 1294 3573 abstineat,
1342 3517 1477 3562 eum
1530 3498 1814 3560 erudiens
1843 3499 1916 3559 ad
1950 3497 2099 3559 obe-

444 3590 824 3667 dientiam,et
858 3591 1084 3670 majora
1103 3607 1434 3670 procurans
1460 3606 1566 3669 per
1587 3586 2097 3651 observationem.

445 3680 565 3744 Sed
598 3699 753 3742 unus
787 3680 884 3741 cui
918 3681 1211 3758 obtigerat
1241 3679 1562 3760 imperium
1588 3678 1647 3738 in
1677 3677 1980 3756 angelicos
2004 3696 2101 3738 or-

445 3772 642 3852 dines,
675 3771 748 3832 ad
781 3769 986 3831 vitium
1022 3769 1344 3850 impulsus,
1381 3778 1437 3830 et
1481 3769 1679 3829 divina
1707 3767 1920 3848 gloria,
1956 3785 2098 3847 pro—

445 3870 578 3941 pter
632 3859 975 3936 elationem,
1012 3877 1148 3920 cum
1205 3876 1276 3919 eo
1329 3857 1539 3919 ordine
1591 3856 1689 3919 cui
1740 3856 2096 3936 imperabat,

447 3950 729 4031 privatus,
787 3967 904 4010 non
967 3947 1299 4029 patiebatur
1356 3947 1662 4008 hominem
1729 3948 1930 4007 videre
1973 3947 2097 4009 Deo

445 4057 578 4101 esse
617 4039 1031 4119 conjunctum,
1067 4045 1126 4099 et
1156 4037 1228 4099 ad
1261 4037 1476 4099 ccelum
1512 4035 1672 4098 unde
1698 4035 1828 4116 ipse
1861 4034 2098 4096 cecide-

442 4136 536 4190 rat
593 4128 788 4189 evehi.
849 4126 1020 4190 Unde
1081 4127 1258 4188 etiam
1321 4126 1521 4188 invido
1554 4127 1615 4187 in
1652 4144 1787 4186 eum
1820 4125 2097 4204 conjecto

445 4217 640 4292 oculo,
667 4236 772 4298 spe
803 4217 994 4279 fallaci
1030 4224 1088 4278 et
1118 4235 1188 4277 eo
1223 4217 1399 4278 modo
1433 4235 1550 4296 quo
1585 4217 1714 4295 ipse
1772 4215 2096 4287 ceciderat,

446 4307 649 4372 divina
681 4326 818 4369 eum
850 4307 1036 4386 gloria
1065 4306 1302 4386 Spoliat,
1335 4313 1394 4368 et
1445 4323 1478 4365 a
1534 4306 1663 4365 loco
1711 4304 1814 4383 qui
1846 4305 1900 4365 ei
1926 4303 2100 4365 datus

444 4399 641 4458 fuerat
665 4396 736 4457 ad
771 4395 1191 4468 habitandum,
1232 4402 1290 4456 et
1333 4393 1408 4454 ab
1445 4395 1890 4454 immortalitate
1921 4393 2100 4454 efﬁcit

447 4488 735 4548 alienum.
772 4486 986 4561 Neque
1016 4500 1155 4543 vero
1189 4483 1239 4542 is
1269 4480 1486 4544 deinde
1517 4479 1845 4542 intermisit
1897 4480 2091 4542 homi.

445 4593 589 4637 num
625 4582 893 4635 naturam
929 4579 988 4632 in
1021 4571 1174 4632 mala
1227 4570 1346 4631 sibi
1401 4569 1653 4631 invicem
1711 4569 2099 4636 succedentia

2181 2366 2270 2401 τον
2310 2344 2409 2420 μὲν
2451 2344 2544 2407 τὰς
2603 2341 2891 2421 ἀγγελικάς
2945 2341 3194 2420 δυνάμεις
3236 2343 3324 2399 καὶ
3379 2343 3673 2422 οὖρανίους,
3709 2344 3833 2400 εἶτα

2179 2431 2326 2490 τόνδε
2375 2434 2464 2489 τὸν
2523 2432 2793 2511 δρώμενον
2847 2434 3074 2512 κόσμον,
3135 2433 3224 2488 καὶ
3274 2431 3586 2489 τελευταῖον
3611 2435 3704 2488 τὸν
3737 2431 3832 2490 ἄν·

2178 2527 2386 2601 θρυῖπον
2421 2537 2436 2552 ⁶
2498 2523 2554 2578 ὃν
2609 2523 2695 2578 καὶ
2741 2523 2896 2601 χερσὶ
2953 2520 3273 2601 διαπλάσας,
3328 2521 3551 2599 βασιλέα
3605 2524 3710 2579 τῶν
3749 2523 3836 2580 ἐπὶ

2181 2612 2280 2690 γῆς
2368 2615 2644 2679 καθίστησι
2733 2613 2820 2668 καὶ
2915 2618 2992 2686 τῷ
3076 2609 3380 2688 παραδείσῳ
3457 2612 3828 2690 ἐγκατοικίσας

2184 2701 2386 2758 κελεύει
2447 2702 2657 2758 πάντων
2717 2701 2816 2776 μὲν
2884 2701 3172 2758 ἀπολαύειν
3233 2707 3338 2758 τῶν
3398 2701 3576 2758 ἐκεῖσε
3629 2708 3830 2782 φυτῶν,

2182 2791 2299 2856 ἑνὸς
2357 2791 2413 2846 δὲ
2473 2791 2635 2866 μόνου
2707 2790 3032 2871 ἀπέχεσθαι,
3117 2788 3378 2847 παιδεύων
3457 2791 3614 2848 αὐτὸν
3700 2793 3835 2870 πρὸς

2181 2882 2449 2949 ὑπακοὴν,
2489 2879 2643 2940 Ἀλλ’
2675 2881 2760 2947 εἷς
2795 2888 2903 2939 τῶν
2934 2880 3316 2962 ἀρχαγγὲλων,
3357 2887 3457 2950 τῆς
3505 2885 3647 2946 θείας
3677 2879 3834 2950 δόξης

2183 2971 2252 3028 δι’
2311 2971 2552 3051 ἔπαρσιν,
2619 2972 2734 3046 μεθ’
2791 2972 2850 3029 οὗ
2901 2972 3181 3028 ἐπεστάτει
3235 2972 3509 3049 τάγματος
3568 2971 3833 3050 ἐκπεσὼν,

2185 3065 2279 3121 οὒκ
2340 3061 2520 3141 ἔφερεν
2586 3065 2710 3140 ὁρᾷν
2786 3063 2876 3117 τὸν
2953 3060 3223 3139 ἄνθρωπον
3282 3061 3619 3134 ᾡκειωμένον
3689 3067 3829 3132 Θεῷ,

2183 3149 2342 3207 Ὅθεν
2395 3148 2600 3205 ἐλπίσιν
2652 3147 2961 3216 ἀπατηλαῖς
3043 3149 3141 3204 καῖ
3197 3149 3242 3222 ᾦ
3301 3150 3458 3214 αὐτὸς
3516 3145 3830 3204 ἓκπέπτωκε

2183 3238 2363 3315 τρόπῳ
2423 3240 2522 3305 τῆς
2567 3239 2711 3301 θείας
2771 3236 2925 3305 δόξης
2971 3237 3312 3319 ἀπογυμνοῖ,
3365 3240 3454 3294 καὶ
3513 3238 3606 3292 τοῦ
3661 3257 3835 3313 παρα-

2182 3325 2352 3384 δείσου
2397 3327 2482 3383 καὶ
2529 3331 2628 3394 τῆς
2689 3326 2976 3391 ἀθανασίας
3022 3325 3344 3403 ἀλλοτριοῖ,
3432 3325 3713 3384 κάντεῦθεν
3775 3324 3836 3381 οὗ

2183 3414 2416 3473 διέλιπεν
2470 3415 2620 3482 οὗτος
2676 3417 2776 3484 τὴν
2834 3422 2940 3473 τῶν
3001 3415 3290 3493 ἀνθρώπων
3353 3417 3508 3493 φύσιν
3565 3413 3835 3480 ποικίλοις

2182 3504 2521 3584 περιϐάλλων
2566 3518 2785 3579 κακοῖς,
2849 3507 2920 3571 ὡς
2979 3505 3284 3572 ἀποστῆσαι
3344 3506 3441 3580 μὲν
3487 3511 3578 3561 τοῦ
3610 3525 3838 3570 πεποιηο

2181 3601 2340 3663 κότος
2387 3604 2543 3677 Θεοῦ,
2604 3597 2676 3660 εἰς
2738 3593 2938 3654 εἴδωλα
2999 3593 3054 3650 δὲ
3116 3608 3446 3672 καταγαγεῖν
3504 3595 3591 3650 καὶ
3638 3592 3838 3672 χειρῶν

2182 3691 2500 3764 πλάσματα.
2537 3685 2698 3743 ’Όθεν
2754 3686 2842 3740 καὶ
2900 3683 3061 3760 νόμος
3118 3685 3247 3761 πρὸς
3311 3680 3587 3760 διόρθωσιν
3615 3680 3836 3755 δίδοται,

2181 3779 2272 3838 καί
2325 3777 2599 3856 προφῆται
2632 3776 2886 3851 βοηθοῦσι
2918 3781 2994 3849 τῷ
3022 3781 3118 3830 τοῦ
3177 3779 3309 3830 Θεοῦ
3351 3772 3652 3848 πλάσματι.
3691 3773 3841 3829 Ἐπεί

2180 3868 2236 3925 δὲ
2292 3880 2412 3929 τοῖς
2476 3865 2715 3945 χείροσιν
2774 3865 3071 3921 ἐπετείνετο
3104 3910 3120 3936 ,
3183 3863 3339 3928 αὐτὸς
3398 3864 3426 3918 ὁ
3479 3865 3573 3919 τοῦ
3630 3863 3837 3938 Πατρὸς

2182 3957 2477 4037 μονογενὴς
2513 3957 2634 4018 ι’ἱὸς
2695 3953 2782 4010 ἐπί
2824 3954 2922 4022 τῆς
2978 3958 3081 4030 γῆς
3131 3951 3306 4031 ὤφθη,
3339 3951 3428 4008 καί
3471 3951 3608 4008 κατά
3665 3951 3842 4007 πάντα

2179 4052 2316 4124 ἡμῖν
2363 4047 2641 4122 ὁμοιωθεὶς
2701 4045 2870 4122 χωρὶς
2929 4042 3186 4120 ἁμαρτίας
3265 4043 3357 4098 τόν
3413 4062 3471 4098 τε
3526 4041 3840 4108 ἀποστάτην

2183 4141 2269 4194 καὶ
2313 4135 2435 4198 τοὺς
2481 4131 2567 4189 ὄπ’
2599 4133 2756 4192 αὐτὸν
2795 4133 2930 4207 μετά
2961 4132 3211 4206 σώματος
3273 4132 3520 4205 νικήσας,
3557 4130 3641 4196 οὒς
3684 4131 3839 4205 ὑμεῖς

2182 4227 2402 4304 ἡγεῖσθε
2458 4223 2633 4301 θεοὺς,
2679 4222 2810 4299 πρὸς
2866 4221 2966 4287 τὴν
3047 4221 3278 4300 ἀρχαίαν
3360 4222 3507 4294 ἡμᾶς
3582 4220 3838 4298 ἑπανάγει

2184 4315 2473 4393 εύγένειαν,
2537 4309 2630 4366 καί
2690 4309 2852 4365 πάλιν
2923 4312 3053 4388 πρὸς
3120 4313 3209 4366 τὸν
3291 4309 3498 4388 Πατέρα
3556 4311 3692 4386 μετά
3745 4316 3840 4366 τοῦ

2183 4401 2607 4480 προσλήμματος
2670 4397 2858 4476 ἄνεισι,
2922 4399 3039 4476 μεθ’
3103 4399 3162 4456 οὗ
3205 4401 3292 4456 καὶ
3352 4398 3460 4466 ἥξει
3511 4398 3694 4478 πάλιν,
3749 4399 3839 4454 καὶ

2183 4498 2286 4548 πᾶν
2321 4492 2381 4547 τὸ
2414 4488 2634 4566 πλάσμα
2678 4488 2904 4565 συνάξει,
2941 4488 3115 4568 λόγων
3147 4487 3317 4547 δῶσον
3345 4489 3418 4546 ὧν
3471 4488 3527 4545 εὖ
3578 4489 3614 4557 ἢ
3658 4494 3838 4551 κακῶς

2181 4579 2523 4659 διεπράξατο.

447 4668 799 4743 immittere,
835 4675 903 4728 ut
953 4683 1083 4747 qua:
1113 4683 1146 4725 a
1173 4682 1436 4745 superna
1465 4683 1575 4745 ope
1611 4672 1771 4726 esset
1821 4663 2122 4749 destituta,
2158 4674 2308 4737 adeo
2336 4681 2399 4734 ut
2427 4671 2726 4734 hominem
2761 4671 3075 4736 adduxerit
3111 4691 3145 4734 a
3191 4671 3312 4736 Deo
3339 4669 3443 4752 qui
3471 4688 3608 4734 eum
3666 4689 3839 4735 crea-

445 4765 538 4821 rat
570 4765 629 4818 et
659 4758 1016 4818 formaverat
1051 4774 1064 4816 :
1097 4753 1416 4816 deduxerit
1449 4773 1586 4815 vero
1621 4754 1694 4816 ad
1727 4754 2048 4821 simulacra
2077 4770 2435 4826 etmanuum
2471 4761 2774 4841 ﬁgmenta,
2809 4773 2867 4824 et
2897 4763 3164 4826 effecerit
3195 4769 3376 4824 utres
3405 4770 3608 4822 creata
3636 4763 3843 4824 insur-

448 4856 619 4926 geret
669 4846 952 4908 adversus
983 4852 1340 4906 creatorem.
1373 4843 1524 4906 Hinc
1557 4843 1648 4905 lex
1693 4845 1830 4905 data
1866 4855 1957 4908 est
1983 4849 2057 4911 ad
2119 4854 2553 4917 correctionem
2591 4873 2604 4915 :
2644 4860 2702 4914 et
2733 4854 3039 4932 prophetae
3069 4869 3243 4932 opem
3294 4850 3535 4913 fuerunt
3565 4852 3674 4914 Dei
3729 4851 3843 4931 (ig-

447 4944 677 5011 mento,
710 4947 772 4998 et
805 4954 937 4997 cum
972 4945 1130 4996 esset
1161 4933 1408 4996 morbus
1456 4934 1941 5013 immedicabilis,
1975 4950 2035 5002 et
2077 4943 2149 5004 ad
2191 4944 2490 5006 deteriora
2545 4943 2991 5023 extenderetur,
3025 4943 3157 5023 ipse
3190 4939 3385 5003 Patris
3415 4938 3595 5002 Filius
3623 4941 3841 5020 unige-

444 5026 606 5088 nitus
635 5027 798 5088 visus
829 5034 918 5088 est
971 5025 1032 5088 in
1066 5034 1243 5100 terra,
1280 5034 1339 5087 et
1379 5027 1440 5085 in
1471 5024 1751 5086 omnibus
1783 5033 1874 5086 est
1905 5028 2157 5095 effectus
2203 5032 2420 5096 similis
2452 5031 2626 5094 nobis
2683 5032 2911 5110 absque
2954 5037 3220 5113 peccato,
3256 5037 3316 5092 et
3372 5048 3510 5092 cum
3543 5049 3680 5092 eum
3739 5029 3844 5113 qui

448 5115 772 5206 defecerat,
807 5126 866 5178 et
917 5134 1023 5206 eos
1059 5115 1156 5195 qui
1217 5115 1350 5206 ejus
1377 5124 1591 5206 parent
1644 5115 1926 5196 imperio,
1963 5139 2097 5183 cum
2131 5142 2382 5206 corpore
2444 5122 2711 5196 vicisset,
2743 5140 2891 5203 quos
2932 5137 3038 5181 vos
3092 5120 3238 5182 deos
3269 5137 3401 5182 esse
3463 5121 3698 5200 putatis,
3734 5138 3846 5182 nos

448 5204 522 5266 ad
573 5205 876 5286 antiquam
909 5205 1149 5268 reduxit
1202 5204 1598 5279 nobilitatem,
1633 5214 1694 5268 et
1724 5223 1929 5268 rursus
1960 5204 2255 5277 ascendit
2287 5213 2360 5276 ad
2397 5214 2635 5276 Patrem
2667 5230 2802 5273 cum
2853 5229 2923 5272 eo
2953 5210 3110 5291 quod
3163 5217 3588 5291 assumpserat,
3626 5220 3685 5272 et
3741 5227 3844 5274 ve-

448 5301 574 5447 ntilat
621 5297 747 5446 haec
777 5296 891 5357 vita
919 5294 1231 5370 dissoluta,
1267 5303 1324 5356 et
1379 5296 1767 5376 congregabit
1798 5316 1978 5362 omne
2033 5303 2408 5385 figmentum,
2443 5301 2721 5365 daturum
2753 5298 3044 5364 rationem
3098 5318 3307 5363 eorum
3339 5317 3474 5382 quae
3501 5299 3644 5363 fecit
3688 5297 3844 5364 bene

448 5402 516 5447 ve
572 5404 668 5447 ma
694 5405 752 5447 ti.

446 5402 536 5447 νει
572 5402 752 5448 male.

529 5479 626 5544 Xl.
662 5479 798 5543 Haec
822 5488 980 5556 sunt,
1014 5499 1048 5543 ο
1071 5479 1282 5561 judex,
1309 5499 1524 5544 arcana
1547 5482 1916 5550 mconomiaa.
1954 5483 2098 5549 Pro-

2263 5487 2374 5551 lA'.
2420 5492 2617 5567 Ταῦτα,
2665 5488 2710 5541 ὦ
2740 5482 2984 5562 δικαστά,
3039 5488 3104 5544 τά
3146 5491 3245 5555 τῆς
3300 5485 3604 5564 οἰκονομίας
3663 5485 3840 5565 ἀπόρ-

449 5578 654 5654 pterea
684 5579 772 5634 est
796 5581 853 5634 et
879 5589 1042 5646 crux,
1079 5580 1138 5633 et
1168 5590 1350 5649 mors,
1386 5583 1443 5633 et
1469 5573 1801 5654 sepultura,
1834 5594 1966 5656 quae
1995 5594 2096 5639 vos

2182 5578 2336 5655 ρητα.
2388 5577 2484 5632 Διά
2547 5586 2702 5636 τοῦτο
2746 5578 2992 5657 σταυρὸς,
3037 5576 3134 5635 καὶ
3195 5576 3443 5658 θάνατος,
3517 5577 3607 5634 καὶ
3664 5599 3841 5660 ταιρη,

447 5679 586 5726 cum
621 5661 854 5724 Christo
887 5660 1173 5742 objicitis,
1207 5679 1323 5722 non
1355 5662 1823 5725 animadvertitis
1854 5682 1954 5728 vos
1984 5683 2096 5746 per

2182 5666 2211 5724 Ξ
2267 5669 2424 5744 ὑμεῖς
2457 5673 2535 5744 τῷ
2565 5673 2773 5748 Χριστῷ
2803 5667 2890 5726 ἐπ’
2919 5667 3106 5746 ἀτιμίᾳ
3153 5668 3506 5747 προφέροντες
3565 5666 3650 5724 διὰ
3708 5669 3840 5726 τού·-
