4066 6398
270 330 387 398 805

1114 329 1586 394 MARTYRIUM
1633 330 1694 393 S.
1757 322 2214 394 SEBASTIANI
2257 329 2355 393 ET
2400 324 2804 396 SOCIORUM.

3529 338 3650 407 806

265 494 360 528 του
417 467 682 526 δεικνὸετε
744 469 899 526 αὑτοῦ
943 470 1005 524 τὸ
1064 465 1376 542 σεϐάσμιον,
1424 469 1482 524 Εἰ
1540 468 1640 545 γὰρ
1697 467 1784 522 καὶ
1841 465 1914 528 ὠς

2005 471 2056 523 et
2081 481 2186 542 per
2207 481 2337 544 quae
2358 466 2730 545 contemptui
2755 466 3340 543 habetis,ostendere
3358 491 3493 534 eum
3517 492 3651 538 esse

269 558 545 638 ἅνθρωπος
591 559 877 631 πέπονθεν,
913 556 1029 613 ἀλλ’
1067 557 1348 635 ἐγήγερται
1385 559 1457 621 ὡς
1509 558 1638 620 Θεός
1673 574 1686 587 ⁸
1736 558 1779 612 εἰ
1835 557 1922 612 καὶ

265 652 425 725 ὑμεῖς
470 649 690 729 ἀφέντες
738 650 801 704 τὰ
856 650 988 704 Θεὸν
1034 647 1191 705 αὑτὸν
1250 653 1604 726 περιστῶντα,
1653 660 1770 708 τοῖς
1825 647 1920 712 τῆς

267 741 681 816 ἀνθρωπότητος
734 739 1125 816 ἐγκαταμένετε
1152 783 1168 814 ,
1233 738 1332 804 τὴν
1405 737 1707 812 οἰκονομίαν
1766 737 1924 794 αὑτοῦ

263 831 358 886 καὶ
409 829 682 885 ἀσθένειαν
745 827 1122 906 λογιζόμενοι,
1182 828 1266 882 καὶ
1328 824 1442 886 οὐδὲ
1497 827 1561 881 τὰ
1616 823 1922 903 παραδόξως

263 919 386 976 τότε
446 919 530 974 καὶ
618 927 706 976 νῦν
765 916 819 973 ἐν
906 920 984 991 τῷ
1046 916 1269 992 ὀνόματι
1343 919 1500 974 αὒτοῦ
1569 913 1920 991 ἐνεργούμενα

265 1007 523 1064 πέπεικεν
585 1008 722 1081 ὑμᾶς
781 1005 882 1081 ὀψέ
939 1027 1069 1062 ποτε
1128 1005 1421 1083 ἐπιγνῶναι
1482 1005 1572 1060 τὸν
1615 1002 1916 1062 πλάσαντα.

262 1096 340 1153 Ἤ
386 1097 495 1176 οὑχ
539 1100 662 1175 ὁρᾷς
722 1097 844 1158 οἶος
889 1097 1042 1173 καγὼ
1094 1094 1154 1151 ἐκ
1195 1099 1294 1160 τῆς
1339 1096 1467 1172 πρὸς
1515 1095 1673 1150 αὑτὸν
1717 1096 1920 1169 ὁμολο-

270 1191 391 1267 γίας
451 1189 536 1244 καὶ
568 1193 660 1244 τοῦ
687 1187 1054 1262 βαπτίσματος
1088 1184 1427 1264 ἀναπέφηνα,
1461 1185 1489 1239 6
1543 1182 1670 1257 πρὶν
1726 1205 1918 1261 παρει-

267 1279 430 1355 μένος
460 1279 548 1335 καὶ
578 1274 715 1353 μηδὲ
749 1274 975 1352 βαδίζειν
1007 1272 1202 1355 σχεδὸν
1234 1271 1524 1348 δυνάμενες
1562 1290 1577 1348 ;

2003 552 2322 614 colendum
2357 563 2413 614 et
2447 556 2876 618 venerandum.
2912 556 2974 619 Si
3028 559 3188 621 enim
3223 579 3434 641 passus
3467 570 3557 624 est
3587 575 3651 624 ut

2005 641 2206 716 homo,
2243 646 2570 705 resurrexit
2605 654 2664 706 ut
2696 644 2892 722 Deus;
2926 648 3159 710 etiamsi
3192 669 3293 712 vos
3324 652 3548 713 relictis
3581 653 3655 715 iis

2005 751 2135 812 quae
2163 741 2302 794 sunt
2332 733 2687 810 excelsiora,
2742 744 2799 797 et
2843 756 2972 816 quae
3026 756 3162 800 eum
3209 750 3415 818 aperte
3464 741 3652 804 Deum

2007 823 2349 898 ostendunt,
2385 826 2742 886 remaneatis
2775 825 2832 886 in
2865 826 2941 887 iis
2968 846 3100 903 quae
3134 841 3274 891 sunt
3301 830 3646 904 humiliora,

2004 912 2134 990 ejus
2158 912 2218 972 iu
2238 913 2511 974 homines
2529 912 2960 993 benignitatem
2985 927 3043 977 et
3064 920 3456 980 oeconomiam
3477 938 3654 998 repu-

2004 1008 2196 1064 tantes
2226 1001 2790 1082 imbecillitatem,et
2823 1024 3015 1086 neque
3041 1026 3224 1086 opera
3252 1009 3647 1090 admirabilia,

2004 1111 2140 1170 quae
2176 1100 2234 1153 et
2263 1100 2401 1152 tunc
2434 1099 2492 1152 et
2526 1112 2684 1154 nunc
2717 1093 2866 1154 fiunt
2895 1095 2954 1156 in
3011 1096 3144 1175 ejus
3174 1099 3444 1173 nomine,
3482 1099 3652 1162 vobis

2007 1181 2242 1243 tandem
2263 1190 2688 1261 persuaserunt
2711 1184 2931 1245 intueri
2957 1184 3028 1246 ad
3055 1187 3356 1249 veritatem
3385 1199 3444 1249 et
3466 1207 3648 1268 agno-

2005 1289 2176 1334 scere
2209 1281 2566 1334 creatorem.
2595 1273 2682 1336 An
2712 1292 2830 1335 non
2861 1273 3023 1336 vides
3055 1275 3245 1356 qualis
3276 1295 3388 1356 ego
3415 1296 3653 1358 quoque

272 1377 606 1435 evaserium
667 1389 740 1432 ex
771 1369 1150 1433 confessione
1201 1367 1332 1447 ejus
1361 1375 1420 1431 et
1472 1367 1831 1448 baptismate
1868 1367 1968 1451 qui
2031 1373 2195 1449 prius
2247 1386 2407 1430 eram
2471 1367 2758 1431 membris
2788 1369 3111 1432 dissolutus
3161 1381 3218 1433 et
3248 1371 3336 1433 vix
3389 1381 3652 1453 poteram

267 1460 507 1542 ingredi
541 1460 556 1520 !

351 1557 459 1617 IB'.
509 1557 660 1615 Ἐπεὶ
701 1561 858 1614 τοῦτο
921 1559 949 1613 ὁ
1000 1555 1239 1636 ἔπαρχος
1271 1554 1464 1623 ἤκουσε
1507 1557 1595 1612 καὶ
1632 1557 1693 1612 τὸ
1723 1555 1918 1623 ἀληθὲς

268 1654 371 1717 τῆς
443 1645 705 1712 εόσεϐείας
791 1646 957 1726 σαφὲς
1043 1644 1387 1726 ἑδιδάσκετο,
1482 1643 1721 1702 ἐκποδὼν
1799 1647 1919 1711 τοὺς

266 1742 614 1815 παρεστῶτας
675 1739 1044 1812 ποιησάμενος
1081 1785 1096 1816 ,
1156 1736 1316 1793 καλεῖ
1374 1736 1467 1792 τὸν
1523 1735 1912 1815 Τραγκυλῖνον,

2079 1552 2204 1614 ΧΠ.
2241 1554 2560 1635 Postquam
2617 1553 2743 1615 hac
2794 1553 3021 1616 audivit
3083 1555 3416 1635 praefectus,
3475 1558 3657 1620 tacuit

2000 1643 2346 1723 aliquandiu
2381 1652 2438 1704 et
2468 1661 2603 1704 cum
2639 1661 2772 1723 qua:
2817 1644 2972 1706 dicta
3029 1645 3265 1707 fuerant
3297 1645 3497 1708 animo
3527 1647 3656 1725 agi-

2001 1740 2178 1794 tasset
2210 1743 2268 1794 et
2297 1732 2543 1794 vidisset
2573 1751 2670 1795 res
2719 1732 2917 1794 verbis
2949 1752 3304 1816 congruere,
3340 1745 3400 1798 et
3433 1737 3656 1798 verita-

266 1831 355 1886 καὶ
398 1827 542 1906 λέγει
587 1828 732 1900 αὑτῷ
760 1848 776 1864 °
811 1826 975 1904 Ὀρῶ,
1011 1825 1227 1906 ἀδελφέ,
1259 1825 1340 1882 ὅτι
1374 1825 1470 1882 οὑκ
1491 1824 1653 1888 ἄλλος
1685 1824 1720 1893 ἢ
1752 1824 1914 1899 μόνος

2005 1831 2119 1884 tem
2155 1822 2464 1900 religionis
2497 1841 2566 1884 ex
2627 1822 2938 1884 miraculis
2969 1833 3177 1903 aperte
3215 1824 3553 1900 didicisset,
3587 1825 3661 1887 iis

269 1919 421 1984 06m:
463 1920 617 1996 Θεὸς,
675 1920 702 1972 6
764 1916 890 1995 παρ’
949 1917 1097 1992 ὑμῶν
1155 1915 1634 1994 προσκυνούμενος,
1683 1915 1828 1994 ᾧπερ
1873 1918 1916 1971 εἰ

267 2008 444 2085 βούλει
497 2007 635 2083 κάμὲ
693 2005 1058 2086 προσελθεῖν,
1121 2013 1208 2062 νῦν
1269 2006 1366 2080 μὲν
1427 2004 1574 2061 ἄπιοι
1643 2004 1696 2060 ἑν
1742 2003 1914 2078 ἀπορο

267 2100 452 2178 ρήτοις
503 2096 649 2177 ’έχων
698 2099 760 2154 τὸ
822 2095 1070 2172 βούλημα
1131 2092 1370 2168 οἴκαδεο,
1417 2100 1485 2170 τῇ
1527 2093 1580 2149 δὲ
1627 2092 1751 2161 ἑξῆς
1795 2095 1917 2155 τοὺς

267 2189 450 2266 ἁγίους
502 2183 703 2267 λαϐὼν,
749 2188 838 2252 οὓς
892 2185 1214 2264 προεστάναι
1277 2184 1383 2265 φὴς
1429 2186 1535 2240 τῶν
1568 2183 1917 2261 συνειλεγμέ-

267 2299 373 2333 νων
431 2281 768 2355 Χριστιανῶν
795 2321 812 2352 ,
872 2274 1042 2354 ἄγαγε
1099 2275 1232 2352 πρὸς
1291 2295 1358 2349 με
1418 2273 1653 2331 σπεύδων
1718 2273 1919 2348 μηδένα

267 2367 482 2431 τούτους
537 2364 691 2425 ἰδεῖν.
745 2365 938 2422 Μέλλώ
985 2366 1085 2444 γὰρ
1144 2365 1297 2442 κάγὼ
1353 2363 1420 2420 δι’
1473 2363 1688 2420 ἐκείνων
1744 2385 1917 2442 προσ-

265 2460 503 2536 αχθῆναι
551 2457 782 2532 Χριστῷ,
834 2458 980 2512 Μετὰ
1018 2463 1184 2513 ταῦτα
1241 2457 1268 2510 6
1312 2453 1675 2533 Τραγκυλϊνος
1710 2456 1782 2516 εἷς
1826 2455 1918 2509 τὸν

265 2551 425 2606 αὑτοῦ
468 2549 622 2603 οἷκον
671 2545 862 2626 ἐλθὼν,
908 2547 998 2603 καὶ
1037 2547 1104 2602 τὰ
1150 2546 1288 2601 κατὰ
1353 2547 1444 2602 τὸν
1500 2544 1741 2624 ἔπαρχον
1799 2558 1916 2608 τοῖς

263 2636 434 2714 ἁγίοις
491 2636 777 2716 γνωρίσας,
814 2637 1138 2715 εὖτροσύνης
1183 2635 1401 2696 τούτους
1451 2633 1657 2712 πληροῖ
1711 2634 1916 2710 μαθόν-

260 2748 357 2790 τας
401 2728 494 2783 τὸν
538 2726 795 2805 πρότερον
825 2725 1060 2794 διώκτην
1087 2727 1279 2803 θερμὸν
1338 2724 1595 2800 ἒσάμενοδ
1653 2723 1776 2781 ὅσον
1821 2723 1912 2781 οὒ-

261 2838 348 2873 πω
405 2816 501 2884 τῆς
560 2813 828 2881 εὐσεϐείας
869 2815 1199 2894 ἀγωνιστήν.
1231 2814 1391 2873 ’Ὀθεν
1417 2815 1518 2889 μὲν
1551 2813 1796 2888 ψαλμοῖς
1828 2815 1916 2871 καὶ

263 2905 447 2979 ὕμνοις
481 2907 582 2975 τὴν
632 2907 795 2966 νύκτα
837 2912 1011 2962 πᾶσαν
1041 2904 1348 2982 διήνεγκαν,
1383 2905 1469 2961 καὶ
1500 2904 1612 2980 ἅμα
1647 2907 1793 2978 πρωῒ
1825 2901 1920 2960 λα-

271 2991 378 3050 ϐὼν
406 2997 431 3050 ὑ
486 2995 852 3075 Τραγκυλϊνος
883 2995 1002 3058 τοὺς
1035 2995 1214 3072 ἁγίους
1250 2991 1604 3050 Σεϐαστιανὸν
1637 2995 1721 3049 καὶ
1755 2991 1919 3048 Πολύ·

271 3105 468 3152 καρπον
528 3086 659 3161 πρὸς
702 3084 792 3141 τὸν
831 3083 1072 3164 ἔπαρχον
1103 3082 1350 3163 ἔρχεται,
1411 3083 1499 3146 οὓς
1532 3081 1738 3148 ἐκεῖνος
1766 3080 1912 3156 ἰδὼν,

1999 1913 2098 1992 qui
2153 1913 2404 1973 aderant
2434 1912 2703 1988 semotis,
2739 1923 2908 1974 vocat
2971 1911 3478 1994 Tranquillinum,
3513 1925 3572 1976 et
3603 1915 3660 1978 ei

2002 2002 2148 2062 dicit
2181 2024 2194 2059 :
2226 2001 2440 2076 Video,
2474 2001 2679 2082 frater,
2715 2020 2848 2064 esse
2877 2021 3146 2082 magnam
3177 2004 3655 2066 Christianorum

1999 2091 2380 2171 religionem,
2418 2098 2476 2154 et
2506 2110 2623 2152 non
2672 2111 2809 2155 esse
2841 2092 3025 2154 alium
3060 2095 3246 2155 Deum
3272 2103 3492 2172 praeter
3520 2113 3653 2156 eum

2003 2181 2194 2242 solum
2236 2181 2336 2261 qui
2370 2200 2403 2242 a
2434 2179 2601 2242 vobis
2651 2181 2955 2244 adoratur.
2989 2182 3054 2244 Si
3085 2201 3226 2262 ergo
3259 2184 3344 2244 vis
3376 2202 3471 2244 me
3502 2203 3655 2264 quo-

2002 2289 2116 2351 que
2146 2272 2217 2332 ad
2271 2290 2403 2333 eum
2436 2270 2752 2349 accedere,
2786 2279 2849 2333 et
2896 2289 3030 2333 esse
3077 2281 3268 2334 tecum
3307 2273 3652 2354 participem

2003 2369 2120 2423 tua:
2148 2361 2479 2440 religionis,
2515 2379 2674 2422 nunc
2703 2361 2946 2442 quidem
2992 2361 3090 2423 abi
3141 2362 3413 2442 domum,
3445 2381 3652 2425 secre-

2003 2461 2129 2514 tutn
2162 2460 2370 2513 tenens
2403 2451 2746 2512 consilium.
2801 2452 3075 2514 Crastino
3123 2461 3324 2513 autem
3356 2452 3457 2514 die
3491 2460 3655 2515 acci-

2002 2541 2174 2622 piens
2204 2549 2472 2615 sanctos,
2501 2561 2651 2618 quos
2683 2541 2835 2603 dicis
2885 2560 3143 2621 praeesse
3174 2542 3444 2604 collectis
3483 2541 3658 2606 Chri-

1999 2632 2228 2692 stianis.
2263 2630 2379 2692 duc
2413 2631 2483 2692 ad
2517 2624 2632 2706 me,
2674 2630 2948 2693 adhibito
2981 2631 3178 2692 studio
3229 2650 3308 2693 ne
3361 2631 3496 2712 quis
3549 2650 3659 2695 eos

2000 2720 2215 2782 videat.
2249 2719 2392 2781 Nam
2427 2739 2534 2799 ego
2566 2739 2804 2801 quoque
2833 2739 2966 2782 sum
3002 2721 3236 2784 Christo
3268 2740 3376 2802 per
3402 2721 3538 2783 illos
3559 2722 3648 2784 of-

2000 2809 2302 2884 ferendas,
2339 2810 2546 2874 relicto
2579 2828 2786 2872 errore
2834 2812 3321 2875 simulacri-rum.
3359 2809 3500 2874 Post
3529 2813 3657 2874 haec

2002 2917 2144 2978 ergo
2165 2897 2414 2962 dimisso
2441 2899 2863 2974 consilio,cum
2893 2900 2954 2962 in
2986 2901 3229 2962 domum
3261 2917 3425 2962 suam
3450 2901 3654 2963 venis-

1999 2997 2090 3051 set
2115 2987 2648 3069 Tranquillinus,et
2677 2989 2902 3050 sanctis
2936 2996 3238 3051 narrasset
3259 2991 3654 3070 quemadmo-

1999 3080 2140 3141 dum
2165 3079 2406 3140 locutus
2434 3078 2806 3141 fuissetcum
2834 3079 3140 3160 praefecto,
3170 3088 3229 3141 et
3260 3080 3660 3160 quemadmo-

268 3172 462 3241 ἀνέστη
506 3176 592 3231 καὶ
652 3181 761 3230 τῶν
811 3173 986 3231 ποδῶν
1037 3177 1209 3233 αὐτῶν
1240 3173 1608 3252 ἐφαψάμενος,
1641 3171 1815 3228 ἐδεῖτό
1857 3192 1915 3227 τε

2005 3168 2143 3230 dum
2206 3169 2261 3230 ei
2324 3178 2699 3249 persuaserat
2757 3177 2822 3230 ut
2877 3169 3236 3248 religionem
3295 3181 3656 3250 sequeretur

452 3239 461 3241 -
1282 3239 1291 3252 .
1357 3239 1368 3248 .
1422 3239 1433 3248 .
1591 3239 1604 3246 -
1937 3239 1948 3258 ι

265 3265 606 3344 κατεχούσης
637 3263 794 3321 νόσου
825 3263 1226 3341 ἀπαλλαγῆναι.
1260 3257 1357 3320 Ἠν
1387 3263 1488 3341 γὰρ
1538 3265 1598 3318 τὸ
1633 3264 1792 3338 σῶμα
1830 3261 1920 3316 αὑ-
1956 3239 1978 3262 ³

268 3375 361 3410 του
393 3353 790 3433 σεσωρευμένον
820 3355 896 3418 εἰς
946 3353 1135 3432 ὄγκους
1185 3351 1427 3416 ἅπαντας
1493 3351 1915 3433 πεπωρωμένον,

269 3444 343 3508 ὡς
415 3444 651 3502 ἐντεῦθεν
695 3448 838 3518 αὒτῷ
883 3442 1134 3522 βραδεῖαν
1164 3447 1250 3500 καὶ
1281 3440 1525 3521 ναρκώδη
1569 3442 1668 3510 τὴν
1711 3442 1919 3508 κίνησιν

270 3536 532 3613 γίνεσθαι,
565 3541 682 3592 Τῶν
731 3532 782 3590 δὲ
837 3532 1278 3614 ὑπισχνουμένων
1321 3533 1420 3600 τὴν
1450 3533 1595 3588 ἴασιν
1629 3533 1672 3588 εἰ
1703 3531 1756 3598 ἐξ
1785 3531 1918 3600 ὅλης

271 3622 488 3702 καρδίας
543 3623 820 3681 πιστεύσοι
885 3628 962 3696 τῷ
1048 3629 1162 3698 Θεῷ
1198 3670 1214 3697 ,
1272 3627 1422 3702 φωνῇ
1480 3621 1694 3698 μεγὶλῃ
1765 3625 1919 3678 τοῦτο

272 3714 713 3790 ἆθωμολόγησεν,
747 3711 915 3770 Ἀλλὰ
967 3714 1059 3769 καί
1117 3714 1183 3769 τὰ
1213 3711 1268 3768 ἐν
1301 3719 1377 3785 τῷ
1404 3711 1544 3784 οἴκῳ
1571 3713 1729 3768 αὑτοῦ
1760 3709 1919 3776 ξόανα

271 3806 394 3870 ταῖς
450 3803 559 3861 τῶν
619 3804 784 3882 ἁγίων
827 3804 1120 3874 ὑποθήκαις
1177 3802 1486 3880 συντρίψας,
1531 3801 1619 3858 καὶ
1667 3803 1740 3864 ὡς
1785 3809 1917 3880 χοῦν

267 3893 552 3968 λεπτύνας,
590 3892 724 3972 ἔργῳ
755 3893 853 3960 τὴν
886 3894 1062 3950 πίστιν
1090 3889 1409 3957 ἐπεδείξατο.

2005 3258 2429 3333 Christianam,
2467 3258 2667 3320 effecit
2699 3266 2760 3320 ut
2789 3276 3002 3320 omnes
3031 3276 3244 3338 magna
3277 3259 3658 3322 afﬁcerentur

2002 3348 2229 3424 laetitia,
2265 3368 2398 3411 cum
2432 3349 2814 3411 rescivissent
2845 3347 3126 3430 eum,qui
3163 3349 3326 3429 prius
3358 3359 3485 3412 erat
3516 3369 3658 3431 per-

2003 3449 2289 3520 secutor,
2350 3439 2611 3501 futurum
2672 3457 2873 3501 acrem
2931 3439 3287 3501 Christianis
3343 3439 3659 3503 athletam.

2002 3528 2196 3601 Quare
2224 3548 2360 3590 cum
2395 3546 2511 3590 nox
2569 3527 2672 3590 illa
2730 3529 2944 3590 fuisset
3000 3537 3356 3610 consumpta
3403 3530 3460 3591 in
3496 3529 3660 3611 psal-

2007 3620 2119 3680 mis
2149 3631 2207 3681 et
2239 3619 2494 3700 hymnis,
2524 3618 2628 3680 ubi
2679 3619 2812 3680 dies
2841 3619 3104 3692 advenit,
3137 3620 3444 3700 accipiens
3468 3623 3660 3684 Tran-

2004 3708 2292 3789 quillinus
2323 3716 2566 3770 sanctos
2597 3708 3016 3772 Sebastianum
3051 3717 3110 3771 et
3134 3708 3523 3790 Polycarpum
3548 3711 3665 3774 sic-

2002 3808 2065 3860 ut
2095 3798 2149 3860 ei
2175 3798 2440 3878 juSserat
2473 3797 2812 3878 praefectus,
2847 3798 2992 3859 abiit
3043 3797 3104 3859 in
3162 3798 3403 3860 domum
3458 3818 3656 3863 suam.

2001 3887 2162 3960 Quos
2191 3906 2324 3948 cum
2359 3887 2603 3948 vidisset
2633 3887 2960 3965 ingressos,
2993 3887 3347 3963 surrexit,et
3376 3906 3511 3950 cum
3543 3908 3657 3970 pe-

264 3988 370 4052 des
435 4007 640 4051 eorum
676 3988 991 4068 tetigisset,
1024 3987 1255 4066 rogavit
1305 3995 1369 4049 ut
1393 3987 1645 4049 salutem
1697 3990 2140 4067 assequeretur,
2178 3989 2234 4042 et
2269 3979 2624 4044 liberaretur
2673 3982 2748 4042 ab
2777 4001 2848 4042 eo
2901 3980 3109 4042 morbo
3141 4000 3258 4062 quo
3301 3981 3605 4046 laborabat
3641 4006 3660 4064 ;

266 4087 390 4141 erat
434 4077 597 4141 enim
629 4095 847 4158 corpus
897 4079 1026 4156 ejus
1053 4085 1239 4140 totum
1299 4077 1679 4139 tumefactum
1714 4083 1770 4136 et
1821 4072 2118 4145 mutilum,
2151 4071 2301 4132 adeo
2354 4079 2416 4131 ut
2448 4088 2516 4131 ex
2570 4070 2682 4131 hoc
2713 4070 2768 4131 ei
2816 4070 2990 4132 fieret
3042 4070 3244 4133 tardus
3275 4083 3334 4132 et
3393 4073 3660 4154 torpidus

271 4175 483 4232 motus.
536 4168 682 4231 Cum
716 4168 757 4228 ii
793 4175 990 4230 autem
1044 4167 1332 4230 dixissent
1363 4166 1492 4229 fore
1543 4175 1607 4228 ut
1635 4167 1694 4228 ei
1725 4163 1994 4227 membra
2037 4161 2435 4234 solverentur,
2469 4159 2518 4220 si
2551 4177 2621 4220 ex
2656 4167 2776 4222 toto
2827 4159 3008 4221 corde
3039 4159 3162 4222 Deo
3215 4161 3511 4243 crederet,
3546 4165 3662 4226 hoc

274 4278 418 4323 voce
449 4261 776 4324 clarissima
804 4270 895 4324 est
925 4261 1259 4337 confessus,
1295 4259 1585 4340 abnegata
1621 4260 1926 4341 impietate
1957 4255 2441 4319 simulacrorum.
2474 4255 2601 4317 Nec
2626 4253 2738 4316 hoc
2770 4254 2989 4332 solum,
3018 4254 3124 4316 sed
3158 4258 3333 4318 etiam
3367 4275 3500 4318 cum
3530 4257 3662 4339 ipsa

273 4354 612 4419 daemonum
663 4355 982 4419 simulacra
1011 4374 1145 4438 quae
1200 4363 1368 4417 erant
1399 4355 1558 4417 domi
1590 4354 1742 4436 ejus,
1775 4361 2118 4418 sanctorum
2172 4349 2415 4411 monitis
2464 4347 2677 4410 ductus
2707 4347 3083 4411 contrivisset
3141 4357 3200 4411 et
3231 4349 3289 4412 in
3343 4350 3649 4430 pulverem

271 4449 747 4525 comminuisset,
771 4449 1032 4513 ostendit
1063 4449 1366 4511 sincerum
1393 4465 1544 4529 opus
1574 4448 1737 4510 fidei.

351 4545 465 4608 II".
513 4544 679 4604 ’Ἔνθα
731 4548 819 4604 καὶ
867 4546 1069 4625 γίνεταί
1095 4567 1146 4602 τι
1181 4544 1344 4623 λόγου
1377 4546 1464 4601 καὶ
1498 4546 1721 4620 μνήμης
1753 4543 1916 4611 ἄξιον.

2085 4540 2233 4605 ΧΙΙΙ.
2270 4539 2396 4613 Quo
2431 4548 2702 4619 tempore
2733 4538 2796 4599 fit
2841 4543 3018 4600 etiam
3073 4536 3357 4618 quiddam
3413 4538 3658 4618 dignum

272 4633 578 4710 Τιϐούρτιος
651 4637 755 4715 γὰρ
826 4639 854 4693 6
910 4637 1021 4700 υἱὸς
1096 4635 1438 4714 Χρωματίου,
1514 4631 1590 4690 ἔτι
1650 4637 1769 4713 περὶ
1826 4635 1926 4702 τὴν

270 4727 447 4782 πίστιν
491 4723 784 4806 ἀμφίϐολος
833 4725 932 4806 ὢν,
980 4726 1097 4782 ἐπεὶ
1138 4725 1204 4781 τὰ
1248 4725 1347 4797 μὲν
1400 4722 1536 4780 ἄλλα
1579 4733 1676 4782 τοὺ
1724 4725 1923 4801 πατρὸς

269 4813 473 4872 εἴδωλα
527 4813 828 4894 συνετρίϐη,
875 4815 929 4872 ἓν
987 4813 1041 4870 δέ
1100 4837 1150 4871 τι
1212 4815 1512 4890 θαυμαστὸν
1573 4812 1924 4870 ὑπολέλειπτο

270 4904 426 4984 ἔργον
480 4905 535 4963 ἐν
591 4909 636 4980 ᾦ
694 4913 838 4963 πᾶσα
895 4904 1211 4984 ἀστρολογία
1277 4907 1365 4960 καὶ
1426 4905 1461 4971 ἡ
1518 4904 1626 4959 τῶν
1668 4903 1924 4981 οὐρανίων

268 4996 481 5063 κίνησις
564 4995 631 5066 ἦν
666 5044 682 5070 ,
767 5009 886 5060 τοῖς
973 4995 1158 5059 ἄλλοις
1243 4991 1664 5073 ἐπιδυσχεράνας
1764 4992 1922 5050 αὑτοῦ

268 5087 601 5167 περιείχετο,
663 5087 750 5142 καὶ
806 5086 902 5144 οὑκ
979 5083 1069 5142 εἴα
1149 5082 1400 5162 πρότερον
1472 5079 1812 5161 συντριϐῆναι
1887 5082 1921 5150 ἢ

267 5189 462 5254 πεῖραν
518 5173 589 5232 δι’
647 5179 804 5236 αὑτοῦ
859 5183 966 5236 τῶν
1035 5176 1202 5254 ἁγίων
1259 5172 1470 5248 λαϐεῖν,
1517 5174 1604 5230 καὶ
1643 5171 1782 5251 ἔργῳ
1822 5173 1915 5249 βε-

267 5264 560 5334 ϐαιωθῆναι
632 5268 764 5346 πρὸς
824 5269 924 5334 τὴν
986 5263 1301 5324 εὐσέϐειαν·
1352 5265 1438 5322 καὶ
1509 5261 1574 5330 δὴ
1637 5261 1918 5326 κλιϐάνους

267 5356 501 5435 ἐνεγκὼν
558 5359 646 5414 καὶ
714 5363 814 5440 πῦρ
881 5355 1229 5435 ὑποστρώσας
1287 5356 1423 5413 ὥοτε
1483 5355 1916 5432 πυρακτωθῆναι,

267 5445 412 5527 λέγει
457 5460 577 5513 τοῖς
634 5447 806 5525 ἁγίοις
842 5466 855 5479 ’
907 5444 1061 5504 ’Ἰστε
1110 5451 1294 5525 σαφῶς
1351 5447 1448 5518 ὡς,
1477 5450 1570 5502 τοῦ
1613 5441 1779 5502 καλοῦ
1804 5443 1921 5500 τού-

267 5559 361 5596 του
405 5534 772 5616 συ-ιτριϐέντος
827 5537 1008 5617 ἔργου,
1072 5538 1116 5592 εἰ
1147 5536 1245 5612 μὲν
1276 5536 1460 5614 ῥῶσιν,
1494 5537 1567 5598 ὡς
1597 5533 1917 5614 ὑπέσχεσθε,

271 5629 300 5684 6
343 5627 475 5704 ἐμὸς
523 5625 664 5704 εὖροι
729 5629 929 5706 πατὴρ,
997 5626 1198 5695 ἃληθὴς
1249 5626 1439 5702 ἔσομαι
1502 5623 1653 5704 κάγὼ
1698 5627 1925 5689 Χριστοῦ

267 5720 524 5800 μαθητής
563 5736 576 5752 ·
639 5718 684 5776 εἰ
737 5713 794 5774 δὲ
852 5719 938 5776 καὶ
993 5717 1134 5798 μετὰ
1183 5715 1283 5788 τὴν
1334 5715 1525 5778 τούτου
1567 5711 1848 5800 συντριϐὴν
1889 5715 1926 5786 ἦ

2009 4631 2167 4711 quod
2201 4630 2437 4692 dicatur
2495 4636 2556 4690 et
2614 4628 2922 4690 memoriae
2979 4629 3318 4690 mandetur.
3351 4625 3662 4691 Tiburtius

2007 4721 2168 4782 enim
2196 4720 2355 4781 filius
2386 4719 2715 4782 Chromatii
2744 4718 2938 4780 adhuc
2991 4715 3300 4779 dubitabat
3330 4717 3392 4778 in
3423 4718 3562 4795 fide,
3600 4729 3663 4782 et

2007 4829 2140 4872 cum
2174 4809 2420 4872 vidisset
2447 4809 2561 4870 alia
2591 4808 2838 4890 quidem
2893 4807 3218 4869 simulacra
3283 4809 3469 4886 patris
3527 4827 3662 4872 esse

2007 4899 2284 4979 contrita,
2319 4917 2502 4960 unum
2534 4899 2730 4961 adhuc
2763 4915 2894 4958 esse
2942 4897 3240 4977 reliquum
3273 4915 3424 4978 opus
3455 4897 3659 4960 admi-

2006 4988 2196 5050 rabile
2226 4989 2284 5049 in
2317 5007 2433 5069 quo
2466 4997 2595 5049 erat
2643 4987 2929 5048 universa
2989 4985 3316 5065 astrologia
3362 4996 3420 5048 et
3462 5003 3662 5051 motus

2005 5077 2486 5152 ccelestium,alla
2518 5095 2652 5140 esse
2677 5077 2932 5138 contrita
2954 5094 3111 5156 aegre
3139 5077 3487 5158 ferens,hoc
3517 5078 3651 5140 ulti-

2003 5187 2163 5230 mum
2183 5166 2677 5249 amplectebatur,
2710 5175 2768 5229 et
2799 5185 2920 5229 non
2953 5168 3116 5248 prius
3146 5166 3206 5228 id
3239 5166 3474 5229 sinebat
3501 5185 3656 5231 con-

2003 5263 2137 5336 teri,
2173 5277 2350 5339 quam
2385 5276 2489 5338 per
2521 5259 2717 5338 ipsum
2746 5258 3080 5338 accepisset
3109 5265 3450 5319 sanctorum
3479 5276 3662 5340 eXpe-

2003 5349 2372 5423 rientiam,et
2395 5367 2576 5426 opere
2600 5349 2989 5412 conﬁrmatus
3014 5348 3224 5410 fuisset
3243 5348 3320 5410 ad
3346 5348 3658 5429 pietatem;

2007 5446 2220 5502 etcum
2254 5447 2524 5503 curasset
2547 5438 2890 5502 afferendas
2910 5438 3212 5519 clibanos,
3241 5445 3307 5499 et
3336 5440 3422 5500 eis
3458 5445 3662 5519 ignem

2009 5533 2416 5591 substravisset
2444 5540 2510 5592 ut
2547 5533 3059 5597 succenderentur,
3085 5530 3226 5589 dicit
3255 5534 3508 5590 sanctis:
3542 5532 3665 5590 [loc

2010 5617 2187 5681 velim
2218 5616 2610 5700 sciatis,quod
2643 5618 2756 5682 hoc
2789 5617 3040 5701 pulchro
3079 5617 3336 5679 contrito
3369 5633 3578 5697 opere,
3610 5617 3663 5680 si

2010 5707 2236 5774 sanitas
2267 5709 2508 5791 quidem
2575 5709 2756 5773 fuerit
2808 5713 3082 5775 restituta
3135 5703 3293 5788 patri
3349 5723 3482 5772 meo
3509 5708 3670 5773 sicut
