2033 3202
205 163 262 198 807

785 162 978 194 ΑΒΒΕΝΒΑ.
1010 178 1048 183 -
1078 160 1305 193 JANUARIUS.

1836 158 1896 194 808

207 233 278 265 estis
294 232 429 273 polliciti,
447 240 498 262 ero
515 231 579 272 ipse
595 230 714 270 quoqﬁe
730 238 816 260 verus
846 229 953 261 Christi
978 230 1026 260 di-

1073 230 1145 262 νόσος
1169 231 1323 270 ἔπικρατοίη
1340 234 1372 270 τῇ
1388 228 1511 270 δρωμένῃ
1526 231 1610 269 ταύτῃ
1625 230 1685 269 δίκῃ
1713 231 1750 263 ὡς
1766 231 1896 260 ἀπατεῶ-

206 278 350 318 scipulus,
384 286 508 308 excussa
541 275 749 307 dubitatione:
777 274 822 304 sin
850 279 947 305 autem
965 275 1030 314 ejus

208 324 329 354 morbus
345 322 496 353 duraverit
512 325 669 362 postquam
689 320 718 350 id
737 319 949 359 interierit,vos
963 320 1030 356 huic

208 368 286 408 quod
316 367 433 398 videtur
461 366 607 406 supplicio
636 364 792 405 subjiciam
820 368 959 404 tanquam
976 365 1030 396 de-

209 417 355 453 ceptores.
371 412 422 443 llis
438 411 535 442 verbis
552 410 648 450 dictis,
668 414 751 449 pater
776 409 898 450 quidem
924 409 1029 450 prohi-

209 459 298 489 bebat
323 467 390 488 cum
419 457 453 488 ad
480 456 567 487 talem
596 455 697 486 venire
714 454 940 495 experientiam,
958 464 1030 485 san-

208 503 250 535 cti
261 511 331 533 vero
348 502 479 533 libenter
495 505 616 541 accepta
629 500 801 531 conditione
815 499 887 539 (non
897 500 977 530 enim
989 499 1032 530 di-

206 548 280 578 vinze
296 547 396 578 virtuti
412 549 547 587 poterant
563 555 622 576 non
656 544 807 585 credere),
824 544 1031 584 urgebantju-

207 601 311 624 venem
326 592 363 623 ad
379 601 454 632 opus
469 590 697 622 conterendum.
716 588 801 625 Quod
827 598 894 620 eum
922 589 1031 620 factum

208 641 297 677 esset,
329 637 378 668 lux
408 637 505 667 statim
534 634 731 666 circumtulsit
758 633 975 675 Chromatium,
1004 639 1033 665 et

209 682 334 723 pulcher
349 690 496 722 apparens
511 680 689 711 adolescens
705 679 779 710 dixit
794 679 821 709 ei
839 690 845 708 τ
863 679 970 710 Beatus
1001 688 1034 711 es

208 727 287 768 quod
300 727 416 758 Christo
433 725 598 761 credidisti,
616 724 666 765 qui
683 733 761 754 nunc
777 723 857 754 misit
874 733 920 754 me
935 724 971 754 ad
989 729 1029 760 te.

209 776 240 803 ut
252 772 319 803 dem
332 771 385 802 tibi
397 771 604 801 liberationem
619 779 635 800 a
648 769 751 800 morbo
762 778 820 809 quo
835 769 1033 805 teneris.Qua3

208 817 296 848 simul
312 820 400 856 atque
416 815 493 847 dicta
507 816 600 850 fuere,
615 814 760 845 dissoluta
773 820 817 844 est
828 813 1031 846 membrorum

209 861 368 899 mutilatio,
384 865 413 891 et
428 860 536 891 licebat
560 860 659 890 videre
675 868 742 890 eum
760 859 810 899 qui
826 859 908 899 prius
924 859 968 890 vix
983 860 1031 890 in-

1072 287 1117 307 νας
1144 277 1212 313 ὑμᾶς
1242 276 1362 314 ἐμϐαλῶ.
1389 276 1418 305 Ὀ
1444 277 1493 314 μὲν
1516 278 1559 305 οὖν
1588 276 1677 315 πατὴρ
1694 275 1835 305 διεκώλυεν
1850 279 1897 306 αὖ·

1072 322 1117 349 τὸν
1146 323 1196 354 τῆς
1226 321 1352 354 τοιαύτης
1381 322 1473 360 πείρας
1510 321 1672 361 ἀπέχεσθαι,
1703 322 1733 350 Οἱ
1762 320 1789 349 δὲ
1811 321 1898 360 ἅγιοι,

1073 366 1120 393 ἃτε
1151 369 1208 402 Θεῷ
1237 365 1407 405 πεποιθότες,
1435 366 1482 396 τὰς
1511 367 1644 400 συνθήκας
1669 364 1790 403 ἁσμένως
1819 365 1899 398 δεξά-

1072 421 1158 448 μενοι,
1181 411 1248 449 πρὸς
1274 414 1351 439 τοῦτο
1380 411 1550 440 κατένευςαν.
1585 411 1622 439 Οὗ
1656 410 1812 449 γενομένου,
1843 414 1900 449 ’θῶς

1072 456 1144 488 εὗθὺς
1167 455 1335 494 περιέλαμψε
1362 457 1408 484 τὸν
1431 456 1606 494 Χρωμάτιον,
1638 456 1682 483 καὶ
1716 457 1819 487 νεανίας
1848 455 1901 488 τὴν

1072 500 1143 539 ὥραν
1165 500 1287 539 λαμπρὸς
1317 501 1403 540 ὀφθεὶς
1419 501 1498 529 εἶπεν
1513 500 1584 537 α5τῷ
1601 508 1608 515 ”
1626 500 1761 539 Μακάριος
1791 500 1831 538 εἷ,
1856 499 1900 528 ὅτι

1073 545 1227 576 ἐπίστευσας
1257 548 1297 582 τῷ
1320 547 1435 584 Χριστῷ,
1459 546 1487 576 ὃς
1511 549 1555 574 νῦν
1586 544 1738 573 ἀπέσταλκέ
1767 556 1801 581 με
1830 545 1899 584 πρὸς

1075 590 1104 617 σὲ
1133 589 1221 619 δοῦναί
1236 601 1277 618 σοι
1300 593 1349 624 τῆς
1364 590 1532 630 κατεχούσης
1556 591 1635 618 νόσου
1657 589 1830 629 ἀπαλλαγήν.
1848 591 1899 618 Καὶ

1074 636 1130 673 ἅμα
1159 638 1197 671 τῷ
1225 635 1298 674 λόγῳ
1328 636 1343 669 ἡ
1365 638 1417 663 τῶν
1445 634 1534 673 μελῶν
1560 635 1669 674 πάρεσις
1686 633 1835 672 διαλέλυτο,
1853 635 1900 662 καὶ

1074 681 1108 714 ἦν
1128 679 1195 708 ἰδεῖν
1216 680 1261 707 τὸν
1283 680 1342 719 πρὶν
1371 679 1449 717 μόλις
1478 679 1617 718 βαδίζοντα
1631 679 1730 719 ἐλάφου
1747 678 1822 713 δίκην
1835 679 1899 707 τότε

1075 724 1232 762 (ἰλλόμενον.
1266 723 1324 763 Ἐφ’
1352 726 1374 761 ᾧ
1402 724 1583 763 καταπλαγεὶς
1611 725 1625 752 ὁ
1655 723 1807 762 Τιϐούρτιος
1836 729 1899 755 τοῖς

1074 770 1160 809 ἁγίοις
1189 769 1374 808 προσπίπτει,
1412 770 1477 797 Θεὸν
1518 768 1645 802 ἀληθινὸν
1680 768 1821 808 ὁμολογῶν
1851 769 1899 797 τὸν

1075 815 1200 854 Χριστὸν,
1229 815 1273 842 καὶ
1303 813 1427 851 δεόμενος
1459 817 1503 842 τοῦ
1525 815 1593 842 θείου
1623 820 1718 853 τυχεῖν
1743 814 1898 852 βαπτίσμαη

1074 871 1130 892 τος,
1149 861 1178 888 Οἱ
1201 860 1270 898 ἁγίοι
1299 860 1386 888 τοίνυν
1418 860 1464 887 σὺν
1490 859 1574 896 ἡδονῇ
1593 859 1754 897 τεταγμένον
1776 860 1848 896 αὖτῷ
1869 869 1900 887 τε

208 907 402 943 grediebatur,
417 910 551 942 tanquam
564 912 681 933 cervum
693 909 762 933 tunc
776 905 890 933 saltare.
908 905 1029 940 Propter

1073 904 1122 933 mi
1152 908 1190 941 τῷ
1219 904 1298 942 πατρὶ
1318 903 1408 936 δόντες
1423 905 1514 943 καιρὸν
1530 904 1599 932 ὥστε
1621 905 1667 932 τὸν
1682 903 1712 932 ἐκ
1737 908 1785 933 τοῦ
1805 904 1902 943 προτέ-

208 950 285 989 quod
298 950 393 980 fertur
405 948 590 989 stupefactus
603 947 760 978 Tiburtius
778 947 913 988 protinus
928 957 1030 980 accur-

209 994 295 1032 risse,
309 998 518 1025 etsanctorum
532 993 624 1034 pedes
636 992 916 1032 tangentem,Deum
927 1002 1030 1026 verum

206 1039 374 1071 confessum
406 1047 472 1069 esse
501 1039 663 1073 Christum,
682 1042 711 1068 et
739 1047 860 1077 rogasse
889 1042 921 1069 ut
935 1039 972 1070 ab
987 1040 1033 1071 eis

206 1088 416 1124 assequentur
432 1084 622 1123 baptismum.
636 1083 737 1113 Laetati
753 1087 852 1114 autem
870 1085 963 1115 sancti
976 1085 1028 1124 ju-

207 1129 290 1160 venis
317 1129 492 1167 mutatioue,
523 1129 612 1168 eique
640 1132 669 1159 et
700 1128 777 1168 patri
802 1128 869 1159 dato
894 1134 1030 1169 tempore

209 1174 371 1215 praestituto
386 1177 417 1204 ut
434 1173 539 1204 sordes
549 1182 584 1205 ex
611 1173 709 1214 priore
733 1173 792 1204 vita
804 1178 958 1214 susceptas
974 1175 1030 1205 ab-

207 1220 336 1256 luerent,
353 1218 453 1250 divino
477 1227 529 1249 eos
553 1218 712 1258 dignantur
738 1217 897 1258 baptismo.
913 1218 948 1250 Et
964 1224 1032 1259 post

207 1265 270 1295 haec
287 1263 474 1295 Chromatius
490 1267 632 1303 praetextu
664 1262 773 1300 morbi,
792 1263 923 1302 praefecti
949 1264 1031 1295 urbis

1073 960 1118 988 ρου
1139 950 1196 987 βίου
1222 948 1360 987 μολυσμὸν
1389 949 1604 986 ἀποπλύνασθαι,
1633 952 1680 977 τοῦ
1712 949 1782 977 θείου
1805 949 1900 981 αὐτοὺς

1072 994 1224 1027 καταξιοῦσι
1254 994 1375 1032 λουτροῦ.
1395 995 1444 1022 Καὶ
1471 995 1539 1031 μετὰ
1567 997 1650 1023 ταῦτα
1676 994 1804 1034 προφάσει
1821 995 1900 1023 νόσου

1074 1039 1123 1073 τὴν
1144 1043 1190 1067 τοῦ
1216 1039 1337 1079 Ιεπάρχου
1359 1040 1448 1079 ἀρχὴν
1471 1039 1681 1076 ἀποσεισάμενος
1701 1040 1714 1067 ὁ
1739 1039 1900 1078 Χρωμάτιος

1073 1083 1160 1123 (οὔπω
1176 1084 1226 1123 γὰρ
1242 1083 1363 1112 ἐϐούλετο
1380 1086 1531 1123 γνωσθῆναι
1552 1084 1631 1112 αὐτοῦ
1654 1084 1703 1115 τὴν
1731 1084 1899 1125 μετάθεσιν),

1072 1131 1115 1157 καὶ
1144 1132 1231 1158 πᾶσαν
1261 1130 1310 1161 τὴν
1339 1131 1433 1164 κτῆσιν
1474 1136 1534 1161 τοῖς
1577 1128 1712 1166 δεομένοις
1741 1130 1899 1170 οκορπίσας,

1073 1180 1131 1206 τοῖς
1159 1184 1189 1202 τε
1225 1173 1331 1206 δούλοις
1367 1174 1514 1213 ἐλευθερίαν
1551 1175 1712 1214 παρασχὼν,
1743 1175 1775 1202 τὸ
1804 1173 1900 1203 λοιπὸν

1073 1221 1154 1252 συνῆν
1183 1220 1244 1251 τοῖς
1267 1220 1370 1259 ἁγίοις,
1401 1219 1482 1248 πλέον
1511 1220 1578 1259 πρὸς
1600 1220 1650 1252 τὴν
1673 1218 1808 1248 εὐσέϐειαν
1831 1218 1900 1253 ὁδη-

1074 1268 1213 1303 γούμενος.

208 1311 354 1352 depositio
371 1311 540 1350 magistratu
564 1310 705 1349 (nondum
732 1310 811 1341 enim
827 1310 943 1341 volebat
958 1320 1040 1342 suam
1058 1310 1196 1350 cognosci
1213 1310 1419 1351 mutationem)
1435 1314 1465 1341 et
1488 1310 1691 1350 indigentibus
1704 1310 1767 1342 suis
1780 1310 1903 1351 disper-

208 1359 250 1391 sis
277 1358 478 1398 facultatiqus,
496 1364 526 1389 et
549 1358 584 1388 iis
612 1358 662 1396 qui
683 1357 789 1398 jugum
809 1357 964 1389 trahebant
997 1357 1146 1389 servitutis
1173 1358 1363 1389 manumissis
1379 1362 1409 1389 et
1430 1357 1572 1395 liberatis,
1591 1358 1689 1397 iisque
1712 1358 1805 1389 veluti
1829 1358 1902 1397 qui-

208 1406 334 1438 busdam
352 1406 490 1447 primitiis
514 1407 576 1437 Deo
591 1405 710 1445 oblatis,
729 1405 872 1446 deinceps
887 1405 1060 1437 versabatur
1087 1414 1154 1437 cum
1171 1407 1295 1446 sanctis,
1313 1405 1416 1437 dicens
1439 1405 1509 1437 ﬁdei
1525 1405 1681 1445 rationem,
1700 1409 1731 1437 et
1746 1405 1782 1436 ad
1804 1405 1903 1446 pieta-

207 1458 267 1486 tem
284 1454 382 1485 adhuc
401 1455 493 1493 magis
508 1452 752 1485 conﬁrmabatur.

250 1501 329 1533 XIV.
346 1501 404 1533 Sed
422 1501 458 1532 iis
474 1501 595 1542 quidem
606 1510 655 1532 res
667 1501 706 1532 ita
718 1510 750 1532 sc
762 1500 912 1532 habebant
930 1511 1030 1542 quam-

1120 1501 1176 1531 IA'.
1207 1501 1283 1530 Ἀλλ’
1306 1504 1365 1541 εἶχε
1390 1502 1439 1540 μὲν
1454 1501 1523 1531 οὕτω
1538 1506 1620 1531 ταῦτα
1641 1502 1692 1534 ἕως
1716 1502 1831 1540 Καρῖνος
1852 1503 1902 1534 τὰς

205 1547 257 1579 diu
273 1548 399 1579 Carinus
422 1546 638 1577 administravit
663 1546 772 1578 Gallias
787 1547 839 1587 qui
856 1546 1029 1578 Christianis

207 1592 356 1623 mitiorem
372 1591 498 1622 faciebat
514 1592 768 1633 persecutionem.
783 1600 912 1632 parcens
928 1592 1033 1623 amicis

207 1637 258 1678 qui
270 1641 354 1668 erant
365 1636 532 1668 interillos.
552 1638 713 1677 Postquam
726 1640 824 1667 autem
838 1636 889 1668 ille
909 1637 1032 1677 quidem

207 1683 296 1713 vitam
309 1681 396 1719 ﬁniit,
412 1681 451 1721 pii
465 1690 538 1712 vero
555 1682 671 1713 nullum
686 1680 834 1712 habebant
847 1681 897 1722 qui
914 1691 965 1713 eos
976 1682 1031 1713 de-

207 1727 357 1761 fenderet,
389 1727 487 1767 erupit
519 1727 549 1756 in
575 1736 626 1757 eos
651 1727 765 1765 gravior
791 1727 971 1767 persecutio,
1004 1731 1033 1758 et

207 1772 356 1802 columnae
367 1770 477 1811 ubique
494 1771 685 1811 erigebantur
702 1781 754 1811 per
767 1776 857 1802 totam
870 1772 1029 1810 civitatem,

207 1816 237 1847 in
254 1816 371 1856 plateis,
387 1816 415 1847 in
429 1816 573 1857 fontibus,
590 1818 618 1847 in
635 1816 717 1855 foris,
731 1817 760 1848 in
777 1817 888 1857 quibus
903 1817 947 1848 eis
963 1818 1030 1858 qui-

207 1862 275 1892 dem
291 1861 341 1901 qui
357 1861 413 1892 diis
429 1861 862 1900 sacriﬁcabant,concedebant
880 1868 910 1894 et
924 1872 1030 1903 aquam

208 1915 329 1937 sumere
346 1910 375 1938 et
387 1906 463 1937 alias
488 1916 536 1937 res
554 1907 675 1938 venales
692 1918 699 1938 :
718 1917 769 1939 eos
785 1913 883 1939 autem
908 1909 957 1949 qui
972 1918 1031 1939 non

207 1951 361 1992 parebant,
381 1956 488 1991 praeter
499 1957 607 1983 caetera
625 1952 804 1990 mala,etiaui
819 1953 1031 1984 vacuisdimit-

209 1996 311 2027 tebant
326 1996 562 2029 manibus.Tunc
578 2006 648 2035 ergo
664 1998 862 2037 Chromatius,
876 2008 948 2029 usus
963 2007 1031 2029 con-

207 2041 275 2072 silio
289 2041 382 2082 illius,
399 2042 448 2081 qui
466 2041 629 2073 Romanam
646 2043 768 2083 regebat
789 2044 958 2081 ecclesiam,
973 2053 1030 2074 no-

208 2096 277 2118 men
294 2090 320 2118 ei
336 2092 403 2119 erat
417 2088 520 2129 Gaius,
537 2090 666 2130 primum
699 2090 819 2129 quidem
837 2090 958 2121 domum
975 2090 1030 2121 du-

208 2141 278 2163 cens
293 2142 398 2163 omnes
413 2133 681 2172 Christianos,illos
690 2135 857 2176 accipiebat
868 2135 956 2166 bonis
971 2136 1033 2166 suis

1076 1546 1188 1579 Γαλλίας
1218 1545 1322 1575 διεῖπεν
1341 1572 1347 1585 ,
1370 1546 1400 1579 ὃς
1430 1547 1619 1587 μαλακώτερον
1642 1547 1703 1579 τοῖς
1727 1547 1897 1586 Χριστιάνοῒς

1074 1591 1156 1620 ἐποίει
1178 1592 1223 1620 τὸν
1246 1591 1377 1631 διωγμόν.
1394 1592 1474 1621 Ἐπεί
1504 1592 1531 1620 δὲ
1554 1592 1631 1624 οὗτος
1652 1592 1797 1629 ἐτεθνήκει,
1817 1592 1897 1629 βαρύ-

1073 1647 1148 1676 τερος
1170 1636 1229 1665 κατ⁹
1249 1639 1335 1666 αὐτῶν
1356 1637 1455 1676 ἐῤῥσίγη
1487 1636 1617 1676 διωγμὸς,
1643 1638 1688 1666 καὶ
1708 1636 1802 1670 στῆλαι
1824 1647 1896 1664 παν-

1073 1685 1160 1721 ταχοῦ
1181 1682 1230 1715 τῆς
1259 1681 1364 1713 πόλεως
1388 1680 1495 1718 Ῥώμης
1511 1682 1697 1722 ἀνηγείροντο,
1714 1682 1740 1710 ἐν
1770 1681 1897 1721 ἀγοραῖς,

1073 1727 1100 1756 ἒν
1125 1729 1241 1767 πηγαῖς,
1271 1727 1298 1755 ἐν
1320 1727 1508 1766 πολητηρίοις,
1540 1727 1600 1756 ἔνθα
1629 1729 1691 1761 τοὺς
1721 1727 1769 1763 μὲν
1788 1727 1898 1758 θύοντας

1073 1779 1132 1804 τοῖς
1154 1774 1226 1803 θεοῖς
1255 1773 1423 1813 συνεχώρουν
1452 1774 1496 1800 καὶ
1524 1772 1616 1806 ὕδατος
1655 1774 1698 1801 καὶ
1724 1775 1779 1801 τῶν
1808 1771 1898 1801 ἄλλων

1074 1817 1301 1856 μεταλαμϐάνειν,
1324 1818 1384 1849 τοὺς
1413 1816 1441 1845 δὲ
1463 1818 1632 1851 ἀπειθοῦντας
1657 1824 1749 1849 κεναῖς
1776 1816 1901 1854 ἀπέπεμ-

1073 1874 1124 1891 πον
1139 1871 1200 1896 ταῖς
1226 1864 1314 1904 χερσί.
1348 1864 1413 1892 Τότε
1443 1864 1529 1892 τοίνυν
1561 1867 1721 1902 Χρωματιος
1749 1861 1898 1900 σύμϐουλον

1073 1908 1160 1937 λαϐὼν
1187 1910 1233 1937 τὸν
1262 1909 1392 1949 ἱεράρχην
1420 1912 1470 1943 ’τῆς
1486 1909 1599 1942 πόλεως.
1617 1911 1698 1941 Γάϊος
1714 1910 1785 1945 αὒτῷ
1800 1907 1898 1944 ὄνομα,

1072 1957 1177 1992 πρῶτον
1207 1954 1256 1991 μὲν
1282 1954 1384 1986 πάντας
1416 1955 1586 1994 Χριστιανοὺς
1613 1955 1649 1987 εἷς
1664 1955 1712 1988 τὴν
1728 1953 1812 1982 οὶκίαν
1826 1953 1899 1992 ἆγσ-

1073 1999 1128 2037 γὼν
1144 2001 1224 2027 πᾶσιν
1247 1998 1375 2032 ἐδεξιοῦτο
1394 2006 1450 2032 τοῖς
1478 2000 1601 2040 ἀγαθοῖς,
1627 1999 1675 2028 καί
1703 2000 1751 2027 οὒκ
1772 1997 1817 2026 εἴα
1832 2008 1899 2037 προ-

1074 2043 1173 2072 ϐαίνειν
1198 2048 1244 2072 τοῦ
1273 2043 1417 2084 δωματίου,
1447 2046 1526 2074 τοῦτο
1547 2045 1598 2084 γὰρ
1632 2042 1828 2082 ἀσφαλέστερον
1855 2042 1900 2071 διὰ

1073 2089 1135 2121 τοὺς
1158 2089 1359 2128 ἀσθενεστέρους
1388 2089 1530 2129 ἐγίνωσκεν
1547 2097 1554 2105 ·
1583 2090 1640 2118 ἐπεὶ
1662 2088 1690 2117 δὲ
1710 2091 1762 2129 οὐχ
1785 2089 1844 2117 οἶόν
1868 2098 1899 2116 τε

1073 2134 1107 2167 ἦν
1137 2134 1273 2163 λανθάνειν
1295 2134 1338 2162 ἐπὶ
1352 2134 1419 2162 πολὺ
1450 2133 1492 2163 διὰ
1511 2136 1540 2163 τὸ
1563 2134 1676 2175 σφοδρὸν
1698 2133 1745 2162 τοῦ
1766 2132 1898 2173 διωγμοῦ,

209 2177 347 2208 omnibus
362 2178 571 2218 impertinens,
597 2189 693 2220 neque
709 2180 827 2211 sinebat
842 2189 894 2211 eos
909 2189 927 2211 e
942 2179 1030 2210 domo

1074 2178 1114 2211 εἵς
1143 2190 1168 2207 τι
1197 2180 1249 2208 τῶν
1272 2180 1436 2219 προαστείων
1467 2180 1536 2220 ἔγνω
1557 2179 1690 2220 ἀπαίρειν,
1716 2179 1782 2219 πρός
1809 2189 1837 2207 τε
1866 2179 1899 2206 τὸ

207 2222 321 2262 egredi,
338 2223 390 2253 sed
411 2232 463 2253 eos
477 2223 596 2254 volebat
624 2224 704 2255 intus
728 2225 835 2256 sedere
853 2235 859 2255 :
878 2225 935 2255 hoc
950 2225 1029 2255 enim

206 2267 319 2299 sciebat
331 2276 397 2298 esse
410 2267 502 2298 tutius
514 2272 636 2309 propter
645 2269 870 2300 imbecilliores.
882 2269 940 2301 Sed
953 2279 1031 2309 quo—

205 2312 286 2343 niam
300 2321 360 2343 non
373 2316 488 2351 poterat
499 2313 565 2344 ﬁeri
577 2318 608 2345 ut
619 2314 670 2344 diu
683 2314 820 2351 laterent,
839 2315 939 2345 omnia
950 2314 1029 2346 enim

207 2357 451 2397 deprehendebal
465 2358 543 2389 acris
559 2360 738 2399 persecutio,
756 2359 862 2390 statuit
882 2360 1032 2399 proﬁcisci

208 2402 238 2433 in
255 2401 415 2441 quemdam
433 2404 610 2444 montem,in
626 2414 685 2444 quo
701 2404 743 2435 illi
767 2408 833 2435 erat
855 2404 1030 2444 praediolum

208 2450 307 2487 aptum
324 2451 353 2477 et
370 2446 406 2477 ad
424 2447 620 2485 latendum,et
629 2449 665 2480 ad
682 2449 794 2481 fructus
808 2449 1029 2490 percipiendos,

209 2500 276 2523 cum
296 2491 468 2523 Christianis
490 2493 739 2525 imbecillioribus
756 2503 762 2523 :
782 2497 810 2525 et
826 2493 886 2525 illic
902 2495 1033 2535 effugere

210 2535 390 2576 periculum.
407 2537 441 2567 Et
471 2542 625 2578 postquam
653 2539 709 2569 hoc
739 2539 793 2569 fuit
822 2543 974 2578 statutum,
1004 2546 1034 2572 et

211 2581 319 2627 Christi
332 2583 458 2623 populus
470 2583 524 2613 fuit
536 2585 565 2613 in
581 2584 654 2614 duas
669 2588 766 2624 partes
781 2584 905 2622 divisus,
925 2595 1032 2627 nempe

208 2625 240 2657 in
257 2635 320 2658 eam
338 2636 404 2668 qua;
434 2628 582 2668 manebat,
601 2633 630 2659 et
655 2638 719 2659 eam
735 2639 801 2669 quae
817 2629 934 2661 volebat
947 2625 1033 2663 rece-

207 2671 290 2710 dere,
309 2672 364 2703 fuit
379 2673 459 2704 inter
482 2673 602 2704 beatum
618 2674 825 2705 Sebastianum
851 2679 880 2705 et
892 2674 1030 2716 Polycar-

208 2726 278 2757 pum
297 2716 456 2749 laudabilis
471 2718 684 2759 controversia,
701 2728 766 2759 qua;
781 2720 838 2751 tale
854 2720 955 2752 habuit
970 2722 1031 2753 ini-

211 2761 296 2798 tium.
315 2766 344 2793 et
359 2771 394 2793 ex
411 2762 468 2793 hoc
485 2767 564 2793 mota
575 2763 734 2795 est.Diviso
750 2765 830 2795 enim
849 2766 958 2806 populo
975 2777 1031 2799 ne-

210 2815 295 2838 cesse
306 2811 368 2837 erat
377 2815 430 2838 eos
439 2817 569 2848 quoque,
587 2813 619 2840 ut
634 2810 683 2850 qui
700 2809 754 2841 soli
772 2810 839 2842 aliis
853 2816 1028 2852 praeessent,

1074 2224 1165 2253 λαϐεῖν
1203 2225 1248 2253 καὶ
1288 2226 1354 2264 πρὸς
1396 2228 1484 2253 πᾶσαν
1525 2225 1695 2265 καρποφοράν
1732 2223 1897 2262 ἐπιτήδειον,

1074 2269 1142 2307 μετὰ
1170 2272 1224 2297 τῶν
1247 2269 1440 2309 ἀσθενεστέρων
1462 2270 1640 2311 Χριστιανῶν,
1670 2270 1782 2299 κάκεῖσε
1811 2267 1898 2297 διαδι-

1073 2314 1196 2354 δράσκειν
1222 2315 1268 2343 τὸν
1297 2314 1426 2347 κίνδυνον,
1458 2315 1533 2345 Ἐπεὶ
1562 2315 1590 2344 δὲ
1606 2317 1620 2344 ὁ
1636 2316 1682 2344 τοῦ
1705 2319 1819 2355 Χριστοῦ
1831 2314 1897 2347 λαὸς

1074 2361 1110 2391 εἰς
1136 2359 1179 2388 δύο
1208 2359 1276 2399 μέρη
1304 2359 1426 2400 διῇρητο,
1451 2361 1493 2394 εἴς
1518 2372 1546 2390 τε
1568 2362 1599 2389 τὸ
1627 2361 1706 2399 μένον
1727 2362 1772 2389 καὶ
1800 2361 1837 2392 είς
1865 2361 1898 2388 τὸ

1073 2405 1177 2433 ἀπιέναι
1208 2405 1379 2444 βουλόμενον,
1404 2406 1510 2445 ἐγένετό
1537 2416 1577 2439 τις
1609 2405 1707 2444 μεταξὺ
1728 2407 1782 2435 τῶν
1810 2417 1899 2445 μακα-

1075 2452 1136 2489 ρίων
1179 2449 1355 2481 Σεϐαστιανοῡ
1407 2452 1451 2480 καὶ
1500 2451 1674 2491 Πολυκᾶρπου
1716 2451 1898 2490 ὲπιινουμένη

1075 2495 1185 2536 διαφορά
1204 2504 1212 2512 ⁸
1234 2497 1282 2525 τοῦ
1296 2496 1346 2536 γὰρ
1375 2497 1442 2525 λαοῦ
1456 2496 1631 2536 διαιρεθέντος
1658 2496 1709 2525 ἔδει
1724 2497 1768 2525 καὶ
1789 2497 1900 2530 τούτους

1074 2541 1120 2569 ἅτε
1149 2544 1203 2570 τῶν
1227 2540 1316 2569 ἄλλων
1342 2542 1510 2582 προῦχοντας
1535 2541 1668 2577 ἀλλήλους
1697 2541 1899 2584 διαζευχθῆναι,

1074 2587 1119 2615 καὶ
1149 2587 1194 2614 τὸν
1224 2587 1273 2624 μὲν
1294 2593 1354 2619 τοῖς
1383 2586 1567 2624 ἀποδημοῦσιν
1598 2587 1766 2625 ἀκολουθεῖν,
1796 2589 1842 2616 τὸν
1871 2588 1900 2617 ’δὲ

1074 2631 1332 2671 συγκαταλειφθῆναι
1354 2638 1414 2664 τοῖς
1437 2632 1572 2670 μένουσιν,
1600 2633 1760 2674 Ἀμφότεροι
1787 2632 1816 2661 δὲ
1845 2644 1899 2662 ¹τιο-

1072 2678 1177 2710 θοῦντες
1206 2681 1252 2706 τοῦ
1288 2678 1429 2716 μαρτυρίου
1458 2678 1631 2718 μετασχεῖν,
1657 2679 1782 2718 ἑκάτερος
1810 2679 1900 2716 μένειν

1075 2721 1212 2759 ἐϐούλετο,
1241 2723 1285 2751 καὶ
1307 2721 1425 2751 κίνδυνον
1439 2724 1537 2763 ἡγεῖτο
1558 2723 1715 2764 διαμαρτεῖν
1745 2728 1793 2761 τῆς
1817 2724 1901 2761 ἀθλή-

1073 2779 1154 2800 σεως.
1185 2767 1271 2796 Ἀλλὰ
1299 2770 1400 2802 ταῦτην
1425 2768 1527 2809 ἀγαθὴν
1543 2769 1596 2809 ἕριν
1626 2769 1682 2800 λῦει
1705 2770 1786 2804 Γάίος
1814 2770 1899 2805 οὕτως

1073 2814 1154 2842 εἰπών
1171 2821 1178 2829 ·

210 2862 230 2886 a
244 2862 276 2884 se
297 2853 424 2885 invicem
449 2854 610 2897 disjungui,
629 2862 659 2889 et
682 2857 807 2889 alterum
836 2858 958 2899 quidem
981 2862 1067 2903 sequi
1083 2870 1147 2894 eam
1169 2865 1284 2902 partem
1301 2870 1367 2902 qua)
1392 2861 1571 2896 abscedebat
1585 2872 1602 2896 ιι
1628 2864 1754 2904 civitate,
1771 2865 1897 2897 alteram
