4066 6394
241 260 360 338 809

1077 272 1548 337 MARTYRIUM
1607 273 1668 337 S.
1725 271 2180 338 SEBASTIANI
2224 272 2322 337 ET
2382 273 2781 340 SOCIORUM.

3497 258 3617 353 sio

239 415 438 471 autem
498 409 760 489 relinqui
789 426 924 501 cum
969 426 1038 470 ea
1068 427 1223 501 quae
1250 406 1550 501 manebat.
1582 407 1845 501 Hi__vero
1876 407 2141 468 volentes
2193 407 2368 501 ambo
2400 407 2605 501 subire
2661 411 3037 501 martyrium,
3072 413 3305 480 volebat
3356 425 3614 501 uterque

242 515 484 559 manere
519 519 532 556 :
586 507 647 559 et
676 499 1003 578 periculum
1055 495 1579 586 existimabatinon
1609 496 1775 558 adire
1834 503 2156 586 certamen.
2196 495 2312 559 Sed
2344 498 2498 560 hanc
2553 498 2768 561 bonam
2803 500 2964 564 litem
3019 507 3319 586 componit
3346 495 3534 572 Gaius
3552 511 3618 572 in

241 587 506 648 medium
542 587 896 667 procedens,
930 597 990 648 et
1017 586 1173 667 apud
1201 604 1305 647 eos
1334 585 1532 648 verbis
1561 593 1731 647 utens
1758 584 2052 665 ejusmodi
2089 607 2102 647 :

317 671 427 744 ἰδ’,
503 684 562 738 Εἰ
622 683 720 756 μὲν
790 682 884 756 μία
955 682 1020 748 ἦν
1105 683 1238 759 πρὸς
1323 681 1586 758 σωτηρίαν
1663 681 1885 760 φέρουσα

2211 679 2272 742 Si
2295 697 2411 742 una
2443 681 2708 763 quidem,
2736 702 2770 745 o
2795 683 2972 773 beati,
3001 685 3088 748 via
3112 698 3269 752 esset
3291 710 3423 773 quae
3453 692 3619 755 ducit

234 768 376 844 ὁδὸς,
451 770 497 825 ὦ
580 771 853 848 μακάριοι,
919 769 1097 832 καλῶς
1184 773 1246 825 ἄν
1334 770 1492 847 εἶχε)
1580 768 1716 824 οὕτω
1791 774 1890 835 τῆς

230 859 513 927 ἀθλήσεων
568 858 974 938 ἀντεχομένοις,
1045 859 1138 915 ’ίνα
1199 860 1276 933 μὴ
1334 864 1434 924 τῆς
1498 859 1760 937 σωτηρίας
1831 858 1892 913 ἐκ

231 947 463 1013 πέσητε.
499 947 658 1004 Ἐπεῖ
710 947 768 1003 δὲ
799 949 886 1003 καὶ
916 950 950 1016 ἡ
990 949 1112 1011 τοῖς
1157 947 1445 1025 ὁμολογίας
1476 955 1627 1004 τοῦτο
1684 946 1888 1003 δίδωσιν

230 1041 300 1102 ἦν
359 1039 449 1092 καὶ
512 1035 720 1110 μᾶλλον
789 1035 1180 1114 ἀσφαλεστέραν
1241 1033 1365 1092 οἶδα
1429 1038 1517 1091 καὶ
1595 1035 1885 1114 ἀκίνδυνον,

231 1125 282 1180 τί
337 1124 420 1198 μὴ
479 1125 579 1192 τὴν
639 1123 915 1205 διαμάχην
968 1125 1321 1188 ἀπολιπόντες
1365 1139 1744 1204 παραχωρεῖτε
1788 1124 1889 1180 ἀλ-

233 1211 423 1279 λήλοις
471 1215 570 1280 τῆς
614 1215 900 1280 ἐπαινετῆς
953 1212 1257 1292 διαιρέσεως
1293 1233 1310 1292 ς
1359 1215 1432 1271 Οὐ
1477 1216 1576 1291 γὰρ
1617 1213 1759 1269 ὅσιον
1803 1215 1889 1278 οὒς

232 1307 310 1373 τῷ
359 1310 572 1379 Χριστῷ
629 1305 927 1378 συνήψατε,
975 1305 1186 1366 τούτους
1241 1303 1602 1377 ἀπαιμάντους
1649 1303 1884 1381 ἀφεῖναι.

237 1391 408 1446 Δοκεῖ
454 1387 508 1446 δέ
537 1413 626 1466 μοι
678 1391 880 1466 μᾶλλον
922 1390 1272 1468 Πολύκαρπον
1323 1405 1439 1454 τοτς
1491 1393 1701 1449 ἀπιοῦσι
1756 1411 1886 1447 συν-

236 1478 490 1536 απελθεῖν
570 1481 824 1560 ἱερωσύνῃ
909 1480 1302 1558 διαλάμποντα,
1367 1480 1453 1536 καὶ
1523 1481 1701 1535 ἱκανὸν
1761 1479 1887 1536 ὅντα

235 1569 416 1632 καλῶς
481 1568 630 1647 ἄγειν
687 1570 900 1631 αὐτούς.
977 1577 1150 1627 Ταῦτα
1231 1579 1324 1625 του
1381 1569 1644 1644 μακαρίου
1724 1570 1885 1625 Γαΐου

237 1659 504 1734 είπόντος,
554 1660 640 1715 καὶ
682 1659 898 1715 πάντων
941 1671 1058 1723 τοῖς
1103 1658 1412 1735 λεγομένοις
1471 1658 1878 1734 ἐπινευσάντων,

238 1745 544 1825 Τιϐούρτιος
589 1751 616 1803 ὁ
672 1749 782 1812 υἱὸς
825 1748 1139 1826 Χρωματίου
1181 1745 1326 1815 ἠξίου
1358 1748 1436 1821 μὴ
1483 1744 1880 1822 συναποδημεῖν

237 1843 311 1910 τῷ
375 1839 558 1916 πατρὶ,
604 1836 740 1893 ἀλλά
768 1840 837 1913 τῇ
898 1837 1052 1894 πόλει
1081 1836 1479 1914 ἔγκαταμένειν,
1512 1839 1599 1892 καὶ
1641 1837 1732 1892 τὸν
1788 1843 1880 1892 τοῦ

239 1927 519 2004 μαρτυρίου
590 1925 898 2004 ἐκδέχεσθαι
972 1927 1251 2006 στέφανον.
1326 1927 1424 1981 Καὶ
1484 1925 1878 2003 συγχωρήσαν-

233 2037 327 2078 τος
375 2017 468 2072 τοῧ
500 2019 666 2074 Γαῖου
711 2015 794 2074 διὰ
839 2017 936 2083 τὴν
987 2014 1196 2082 πολλὴν
1239 2025 1331 2072 του
1379 2012 1561 2080 παιδὸς
1609 2013 1852 2072 ἔνστασιν

1857 2061 1874 2089 ’
1903 2069 1939 2118 Β

1973 768 2042 828 ad
2069 768 2350 864 salutem,
2371 788 2482 864 nec
2505 781 2705 851 posset
2737 772 2836 852 qui
2855 772 2927 834 ab
2952 793 3022 836 ea
3050 768 3618 864 errasset-consequi

1975 875 2044 918 ea
2115 877 2246 938 quae
2319 858 2760 936 desiderantur,
2822 871 2981 924 recte
3048 865 3296 930 haberet
3363 888 3465 932 vos
3531 858 3619 934 ita

1971 955 2135 1007 arcte
2195 955 2398 1009 tenere
2431 949 2894 1013 decertationem
2945 969 3020 1014 ne
3050 972 3084 1014 a
3127 955 3318 1018 salute
3367 959 3614 1022 excide-

1973 1035 2139 1096 retis.
2177 1033 2292 1097 Sed
2327 1056 2459 1096 cum
2517 1038 2630 1099 hoc
2660 1058 2900 1120 quoque
2929 1040 3211 1120 largiatur
3239 1045 3331 1107 via
3375 1047 3612 1110 confes-

1971 1123 2179 1214 sionis,
2237 1144 2410 1204 quam
2441 1126 2564 1188 scio
2615 1145 2746 1189 esse
2777 1129 3051 1191 tutiorem
3110 1142 3169 1193 et
3199 1135 3394 1196 minus
3443 1136 3607 1214 peri-

1972 1212 2262 1288 culosam,
2293 1231 2402 1276 cur
2455 1233 2597 1289 non,
2630 1217 2850 1278 omissa
2891 1223 3289 1297 contentione,
3325 1212 3610 1287 laudabili

1975 1301 2265 1364 divisione
2317 1303 2530 1364 ceditis
2560 1303 2710 1366 alter
2756 1305 2970 1368 alteri?
3017 1307 3146 1370 Non
3191 1311 3351 1373 enim
3380 1312 3466 1374 fas
3515 1321 3608 1376 est

1973 1410 2120 1471 quos
2152 1392 2382 1482 Christo
2414 1393 2823 1471 conjunxistis,
2851 1413 2952 1457 eos
2981 1397 3319 1479 relinquere
3349 1401 3480 1463 sine
3510 1421 3610 1482 pa-

1969 1487 2128 1542 store
2181 1489 2240 1542 et
2271 1479 2493 1561 absque
2530 1491 2723 1544 vestra
2754 1485 3076 1547 curatione.
3137 1486 3386 1550 Videtur
3412 1479 3608 1553 autem

1969 1571 2116 1631 mihi
2150 1571 2345 1650 potius
2374 1570 2758 1652 Polycarpum
2791 1592 2908 1634 una
2949 1575 3037 1636 ire
3069 1594 3203 1638 cum
3253 1577 3610 1642 abeuntibus

1967 1667 2025 1719 ut
2057 1660 2158 1739 qui
2179 1659 2255 1721 sit
2277 1667 2334 1720 et
2354 1661 2686 1722 sacerdotio
2711 1661 2984 1744 insignis,
3011 1671 3068 1725 et
3088 1664 3160 1726 ad
3178 1683 3280 1727 eos
3305 1665 3611 1730 ducendos

1965 1749 2040 1807 sit
2082 1748 2332 1809 idoneus
2365 1757 2422 1809 et
2470 1748 2866 1812 instituendos
2895 1751 2956 1812 in
3007 1753 3250 1832 pietate.
3284 1754 3422 1817 Haec
3472 1775 3609 1819 cum

1963 1836 2172 1897 beatus
2202 1837 2450 1899 dixisset
2483 1836 2661 1900 Gaius
2691 1847 2751 1898 et
2789 1857 2998 1900 omnes
3043 1850 3246 1904 essent
3275 1846 3506 1905 assensi
3537 1846 3610 1907 iis

1963 1943 2092 2006 quae
2115 1925 2486 2001 dicebantur,
2520 1925 2824 1987 Tiburtius
2891 1927 3048 1991 ﬁlius
3096 1928 3417 1992 Chromatii
3447 1932 3611 1995 vole-

1964 2013 2061 2075 bat
2111 2034 2228 2075 non
2261 2033 2377 2076 una
2406 2033 2540 2076 cum
2578 2023 2740 2094 patre
2789 2016 3096 2094 recedere,
3132 2019 3236 2080 sed
3272 2037 3514 2082 manere
3543 2021 3608 2083 in

233 2108 260 2160 ὁ
316 2105 414 2180 μὲν
470 2107 530 2162 τὸ
582 2105 768 2162 λοιπὸν
825 2107 986 2173 συνῆν
1028 2118 1144 2170 τοῖς
1201 2105 1370 2182 ἁγίοις
1434 2106 1520 2159 καὶ
1585 2105 1716 2182 πρὸς
1772 2105 1872 2171 τὴν

1974 2105 2110 2164 urbe
2159 2113 2216 2164 et
2264 2104 2540 2184 accipere
2587 2123 2866 2166 coronam
2920 2106 3205 2188 martyrii,
3256 2115 3316 2171 et
3360 2127 3497 2172 cum
3542 2109 3605 2171 id

233 2193 454 2260 ἄθλῆσιν
499 2193 837 2270 ἡτοιμάξετο·
897 2193 954 2250 δὲ
1005 2216 1264 2274 μακαριος
1322 2192 1485 2256 Γάϊος
1530 2195 1654 2256 τοὺς
1699 2214 1870 2249 κατα-

1974 2193 2354 2254 :oncessisset
2393 2193 2571 2254 Gaius
2621 2200 2867 2274 propter
2903 2213 3172 2273 magnam
3207 2198 3601 2259 constantiam

233 2282 538 2363 λειφθέντας
581 2297 810 2362 μακροῖς
855 2306 960 2340 τισι
1011 2283 1188 2361 λόγοις
1241 2285 1372 2362 πρὸς
1405 2284 1524 2347 τοὺς
1576 2281 1868 2360 προκειμέ-

1974 2282 2372 2355 idolescentis,
2407 2281 2507 2342 ille
2538 2283 2778 2361 quidem
2811 2283 3097 2363 deinceps
3128 2293 3255 2346 erat
3291 2303 3413 2348 una
3467 2304 3603 2349 cum

234 2395 349 2437 νους
432 2373 770 2452 ἐπιθαῤῥύνας
868 2375 1077 2450 ἀγῶνας
1111 2420 1127 2446 ,
1209 2375 1298 2430 καὶ
1367 2370 1702 2449 Μαρκελλῖον
1775 2392 1873 2447 μεν

1974 2372 2168 2444 sancti,
2192 2369 2389 2434 divino
2413 2388 2705 2432 accensus
2729 2371 3054 2448 desiderio,
3078 2384 3139 2434 et
3170 2374 3605 2454 propemodum

233 2464 320 2518 καὶ
379 2463 594 2540 Μάρκον
646 2469 726 2536 τῷ
768 2468 872 2520 τῶν
917 2460 1176 2520 διακόνων
1231 2462 1490 2540 τάγματι,
1533 2463 1624 2516 τὸν
1669 2457 1724 2514 δὲ
1766 2460 1883 2516 τού·

236 2572 343 2607 των
398 2551 598 2622 πατέρα
653 2557 730 2624 τῷ
777 2557 885 2608 τῶν
942 2551 1306 2630 πρεσϐυτέρων
1349 2548 1716 2628 ἔγκαταὶέξαι,
1776 2555 1884 2604 Σε-

237 2638 520 2696 ϐαστιανὸν
579 2639 632 2696 δὲ
700 2642 791 2697 τὸν
847 2639 1087 2716 ἀοίδιμον
1150 2646 1244 2707 τῆς
1315 2639 1600 2705 ἐκκλησίας
1674 2636 1883 2694 ἔκδικον

239 2731 603 2805 καταστήσας,
651 2730 742 2786 σὺν
800 2729 985 2792 αὐτοῖς
1060 2730 1319 2806 ὁσημέραι
1363 2725 1583 2806 διέτριϐε
1639 2727 1884 2793 νηστείας

243 2819 566 2898 σχολάζουσι
627 2820 714 2875 καὶ
765 2831 1124 2898 προσευχαῖς,
1154 2821 1249 2876 καί
1298 2819 1394 2874 τοῦ
1436 2822 1568 2872 Θεοῦ
1615 2814 1884 2889 δεομένοις

241 2914 328 2964 τὸν
385 2910 708 2986 μαρτυρικὸν
760 2906 1116 2974 ἀναδάσασθαι
1174 2908 1452 2986 στέφανον.
1513 2905 1661 2969 Τινὲς
1692 2901 1746 2958 δὲ
1792 2903 1882 2958 νό-

243 3018 355 3060 σοις
421 2995 746 3054 πὸλυειδέσιν
834 2995 1138 3070 ἐξετόμενοι
1221 2995 1385 3070 λάθρα
1477 2994 1609 3068 πρὸς
1696 2994 1881 3052 αὐτοὺς

1967 2478 2120 2540 aegre
2149 2460 2348 2521 ferens
2366 2459 2521 2539 quod
2545 2478 2664 2520 non
2685 2459 2860 2523 citius
2883 2460 3218 2523 mitteretur
3245 2462 3320 2524 ad
3349 2463 3605 2526 stadium

1967 2548 2413 2611 decertationis.
2467 2547 2683 2624 Beatus
2726 2557 2924 2610 autem
2975 2548 3181 2630 Gaius,
3216 2569 3350 2612 cum
3383 2570 3485 2613 eos
3506 2551 3608 2632 qui

1965 2646 2404 2716 remanserant,
2433 2637 2505 2697 ad
2558 2638 2860 2716 proposita
2916 2637 3229 2700 subeunda
3277 2640 3607 2702 certamina

1969 2728 2196 2808 prolixa
2247 2728 2658 2789 conﬁrmasset
2688 2727 2977 2801 oratione,
3011 2734 3072 2789 et
3099 2727 3442 2790 Marcellum
3477 2731 3609 2807 qui-

1965 2818 2100 2878 dem
2153 2825 2210 2876 et
2241 2817 2502 2876 Marcum
2535 2815 2598 2875 in
2631 2815 2902 2877 ordinem
2954 2817 3364 2892 diacouorum,
3397 2835 3604 2879 eorum

1965 2918 2150 2966 autem
2182 2915 2396 2978 patrem
2421 2908 2480 2963 in
2503 2907 2966 2978 presbyterorum
2996 2907 3304 2980 retulisset,
3323 2909 3607 2981 inclytum

1964 3012 2101 3056 vero
2124 2992 2536 3055 Sebastianum
2571 2992 2840 3054 ecclesiae
2865 2990 3238 3054 delensorem
3269 2996 3606 3057 constituis-

238 3084 608 3165 ἀφικνούμενοι
691 3087 869 3163 ὑγιεῖς
961 3085 1391 3162 ἀπηλλάττοντο,
1475 3081 1563 3137 καὶ
1639 3081 1880 3152 θαύματα

1974 3093 2077 3159 set,
2111 3101 2243 3144 cum
2283 3083 2370 3142 eis
2401 3080 2737 3142 versabatur
2766 3080 3030 3161 quotidie
3071 3081 3415 3145 vacantibus
3437 3083 3604 3162 jeju-

235 3174 354 3253 παρ’
434 3174 606 3231 αὐτῶν
667 3174 906 3232 ἐτελεῖτο
975 3172 1267 3253 παράδοξα,
1328 3173 1403 3228 ὧν
1469 3171 1536 3227 τὰ
1595 3169 1692 3244 μὲν
1746 3165 1884 3224 ἄλλα

1974 3173 2081 3234 niis
2110 3169 2573 3242 etorationibus,
2601 3177 2659 3231 et
2687 3167 2874 3230 Deum
2903 3167 3248 3248 rogantibus
3272 3179 3334 3231 ut
3366 3169 3602 3232 fortiter

233 3265 461 3340 παρήσω
494 3312 510 3343 ,
568 3265 778 3343 φεύγων
842 3269 932 3320 τοῦ
1001 3262 1161 3342 λόγου
1240 3259 1552 3341 προσκορές·
1632 3258 1745 3320 ἐνὸς
1828 3255 1882 3312 δὲ

1974 3281 2030 3324 se
2061 3267 2339 3340 gererent
2369 3259 2430 3319 in
2461 3257 2885 3320 certaminibus
2907 3266 2970 3319 et
3002 3258 3338 3334 tormentis,
3369 3265 3428 3320 et
3449 3257 3607 3319 redi-

232 3355 393 3428 μόνου
424 3353 914 3428 ἐπιμνησθήσομαι.

1974 3353 2252 3412 rnirentur
2301 3365 2524 3410 corona
2552 3346 2834 3427 martyrii.
2886 3345 2961 3408 Et
2991 3347 3078 3407 illi
3127 3346 3370 3428 quidem
3419 3345 3481 3408 in
3505 3345 3602 3415 his

231 3453 424 3509 erant.
475 3443 727 3517 Quidam
759 3452 954 3507 autem
1003 3444 1104 3524 qui
1135 3462 1271 3506 cum
1303 3443 1462 3506 varis
1493 3445 1718 3508 morbis
1767 3444 2286 3515 conﬂictabantur,
2322 3441 2472 3503 clam
2505 3439 2577 3501 ad
2609 3457 2712 3502 eos
2758 3439 3134 3520 accedentes,
3165 3439 3294 3501 sani
3339 3446 3607 3502 reverte-

229 3534 469 3609 bantur,
504 3541 563 3594 et
599 3532 816 3595 ﬁebant
855 3533 929 3596 ad
957 3533 1043 3595 eis
1074 3533 1362 3596 miracula
1393 3555 1408 3606 ;
1445 3553 1576 3614 quae
1608 3547 1776 3600 erant
1802 3544 2010 3600 contra
2059 3533 2428 3612 opinionem,
2460 3546 2711 3608 quorum
2743 3528 2857 3590 alia
2887 3527 3129 3608 quidem
3163 3531 3605 3608 praetermittam

231 3624 422 3686 vitans
450 3622 780 3686 satietatem
813 3621 1122 3685 orationis.
1157 3620 1340 3684 Unius
1371 3640 1510 3684 vero
1541 3627 1873 3689 meminere
1905 3639 2079 3704 quam
2114 3627 2323 3699 potero
2356 3616 2733 3678 brevissime.

321 3721 446 3793 ις’.
511 3720 718 3778 Κατιὼν
745 3719 874 3775 ποτὲ
905 3721 932 3774 ὁ
963 3716 1264 3795 Τιὸούρτιος
1307 3716 1368 3772 ἐκ
1395 3724 1498 3779 τῶς
1544 3721 1731 3795 οἰκίας,
1768 3720 1887 3778 ἔνθα

235 3809 374 3877 ἦσαν
404 3811 453 3865 οἱ
506 3809 674 3887 ἃγιοι,
707 3806 923 3887 ἐνέτυχέ
965 3829 1070 3864 που
1111 3805 1247 3862 κατά
1295 3807 1394 3873 τὴν
1444 3807 1642 3887 ἀγορὰν
1670 3809 1779 3868 ἅνω
1833 3808 1888 3874 ἒξ

240 3900 404 3974 ὅψους
457 3898 696 3973 πεσόντι,
756 3899 843 3954 καὶ
902 3896 1040 3954 οὕτω
1097 3895 1278 3959 δεινῶς
1349 3893 1558 3975 ἔχοντι,
1621 3901 1694 3963 ὡς
1764 3899 1884 3964 τοὺς

237 3985 569 4055 ἒπιτηδείους
645 3986 973 4063 ἀπογνόντας
1051 3984 1209 4043 αὐτοῦ
1267 3985 1364 4052 τὴν
1435 3989 1726 4064 σωτηρίαν,
1795 3994 1884 4044 τοῦ

240 4079 408 4158 τάφου
472 4077 636 4151 μόνου
689 4077 776 4132 καὶ
831 4080 932 4142 τῆς
991 4075 1135 4139 ὁσίας
1192 4075 1503 4153 φροντίζειν.
1576 4075 1886 4143 Πλησιάσας

245 4167 334 4224 οὖν
389 4174 466 4241 τῷ
525 4165 753 4243 κειμένῳ
797 4166 885 4220 καὶ
929 4163 1026 4232 τὴν
1089 4165 1289 4232 συνήθη
1339 4163 1424 4219 ἐπ’
1469 4167 1611 4238 αὐτῷ
1666 4164 1885 4230 τελέσας

247 4256 442 4335 εὐχὴν,
499 4257 622 4334 ὑγιᾶ
678 4260 865 4310 τοῦτον
946 4265 1062 4316 τοῖς
1139 4254 1496 4322 προσήκουσιν
1576 4252 1883 4328 ἀποδίδωσι,

241 4347 378 4424 πρὸς
419 4347 505 4409 οὓς
535 4346 622 4401 καὶ
677 4343 857 4423 φησίν·
918 4344 973 4400 Εἰ
1001 4340 1248 4418 βούλεσθε
1298 4343 1384 4398 καὶ
1412 4344 1567 4418 ὑμεῖς
1625 4342 1889 4423 παράδοξα

238 4434 370 4514 ἔργα
428 4434 631 4513 τελεῖν,
677 4433 993 4490 πιστεύσατε
1049 4437 1126 4504 τῷ
1169 4435 1401 4512 Χριστῷ,
1447 4430 1572 4510 παρ’
1617 4434 1676 4488 οὗ
1731 4433 1891 4508 κάμοὶ

237 4523 402 4582 τῶνδε
460 4530 567 4581 τῶν
623 4522 906 4597 θαυμάτων
959 4523 994 4588 ἡ
1037 4518 1280 4595 δύναμις.
1341 4521 1490 4578 Ἐπεὶ
1529 4520 1584 4577 δὲ
1635 4521 1890 4598 πειθομέ-

239 4636 359 4679 νους
413 4611 557 4671 εἶδεν
614 4611 781 4692 αὐτῷ,
840 4612 971 4687 πρὸς
1041 4610 1204 4666 Γάῒον
1276 4608 1479 4688 ἤγαγεν
1537 4613 1722 4688 εἷπὼν,
1789 4611 1890 4666 Δέ-

240 4726 347 4784 χου
407 4704 645 4781 τούτους,
711 4702 878 4780 πάτερ
929 4701 1092 4784 τίμιε,
1149 4701 1236 4764 οὓς
1306 4698 1373 4755 δι’
1446 4701 1580 4776 ἐμοῦ
1659 4702 1892 4777 σήμερον

2051 3712 2200 3774 XVI.
2231 3710 2615 3772 Descendens
2664 3708 2979 3789 aliquando
3010 3707 3214 3771 beatus
3244 3706 3550 3770 Tiburtius
3576 3726 3611 3772 θ

1970 3803 2147 3865 domo
2173 3801 2232 3861 in
2259 3817 2373 3879 qua
2397 3807 2566 3860 erant
2593 3798 2807 3876 sancti,
2831 3796 3044 3858 incidit
3074 3797 3136 3857 in
3157 3796 3284 3858 foro
3314 3798 3375 3856 in
3406 3795 3606 3858 homi-

1969 3909 2108 3953 nem
2136 3889 2238 3969 qui
2268 3907 2336 3949 ex
2363 3887 2481 3948 alto
2511 3885 2832 3964 ceciderat,
2866 3892 2925 3947 et
2971 3903 3004 3946 e
3034 3902 3174 3947 casu
3211 3892 3326 3946 tam
3359 3884 3512 3945 male
3542 3902 3609 3945 se

1969 3980 2242 4052 habebat,
2279 3984 2348 4038 ut
2377 3977 2510 4054 ejus
2537 3973 2859 4036 necessarii
2905 3973 3288 4053 desperantes
3317 3971 3394 4034 de
3424 3971 3613 4033 salute

1969 4069 2314 4150 sepulcrum
2361 4067 2553 4125 solum
2584 4070 2641 4122 et
2690 4063 2848 4150 justa
2895 4068 2948 4122 ei
2993 4061 3266 4150 facienda
3305 4067 3608 4123 curarent.

1971 4149 2117 4222 Cum
2140 4157 2336 4235 itaque
2359 4153 2414 4214 ei
2438 4151 2536 4232 qui
2556 4149 2795 4230 jacebat
2818 4149 3439 4230 appropinquasset,et
3460 4167 3612 4210 con-

1968 4255 2166 4310 suetas
2183 4259 2506 4324 supereum
2523 4256 2728 4319 preces
2747 4237 3012 4317 fecisset,
3031 4237 3290 4299 reddidit
3307 4237 3612 4298 hominem

1974 4353 2182 4397 Sanum
2215 4335 2289 4394 iis
2321 4331 2422 4412 qui
2453 4329 2523 4390 ad
2549 4347 2685 4390 eum
2719 4327 3062 4402 attinebant,
3084 4325 3230 4387 adeo
3261 4325 3611 4388 corrobora-

1974 4436 2096 4488 tum
2119 4424 2492 4485 invocatione
2515 4415 2774 4479 nominis
2795 4414 3032 4494 Christi,
3055 4423 3119 4476 ut
3148 4432 3257 4476 nec
3281 4415 3335 4475 ei
3364 4412 3609 4496 quidem

1973 4516 2274 4578 videretur
2298 4510 2412 4571 tale
2440 4507 2581 4589 quid
2604 4505 2848 4566 omnino
2871 4503 3186 4578 accidisse,
3209 4502 3415 4564 Posset
3442 4518 3610 4564 cura-

1975 4606 2196 4666 tionem
2251 4608 2444 4662 autem
2477 4597 2611 4675 ejus
2641 4593 2743 4675 qui
2799 4593 3122 4667 ceciderat,
3154 4590 3459 4655 accersitis
3487 4589 3618 4672 ejus

1975 4690 2326 4755 necessariis
2370 4685 2676 4748 Tiburtius
2705 4682 2850 4744 dicit
2879 4680 3013 4742 eis:
3068 4681 3133 4743 Si
3159 4680 3338 4742 vultis
3383 4695 3620 4760 quoque

239 4769 515 4872 έκέρδανεν
564 4794 592 4848 ὁ
631 4769 891 4871 ’Χριστόᾲ
950 4769 1008 4847 ’ὁ
1065 4769 1120 4844 δὲ
1177 4769 1499 4868 κατηχήσας
1567 4769 1752 4855 αὐτοὺς
1803 4769 1885 4846 καὶ

1974 4800 2109 4847 esse
2134 4780 2444 4841 effectores
2485 4791 2689 4835 rerum
2721 4769 3185 4872 admirabilium,
3219 4769 3454 4832 Christo
3485 4783 3623 4830 ore-

241 4885 320 4960 τῷ
371 4883 497 4955 θείῳ
522 4879 811 4945 τελειώσας
859 4879 1184 4958 βαπτίσματι
1213 4891 1333 4942 τοῖς
1379 4879 1596 4942 λοιποῖς
1625 4878 1888 4958 συγκατέ-

245 4972 393 5048 μιξεν
427 4972 624 5049 ἁγίοις.
688 4969 836 5027 Ἀλλ’
868 4968 972 5038 ἤδη
1023 4969 1204 5045 καιρός
1236 4969 1407 5024 εἰπεῖν
1459 4967 1604 5033 ὅπως
1631 4970 1693 5024 τὸ
1740 4967 1893 5032 τέλος

245 5063 525 5133 ἀπήντησε
566 5060 674 5122 τῶς
723 5059 1019 5129 ἀθλήσεως
1079 5058 1106 5112 ὃ
1163 5054 1228 5121 δὴ
1255 5059 1344 5113 καὶ
1389 5058 1598 5127 ποιήσω
1626 5063 1733 5116 τῶν
1788 5055 1890 5112 ἄλ-

245 5150 356 5208 λων
383 5150 646 5230 ἀφέμενος
659 5195 670 5208 .

1975 4873 2124 4945 dite,
2155 4889 2189 4930 a
2217 4865 2373 4949 quod
2401 4864 2474 4926 ad
2507 4880 2603 4923 me
2631 4878 2867 4941 quoque
2886 4857 3146 4949 profecta
3176 4866 3264 4920 est
3289 4859 3416 4949 haec
3432 4857 3621 4919 virtus

1979 4944 2418 5022 miraculorum.
2458 4953 2778 5028 Postquam
2802 4965 2943 5008 vero
2975 4944 3116 5006 vidit
3140 4946 3529 5007 assentientes
3557 4949 3623 5007 et

1979 5055 2278 5132 parentes,
2312 5041 2672 5132 eosducens
2699 5037 2771 5098 ad
2803 5034 3189 5132 Gaium_dicit
3217 5034 3273 5096 ei
3307 5054 3320 5096 :
3357 5032 3623 5132 _S_us_cipe

1979 5121 2112 5215 hos,
2131 5131 2475 5200 venerande
2500 5136 2684 5209 pater,
2714 5142 2862 5205 quos
2892 5123 3072 5186 hodie
3091 5141 3198 5215 per
3229 5139 3326 5183 me
3351 5121 3624 5215 Christus

248 5211 551 5307 ucrifecit.
609 5211 716 5303 llle
763 5247 961 5304 autem
1013 5247 1322 5323 postquam
1371 5239 1412 5300 ii
1464 5238 1713 5302 verbum
1776 5234 1918 5298 ﬁdet
1975 5211 2347 5323 didicissent,
2385 5220 2608 5323 divino.
2639 5217 2998 5323 baptismate
3039 5211 3626 5323 initiatos,

588 5299 1446 5412 sanvctiwsjprop‘terjliaecVDeo
1477 5299 1677 5408 agens
1727 5325 1968 5407 gratias,
2007 5323 2107 5402 qui
2162 5299 2742 5412 facitJadmirpbiliit
2800 5308 2861 5406 in
2890 5304 3168 5412 omnibus
3215 5299 3630 5412 invocant—ibus

245 5424 465 5507 ipsum.
530 5420 646 5484 Sed
672 5421 796 5502 jam
823 5387 1092 5500 ’t‘empus
1121 5428 1212 5482 est
1251 5387 1564 5482 narrandiu
1591 5387 2082 5484 dece‘rtation'em,
2117 5417 2176 5470 et
2225 5404 2500 5486 quisnam
2549 5397 2682 5462 ﬁnis
2740 5395 3066 5477 unicuique
3097 5393 3362 5457 evenerit
3399 5413 3416 5475 ;
3471 5387 3631 5472 quod

250 5513 494 5597 quidem
522 5510 735 5574 faciam
765 5510 896 5573 aliis
923 5508 1182 5586 omissis;

330 5607 438 5669 IZ'.
492 5598 556 5667 Ἠ
614 5601 1017 5686 μακαριωτάτη’
1068 5606 1190 5673 Ζωὴ
1235 5606 1289 5665 ἐν
1333 5607 1402 5685 τῇ
1447 5605 1586 5686 σορῷ
1642 5624 1772 5664 ποτε
1814 5602 1907 5659 τοῦ

580 5715 842 5777 PATROL.
887 5715 1004 5781 Gn.
1049 5713 1260 5779 CXVI.

2065 5589 2247 5656 Χνιι.
2282 5583 2632 5651 Beatissima
2658 5580 2776 5645 Zoe
2809 5595 2986 5644 orans
3015 5575 3332 5659 aliquando
3363 5571 3439 5638 ad
3473 5571 3636 5636 locu~

3154 5682 3230 5745 26
