4066 6402
270 255 392 335 813
1117 268 1585 333 MERTYBIUM
1633 271 1693 332 s.
1750 272 2203 338 SABASTIANI
2264 278 2360 340 ET
2405 279 2808 345 SOCIORUM.
3531 272 3650 360 314

274 401 451 459 θάνειν
493 402 549 456 ἐν
593 397 770 463 δόλοις
814 397 1142 478 πειρώμενος
1179 415 1217 491 ’-
1244 399 1412 491 ούδεὶς
1477 403 1757 460 συνεσθίων
1789 402 1924 480 πόρ-

2012 421 2187 466 scens
2221 415 2438 471 tantam
2469 412 3004 491 simulationem,et
3027 417 3117 480 ira
3146 431 3343 483 motus
3363 423 3506 486 dicit
3539 427 3593 488 ei
3631 449 3645 490 :

273 513 388 552 ναις
443 491 532 544 καὶ
567 489 749 564 μέθαις
783 487 1010 568 χαίρων,
1046 489 1134 545 καὶ
1163 486 1335 545 τᾶλλα
1391 489 1640 565 πράττων
1683 490 1922 570 ἀναίδην,

2012 491 2391 590 Neleipsum
2425 499 2713 581 decipias,
2770 522 2804 564 ο
2857 486 3167 590 Curtuate,
3205 516 3440 573 tentans
3469 486 3655 580 late—re

275 581 350 634 ὧν
399 579 489 635 καὶ
533 579 630 644 τὴν
677 580 898 652 μδήμην
971 584 1137 653 μισῶ,
1191 584 1421 654 Χριστοῦ
1479 580 1726 654 μαθητὴς
1784 581 1924 636 εἶναι

2012 581 2069 641 in
2097 583 2332 649 dolis.N
2338 605 2471 649 emo
2493 579 2594 670 qui
2617 591 2878 654 vescitur
2899 613 3014 656 una
3035 579 3169 658 cum
3201 601 3627 666 meretricibus

271 666 512 724 δύναται.
561 666 634 723 ’Ἡ
679 666 894 744 ἄγνοεῖν
927 667 1072 740 ἡμᾶς
1103 663 1284 729 δοκεῖς
1335 670 1449 728 οἷος
1483 653 1589 742 εἴ,
1649 670 1736 724 καὶ
1779 669 1924 731 ὅπως

2012 680 2072 730 et
2097 685 2438 764 perseverat
2461 653 2529 738 in
2541 679 2660 739 vini
2686 683 2927 759 potione
2951 653 3648 764 ustiGS'aE'é'h'Ei'éGéT-Z

276 757 366 813 τὸν
410 756 529 832 ἐμοὶ
589 742 801 822 ἥδιστον
857 754 1169 816 ἐϐούλευσας
1229 755 1475 829 θάνατον,
1538 755 1593 822 ὅς
1670 779 1736 832 με
1785 758 1924 836 ταχὺ

2013 742 2216 823 etalia
2247 763 2382 825 facit
2412 742 2815 846 impudenter,
2850 742 3238 850 quorﬁujm'vel

271 855 365 904 τοῦ
421 843 674 901 ταπεινοῦ
758 844 944 901 τούτου
1029 845 1276 919 σώματος
1356 841 1606 916 διαζεύξει
1631 893 1647 921 ,
1710 848 1797 903 καὶ
1847 855 1924 919 τῷ

2012 849 2256 946 minisse
2286 841 2600 946 abhorreo,
2611 841 2809 936 potest
2829 841 2964 920 esse
2985 859 3204 922 Christi
3235 841 3657 946 discipulus,et

274 932 589 1009 ποθουμένῳ
621 937 841 1009 συνάψει
873 940 1082 1010 Χριστῷ
1116 950 1132 1007 ;

2012 937 2249 1015 gloriari
2282 942 2440 1004 illius
2472 962 2576 1024 pro
2609 932 2782 1006 nobis
2833 949 3342 1028 perpessionibus.
3391 932 3656 1021 Putasne

275 1044 386 1124 nos
444 1025 722 1124 ignorare
772 1023 1112 1124 qua‘lis.s_is,
1147 1034 1215 1124 et_
1251 1027 1753 1124 quemadmodum
1803 1029 2476 1124 mihi-jucundissimam
2527 1045 2776 1098 mortem
2811 1023 2894 1100 sis
2943 1023 3345 1119 machinatus,
3380 1064 3513 1124 quae
3560 1066 3658 1111 me

271 1114 593 1214 celerrime
616 1111 899 1214 liberabit
924 1112 1000 1214 ad
1034 1116 1142 1214 hoc
1199 1116 1409 1177 humili
1447 1134 1701 1197 corpore
1732 1118 2150 1214 etconjunget
2178 1121 2408 1214 Qhristo
2435 1142 2616 1214 quem
2642 1124 2930 1214 desidero
2951 1134 2978 1190 ?
3005 1127 3150 1190 Nam
3183 1131 3280 1211 qui
3314 1111 3660 1214 exspectati-

269 1220 372 1300 t_ur
403 1203 705 1265 cruciatus
732 1211 790 1264 et
821 1201 1516 1300 multipliciatormenta,
1547 1224 1582 1268 a
1612 1223 1708 1267 me
1737 1205 2010 1300 ridentur
2032 1218 2091 1267 et
2116 1209 2410 1300 habentur
2433 1201 2715 1273 ludibrio.
2741 1215 2948 1295 Neque
2971 1218 3127 1278 enlm
3154 1201 3334 1281 timeo
3356 1201 3654 1300 ex'silium,

271 1291 514 1354 domum
541 1309 732 1353 meam
756 1299 966 1372 sponte
992 1292 1192 1354 dimisi
1213 1294 1570 1375 volentibus;
1596 1313 1712 1356 non
1737 1294 1960 1376 ignem,

1994 1316 2112 1358 non
2149 1299 2530 1378 ﬂagella,non
2555 1301 2778 1381 aliquid
2800 1303 2958 1364 aliud
2987 1323 3056 1366 ex
3079 1307 3305 1386 asperis
3325 1318 3384 1370 et
3414 1299 3657 1374 terribi4

270 1383 428 1444 libus
461 1399 711 1462 quorum
740 1381 886 1443 mibi
911 1382 1083 1444 minae
1106 1383 1502 1447 intentantur.
1543 1385 1900 1448 Redduntur
1928 1389 2085 1448 enim
2120 1388 2246 1448 haec
2278 1389 2478 1450 omnia
2500 1389 2825 1452 imbecillia
2859 1401 2916 1452 et
2949 1381 3170 1456 debilia
3193 1395 3388 1458 divino
3410 1401 3652 1465 auxilio.

356 1472 450 1534 ις’.
489 1470 791 1536 Φλαϐιανὸς
823 1471 950 1528 ε’ίπε
978 1491 992 1506 ·
1030 1480 1193 1531 Τοῦτο
1224 1475 1318 1549 μὲν
1351 1475 1476 1553 ἄφες
1511 1475 1722 1553 ληρεῖν,
1757 1479 1802 1531 ὦ
1833 1485 1920 1532 Τι-

273 1561 484 1642 ϐούρτιε
520 1580 538 1598 ο
610 1560 732 1636 ἐμοὶ
774 1559 827 1616 δὲ
885 1564 1198 1638 πειθόμενος
1255 1576 1438 1642 φεῖσαι
1500 1565 1597 1631 τῆς
1654 1564 1916 1642 εὐγενείας

271 1674 363 1708 σου
421 1653 508 1708 καὶ
553 1651 647 1718 τῆς
691 1650 965 1724 νεότητος,
1013 1653 1210 1728 καὶμὴ
1267 1655 1358 1708 τὸν
1403 1651 1757 1710 ἐπονείδιστον
1790 1663 1916 1710 τοῦ-

269 1763 360 1798 τον
392 1740 609 1816 ἆσπάσῃ
662 1741 909 1800 θάνατον.
957 1732 1015 1798 Ὀ
1060 1739 1114 1796 δὲ
1159 1743 1290 1818 πρὸς
1345 1741 1502 1798 αὒτόν
1537 1761 1552 1776 ⁶
1607 1743 1680 1798 Οὔ
1734 1744 1911 1820 τοῦτο,

268 1831 453 1909 φησὶν,
499 1829 756 1909 αἰσχύνη,
787 1831 831 1885 ὦ
861 1827 1104 1903 δικαστὰ,
1140 1829 1211 1885 ἐνὶ
1256 1837 1412 1900 ζῶντι
1457 1830 1727 1906 λατρεύειν
1775 1838 1912 1905 Θεῷ,

271 1918 410 1976 ἀλλὰ
451 1916 661 1994 δαίμοσι
708 1917 799 1974 καί
866 1922 1084 1984 θνητοῖς
1136 1918 1431 1996 ἀνθρώποις
1494 1920 1554 1975 ἐκ
1603 1921 1787 1974 παθῶν
1829 1940 1916 1974 τι-

271 2009 568 2084 μωμένοις,
601 2009 688 2072 οὓς
720 2011 766 2063 οἱ
793 2006 1035 2071 σέϐοντες
1067 2006 1292 2064 ἐλεεινοί
1339 2008 1436 2064 καί
1488 2009 1697 2086 θρήνων
1757 2006 1914 2084 ἄξιοι,

274 2097 327 2154 ἐν
386 2098 474 2162 οἷς
536 2105 915 2175 προσκυνοῦσιν
962 2096 1368 2172 ἀτιμαζόμενοι,
1420 2097 1552 2154 Τότε
1605 2099 1632 2152 6
1678 2093 1916 2176 ’ἔπαρχος

276 2193 348 2260 τῷ
376 2189 526 2263 θυμῷ
550 2185 743 2260 ζήσας,
806 2184 1084 2242 ὶκέλευσεν
1142 2183 1401 2261 ἄνθρακας
1461 2187 1770 2264 ἐνεχθῆναι,
1828 2188 1916 2242 καὶ

272 2275 417 2355 λέγει
461 2276 604 2350 αὒτῷ
643 2289 657 2305 ⁸
702 2272 860 2331 Ἐλοῦ
903 2281 1109 2350 σεαυτῷ
1137 2321 1155 2351 ,
1221 2271 1364 2331 δυεῖν
1421 2270 1662 2353 θάτερον,
1709 2274 1745 2342 ἢ
1796 2286 1914 2339 τοῖς

273 2368 417 2428 θεοῖς
472 2368 646 2442 θῦσαι,
681 2363 716 2432 ἢ
747 2365 852 2420 τῶν
882 2363 1153 2443 ἀνθράκων
1213 2377 1437 2441 γυμνοῖς
1493 2361 1746 2431 ἐπιϐῆναι
1808 2386 1916 2419 πο-

275 2456 378 2516 σίν.
445 2444 503 2512 Ὀ
562 2454 617 2510 δὲ
675 2453 933 2532 μακάριος
1017 2451 1322 2528 Τιϐούρτιος
1401 2456 1624 2532 σταυρὸν
1679 2451 1916 2532 χαράξας

277 2543 405 2612 ἕστη
451 2543 630 2600 ἐπάνω
688 2544 885 2617 αὐτῶν,
916 2544 999 2600 καὶ
1031 2541 1174 2621 λέγει
1207 2548 1284 2616 τῷ
1312 2542 1538 2622 ἐπάρχῳ
1567 2558 1582 2574 ⁶
1647 2543 1788 2597 Mille
1832 2543 1919 2598 νῦν

275 2633 342 2690 δι’
385 2632 540 2709 ἐμοῦ,
588 2633 669 2691 ὅτι
727 2636 890 2711 μόνος
951 2640 1102 2696 οὖτος
1161 2633 1289 2695 Θεὸς
1350 2631 1641 2706 ἀληθινὸς,
1694 2631 1752 2686 ὃν
1811 2630 1920 2708 ἐγὼ

273 2720 437 2797 σέϐω,
472 2725 558 2780 καὶ
600 2730 756 2802 γενοῦ
787 2723 886 2798 ὀψὲ
914 2721 1045 2778 ποτὲ
1096 2723 1434 2799 Χριστιανὸς,
1481 2721 1542 2776 τὸ
1599 2721 1790 2784 σκότος
1824 2720 1917 2787 τῆς

272 2810 516 2876 ἀσεϐείας
561 2812 754 2875 λιπών.
805 2813 867 2869 '0
917 2811 972 2866 δὲ
1027 2809 1198 2871 δείσας
1245 2811 1324 2884 μὴ
1367 2823 1486 2872 τοῖς
1527 2809 1757 2884 θαύμασι
1790 2809 1917 2865 τού-

276 2923 386 2966 τοις
445 2902 782 2980 ὅπαγάγηται
826 2899 1057 2962 πολλοὺς
1102 2901 1233 2978 πρὸς
1294 2899 1392 2966 τὴν
1450 2896 1742 2969 εὐσέϐειαν,
1792 2897 1916 2953 ἐκέ-

279 2990 459 3051 λευσεν
531 2990 840 3071 ἀπαχθέντα
908 2997 1092 3046 τοῦτον
1154 2985 1330 3066 πόρῤω
1389 2993 1484 3044 τοῦ
1543 2984 1727 3049 ἄστεος
1786 2984 1916 3064 ξίφει

2087 1474 2383 1537 XX.Dixit
2403 1478 2715 1540 Flavianus
2746 1477 2898 1541 :Has
2927 1482 3170 1559 quidem
3195 1501 3383 1563 nugas
3405 1489 3598 1564 mitte,
3621 1509 3654 1551 ο

2003 1561 2284 1638 Tiburti;
2321 1567 2466 1628 mihi
2500 1577 2696 1629 autem
2733 1586 2970 1647 parens,
3000 1588 3177 1650 parce
3212 1561 3328 1635 tuae
3357 1561 3656 1640 nobilitati

2002 1663 2059 1714 et
2085 1655 2385 1733 juventuti
2419 1664 2474 1716 et
2500 1676 2573 1717 ne
2607 1657 3129 1736 probrosissimam
3185 1660 3339 1723 hanc
3397 1673 3650 1728 mortem

2001 1744 2406 1822 amplectaris.
2444 1745 2549 1806 IIIe
2573 1765 2712 1807 vero
2745 1747 3120 1826 respondens
3143 1749 3289 1812 dixit
3322 1769 3337 1814 :
3372 1753 3500 1814 Non
3537 1761 3650 1830 est,

2000 1832 2218 1912 inquit,
2255 1833 2540 1912 probrum
2573 1852 2642 1895 ac
2673 1834 2957 1915 dedecus,
2993 1855 3026 1896 ο
3051 1837 3258 1914 iudex,
3291 1841 3516 1904 servire
3548 1843 3656 1904 uni

1999 1919 2123 1982 Deo
2149 1921 2387 1994 viventi,
2423 1921 2530 1982 sed
2561 1922 2934 1984 daemonibus
2968 1932 3024 1984 et
3077 1925 3432 1988 mortalibus
3462 1930 3656 1990 homi—

2000 2008 2176 2069 nibus
2207 2009 2308 2090 qui
2340 2010 2709 2071 honorantur
2741 2029 2813 2071 ex
2857 2011 3016 2072 vitiis
3040 2057 3059 2083 ,
3115 2030 3266 2091 quos
3318 2015 3420 2094 qui
3447 2015 3654 2079 colunt

1999 2105 2139 2156 sunt
2163 2097 2537 2158 miserabiles
2560 2107 2618 2160 et
2656 2099 2820 2176 digni
2843 2100 2943 2179 qui
2967 2099 3284 2179 lugeantur
3313 2121 3330 2178 ;
3369 2106 3556 2184 utqui
3587 2105 3648 2167 in

1997 2185 2073 2246 iis
2092 2204 2222 2266 quae
2241 2185 2835 2266 adorantignominia
2864 2187 3225 2264 afﬁciantur,
3259 2198 3320 2252 et
3349 2193 3440 2253 sui
3473 2209 3648 2254 erro-

1999 2275 2084 2336 ris
2107 2275 2448 2336 mercedem
2488 2275 2628 2336 hinc
2657 2275 2980 2356 accipiant.
3014 2275 3218 2343 Honor
3249 2279 3407 2340 enim
3439 2297 3648 2342 eorum

2001 2363 2105 2444 qui
2133 2363 2582 2443 adorantur,est
2611 2364 2977 2426 contumelia
3003 2383 3214 2427 eorum
3238 2371 3340 2446 qui
3356 2368 3644 2432 adorant:

2003 2463 2061 2516 et
2091 2471 2340 2534 peccare
2371 2453 2526 2534 apud
2560 2457 2722 2534 ipsos
2742 2463 2986 2515 voratur
3003 2454 3226 2517 cultus.
3251 2454 3421 2519 Tunc
3443 2457 3654 2539 praefe-

2004 2551 2133 2604 ctus
2163 2542 2254 2603 ira
2301 2542 2536 2604 fervens
2579 2543 2760 2622 jussit
2815 2543 3018 2605 afferri
3068 2543 3385 2621 carbones,
3419 2553 3481 2608 et
3508 2546 3653 2609 dicit

2005 2631 2057 2693 ei
2096 2652 2109 2694 :
2139 2629 2304 2710 Elige
2335 2630 2442 2691 tibi
2473 2629 2730 2693 alterum
2766 2650 2798 2694 e
2829 2631 3157 2707 duobus,ut
3186 2633 3281 2695 vel
3313 2633 3430 2696 diis
3455 2633 3649 2696 secri-

2004 2719 2169 2792 ﬁces,
2205 2719 2294 2779 vel
2327 2737 2506 2799 super
2548 2718 2840 2782 carbones
2868 2719 3047 2781 nudis
3098 2720 3341 2783 incedas
3372 2718 3650 2801 pedibus.

2001 2810 2218 2870 Beatus
2249 2815 2444 2868 autem
2505 2807 2813 2868 Tiburtius
2857 2827 2993 2869 cum
3041 2808 3276 2888 signum
3308 2811 3502 2872 crucis
3531 2813 3650 2872 im-

2003 2895 2339 2976 pressisset,
2377 2897 2537 2957 stetit
2568 2913 2747 2975 supra
2781 2896 2948 2974 ipsos
3006 2905 3064 2958 et
3123 2898 3268 2958 dixit
3318 2897 3596 2977 praefecto
3630 2915 3646 2961 :

2002 2983 2152 3044 Vide
2183 3001 2345 3044 nunc
2376 2983 2437 3043 in
2471 3002 2565 3044 me
2587 2991 2807 3064 quanta
2833 2983 2910 3044 sit
2945 2983 3084 3044 ﬁdei
3136 2987 3424 3064 potentia,
3469 2993 3530 3048 et
3553 2986 3651 3048 di-

274 3085 548 3153 τμηθῆναι
603 3070 702 3146 την
784 3076 1043 3158 κεφαλήν,
1108 3078 1206 3136 Καὶ
1276 3079 1304 3132 ὁ
1379 3076 1478 3152 μὲν
1543 3082 1698 3133 τοῦτο
1754 3073 1918 3152 πέρας

2012 3091 2104 3134 sce
2126 3073 2280 3133 hunc
2297 3073 2490 3133 solum
2513 3090 2646 3133 esse
2670 3090 2874 3133 verum
2917 3070 3105 3133 Deum
3130 3091 3308 3152 quem
3335 3093 3442 3153 ego
3475 3075 3648 3155 colo;

275 3170 501 3250 εὖρίσκει
531 3172 625 3226 τοῦ
650 3169 790 3246 βίου.

2006 3171 2065 3223 et
2090 3160 2330 3224 efﬁcere
2382 3161 2621 3222 tandem
2687 3161 3057 3223 Christianus
3089 3162 3357 3224 excussis
3393 3161 3656 3226 tenebris

275 3260 624 3344 impietatis.
683 3261 790 3323 Ille
816 3277 954 3323 vero
986 3257 1204 3320 timens
1252 3273 1328 3318 ne
1357 3256 1452 3318 his
1501 3253 1804 3344 miraculis
1836 3254 2079 3344 multos
2119 3256 2433 3317 induceret
2477 3255 2550 3315 ad
2601 3260 2900 3344 pietatem,
2932 3253 3112 3333 jussit
3143 3263 3208 3316 ut
3257 3255 3656 3320 adduceretur

276 3341 485 3435 procul
517 3369 552 3413 a
580 3349 814 3412 civitate
842 3356 898 3411 et
924 3347 1012 3410 illi
1043 3355 1219 3428 caput
1247 3352 1677 3426 amputaretur.
1709 3341 1780 3406 Et
1811 3343 1909 3406 ille
1933 3344 2172 3425 quidem
2203 3345 2422 3406 invenit
2453 3344 2611 3405 hunc
2641 3345 2771 3404 vitae
2804 3343 3013 3405 linem.

358 3448 500 3511 ΚΝ,
565 3445 696 3503 Μετ’
751 3447 908 3502 αὐτὸν
953 3442 1008 3499 δὲ
1053 3443 1142 3499 καὶ
1189 3439 1491 3504 Κάστουλος
1552 3443 1580 3496 6
1638 3439 1924 3515 διαιτάριος

278 3537 597 3617 συλληφθεὶς
655 3535 790 3611 μετὰ
868 3531 1098 3596 πολλούς
1189 3553 1246 3586 τε
1319 3531 1578 3606 βασάνους
1634 3529 1686 3585 ἐν
1746 3529 1928 3599 λάκκῳ

275 3627 512 3706 βληθεὶς,
546 3627 660 3682 ἐκεῖ
690 3623 908 3694 τελευτᾷ
937 3624 1026 3678 τὸν
1057 3621 1191 3697 βίον,
1239 3620 1331 3674 καί
1386 3619 1583 3694 μάρτυς
1628 3622 1706 3690 τῷ
1756 3617 1927 3706 Κυρίῳ

277 3705 631 3796 προσάγεται.
681 3712 803 3771 ’Ἔτι
875 3710 928 3766 δὲ
983 3713 1071 3767 καὶ
1131 3706 1497 3788 Μαρκελλῖνος
1568 3707 1656 3763 καὶ
1713 3705 1926 3796 Μάρκος

279 3792 332 3864 οῗ
383 3792 625 3884 γενναῖοι
681 3809 779 3871 τῆς
849 3798 1112 3862 εὒσεϐείας
1185 3797 1474 3876 ἀγωνισταὶ
1554 3792 1921 3874 συσχεθέντες,

278 3893 375 3952 γαί
437 3896 560 3959 τοὺς
639 3891 804 3957 πόδας
876 3889 1028 3958 ἥλοις
1103 3885 1446 3964 διαπαρέντες
1523 3885 1608 3942 ἐπὶ
1677 3890 1925 3940 τοσοῦτον

279 3983 532 4043 ἵστασθαι
575 3985 716 4061 παρὰ
784 3987 876 4038 τοῦ
928 3979 1230 4050 δικάζοντος
1291 3976 1764 4055 προσετάχθησαν,
1827 3970 1929 4034 ἕως

283 4091 403 4141 τοῖς
461 4078 604 4138 θεοῖς
637 4059 883 4131 θύσωσιν.
942 4071 1001 4126 Οἱ
1057 4065 1112 4124 δὲ
1165 4067 1219 4122 ἐν
1267 4066 1433 4141 ταύτῃ
1465 4071 1532 4140 τῇ
1564 4059 1928 4143 χαλεπωτάτῃ

281 4165 499 4242 βασάνῳ
527 4165 613 4243 τὸ,
665 4187 694 4219 α
741 4159 874 4219 Ἰδοὺ
919 4157 984 4228 δὴ
1025 4158 1076 4214 τί
1117 4155 1282 4213 καλὸν
1326 4155 1360 4224 ἦ
1391 4155 1442 4210 τί
1480 4153 1727 4233 τερπνὸν,
1764 4174 1791 4208 ι
1843 4150 1928 4243 καὶ

285 4240 354 4310 τὰ
400 4253 516 4322 ἑξῆς
575 4240 911 4331 ἐπιλέγοντες
947 4296 964 4329 ,
1026 4247 1259 4327 λόγχαις
1317 4247 1380 4302 τὸ
1455 4243 1764 4300 τελευταῖον
1834 4240 1927 4302 τὰς

284 4345 514 4422 πλευρὰς
568 4341 832 4421 νυγέντες,
895 4341 968 4402 ὡς
1039 4340 1066 4394 6
1128 4337 1395 4416 Χριστὸς,
1447 4335 1574 4412 ὑπὲρ
1635 4335 1694 4389 οὗ
1765 4335 1928 4386 ταῦτα

284 4432 554 4512 ἔπασχον,
586 4431 794 4512 ἀφῆκαν
827 4429 888 4484 τὸ
918 4431 1148 4501 πνεῦμα.

2089 3436 2241 3499 XXI.
2276 3435 2414 3498 Post
2444 3454 2580 3497 eum
2607 3443 2802 3497 autem
2826 3435 3128 3498 Castullus
3159 3435 3462 3499 diaetarius
3493 3457 3657 3500 com-

2009 3527 2368 3606 prehensus,
2429 3523 2588 3605 apud
2647 3541 2827 3604 quem
2892 3523 3214 3586 manebant
3271 3527 3462 3588 sancti
3521 3534 3658 3607 post

2010 3613 2335 3677 Chromatii
2367 3614 2814 3690 emigrationem
2847 3629 2881 3674 e
2911 3611 3176 3693 civitate,
3209 3622 3266 3676 et
3309 3622 3443 3694 post
3471 3615 3658 3677 multa

2011 3711 2308 3764 tormenta
2340 3703 2641 3782 projectus
2692 3701 2753 3761 in
2811 3700 3030 3769 lacum.
3095 3700 3218 3762 illic
3270 3702 3402 3764 [init
3449 3704 3652 3764 vitam.

2008 3791 2311 3853 Prwterea
2341 3808 2478 3850 vero
2510 3787 2894 3850 Marcellinus
2942 3796 3002 3848 et
3028 3789 3261 3852 Marcus
3291 3789 3514 3868 egregii
3543 3807 3656 3851 ve-

2009 3879 2201 3942 ritatis
2232 3878 2492 3958 athletae,
2523 3877 2943 3955 comprehensi
2988 3885 3048 3937 et
3077 3877 3259 3957 pedes
3288 3877 3473 3939 clavis
3503 3895 3653 3938 con-

2011 3968 2135 4047 ﬁxi,
2162 3968 2315 4047 jussi
2344 3973 2486 4029 sunt
2539 3985 2572 4026 a
2629 3965 2830 4044 iudice
2866 3965 3073 4027 tandiu
3102 3973 3283 4043 stare,
3317 3967 3510 4028 donec
3539 3966 3658 4026 diis

2013 4056 2337 4122 tribuerint
2359 4057 2646 4118 honorem
2675 4054 2778 4133 qui
2800 4053 2888 4114 eis
2934 4053 3208 4115 debetur.
3245 4053 3337 4116 Illi
3366 4063 3560 4117 autem
3592 4055 3658 4117 in

2013 4148 2126 4209 hoc
2157 4154 2452 4208 tormento
2485 4145 2635 4206 adeo
2667 4141 3029 4205 intolerabili
3063 4163 3076 4205 :
3109 4166 3136 4199 α
3167 4147 3324 4207 Ecce
3353 4161 3529 4224 quam
3554 4142 3661 4206 bo-

2014 4255 2154 4298 num
2188 4243 2246 4298 et
2275 4253 2449 4315 quam
2476 4232 2807 4314 jucundum
2832 4230 2923 4307 ἦ»
2961 4240 3020 4295 et
3051 4250 3186 4315 qua:
3217 4231 3506 4313 deinceps
3556 4249 3658 4292 se-

2013 4337 2298 4406 quuntur,
2333 4323 2694 4394 dictitantes,
2719 4321 2809 4382 eis
2836 4327 3137 4401 postremo
3170 4320 3392 4383 lanceis
3419 4320 3658 4399 punctis

2014 4413 2326 4488 lateribus,
2363 4414 2513 4473 sicut
2536 4409 2810 4473 Christus
2829 4426 2934 4489 pro
2955 4427 3070 4490 quo
3093 4410 3218 4472 hinc
3251 4407 3657 4490 patiebantur,

284 4501 960 4604 emiserunt'spiritum.
998 4519 1195 4598 Atque
1225 4516 1309 4579 illi
1341 4514 1583 4596 quidem
1616 4529 1827 4604 omnes
1877 4527 1948 4571 eo
1980 4508 2156 4571 modo
2202 4524 2378 4588 quem
2418 4505 2676 4567 diximus
2711 4504 3123 4584 consummati,
3159 4503 3367 4564 hostiae
3395 4501 3467 4564 ab
3498 4506 3662 4566 omni

283 4616 422 4680 labe
452 4624 514 4679 et
541 4601 1016 4696 reprehensione
1044 4608 1256 4670 alienae
1284 4605 1467 4669 oblati
1496 4610 1634 4666 sunt
1660 4601 1936 4696 Domino.

367 4705 498 4766 KB'.
555 4679 910 4766 Σέϐαστιανὸς
941 4700 996 4756 δὲ
1049 4702 1078 4756 6
1121 4697 1492 4768 γενναιότατος
1551 4694 1924 4770 μετάπεμπτος

2096 4685 2272 4749 XXII.
2307 4684 2696 4748 Sebastianus
2725 4693 2921 4746 autem
2946 4682 3120 4762 longe
3140 4679 3659 4770 generosissimus,

289 4795 660 4869 Διοκλητιανῷ
716 4801 794 4868 τῷ
847 4789 1063 4870 βασιλεῖ
1124 4789 1387 4868 γεγονὼς,
1439 4785 1553 4843 ἐπεὶ
1583 4781 1824 4863 παρέστη
1859 4783 1936 4852 τῷ

286 4884 517 4962 ϐήματι,
557 4883 687 4964 φησὶ
728 4883 862 4962 πρὸς
921 4881 1075 4940 αὐτὸν
1136 4881 1164 4934 6
1209 4878 1479 4956 τύραννος·
1529 4873 1640 4932 Οὔκ
1671 4871 1800 4964 ,ἐγώ
1849 4890 1934 4964 σε,

286 4979 333 5032 ὦ
363 4958 711 5048 Σεϐαστιανὲ,
742 4958 828 5029 διὰ
861 4971 1120 5047 μεγίστης
1169 4971 1305 5046 ἦγον
1351 4965 1538 5044 τιμῆς,
1591 4963 1680 5019 καί
1731 4982 1812 5016 σοι
1871 4958 1936 5048 τὰ

287 5071 390 5134 τῆς
440 5063 619 5144 ἀρχῆς
674 5047 878 5136 μᾶλλον
923 5059 1251 5134 ἐπίστευον;
1315 5056 1411 5114 Καὶ
1484 5060 1577 5144 νῦν
1651 5052 1700 5106 τί
1728 5047 1937 5144 ’παθὼν

288 5158 424 5235 πρὸς
467 5137 730 5221 τοσαύτην
762 5148 1094 5218 ἐξεκυλίσθης
1128 5147 1408 5222 ἀπόνοιαν,
1467 5141 1605 5235 ὥστε
1657 5140 1746 5235 καὶ
1804 5137 1940 5235 κατὰ

289 5230 392 5314 Tit:
453 5249 554 5308 σσῖις
593 5249 761 5318 ζωῆς,
806 5241 894 5298 ναὶ
936 5240 1072 5296 κατᾶ
1111 5245 1206 5296 τοῦ
1244 5239 1375 5312 ἐμοῦ
1431 5233 1653 5312 κράτους
1695 5230 1938 5286 ἀπαυθα-

292 5334 606 5406 διάζεσθαις
670 5329 1026 5394 Σεϐαστιανὸς
1084 5328 1249 5385 εἶπε⁶
1313 5327 1444 5384 Τότε
1498 5322 1596 5399 μὲν
1625 5321 1856 5406 ἀγνοῶν,
1898 5319 1944 5371 ὦ

290 5423 537 5503 βασιλεῦ,
597 5425 688 5478 τὸν
746 5421 897 5483 ὄντος
959 5420 1115 5498 Θεὸν,
1159 5431 1277 5482 τοῖς
1321 5428 1440 5480 σοῖς
1477 5411 1774 5469 ὕπέκυπτον
1807 5405 1942 5503 ἄλο-

293 5494 792 5596 γίστοις’τάγμασι
825 5527 839 5542 ⁶
906 5515 994 5567 νῦν
1041 5507 1095 5564 δὲ
1148 5507 1306 5564 αὐτὸν
1355 5503 1625 5582 ἐπιγνοὺς,
1687 5494 1942 5577 παρεῖδον

373 5664 401 5708 ε
429 5659 592 5728 Psal.
621 5673 867 5732 cxxxtu,
899 5663 961 5719 t.

2019 4777 2267 4839 ultimus
2295 4776 2368 4837 ad
2392 4774 2682 4855 supplicia
2710 4780 3072 4846 reservatus,
3105 4773 3235 4850 ipse
3261 4789 3502 4852 quoque
3529 4769 3663 4848 glo-

2018 4867 2182 4929 riose
2213 4865 2478 4945 suscepit
2529 4881 2810 4925 coronam
2861 4861 3146 4942 martyrii.
3179 4862 3369 4934 Quem
3400 4879 3538 4922 cum
3567 4877 3668 4922 ac-

2020 4955 2302 5019 cersisset
2323 4950 3109 5030 Diocletianus,etjussisset
3122 4948 3192 5010 ad
3209 4966 3384 5010 suum
3405 4947 3667 5012 tribunal

2021 5043 2197 5118 sistit,
2220 5041 2367 5104 dixit
2386 5041 2442 5102 ei
2472 5062 2485 5100 :
2513 5037 2641 5102 Non
2664 5058 2773 5119 ego
2803 5048 2923 5115 te,o
2947 5037 3386 5113 Sebastiane,iu
3410 5036 3668 5099 maximo

2023 5135 2252 5197 honore
2267 5129 2585 5193 habebam:
2605 5138 2662 5191 et
2682 5127 2790 5190 tibi
2807 5128 3124 5208 imperium
3142 5126 3326 5206 magis
3339 5141 3521 5208 quam
3536 5124 3670 5188 aliis

2023 5221 2342 5287 credebam
2370 5219 2394 5282 ?
2425 5219 2497 5280 Et
2529 5238 2691 5280 nunc
2722 5218 2826 5298 qui
2855 5215 3072 5280 factum
3106 5225 3219 5298 est,
3247 5225 3313 5278 ut
3343 5216 3417 5278 ad
3450 5223 3670 5277 tantam

2027 5312 2108 5375 sis
2136 5309 2553 5392 pessumdatus
2584 5308 2931 5381 amentiam,
2968 5314 3033 5368 ut
3063 5314 3269 5368 contra
3299 5314 3459 5367 tuam
3495 5304 3673 5364 vitam

2025 5409 2084 5464 et
2123 5419 2316 5462 meam
2353 5401 2676 5480 potentiam
2733 5403 2788 5459 te
2849 5396 3184 5477 petulanter
3239 5407 3299 5457 et
3349 5393 3680 5456 insolenter

2026 5495 2246 5572 geras?
2278 5487 2437 5553 Dixit
2466 5487 2852 5551 Sebastianus
2882 5506 2896 5547 :
2923 5487 3092 5549 Tunc
3122 5485 3392 5566 quidem,
3425 5502 3458 5545 ο
3490 5483 3677 5562 impe-
