  <div class='ocr_page' id='page_1' title='image "/cluster/home/n/w/nwhite01/storage/ocr_20150623/116:no.3/coo.31924054870203/415.png"; bbox 0 0 4066 6408; ppageno 0'>
   <div class='ocr_carea' id='block_1_1' title="bbox 432 293 2087 378">
    <p class='ocr_par' dir='ltr' id='par_1_1' title="bbox 432 299 2087 378">
     <span class='ocr_line' id='line_1_1' title="bbox 432 299 2087 378; baseline -0.011 -1"><span class='ocrx_word' id='word_1_1' title='bbox 432 312 548 378; x_wconf 86' lang='grc'>815</span> <span class='ocrx_word' id='word_1_2' title='bbox 1592 299 1978 365; x_wconf 83' lang='lat' dir='ltr'><strong>ADDENDA.</strong></span> <span class='ocrx_word' id='word_1_3' title='bbox 2054 329 2087 338; x_wconf 97' lang='lat'><em>—</em></span> 
     </span>
    </p>
   </div>
   <div class='ocr_carea' id='block_1_2' title="bbox 2175 293 3811 378">
    <p class='ocr_par' dir='ltr' id='par_1_2' title="bbox 2191 293 3811 360">
     <span class='ocr_line' id='line_1_2' title="bbox 2191 293 3811 360; baseline 0.003 -5"><span class='ocrx_word' id='word_1_4' title='bbox 2191 293 2646 357; x_wconf 80' lang='lat' dir='ltr'><strong>JANUARIUS.</strong></span> <span class='ocrx_word' id='word_1_5' title='bbox 3691 293 3811 360; x_wconf 83' lang='grc'><strong>816</strong></span> 
     </span>
    </p>
   </div>
   <div class='ocr_carea' id='block_1_3' title="bbox 430 426 2087 521">
    <p class='ocr_par' dir='ltr' id='par_1_3' title="bbox 430 430 2075 521">
     <span class='ocr_line' id='line_1_3' title="bbox 430 430 2075 521; baseline -0.012 -13"><span class='ocrx_word' id='word_1_6' title='bbox 430 453 614 521; x_wconf 81' lang='lat' dir='ltr'><strong>rator,</strong></span> <span class='ocrx_word' id='word_1_7' title='bbox 661 460 797 506; x_wconf 90' lang='lat' dir='ltr'><strong>cum</strong></span> <span class='ocrx_word' id='word_1_8' title='bbox 831 458 1034 504; x_wconf 88' lang='lat' dir='ltr'><strong>verum</strong></span> <span class='ocrx_word' id='word_1_9' title='bbox 1059 439 1243 502; x_wconf 89' lang='lat' dir='ltr'><strong>Deum</strong></span> <span class='ocrx_word' id='word_1_10' title='bbox 1269 436 1610 516; x_wconf 79' lang='lat' dir='ltr'><strong>ignorarem</strong></span> <span class='ocrx_word' id='word_1_11' title='bbox 1645 443 1703 494; x_wconf 85' lang='lat' dir='ltr'><strong>et</strong></span> <span class='ocrx_word' id='word_1_12' title='bbox 1734 449 1924 493; x_wconf 88' lang='lat' dir='ltr'><strong>essem</strong></span> <span class='ocrx_word' id='word_1_13' title='bbox 1959 430 2075 521; x_wconf 80' lang='lat' dir='ltr'><strong>im_-</strong></span> 
     </span>
    </p>
   </div>
   <div class='ocr_carea' id='block_1_4' title="bbox 2175 426 3807 521">
    <p class='ocr_par' dir='ltr' id='par_1_4' title="bbox 2175 426 3807 506">
     <span class='ocr_line' id='line_1_4' title="bbox 2175 426 3807 506; baseline 0.001 -23"><span class='ocrx_word' id='word_1_14' title='bbox 2175 429 2249 483; x_wconf 75' lang='grc' dir='ltr'>ιιαὶ</span> <span class='ocrx_word' id='word_1_15' title='bbox 2309 426 2535 484; x_wconf 89' lang='grc' dir='ltr'>πλοῦτον</span> <span class='ocrx_word' id='word_1_16' title='bbox 2589 429 2676 484; x_wconf 87' lang='grc' dir='ltr'><strong>καὶ</strong></span> <span class='ocrx_word' id='word_1_17' title='bbox 2733 426 2885 493; x_wconf 76' lang='grc' dir='ltr'>δόξαν</span> <span class='ocrx_word' id='word_1_18' title='bbox 2971 430 3056 484; x_wconf 88' lang='grc' dir='ltr'><strong>καὶ</strong></span> <span class='ocrx_word' id='word_1_19' title='bbox 3140 430 3201 485; x_wconf 79' lang='grc' dir='ltr'><strong>τὰ</strong></span> <span class='ocrx_word' id='word_1_20' title='bbox 3263 429 3350 484; x_wconf 81' lang='grc' dir='ltr'><strong>ἐπὶ</strong></span> <span class='ocrx_word' id='word_1_21' title='bbox 3409 427 3508 506; x_wconf 72' lang='grc' dir='ltr'><strong>γῆς</strong></span> <span class='ocrx_word' id='word_1_22' title='bbox 3572 430 3807 505; x_wconf 76' lang='grc' dir='ltr'>ἃπαντα,</span> 
     </span>
    </p>
   </div>
   <div class='ocr_carea' id='block_1_5' title="bbox 433 515 2087 615">
    <p class='ocr_par' dir='ltr' id='par_1_5' title="bbox 433 515 2080 615">
     <span class='ocr_line' id='line_1_5' title="bbox 433 515 2080 615; baseline -0.012 -19"><span class='ocrx_word' id='word_1_23' title='bbox 433 515 687 615; x_wconf 81' lang='lat' dir='ltr'><strong>plicatus</strong></span> <span class='ocrx_word' id='word_1_24' title='bbox 718 549 928 593; x_wconf 87' lang='lat' dir='ltr'><strong>errore</strong></span> <span class='ocrx_word' id='word_1_25' title='bbox 977 515 1452 599; x_wconf 81' lang='lat' dir='ltr'><strong>simulacrorum,</strong></span> <span class='ocrx_word' id='word_1_26' title='bbox 1495 521 1931 584; x_wconf 72' lang='lat' dir='ltr'><strong>inconsiderate</strong></span> <span class='ocrx_word' id='word_1_27' title='bbox 1963 518 2080 615; x_wconf 76' lang='lat' dir='ltr'><strong>tuis</strong></span> 
     </span>
    </p>
   </div>
   <div class='ocr_carea' id='block_1_6' title="bbox 2175 515 3810 615">
    <p class='ocr_par' dir='ltr' id='par_1_6' title="bbox 2175 515 3810 594">
     <span class='ocr_line' id='line_1_6' title="bbox 2175 515 3810 594; baseline 0 -22"><span class='ocrx_word' id='word_1_28' title='bbox 2175 519 2398 584; x_wconf 70' lang='grc' dir='ltr'>ποθήσας</span> <span class='ocrx_word' id='word_1_29' title='bbox 2443 517 2506 571; x_wconf 69' lang='grc' dir='ltr'><strong>τὰ</strong></span> <span class='ocrx_word' id='word_1_30' title='bbox 2550 518 2622 580; x_wconf 79' lang='grc' dir='ltr'>εἷς</span> <span class='ocrx_word' id='word_1_31' title='bbox 2686 517 2763 572; x_wconf 79' lang='grc' dir='ltr'><strong>ἀεὶ</strong></span> <span class='ocrx_word' id='word_1_32' title='bbox 2821 515 3136 590; x_wconf 68' lang='grc' dir='ltr'><strong>διαμένοντα</strong></span> <span class='ocrx_word' id='word_1_33' title='bbox 3195 518 3382 594; x_wconf 69' lang='grc' dir='ltr'>ἀγαθὰ,</span> <span class='ocrx_word' id='word_1_34' title='bbox 3449 519 3479 572; x_wconf 73' lang='grc' dir='ltr'>ἃ</span> <span class='ocrx_word' id='word_1_35' title='bbox 3539 533 3656 581; x_wconf 71' lang='grc' dir='ltr'>τοῖς</span> <span class='ocrx_word' id='word_1_36' title='bbox 3715 521 3810 574; x_wconf 83' lang='grc' dir='ltr'>τὸν</span> 
     </span>
    </p>
   </div>
   <div class='ocr_carea' id='block_1_7' title="bbox 429 607 2087 702">
    <p class='ocr_par' dir='ltr' id='par_1_7' title="bbox 429 607 2076 702">
     <span class='ocr_line' id='line_1_7' title="bbox 429 607 2076 702; baseline -0.012 -17"><span class='ocrx_word' id='word_1_37' title='bbox 429 607 614 702; x_wconf 70' lang='lat' dir='ltr'><strong>iussis</strong></span> <span class='ocrx_word' id='word_1_38' title='bbox 648 621 977 682; x_wconf 90' lang='lat' dir='ltr'><strong>serviebam</strong></span> <span class='ocrx_word' id='word_1_39' title='bbox 1009 636 1024 693; x_wconf 90' lang='lat'>;</span> <span class='ocrx_word' id='word_1_40' title='bbox 1060 634 1216 677; x_wconf 91' lang='lat' dir='ltr'><strong>nunc</strong></span> <span class='ocrx_word' id='word_1_41' title='bbox 1276 632 1414 675; x_wconf 86' lang='lat' dir='ltr'><strong>vero</strong></span> <span class='ocrx_word' id='word_1_42' title='bbox 1446 630 1579 673; x_wconf 88' lang='lat' dir='ltr'><strong>cum</strong></span> <span class='ocrx_word' id='word_1_43' title='bbox 1616 609 1822 689; x_wconf 83' lang='lat' dir='ltr'><strong>agnovi</strong></span> <span class='ocrx_word' id='word_1_44' title='bbox 1855 608 2076 702; x_wconf 32' lang='lat' dir='ltr'><strong>veri-ta-</strong></span> 
     </span>
    </p>
   </div>
   <div class='ocr_carea' id='block_1_8' title="bbox 2175 607 3810 702">
    <p class='ocr_par' dir='ltr' id='par_1_8' title="bbox 2175 607 3810 688">
     <span class='ocr_line' id='line_1_8' title="bbox 2175 607 3810 688; baseline 0.004 -28"><span class='ocrx_word' id='word_1_45' title='bbox 2175 608 2387 682; x_wconf 63' lang='grc' dir='ltr'>Χριστὸν</span> <span class='ocrx_word' id='word_1_46' title='bbox 2445 607 2722 683; x_wconf 80' lang='grc' dir='ltr'>ἀγαπῶσιν</span> <span class='ocrx_word' id='word_1_47' title='bbox 2757 607 3096 681; x_wconf 68' lang='grc' dir='ltr'>ἡτοίμασται,</span> <span class='ocrx_word' id='word_1_48' title='bbox 3159 608 3358 670; x_wconf 79' lang='grc' dir='ltr'>Μανίας</span> <span class='ocrx_word' id='word_1_49' title='bbox 3411 608 3509 686; x_wconf 78' lang='grc' dir='ltr'>γὰρ</span> <span class='ocrx_word' id='word_1_50' title='bbox 3566 609 3810 688; x_wconf 81' lang='grc' dir='ltr'><strong>ἐσχάτης</strong></span> 
     </span>
    </p>
   </div>
   <div class='ocr_carea' id='block_1_9' title="bbox 436 696 2087 790">
    <p class='ocr_par' dir='ltr' id='par_1_9' title="bbox 436 696 2081 790">
     <span class='ocr_line' id='line_1_9' title="bbox 436 696 2081 790; baseline -0.012 -16"><span class='ocrx_word' id='word_1_51' title='bbox 436 696 650 786; x_wconf 77' lang='lat' dir='ltr'><strong>tem,et</strong></span> <span class='ocrx_word' id='word_1_52' title='bbox 675 727 849 790; x_wconf 86' lang='lat' dir='ltr'><strong>quem</strong></span> <span class='ocrx_word' id='word_1_53' title='bbox 875 727 971 768; x_wconf 89' lang='lat' dir='ltr'><strong>me</strong></span> <span class='ocrx_word' id='word_1_54' title='bbox 997 707 1180 768; x_wconf 90' lang='lat' dir='ltr'><strong>Deum</strong></span> <span class='ocrx_word' id='word_1_55' title='bbox 1205 703 1403 765; x_wconf 89' lang='lat' dir='ltr'><strong>colere</strong></span> <span class='ocrx_word' id='word_1_56' title='bbox 1423 710 1713 790; x_wconf 79' lang='lat' dir='ltr'><strong>oporteat,</strong></span> <span class='ocrx_word' id='word_1_57' title='bbox 1741 696 1999 790; x_wconf 77' lang='lat' dir='ltr'><strong>despexi</strong></span> <span class='ocrx_word' id='word_1_58' title='bbox 2021 707 2081 755; x_wconf 89' lang='lat' dir='ltr'><strong>et</strong></span> 
     </span>
    </p>
   </div>
   <div class='ocr_carea' id='block_1_10' title="bbox 2175 696 3813 790">
    <p class='ocr_par' dir='ltr' id='par_1_10' title="bbox 2175 696 3813 790">
     <span class='ocr_line' id='line_1_10' title="bbox 2175 696 3813 790; baseline 0.001 -40"><span class='ocrx_word' id='word_1_59' title='bbox 2175 697 2343 790; x_wconf 42' lang='grc' dir='ltr'>δεοὺς..</span> <span class='ocrx_word' id='word_1_60' title='bbox 2366 696 2622 770; x_wconf 80' lang='grc' dir='ltr'>ἡγεῖσθαι</span> <span class='ocrx_word' id='word_1_61' title='bbox 2683 700 2881 774; x_wconf 78' lang='grc' dir='ltr'>χειρῶν</span> <span class='ocrx_word' id='word_1_62' title='bbox 2939 696 3283 773; x_wconf 78' lang='grc' dir='ltr'><strong>ἀνθρωπίνων</strong></span> <span class='ocrx_word' id='word_1_63' title='bbox 3353 696 3478 775; x_wconf 80' lang='grc' dir='ltr'>ἔργα</span> <span class='ocrx_word' id='word_1_64' title='bbox 3547 699 3700 776; x_wconf 75' lang='grc' dir='ltr'>κωφά</span> <span class='ocrx_word' id='word_1_65' title='bbox 3755 719 3813 753; x_wconf 88' lang='grc' dir='ltr'><strong>τε</strong></span> 
     </span>
    </p>
   </div>
   <div class='ocr_carea' id='block_1_11' title="bbox 435 781 2087 877">
    <p class='ocr_par' dir='ltr' id='par_1_11' title="bbox 435 781 2076 877">
     <span class='ocr_line' id='line_1_11' title="bbox 435 781 2076 877; baseline -0.01 -16"><span class='ocrx_word' id='word_1_66' title='bbox 435 781 665 862; x_wconf 75' lang='lat' dir='ltr'><strong>divitias</strong></span> <span class='ocrx_word' id='word_1_67' title='bbox 693 781 754 860; x_wconf 70' lang='lat' dir='ltr'><strong>et</strong></span> <span class='ocrx_word' id='word_1_68' title='bbox 789 797 1032 877; x_wconf 83' lang='lat' dir='ltr'><strong>gloriam</strong></span> <span class='ocrx_word' id='word_1_69' title='bbox 1060 802 1118 856; x_wconf 91' lang='lat' dir='ltr'><strong>et</strong></span> <span class='ocrx_word' id='word_1_70' title='bbox 1142 793 1258 854; x_wconf 91' lang='lat' dir='ltr'><strong>alia</strong></span> <span class='ocrx_word' id='word_1_71' title='bbox 1281 781 1502 872; x_wconf 85' lang='lat' dir='ltr'><strong>quibus</strong></span> <span class='ocrx_word' id='word_1_72' title='bbox 1523 789 1686 870; x_wconf 90' lang='lat' dir='ltr'><strong>prius</strong></span> <span class='ocrx_word' id='word_1_73' title='bbox 1721 785 2076 877; x_wconf 88' lang='lat' dir='ltr'><strong>resplende-</strong></span> 
     </span>
    </p>
   </div>
   <div class='ocr_carea' id='block_1_12' title="bbox 2175 781 3813 877">
    <p class='ocr_par' dir='ltr' id='par_1_12' title="bbox 2175 781 3813 863">
     <span class='ocr_line' id='line_1_12' title="bbox 2175 781 3813 863; baseline 0.001 -26"><span class='ocrx_word' id='word_1_74' title='bbox 2175 785 2251 837; x_wconf 69' lang='grc' dir='ltr'><strong>καὶ</strong></span> <span class='ocrx_word' id='word_1_75' title='bbox 2297 781 2434 845; x_wconf 73' lang='grc' dir='ltr'>ὅλως</span> <span class='ocrx_word' id='word_1_76' title='bbox 2480 784 2791 850; x_wconf 69' lang='grc' dir='ltr'>ἀναίσθητα.</span> <span class='ocrx_word' id='word_1_77' title='bbox 2843 783 3064 856; x_wconf 72' lang='grc' dir='ltr'>Τούτοις</span> <span class='ocrx_word' id='word_1_78' title='bbox 3117 786 3143 840; x_wconf 84' lang='grc' dir='ltr'>ὁ</span> <span class='ocrx_word' id='word_1_79' title='bbox 3204 786 3451 863; x_wconf 73' lang='grc' dir='ltr'>τύραννος</span> <span class='ocrx_word' id='word_1_80' title='bbox 3520 786 3592 847; x_wconf 78' lang='grc' dir='ltr'>εἷς</span> <span class='ocrx_word' id='word_1_81' title='bbox 3650 786 3813 862; x_wconf 70' lang='grc' dir='ltr'>ὀργὴν</span> 
     </span>
    </p>
   </div>
   <div class='ocr_carea' id='block_1_13' title="bbox 438 870 2087 968">
    <p class='ocr_par' dir='ltr' id='par_1_13' title="bbox 438 870 2078 968">
     <span class='ocr_line' id='line_1_13' title="bbox 438 870 2078 968; baseline -0.013 -18"><span class='ocrx_word' id='word_1_82' title='bbox 438 870 958 968; x_wconf 72' lang='lat' dir='ltr'><strong>bam,desiderans</strong></span> <span class='ocrx_word' id='word_1_83' title='bbox 991 900 1060 944; x_wconf 90' lang='lat' dir='ltr'><strong>ea</strong></span> <span class='ocrx_word' id='word_1_84' title='bbox 1091 900 1221 962; x_wconf 66' lang='lat' dir='ltr'><strong>quas</strong></span> <span class='ocrx_word' id='word_1_85' title='bbox 1248 870 1487 942; x_wconf 77' lang='lat' dir='ltr'><strong>manent</strong></span> <span class='ocrx_word' id='word_1_86' title='bbox 1521 887 1579 939; x_wconf 93' lang='lat' dir='ltr'><strong>et</strong></span> <span class='ocrx_word' id='word_1_87' title='bbox 1608 875 2078 968; x_wconf 60' lang='lat' dir='ltr'><strong>nonperﬂuupt,</strong></span> 
     </span>
    </p>
   </div>
   <div class='ocr_carea' id='block_1_14' title="bbox 2175 870 3816 968">
    <p class='ocr_par' dir='ltr' id='par_1_14' title="bbox 2175 870 3816 948">
     <span class='ocr_line' id='line_1_14' title="bbox 2175 870 3816 948; baseline 0.002 -22"><span class='ocrx_word' id='word_1_88' title='bbox 2175 871 2422 948; x_wconf 70' lang='grc' dir='ltr'>κινηθεὶς,</span> <span class='ocrx_word' id='word_1_89' title='bbox 2493 870 2768 927; x_wconf 78' lang='grc' dir='ltr'>ἐκέλευσεν</span> <span class='ocrx_word' id='word_1_90' title='bbox 2836 872 2992 928; x_wconf 71' lang='grc' dir='ltr'>αὑτὸν</span> <span class='ocrx_word' id='word_1_91' title='bbox 3052 873 3107 927; x_wconf 79' lang='grc' dir='ltr'>ἐν</span> <span class='ocrx_word' id='word_1_92' title='bbox 3167 873 3315 948; x_wconf 86' lang='grc' dir='ltr'>μέσῳ</span> <span class='ocrx_word' id='word_1_93' title='bbox 3369 882 3446 946; x_wconf 80' lang='grc' dir='ltr'>τῷ</span> <span class='ocrx_word' id='word_1_94' title='bbox 3503 872 3664 945; x_wconf 77' lang='grc' dir='ltr'>πεδίῳ</span> <span class='ocrx_word' id='word_1_95' title='bbox 3719 875 3816 930; x_wconf 81' lang='grc' dir='ltr'><strong>οἶα</strong></span> 
     </span>
    </p>
   </div>
   <div class='ocr_carea' id='block_1_15' title="bbox 435 959 2087 1055">
    <p class='ocr_par' dir='ltr' id='par_1_15' title="bbox 435 959 2084 1055">
     <span class='ocr_line' id='line_1_15' title="bbox 435 959 2084 1055; baseline -0.011 -17"><span class='ocrx_word' id='word_1_96' title='bbox 435 994 568 1055; x_wconf 70' lang='lat' dir='ltr'><strong>quae</strong></span> <span class='ocrx_word' id='word_1_97' title='bbox 588 959 800 1054; x_wconf 78' lang='lat' dir='ltr'><strong>parata</strong></span> <span class='ocrx_word' id='word_1_98' title='bbox 857 981 994 1033; x_wconf 90' lang='lat' dir='ltr'><strong>sunt</strong></span> <span class='ocrx_word' id='word_1_99' title='bbox 1045 959 1126 1033; x_wconf 29' lang='lat' dir='ltr'><strong>iis“</strong></span> <span class='ocrx_word' id='word_1_100' title='bbox 1176 973 1272 1049; x_wconf 90' lang='lat' dir='ltr'><strong>qui</strong></span> <span class='ocrx_word' id='word_1_101' title='bbox 1331 969 1634 1031; x_wconf 77' lang='lat' dir='ltr'><strong>Christum</strong></span> <span class='ocrx_word' id='word_1_102' title='bbox 1669 963 1944 1041; x_wconf 86' lang='lat' dir='ltr'><strong>diligunt.</strong></span> <span class='ocrx_word' id='word_1_103' title='bbox 1980 960 2084 1055; x_wconf 75' lang='lat' dir='ltr'><strong>Est</strong></span> 
     </span>
    </p>
   </div>
   <div class='ocr_carea' id='block_1_16' title="bbox 2175 959 3819 1055">
    <p class='ocr_par' dir='ltr' id='par_1_16' title="bbox 2175 959 3819 1039">
     <span class='ocr_line' id='line_1_16' title="bbox 2175 959 3819 1039; baseline 0.002 -24"><span class='ocrx_word' id='word_1_104' title='bbox 2175 960 2371 1015; x_wconf 83' lang='grc' dir='ltr'>σκοπὸν</span> <span class='ocrx_word' id='word_1_105' title='bbox 2414 960 2628 1015; x_wconf 77' lang='grc' dir='ltr'>τεθέντα</span> <span class='ocrx_word' id='word_1_106' title='bbox 2690 959 2918 1025; x_wconf 67' lang='grc' dir='ltr'>πολλοῖς</span> <span class='ocrx_word' id='word_1_107' title='bbox 2962 975 3080 1024; x_wconf 74' lang='grc' dir='ltr'>τοῖς</span> <span class='ocrx_word' id='word_1_108' title='bbox 3139 961 3315 1037; x_wconf 84' lang='grc' dir='ltr'>βέλεσι</span> <span class='ocrx_word' id='word_1_109' title='bbox 3371 963 3680 1039; x_wconf 67' lang='grc' dir='ltr'>βέλλεσθαι·</span> <span class='ocrx_word' id='word_1_110' title='bbox 3729 964 3819 1018; x_wconf 82' lang='grc' dir='ltr'><strong>καὶ</strong></span> 
     </span>
    </p>
   </div>
   <div class='ocr_carea' id='block_1_17' title="bbox 435 1047 2087 1135">
    <p class='ocr_par' dir='ltr' id='par_1_17' title="bbox 435 1047 2086 1135">
     <span class='ocr_line' id='line_1_17' title="bbox 435 1047 2086 1135; baseline -0.01 -9"><span class='ocrx_word' id='word_1_111' title='bbox 435 1047 614 1126; x_wconf 47' lang='lat' dir='ltr'><strong>enim-</strong></span> <span class='ocrx_word' id='word_1_112' title='bbox 655 1070 937 1123; x_wconf 66' lang='lat' dir='ltr'><strong>extremas</strong></span> <span class='ocrx_word' id='word_1_113' title='bbox 993 1047 1270 1121; x_wconf 71' lang='lat' dir='ltr'><strong>amentiae</strong></span> <span class='ocrx_word' id='word_1_114' title='bbox 1331 1057 1478 1118; x_wconf 91' lang='lat' dir='ltr'><strong>deos</strong></span> <span class='ocrx_word' id='word_1_115' title='bbox 1539 1061 1750 1135; x_wconf 88' lang='lat' dir='ltr'><strong>putare</strong></span> <span class='ocrx_word' id='word_1_116' title='bbox 1810 1069 1912 1113; x_wconf 91' lang='lat' dir='ltr'><strong>eos</strong></span> <span class='ocrx_word' id='word_1_117' title='bbox 1985 1050 2086 1130; x_wconf 89' lang='lat' dir='ltr'><strong>qui</strong></span> 
     </span>
    </p>
   </div>
   <div class='ocr_carea' id='block_1_18' title="bbox 2175 1047 3813 1135">
    <p class='ocr_par' dir='ltr' id='par_1_18' title="bbox 2175 1047 3813 1126">
     <span class='ocr_line' id='line_1_18' title="bbox 2175 1047 3813 1126; baseline 0.001 -22"><span class='ocrx_word' id='word_1_118' title='bbox 2175 1047 2355 1106; x_wconf 86' lang='grc' dir='ltr'>τούτου</span> <span class='ocrx_word' id='word_1_119' title='bbox 2413 1049 2698 1124; x_wconf 76' lang='grc' dir='ltr'>γενομένου</span> <span class='ocrx_word' id='word_1_120' title='bbox 2753 1047 2993 1114; x_wconf 77' lang='grc' dir='ltr'>δόξαντες</span> <span class='ocrx_word' id='word_1_121' title='bbox 3053 1053 3098 1106; x_wconf 77' lang='grc' dir='ltr'>οἱ</span> <span class='ocrx_word' id='word_1_122' title='bbox 3149 1050 3411 1124; x_wconf 73' lang='grc' dir='ltr'><strong>ὑπηρέται</strong></span> <span class='ocrx_word' id='word_1_123' title='bbox 3464 1054 3813 1126; x_wconf 83' lang='grc' dir='ltr'>νενεκρῶσθαι</span> 
     </span>
    </p>
   </div>
   <div class='ocr_carea' id='block_1_19' title="bbox 434 1140 2084 1230">
    <p class='ocr_par' dir='ltr' id='par_1_19' title="bbox 434 1140 2084 1230">
     <span class='ocr_line' id='line_1_19' title="bbox 434 1140 2084 1230; baseline -0.008 -18"><span class='ocrx_word' id='word_1_124' title='bbox 434 1153 575 1215; x_wconf 79' lang='lat' dir='ltr'><strong>facti</strong></span> <span class='ocrx_word' id='word_1_125' title='bbox 607 1159 745 1213; x_wconf 91' lang='lat' dir='ltr'><strong>sunt</strong></span> <span class='ocrx_word' id='word_1_126' title='bbox 768 1169 837 1212; x_wconf 82' lang='lat' dir='ltr'><strong>ex</strong></span> <span class='ocrx_word' id='word_1_127' title='bbox 858 1148 1157 1230; x_wconf 89' lang='lat' dir='ltr'><strong>lapidibus</strong></span> <span class='ocrx_word' id='word_1_128' title='bbox 1191 1157 1253 1208; x_wconf 84' lang='lat' dir='ltr'><strong>et</strong></span> <span class='ocrx_word' id='word_1_129' title='bbox 1285 1146 1399 1208; x_wconf 86' lang='lat' dir='ltr'><strong>alia</strong></span> <span class='ocrx_word' id='word_1_130' title='bbox 1425 1161 1558 1225; x_wconf 71' lang='lat' dir='ltr'><strong>quze</strong></span> <span class='ocrx_word' id='word_1_131' title='bbox 1579 1142 1782 1204; x_wconf 91' lang='lat' dir='ltr'><strong>interit</strong></span> <span class='ocrx_word' id='word_1_132' title='bbox 1813 1140 2084 1220; x_wconf 86' lang='lat' dir='ltr'><strong>materia,</strong></span> 
     </span>
    </p>
   </div>
   <div class='ocr_carea' id='block_1_20' title="bbox 2169 1136 2994 1216">
    <p class='ocr_par' dir='ltr' id='par_1_20' title="bbox 2169 1136 2994 1216">
     <span class='ocr_line' id='line_1_20' title="bbox 2169 1136 2994 1216; baseline 0.005 -24"><span class='ocrx_word' id='word_1_133' title='bbox 2169 1139 2260 1192; x_wconf 79' lang='grc' dir='ltr'><strong>τὸν</strong></span> <span class='ocrx_word' id='word_1_134' title='bbox 2293 1136 2444 1213; x_wconf 69' lang='grc' dir='ltr'>ἅγιον</span> <span class='ocrx_word' id='word_1_135' title='bbox 2487 1137 2702 1216; x_wconf 76' lang='grc' dir='ltr'><strong>ἀφέντες</strong></span> <span class='ocrx_word' id='word_1_136' title='bbox 2734 1137 2994 1204; x_wconf 73' lang='grc' dir='ltr'>ἀπῆλθον.</span> 
     </span>
    </p>
   </div>
   <div class='ocr_carea' id='block_1_21' title="bbox 439 1229 3814 1324">
    <p class='ocr_par' dir='ltr' id='par_1_21' title="bbox 439 1229 3814 1324">
     <span class='ocr_line' id='line_1_21' title="bbox 439 1229 3814 1324; baseline -0.004 -15"><span class='ocrx_word' id='word_1_137' title='bbox 439 1256 501 1309; x_wconf 94' lang='lat' dir='ltr'><strong>et</strong></span> <span class='ocrx_word' id='word_1_138' title='bbox 528 1247 824 1308; x_wconf 85' lang='lat' dir='ltr'><strong>honorare</strong></span> <span class='ocrx_word' id='word_1_139' title='bbox 855 1229 1036 1324; x_wconf 86' lang='lat' dir='ltr'><strong>epera</strong></span> <span class='ocrx_word' id='word_1_140' title='bbox 1067 1260 1344 1306; x_wconf 82' lang='lat' dir='ltr'><strong>maxuum</strong></span> <span class='ocrx_word' id='word_1_141' title='bbox 1397 1239 1704 1301; x_wconf 90' lang='lat' dir='ltr'><strong>hominum</strong></span> <span class='ocrx_word' id='word_1_142' title='bbox 1737 1256 1866 1317; x_wconf 75' lang='lat' dir='ltr'><strong>qua:</strong></span> <span class='ocrx_word' id='word_1_143' title='bbox 1914 1236 2088 1316; x_wconf 87' lang='lat' dir='ltr'><strong>paulo</strong></span> <span class='ocrx_word' id='word_1_144' title='bbox 2120 1251 2227 1315; x_wconf 93' lang='lat' dir='ltr'><strong>pos</strong></span> <span class='ocrx_word' id='word_1_145' title='bbox 2272 1239 2616 1324; x_wconf 78' lang='lat' dir='ltr'><strong>nonerunt.</strong></span> <span class='ocrx_word' id='word_1_146' title='bbox 2674 1229 2778 1324; x_wconf 69' lang='lat' dir='ltr'><strong>Ilis</strong></span> <span class='ocrx_word' id='word_1_147' title='bbox 2807 1229 2999 1291; x_wconf 79' lang='lat' dir='ltr'><strong>verbis</strong></span> <span class='ocrx_word' id='word_1_148' title='bbox 3047 1231 3119 1292; x_wconf 87' lang='lat' dir='ltr'><strong>ad</strong></span> <span class='ocrx_word' id='word_1_149' title='bbox 3151 1231 3300 1293; x_wconf 88' lang='lat' dir='ltr'><strong>iram</strong></span> <span class='ocrx_word' id='word_1_150' title='bbox 3347 1239 3541 1294; x_wconf 79' lang='lat' dir='ltr'><strong>motus</strong></span> <span class='ocrx_word' id='word_1_151' title='bbox 3571 1231 3814 1295; x_wconf 86' lang='lat' dir='ltr'><strong>Diocle-</strong></span> 
     </span>
    </p>
   </div>
   <div class='ocr_carea' id='block_1_22' title="bbox 435 1319 3812 1414">
    <p class='ocr_par' dir='ltr' id='par_1_22' title="bbox 435 1319 3812 1414">
     <span class='ocr_line' id='line_1_22' title="bbox 435 1319 3812 1414; baseline -0.004 -17"><span class='ocrx_word' id='word_1_152' title='bbox 435 1338 634 1398; x_wconf 87' lang='lat' dir='ltr'><strong>tianus</strong></span> <span class='ocrx_word' id='word_1_153' title='bbox 659 1333 839 1414; x_wconf 87' lang='lat' dir='ltr'><strong>jussit</strong></span> <span class='ocrx_word' id='word_1_154' title='bbox 869 1319 1003 1394; x_wconf 80' lang='lat' dir='ltr'><strong>eum</strong></span> <span class='ocrx_word' id='word_1_155' title='bbox 1036 1332 1095 1393; x_wconf 89' lang='lat' dir='ltr'><strong>in</strong></span> <span class='ocrx_word' id='word_1_156' title='bbox 1122 1331 1319 1392; x_wconf 90' lang='lat' dir='ltr'><strong>medio</strong></span> <span class='ocrx_word' id='word_1_157' title='bbox 1349 1345 1558 1408; x_wconf 90' lang='lat' dir='ltr'><strong>campo</strong></span> <span class='ocrx_word' id='word_1_158' title='bbox 1594 1335 1870 1407; x_wconf 89' lang='lat' dir='ltr'><strong>tanquam</strong></span> <span class='ocrx_word' id='word_1_159' title='bbox 1892 1341 2139 1404; x_wconf 83' lang='lat' dir='ltr'><strong>scapum</strong></span> <span class='ocrx_word' id='word_1_160' title='bbox 2173 1319 2543 1414; x_wconf 82' lang='lat' dir='ltr'><strong>propositum</strong></span> <span class='ocrx_word' id='word_1_161' title='bbox 2578 1319 2778 1380; x_wconf 84' lang='lat' dir='ltr'><strong>multis</strong></span> <span class='ocrx_word' id='word_1_162' title='bbox 2809 1321 3032 1399; x_wconf 77' lang='lat' dir='ltr'><strong>sagittis</strong></span> <span class='ocrx_word' id='word_1_163' title='bbox 3059 1321 3202 1402; x_wconf 88' lang='lat' dir='ltr'><strong>peti.</strong></span> <span class='ocrx_word' id='word_1_164' title='bbox 3238 1321 3403 1394; x_wconf 87' lang='lat' dir='ltr'><strong>Quod</strong></span> <span class='ocrx_word' id='word_1_165' title='bbox 3432 1338 3564 1384; x_wconf 89' lang='lat' dir='ltr'><strong>cum</strong></span> <span class='ocrx_word' id='word_1_166' title='bbox 3592 1322 3812 1384; x_wconf 83' lang='lat' dir='ltr'><strong>factum</strong></span> 
     </span>
    </p>
   </div>
   <div class='ocr_carea' id='block_1_23' title="bbox 437 1409 2876 1503">
    <p class='ocr_par' dir='ltr' id='par_1_23' title="bbox 437 1409 2876 1503">
     <span class='ocr_line' id='line_1_23' title="bbox 437 1409 2876 1503; baseline -0.007 -17"><span class='ocrx_word' id='word_1_167' title='bbox 437 1432 615 1503; x_wconf 84' lang='lat' dir='ltr'><strong>esset,</strong></span> <span class='ocrx_word' id='word_1_168' title='bbox 652 1409 927 1483; x_wconf 74' lang='lat' dir='ltr'><strong>arbitrati</strong></span> <span class='ocrx_word' id='word_1_169' title='bbox 958 1420 1244 1483; x_wconf 88' lang='lat' dir='ltr'><strong>satellites</strong></span> <span class='ocrx_word' id='word_1_170' title='bbox 1274 1424 1548 1480; x_wconf 88' lang='lat' dir='ltr'><strong>sanctum</strong></span> <span class='ocrx_word' id='word_1_171' title='bbox 1582 1434 1712 1478; x_wconf 87' lang='lat' dir='ltr'><strong>esse</strong></span> <span class='ocrx_word' id='word_1_172' title='bbox 1745 1421 2066 1485; x_wconf 87' lang='lat' dir='ltr'><strong>mortuum,</strong></span> <span class='ocrx_word' id='word_1_173' title='bbox 2100 1429 2169 1473; x_wconf 89' lang='lat' dir='ltr'><strong>eo</strong></span> <span class='ocrx_word' id='word_1_174' title='bbox 2201 1409 2446 1473; x_wconf 91' lang='lat' dir='ltr'><strong>dimisso</strong></span> <span class='ocrx_word' id='word_1_175' title='bbox 2479 1418 2876 1470; x_wconf 89' lang='lat' dir='ltr'><strong>recesserunt.</strong></span> 
     </span>
    </p>
   </div>
   <div class='ocr_carea' id='block_1_24' title="bbox 517 1507 2082 1589">
    <p class='ocr_par' dir='ltr' id='par_1_24' title="bbox 517 1507 2082 1589">
     <span class='ocr_line' id='line_1_24' title="bbox 517 1507 2082 1589; baseline -0.006 -12"><span class='ocrx_word' id='word_1_176' title='bbox 517 1513 730 1578; x_wconf 76' lang='lat' dir='ltr'><strong>XXIII.</strong></span> <span class='ocrx_word' id='word_1_177' title='bbox 781 1515 926 1577; x_wconf 91' lang='lat' dir='ltr'><strong>Cum</strong></span> <span class='ocrx_word' id='word_1_178' title='bbox 981 1532 1097 1574; x_wconf 82' lang='lat' dir='ltr'><strong>nox</strong></span> <span class='ocrx_word' id='word_1_179' title='bbox 1148 1520 1346 1574; x_wconf 89' lang='lat' dir='ltr'><strong>autem</strong></span> <span class='ocrx_word' id='word_1_180' title='bbox 1403 1509 1762 1589; x_wconf 86' lang='lat' dir='ltr'><strong>advenisset,</strong></span> <span class='ocrx_word' id='word_1_181' title='bbox 1816 1507 2082 1588; x_wconf 85' lang='lat' dir='ltr'><strong>profecta</strong></span> 
     </span>
    </p>
   </div>
   <div class='ocr_carea' id='block_1_25' title="bbox 439 1598 2082 1684">
    <p class='ocr_par' dir='ltr' id='par_1_25' title="bbox 439 1598 2082 1684">
     <span class='ocr_line' id='line_1_25' title="bbox 439 1598 2082 1684; baseline -0.006 -16"><span class='ocrx_word' id='word_1_182' title='bbox 439 1606 656 1684; x_wconf 80' lang='lat' dir='ltr'><strong>conjux</strong></span> <span class='ocrx_word' id='word_1_183' title='bbox 715 1600 970 1665; x_wconf 73' lang='lat' dir='ltr'><strong>diastarii</strong></span> <span class='ocrx_word' id='word_1_184' title='bbox 1030 1603 1091 1663; x_wconf 93' lang='lat' dir='ltr'><strong>in</strong></span> <span class='ocrx_word' id='word_1_185' title='bbox 1149 1619 1468 1682; x_wconf 88' lang='lat' dir='ltr'><strong>campum,</strong></span> <span class='ocrx_word' id='word_1_186' title='bbox 1554 1609 1618 1660; x_wconf 88' lang='lat' dir='ltr'><strong>ut</strong></span> <span class='ocrx_word' id='word_1_187' title='bbox 1675 1598 1804 1677; x_wconf 89' lang='lat' dir='ltr'><strong>ejus</strong></span> <span class='ocrx_word' id='word_1_188' title='bbox 1865 1614 2082 1677; x_wconf 93' lang='lat' dir='ltr'><strong>corpus</strong></span> 
     </span>
    </p>
   </div>
   <div class='ocr_carea' id='block_1_26' title="bbox 440 1684 2080 1773">
    <p class='ocr_par' dir='ltr' id='par_1_26' title="bbox 440 1684 2080 1773">
     <span class='ocr_line' id='line_1_26' title="bbox 440 1684 2080 1773; baseline -0.006 -17"><span class='ocrx_word' id='word_1_189' title='bbox 440 1694 752 1756; x_wconf 85' lang='lat' dir='ltr'><strong>mandaret</strong></span> <span class='ocrx_word' id='word_1_190' title='bbox 783 1693 1126 1773; x_wconf 67' lang='lat' dir='ltr'><strong>sepulturae,</strong></span> <span class='ocrx_word' id='word_1_191' title='bbox 1163 1700 1222 1752; x_wconf 89' lang='lat' dir='ltr'><strong>et</strong></span> <span class='ocrx_word' id='word_1_192' title='bbox 1278 1694 1413 1750; x_wconf 81' lang='lat' dir='ltr'><strong>cum</strong></span> <span class='ocrx_word' id='word_1_193' title='bbox 1447 1706 1582 1750; x_wconf 90' lang='lat' dir='ltr'><strong>eum</strong></span> <span class='ocrx_word' id='word_1_194' title='bbox 1619 1685 1941 1748; x_wconf 86' lang='lat' dir='ltr'><strong>invenisset</strong></span> <span class='ocrx_word' id='word_1_195' title='bbox 1971 1684 2080 1746; x_wconf 90' lang='lat' dir='ltr'><strong>ad-</strong></span> 
     </span>
    </p>
   </div>
   <div class='ocr_carea' id='block_1_27' title="bbox 440 1775 2082 1858">
    <p class='ocr_par' dir='ltr' id='par_1_27' title="bbox 440 1775 2082 1858">
     <span class='ocr_line' id='line_1_27' title="bbox 440 1775 2082 1858; baseline -0.008 -12"><span class='ocrx_word' id='word_1_196' title='bbox 440 1785 557 1846; x_wconf 90' lang='lat' dir='ltr'><strong>huc</strong></span> <span class='ocrx_word' id='word_1_197' title='bbox 591 1782 805 1852; x_wconf 89' lang='lat' dir='ltr'><strong>vivum,</strong></span> <span class='ocrx_word' id='word_1_198' title='bbox 837 1780 1082 1842; x_wconf 87' lang='lat' dir='ltr'><strong>deduxit</strong></span> <span class='ocrx_word' id='word_1_199' title='bbox 1113 1778 1381 1858; x_wconf 90' lang='lat' dir='ltr'><strong>domum,</strong></span> <span class='ocrx_word' id='word_1_200' title='bbox 1416 1787 1475 1838; x_wconf 91' lang='lat' dir='ltr'><strong>et</strong></span> <span class='ocrx_word' id='word_1_201' title='bbox 1527 1777 1679 1836; x_wconf 88' lang='lat' dir='ltr'><strong>intra</strong></span> <span class='ocrx_word' id='word_1_202' title='bbox 1713 1775 1886 1836; x_wconf 88' lang='lat' dir='ltr'><strong>breve</strong></span> <span class='ocrx_word' id='word_1_203' title='bbox 1939 1781 2082 1834; x_wconf 90' lang='lat' dir='ltr'><strong>tem-</strong></span> 
     </span>
    </p>
   </div>
   <div class='ocr_carea' id='block_1_28' title="bbox 442 1863 2081 1952">
    <p class='ocr_par' dir='ltr' id='par_1_28' title="bbox 442 1863 2081 1952">
     <span class='ocr_line' id='line_1_28' title="bbox 442 1863 2081 1952; baseline -0.007 -19"><span class='ocrx_word' id='word_1_204' title='bbox 442 1891 550 1952; x_wconf 87' lang='lat' dir='ltr'><strong>pus</strong></span> <span class='ocrx_word' id='word_1_205' title='bbox 573 1870 832 1932; x_wconf 90' lang='lat' dir='ltr'><strong>reddidit</strong></span> <span class='ocrx_word' id='word_1_206' title='bbox 857 1887 1088 1931; x_wconf 90' lang='lat' dir='ltr'><strong>sanum.</strong></span> <span class='ocrx_word' id='word_1_207' title='bbox 1115 1863 1241 1929; x_wconf 83' lang='lat' dir='ltr'><strong>Hoc</strong></span> <span class='ocrx_word' id='word_1_208' title='bbox 1265 1885 1399 1928; x_wconf 91' lang='lat' dir='ltr'><strong>cum</strong></span> <span class='ocrx_word' id='word_1_209' title='bbox 1430 1865 1818 1927; x_wconf 88' lang='lat' dir='ltr'><strong>rescivissent</strong></span> <span class='ocrx_word' id='word_1_210' title='bbox 1839 1863 2081 1952; x_wconf 83' lang='lat' dir='ltr'><strong>quidam</strong></span> 
     </span>
    </p>
   </div>
   <div class='ocr_carea' id='block_1_29' title="bbox 443 1951 2085 2025">
    <p class='ocr_par' dir='ltr' id='par_1_29' title="bbox 443 1951 2085 2025">
     <span class='ocr_line' id='line_1_29' title="bbox 443 1951 2085 2025; baseline -0.007 -3"><span class='ocrx_word' id='word_1_211' title='bbox 443 1951 513 2022; x_wconf 79' lang='lat' dir='ltr'><strong>ex</strong></span> <span class='ocrx_word' id='word_1_212' title='bbox 538 1959 887 2022; x_wconf 86' lang='lat' dir='ltr'><strong>Christianis</strong></span> <span class='ocrx_word' id='word_1_213' title='bbox 911 1967 970 2021; x_wconf 88' lang='lat' dir='ltr'><strong>et</strong></span> <span class='ocrx_word' id='word_1_214' title='bbox 993 1957 1064 2019; x_wconf 91' lang='lat' dir='ltr'><strong>ad</strong></span> <span class='ocrx_word' id='word_1_215' title='bbox 1093 1974 1231 2018; x_wconf 90' lang='lat' dir='ltr'><strong>eum</strong></span> <span class='ocrx_word' id='word_1_216' title='bbox 1264 1951 2085 2025; x_wconf 85' lang='lat' dir='ltr'><strong>accessissent,obsecrabant</strong></span> 
     </span>
    </p>
   </div>
   <div class='ocr_carea' id='block_1_30' title="bbox 440 2039 2085 2126">
    <p class='ocr_par' dir='ltr' id='par_1_30' title="bbox 440 2039 2085 2126">
     <span class='ocr_line' id='line_1_30' title="bbox 440 2039 2085 2126; baseline -0.006 -16"><span class='ocrx_word' id='word_1_217' title='bbox 440 2057 507 2110; x_wconf 89' lang='lat' dir='ltr'><strong>ut</strong></span> <span class='ocrx_word' id='word_1_218' title='bbox 531 2048 720 2111; x_wconf 88' lang='lat' dir='ltr'><strong>abiret</strong></span> <span class='ocrx_word' id='word_1_219' title='bbox 743 2066 776 2110; x_wconf 91' lang='lat' dir='ltr'><strong>a</strong></span> <span class='ocrx_word' id='word_1_220' title='bbox 801 2047 1058 2126; x_wconf 85' lang='lat' dir='ltr'><strong>civitate,</strong></span> <span class='ocrx_word' id='word_1_221' title='bbox 1095 2064 1170 2108; x_wconf 89' lang='lat' dir='ltr'><strong>ne</strong></span> <span class='ocrx_word' id='word_1_222' title='bbox 1196 2046 1248 2106; x_wconf 88' lang='lat' dir='ltr'><strong>si</strong></span> <span class='ocrx_word' id='word_1_223' title='bbox 1276 2061 1483 2106; x_wconf 87' lang='lat' dir='ltr'><strong>rursus</strong></span> <span class='ocrx_word' id='word_1_224' title='bbox 1512 2043 1910 2124; x_wconf 86' lang='lat' dir='ltr'><strong>apparuisset,</strong></span> <span class='ocrx_word' id='word_1_225' title='bbox 1946 2039 2085 2121; x_wconf 86' lang='lat' dir='ltr'><strong>pln—</strong></span> 
     </span>
    </p>
   </div>
   <div class='ocr_carea' id='block_1_31' title="bbox 439 2129 2084 2200">
    <p class='ocr_par' dir='ltr' id='par_1_31' title="bbox 439 2129 2084 2200">
     <span class='ocr_line' id='line_1_31' title="bbox 439 2129 2084 2200; baseline -0.007 0"><span class='ocrx_word' id='word_1_226' title='bbox 439 2137 608 2200; x_wconf 82' lang='lat' dir='ltr'><strong>ribus</strong></span> <span class='ocrx_word' id='word_1_227' title='bbox 629 2135 943 2199; x_wconf 86' lang='lat' dir='ltr'><strong>tormentis</strong></span> <span class='ocrx_word' id='word_1_228' title='bbox 965 2132 1442 2196; x_wconf 84' lang='lat' dir='ltr'><strong>atIiceretur.Ille</strong></span> <span class='ocrx_word' id='word_1_229' title='bbox 1465 2141 1660 2194; x_wconf 85' lang='lat' dir='ltr'><strong>autem</strong></span> <span class='ocrx_word' id='word_1_230' title='bbox 1687 2149 1805 2191; x_wconf 91' lang='lat' dir='ltr'><strong>non</strong></span> <span class='ocrx_word' id='word_1_231' title='bbox 1826 2129 2001 2190; x_wconf 92' lang='lat' dir='ltr'><strong>modo</strong></span> <span class='ocrx_word' id='word_1_232' title='bbox 2020 2146 2084 2189; x_wconf 89' lang='lat' dir='ltr'><strong>se</strong></span> 
     </span>
    </p>
   </div>
   <div class='ocr_carea' id='block_1_32' title="bbox 445 2218 2083 2300">
    <p class='ocr_par' dir='ltr' id='par_1_32' title="bbox 445 2218 2083 2300">
     <span class='ocr_line' id='line_1_32' title="bbox 445 2218 2083 2300; baseline -0.005 -14"><span class='ocrx_word' id='word_1_233' title='bbox 445 2243 564 2287; x_wconf 88' lang='lat' dir='ltr'><strong>non</strong></span> <span class='ocrx_word' id='word_1_234' title='bbox 588 2225 842 2300; x_wconf 87' lang='lat' dir='ltr'><strong>abdidit,</strong></span> <span class='ocrx_word' id='word_1_235' title='bbox 869 2224 972 2285; x_wconf 92' lang='lat' dir='ltr'><strong>sed</strong></span> <span class='ocrx_word' id='word_1_236' title='bbox 996 2224 1173 2285; x_wconf 88' lang='lat' dir='ltr'><strong>etiam</strong></span> <span class='ocrx_word' id='word_1_237' title='bbox 1194 2231 1357 2284; x_wconf 87' lang='lat' dir='ltr'><strong>stans</strong></span> <span class='ocrx_word' id='word_1_238' title='bbox 1374 2221 1435 2283; x_wconf 93' lang='lat' dir='ltr'><strong>in</strong></span> <span class='ocrx_word' id='word_1_239' title='bbox 1459 2221 1577 2282; x_wconf 90' lang='lat' dir='ltr'><strong>alta</strong></span> <span class='ocrx_word' id='word_1_240' title='bbox 1601 2219 1854 2300; x_wconf 90' lang='lat' dir='ltr'><strong>quadam</strong></span> <span class='ocrx_word' id='word_1_241' title='bbox 1877 2218 2083 2297; x_wconf 92' lang='lat' dir='ltr'><strong>domo,</strong></span> 
     </span>
    </p>
   </div>
   <div class='ocr_carea' id='block_1_33' title="bbox 445 2308 2082 2394">
    <p class='ocr_par' dir='ltr' id='par_1_33' title="bbox 445 2308 2082 2394">
     <span class='ocr_line' id='line_1_33' title="bbox 445 2308 2082 2394; baseline -0.005 -19"><span class='ocrx_word' id='word_1_242' title='bbox 445 2332 510 2375; x_wconf 91' lang='lat' dir='ltr'><strong>se</strong></span> <span class='ocrx_word' id='word_1_243' title='bbox 548 2313 1044 2394; x_wconf 67' lang='lat' dir='ltr'><strong>praetereuntibus</strong></span> <span class='ocrx_word' id='word_1_244' title='bbox 1095 2311 1346 2374; x_wconf 86' lang='lat' dir='ltr'><strong>ostendit</strong></span> <span class='ocrx_word' id='word_1_245' title='bbox 1397 2308 1884 2391; x_wconf 87' lang='lat' dir='ltr'><strong>imperatoribus.</strong></span> <span class='ocrx_word' id='word_1_246' title='bbox 1932 2308 2082 2369; x_wconf 89' lang='lat' dir='ltr'><strong>Eum</strong></span> 
     </span>
    </p>
   </div>
   <div class='ocr_carea' id='block_1_34' title="bbox 444 2396 2081 2469">
    <p class='ocr_par' dir='ltr' id='par_1_34' title="bbox 444 2396 2081 2469">
     <span class='ocr_line' id='line_1_34' title="bbox 444 2396 2081 2469; baseline -0.005 -5"><span class='ocrx_word' id='word_1_247' title='bbox 444 2420 579 2464; x_wconf 89' lang='lat' dir='ltr'><strong>cum</strong></span> <span class='ocrx_word' id='word_1_248' title='bbox 613 2401 862 2464; x_wconf 89' lang='lat' dir='ltr'><strong>vidisset</strong></span> <span class='ocrx_word' id='word_1_249' title='bbox 891 2401 1294 2464; x_wconf 86' lang='lat' dir='ltr'><strong>Diocletianus</strong></span> <span class='ocrx_word' id='word_1_250' title='bbox 1327 2407 1385 2462; x_wconf 91' lang='lat' dir='ltr'><strong>et</strong></span> <span class='ocrx_word' id='word_1_251' title='bbox 1409 2401 1480 2461; x_wconf 89' lang='lat' dir='ltr'><strong>ad</strong></span> <span class='ocrx_word' id='word_1_252' title='bbox 1529 2417 1596 2462; x_wconf 86' lang='lat' dir='ltr'><strong>se</strong></span> <span class='ocrx_word' id='word_1_253' title='bbox 1640 2396 2081 2469; x_wconf 87' lang='lat' dir='ltr'><strong>accersivisset,</strong></span> 
     </span>
    </p>
   </div>
   <div class='ocr_carea' id='block_1_35' title="bbox 447 2486 2086 2569">
    <p class='ocr_par' dir='ltr' id='par_1_35' title="bbox 447 2486 2086 2569">
     <span class='ocr_line' id='line_1_35' title="bbox 447 2486 2086 2569; baseline -0.004 -17"><span class='ocrx_word' id='word_1_254' title='bbox 447 2490 589 2553; x_wconf 92' lang='lat' dir='ltr'><strong>dicit</strong></span> <span class='ocrx_word' id='word_1_255' title='bbox 618 2491 713 2552; x_wconf 92' lang='lat' dir='ltr'><strong>ei:</strong></span> <span class='ocrx_word' id='word_1_256' title='bbox 748 2489 877 2552; x_wconf 85' lang='lat' dir='ltr'><strong>Non</strong></span> <span class='ocrx_word' id='word_1_257' title='bbox 910 2509 974 2552; x_wconf 92' lang='lat' dir='ltr'><strong>es</strong></span> <span class='ocrx_word' id='word_1_258' title='bbox 1006 2502 1066 2552; x_wconf 90' lang='lat' dir='ltr'><strong>tu</strong></span> <span class='ocrx_word' id='word_1_259' title='bbox 1097 2489 1511 2567; x_wconf 87' lang='lat' dir='ltr'><strong>Sebastianus,</strong></span> <span class='ocrx_word' id='word_1_260' title='bbox 1568 2506 1746 2569; x_wconf 88' lang='lat' dir='ltr'><strong>quem</strong></span> <span class='ocrx_word' id='word_1_261' title='bbox 1780 2505 1888 2548; x_wconf 88' lang='lat' dir='ltr'><strong>nos</strong></span> <span class='ocrx_word' id='word_1_262' title='bbox 1923 2486 2086 2566; x_wconf 89' lang='lat' dir='ltr'><strong>prius</strong></span> 
     </span>
    </p>
   </div>
   <div class='ocr_carea' id='block_1_36' title="bbox 443 2575 2088 2659">
    <p class='ocr_par' dir='ltr' id='par_1_36' title="bbox 443 2575 2088 2659">
     <span class='ocr_line' id='line_1_36' title="bbox 443 2575 2088 2659; baseline -0.002 -19"><span class='ocrx_word' id='word_1_263' title='bbox 443 2581 734 2659; x_wconf 85' lang='lat' dir='ltr'><strong>jussimus</strong></span> <span class='ocrx_word' id='word_1_264' title='bbox 763 2579 1021 2641; x_wconf 82' lang='lat' dir='ltr'><strong>interﬁci</strong></span> <span class='ocrx_word' id='word_1_265' title='bbox 1050 2578 1325 2658; x_wconf 83' lang='lat' dir='ltr'><strong>sagittis?</strong></span> <span class='ocrx_word' id='word_1_266' title='bbox 1355 2580 1522 2652; x_wconf 89' lang='lat' dir='ltr'><strong>Sum,</strong></span> <span class='ocrx_word' id='word_1_267' title='bbox 1559 2577 1775 2654; x_wconf 85' lang='lat' dir='ltr'><strong>inquit,</strong></span> <span class='ocrx_word' id='word_1_268' title='bbox 1812 2595 1844 2636; x_wconf 95' lang='grc' dir='ltr'><strong>ο</strong></span> <span class='ocrx_word' id='word_1_269' title='bbox 1895 2575 2088 2655; x_wconf 88' lang='lat' dir='ltr'><strong>impe-</strong></span> 
     </span>
    </p>
   </div>
   <div class='ocr_carea' id='block_1_37' title="bbox 445 2665 2088 2749">
    <p class='ocr_par' dir='ltr' id='par_1_37' title="bbox 445 2665 2088 2749">
     <span class='ocr_line' id='line_1_37' title="bbox 445 2665 2088 2749; baseline -0.002 -20"><span class='ocrx_word' id='word_1_270' title='bbox 445 2679 650 2749; x_wconf 87' lang='lat' dir='ltr'><strong>rator;</strong></span> <span class='ocrx_word' id='word_1_271' title='bbox 709 2677 766 2730; x_wconf 91' lang='lat' dir='ltr'><strong>et</strong></span> <span class='ocrx_word' id='word_1_272' title='bbox 825 2687 920 2731; x_wconf 91' lang='lat' dir='ltr'><strong>me</strong></span> <span class='ocrx_word' id='word_1_273' title='bbox 950 2669 1256 2730; x_wconf 87' lang='lat' dir='ltr'><strong>suscitavit</strong></span> <span class='ocrx_word' id='word_1_274' title='bbox 1286 2667 1640 2730; x_wconf 84' lang='lat' dir='ltr'><strong>Dominusa</strong></span> <span class='ocrx_word' id='word_1_275' title='bbox 1693 2665 1964 2745; x_wconf 90' lang='lat' dir='ltr'><strong>mortuis,</strong></span> <span class='ocrx_word' id='word_1_276' title='bbox 2025 2673 2088 2726; x_wconf 95' lang='lat' dir='ltr'><strong>ut</strong></span> 
     </span>
    </p>
   </div>
   <div class='ocr_carea' id='block_1_38' title="bbox 447 2755 2086 2837">
    <p class='ocr_par' dir='ltr' id='par_1_38' title="bbox 447 2755 2086 2837">
     <span class='ocr_line' id='line_1_38' title="bbox 447 2755 2086 2837; baseline -0.003 -18"><span class='ocrx_word' id='word_1_277' title='bbox 447 2775 770 2837; x_wconf 87' lang='lat' dir='ltr'><strong>cognoscas</strong></span> <span class='ocrx_word' id='word_1_278' title='bbox 793 2776 929 2820; x_wconf 88' lang='lat' dir='ltr'><strong>eum</strong></span> <span class='ocrx_word' id='word_1_279' title='bbox 964 2775 1096 2823; x_wconf 89' lang='lat' dir='ltr'><strong>esse</strong></span> <span class='ocrx_word' id='word_1_280' title='bbox 1130 2757 1457 2836; x_wconf 88' lang='lat' dir='ltr'><strong>Deum,qui</strong></span> <span class='ocrx_word' id='word_1_281' title='bbox 1487 2756 1625 2818; x_wconf 79' lang='lat' dir='ltr'><strong>fecit</strong></span> <span class='ocrx_word' id='word_1_282' title='bbox 1655 2755 1944 2835; x_wconf 92' lang='lat' dir='ltr'><strong>omnia,et</strong></span> <span class='ocrx_word' id='word_1_283' title='bbox 1968 2772 2086 2814; x_wconf 91' lang='lat' dir='ltr'><strong>non</strong></span> 
     </span>
    </p>
   </div>
   <div class='ocr_carea' id='block_1_39' title="bbox 445 2845 2082 2928">
    <p class='ocr_par' dir='ltr' id='par_1_39' title="bbox 445 2845 2082 2928">
     <span class='ocr_line' id='line_1_39' title="bbox 445 2845 2082 2928; baseline -0.002 -22"><span class='ocrx_word' id='word_1_284' title='bbox 445 2846 700 2926; x_wconf 87' lang='lat' dir='ltr'><strong>amplius</strong></span> <span class='ocrx_word' id='word_1_285' title='bbox 756 2847 917 2908; x_wconf 89' lang='lat' dir='ltr'><strong>colas</strong></span> <span class='ocrx_word' id='word_1_286' title='bbox 975 2847 1242 2928; x_wconf 91' lang='lat' dir='ltr'><strong>impuros</strong></span> <span class='ocrx_word' id='word_1_287' title='bbox 1299 2845 1622 2920; x_wconf 73' lang='lat' dir='ltr'><strong>dazmones,</strong></span> <span class='ocrx_word' id='word_1_288' title='bbox 1659 2863 1914 2922; x_wconf 91' lang='lat' dir='ltr'><strong>quorum</strong></span> <span class='ocrx_word' id='word_1_289' title='bbox 1949 2861 2082 2904; x_wconf 90' lang='lat' dir='ltr'><strong>cum</strong></span> 
     </span>
    </p>
   </div>
   <div class='ocr_carea' id='block_1_40' title="bbox 443 2933 2082 3016">
    <p class='ocr_par' dir='ltr' id='par_1_40' title="bbox 443 2933 2082 3016">
     <span class='ocr_line' id='line_1_40' title="bbox 443 2933 2082 3016; baseline -0.002 -20"><span class='ocrx_word' id='word_1_290' title='bbox 443 2935 642 2996; x_wconf 81' lang='lat' dir='ltr'><strong>sonitu</strong></span> <span class='ocrx_word' id='word_1_291' title='bbox 673 2935 892 3016; x_wconf 85' lang='lat' dir='ltr'><strong>peribit</strong></span> <span class='ocrx_word' id='word_1_292' title='bbox 919 2936 1228 3000; x_wconf 88' lang='lat' dir='ltr'><strong>memoria.</strong></span> <span class='ocrx_word' id='word_1_293' title='bbox 1263 2934 1430 2997; x_wconf 93' lang='lat' dir='ltr'><strong>Tunc</strong></span> <span class='ocrx_word' id='word_1_294' title='bbox 1465 2935 1514 2995; x_wconf 90' lang='lat' dir='ltr'><strong>is</strong></span> <span class='ocrx_word' id='word_1_295' title='bbox 1536 2933 1718 3015; x_wconf 88' lang='lat' dir='ltr'><strong>jussit</strong></span> <span class='ocrx_word' id='word_1_296' title='bbox 1747 2941 1953 2995; x_wconf 88' lang='lat' dir='ltr'><strong>sancto</strong></span> <span class='ocrx_word' id='word_1_297' title='bbox 1985 2940 2082 2993; x_wconf 86' lang='lat' dir='ltr'><strong>to-</strong></span> 
     </span>
    </p>
   </div>
   <div class='ocr_carea' id='block_1_41' title="bbox 446 3023 2083 3104">
    <p class='ocr_par' dir='ltr' id='par_1_41' title="bbox 446 3023 2083 3104">
     <span class='ocr_line' id='line_1_41' title="bbox 446 3023 2083 3104; baseline -0.001 -19"><span class='ocrx_word' id='word_1_298' title='bbox 446 3033 569 3086; x_wconf 89' lang='lat' dir='ltr'><strong>tum</strong></span> <span class='ocrx_word' id='word_1_299' title='bbox 604 3041 818 3104; x_wconf 88' lang='lat' dir='ltr'><strong>corpus</strong></span> <span class='ocrx_word' id='word_1_300' title='bbox 849 3025 1027 3086; x_wconf 90' lang='lat' dir='ltr'><strong>clavis</strong></span> <span class='ocrx_word' id='word_1_301' title='bbox 1060 3024 1346 3088; x_wconf 89' lang='lat' dir='ltr'><strong>contundi</strong></span> <span class='ocrx_word' id='word_1_302' title='bbox 1377 3042 1445 3086; x_wconf 90' lang='lat' dir='ltr'><strong>ac</strong></span> <span class='ocrx_word' id='word_1_303' title='bbox 1470 3023 1711 3104; x_wconf 84' lang='lat' dir='ltr'><strong>conﬁgi,</strong></span> <span class='ocrx_word' id='word_1_304' title='bbox 1737 3035 1797 3084; x_wconf 87' lang='lat' dir='ltr'><strong>et</strong></span> <span class='ocrx_word' id='word_1_305' title='bbox 1829 3024 1914 3085; x_wconf 90' lang='lat' dir='ltr'><strong>sic</strong></span> <span class='ocrx_word' id='word_1_306' title='bbox 1946 3040 2083 3084; x_wconf 90' lang='lat' dir='ltr'><strong>eum</strong></span> 
     </span>
    </p>
   </div>
   <div class='ocr_carea' id='block_1_42' title="bbox 446 3113 972 3178">
    <p class='ocr_par' dir='ltr' id='par_1_42' title="bbox 446 3113 972 3178">
     <span class='ocr_line' id='line_1_42' title="bbox 446 3113 972 3178; baseline 0.002 -2"><span class='ocrx_word' id='word_1_307' title='bbox 446 3131 481 3176; x_wconf 84' lang='lat' dir='ltr'><strong>e</strong></span> <span class='ocrx_word' id='word_1_308' title='bbox 511 3113 626 3176; x_wconf 88' lang='lat' dir='ltr'><strong>vita</strong></span> <span class='ocrx_word' id='word_1_309' title='bbox 657 3115 972 3178; x_wconf 81' lang='lat' dir='ltr'><strong>excedere.</strong></span> 
     </span>
    </p>
   </div>
   <div class='ocr_carea' id='block_1_43' title="bbox 525 3192 2146 3286">
    <p class='ocr_par' dir='ltr' id='par_1_43' title="bbox 525 3192 2146 3286">
     <span class='ocr_line' id='line_1_43' title="bbox 525 3192 2146 3286; baseline -0.002 -23"><span class='ocrx_word' id='word_1_310' title='bbox 525 3202 751 3275; x_wconf 75' lang='lat' dir='ltr'><strong>XXIV.,</strong></span> <span class='ocrx_word' id='word_1_311' title='bbox 770 3203 1087 3286; x_wconf 87' lang='lat' dir='ltr'><strong>Postquam</strong></span> <span class='ocrx_word' id='word_1_312' title='bbox 1111 3221 1251 3283; x_wconf 90' lang='lat' dir='ltr'><strong>ergo</strong></span> <span class='ocrx_word' id='word_1_313' title='bbox 1311 3203 1410 3265; x_wconf 91' lang='lat' dir='ltr'><strong>hic</strong></span> <span class='ocrx_word' id='word_1_314' title='bbox 1457 3201 1664 3263; x_wconf 85' lang='lat' dir='ltr'><strong>beatus</strong></span> <span class='ocrx_word' id='word_1_315' title='bbox 1715 3200 1983 3280; x_wconf 88' lang='lat' dir='ltr'><strong>migravit</strong></span> <span class='ocrx_word' id='word_1_316' title='bbox 2011 3192 2146 3260; x_wconf 75' lang='lat' dir='ltr'><strong>adC</strong></span> 
     </span>
    </p>
   </div>
   <div class='ocr_carea' id='block_1_44' title="bbox 447 3291 2089 3372">
    <p class='ocr_par' dir='ltr' id='par_1_44' title="bbox 447 3291 2089 3372">
     <span class='ocr_line' id='line_1_44' title="bbox 447 3291 2089 3372; baseline -0.002 -18"><span class='ocrx_word' id='word_1_317' title='bbox 447 3292 791 3365; x_wconf 88' lang='lat' dir='ltr'><strong>Dominum,</strong></span> <span class='ocrx_word' id='word_1_318' title='bbox 826 3291 1111 3354; x_wconf 85' lang='lat' dir='ltr'><strong>satellites</strong></span> <span class='ocrx_word' id='word_1_319' title='bbox 1164 3291 1403 3372; x_wconf 88' lang='lat' dir='ltr'><strong>quidem</strong></span> <span class='ocrx_word' id='word_1_320' title='bbox 1459 3292 1590 3370; x_wconf 87' lang='lat' dir='ltr'><strong>ejus</strong></span> <span class='ocrx_word' id='word_1_321' title='bbox 1643 3307 1859 3370; x_wconf 89' lang='lat' dir='ltr'><strong>corpus</strong></span> <span class='ocrx_word' id='word_1_322' title='bbox 1906 3297 2089 3352; x_wconf 89' lang='lat' dir='ltr'><strong>noctu</strong></span> 
     </span>
    </p>
   </div>
   <div class='ocr_carea' id='block_1_45' title="bbox 447 3379 2084 3459">
    <p class='ocr_par' dir='ltr' id='par_1_45' title="bbox 447 3379 2084 3459">
     <span class='ocr_line' id='line_1_45' title="bbox 447 3379 2084 3459; baseline -0.001 -19"><span class='ocrx_word' id='word_1_323' title='bbox 447 3381 839 3457; x_wconf 87' lang='lat' dir='ltr'><strong>sustulerunt,</strong></span> <span class='ocrx_word' id='word_1_324' title='bbox 871 3390 929 3442; x_wconf 92' lang='lat' dir='ltr'><strong>et</strong></span> <span class='ocrx_word' id='word_1_325' title='bbox 953 3383 1012 3441; x_wconf 90' lang='lat' dir='ltr'><strong>in</strong></span> <span class='ocrx_word' id='word_1_326' title='bbox 1037 3382 1352 3458; x_wconf 86' lang='lat' dir='ltr'><strong>quamdam</strong></span> <span class='ocrx_word' id='word_1_327' title='bbox 1387 3383 1643 3441; x_wconf 88' lang='lat' dir='ltr'><strong>cloacam</strong></span> <span class='ocrx_word' id='word_1_328' title='bbox 1679 3379 2084 3459; x_wconf 87' lang='lat' dir='ltr'><strong>projecerunt,</strong></span> 
     </span>
    </p>
   </div>
   <div class='ocr_carea' id='block_1_46' title="bbox 449 3467 2091 3550">
    <p class='ocr_par' dir='ltr' id='par_1_46' title="bbox 449 3467 2091 3550">
     <span class='ocr_line' id='line_1_46' title="bbox 449 3467 2091 3550; baseline 0 -22"><span class='ocrx_word' id='word_1_329' title='bbox 449 3487 586 3528; x_wconf 92' lang='lat' dir='ltr'><strong>cum</strong></span> <span class='ocrx_word' id='word_1_330' title='bbox 620 3468 705 3528; x_wconf 89' lang='lat' dir='ltr'><strong>sic</strong></span> <span class='ocrx_word' id='word_1_331' title='bbox 729 3467 1005 3547; x_wconf 88' lang='lat' dir='ltr'><strong>jussisset</strong></span> <span class='ocrx_word' id='word_1_332' title='bbox 1037 3476 1341 3550; x_wconf 77' lang='lat' dir='ltr'><strong>tyrannus.</strong></span> <span class='ocrx_word' id='word_1_333' title='bbox 1396 3467 1670 3530; x_wconf 84' lang='lat' dir='ltr'><strong>Timebat</strong></span> <span class='ocrx_word' id='word_1_334' title='bbox 1720 3469 1878 3529; x_wconf 90' lang='lat' dir='ltr'><strong>enim</strong></span> <span class='ocrx_word' id='word_1_335' title='bbox 1933 3486 2008 3530; x_wconf 90' lang='lat' dir='ltr'><strong>ne</strong></span> <span class='ocrx_word' id='word_1_336' title='bbox 2039 3467 2091 3528; x_wconf 88' lang='lat' dir='ltr'><strong>si</strong></span> 
     </span>
    </p>
   </div>
   <div class='ocr_carea' id='block_1_47' title="bbox 447 3555 2087 3637">
    <p class='ocr_par' dir='ltr' id='par_1_47' title="bbox 447 3555 2087 3637">
     <span class='ocr_line' id='line_1_47' title="bbox 447 3555 2087 3637; baseline 0.001 -22"><span class='ocrx_word' id='word_1_337' title='bbox 447 3555 831 3637; x_wconf 87' lang='lat' dir='ltr'><strong>fuissetapud</strong></span> <span class='ocrx_word' id='word_1_338' title='bbox 859 3559 1222 3620; x_wconf 86' lang='lat' dir='ltr'><strong>Christianos</strong></span> <span class='ocrx_word' id='word_1_339' title='bbox 1253 3568 1310 3620; x_wconf 88' lang='lat' dir='ltr'><strong>et</strong></span> <span class='ocrx_word' id='word_1_340' title='bbox 1330 3559 1550 3620; x_wconf 84' lang='lat' dir='ltr'><strong>faceret</strong></span> <span class='ocrx_word' id='word_1_341' title='bbox 1583 3557 2087 3633; x_wconf 89' lang='lat' dir='ltr'><strong>miracula,etiam</strong></span> 
     </span>
    </p>
   </div>
   <div class='ocr_carea' id='block_1_48' title="bbox 453 3644 2093 3725">
    <p class='ocr_par' dir='ltr' id='par_1_48' title="bbox 453 3644 2093 3725">
     <span class='ocr_line' id='line_1_48' title="bbox 453 3644 2093 3725; baseline 0 -20"><span class='ocrx_word' id='word_1_342' title='bbox 453 3652 588 3725; x_wconf 89' lang='lat' dir='ltr'><strong>post</strong></span> <span class='ocrx_word' id='word_1_343' title='bbox 615 3644 928 3708; x_wconf 84' lang='lat' dir='ltr'><strong>decessum</strong></span> <span class='ocrx_word' id='word_1_344' title='bbox 963 3648 1178 3708; x_wconf 89' lang='lat' dir='ltr'><strong>multos</strong></span> <span class='ocrx_word' id='word_1_345' title='bbox 1208 3647 1530 3710; x_wconf 85' lang='lat' dir='ltr'><strong>abduceret</strong></span> <span class='ocrx_word' id='word_1_346' title='bbox 1578 3665 1612 3708; x_wconf 94' lang='lat' dir='ltr'><strong>a</strong></span> <span class='ocrx_word' id='word_1_347' title='bbox 1641 3645 1978 3708; x_wconf 86' lang='lat' dir='ltr'><strong>simulacris</strong></span> <span class='ocrx_word' id='word_1_348' title='bbox 2031 3653 2093 3706; x_wconf 86' lang='lat' dir='ltr'><strong>et</strong></span> 
     </span>
    </p>
   </div>
   <div class='ocr_carea' id='block_1_49' title="bbox 453 3733 2093 3813">
    <p class='ocr_par' dir='ltr' id='par_1_49' title="bbox 453 3733 2093 3813">
     <span class='ocr_line' id='line_1_49' title="bbox 453 3733 2093 3813; baseline 0.001 -19"><span class='ocrx_word' id='word_1_349' title='bbox 453 3735 839 3813; x_wconf 87' lang='lat' dir='ltr'><strong>persuaderet</strong></span> <span class='ocrx_word' id='word_1_350' title='bbox 885 3744 949 3797; x_wconf 94' lang='lat' dir='ltr'><strong>ut</strong></span> <span class='ocrx_word' id='word_1_351' title='bbox 1003 3735 1191 3799; x_wconf 87' lang='lat' dir='ltr'><strong>Deum</strong></span> <span class='ocrx_word' id='word_1_352' title='bbox 1247 3738 1514 3800; x_wconf 90' lang='lat' dir='ltr'><strong>colerent</strong></span> <span class='ocrx_word' id='word_1_353' title='bbox 1564 3735 1923 3798; x_wconf 82' lang='lat' dir='ltr'><strong>Sebastiani.</strong></span> <span class='ocrx_word' id='word_1_354' title='bbox 1983 3733 2093 3796; x_wconf 85' lang='lat' dir='ltr'><strong>Hic</strong></span> 
     </span>
    </p>
   </div>
   <div class='ocr_carea' id='block_1_50' title="bbox 452 3822 2090 3906">
    <p class='ocr_par' dir='ltr' id='par_1_50' title="bbox 452 3822 2090 3906">
     <span class='ocr_line' id='line_1_50' title="bbox 452 3822 2090 3906; baseline 0.001 -24"><span class='ocrx_word' id='word_1_355' title='bbox 452 3835 647 3884; x_wconf 87' lang='lat' dir='ltr'><strong>autem</strong></span> <span class='ocrx_word' id='word_1_356' title='bbox 681 3822 890 3887; x_wconf 89' lang='lat' dir='ltr'><strong>beatus</strong></span> <span class='ocrx_word' id='word_1_357' title='bbox 919 3824 979 3887; x_wconf 90' lang='lat' dir='ltr'><strong>in</strong></span> <span class='ocrx_word' id='word_1_358' title='bbox 1015 3834 1302 3888; x_wconf 88' lang='lat' dir='ltr'><strong>nocturna</strong></span> <span class='ocrx_word' id='word_1_359' title='bbox 1351 3826 1584 3888; x_wconf 90' lang='lat' dir='ltr'><strong>visione</strong></span> <span class='ocrx_word' id='word_1_360' title='bbox 1627 3841 1923 3906; x_wconf 88' lang='lat' dir='ltr'><strong>apparens</strong></span> <span class='ocrx_word' id='word_1_361' title='bbox 1955 3840 2090 3884; x_wconf 86' lang='lat' dir='ltr'><strong>mu-</strong></span> 
     </span>
    </p>
   </div>
   <div class='ocr_carea' id='block_1_51' title="bbox 454 3910 2089 3996">
    <p class='ocr_par' dir='ltr' id='par_1_51' title="bbox 454 3910 2089 3996">
     <span class='ocr_line' id='line_1_51' title="bbox 454 3910 2089 3996; baseline 0.001 -26"><span class='ocrx_word' id='word_1_362' title='bbox 454 3910 586 3972; x_wconf 92' lang='lat' dir='ltr'><strong>lieri</strong></span> <span class='ocrx_word' id='word_1_363' title='bbox 617 3911 848 3974; x_wconf 82' lang='lat' dir='ltr'><strong>cuidam</strong></span> <span class='ocrx_word' id='word_1_364' title='bbox 882 3915 1056 3976; x_wconf 60' lang='lat' dir='ltr'><strong>clara;</strong></span> <span class='ocrx_word' id='word_1_365' title='bbox 1087 3921 1145 3977; x_wconf 89' lang='lat' dir='ltr'><strong>et</strong></span> <span class='ocrx_word' id='word_1_366' title='bbox 1176 3915 1410 3996; x_wconf 67' lang='lat' dir='ltr'><strong>piaa,cui</strong></span> <span class='ocrx_word' id='word_1_367' title='bbox 1444 3931 1663 3976; x_wconf 89' lang='lat' dir='ltr'><strong>nomen</strong></span> <span class='ocrx_word' id='word_1_368' title='bbox 1692 3921 1822 3975; x_wconf 87' lang='lat' dir='ltr'><strong>erat</strong></span> <span class='ocrx_word' id='word_1_369' title='bbox 1843 3911 2089 3993; x_wconf 87' lang='lat' dir='ltr'><strong>Lucina,</strong></span> 
     </span>
    </p>
   </div>
   <div class='ocr_carea' id='block_1_52' title="bbox 454 3999 2093 4084">
    <p class='ocr_par' dir='ltr' id='par_1_52' title="bbox 454 3999 2093 4084">
     <span class='ocr_line' id='line_1_52' title="bbox 454 3999 2093 4084; baseline 0.002 -25"><span class='ocrx_word' id='word_1_370' title='bbox 454 3999 602 4061; x_wconf 88' lang='lat' dir='ltr'><strong>dicit</strong></span> <span class='ocrx_word' id='word_1_371' title='bbox 624 4002 679 4062; x_wconf 89' lang='lat' dir='ltr'><strong>ei</strong></span> <span class='ocrx_word' id='word_1_372' title='bbox 708 4019 722 4064; x_wconf 88' lang='lat'><strong>:</strong></span> <span class='ocrx_word' id='word_1_373' title='bbox 755 4001 922 4066; x_wconf 87' lang='lat' dir='ltr'><strong>Vade</strong></span> <span class='ocrx_word' id='word_1_374' title='bbox 979 4005 1052 4064; x_wconf 90' lang='lat' dir='ltr'><strong>ad</strong></span> <span class='ocrx_word' id='word_1_375' title='bbox 1115 4005 1274 4065; x_wconf 90' lang='lat' dir='ltr'><strong>hunc</strong></span> <span class='ocrx_word' id='word_1_376' title='bbox 1306 4004 1528 4079; x_wconf 89' lang='lat' dir='ltr'><strong>locum,</strong></span> <span class='ocrx_word' id='word_1_377' title='bbox 1565 4013 1623 4064; x_wconf 89' lang='lat' dir='ltr'><strong>et</strong></span> <span class='ocrx_word' id='word_1_378' title='bbox 1652 4002 1854 4084; x_wconf 87' lang='lat' dir='ltr'><strong>accipe</strong></span> <span class='ocrx_word' id='word_1_379' title='bbox 1877 4018 2093 4083; x_wconf 90' lang='lat' dir='ltr'><strong>corpus</strong></span> 
     </span>
    </p>
   </div>
   <div class='ocr_carea' id='block_1_53' title="bbox 454 4089 2091 4174">
    <p class='ocr_par' dir='ltr' id='par_1_53' title="bbox 454 4089 2091 4174">
     <span class='ocr_line' id='line_1_53' title="bbox 454 4089 2091 4174; baseline 0.002 -27"><span class='ocrx_word' id='word_1_380' title='bbox 454 4106 652 4148; x_wconf 92' lang='lat' dir='ltr'><strong>meum</strong></span> <span class='ocrx_word' id='word_1_381' title='bbox 687 4099 744 4150; x_wconf 91' lang='lat' dir='ltr'><strong>et</strong></span> <span class='ocrx_word' id='word_1_382' title='bbox 789 4091 851 4151; x_wconf 88' lang='lat' dir='ltr'><strong>id</strong></span> <span class='ocrx_word' id='word_1_383' title='bbox 901 4092 1088 4173; x_wconf 88' lang='lat' dir='ltr'><strong>sepeli</strong></span> <span class='ocrx_word' id='word_1_384' title='bbox 1123 4093 1181 4154; x_wconf 90' lang='lat' dir='ltr'><strong>in</strong></span> <span class='ocrx_word' id='word_1_385' title='bbox 1205 4111 1276 4155; x_wconf 86' lang='lat' dir='ltr'><strong>ea</strong></span> <span class='ocrx_word' id='word_1_386' title='bbox 1307 4112 1436 4174; x_wconf 83' lang='lat' dir='ltr'><strong>quae</strong></span> <span class='ocrx_word' id='word_1_387' title='bbox 1467 4093 1689 4153; x_wconf 90' lang='lat' dir='ltr'><strong>dicitur</strong></span> <span class='ocrx_word' id='word_1_388' title='bbox 1717 4093 1954 4172; x_wconf 76' lang='lat' dir='ltr'><strong>Crypta,</strong></span> <span class='ocrx_word' id='word_1_389' title='bbox 2017 4089 2091 4152; x_wconf 91' lang='lat' dir='ltr'><strong>ad</strong></span> 
     </span>
    </p>
   </div>
   <div class='ocr_carea' id='block_1_54' title="bbox 2249 1502 3814 1584">
    <p class='ocr_par' dir='ltr' id='par_1_54' title="bbox 2249 1502 3814 1584">
     <span class='ocr_line' id='line_1_54' title="bbox 2249 1502 3814 1584; baseline 0.002 -23"><span class='ocrx_word' id='word_1_390' title='bbox 2249 1503 2374 1564; x_wconf 71' lang='lat' dir='ltr'><strong>Kl&quot;.</strong></span> <span class='ocrx_word' id='word_1_391' title='bbox 2440 1505 2637 1566; x_wconf 72' lang='grc' dir='ltr'>Νυκτὸς</span> <span class='ocrx_word' id='word_1_392' title='bbox 2697 1502 2741 1558; x_wconf 85' lang='grc' dir='ltr'><strong>δ’</strong></span> <span class='ocrx_word' id='word_1_393' title='bbox 2800 1504 3186 1583; x_wconf 76' lang='grc' dir='ltr'><strong>ἐπιγενομένης</strong></span> <span class='ocrx_word' id='word_1_394' title='bbox 3244 1510 3561 1584; x_wconf 74' lang='grc' dir='ltr'><strong>πορευθεῖσα</strong></span> <span class='ocrx_word' id='word_1_395' title='bbox 3624 1510 3655 1576; x_wconf 71' lang='grc' dir='ltr'>ἡ</span> <span class='ocrx_word' id='word_1_396' title='bbox 3717 1514 3814 1564; x_wconf 85' lang='grc' dir='ltr'><strong>τοῦ</strong></span> 
     </span>
    </p>
   </div>
   <div class='ocr_carea' id='block_1_55' title="bbox 2165 1593 3813 1675">
    <p class='ocr_par' dir='ltr' id='par_1_55' title="bbox 2165 1593 3813 1675">
     <span class='ocr_line' id='line_1_55' title="bbox 2165 1593 3813 1675; baseline 0.002 -26"><span class='ocrx_word' id='word_1_397' title='bbox 2165 1593 2452 1672; x_wconf 81' lang='grc' dir='ltr'>διαιταρίου</span> <span class='ocrx_word' id='word_1_398' title='bbox 2517 1593 2736 1671; x_wconf 70' lang='grc' dir='ltr'>σύζυγος</span> <span class='ocrx_word' id='word_1_399' title='bbox 2808 1593 2894 1649; x_wconf 80' lang='grc' dir='ltr'>ἐπὶ</span> <span class='ocrx_word' id='word_1_400' title='bbox 2947 1596 3007 1650; x_wconf 83' lang='grc' dir='ltr'>τὸ</span> <span class='ocrx_word' id='word_1_401' title='bbox 3073 1593 3273 1675; x_wconf 81' lang='grc' dir='ltr'>πεδίον,</span> <span class='ocrx_word' id='word_1_402' title='bbox 3334 1596 3470 1652; x_wconf 78' lang='grc' dir='ltr'>ὥστε</span> <span class='ocrx_word' id='word_1_403' title='bbox 3529 1597 3692 1672; x_wconf 72' lang='grc' dir='ltr'>θάψαι</span> <span class='ocrx_word' id='word_1_404' title='bbox 3751 1599 3813 1653; x_wconf 78' lang='grc' dir='ltr'>τὸ</span> 
     </span>
    </p>
   </div>
   <div class='ocr_carea' id='block_1_56' title="bbox 2165 1683 3807 1762">
    <p class='ocr_par' dir='ltr' id='par_1_56' title="bbox 2165 1683 3807 1762">
     <span class='ocr_line' id='line_1_56' title="bbox 2165 1683 3807 1762; baseline 0.001 -24"><span class='ocrx_word' id='word_1_405' title='bbox 2165 1684 2321 1758; x_wconf 79' lang='grc' dir='ltr'>σῶμα</span> <span class='ocrx_word' id='word_1_406' title='bbox 2377 1686 2557 1761; x_wconf 82' lang='grc' dir='ltr'>αὑτοῦ,</span> <span class='ocrx_word' id='word_1_407' title='bbox 2616 1683 2704 1738; x_wconf 81' lang='grc' dir='ltr'>καὶ</span> <span class='ocrx_word' id='word_1_408' title='bbox 2762 1685 2934 1752; x_wconf 79' lang='grc' dir='ltr'>ζῶντα</span> <span class='ocrx_word' id='word_1_409' title='bbox 2991 1685 3233 1762; x_wconf 81' lang='grc' dir='ltr'>εὑροῦσα,</span> <span class='ocrx_word' id='word_1_410' title='bbox 3282 1687 3412 1762; x_wconf 82' lang='grc' dir='ltr'>πρὸς</span> <span class='ocrx_word' id='word_1_411' title='bbox 3478 1688 3576 1752; x_wconf 75' lang='grc' dir='ltr'>τὴν</span> <span class='ocrx_word' id='word_1_412' title='bbox 3635 1686 3807 1742; x_wconf 79' lang='grc' dir='ltr'>οἰκίαν</span> 
     </span>
    </p>
   </div>
   <div class='ocr_carea' id='block_1_57' title="bbox 2165 1769 3815 1852">
    <p class='ocr_par' dir='ltr' id='par_1_57' title="bbox 2165 1769 3815 1852">
     <span class='ocr_line' id='line_1_57' title="bbox 2165 1769 3815 1852; baseline 0.004 -26"><span class='ocrx_word' id='word_1_413' title='bbox 2165 1771 2442 1850; x_wconf 75' lang='grc' dir='ltr'>ἀπήγαγε,</span> <span class='ocrx_word' id='word_1_414' title='bbox 2490 1772 2576 1828; x_wconf 79' lang='grc' dir='ltr'><strong>καὶ</strong></span> <span class='ocrx_word' id='word_1_415' title='bbox 2619 1769 2683 1826; x_wconf 86' lang='grc' dir='ltr'>δι’</span> <span class='ocrx_word' id='word_1_416' title='bbox 2747 1769 2928 1847; x_wconf 84' lang='grc' dir='ltr'>ὀλίγου</span> <span class='ocrx_word' id='word_1_417' title='bbox 2983 1780 3179 1851; x_wconf 80' lang='grc' dir='ltr'>χρόνου</span> <span class='ocrx_word' id='word_1_418' title='bbox 3237 1775 3296 1829; x_wconf 84' lang='grc' dir='ltr'>τὸ</span> <span class='ocrx_word' id='word_1_419' title='bbox 3360 1774 3612 1852; x_wconf 83' lang='grc' dir='ltr'>ὑγιαίνειν</span> <span class='ocrx_word' id='word_1_420' title='bbox 3668 1779 3815 1848; x_wconf 80' lang='grc' dir='ltr'><strong>αῦτῷ</strong></span> 
     </span>
    </p>
   </div>
   <div class='ocr_carea' id='block_1_58' title="bbox 2168 1859 3811 1940">
    <p class='ocr_par' dir='ltr' id='par_1_58' title="bbox 2168 1859 3811 1940">
     <span class='ocr_line' id='line_1_58' title="bbox 2168 1859 3811 1940; baseline 0.002 -24"><span class='ocrx_word' id='word_1_421' title='bbox 2168 1861 2479 1940; x_wconf 84' lang='grc' dir='ltr'>ἐχαρίσατο.</span> <span class='ocrx_word' id='word_1_422' title='bbox 2529 1861 2677 1924; x_wconf 79' lang='grc' dir='ltr'>Τινὲς</span> <span class='ocrx_word' id='word_1_423' title='bbox 2721 1859 2774 1915; x_wconf 80' lang='grc' dir='ltr'><strong>δὲ</strong></span> <span class='ocrx_word' id='word_1_424' title='bbox 2821 1862 2925 1917; x_wconf 84' lang='grc' dir='ltr'>τῶν</span> <span class='ocrx_word' id='word_1_425' title='bbox 2978 1869 3306 1938; x_wconf 74' lang='grc' dir='ltr'>Χριστιανῶν</span> <span class='ocrx_word' id='word_1_426' title='bbox 3355 1870 3509 1920; x_wconf 86' lang='grc' dir='ltr'>τοῦτο</span> <span class='ocrx_word' id='word_1_427' title='bbox 3553 1863 3811 1939; x_wconf 82' lang='grc' dir='ltr'>μαθόντες</span> 
     </span>
    </p>
   </div>
   <div class='ocr_carea' id='block_1_59' title="bbox 2166 1949 3816 2032">
    <p class='ocr_par' dir='ltr' id='par_1_59' title="bbox 2166 1949 3816 2032">
     <span class='ocr_line' id='line_1_59' title="bbox 2166 1949 3816 2032; baseline 0.003 -27"><span class='ocrx_word' id='word_1_428' title='bbox 2166 1950 2397 2006; x_wconf 77' lang='grc' dir='ltr'>ἱκέτευον</span> <span class='ocrx_word' id='word_1_429' title='bbox 2450 1949 2648 2027; x_wconf 77' lang='grc' dir='ltr'>ἀπᾶραι</span> <span class='ocrx_word' id='word_1_430' title='bbox 2693 1958 2784 2008; x_wconf 91' lang='grc' dir='ltr'><strong>τοῦ</strong></span> <span class='ocrx_word' id='word_1_431' title='bbox 2828 1950 3038 2029; x_wconf 71' lang='grc' dir='ltr'>ἄστεος,</span> <span class='ocrx_word' id='word_1_432' title='bbox 3085 1950 3179 2006; x_wconf 66' lang='grc' dir='ltr'><strong>ἵνα</strong></span> <span class='ocrx_word' id='word_1_433' title='bbox 3222 1952 3300 2026; x_wconf 77' lang='grc' dir='ltr'>μὴ</span> <span class='ocrx_word' id='word_1_434' title='bbox 3344 1951 3501 2008; x_wconf 77' lang='grc' dir='ltr'>πάλιν</span> <span class='ocrx_word' id='word_1_435' title='bbox 3555 1955 3816 2032; x_wconf 76' lang='grc' dir='ltr'>φωραθεὶς</span> 
     </span>
    </p>
   </div>
   <div class='ocr_carea' id='block_1_60' title="bbox 2166 2032 3817 2116">
    <p class='ocr_par' dir='ltr' id='par_1_60' title="bbox 2166 2032 3817 2116">
     <span class='ocr_line' id='line_1_60' title="bbox 2166 2032 3817 2116; baseline 0.002 -22"><span class='ocrx_word' id='word_1_436' title='bbox 2166 2037 2380 2095; x_wconf 85' lang='grc' dir='ltr'>πλείοσι</span> <span class='ocrx_word' id='word_1_437' title='bbox 2443 2051 2563 2100; x_wconf 76' lang='grc' dir='ltr'>ταῖς</span> <span class='ocrx_word' id='word_1_438' title='bbox 2623 2039 2874 2115; x_wconf 69' lang='grc' dir='ltr'>βασάνοις</span> <span class='ocrx_word' id='word_1_439' title='bbox 2932 2038 3223 2116; x_wconf 74' lang='grc' dir='ltr'>παραδοθῇ.</span> <span class='ocrx_word' id='word_1_440' title='bbox 3299 2032 3357 2098; x_wconf 71' lang='grc' dir='ltr'><strong>Ὀ</strong></span> <span class='ocrx_word' id='word_1_441' title='bbox 3416 2039 3470 2096; x_wconf 76' lang='grc' dir='ltr'>δὲ</span> <span class='ocrx_word' id='word_1_442' title='bbox 3535 2045 3594 2100; x_wconf 79' lang='grc' dir='ltr'><strong>οὑ</strong></span> <span class='ocrx_word' id='word_1_443' title='bbox 3650 2045 3817 2116; x_wconf 83' lang='grc' dir='ltr'>μόνον</span> 
     </span>
    </p>
   </div>
   <div class='ocr_carea' id='block_1_61' title="bbox 2171 2127 3817 2208">
    <p class='ocr_par' dir='ltr' id='par_1_61' title="bbox 2171 2127 3817 2208">
     <span class='ocr_line' id='line_1_61' title="bbox 2171 2127 3817 2208; baseline 0.003 -22"><span class='ocrx_word' id='word_1_444' title='bbox 2171 2131 2266 2186; x_wconf 80' lang='grc' dir='ltr'><strong>οὒκ</strong></span> <span class='ocrx_word' id='word_1_445' title='bbox 2310 2127 2619 2205; x_wconf 78' lang='grc' dir='ltr'>ἐκρύπτετο,</span> <span class='ocrx_word' id='word_1_446' title='bbox 2674 2128 2810 2185; x_wconf 80' lang='grc' dir='ltr'>ἀλλὰ</span> <span class='ocrx_word' id='word_1_447' title='bbox 2861 2131 2946 2186; x_wconf 85' lang='grc' dir='ltr'><strong>καὶ</strong></span> <span class='ocrx_word' id='word_1_448' title='bbox 2979 2130 3064 2186; x_wconf 74' lang='grc' dir='ltr'>ἰπί</span> <span class='ocrx_word' id='word_1_449' title='bbox 3095 2152 3240 2195; x_wconf 89' lang='grc' dir='ltr'>τινος</span> <span class='ocrx_word' id='word_1_450' title='bbox 3297 2128 3564 2206; x_wconf 84' lang='grc' dir='ltr'>δωματίου</span> <span class='ocrx_word' id='word_1_451' title='bbox 3604 2131 3817 2208; x_wconf 80' lang='grc' dir='ltr'>ὑψηλοῦ</span> 
     </span>
    </p>
   </div>
   <div class='ocr_carea' id='block_1_62' title="bbox 2173 2218 3813 2300">
    <p class='ocr_par' dir='ltr' id='par_1_62' title="bbox 2173 2218 3813 2300">
     <span class='ocr_line' id='line_1_62' title="bbox 2173 2218 3813 2300; baseline 0.002 -26"><span class='ocrx_word' id='word_1_452' title='bbox 2173 2219 2323 2290; x_wconf 76' lang='grc' dir='ltr'>στὰς,</span> <span class='ocrx_word' id='word_1_453' title='bbox 2393 2224 2638 2294; x_wconf 77' lang='grc' dir='ltr'>παριοῦσι</span> <span class='ocrx_word' id='word_1_454' title='bbox 2691 2233 2810 2282; x_wconf 79' lang='grc' dir='ltr'>τοῖς</span> <span class='ocrx_word' id='word_1_455' title='bbox 2887 2218 3189 2296; x_wconf 79' lang='grc' dir='ltr'>βασιλεῦσιν</span> <span class='ocrx_word' id='word_1_456' title='bbox 3261 2219 3510 2286; x_wconf 74' lang='grc' dir='ltr'>επίδηλος</span> <span class='ocrx_word' id='word_1_457' title='bbox 3587 2225 3813 2300; x_wconf 84' lang='grc' dir='ltr'>γίνεται,</span> 
     </span>
    </p>
   </div>
   <div class='ocr_carea' id='block_1_63' title="bbox 2167 2305 3812 2388">
    <p class='ocr_par' dir='ltr' id='par_1_63' title="bbox 2167 2305 3812 2388">
     <span class='ocr_line' id='line_1_63' title="bbox 2167 2305 3812 2388; baseline 0.002 -23"><span class='ocrx_word' id='word_1_458' title='bbox 2167 2315 2362 2365; x_wconf 87' lang='grc' dir='ltr'>Τοῦτον</span> <span class='ocrx_word' id='word_1_459' title='bbox 2450 2305 2572 2364; x_wconf 80' lang='grc' dir='ltr'>ἰδὼν</span> <span class='ocrx_word' id='word_1_460' title='bbox 2659 2307 3040 2375; x_wconf 82' lang='grc' dir='ltr'>Διοκλητιανὸς</span> <span class='ocrx_word' id='word_1_461' title='bbox 3139 2311 3226 2365; x_wconf 84' lang='grc' dir='ltr'><strong>καὶ</strong></span> <span class='ocrx_word' id='word_1_462' title='bbox 3295 2310 3812 2388; x_wconf 72' lang='grc' dir='ltr'>μεταπεμψάμενος,</span> 
     </span>
    </p>
   </div>
   <div class='ocr_carea' id='block_1_64' title="bbox 2166 2394 3815 2474">
    <p class='ocr_par' dir='ltr' id='par_1_64' title="bbox 2166 2394 3815 2474">
     <span class='ocr_line' id='line_1_64' title="bbox 2166 2394 3815 2474; baseline 0.003 -24"><span class='ocrx_word' id='word_1_463' title='bbox 2166 2395 2308 2473; x_wconf 83' lang='grc' dir='ltr'>λέγει</span> <span class='ocrx_word' id='word_1_464' title='bbox 2371 2397 2512 2469; x_wconf 82' lang='grc' dir='ltr'><strong>αὑτῷ</strong></span> <span class='ocrx_word' id='word_1_465' title='bbox 2546 2415 2562 2432; x_wconf 80' lang='grc' dir='ltr'><strong>ο</strong></span> <span class='ocrx_word' id='word_1_466' title='bbox 2623 2397 2694 2454; x_wconf 81' lang='grc' dir='ltr'>Οὑ</span> <span class='ocrx_word' id='word_1_467' title='bbox 2753 2398 2814 2452; x_wconf 84' lang='grc' dir='ltr'><strong>σὺ</strong></span> <span class='ocrx_word' id='word_1_468' title='bbox 2874 2401 2929 2454; x_wconf 82' lang='grc' dir='ltr'>εἴ</span> <span class='ocrx_word' id='word_1_469' title='bbox 2985 2394 3360 2468; x_wconf 77' lang='grc' dir='ltr'>Σεϐαστιανὸς,</span> <span class='ocrx_word' id='word_1_470' title='bbox 3395 2401 3454 2454; x_wconf 85' lang='grc' dir='ltr'>ὃν</span> <span class='ocrx_word' id='word_1_471' title='bbox 3492 2401 3652 2474; x_wconf 73' lang='grc' dir='ltr'>ἡμεῖς</span> <span class='ocrx_word' id='word_1_472' title='bbox 3711 2398 3815 2467; x_wconf 76' lang='grc' dir='ltr'>ἤδη</span> 
     </span>
    </p>
   </div>
   <div class='ocr_carea' id='block_1_65' title="bbox 2168 2485 3814 2564">
    <p class='ocr_par' dir='ltr' id='par_1_65' title="bbox 2168 2485 3814 2564">
     <span class='ocr_line' id='line_1_65' title="bbox 2168 2485 3814 2564; baseline 0.003 -24"><span class='ocrx_word' id='word_1_473' title='bbox 2168 2485 2421 2564; x_wconf 85' lang='grc' dir='ltr'>πρότερον</span> <span class='ocrx_word' id='word_1_474' title='bbox 2480 2485 2872 2554; x_wconf 76' lang='grc' dir='ltr'>ἀποκτανθῆναι</span> <span class='ocrx_word' id='word_1_475' title='bbox 2943 2501 3060 2548; x_wconf 76' lang='grc' dir='ltr'>τοῖς</span> <span class='ocrx_word' id='word_1_476' title='bbox 3133 2486 3342 2564; x_wconf 77' lang='grc' dir='ltr'>βέλεσιν</span> <span class='ocrx_word' id='word_1_477' title='bbox 3402 2487 3814 2564; x_wconf 67' lang='grc' dir='ltr'>ἐκελεύσαμεν,</span> 
     </span>
    </p>
   </div>
   <div class='ocr_carea' id='block_1_66' title="bbox 2171 2565 3815 2656">
    <p class='ocr_par' dir='ltr' id='par_1_66' title="bbox 2171 2565 3815 2656">
     <span class='ocr_line' id='line_1_66' title="bbox 2171 2565 3815 2656; baseline 0.002 -25"><span class='ocrx_word' id='word_1_478' title='bbox 2171 2565 2230 2631; x_wconf 63' lang='grc' dir='ltr'><strong>Ὀ</strong></span> <span class='ocrx_word' id='word_1_479' title='bbox 2275 2574 2353 2651; x_wconf 80' lang='grc' dir='ltr'>δὲ,</span> <span class='ocrx_word' id='word_1_480' title='bbox 2421 2575 2563 2650; x_wconf 85' lang='grc' dir='ltr'><strong>Ἐγώ</strong></span> <span class='ocrx_word' id='word_1_481' title='bbox 2628 2577 2758 2650; x_wconf 74' lang='grc' dir='ltr'>εἶμι,</span> <span class='ocrx_word' id='word_1_482' title='bbox 2818 2575 3060 2653; x_wconf 82' lang='grc' dir='ltr'>βασιλεῦ,</span> <span class='ocrx_word' id='word_1_483' title='bbox 3108 2575 3233 2656; x_wconf 75' lang='grc' dir='ltr'>ἔφη,</span> <span class='ocrx_word' id='word_1_484' title='bbox 3295 2578 3381 2633; x_wconf 87' lang='grc' dir='ltr'><strong>καὶ</strong></span> <span class='ocrx_word' id='word_1_485' title='bbox 3427 2575 3608 2655; x_wconf 70' lang='grc' dir='ltr'>ἤγειρέ</span> <span class='ocrx_word' id='word_1_486' title='bbox 3665 2599 3735 2653; x_wconf 87' lang='grc' dir='ltr'><strong>με</strong></span> <span class='ocrx_word' id='word_1_487' title='bbox 3787 2580 3815 2634; x_wconf 79' lang='grc' dir='ltr'>ὁ</span> 
     </span>
    </p>
   </div>
   <div class='ocr_carea' id='block_1_67' title="bbox 2173 2663 3815 2743">
    <p class='ocr_par' dir='ltr' id='par_1_67' title="bbox 2173 2663 3815 2743">
     <span class='ocr_line' id='line_1_67' title="bbox 2173 2663 3815 2743; baseline 0.002 -23"><span class='ocrx_word' id='word_1_488' title='bbox 2173 2664 2358 2742; x_wconf 80' lang='grc' dir='ltr'>Κύριος</span> <span class='ocrx_word' id='word_1_489' title='bbox 2392 2685 2492 2738; x_wconf 56' lang='grc' dir='ltr'>μου</span> <span class='ocrx_word' id='word_1_490' title='bbox 2527 2663 2586 2720; x_wconf 73' lang='grc' dir='ltr'>ἐκ</span> <span class='ocrx_word' id='word_1_491' title='bbox 2629 2671 2734 2720; x_wconf 87' lang='grc' dir='ltr'><strong>τῶν</strong></span> <span class='ocrx_word' id='word_1_492' title='bbox 2779 2672 2977 2741; x_wconf 63' lang='grc' dir='ltr'>νεκρῶν</span> <span class='ocrx_word' id='word_1_493' title='bbox 3020 2665 3110 2720; x_wconf 72' lang='grc' dir='ltr'><strong>ἵνα</strong></span> <span class='ocrx_word' id='word_1_494' title='bbox 3143 2667 3281 2743; x_wconf 78' lang='grc' dir='ltr'>γνῷς</span> <span class='ocrx_word' id='word_1_495' title='bbox 3327 2664 3406 2723; x_wconf 78' lang='grc' dir='ltr'>ὅτι</span> <span class='ocrx_word' id='word_1_496' title='bbox 3463 2667 3615 2732; x_wconf 83' lang='grc' dir='ltr'>οὗτός</span> <span class='ocrx_word' id='word_1_497' title='bbox 3674 2666 3815 2724; x_wconf 77' lang='grc' dir='ltr'>ἐστιν</span> 
     </span>
    </p>
   </div>
   <div class='ocr_carea' id='block_1_68' title="bbox 2169 2753 3818 2836">
    <p class='ocr_par' dir='ltr' id='par_1_68' title="bbox 2169 2753 3818 2836">
     <span class='ocr_line' id='line_1_68' title="bbox 2169 2753 3818 2836; baseline 0.004 -29"><span class='ocrx_word' id='word_1_498' title='bbox 2169 2753 2197 2807; x_wconf 78' lang='grc' dir='ltr'><em>ὃ</em></span> <span class='ocrx_word' id='word_1_499' title='bbox 2241 2753 2452 2808; x_wconf 78' lang='grc' dir='ltr'>πάντων</span> <span class='ocrx_word' id='word_1_500' title='bbox 2498 2753 2650 2827; x_wconf 80' lang='grc' dir='ltr'>Θεὸς,</span> <span class='ocrx_word' id='word_1_501' title='bbox 2697 2753 2791 2810; x_wconf 74' lang='grc' dir='ltr'>καὶ</span> <span class='ocrx_word' id='word_1_502' title='bbox 2837 2755 3030 2829; x_wconf 77' lang='grc' dir='ltr'>μηκέτι</span> <span class='ocrx_word' id='word_1_503' title='bbox 3061 2755 3340 2834; x_wconf 75' lang='grc' dir='ltr'>προσέχῃς</span> <span class='ocrx_word' id='word_1_504' title='bbox 3399 2768 3518 2821; x_wconf 75' lang='grc' dir='ltr'>τοῖς</span> <span class='ocrx_word' id='word_1_505' title='bbox 3577 2755 3818 2836; x_wconf 79' lang='grc' dir='ltr'>ἀκαθάρ-</span> 
     </span>
    </p>
   </div>
   <div class='ocr_carea' id='block_1_69' title="bbox 2168 2840 3818 2923">
    <p class='ocr_par' dir='ltr' id='par_1_69' title="bbox 2168 2840 3818 2923">
     <span class='ocr_line' id='line_1_69' title="bbox 2168 2840 3818 2923; baseline 0.004 -27"><span class='ocrx_word' id='word_1_506' title='bbox 2168 2863 2280 2904; x_wconf 89' lang='grc' dir='ltr'>τοις</span> <span class='ocrx_word' id='word_1_507' title='bbox 2341 2840 2573 2916; x_wconf 87' lang='grc' dir='ltr'>δαίμοσι.</span> <span class='ocrx_word' id='word_1_508' title='bbox 2626 2845 2754 2901; x_wconf 72' lang='grc' dir='ltr'>Τότε</span> <span class='ocrx_word' id='word_1_509' title='bbox 2799 2843 3000 2899; x_wconf 76' lang='grc' dir='ltr'>κελεύει</span> <span class='ocrx_word' id='word_1_510' title='bbox 3043 2843 3296 2921; x_wconf 73' lang='grc' dir='ltr'>ῥοπάλοις</span> <span class='ocrx_word' id='word_1_511' title='bbox 3355 2844 3496 2901; x_wconf 71' lang='grc' dir='ltr'>ἅπαν</span> <span class='ocrx_word' id='word_1_512' title='bbox 3554 2845 3614 2900; x_wconf 82' lang='grc' dir='ltr'>τὸ</span> <span class='ocrx_word' id='word_1_513' title='bbox 3659 2848 3818 2923; x_wconf 78' lang='grc' dir='ltr'>σῶμα</span> 
     </span>
    </p>
   </div>
   <div class='ocr_carea' id='block_1_70' title="bbox 2167 2929 3609 3011">
    <p class='ocr_par' dir='ltr' id='par_1_70' title="bbox 2167 2929 3609 3011">
     <span class='ocr_line' id='line_1_70' title="bbox 2167 2929 3609 3011; baseline 0.002 -24"><span class='ocrx_word' id='word_1_514' title='bbox 2167 2929 2550 2996; x_wconf 79' lang='grc' dir='ltr'>καταξανθέντα</span> <span class='ocrx_word' id='word_1_515' title='bbox 2580 2933 2671 2989; x_wconf 79' lang='grc' dir='ltr'><strong>τὸν</strong></span> <span class='ocrx_word' id='word_1_516' title='bbox 2699 2932 2874 3011; x_wconf 73' lang='grc' dir='ltr'>ἅγιον,</span> <span class='ocrx_word' id='word_1_517' title='bbox 2909 2932 3047 2990; x_wconf 79' lang='grc' dir='ltr'>οὕτω</span> <span class='ocrx_word' id='word_1_518' title='bbox 3076 2934 3261 3008; x_wconf 82' lang='grc' dir='ltr'>βιαίως</span> <span class='ocrx_word' id='word_1_519' title='bbox 3294 2935 3609 2996; x_wconf 77' lang='grc' dir='ltr'>ἀποθανεῖν,</span> 
     </span>
    </p>
   </div>
   <div class='ocr_carea' id='block_1_71' title="bbox 2256 3195 3812 3280">
    <p class='ocr_par' dir='ltr' id='par_1_71' title="bbox 2256 3195 3812 3280">
     <span class='ocr_line' id='line_1_71' title="bbox 2256 3195 3812 3280; baseline 0.004 -25"><span class='ocrx_word' id='word_1_520' title='bbox 2256 3195 2388 3260; x_wconf 80' lang='grc' dir='ltr'><strong>ΚΔ’.</strong></span> <span class='ocrx_word' id='word_1_521' title='bbox 2451 3198 2551 3255; x_wconf 78' lang='grc' dir='ltr'>Καὶ</span> <span class='ocrx_word' id='word_1_522' title='bbox 2609 3199 2744 3272; x_wconf 81' lang='grc' dir='ltr'>μετὰ</span> <span class='ocrx_word' id='word_1_523' title='bbox 2799 3199 2897 3266; x_wconf 78' lang='grc' dir='ltr'><strong>τὴν</strong></span> <span class='ocrx_word' id='word_1_524' title='bbox 2952 3200 3137 3257; x_wconf 87' lang='grc' dir='ltr'>τούτου</span> <span class='ocrx_word' id='word_1_525' title='bbox 3187 3199 3442 3270; x_wconf 73' lang='grc' dir='ltr'>τελεῦτὴν</span> <span class='ocrx_word' id='word_1_526' title='bbox 3497 3203 3542 3258; x_wconf 71' lang='grc' dir='ltr'>οἱ</span> <span class='ocrx_word' id='word_1_527' title='bbox 3573 3204 3671 3280; x_wconf 81' lang='grc' dir='ltr'>μὲν</span> <span class='ocrx_word' id='word_1_528' title='bbox 3701 3204 3812 3263; x_wconf 84' lang='grc' dir='ltr'>ὑπ-</span> 
     </span>
    </p>
   </div>
   <div class='ocr_carea' id='block_1_72' title="bbox 2170 3287 3819 3369">
    <p class='ocr_par' dir='ltr' id='par_1_72' title="bbox 2170 3287 3819 3369">
     <span class='ocr_line' id='line_1_72' title="bbox 2170 3287 3819 3369; baseline 0.007 -27"><span class='ocrx_word' id='word_1_529' title='bbox 2170 3287 2379 3366; x_wconf 82' lang='grc' dir='ltr'>ηρέται,</span> <span class='ocrx_word' id='word_1_530' title='bbox 2431 3293 2525 3343; x_wconf 89' lang='grc' dir='ltr'><strong>τοῦ</strong></span> <span class='ocrx_word' id='word_1_531' title='bbox 2575 3289 2826 3367; x_wconf 62' lang='grc' dir='ltr'>τυράννου</span> <span class='ocrx_word' id='word_1_532' title='bbox 2888 3288 3281 3368; x_wconf 78' lang='grc' dir='ltr'>κελεύσαντος,</span> <span class='ocrx_word' id='word_1_533' title='bbox 3342 3294 3404 3348; x_wconf 79' lang='grc' dir='ltr'>τὸ</span> <span class='ocrx_word' id='word_1_534' title='bbox 3464 3298 3617 3369; x_wconf 82' lang='grc' dir='ltr'>σῶμα</span> <span class='ocrx_word' id='word_1_535' title='bbox 3660 3294 3819 3353; x_wconf 80' lang='grc' dir='ltr'>αὑτοῦ</span> 
     </span>
    </p>
   </div>
   <div class='ocr_carea' id='block_1_73' title="bbox 2172 3376 3819 3460">
    <p class='ocr_par' dir='ltr' id='par_1_73' title="bbox 2172 3376 3819 3460">
     <span class='ocr_line' id='line_1_73' title="bbox 2172 3376 3819 3460; baseline 0.005 -28"><span class='ocrx_word' id='word_1_536' title='bbox 2172 3378 2373 3456; x_wconf 86' lang='grc' dir='ltr'>νύκτωρ</span> <span class='ocrx_word' id='word_1_537' title='bbox 2417 3376 2659 3454; x_wconf 73' lang='grc' dir='ltr'>ἄραντες,</span> <span class='ocrx_word' id='word_1_538' title='bbox 2719 3378 2804 3444; x_wconf 77' lang='grc' dir='ltr'><strong>εἷς</strong></span> <span class='ocrx_word' id='word_1_539' title='bbox 2848 3399 2965 3437; x_wconf 88' lang='grc' dir='ltr'>τινα</span> <span class='ocrx_word' id='word_1_540' title='bbox 3009 3382 3114 3437; x_wconf 82' lang='grc' dir='ltr'><strong>τῶν</strong></span> <span class='ocrx_word' id='word_1_541' title='bbox 3183 3381 3468 3457; x_wconf 82' lang='grc' dir='ltr'>ὑπονόμων</span> <span class='ocrx_word' id='word_1_542' title='bbox 3521 3383 3819 3460; x_wconf 79' lang='grc' dir='ltr'>ῥίπτουσιν,</span> 
     </span>
    </p>
   </div>
   <div class='ocr_carea' id='block_1_74' title="bbox 2171 3465 3820 3546">
    <p class='ocr_par' dir='ltr' id='par_1_74' title="bbox 2171 3465 3820 3546">
     <span class='ocr_line' id='line_1_74' title="bbox 2171 3465 3820 3546; baseline 0.007 -25"><span class='ocrx_word' id='word_1_543' title='bbox 2171 3465 2264 3522; x_wconf 72' lang='grc' dir='ltr'>’ίνα</span> <span class='ocrx_word' id='word_1_544' title='bbox 2323 3467 2399 3542; x_wconf 78' lang='grc' dir='ltr'><strong>μὴ</strong></span> <span class='ocrx_word' id='word_1_545' title='bbox 2431 3467 2672 3542; x_wconf 88' lang='grc' dir='ltr'>θαύματα</span> <span class='ocrx_word' id='word_1_546' title='bbox 2715 3467 2898 3525; x_wconf 89' lang='grc' dir='ltr'>τελοῦν</span> <span class='ocrx_word' id='word_1_547' title='bbox 2940 3469 3035 3525; x_wconf 79' lang='grc' dir='ltr'>καῖ</span> <span class='ocrx_word' id='word_1_548' title='bbox 3069 3471 3201 3546; x_wconf 82' lang='grc' dir='ltr'>μετᾶ</span> <span class='ocrx_word' id='word_1_549' title='bbox 3234 3471 3331 3538; x_wconf 76' lang='grc' dir='ltr'>τὴν</span> <span class='ocrx_word' id='word_1_550' title='bbox 3363 3469 3618 3544; x_wconf 77' lang='grc' dir='ltr'>διάζευξιν</span> <span class='ocrx_word' id='word_1_551' title='bbox 3676 3473 3820 3532; x_wconf 90' lang='grc' dir='ltr'>πολ-</span> 
     </span>
    </p>
   </div>
   <div class='ocr_carea' id='block_1_75' title="bbox 2173 3553 3818 3641">
    <p class='ocr_par' dir='ltr' id='par_1_75' title="bbox 2173 3553 3818 3641">
     <span class='ocr_line' id='line_1_75' title="bbox 2173 3553 3818 3641; baseline 0.007 -31"><span class='ocrx_word' id='word_1_552' title='bbox 2173 3553 2296 3617; x_wconf 84' lang='grc' dir='ltr'><strong>λοὺς</strong></span> <span class='ocrx_word' id='word_1_553' title='bbox 2355 3556 2638 3633; x_wconf 80' lang='grc' dir='ltr'>ἀποστήσῃ</span> <span class='ocrx_word' id='word_1_554' title='bbox 2697 3558 2804 3614; x_wconf 81' lang='grc' dir='ltr'><strong>τῶν</strong></span> <span class='ocrx_word' id='word_1_555' title='bbox 2861 3557 3114 3622; x_wconf 65' lang='grc' dir='ltr'>εἰδώλων,</span> <span class='ocrx_word' id='word_1_556' title='bbox 3173 3559 3232 3618; x_wconf 88' lang='grc' dir='ltr'>Ὀ</span> <span class='ocrx_word' id='word_1_557' title='bbox 3283 3558 3336 3616; x_wconf 78' lang='grc' dir='ltr'><strong>δὲ</strong></span> <span class='ocrx_word' id='word_1_558' title='bbox 3371 3563 3633 3641; x_wconf 85' lang='grc' dir='ltr'>μακάριος</span> <span class='ocrx_word' id='word_1_559' title='bbox 3665 3566 3818 3630; x_wconf 81' lang='grc' dir='ltr'>οὗτος</span> 
     </span>
    </p>
   </div>
   <div class='ocr_carea' id='block_1_76' title="bbox 2175 3645 3819 3733">
    <p class='ocr_par' dir='ltr' id='par_1_76' title="bbox 2175 3645 3819 3733">
     <span class='ocr_line' id='line_1_76' title="bbox 2175 3645 3819 3733; baseline 0.007 -34"><span class='ocrx_word' id='word_1_560' title='bbox 2175 3645 2358 3710; x_wconf 80' lang='grc' dir='ltr'>νυκτὸς</span> <span class='ocrx_word' id='word_1_561' title='bbox 2391 3646 2597 3722; x_wconf 76' lang='grc' dir='ltr'>γυναικί</span> <span class='ocrx_word' id='word_1_562' title='bbox 2624 3669 2726 3703; x_wconf 88' lang='grc' dir='ltr'>τινι</span> <span class='ocrx_word' id='word_1_563' title='bbox 2758 3649 2862 3705; x_wconf 80' lang='grc' dir='ltr'><strong>τῶν</strong></span> <span class='ocrx_word' id='word_1_564' title='bbox 2911 3647 3194 3725; x_wconf 76' lang='grc' dir='ltr'>ἐπισήμων</span> <span class='ocrx_word' id='word_1_565' title='bbox 3252 3651 3339 3706; x_wconf 83' lang='grc' dir='ltr'>καὶ</span> <span class='ocrx_word' id='word_1_566' title='bbox 3389 3649 3617 3708; x_wconf 72' lang='grc' dir='ltr'>εὐσεϐῶν</span> <span class='ocrx_word' id='word_1_567' title='bbox 3653 3651 3819 3733; x_wconf 83' lang='grc' dir='ltr'>(Λου-</span> 
     </span>
    </p>
   </div>
   <div class='ocr_carea' id='block_1_77' title="bbox 2173 3734 3818 3820">
    <p class='ocr_par' dir='ltr' id='par_1_77' title="bbox 2173 3734 3818 3820">
     <span class='ocr_line' id='line_1_77' title="bbox 2173 3734 3818 3820; baseline 0.007 -32"><span class='ocrx_word' id='word_1_568' title='bbox 2173 3734 2294 3800; x_wconf 89' lang='grc' dir='ltr'>κίνη</span> <span class='ocrx_word' id='word_1_569' title='bbox 2377 3734 2568 3813; x_wconf 75' lang='grc' dir='ltr'>ὄνομα)</span> <span class='ocrx_word' id='word_1_570' title='bbox 2629 3737 2947 3810; x_wconf 67' lang='grc' dir='ltr'>επιφανεὶς,</span> <span class='ocrx_word' id='word_1_571' title='bbox 3035 3735 3179 3815; x_wconf 85' lang='grc' dir='ltr'>λέγει</span> <span class='ocrx_word' id='word_1_572' title='bbox 3263 3742 3398 3816; x_wconf 74' lang='grc' dir='ltr'>αὑτῇ</span> <span class='ocrx_word' id='word_1_573' title='bbox 3435 3755 3450 3770; x_wconf 89' lang='lat'><strong><em>°</em></strong></span> <span class='ocrx_word' id='word_1_574' title='bbox 3529 3743 3818 3820; x_wconf 81' lang='grc' dir='ltr'>Πορεύθητι</span> 
     </span>
    </p>
   </div>
   <div class='ocr_carea' id='block_1_78' title="bbox 2174 3820 3815 3908">
    <p class='ocr_par' dir='ltr' id='par_1_78' title="bbox 2174 3820 3815 3908">
     <span class='ocr_line' id='line_1_78' title="bbox 2174 3820 3815 3908; baseline 0.007 -30"><span class='ocrx_word' id='word_1_575' title='bbox 2174 3823 2312 3879; x_wconf 76' lang='grc' dir='ltr'>κατὰ</span> <span class='ocrx_word' id='word_1_576' title='bbox 2369 3820 2517 3880; x_wconf 85' lang='grc' dir='ltr'>τόνδε</span> <span class='ocrx_word' id='word_1_577' title='bbox 2557 3825 2646 3880; x_wconf 74' lang='grc' dir='ltr'><strong>τὸν</strong></span> <span class='ocrx_word' id='word_1_578' title='bbox 2690 3827 2875 3900; x_wconf 84' lang='grc' dir='ltr'>τόπον,</span> <span class='ocrx_word' id='word_1_579' title='bbox 2935 3827 3021 3883; x_wconf 76' lang='grc' dir='ltr'><strong>καὶ</strong></span> <span class='ocrx_word' id='word_1_580' title='bbox 3079 3825 3312 3884; x_wconf 83' lang='grc' dir='ltr'>λαϐοῦσα</span> <span class='ocrx_word' id='word_1_581' title='bbox 3359 3830 3422 3886; x_wconf 81' lang='grc' dir='ltr'><strong>τὸ</strong></span> <span class='ocrx_word' id='word_1_582' title='bbox 3477 3836 3634 3906; x_wconf 78' lang='grc' dir='ltr'>σῶμα</span> <span class='ocrx_word' id='word_1_583' title='bbox 3691 3856 3815 3908; x_wconf 60' lang='lat' dir='ltr'><strong>pou,</strong></span> 
     </span>
    </p>
   </div>
   <div class='ocr_carea' id='block_1_79' title="bbox 2172 3912 3819 3994">
    <p class='ocr_par' dir='ltr' id='par_1_79' title="bbox 2172 3912 3819 3994">
     <span class='ocr_line' id='line_1_79' title="bbox 2172 3912 3819 3994; baseline 0.006 -26"><span class='ocrx_word' id='word_1_584' title='bbox 2172 3912 2342 3987; x_wconf 78' lang='grc' dir='ltr'>θάψον</span> <span class='ocrx_word' id='word_1_585' title='bbox 2395 3918 2462 3990; x_wconf 73' lang='grc' dir='ltr'>τῇ</span> <span class='ocrx_word' id='word_1_586' title='bbox 2519 3913 2734 3994; x_wconf 66' lang='grc' dir='ltr'>Κρυπτῇ</span> <span class='ocrx_word' id='word_1_587' title='bbox 2791 3913 3059 3994; x_wconf 76' lang='grc' dir='ltr'>λεγομένῃ</span> <span class='ocrx_word' id='word_1_588' title='bbox 3105 3917 3246 3989; x_wconf 80' lang='grc' dir='ltr'>παρὰ</span> <span class='ocrx_word' id='word_1_589' title='bbox 3301 3918 3425 3984; x_wconf 78' lang='grc' dir='ltr'>τοὺς</span> <span class='ocrx_word' id='word_1_590' title='bbox 3487 3919 3654 3985; x_wconf 82' lang='grc' dir='ltr'>πόδας</span> <span class='ocrx_word' id='word_1_591' title='bbox 3711 3928 3819 3978; x_wconf 87' lang='grc' dir='ltr'><strong>τῶν</strong></span> 
     </span>
    </p>
   </div>
   <div class='ocr_carea' id='block_1_80' title="bbox 2173 3993 3818 4089">
    <p class='ocr_par' dir='ltr' id='par_1_80' title="bbox 2173 3993 3818 4089">
     <span class='ocr_line' id='line_1_80' title="bbox 2173 3993 3818 4089; baseline 0.006 -33"><span class='ocrx_word' id='word_1_592' title='bbox 2173 4000 2510 4064; x_wconf 79' lang='grc' dir='ltr'>ἀποστόλων.</span> <span class='ocrx_word' id='word_1_593' title='bbox 2549 3993 2612 4058; x_wconf 70' lang='grc' dir='ltr'><strong>Ἠ</strong></span> <span class='ocrx_word' id='word_1_594' title='bbox 2655 4000 2709 4058; x_wconf 78' lang='grc' dir='ltr'><strong>δὲ</strong></span> <span class='ocrx_word' id='word_1_595' title='bbox 2765 3993 3037 4061; x_wconf 84' lang='grc' dir='ltr'>ἀναστασα</span> <span class='ocrx_word' id='word_1_596' title='bbox 3093 4005 3186 4062; x_wconf 71' lang='grc' dir='ltr'>καὶ</span> <span class='ocrx_word' id='word_1_597' title='bbox 3249 4007 3511 4084; x_wconf 79' lang='grc' dir='ltr'>γενομένη</span> <span class='ocrx_word' id='word_1_598' title='bbox 3560 4009 3694 4089; x_wconf 83' lang='grc' dir='ltr'>πρός</span> <span class='ocrx_word' id='word_1_599' title='bbox 3727 4012 3818 4067; x_wconf 80' lang='grc' dir='ltr'><strong>τὸν</strong></span> 
     </span>
    </p>
   </div>
   <div class='ocr_carea' id='block_1_81' title="bbox 2173 4091 3816 4178">
    <p class='ocr_par' dir='ltr' id='par_1_81' title="bbox 2173 4091 3816 4178">
     <span class='ocr_line' id='line_1_81' title="bbox 2173 4091 3816 4178; baseline 0.004 -33"><span class='ocrx_word' id='word_1_600' title='bbox 2173 4091 2465 4170; x_wconf 85' lang='grc' dir='ltr'>ὑπόνομον,</span> <span class='ocrx_word' id='word_1_601' title='bbox 2522 4092 2650 4170; x_wconf 78' lang='grc' dir='ltr'>ἦρεν</span> <span class='ocrx_word' id='word_1_602' title='bbox 2731 4091 2934 4150; x_wconf 72' lang='grc' dir='ltr'>ἐκεῖθεν</span> <span class='ocrx_word' id='word_1_603' title='bbox 3011 4095 3072 4150; x_wconf 85' lang='grc' dir='ltr'>τὸ</span> <span class='ocrx_word' id='word_1_604' title='bbox 3150 4101 3307 4170; x_wconf 85' lang='grc' dir='ltr'>σῶμα</span> <span class='ocrx_word' id='word_1_605' title='bbox 3362 4105 3457 4154; x_wconf 90' lang='grc' dir='ltr'><strong>τοῦ</strong></span> <span class='ocrx_word' id='word_1_606' title='bbox 3527 4100 3816 4178; x_wconf 70' lang='grc' dir='ltr'>μάρτυρος,</span> 
     </span>
    </p>
   </div>
   <div class='ocr_carea' id='block_1_82' title="bbox 451 4177 2087 4266">
    <p class='ocr_par' dir='ltr' id='par_1_82' title="bbox 451 4177 2087 4266">
     <span class='ocr_line' id='line_1_82' title="bbox 451 4177 2087 4266; baseline 0.002 -30"><span class='ocrx_word' id='word_1_607' title='bbox 451 4177 635 4266; x_wconf 86' lang='lat' dir='ltr'><strong>pedes</strong></span> <span class='ocrx_word' id='word_1_608' title='bbox 661 4180 1086 4259; x_wconf 88' lang='lat' dir='ltr'><strong>apostolorum.</strong></span> <span class='ocrx_word' id='word_1_609' title='bbox 1118 4179 1224 4241; x_wconf 91' lang='lat' dir='ltr'><strong>Illa</strong></span> <span class='ocrx_word' id='word_1_610' title='bbox 1255 4200 1392 4243; x_wconf 89' lang='lat' dir='ltr'><strong>vero</strong></span> <span class='ocrx_word' id='word_1_611' title='bbox 1453 4199 1588 4243; x_wconf 86' lang='lat' dir='ltr'><strong>cum</strong></span> <span class='ocrx_word' id='word_1_612' title='bbox 1651 4180 2006 4241; x_wconf 82' lang='lat' dir='ltr'><strong>surrexisset</strong></span> <span class='ocrx_word' id='word_1_613' title='bbox 2035 4187 2087 4240; x_wconf 90' lang='lat' dir='ltr'><strong>et</strong></span> 
     </span>
    </p>
   </div>
   <div class='ocr_carea' id='block_1_83' title="bbox 2175 4177 3831 4266">
    <p class='ocr_par' dir='ltr' id='par_1_83' title="bbox 2178 4177 3831 4266">
     <span class='ocr_line' id='line_1_83' title="bbox 2178 4177 3831 4266; baseline 0.007 -31"><span class='ocrx_word' id='word_1_614' title='bbox 2178 4182 2264 4236; x_wconf 78' lang='grc' dir='ltr'><strong>καὶ</strong></span> <span class='ocrx_word' id='word_1_615' title='bbox 2325 4180 2438 4237; x_wconf 76' lang='grc' dir='ltr'>καθ’</span> <span class='ocrx_word' id='word_1_616' title='bbox 2497 4179 2558 4235; x_wconf 75' lang='grc' dir='ltr'><strong>ὃν</strong></span> <span class='ocrx_word' id='word_1_617' title='bbox 2607 4179 2793 4250; x_wconf 71' lang='grc' dir='ltr'>εἴρηκε</span> <span class='ocrx_word' id='word_1_618' title='bbox 2850 4184 3014 4239; x_wconf 83' lang='grc' dir='ltr'>τόπον</span> <span class='ocrx_word' id='word_1_619' title='bbox 3063 4185 3090 4239; x_wconf 82' lang='grc' dir='ltr'>ὁ</span> <span class='ocrx_word' id='word_1_620' title='bbox 3152 4186 3349 4266; x_wconf 83' lang='grc' dir='ltr'>μάρτυς</span> <span class='ocrx_word' id='word_1_621' title='bbox 3417 4177 3710 4264; x_wconf 71' lang='grc' dir='ltr'>ἐπιμελῶς</span> <span class='ocrx_word' id='word_1_622' title='bbox 3742 4191 3831 4246; x_wconf 80' lang='grc' dir='ltr'>καὶ</span> 
     </span>
    </p>
   </div>
   <div class='ocr_carea' id='block_1_84' title="bbox 448 4265 2087 4364">
    <p class='ocr_par' dir='ltr' id='par_1_84' title="bbox 448 4265 2087 4364">
     <span class='ocr_line' id='line_1_84' title="bbox 448 4265 2087 4364; baseline 0.002 -39"><span class='ocrx_word' id='word_1_623' title='bbox 448 4265 712 4364; x_wconf 44' lang='lat' dir='ltr'><strong>venisset</strong></span> <span class='ocrx_word' id='word_1_624' title='bbox 743 4267 802 4328; x_wconf 91' lang='lat' dir='ltr'><strong>in</strong></span> <span class='ocrx_word' id='word_1_625' title='bbox 835 4268 1029 4330; x_wconf 91' lang='lat' dir='ltr'><strong>locum</strong></span> <span class='ocrx_word' id='word_1_626' title='bbox 1064 4271 1120 4330; x_wconf 91' lang='lat' dir='ltr'><strong>in</strong></span> <span class='ocrx_word' id='word_1_627' title='bbox 1153 4289 1266 4351; x_wconf 90' lang='lat' dir='ltr'><strong>quo</strong></span> <span class='ocrx_word' id='word_1_628' title='bbox 1299 4277 1426 4332; x_wconf 89' lang='lat' dir='ltr'><strong>erat</strong></span> <span class='ocrx_word' id='word_1_629' title='bbox 1470 4270 1693 4346; x_wconf 88' lang='lat' dir='ltr'><strong>cloaca,</strong></span> <span class='ocrx_word' id='word_1_630' title='bbox 1741 4269 1984 4331; x_wconf 91' lang='lat' dir='ltr'><strong>sustulit</strong></span> <span class='ocrx_word' id='word_1_631' title='bbox 2015 4268 2087 4328; x_wconf 90' lang='lat' dir='ltr'><strong>il-</strong></span> 
     </span>
    </p>
   </div>
   <div class='ocr_carea' id='block_1_85' title="bbox 2175 4265 3828 4364">
    <p class='ocr_par' dir='ltr' id='par_1_85' title="bbox 2176 4267 3828 4364">
     <span class='ocr_line' id='line_1_85' title="bbox 2176 4267 3828 4364; baseline 0.007 -40"><span class='ocrx_word' id='word_1_632' title='bbox 2176 4269 2414 4364; x_wconf 83' lang='grc' dir='ltr'>κοσμίως</span> <span class='ocrx_word' id='word_1_633' title='bbox 2473 4267 2772 4334; x_wconf 78' lang='grc' dir='ltr'>κηδεύσασα</span> <span class='ocrx_word' id='word_1_634' title='bbox 2804 4316 2820 4344; x_wconf 92' lang='grc'><strong>,</strong></span> <span class='ocrx_word' id='word_1_635' title='bbox 2908 4271 3192 4351; x_wconf 84' lang='grc' dir='ltr'>παρέμεινε</span> <span class='ocrx_word' id='word_1_636' title='bbox 3268 4281 3344 4349; x_wconf 83' lang='grc' dir='ltr'>τῷ</span> <span class='ocrx_word' id='word_1_637' title='bbox 3416 4277 3564 4356; x_wconf 77' lang='grc' dir='ltr'>τάφῳ</span> <span class='ocrx_word' id='word_1_638' title='bbox 3621 4279 3828 4358; x_wconf 73' lang='grc' dir='ltr'>ἡμέρας</span> 
     </span>
    </p>
   </div>
   <div class='ocr_carea' id='block_1_86' title="bbox 447 4342 2087 4446">
    <p class='ocr_par' dir='ltr' id='par_1_86' title="bbox 447 4342 2087 4446">
     <span class='ocr_line' id='line_1_86' title="bbox 447 4342 2087 4446; baseline 0.002 -33"><span class='ocrx_word' id='word_1_639' title='bbox 447 4350 569 4446; x_wconf 75' lang='lat' dir='ltr'><strong>Iinc</strong></span> <span class='ocrx_word' id='word_1_640' title='bbox 599 4373 816 4446; x_wconf 79' lang='lat' dir='ltr'><strong>corpus</strong></span> <span class='ocrx_word' id='word_1_641' title='bbox 847 4342 1209 4437; x_wconf 74' lang='lat' dir='ltr'><strong>martyris,et</strong></span> <span class='ocrx_word' id='word_1_642' title='bbox 1230 4377 1364 4420; x_wconf 87' lang='lat' dir='ltr'><strong>cum</strong></span> <span class='ocrx_word' id='word_1_643' title='bbox 1389 4359 1447 4420; x_wconf 89' lang='lat' dir='ltr'><strong>in</strong></span> <span class='ocrx_word' id='word_1_644' title='bbox 1473 4357 1604 4420; x_wconf 90' lang='lat' dir='ltr'><strong>loco</strong></span> <span class='ocrx_word' id='word_1_645' title='bbox 1627 4342 1803 4439; x_wconf 85' lang='lat' dir='ltr'><strong>quem</strong></span> <span class='ocrx_word' id='word_1_646' title='bbox 1838 4357 2087 4436; x_wconf 85' lang='lat' dir='ltr'><strong>dixerat,</strong></span> 
     </span>
    </p>
   </div>
   <div class='ocr_carea' id='block_1_87' title="bbox 2175 4342 3830 4446">
    <p class='ocr_par' dir='ltr' id='par_1_87' title="bbox 2176 4342 3830 4446">
     <span class='ocr_line' id='line_1_87' title="bbox 2176 4342 3830 4446; baseline 0.007 -34"><span class='ocrx_word' id='word_1_647' title='bbox 2176 4342 2483 4446; x_wconf 69' lang='grc' dir='ltr'>τριάκοντα.</span> <span class='ocrx_word' id='word_1_648' title='bbox 2525 4359 2620 4414; x_wconf 81' lang='grc' dir='ltr'><strong>Καὶ</strong></span> <span class='ocrx_word' id='word_1_649' title='bbox 2675 4342 2811 4416; x_wconf 84' lang='grc' dir='ltr'>ποτε</span> <span class='ocrx_word' id='word_1_650' title='bbox 2862 4342 2996 4424; x_wconf 45' lang='grc' dir='ltr'>ταῖς·</span> <span class='ocrx_word' id='word_1_651' title='bbox 3041 4342 3352 4429; x_wconf 40' lang='grc' dir='ltr'>ἐκκλησίαι-ς</span> <span class='ocrx_word' id='word_1_652' title='bbox 3417 4342 3830 4446; x_wconf 41' lang='grc' dir='ltr'>εἰρῆνηςηβραέ</span> 
     </span>
    </p>
   </div>
   <div class='ocr_carea' id='block_1_88' title="bbox 448 4441 2087 4528">
    <p class='ocr_par' dir='ltr' id='par_1_88' title="bbox 448 4441 2087 4528">
     <span class='ocr_line' id='line_1_88' title="bbox 448 4441 2087 4528; baseline 0.002 -26"><span class='ocrx_word' id='word_1_653' title='bbox 448 4441 578 4522; x_wconf 86' lang='lat' dir='ltr'><strong>ipsa</strong></span> <span class='ocrx_word' id='word_1_654' title='bbox 603 4443 924 4522; x_wconf 88' lang='lat' dir='ltr'><strong>diligenter</strong></span> <span class='ocrx_word' id='word_1_655' title='bbox 956 4455 1013 4507; x_wconf 88' lang='lat' dir='ltr'><strong>et</strong></span> <span class='ocrx_word' id='word_1_656' title='bbox 1072 4447 1401 4510; x_wconf 83' lang='lat' dir='ltr'><strong>honoriﬁce</strong></span> <span class='ocrx_word' id='word_1_657' title='bbox 1451 4467 1588 4510; x_wconf 93' lang='lat' dir='ltr'><strong>eum</strong></span> <span class='ocrx_word' id='word_1_658' title='bbox 1621 4448 1974 4528; x_wconf 88' lang='lat' dir='ltr'><strong>sepeliisset,</strong></span> <span class='ocrx_word' id='word_1_659' title='bbox 2019 4444 2087 4506; x_wconf 87' lang='lat' dir='ltr'><strong>ad</strong></span> 
     </span>
    </p>
   </div>
   <div class='ocr_carea' id='block_1_89' title="bbox 2175 4441 3823 4528">
    <p class='ocr_par' dir='ltr' id='par_1_89' title="bbox 2175 4441 3823 4528">
     <span class='ocr_line' id='line_1_89' title="bbox 2175 4441 3823 4528; baseline 0.008 -29"><span class='ocrx_word' id='word_1_660' title='bbox 2175 4442 2444 4513; x_wconf 65' lang='grc' dir='ltr'>ϐεδθείσης</span> <span class='ocrx_word' id='word_1_661' title='bbox 2481 4494 2494 4520; x_wconf 90' lang='grc'><strong>,</strong></span> <span class='ocrx_word' id='word_1_662' title='bbox 2555 4448 2691 4525; x_wconf 75' lang='grc' dir='ltr'>ἱερὸν</span> <span class='ocrx_word' id='word_1_663' title='bbox 2761 4450 3168 4528; x_wconf 74' lang='grc' dir='ltr'>φροντιστήριον</span> <span class='ocrx_word' id='word_1_664' title='bbox 3254 4453 3357 4520; x_wconf 83' lang='grc' dir='ltr'>τὴν</span> <span class='ocrx_word' id='word_1_665' title='bbox 3421 4441 3587 4510; x_wconf 69' lang='grc' dir='ltr'>οὶκίαν</span> <span class='ocrx_word' id='word_1_666' title='bbox 3658 4441 3823 4526; x_wconf 77' lang='grc' dir='ltr'>αὑτῆς</span> 
     </span>
    </p>
   </div>
   <div class='ocr_carea' id='block_1_90' title="bbox 449 4533 2087 4620">
    <p class='ocr_par' dir='ltr' id='par_1_90' title="bbox 449 4533 2087 4618">
     <span class='ocr_line' id='line_1_90' title="bbox 449 4533 2087 4618; baseline 0.001 -26"><span class='ocrx_word' id='word_1_667' title='bbox 449 4533 788 4612; x_wconf 90' lang='lat' dir='ltr'><strong>sepulcrum</strong></span> <span class='ocrx_word' id='word_1_668' title='bbox 822 4537 1152 4614; x_wconf 80' lang='lat' dir='ltr'><strong>permansit</strong></span> <span class='ocrx_word' id='word_1_669' title='bbox 1186 4537 1426 4616; x_wconf 85' lang='lat' dir='ltr'><strong>triginta</strong></span> <span class='ocrx_word' id='word_1_670' title='bbox 1447 4537 1598 4618; x_wconf 84' lang='lat' dir='ltr'><strong>dies;</strong></span> <span class='ocrx_word' id='word_1_671' title='bbox 1625 4547 1688 4598; x_wconf 85' lang='lat' dir='ltr'><strong>et</strong></span> <span class='ocrx_word' id='word_1_672' title='bbox 1711 4555 1847 4600; x_wconf 91' lang='lat' dir='ltr'><strong>cum</strong></span> <span class='ocrx_word' id='word_1_673' title='bbox 1882 4535 2087 4596; x_wconf 86' lang='lat' dir='ltr'><strong>fuisset</strong></span> 
     </span>
    </p>
   </div>
   <div class='ocr_carea' id='block_1_91' title="bbox 2175 4533 3837 4620">
    <p class='ocr_par' dir='ltr' id='par_1_91' title="bbox 2177 4534 3837 4620">
     <span class='ocr_line' id='line_1_91' title="bbox 2177 4534 3837 4620; baseline 0.008 -31"><span class='ocrx_word' id='word_1_674' title='bbox 2177 4538 2541 4611; x_wconf 78' lang='grc' dir='ltr'>ποιησαμένη,</span> <span class='ocrx_word' id='word_1_675' title='bbox 2575 4534 2674 4599; x_wconf 79' lang='grc' dir='ltr'><strong>ἕως</strong></span> <span class='ocrx_word' id='word_1_676' title='bbox 2706 4537 2803 4612; x_wconf 80' lang='grc' dir='ltr'>μὲν</span> <span class='ocrx_word' id='word_1_677' title='bbox 2835 4538 2923 4594; x_wconf 81' lang='grc' dir='ltr'><strong>οὖν</strong></span> <span class='ocrx_word' id='word_1_678' title='bbox 2953 4541 3029 4614; x_wconf 80' lang='grc' dir='ltr'><strong>τῷ</strong></span> <span class='ocrx_word' id='word_1_679' title='bbox 3072 4541 3170 4615; x_wconf 85' lang='grc' dir='ltr'><strong>βίῳ</strong></span> <span class='ocrx_word' id='word_1_680' title='bbox 3227 4549 3422 4618; x_wconf 76' lang='grc' dir='ltr'>περιῆν</span> <span class='ocrx_word' id='word_1_681' title='bbox 3467 4557 3586 4609; x_wconf 81' lang='grc' dir='ltr'>τοῖς</span> <span class='ocrx_word' id='word_1_682' title='bbox 3639 4543 3837 4620; x_wconf 81' lang='grc' dir='ltr'>δεομέ-</span> 
     </span>
    </p>
   </div>
   <div class='ocr_carea' id='block_1_92' title="bbox 451 4621 2087 4709">
    <p class='ocr_par' dir='ltr' id='par_1_92' title="bbox 451 4621 2087 4709">
     <span class='ocr_line' id='line_1_92' title="bbox 451 4621 2087 4709; baseline 0.002 -29"><span class='ocrx_word' id='word_1_683' title='bbox 451 4621 691 4709; x_wconf 85' lang='lat' dir='ltr'><strong>tandem</strong></span> <span class='ocrx_word' id='word_1_684' title='bbox 744 4641 854 4702; x_wconf 80' lang='lat' dir='ltr'><strong>pax</strong></span> <span class='ocrx_word' id='word_1_685' title='bbox 883 4624 1118 4687; x_wconf 84' lang='lat' dir='ltr'><strong>reddita</strong></span> <span class='ocrx_word' id='word_1_686' title='bbox 1151 4627 1446 4701; x_wconf 79' lang='lat' dir='ltr'><strong>ecclesiis,</strong></span> <span class='ocrx_word' id='word_1_687' title='bbox 1502 4628 1602 4688; x_wconf 92' lang='lat' dir='ltr'><strong>illa</strong></span> <span class='ocrx_word' id='word_1_688' title='bbox 1653 4625 1895 4687; x_wconf 89' lang='lat' dir='ltr'><strong>domum</strong></span> <span class='ocrx_word' id='word_1_689' title='bbox 1927 4640 2087 4685; x_wconf 90' lang='lat' dir='ltr'><strong>suam</strong></span> 
     </span>
    </p>
   </div>
   <div class='ocr_carea' id='block_1_93' title="bbox 2175 4621 3834 4709">
    <p class='ocr_par' dir='ltr' id='par_1_93' title="bbox 2180 4624 3834 4709">
     <span class='ocr_line' id='line_1_93' title="bbox 2180 4624 3834 4709; baseline 0.009 -32"><span class='ocrx_word' id='word_1_690' title='bbox 2180 4645 2290 4688; x_wconf 85' lang='grc' dir='ltr'>νοις</span> <span class='ocrx_word' id='word_1_691' title='bbox 2337 4624 2555 4704; x_wconf 81' lang='grc' dir='ltr'>ἐπήρκει</span> <span class='ocrx_word' id='word_1_692' title='bbox 2601 4627 2946 4707; x_wconf 73' lang='grc' dir='ltr'>ἀφθονωτάτῃ</span> <span class='ocrx_word' id='word_1_693' title='bbox 2980 4631 3171 4708; x_wconf 82' lang='grc' dir='ltr'>χειρί·</span> <span class='ocrx_word' id='word_1_694' title='bbox 3233 4630 3541 4690; x_wconf 84' lang='grc' dir='ltr'>τελευτῶσα</span> <span class='ocrx_word' id='word_1_695' title='bbox 3590 4633 3671 4709; x_wconf 78' lang='grc' dir='ltr'>δὲ,</span> <span class='ocrx_word' id='word_1_696' title='bbox 3720 4641 3834 4692; x_wconf 76' lang='grc' dir='ltr'><strong>πᾶ-</strong></span> 
     </span>
    </p>
   </div>
   <div class='ocr_carea' id='block_1_94' title="bbox 448 4707 2087 4801">
    <p class='ocr_par' dir='ltr' id='par_1_94' title="bbox 448 4707 2087 4801">
     <span class='ocr_line' id='line_1_94' title="bbox 448 4707 2087 4801; baseline 0.003 -35"><span class='ocrx_word' id='word_1_697' title='bbox 448 4707 592 4801; x_wconf 62' lang='grc' dir='ltr'>ξθοὶι</span> <span class='ocrx_word' id='word_1_698' title='bbox 625 4727 868 4801; x_wconf 82' lang='lat' dir='ltr'><strong>sacrum</strong></span> <span class='ocrx_word' id='word_1_699' title='bbox 930 4714 1376 4790; x_wconf 89' lang='lat' dir='ltr'><strong>monasterium,</strong></span> <span class='ocrx_word' id='word_1_700' title='bbox 1411 4713 1790 4796; x_wconf 53' lang='lat' dir='ltr'><strong>et-quandiu</strong></span> <span class='ocrx_word' id='word_1_701' title='bbox 1850 4711 2087 4792; x_wconf 89' lang='lat' dir='ltr'><strong>quidem</strong></span> 
     </span>
    </p>
   </div>
   <div class='ocr_carea' id='block_1_95' title="bbox 2175 4707 3827 4801">
    <p class='ocr_par' dir='ltr' id='par_1_95' title="bbox 2179 4707 3827 4801">
     <span class='ocr_line' id='line_1_95' title="bbox 2179 4707 3827 4801; baseline 0.008 -33"><span class='ocrx_word' id='word_1_702' title='bbox 2179 4735 2275 4768; x_wconf 88' lang='grc' dir='ltr'><strong>σαν</strong></span> <span class='ocrx_word' id='word_1_703' title='bbox 2332 4713 2431 4782; x_wconf 75' lang='grc' dir='ltr'>τὴν</span> <span class='ocrx_word' id='word_1_704' title='bbox 2486 4716 2674 4782; x_wconf 78' lang='grc' dir='ltr'>κτῆσιν</span> <span class='ocrx_word' id='word_1_705' title='bbox 2708 4716 2873 4785; x_wconf 76' lang='grc' dir='ltr'>αὑτῆς</span> <span class='ocrx_word' id='word_1_706' title='bbox 2921 4707 3260 4798; x_wconf 79' lang='grc' dir='ltr'>Χριστιανοτς</span> <span class='ocrx_word' id='word_1_707' title='bbox 3294 4718 3624 4801; x_wconf 78' lang='grc' dir='ltr'>ἐδωρήσατο,</span> <span class='ocrx_word' id='word_1_708' title='bbox 3655 4707 3827 4789; x_wconf 29' lang='grc' dir='ltr'>’δοξά-</span> 
     </span>
    </p>
   </div>
   <div class='ocr_carea' id='block_1_96' title="bbox 450 4795 2084 4884">
    <p class='ocr_par' dir='ltr' id='par_1_96' title="bbox 450 4795 2084 4884">
     <span class='ocr_line' id='line_1_96' title="bbox 450 4795 2084 4884; baseline 0.003 -27"><span class='ocrx_word' id='word_1_709' title='bbox 450 4795 560 4884; x_wconf 76' lang='lat' dir='ltr'><strong>t‘uit</strong></span> <span class='ocrx_word' id='word_1_710' title='bbox 585 4798 639 4858; x_wconf 88' lang='lat' dir='ltr'><strong>ei</strong></span> <span class='ocrx_word' id='word_1_711' title='bbox 674 4799 788 4861; x_wconf 88' lang='lat' dir='ltr'><strong>vita</strong></span> <span class='ocrx_word' id='word_1_712' title='bbox 837 4812 1166 4884; x_wconf 88' lang='lat' dir='ltr'><strong>superstes,</strong></span> <span class='ocrx_word' id='word_1_713' title='bbox 1200 4795 1557 4882; x_wconf 19' lang='lat' dir='ltr'><strong>largissima’</strong></span> <span class='ocrx_word' id='word_1_714' title='bbox 1597 4821 1774 4864; x_wconf 90' lang='lat' dir='ltr'><strong>manu</strong></span> <span class='ocrx_word' id='word_1_715' title='bbox 1807 4818 2084 4862; x_wconf 89' lang='lat' dir='ltr'><strong>securre-</strong></span> 
     </span>
    </p>
   </div>
   <div class='ocr_carea' id='block_1_97' title="bbox 449 4883 2090 4966">
    <p class='ocr_par' dir='ltr' id='par_1_97' title="bbox 449 4883 2090 4966">
     <span class='ocr_line' id='line_1_97' title="bbox 449 4883 2090 4966; baseline 0.004 -21"><span class='ocrx_word' id='word_1_716' title='bbox 449 4883 554 4945; x_wconf 88' lang='lat' dir='ltr'><strong>bat</strong></span> <span class='ocrx_word' id='word_1_717' title='bbox 577 4889 908 4965; x_wconf 83' lang='lat' dir='ltr'><strong>egentibus.</strong></span> <span class='ocrx_word' id='word_1_718' title='bbox 938 4883 1184 4963; x_wconf 88' lang='lat' dir='ltr'><strong>Quando</strong></span> <span class='ocrx_word' id='word_1_719' title='bbox 1216 4901 1412 4954; x_wconf 88' lang='lat' dir='ltr'><strong>autem</strong></span> <span class='ocrx_word' id='word_1_720' title='bbox 1449 4911 1482 4954; x_wconf 90' lang='lat' dir='ltr'><strong>e</strong></span> <span class='ocrx_word' id='word_1_721' title='bbox 1513 4891 1627 4953; x_wconf 85' lang='lat' dir='ltr'><strong>vita</strong></span> <span class='ocrx_word' id='word_1_722' title='bbox 1653 4889 1927 4966; x_wconf 81' lang='lat' dir='ltr'><strong>excessit,</strong></span> <span class='ocrx_word' id='word_1_723' title='bbox 1965 4909 2090 4951; x_wconf 92' lang='lat' dir='ltr'><strong>om-</strong></span> 
     </span>
    </p>
   </div>
   <div class='ocr_carea' id='block_1_98' title="bbox 448 4978 2085 5044">
    <p class='ocr_par' dir='ltr' id='par_1_98' title="bbox 448 4978 2085 5044">
     <span class='ocr_line' id='line_1_98' title="bbox 448 4978 2085 5044; baseline 0.005 -11"><span class='ocrx_word' id='word_1_724' title='bbox 448 4991 558 5036; x_wconf 88' lang='lat' dir='ltr'><strong>nes</strong></span> <span class='ocrx_word' id='word_1_725' title='bbox 589 4994 726 5037; x_wconf 89' lang='lat' dir='ltr'><strong>suas</strong></span> <span class='ocrx_word' id='word_1_726' title='bbox 756 4978 1065 5043; x_wconf 81' lang='lat' dir='ltr'><strong>facultates</strong></span> <span class='ocrx_word' id='word_1_727' title='bbox 1119 4983 1179 5044; x_wconf 90' lang='lat' dir='ltr'><strong>in</strong></span> <span class='ocrx_word' id='word_1_728' title='bbox 1233 4989 1584 5044; x_wconf 86' lang='lat' dir='ltr'><strong>testamento</strong></span> <span class='ocrx_word' id='word_1_729' title='bbox 1641 4980 1879 5043; x_wconf 87' lang='lat' dir='ltr'><strong>donavit</strong></span> <span class='ocrx_word' id='word_1_730' title='bbox 1909 4979 2085 5043; x_wconf 84' lang='lat' dir='ltr'><strong>Chri-</strong></span> 
     </span>
    </p>
   </div>
   <div class='ocr_carea' id='block_1_99' title="bbox 449 5063 2088 5148">
    <p class='ocr_par' dir='ltr' id='par_1_99' title="bbox 449 5063 2088 5148">
     <span class='ocr_line' id='line_1_99' title="bbox 449 5063 2088 5148; baseline 0.008 -28"><span class='ocrx_word' id='word_1_731' title='bbox 449 5063 658 5126; x_wconf 86' lang='lat' dir='ltr'><strong>stianis</strong></span> <span class='ocrx_word' id='word_1_732' title='bbox 691 5085 703 5129; x_wconf 95' lang='lat'>:</span> <span class='ocrx_word' id='word_1_733' title='bbox 737 5069 808 5130; x_wconf 90' lang='lat' dir='ltr'><strong>ad</strong></span> <span class='ocrx_word' id='word_1_734' title='bbox 842 5070 1088 5148; x_wconf 87' lang='lat' dir='ltr'><strong>gloriam</strong></span> <span class='ocrx_word' id='word_1_735' title='bbox 1125 5070 1454 5133; x_wconf 89' lang='lat' dir='ltr'><strong>Servatoris</strong></span> <span class='ocrx_word' id='word_1_736' title='bbox 1503 5072 1688 5132; x_wconf 88' lang='lat' dir='ltr'><strong>nostri</strong></span> <span class='ocrx_word' id='word_1_737' title='bbox 1736 5073 1877 5133; x_wconf 86' lang='lat' dir='ltr'><strong>Jesu</strong></span> <span class='ocrx_word' id='word_1_738' title='bbox 1906 5069 2088 5133; x_wconf 86' lang='lat' dir='ltr'><strong>Chri-</strong></span> 
     </span>
    </p>
   </div>
   <div class='ocr_carea' id='block_1_100' title="bbox 445 5151 2080 5301">
    <p class='ocr_par' dir='ltr' id='par_1_100' title="bbox 445 5151 2080 5301">
     <span class='ocr_line' id='line_1_100' title="bbox 445 5151 2080 5301; baseline 0.006 -92"><span class='ocrx_word' id='word_1_739' title='bbox 445 5151 546 5301; x_wconf 44' lang='lat' dir='ltr'><strong>‘s‘ti,</strong></span> <span class='ocrx_word' id='word_1_740' title='bbox 585 5154 678 5216; x_wconf 91' lang='lat' dir='ltr'><strong>cui</strong></span> <span class='ocrx_word' id='word_1_741' title='bbox 734 5157 925 5236; x_wconf 86' lang='lat' dir='ltr'><strong>gloria</strong></span> <span class='ocrx_word' id='word_1_742' title='bbox 980 5169 1038 5222; x_wconf 91' lang='lat' dir='ltr'><strong>et</strong></span> <span class='ocrx_word' id='word_1_743' title='bbox 1068 5159 1331 5241; x_wconf 90' lang='lat' dir='ltr'><strong>potentia</strong></span> <span class='ocrx_word' id='word_1_744' title='bbox 1361 5159 1420 5219; x_wconf 94' lang='lat' dir='ltr'><strong>in</strong></span> <span class='ocrx_word' id='word_1_745' title='bbox 1452 5159 1669 5222; x_wconf 80' lang='lat' dir='ltr'><strong>saecula</strong></span> <span class='ocrx_word' id='word_1_746' title='bbox 1699 5160 2080 5224; x_wconf 71' lang='lat' dir='ltr'><strong>saeculorum.</strong></span> 
     </span>
     <span class='ocr_line' id='line_1_101' title="bbox 498 5259 658 5301; baseline 0 0"><span class='ocrx_word' id='word_1_747' title='bbox 498 5259 658 5301; x_wconf 85' lang='lat' dir='ltr'><strong>men-</strong></span> 
     </span>
    </p>
   </div>
   <div class='ocr_carea' id='block_1_101' title="bbox 498 5259 658 5308">
    <p class='ocr_par' dir='ltr' id='par_1_101' title="bbox 498 5259 658 5308">
     <span class='ocr_line' id='line_1_102' title="bbox 498 5259 658 5308; baseline 0.038 -6"><span class='ocrx_word' id='word_1_748' title='bbox 498 5259 658 5308; x_wconf 90' lang='lat' dir='ltr'><strong>men.</strong></span> 
     </span>
    </p>
   </div>
   <div class='ocr_carea' id='block_1_102' title="bbox 2175 4803 3830 4888">
    <p class='ocr_par' dir='ltr' id='par_1_102' title="bbox 2175 4803 3830 4888">
     <span class='ocr_line' id='line_1_103' title="bbox 2175 4803 3830 4888; baseline 0.005 -29"><span class='ocrx_word' id='word_1_749' title='bbox 2175 4809 2336 4874; x_wconf 86' lang='grc' dir='ltr'>ζουσα</span> <span class='ocrx_word' id='word_1_750' title='bbox 2379 4803 2586 4884; x_wconf 72' lang='grc' dir='ltr'>Πατέρα</span> <span class='ocrx_word' id='word_1_751' title='bbox 2630 4807 2717 4862; x_wconf 84' lang='grc' dir='ltr'><strong>καὶ</strong></span> <span class='ocrx_word' id='word_1_752' title='bbox 2763 4807 2884 4864; x_wconf 79' lang='grc' dir='ltr'><strong>Υἱὸν</strong></span> <span class='ocrx_word' id='word_1_753' title='bbox 2939 4807 3034 4864; x_wconf 76' lang='grc' dir='ltr'>καί</span> <span class='ocrx_word' id='word_1_754' title='bbox 3093 4806 3243 4886; x_wconf 75' lang='grc' dir='ltr'>ἅγιον</span> <span class='ocrx_word' id='word_1_755' title='bbox 3275 4816 3510 4888; x_wconf 85' lang='grc' dir='ltr'>Πνεῦμα,</span> <span class='ocrx_word' id='word_1_756' title='bbox 3543 4812 3642 4880; x_wconf 75' lang='grc' dir='ltr'><strong>τὴν</strong></span> <span class='ocrx_word' id='word_1_757' title='bbox 3701 4814 3830 4886; x_wconf 84' lang='grc' dir='ltr'>μίαν</span> 
     </span>
    </p>
   </div>
   <div class='ocr_carea' id='block_1_103' title="bbox 2173 4893 3824 4980">
    <p class='ocr_par' dir='ltr' id='par_1_103' title="bbox 2173 4893 3824 4980">
     <span class='ocr_line' id='line_1_104' title="bbox 2173 4893 3824 4980; baseline 0.006 -31"><span class='ocrx_word' id='word_1_758' title='bbox 2173 4893 2400 4962; x_wconf 80' lang='grc' dir='ltr'>θεότητά</span> <span class='ocrx_word' id='word_1_759' title='bbox 2457 4915 2513 4950; x_wconf 89' lang='grc' dir='ltr'><strong>τε</strong></span> <span class='ocrx_word' id='word_1_760' title='bbox 2572 4895 2659 4952; x_wconf 79' lang='grc' dir='ltr'><strong>καὶ</strong></span> <span class='ocrx_word' id='word_1_761' title='bbox 2724 4893 2985 4978; x_wconf 68' lang='grc' dir='ltr'>δύναμιν,</span> <span class='ocrx_word' id='word_1_762' title='bbox 3048 4899 3084 4974; x_wconf 77' lang='grc' dir='ltr'>ᾗ</span> <span class='ocrx_word' id='word_1_763' title='bbox 3143 4897 3334 4978; x_wconf 84' lang='grc' dir='ltr'>πρέπει</span> <span class='ocrx_word' id='word_1_764' title='bbox 3376 4898 3540 4978; x_wconf 78' lang='grc' dir='ltr'>δόξα,</span> <span class='ocrx_word' id='word_1_765' title='bbox 3602 4903 3824 4980; x_wconf 79' lang='grc' dir='ltr'>κράτος,</span> 
     </span>
    </p>
   </div>
   <div class='ocr_carea' id='block_1_104' title="bbox 2173 4985 3823 5059">
    <p class='ocr_par' dir='ltr' id='par_1_104' title="bbox 2173 4985 3823 5059">
     <span class='ocr_line' id='line_1_105' title="bbox 2173 4985 3823 5059; baseline 0.008 -19"><span class='ocrx_word' id='word_1_766' title='bbox 2173 4985 2331 5059; x_wconf 83' lang='grc' dir='ltr'>τιμὴ,</span> <span class='ocrx_word' id='word_1_767' title='bbox 2367 4990 2455 5040; x_wconf 91' lang='grc' dir='ltr'><strong>νῦν</strong></span> <span class='ocrx_word' id='word_1_768' title='bbox 2485 4986 2572 5042; x_wconf 84' lang='grc' dir='ltr'>καὶ</span> <span class='ocrx_word' id='word_1_769' title='bbox 2601 4985 2713 5059; x_wconf 75' lang='grc' dir='ltr'>ἀεῖ,</span> <span class='ocrx_word' id='word_1_770' title='bbox 2748 4987 2834 5042; x_wconf 81' lang='grc' dir='ltr'><strong>καὶ</strong></span> <span class='ocrx_word' id='word_1_771' title='bbox 2883 4987 2955 5052; x_wconf 83' lang='grc' dir='ltr'>εἷς</span> <span class='ocrx_word' id='word_1_772' title='bbox 2998 4987 3121 5052; x_wconf 85' lang='grc' dir='ltr'>τοὺς</span> <span class='ocrx_word' id='word_1_773' title='bbox 3168 4989 3364 5054; x_wconf 76' lang='grc' dir='ltr'>αἰῶνας</span> <span class='ocrx_word' id='word_1_774' title='bbox 3422 4997 3528 5048; x_wconf 91' lang='grc' dir='ltr'><strong>τῶν</strong></span> <span class='ocrx_word' id='word_1_775' title='bbox 3591 4991 3823 5056; x_wconf 78' lang='grc' dir='ltr'>αἰώνων.</span> 
     </span>
    </p>
   </div>
   <div class='ocr_carea' id='block_1_105' title="bbox 2173 5071 2373 5150">
    <p class='ocr_par' dir='ltr' id='par_1_105' title="bbox 2173 5071 2373 5150">
     <span class='ocr_line' id='line_1_106' title="bbox 2173 5071 2373 5150; baseline -0.01 -20"><span class='ocrx_word' id='word_1_776' title='bbox 2173 5071 2373 5150; x_wconf 80' lang='grc' dir='ltr'>Ἀμήν.</span> 
     </span>
    </p>
   </div>
  </div>
