4066 6388
264 378 381 444 817

1234 390 1654 458 GERTAMEN
1705 396 1762 459 S.
1826 396 2077 461 BLASII
2122 398 2223 462 ET
2266 396 2677 465 SOCIORUM.

3523 406 3642 473 818

724 706 1540 886 MENSIS
1685 715 3180 899 FEBRUARIUS.

672 1423 907 1513 TOM
1000 1430 1340 1517 ΑΓΙΟΥ
1432 1432 1620 1518 ΚΑΙ
1727 1432 2265 1523 ΕΝΔΟΞΟΥ
2376 1437 3235 1528 ΙΕΡΟΜΑΡΤΥΡΟΣ

1610 1649 2384 1783 ΒΛΑΣΙΟΥ

1284 1888 1672 1943 ΕΗΙΣΚΟΠΟΥ
1722 1891 2128 1946 ΙἚΝΟΜΕΝΟΥ
2182 1889 2634 1953 ΣΕΒΛΣΤΕΙΑΣ.

1571 2221 2328 2333 CERTAMEN

829 2447 1227 2537 SANCTI
1323 2453 1461 2538 ET
1543 2449 2067 2544 GLORIOSI
2151 2456 3074 2550 HIEROMARTYRIS

563 2676 1194 2825 BLASII
1315 2680 2173 2829 EPISCOPI
2294 2685 3337 2836 SEBASTE/E

1690 2928 1786 2993 ΕΤ
1829 2928 2208 2997 SOCIOBUM

687 3087 890 3160 (Latium
915 3089 1046 3163 apud
1072 3088 1276 3148 Snrium
1307 3091 1369 3148 ad
1392 3090 1526 3149 diem
1556 3089 1590 3148 3
1617 3089 1912 3159 Februarii;
1945 3092 2117 3151 Graece
2145 3111 2207 3151 ex
2240 3094 2352 3151 cod.
2380 3109 2481 3154 ms.
2514 3095 2654 3154 1452
2683 3095 2853 3154 saeculi
2881 3096 3058 3154 decimi
3081 3097 3201 3172 [1]).

343 3399 430 3460 Δ’.
492 3400 681 3459 Ἠνίκα
737 3401 767 3457 6
808 3400 991 3479 καιρὸς
1050 3403 1157 3456 τῶν
1204 3398 1435 3457 εἰδώλων
1479 3399 1754 3479 ἐπεκράτει
1815 3401 1902 3458 καὶ

2062 3399 2109 3462 l.
2142 3401 2269 3475 Quo
2302 3410 2573 3486 tempore
2602 3403 2833 3484 vigebat
2858 3370 3052 3467 cultus
3079 3404 3634 3482 simulacrorum,et

262 3490 458 3549 πολλοὶ
499 3489 763 3568 ἄνθρωποι
820 3489 1095 3561 πλάσμασι
1156 3489 1244 3546 καὶ
1316 3488 1569 3563 κτίσμασι
1640 3490 1905 3567 προεσκό-

263 3604 409 3654 νουν,
456 3579 577 3636 τότε
634 3577 777 3646 ἤνθει
836 3579 925 3635 καὶ
982 3578 1017 3644 ἡ
1066 3576 1240 3639 πίστις
1289 3579 1498 3634 πάντων
1552 3585 1660 3634 τῶν
1715 3579 1904 3658 ἁγίων,

263 3669 380 3745 μεθ’
441 3671 517 3725 ὧν
560 3669 649 3724 καὶ
705 3669 740 3735 ἡ
790 3674 884 3724 τοῦ
942 3666 1091 3742 ἁγίου
1149 3666 1235 3722 καὶ
1286 3663 1492 3731 ἐνδόξου
1535 3666 1906 3745 ἱερομάρτυρος

266 3746 517 3819 Βλασίου.
578 3756 743 3818 Οὗτος
785 3756 885 3833 γὰρ
930 3757 958 3811 6
1001 3753 1146 3818 ὅσιος
1200 3756 1289 3811 καὶ
1336 3755 1507 3829 τίμιος
1571 3754 1706 3831 ἀνὴρ
1762 3754 1906 3811 Βλά-

266 3869 384 3912 σιος
444 3846 617 3905 πάντα
672 3846 763 3900 τὸν
821 3844 1021 3924 χρόνον
1075 3842 1171 3911 τῆς
1221 3847 1365 3913 ζωῆς
1421 3842 1578 3899 αἶ..τοὺ
1602 3841 1762 3908 ἤπιον
1787 3842 1906 3899 δια-

263 3937 453 4014 γωγὴν
496 3935 686 4007 ζήσας,
721 3935 795 3997 ὡς
829 3932 882 3989 ἐν
926 3938 1004 4005 τῷ
1058 3928 1181 3988 ἰὼϐ
1208 3930 1508 4008 γέγραπται
1557 3929 1626 3998 ἧν
1683 3926 1903 3999 ἄκακος,

262 4023 570 4100 ἄμεμπτος,
650 4020 928 4094 ἀληθινὸς,
1013 4018 1296 4089 θεοσεϐὴς,
1387 4018 1728 4099 ἀπεχόμενος
1799 4019 1906 4074 ἀπὸ

259 4114 462 4175 παντὸς
516 4118 752 4188 πονηροῦ
804 4110 1117 4187 πράγματος
1152 4124 1166 4138 °
1225 4108 1342 4166 ὅθεν
1395 4106 1480 4163 διὰ
1536 4110 1629 4164 τὸν
1679 4109 1905 4182 καθαρὸν

257 4203 353 4258 καὶ
407 4200 763 4268 ἀνεπίληπτον
820 4203 979 4257 αὐτοό
1035 4197 1173 4273 βίον,
1234 4199 1281 4253 οἱ
1332 4197 1387 4252 ἐν
1443 4195 1511 4272 τῇ
1541 4195 1696 4254 πόλει
1728 4194 1903 4253 Σεϐα-

256 4291 408 4362 στείᾳ
460 4288 554 4355 τῆς
615 4285 988 4347 Καππαδοκίας
1044 4290 1232 4342 πιστοὶ
1309 4287 1746 4365 προεχειρίσαντο
1802 4284 1902 4341 αὒ-

257 4381 353 4435 τὸν
412 4380 484 4444 εἷς
546 4377 855 4434 ἐπίσκοπον.
917 4373 978 4433 Ὀ
1040 4373 1093 4431 δὲ
1147 4374 1404 4450 μακάριος
1469 4374 1695 4437 Βλάσιος
1738 4373 1903 4454 φοϐη-

259 4472 369 4526 θεὶς
425 4472 533 4524 τῶν
590 4468 710 4523 τότε
752 4464 1087 4544 κρατούντων
1149 4463 1246 4531 τὴν
1299 4461 1542 4521 ἀσέϐειαν
1586 4463 1681 4520 καὶ
1724 4486 1901 4541 παρα-

260 4558 473 4632 νομίαν,
524 4555 765 4613 ἀπελθὼν
822 4558 878 4611 ἓν
935 4559 1010 4628 τῷ
1041 4549 1148 4632 ὄρει
1207 4558 1282 4627 τῷ
1340 4551 1615 4631 λεγομένῳ
1673 4553 1900 4631 Ἀργέῳ,

261 4648 393 4721 ᾠκει
451 4643 507 4700 ἒν
546 4642 815 4718 σπηλαίῳ.
884 4642 980 4700 Καὶ
1037 4642 1368 4719 συνήρχοντο
1438 4643 1569 4718 πρὸς
1626 4643 1782 4698 αὐτὸν
1839 4642 1902 4697 τὰ

260 4736 423 4814 ἄγρια
480 4739 612 4811 ζῶα,
646 4733 732 4790 καὶ
773 4730 1086 4809 εὐλογοῦντο
1128 4728 1219 4785 ὑπ’
1266 4733 1443 4803 αὐτοῦ,
1501 4732 1588 4785 καὶ
1634 4731 1677 4784 εἰ
1710 4727 1902 4796 συνέϐη
1928 4763 1966 4815 Β

262 4825 321 4881 ἓν
381 4822 435 4889 ἐξ
490 4821 662 4878 αὐτῶν
732 4818 1023 4899 ἀδολεσχίᾳ
1080 4830 1397 4897 περιπεσεῖν
1466 4817 1645 4896 ὥσπερ
1713 4818 1905 4897 λογικὰ

267 4911 564 4988 παρέμενον
634 4917 702 4987 τῇ
759 4909 1006 4982 σπηλαίῳ
1040 4922 1054 4937 ⁹
1132 4907 1218 4963 καὶ
1276 4908 1320 4961 εἰ
1388 4907 1467 4981 μὴ
1539 4905 1762 4961 ἐπετίθει
1819 4904 1909 4961 ἔπ’

262 5004 397 5059 αὗτὰ
426 5004 526 5068 τὴν
554 5012 720 5080 χεῖρα
751 5000 779 5056 6
802 4997 954 5078 ἅγιος
985 4994 1217 5074 εδλογῶν
1260 4996 1417 5070 αὐτὰ,
1479 4995 1573 5051 οὐκ
1603 4993 1906 5073 ἀνεχώρουν

261 5092 358 5148 ἀπ’
387 5090 568 5149 αὐτοῦ.

347 5179 431 5238 B’.
465 5178 557 5236 Ἐν
586 5176 639 5235 δὲ
668 5190 792 5242 ταῖς
839 5174 1065 5253 ἡμέραις
1109 5172 1332 5237 ἐκείναις
1378 5170 1652 5228 ὶκὲλευσεν
1719 5170 1905 5250 Ἀγρι-

244 5264 467 5332 ’κόλαος
522 5270 551 5324 6
605 5267 824 5345 ἡγεμὼν
895 5264 1206 5342 ἀγρευθῆναι
1277 5263 1389 5331 ζῶα
1466 5257 1778 5318 παντοδαπὰ
1835 5261 1906 5325 εἷς

263 5357 623 5438 θηριομαχίαν
675 5357 760 5415 καὶ
823 5351 1090 5409 ἀνάλωσιν
1146 5356 1255 5406 τῶν
1319 5350 1461 5438 τότε
1507 5349 1906 5438 μαρτυροῷτων

266 5436 455 5526 ἁγίων,
508 5446 595 5502 καὶ
670 5442 963 5510 ἐξελθόντες
1021 5442 1069 5495 οἱ
1124 5440 1370 5526 θηρευταὶ
1448 5436 1503 5526 ἐν
1560 5449 1677 5502 τοῖς
1733 5436 1907 5526 ὄρεσιν

265 5523 424 5606 ἦλθον
476 5535 566 5591 καὶ
624 5533 678 5589 ἐν
748 5532 916 5604 τούτῳ
990 5534 1067 5602 τῷ
1133 5523 1249 5604 ὄρει
1332 5531 1405 5600 τῷ
1464 5523 1908 5600 ἐπονομαζομὲνῳ

1991 3490 2160 3552 multi
2192 3492 2466 3555 homines
2495 3492 2823 3556 adorabant
2850 3493 3129 3570 ﬁgmenta
3166 3501 3223 3556 et
3250 3512 3349 3557 res
3378 3502 3651 3566 creatas,

1991 3585 2134 3640 tunc
2154 3580 2333 3642 etiam
2356 3581 2610 3644 ﬂorebat
2631 3581 2780 3644 fides
2801 3581 3069 3644 omnium
3093 3592 3465 3666 sanctorum,
3496 3603 3631 3647 cum

1991 3667 2208 3746 quibus
2258 3669 2408 3732 ﬁdes
2467 3688 2705 3751 quoque
2759 3671 2950 3733 sancti
2997 3679 3056 3733 et
3084 3670 3329 3749 gloriosi
3358 3672 3635 3753 martyris

1990 3754 2197 3817 Blasii.
2230 3756 2337 3818 llic
2369 3776 2511 3836 ergo
2533 3768 2774 3820 sanctus
2796 3767 2856 3821 et
2873 3758 3246 3821 venerandus
3266 3760 3356 3821 vir
3373 3761 3628 3840 Blasius,

1991 3861 2123 3905 cum
2159 3853 2278 3906 toto
2328 3853 2597 3925 tempore
2655 3848 2828 3909 vitam
2895 3847 3121 3925 egisset
3168 3855 3540 3910 mansuetam
3573 3857 3636 3909 et

1989 3931 2219 4013 mitem,
2248 3933 2402 3995 sicut
2429 3934 2717 4013 scriptum
2750 3944 2843 3997 est
2896 3936 2958 3996 in
2991 3933 3125 4009 Job,
3158 3944 3286 3999 erat
3318 3936 3629 4016 innocens,

1987 4020 2341 4102 inculpatus,
2378 4039 2578 4102 verus,
2613 4023 2746 4104 pius
2777 4030 2839 4085 et
2867 4023 3526 4103 religiosus,abstinens
3553 4025 3628 4089 ab

1988 4108 2153 4172 omni
2181 4129 2362 4191 opere
2395 4111 2572 4173 malo.
2608 4111 3009 4184 Quamobrem
3044 4122 3286 4192 prepter
3307 4132 3516 4194 puram
3551 4116 3629 4177 vi-

1986 4205 2104 4259 tam
2136 4207 2195 4259 et
2222 4217 2357 4277 quae
2390 4198 2538 4260 nulli
2585 4199 2781 4262 afﬁnis
2834 4209 2965 4262 erat
3010 4200 3495 4281 reprehensioni,
3526 4202 3631 4282 qui

1986 4287 2051 4347 in
2104 4287 2336 4349 civitate
2395 4286 2675 4350 Sebastea
2732 4288 3121 4369 Cappadocia:
3168 4298 3339 4351 erant
3393 4289 3624 4362 tideles,

1988 4393 2125 4437 eum
2153 4387 2432 4439 crearunt
2463 4377 2836 4458 episcopum.
2898 4375 2955 4438 Is
3005 4385 3199 4438 autem
3235 4377 3536 4457 profectus
3564 4379 3626 4442 in

1988 4473 2273 4539 montem,
2312 4465 2413 4546 qui
2463 4464 2680 4527 dicitur
2730 4470 2984 4545 Argeos,
3020 4464 3325 4527 habitabat
3371 4467 3432 4527 in
3487 4486 3628 4549 spe-

1987 4553 2183 4616 lunca.
2220 4555 2479 4635 feraeque
2509 4554 2585 4616 ad
2642 4573 2777 4616 eum
2825 4553 3283 4630 conveniebant,
3318 4562 3377 4616 et
3428 4555 3500 4617 ab
3554 4575 3627 4619 eo

1986 4640 2497 4704 benedicebantur
2528 4660 2542 4705 :
2580 4644 2706 4704 etsi
2737 4642 3080 4722 contigisset
3113 4660 3288 4704 unam
3319 4660 3391 4705 ex
3421 4643 3519 4706 eis
3541 4645 3632 4706 in-

1986 4729 2186 4791 cidere
2218 4729 2278 4790 in
2334 4729 2467 4809 ejus
2523 4730 2997 4805 meditationem,
3063 4736 3339 4810 tanquam
3396 4732 3630 4795 ratione

1992 4817 2273 4897 praedita,
2306 4819 2733 4897 exspectabant
2762 4820 2837 4881 ad
2866 4820 3242 4899 speluncam,
3274 4825 3336 4878 et
3364 4818 3481 4880 nisi
3510 4825 3627 4882 lm-

1993 4906 2289 4986 posuisset
2339 4906 2427 4967 eis
2486 4925 2718 4982 manus,
2777 4925 2881 4971 eas
2935 4905 3323 4981 benedicens,
3358 4916 3624 4982 asancto

1991 4993 2241 5056 minime
2269 4993 2654 5058 recedebant.

2069 5168 2215 5234 ILIn
2244 5169 2363 5233 illis
2391 5178 2590 5233 autem
2614 5168 2825 5232 diebus
2837 5167 3019 5247 jussit
3048 5185 3267 5246 praeses
3284 5167 3630 5247 Agricolam

1988 5259 2122 5339 capi
2147 5277 2323 5320 omne
2350 5276 2542 5336 genus
2585 5255 2960 5331 animalium,
3011 5265 3079 5317 ut
3106 5255 3321 5330 sancti,
3350 5259 3456 5336 qui
3487 5267 3631 5320 tunc

1988 5354 2182 5423 erant,
2219 5357 2502 5426 martyres
2529 5345 2607 5410 ab
2638 5344 2725 5407 eis
2754 5352 3347 5420 consumerentur,et
3371 5362 3507 5406 cum
3541 5345 3631 5406 eis

1989 5436 2418 5515 depugnarent.
2456 5432 2525 5496 In
2578 5440 2811 5495 montes
2840 5448 2978 5492 vero
3012 5431 3242 5519 egressi
3292 5437 3626 5510 venatores,

1990 5531 2279 5585 venerunt
2307 5521 2485 5584 etiam
2513 5521 2576 5583 in
2608 5528 2899 5599 montem,
2924 5518 3031 5600 qui
3086 5518 3306 5585 dicitur
3365 5520 3624 5596 Argeos,

348 5713 434 5801 (l)
462 5706 759 5779 Barouius
784 5706 861 5773 ad
894 5723 992 5784 an,
1027 5701 1144 5768 316
1174 5700 1302 5773 haec
1332 5709 1464 5769 acta
1492 5717 1563 5765 ex
1591 5699 1894 5783 Metaphr.
1927 5717 2051 5767 non
2076 5697 2140 5761 in
2171 5695 2452 5760 omnibus
2479 5691 3024 5781 agnoscitaincera.
