4066 6394
421 421 539 487 819
1575 427 1960 490 ADDENDA.
2012 459 2068 470 —

2152 426 2633 488 fEBRUARIUS.
3677 416 3800 483 820

423 550 489 614 in
519 572 636 633 quo
668 553 890 616 latebat
913 560 1154 642 sanctus
1183 559 1241 614 et
1285 553 1655 616 venerandus
1687 556 1773 616 vir
1805 555 2060 624 Blasiiis.

2152 561 2374 642 Ἀργέῳ,
2435 563 2488 618 ἐν
2545 567 2590 636 ᾦ
2644 562 2931 638 ἐκρύπτετο
2990 563 3018 618 6
3063 559 3209 624 ὅσιος
3263 557 3356 616 καί
3417 561 3589 631 τίμιος
3663 559 3798 632 ἀνὴρ

423 642 572 703 Cum
596 651 788 704 autem
813 641 1389 723 appropinquassent
1429 643 1753 723 speluncae,
1788 657 1846 708 et
1878 649 2064 711 vidis-

2152 655 2238 709 καὶ
2322 654 2609 716 ἐπίσκοπος
2694 651 2943 714 Βλάσιος.
3007 649 3111 708 Καὶ
3197 651 3271 713 ὡς
3357 647 3690 714 ἐπλησίασαν
3751 648 3800 702 οἱ

423 740 558 793 sent
586 730 647 792 in
674 732 802 810 ejus
834 733 1105 810 ingressu
1130 731 1575 793 multitudinem
1597 737 1916 812 agrestium
1942 739 2068 800 ani-

2152 743 2399 819 θηρευταὶ
2457 741 2511 796 ἐν
2541 748 2617 814 τῷ
2644 739 2892 814 σπηλαίῳ
2949 740 3035 796 καὶ
3095 736 3242 795 εἶδοδ
3297 738 3427 815 πρὸς
3487 737 3554 804 τῇ
3611 734 3803 810 εἰσόδῳ

424 819 692 910 malium,
727 838 858 910 quae
883 819 1246 910 astabantet
1278 820 1941 893 exsiliebant,dixerunt
1968 829 2066 889 in-

2157 835 2314 890 αὒτοῠ
2369 832 2551 903 πλήθη
2613 832 2807 910 ἀγρίων
2863 831 3013 902 ζώων
3070 829 3426 906 παρεστώτων
3482 829 3570 885 καὶ
3641 850 3804 905 σκιρ-

426 914 519 1002 ter
535 907 780 978 se.Quid
802 908 916 1002 hoc
941 907 1058 968 sibi
1080 907 1234 1002 vult?
1247 917 1302 968 et
1322 928 1455 969 cum
1480 910 1779 1002 venissent
1803 917 2068 997 propius,

2154 921 2394 1002 τώντων,
2459 926 2614 978 εἷπον
2658 907 2788 1000 πρὸς
2848 919 3115 989 ἀλλήλους
3151 935 3164 948 ⁶
3217 919 3274 976 Τί
3335 917 3397 973 ἂν
3451 915 3592 973 θέλοι
3640 925 3802 975 τοῦτο

420 995 778 1059 invenerunt
807 997 963 1057 intra
987 996 1334 1075 speluncam
1357 1006 1625 1059 sanctum
1649 999 1936 1078 Blasium,
1963 995 2068 1068 seé

423 1085 671 1147 dentem
702 1093 978 1165 tanquam
1007 1087 1069 1146 in
1121 1087 1407 1159 thalamo,
1449 1097 1507 1149 et
1540 1088 1898 1153 dividentem
1934 1096 2068 1155 uni-

427 1176 641 1254 cuique
672 1173 730 1234 id
760 1175 918 1255 quod
951 1183 1078 1236 erat
1125 1178 1176 1236 ei
1239 1196 1410 1256 opus,
1445 1196 1550 1255 per
1582 1177 2065 1245 benedictionem

426 1269 603 1343 atque
636 1263 1000 1339 curationes,
1059 1275 1116 1326 et
1162 1265 1286 1327 Deo
1320 1266 1665 1328 fundentem
1699 1289 1924 1348 preces.
1963 1273 2073 1346 Qui

427 1351 626 1444 statim
647 1353 1328 1444 reve_rsi,renuntiarunt
1351 1356 1587 1435 praesidi
1613 1359 1928 1436 Agricolae
1946 1382 2076 1444 quae

442 1439 733 1502 viderant.
769 1440 996 1502 Prasses
1017 1460 1158 1503 vero
1175 1443 1349 1521 jussit
1373 1445 1574 1523 plures
1597 1447 1812 1509 milites
1836 1439 2078 1513 cum—eis

436 1529 834 1610 proﬁcisci,ut
864 1550 1257 1612 quoscunque
1284 1532 1406 1594 illic
1436 1533 1804 1598 invenissent
1827 1539 2078 1603 latentes

421 1617 901 1694 Christianos,ad
935 1639 1073 1682 eum
1107 1621 1503 1685 adducerent.
1529 1624 1753 1687 Euntes
1784 1636 1977 1690 autem
2015 1632 2074 1692 in

425 1714 712 1784 montem,
748 1709 847 1789 qui
869 1709 1038 1770 missi
1072 1710 1308 1771 fuerant
1341 1712 1919 1792 milites,etingressi
1945 1738 2075 1798 spe-

420 1795 683 1872 luncam,
716 1797 1078 1860 invenerunt
1127 1798 1319 1860 solum
1379 1810 1679 1878 sanctum,
1711 1795 1994 1867 orantem'
2017 1820 2074 1870 et

2155 1009 2298 1066 εἶναι
2337 1027 2352 1082 ;
2413 1011 2500 1066 καὶ
2560 1009 2798 1074 ἐλθόντες
2841 1008 3228 1086 πλησιέστερον
3261 1021 3274 1036 ⁸
3330 1005 3478 1083 εὖρον
3533 1003 3678 1061 ἔνδον
3707 1012 3802 1062 τοῦ

2152 1098 2414 1166 σπηλαίου
2471 1101 2562 1156 τὸν
2615 1100 2766 1176 ἅγιον
2827 1097 3057 1155 Βλάσιον
3089 1097 3269 1174 ὥσπερ
3301 1095 3356 1152 ὲν
3409 1093 3632 1170 θαλάμῳ
3690 1095 3802 1150 τινὶ

2150 1189 2450 1262 καθήμενον
2507 1189 2601 1245 καὶ
2672 1190 2733 1244 τὸ
2806 1186 3062 1267 χρειῶδες
3153 1186 3362 1257 ἑκάστῳ
3419 1182 3800 1258 διανεμόμενον

2157 1274 2241 1332 διά
2269 1299 2326 1332 τε
2370 1278 2466 1345 τῆς
2496 1276 2734 1355 εὐλογίας
2790 1279 2876 1332 καὶ
2927 1285 3032 1331 τῶν
3081 1275 3296 1353 ἰάσεων⁷
3337 1275 3422 1330 καὶ
3473 1274 3566 1336 τὰς
3629 1273 3800 1351 εὐχὰς

2159 1365 2319 1421 αἱ)τοῦ
2361 1365 2674 1422 ἀποδιδόντα
2733 1367 2808 1440 τῷ
2858 1365 2996 1438 Θεῷ.
3074 1366 3171 1420 Καὶ
3257 1363 3445 1426 εὒθέως
3530 1362 3796 1440 ὑποστρέ-

2159 1459 2353 1529 ψαντες
2409 1455 2741 1534 ἀπήγγειλαν
2772 1455 2848 1529 τῷ
2878 1455 3101 1532 ἡγεμόνι
3151 1451 3485 1529 Ἀγρικολάῳ
3533 1450 3567 1506 ἃ
3624 1449 3795 1510 εἶδον.

2162 1540 2220 1600 Ὀ
2272 1543 2327 1598 δὲ
2386 1545 2603 1623 ἡγεμὼν
2676 1543 2883 1600 ἐκέλευε
2955 1543 3289 1618 στρατιώτας
3346 1539 3590 1603 πλείονας
3651 1562 3797 1613 συμ-

2158 1637 2473 1711 πορευθῆναι
2535 1636 2742 1711 αὐτοῖς,
2799 1633 2893 1688 ’ίνα
2951 1631 3103 1693 ὅσους
3167 1629 3256 1686 ἐάν
3318 1629 3538 1707 εὕρωσιν
3613 1629 3804 1686 ἐκεῖσε

2160 1724 2499 1800 Χριστιανοὺς
2591 1721 2979 1799 κρυπτομένους
3063 1721 3305 1797 ἀγάγωσι
3396 1720 3528 1796 πρὸς
3614 1719 3797 1781 αὐτόν,

2159 1812 2255 1867 Καὶ
2312 1809 2626 1874 ἀπελθόντες
2678 1812 2724 1866 οἱ
2777 1807 3169 1884 ἀπεσταλμένοι
3239 1814 3557 1883 στρατιῶται
3615 1809 3671 1863 ἐν
3723 1815 3803 1880 τῷ

422 1884 764 1947 laudantem
797 1885 1141 1964 Dominum,
1178 1897 1237 1949 et
1267 1889 1547 1951 dixerunt
1577 1892 1631 1953 ei
1665 1911 1678 1952 ε
1715 1892 2015 1973 Egredere
2051 1923 2066 1969 ;

2156 1897 2290 1976 ὄρει,
2362 1901 2448 1955 καὶ
2507 1899 2827 1964 εἰσελθόντες
2905 1896 3050 1954 ἔνδον
3141 1895 3232 1953 τοῦ
3303 1895 3571 1962 σπηλαίου
3645 1897 3802 1973 εὖρον

419 1981 588 2067 vocat
619 1981 675 2036 te
705 1992 946 2054 praeses.
981 1977 1129 2036 Cum
1183 1995 1287 2038 eos
1342 1995 1483 2039 vero
1537 1980 1783 2042 vidisset
1829 1995 2068 2046 sanctus

2152 1988 2314 2061 μόνον
2370 1989 2462 2044 τὸν
2517 1990 2668 2067 ἅγιον
2728 1987 2957 2044 Βλάσιον
3013 1985 3450 2065 προσευχόμενον
3507 1987 3595 2041 καὶ
3643 1985 3804 2051 δοξο-

419 2059 674 2156 Blasius,
709 2063 884 2156 valde
915 2063 1149 2156 laetatus
1179 2074 1358 2146 est,et
1388 2067 1568 2156 dixit:
1595 2069 1835 2145 Adeste,
1863 2091 2066 2136 eamus

2152 2059 2409 2152 λογοὺντα
2455 2080 2546 2134 τὸν
2566 2059 2791 2156 Κύριον,
2824 2079 2911 2134 καὶ
2943 2059 3102 2134 εἷπον
3147 2059 3278 2154 πρδς
3330 2076 3510 2133 αὐτόν·
3565 2071 3801 2140 ’Ἔξελθε

419 2148 626 2226 simul,
662 2169 696 2211 o
729 2150 859 2227 ﬁlii,
891 2151 1010 2213 mei
1045 2154 1201 2214 enim
1237 2155 1586 2217 recordatus
1616 2169 1707 2218 est
1756 2159 2062 2224 Dominus.

2152 2148 2420 2245 EV-TQIXEt
2458 2186 2469 2198 '
2529 2148 2690 2224 καλεῖ
2745 2148 2804 2222 σε
2849 2169 2876 2222 6
2933 2148 3371 2244 ἡγεμών,”[δὼν
3423 2161 3475 2218 δὲ
3527 2165 3713 2228 αὑτοὺς
3775 2168 3803 2221 6

417 2238 488 2335 in
516 2238 626 2300 hac
656 2241 814 2335 enim
874 2250 1050 2335 nocte
1111 2253 1203 2335 ter
1263 2243 1408 2304 mihi
1460 2248 1753 2325 apparuit.
1808 2249 2062 2313 dicens:

2152 2255 2304 2333 ἅγιος
2337 2238 2590 2320 ’Βλάσιος
2621 2256 2800 2335 ἐχάρη
2845 2238 3004 2328 πάνυξ
3041 2238 3147 2312 ’καί
3177 2254 3302 2310 εἶπε
3343 2273 3357 2288 ·
3395 2253 3578 2327 Δεῦτε,
3610 2255 3800 2330 τέκνα,

423 2327 795 2421 §urge,oﬁer
810 2329 957 2421 mihi
981 2331 1275 2421 sacriﬁcia
1292 2351 1398 2412 pro
1425 2353 1588 2395 more
1612 2337 1695 2396 tui
1720 2341 2064 2402 sacerdotii.

2152 2327 2484 2421 πόρευθῶμεν
2542 2327 2744 2419 ﬂuctu"
2794 2327 3034 2419 ἐμνήσθη
3112 2344 3211 2421 γὰρ
3289 2363 3390 2416 μου
3467 2344 3707 2420 σήμερον

420 2419 597 2481 Nunc
624 2417 904 2493 ergo,ﬁlii
929 2420 1070 2491 mei,
1106 2419 1260 2483 bene
1283 2423 1552 2487 venistis.
1579 2424 1866 2488 Dominus
1897 2447 2065 2492 meus

2152 2417 2333 2508 Κύριος
2371 2417 2398 2467 ⁸-
2435 2433 2488 2488 ἐν
2532 2417 2629 2512 γάρ
2680 2417 2844 2509 ταύτῇ
2907 2438 2975 2509 τῇ
3031 2417 3192 2489 νυκτὶγ
3234 2431 3402 2511 ἐφάνη
3462 2454 3553 2505 μοι
3617 2417 3801 2507 τρίτον

413 2505 591 2569 Jesus
622 2506 894 2568 Christus
919 2508 997 2569 sit
1027 2510 1365 2572 vobiscum.

2152 2505 2315 2598 λέγων
2349 2540 2362 2555 ·
2427 2505 2684 2586 Ἀναστὰς
2744 2505 3069 2600 προσένεγκέ
3128 2542 3218 2596 μοι
3274 2505 3452 2582 θυσίας
3528 2505 3666 2576 κατά
3727 2525 3790 2579 τὸ

421 2599 537 2664 ἔθος
594 2606 689 2666 τῆς
745 2601 1033 2679 ἱερωσύνης
1095 2625 1209 2664 σου.
1270 2611 1376 2662 Νῦν
1445 2606 1554 2680 οὖν,
1614 2607 1756 2663 τενία
1805 2631 1928 2682 μου,
1989 2612 2165 2678 καλῶς
2223 2613 2432 2680 ἤλθετεο
2491 2616 2519 2672 ὃ
2590 2615 2777 2692 Κύριος
2829 2637 2928 2686 μου
3002 2611 3207 2680 Ἰησοῦς
3260 2613 3482 2689 Χριστός
3533 2613 3627 2680 εἴη
3683 2619 3802 2691 μεθ’

417 2690 588 2766 ὑμῶν.

494 2775 593 2840 IlI.
630 2779 782 2841 Dum
804 2779 1166 2874 .autemjpsi
1198 2782 1491 2874 venirent,
1524 2785 1585 2845 in
1621 2785 1709 2846 via
1748 2796 2062 2850 converte-

2230 2791 2310 2853 Γ’.
2347 2792 2437 2850 Ἐν
2468 2793 2521 2850 δὲ
2555 2793 2630 2868 τῷ
2661 2793 2909 2874 ἔρχεσθαι
2954 2791 3142 2855 αὖτοὺς
3199 2790 3253 2847 ἐν
3303 2797 3371 2868 τῇ
3406 2790 3509 2866 ὁδῷ
3539 2792 3803 2873 ἐπέστρε-

415 2865 910 2962 banturgentiles
932 2868 1003 2962 ad
1029 2868 1135 2962 Dei
1162 2871 1564 2962 cognitionem
1607 2893 1712 2954 per
1733 2877 1864 2954 ejus
1897 2896 2062 2938 man-

2152 2903 2245 2954 φον
2277 2880 2552 2952 Ἐλλήνων
2838 2883 2911 2945 εἰς
2963 2881 3284 2956 θεογνωσίαν
3327 2865 3412 2936 διὰ
3461 2865 3559 2948 τῆς
3617 2865 3801 2962 πραό-

415 2956 798 3047 suetudinem
833 2966 891 3018 et
921 2957 1528 3022 doctrinam.Etenim
1567 2982 1674 3044 per
1703 2965 1832 3044 ejus
1859 2985 2066 3044 preces

2152 2992 2308 3037 τητος
2365 2973 2523 3028 who-5
2602 2973 2691 3026 καὶ
2766 2967 3126 3031 διδασκαλίας.
3209 2971 3306 3026 Καὶ
3383 2970 3482 3047 γὰρ
3554 2968 3637 3027 διὰ
3697 2979 3804 3028 τῶν

416 3043 666 3106 faciebat
687 3044 975 3138 Dominus
999 3050 1360 3112 curationes:
1392 3061 1449 3113 et
1469 3043 1604 3113 cum
1631 3053 1702 3113 ad
1727 3043 2063 3117 eumaﬁ’er-

2152 3061 2574 3116 ἀκαταπαύστών
2636 3063 2796 3118 αὐτοῦ
2841 3064 3154 3138 προσευχῶν
3198 3059 3287 3114 καὶ
3357 3055 3590 3128 δεήσεων
3633 3061 3797 3123 ἰάσεις

412 3141 624 3195 rentur
649 3133 881 3235 aegroti,
909 3135 1026 3235 Ieis
1081 3139 1395 3216 imponens
1451 3159 1685 3219 manus,
1732 3142 2068 3206 dimittebat

2152 3147 2388 3203 ἐπετέλει
2446 3151 2472 3204 ἱ.
2536 3149 2747 3222 Κύριος,
2825 3148 2910 3202 καὶ
2983 3146 3426 3226 προσφερομένων
3500 3148 3636 3220 αὗτῷ
3697 3147 3792 3224 ἆῤ-

414 3223 784 3311 8ειηοεηΝοη
835 3223 1032 3284 solum
1087 3234 1285 3286 autem
1321 3228 1562 3289 curabat
1600 3230 1899 3311 homines,
1962 3233 2065 3294 sed

417 3310 594 3371 etiam
625 3310 896 3386 jumenta
925 3320 985 3372 et
1017 3311 1264 3374 bestias.
1299 3311 1444 3375 Cum
1492 3316 1692 3394 itaque
1725 3310 2071 3396 contigisset

422 3398 681 3486 aliquem
709 3416 775 3486 os
806 3398 1224 3478 devorare,vel
1253 3401 1478 3481 aliquid
1500 3404 2069 3486 ejusmodi,repente

420 3485 494 3546 ad
521 3502 657 3546 eum
690 3485 1023 3548 atl‘erebant
1055 3489 1408 3567 patientem,
1441 3500 1499 3552 et
1531 3511 1639 3571 per
1669 3485 1908 3556 sanctas
1933 3516 2069 3560 suas

424 3591 640 3654 preces
671 3591 806 3662 eum
841 3575 1040 3638 statim
1079 3577 1371 3640 reddebat
1403 3597 1635 3640 sanum.
1667 3583 1921 3662 Contigit
1950 3587 2064 3647 ita-

421 3679 564 3740 que,
601 3669 668 3724 ut
697 3661 858 3723 ﬁlius
891 3663 1202 3742 cujusdam
1237 3667 1526 3741 mulieris,
1563 3688 1694 3748 quae
1724 3661 1861 3732 eum
1891 3674 2068 3736 habe-

420 3749 521 3842 bat
549 3749 819 3825 unicum,
854 3762 1079 3831 partem
1134 3755 1315 3833 piscis
1346 3757 1688 3830 comedens,
1729 3778 1794 3820 os
1819 3775 2068 3842 repente

331 3876 334 3880 -
423 3838 760 3913 devoraret,
786 3851 846 3900 et
879 3849 1078 3902 mutus
1141 3853 1431 3907 maneret.
1470 3846 1615 3907 Cum
1676 3865 1816 3926 ergo
1882 3838 2069 3916 mater

416 3926 591 4021 pueri
625 3927 701 3987 de
731 3937 938 4021 sancto
972 3929 1320 4021 audivisset,
1357 3951 1490 3993 eum
1542 3935 1779 3997 allatum
1815 3943 2066 4021 projecit

415 4014 490 4076 ad
525 4016 654 4094 ejus
686 4016 871 4095 pedes
903 4019 1530 4094 semimortuum,cum
1557 4024 1700 4086 fletu
1730 4014 1990 4093 clamans
2008 4042 2066 4094 et

415 4102 625 4165 dicens
651 4112 858 4166 sancto
886 4123 899 4168 :
924 4104 1208 4169 Miserere
1235 4109 1348 4170 mei
1373 4109 1501 4179 ﬁlii.
1533 4130 1698 4174 serve
1732 4113 2063 4183 Servatoris

2150 3236 2364 3312 ρώστων
2423 3235 2671 3297 ἐπιτιθεὶς
2744 3232 2827 3291 ἐπ’
2901 3237 3088 3298 αὖτοὺς
3175 3236 3268 3298 τὰς
3345 3250 3542 3314 χεῖρας
3613 3238 3796 3313 ὑγιεῖς

2150 3323 2411 3381 ἀπέλυσεν
2499 3325 2737 3388 ἅπαντας
2773 3343 2788 3360 ο
2857 3325 2916 3379 οὗ
2973 3324 3136 3398 μόνον
3192 3321 3246 3379 δὲ
3314 3326 3434 3386 τοὺς
3495 3325 3800 3403 ἀνθρώπους

2151 3413 2289 3485 ἰᾶτο,
2346 3412 2484 3469 ἀλλὰ
2535 3415 2622 3470 καὶ
2684 3414 2746 3469 τά
2802 3415 2975 3482 κτήνη
3047 3414 3137 3470 καὶ
3195 3413 3260 3469 τὰ
3307 3413 3499 3491 ἄλογα,
3555 3405 3647 3479 Ὠς
3711 3416 3802 3471 οὖν

2151 3502 2359 3579 ἐγένετό
2393 3525 2508 3559 τινα
2553 3504 2737 3560 ὀστοῦν
2796 3516 3082 3558 καταπιεῖν
3142 3503 3178 3570 ἢ
3230 3502 3362 3559 ἄλλο
3393 3524 3443 3558 τι
3479 3504 3584 3559 τῶν
3616 3506 3802 3561 τοιού-

2149 3612 2253 3646 των
2300 3591 2547 3672 ἐξαίφνης
2585 3639 2601 3667 ,
2664 3592 2848 3671 ἔφερον
2910 3591 3041 3667 πρὸς
3116 3591 3276 3648 αὑτὸν
3334 3593 3426 3647 τὸν
3489 3593 3798 3672 πάσχοντα,

2149 3681 2237 3735 καὶ
2297 3677 2379 3736 διὰ
2437 3683 2535 3747 τῆς
2611 3681 2763 3758 ἁγίας
2834 3681 2991 3737 αὖ)τοῦ
3064 3687 3376 3760 προσευχῆς
3457 3683 3585 3758 ὃγιῆ
3642 3685 3803 3741 αὐτὸν

2150 3775 2489 3848 παραχρῆμα
2549 3771 2902 3828 ἀποκαθίστα.
2962 3769 3120 3827 Ὅθεν
3195 3767 3387 3836 συνέϐη
3462 3776 3546 3827 καὶ
3607 3794 3802 3848 γυναι-

2152 3859 2242 3921 κός
2297 3881 2438 3921 τινος
2471 3859 2578 3915 υἱὸν
2629 3863 2890 3936 μενογενῆ
2950 3858 3102 3914 οὖτὸν
3157 3857 3392 3936 ἐχούσης
3453 3859 3639 3939 ἰχθύος
3699 3861 3800 3935 μέ-

2150 3969 2236 4025 ρος
2293 3947 2529 4004 ἐσθίοντα
2587 3948 2774 4026 ἀθρόον
2833 3949 3018 4003 ὀστοῦν
3099 3954 3386 4004 καταπιεῦν
3437 3951 3521 4004 καὶ
3581 3948 3794 4030 ἄφωνον

2150 4049 2353 4111 μεῖναι.
2415 4040 2479 4093 Ἣ
2545 4036 2633 4093 οὖν
2690 4038 2873 4114 μήτηρ
2927 4042 3018 4091 τοῦ
3093 4035 3278 4101 παιδὸς
3349 4037 3618 4094 ἀκοῦσασα
3672 4041 3795 4116 περί

2150 4135 2238 4184 τοῦ
2296 4127 2444 4204 ἁγίου
2494 4125 2752 4202 ἐνέγκασα
2812 4126 2965 4182 αὐτὸν
3051 4124 3262 4203 ἕῤῥιψεν
3324 4125 3377 4181 ἐν
3444 4139 3563 4190 τοϊς
3642 4119 3805 4185 ποσὶν

418 4192 607 4253 nostri
633 4195 773 4255 Jesu
831 4193 1075 4270 Christi,
1113 4205 1204 4257 est
1234 4197 1395 4258 enim
1429 4200 1573 4263 mihi
1609 4202 1903 4283 unigena;
1931 4228 2068 4272 nar-

2157 4216 2312 4272 αὗτοῦ
2377 4217 2633 4284 ἡμιθανῆ,
2686 4215 2864 4290 βοῶσα
2937 4216 3072 4289 μετά
3130 4213 3369 4292 ὁδυρμῶθ
3427 4219 3513 4272 καὶ
3576 4217 3802 4296 λέγουσα

415 4281 690 4384 {lavitque
729 4285 1131 4384 sanctouquid
1169 4285 1294 4347 ﬁlio
1323 4305 1432 4349 suo
1465 4301 1710 4370 repente
1726 4281 2068 4364 accidisset.

2157 4305 2232 4378 τῷ
2290 4281 2458 4381 ἁγίῴ⁰
2495 4281 2754 4369 Ἐλέησόν
2789 4325 2890 4378 μου
2919 4281 3014 4360 τὸν
3043 4304 3175 4377 υἱόν,
3211 4281 3358 4363 δόῦλε
3406 4307 3500 4362 τοῦ
3546 4281 3802 4384 Σωτῆρος

419 4371 674 4470 Sanctus
703 4381 904 4470 autem
961 4374 1071 4435 Dei
1133 4383 1192 4470 et
1225 4393 1474 4470 magnus
1505 4382 1784 4444 sacerdos
1817 4384 2068 4463 Blasius,

2164 4371 2551 4467 ημῶν-’ἰησοῦ
2624 4371 2850 4465 Χριστοῦ
2883 4407 2896 4422 ⁸
2959 4391 3040 4448 ὅτι
3099 4371 3398 4470 μόνογενὴς
3460 4393 3552 4466 μοί
3603 4371 3748 4451 ἐστίν
3781 4412 3797 4428 ⁸

419 4461 900 4562 manu-imposita
924 4463 1152 4540 gutturi
1179 4465 1376 4544 pueri,
1402 4467 1488 4527 sic
1508 4470 1718 4550 oravit,
1745 4461 2068 4538 extendens

2158 4461 2246 4537 καὶ
2308 4477 2602 4558 διηγήσατο
2674 4461 2756 4554 τῷ
2832 4481 2966 4558 ἁγίῳ
3047 4461 3110 4539 τδ
3163 4461 3366 4551 σδμὸἀν
3425 4461 3670 4562 ἐξαίφνης
3726 4491 3802 4559 τῷ

417 4548 483 4648 in
509 4538 728 4652 caelum
759 4538 988 4647 oculos,
1025 4559 1084 4650 et
1129 4538 1254 4613 Deo
1313 4538 1522 4618 dicens
1557 4574 1569 4618 :
1609 4538 1722 4629 Qui
1751 4559 1847 4632 iis,
1881 4563 1982 4641 qui
2015 4574 2068 4625 te

2157 4572 2324 4644 τέκνῳ
2375 4538 2558 4638 αθτῆς.
2596 4563 2653 4630 Ὀ
2707 4538 2762 4627 δὲ
2812 4538 2964 4649 ἅγιος
3033 4583 3126 4632 τοῦ
3186 4580 3317 4630 Θεοῦ
3373 4577 3462 4630 καὶ
3508 4538 3676 4652 μέγας
3713 4538 3797 4631 is:

420 4634 781 4742 invocabant
820 4637 898 4742 lion
959 4637 1228 4714 veritate,
1283 4652 1501 4734 praesto
1553 4644 1712 4706 fuisti
1742 4634 2004 4726 adjut'or,
2038 4671 2068 4713 ο

2157 4661 2273 4738 ρεὺς
2299 4634 2574 4737 ’Βλασιος
2651 4634 2874 4724 ἐπιθεὶς.
2923 4634 3021 4728 τὴν
3095 4675 3260 4742 χεῖρα
3329 4662 3486 4722 αὐτοῦ
3508 4634 3519 4650 ι
3544 4634 3630 4719 ἐπὶ
3663 4634 3673 4637 ν
3704 4667 3800 4720 τὸν

421 4720 870 4797 Servator,audi
894 4743 1055 4830 meas
1079 4720 1376 4806 preces,et
1405 4731 1634 4813 spinam
1668 4720 1902 4797 inﬁxam
1932 4720 2068 4803 huic

2154 4720 2348 4824 λαιμὸν
2403 4749 2497 4806 τοῦ
2550 4720 2760 4822 παιδὸς,
2820 4720 3153 4826 προσηύξατο
3196 4720 3392 4815 Ιοὕτως
3428 4799 3444 4830 ,
3520 4752 3800 4818 ἀνατείνας

425 4826 639 4909 puero,
670 4819 770 4872 tua
805 4831 937 4892 quze
966 4814 1076 4877 sub
1106 4829 1410 4898 aspectum
1466 4841 1585 4882 non
1617 4823 1794 4902 cadit,
1829 4825 2062 4906 virtute,

2152 4841 2224 4903 εἰς
2247 4814 2258 4824 1
2285 4839 2370 4896 τὸν
2435 4841 2654 4918 οὐρανὸν
2683 4814 2758 4896 τὸ.
2787 4814 2936 4916 ὄμμα
2984 4814 3152 4896 ⁷αθτοῠ
3195 4842 3288 4896 καί
3337 4814 3507 4918 λέγων
3537 4843 3669 4919 πρὸς
3705 4814 3799 4898 τὸν

430 4897 490 5003 ei
519 4898 878 5003 enim‘e,eum
905 4921 1120 4966 curans
1152 4897 1254 4983 {et
1284 4907 1358 4969 de
1405 4918 1646 4987 caetero,
1675 4897 1808 4972 cum
1858 4933 1963 4976 seu
2008 4897 2066 4981 in

2153 4897 2283 4986 Θεόν
2309 4945 2327 4965 ⁶
2360 4927 2422 4986 Ὀ
2466 4897 2584 4993 τοῖς
2640 4897 3079 5003 ἐπικαλουμένοις
3136 4949 3194 4986 σε
3257 4928 3312 4984 ἐν
3353 4897 3799 5001 ἀὶῗηθείᾳισόντο-

427 4983 943 5086 hominibus,__seu
977 4997 1037 5054 in
1071 4996 1294 5074 pueris,
1327 5013 1434 5086 seu
1456 4983 1755 5086 inbestiis
1781 5002 1898 5066 tale
1923 5008 2066 5086 quid

571 5016 943 5095 iunugs,qseu
977 5016 1037 5095 in
1071 5016 1294 5074 pueris,
1327 5016 1898 5095 seuinnnestustaie
1923 5016 2066 5086 quid
2151 5040 2253 5091 μσς
2315 5017 2491 5094 ἰατρὸς
2565 5018 2848 5094 γενόμενος
2909 5018 3113 5095 σωτὴρ,
3187 5016 3483 5073 ἐπάκουσόν
3539 5039 3643 5091 μου
3699 5024 3802 5085 τῆς

424 5076 767 5169 contigerit,
789 5077 915 5140 illic
931 5089 1130 5144 autem
1154 5083 1501 5144 recordatus
1518 5084 1697 5147 fuerit
1717 5076 2070 5169 aliquis.mei

2150 5105 2382 5175 δεήσεως
2413 5107 2502 5162 καὶ
2545 5107 2642 5172 τὴν
2673 5105 3007 5182 ἐμπαγετσαν
3035 5104 3266 5162 ἄκανθαν
3298 5113 3372 5180 τῷ
3430 5105 3576 5163 παιδὶ
3629 5109 3804 5176 τούτῳ

431 5166 913 5255 nominis,dicens
937 5187 950 5227 :
979 5173 1570 5238 Deus,intercessione
1591 5182 1742 5236 servi
1764 5166 1842 5240 tui
1866 5186 2064 5255 Blasii,

435 5250 706 5312 accelera
731 5258 900 5315 tuum
925 5257 1211 5317 auxilium
1241 5275 1253 5316 :
1282 5257 1370 5318 fac
1398 5259 1592 5320 citoin
1613 5280 1681 5324 eo
1701 5250 2066 5334 curationem

433 5334 509 5432 ad
537 5335 786 5434 gloriam
814 5349 873 5434 et
895 5342 1186 5403 honorem
1211 5346 1400 5407 sancti
1422 5347 1506 5408 tui
1532 5352 1823 5434 nominis;
1859 5366 2066 5422 etcum

435 5420 566 5519 ipse
581 5423 712 5519 haec
731 5427 1000 5506 dixisset,
1035 5447 1283 5519 puerum
1325 5435 1521 5496 statim
1571 5455 1779 5500 sanum
1810 5420 2069 5511 restituit

433 5511 592 5569 sicut
626 5511 814 5603 prius,
849 5521 909 5574 et
936 5531 1075 5575 eum
1107 5517 1368 5582 reddidit
1399 5524 1574 5585 matri
1605 5543 1747 5603 sum,
1771 5549 1876 5596 ore
1908 5553 2064 5598 nun-

429 5614 606 5693 (luam
622 5601 827 5660 silente
850 5604 1025 5662 Deum
1062 5607 1388 5670 laudantem
1422 5624 1590 5686 atque
1628 5601 2060 5689 gloriﬁcantem.

430 5684 753 5746 Hominum
773 5695 969 5750 autem
990 5708 1268 5757 sermone
1289 5684 1830 5767 celebrabaturDei
1847 5684 2066 5795 ωσι-ἦέ

2151 5194 2360 5270 ἀοράτῳ
2389 5215 2481 5250 σου
2511 5193 2725 5267 δυνάμει
2756 5191 2917 5270 ἄφελε
2948 5192 2999 5258 ἐξ
3050 5194 3208 5250 ἀϋτοῦ
3267 5195 3550 5269 ἰασάμενος
3612 5195 3797 5276 αὐτὸν,

2151 5282 2237 5338 καὶ
2291 5282 2381 5337 ἐὰν
2442 5280 2548 5337 ἀπὸ
2610 5288 2695 5338 τοῦ
2751 5280 2836 5337 νῦν
2879 5280 2914 5348 ἢ
2971 5280 3024 5336 ἐν
3074 5281 3369 5358 ἀνθρώποις
3415 5284 3450 5350 ἢ
3506 5282 3561 5338 ἐν
3602 5284 3801 5364 βρέφε-

2151 5391 2254 5442 σιν,
2321 5369 2356 5435 ἢ
2395 5368 2447 5424 ἐν
2492 5370 2705 5438 κτήνεσι
2761 5371 2810 5424 τὶ
2854 5375 3093 5425 τοιοῦτον
3155 5369 3330 5446 συμϐῇ
3379 5392 3536 5446 ποτε,
3577 5395 3799 5448 μνημο-

2151 5457 2322 5512 νεύσει
2385 5455 2438 5512 δέ
2480 5477 2560 5520 τις
2590 5459 2709 5514 ἐκεῖ
2737 5463 2830 5512 τοῦ
2872 5455 3131 5531 ὀνόματός
3183 5479 3284 5533 μου
3314 5457 3484 5536 λέγων
3522 5477 3534 5492 ⁸
3570 5457 3630 5518 Ὀ
3663 5463 3795 5526 Θεὸς

2149 5548 2218 5618 τῇ
2279 5541 2528 5621 πρεσϐείᾳ
2575 5553 2668 5603 τοῦ
2727 5545 2912 5601 δούλου
2964 5566 3058 5602 σου
3115 5544 3341 5604 Βλασίου
3404 5546 3635 5626 τάχυνον
3692 5551 3793 5616 τὴν

2147 5631 2396 5707 βοήθειάν
2448 5653 2566 5711 σου⁷
2624 5633 2810 5698 εὐθέως
2869 5636 3091 5701 ποίησον
3146 5633 3232 5690 ἐπ’
3294 5635 3452 5691 αὐτὸν
3495 5637 3593 5703 τήν
3643 5636 3790 5695 ἴασιν

2148 5720 2222 5786 εἰς
2266 5715 2416 5787 δόξαν
2471 5722 2558 5778 καὶ
2605 5723 2768 5799 τιμὴν
2818 5732 2911 5784 τοῦ
2969 5722 3228 5800 ὀνόματός
3275 5745 3392 5788 σου,
3456 5727 3552 5784 Καὶ
3597 5727 3652 5783 ἐν
3710 5729 3789 5803 τῷ
