4066 6392
232 406 341 472 821

1213 411 1628 481 CERTAMEN
1669 416 1730 480 S.
1773 419 2021 482 BLASII
2066 423 2164 484 ET
2209 424 2609 490 SOCIORUM.

3487 435 3602 498 82'2

231 558 402 601 ειπεϊν
435 544 594 600 αότὸν
623 543 789 601 ταῦτα
831 547 1072 623 παραυτὰ
1116 547 1522 616 ἀποκατέστησε
1570 551 1661 608 τὸν
1710 553 1861 611 παῖδε

1962 563 2022 618 et
2051 556 2369 638 episc0pus
2405 560 2654 636 Blasius,
2707 580 2826 622 non
2877 563 3067 624 solum
3129 563 3448 641 Sebasteae,
3493 568 3598 628 sed

227 630 349 708 ὄγιῆ
380 635 451 695 ὡς
485 635 545 690 τό
575 634 851 713 πρότερον,
907 636 993 692 καὶ
1054 633 1326 692 ἀπέδωκεν
1382 639 1536 695 αὐτὸν
1588 647 1656 716 τῇ
1715 646 1861 722 μητρ

1960 630 2134 706 etiam
2167 630 2463 727 Nicopoli.
2486 630 2799 712 Eratenim
2825 652 3093 714 eruditus
3116 653 3292 715 etiam
3312 653 3373 715 in
3394 630 3594 717 scien-

228 721 387 778 αὖτοῦ
431 722 675 800 ἀσιγήτῳ
726 723 951 798 στόματι
1011 727 1257 781 αἰνοῦντα
1311 727 1405 782 καῖ
1459 726 1736 799 δοξάζοντα
1786 721 1861 787 τό·

1960 734 2036 796 tia
2066 721 2368 797 medendi.

226 816 379 875 Θεόν.
447 814 769 890 Διεϐεϐόητο
813 817 867 874 δὲ
909 821 936 875 6
992 827 1085 876 τοῦ
1129 827 1260 876 Θεοῦ
1305 816 1515 899 ’μάρτυς
1575 825 1659 878 καὶ
1717 824 2004 888 ἐπισκοπος
2064 828 2284 896 Βλασιος
2329 831 2384 887 οὒ
2429 833 2591 907 μόνον
2646 833 2700 888 ἐν
2757 839 2824 900 τῆ
2880 833 3190 912 Σεϐαστεία,
3226 837 3362 895 ἀλλὰ
3410 839 3495 897 καὶ
3540 840 3596 897 ἐν

221 910 291 981 τῇ
323 904 632 962 Νικοπόλειο
666 905 1082 982 πεπαιδευμένος
1114 910 1214 986 γὰρ
1241 909 1305 976 ἧν
1337 911 1364 966 6
1393 909 1589 988 μάρτυς
1621 914 1704 968 ιιιῖ
1736 915 1832 980 τὴν
1861 917 2100 997 ἰατρικὴν
2130 904 2457 988 ἐπιστήμην.

306 997 392 1060 Δ’.
428 997 576 1056 Κατὰ
607 995 660 1053 δὲ
693 999 789 1065 τὴν
821 996 938 1055 ὁδὸν
988 1000 1282 1080 ἐρχομένου
1327 1009 1418 1058 τοῦ
1473 1003 1621 1080 ἁγίου
1673 1003 1863 1073 συνέϐη

217 1093 480 1166 πενιχρᾶς
540 1108 682 1150 τινος
740 1089 986 1164 γυναικὸς
1053 1089 1144 1145 ἕνα
1213 1102 1404 1168 χοῖρον
1474 1091 1704 1170 ἐχούσης
1780 1096 1865 1151 καὶ

215 1175 389 1251 μηδὲν
473 1175 648 1252 ἕτερον
730 1178 1065 1252 κεκτημένης
1150 1179 1316 1246 αὐτῆς
1389 1181 1691 1258 ἁρπαγῆναι
1761 1185 1862 1239 ὑπὸ

212 1264 402 1324 λύκου·
457 1267 490 1332 ἡ
551 1263 606 1321 δὲ
663 1269 794 1342 γυνὴ
851 1269 1018 1334 πιστὴ
1081 1266 1208 1323 οὖσα
1263 1267 1558 1343 προσῆλθεν
1605 1277 1681 1344 τῷ
1729 1272 1862 1347 ἁγίῳ

206 1355 439 1432 μάρτυρι
488 1355 622 1422 κατὰ
679 1361 769 1410 τοῦ
823 1355 1005 1432 θηρός.
1072 1351 1128 1413 Ὀ
1189 1353 1241 1411 δὲ
1300 1356 1450 1433 ἅγιος
1509 1365 1604 1414 τοῦ
1635 1367 1860 1434 Χριστοῦ

209 1439 379 1521 ἱερεῦς
437 1445 521 1500 καὶ
577 1443 785 1521 Μάρτυς
837 1443 1060 1507 Βλάσιος
1111 1445 1490 1520 ὑπομειδιάσας
1543 1447 1641 1526 ἔφη
1699 1452 1853 1525 αὐτῇ·

205 1534 304 1600 Μὴ
363 1531 550 1601 λυποῦ,
614 1532 783 1609 γύναι,
843 1531 981 1608 μηδὲ
1035 1532 1243 1612 δάκρυε·
1295 1536 1708 1592 ἀποκαθίσταται
1759 1538 1858 1615 γὰρ

206 1643 305 1678 σοι
359 1623 387 1676 6
443 1634 636 1700 χοῖρος
683 1627 787 1692 ζῶν
834 1623 921 1678 καὶ
966 1620 1226 1689 ἀϐλαϐής.
1281 1626 1380 1681 Καὶ
1409 1623 1609 1704 ἤρχετο
1650 1627 1677 1681 6
1708 1625 1857 1704 ἅγιος

206 1710 296 1767 ἐπὶ
327 1713 427 1774 τῆς
462 1708 603 1767 ὁδοῦ·
645 1713 804 1768 αὐτοῦ
858 1709 913 1767 δέ
968 1712 1054 1768 ἐπὶ
1094 1711 1194 1778 τὴν
1252 1710 1547 1791 ὁδοιπορίαν
1604 1713 1857 1771 σπεύδον-

203 1821 302 1859 τος
357 1801 388 1854 ὁ
417 1797 573 1863 λύκος
607 1797 816 1868 ἀϐλαϐῆ
867 1797 1182 1879 διαφυλάξας
1235 1803 1328 1858 τὸν
1384 1815 1603 1880 χοῖρον,
1644 1802 1858 1860 ἀπέδω-

202 1911 305 1945 κεν
356 1887 512 1944 αῦτὸν
569 1893 638 1964 τῇ
711 1889 856 1968 χήρᾳ
927 1888 1156 1966 γυναικί.
1236 1889 1570 1954 Εἰσελθόντος
1641 1891 1696 1946 δὲ
1767 1895 1860 1948 τοῦ

201 1981 235 2034 ἁ
258 1979 366 2056 ίίου
412 1976 634 2034 Βλασίου
665 1977 718 2033 ἓν
769 1983 837 2052 τῇ
909 1977 1238 2056 μητροπόλει
1299 1977 1582 2052 Σεϐαστείᾳ
1641 1980 1854 2038 ἐκέλευ-

201 2089 300 2123 σεν
362 2069 390 2122 6
445 2068 660 2144 ἡγεμὼν
722 2067 1072 2143 Ἀγρικόλαος
1128 2065 1390 2143 βληθῆναι
1456 2070 1612 2124 αὐτὸν
1681 2069 1732 2125 ἐν

202 2154 442 2233 φυλακῇ.
507 2154 613 2213 Καΐ
673 2159 742 2230 τῇ
796 2153 919 2221 ἑξῆς
981 2156 1198 2220 καθίσας
1257 2155 1341 2212 ἐπὶ
1389 2164 1482 2237 τοῦ
1530 2158 1773 2233 βήματος
1829 2160 1857 2214 6

2027 1005 2126 1069 IV.
2151 1009 2224 1096 in
2258 1007 2472 1096 itinere
2501 1027 2636 1070 vero
2665 1010 3034 1088 ingrediente
3077 1023 3302 1089 sancto,
3341 1019 3591 1096 contigit

1947 1095 2375 1183 utcujusdam
2434 1100 2810 1177 paupercula:
2867 1100 3152 1175 mulieris,
3216 1122 3346 1183 quae
3402 1095 3587 1168 unum

1945 1181 2200 1244 habebat
2257 1202 2502 1274 porcum
2565 1194 2622 1246 et
2687 1188 2836 1248 nihil
2887 1189 3084 1264 aliud,
3141 1181 3587 1274 porcusalupo

1943 1278 2273 1350 raperetur.
2306 1273 2517 1333 Mulier
2535 1284 2761 1354 autem,
2787 1295 2919 1355 qua:
2941 1285 3068 1338 erat
3095 1279 3311 1353 ﬁdelis,
3337 1273 3590 1344 accessit

1942 1359 2015 1419 ad
2045 1367 2312 1421 sanctum
2349 1371 2667 1442 martyrem
2704 1372 2909 1433 contra
2941 1365 3148 1429 feram.
3175 1366 3425 1431 Sanctus
3447 1388 3587 1432 vero

1945 1446 2158 1536 Christi
2215 1450 2496 1511 sacerdos
2555 1460 2614 1512 et
2671 1460 2894 1533 martyr
2951 1453 3180 1516 Blasius
3243 1456 3585 1536 subridens,

1946 1535 2170 1598 dixitei
2199 1556 2212 1600 :
2245 1537 2330 1598 Nc
2362 1538 2444 1599 sis
2476 1539 2684 1613 tristis,
2723 1560 2755 1601 ο
2790 1541 3022 1617 mulier,
3062 1561 3170 1604 nec
3218 1535 3587 1623 Iacrymeris;

1940 1625 2070 1686 Tibi
2103 1625 2263 1687 enim
2287 1628 2571 1691 reddetur
2602 1647 2816 1708 porcus
2858 1631 3019 1692 vivus
3063 1643 3122 1692 et
3151 1633 3393 1695 illwsus.
3428 1633 3587 1696 San-

1941 1721 2072 1802 ctus
2115 1724 2309 1777 autem
2342 1718 2521 1796 ccepit
2573 1717 2687 1780 iter
2741 1720 2995 1797 ingredi.
3054 1719 3136 1781 Eo
3186 1741 3322 1784 vero
3375 1724 3584 1802 ingre-

1941 1801 2161 1877 diente,
2213 1804 2412 1882 lupus,
2467 1805 2569 1884 qui
2603 1824 2850 1883 porcum
2883 1807 3133 1870 illaesum
3189 1829 3584 1874 conservave-

1939 1899 2050 1966 rat,
2087 1910 2218 1952 eum
2250 1892 2513 1954 reddidit
2536 1893 2745 1957 viduae.
2772 1897 3044 1973 Ingresso
3075 1905 3272 1961 autem
3296 1907 3499 1962 sancto
3521 1906 3585 1961 in

1943 1980 2316 2059 metropolim
2353 1979 2718 2056 Sebasteam,
2746 1983 2926 2061 jussit
2956 2002 3174 2065 praeses
3227 1987 3584 2066 Agricolaus

1938 2085 2072 2128 eum
2097 2068 2313 2147 conjici
2342 2067 2398 2128 in
2432 2070 2785 2132 custodiam.
2825 2070 2932 2134 Die
2974 2089 3122 2135 vero
3171 2081 3444 2152 sequenti
3475 2095 3578 2137 se-

1938 2156 2086 2217 dens
2118 2175 2333 2236 prases
2366 2158 2424 2218 in
2458 2157 2762 2232 tribunali,
2808 2159 2988 2240 jussit
3033 2161 3250 2224 adduci
3308 2172 3580 2226 sanctum

202 2245 410 2323 ἄρχωι,
473 2243 745 2300 ἒκὲλευσεν
803 2244 1033 2324 ἀχθῆναι
1090 2243 1183 2300 τὸν
1236 2245 1388 2322 ἅγιον
1445 2245 1695 2308 Βλάσιον.
1754 2253 1856 2306 Τοῦ

1949 2245 2222 2308 Blasium.
2278 2250 2423 2310 Cum
2480 2247 2529 2307 is
2584 2254 2786 2309 autem
2840 2249 3146 2324 astitisset,
3190 2251 3396 2313 videns
3443 2271 3580 2314 eum

199 2333 256 2368 ﬁ:
434 2349 438 2354 ,
736 2331 811 2353 ,κς
951 2337 965 2358 ,
1013 2334 1030 2371 >
1127 2336 1140 2354 ρ
1364 2335 1378 2355 ε
1484 2333 1498 2354 ,
1781 2342 1809 2352 ..

195 2353 258 2390 οε
306 2333 677 2411 παραστάντος
739 2343 857 2389 ιὲων
912 2354 1006 2391 αυτ
1021 2354 1069 2388 ιν
1122 2355 1150 2388 ο
1207 2336 1427 2411 ἡγεμων
1481 2333 1672 2411 ἤρξατο
1702 2357 1854 2412 πρω-

196 2445 292 2479 τον
347 2422 598 2488 θωπείαις
655 2423 949 2502 κεχρῆσθαι
1012 2423 1143 2500 πρὸς
1202 2422 1382 2497 αῦτὸν,
1437 2426 1526 2479 καὶ
1587 2423 1856 2501 προτέρως

199 2512 364 2569 αὐτὸν
436 2511 726 2577 ἀσπάξεται
810 2509 980 2589 λέγων
1015 2527 1028 2540 ⁸
1107 2512 1343 2589 Χαίροις⁹
1435 2512 1856 2590 προσφιλέστατε

203 2601 425 2679 Βλάσιε,
487 2599 603 2679 φὶλε
664 2598 771 2656 τῶν
822 2599 954 2655 θεῶν
1009 2601 1093 2655 καὶ
1137 2600 1386 2677 ἡμέτερε.
1462 2593 1521 2658 Ὀ
1579 2600 1634 2657 δὲ
1704 2602 1856 2680 ἅγιος

203 2688 434 2753 Βλάσιος
464 2688 608 2766 λέγει
666 2691 830 2761 αῦτῷ’
889 2689 1104 2766 Χαίροις
1156 2691 1244 2744 καὶ
1299 2691 1383 2761 σὺ,
1436 2691 1679 2768 κράτιστε
1721 2693 1856 2768 ἡγε-

204 2779 343 2854 μῶν⁸
379 2779 460 2852 μὴ
490 2777 614 2856 λέγε
644 2779 829 2843 αὐτοὺς
887 2777 1036 2841 θεοὺς
1096 2776 1232 2832 ἀλλὰ
1288 2775 1532 2851 δαιμόνια
1589 2779 1859 2855 ἀκάθαρτα

203 2868 294 2923 καὶ
353 2868 585 2943 πονηρὰ,
646 2867 800 2923 ἅτινα
855 2872 933 2939 τῷ
982 2867 1174 2937 αἰωνίῳ
1230 2866 1318 2921 καὶ
1346 2865 1682 2937 ἀτελευτήτῳ
1740 2869 1860 2943 πυρὶ

206 2953 666 3034 παραδοθήσονται
729 2955 861 3030 μετᾶ
919 2960 1024 3010 τῶν
1093 2951 1398 3029 σεϐομένων
1455 2955 1606 3010 αῦτά⁸
1663 2961 1856 3028 Θυμω-

203 3047 312 3108 θεὶς
387 3043 441 3100 δὲ
515 3047 542 3100 6
613 3044 828 3120 ἡγεμὼν
889 3043 982 3099 ἐπὶ
1057 3043 1260 3104 τούτοις
1327 3041 1573 3100 ὶκέλευσε
1639 3041 1858 3118 βάκλοις

207 3134 410 3211 ἀργίοις
497 3133 778 3188 τύπτεσθαι
825 3131 1004 3196 αὐτόν,
1079 3130 1197 3187 Ἐπὶ
1270 3130 1500 3193 πολλαῖς
1572 3129 1627 3186 δὲ
1697 3132 1858 3209 ὥραις

1942 2352 2182 2414 praeses,
2217 2337 2395 2415 cmpit
2427 2335 2683 2413 primum
2717 2356 2852 2399 cum
2877 2356 2947 2400 eo
2967 2357 3142 2418 agere
3168 2340 3492 2416 blanditiis,
3524 2352 3585 2402 et

1942 2424 2105 2502 prius
2158 2440 2292 2485 eum
2355 2423 2590 2499 salutat,
2652 2425 2897 2487 dicens:
2963 2427 3151 2500 Salve,
3233 2428 3584 2492 charissima

1939 2511 2124 2592 Blasi,
2156 2512 2404 2574 deorum
2439 2512 2630 2576 amice
2689 2522 2749 2574 et
2805 2524 3033 2578 noster.
3087 2516 3340 2580 Sanctus
3392 2526 3588 2580 autem

1939 2600 2174 2662 Blasius
2204 2600 2348 2662 dicit
2378 2605 2433 2661 ei
2460 2621 2474 2664 :
2509 2601 2680 2664 Salve
2713 2611 2772 2665 tu
2805 2622 3064 2684 quoque,
3092 2623 3312 2685 praeses
3336 2605 3585 2686 optime.

1940 2686 2026 2749 Ne
2059 2706 2160 2749 eos
2193 2707 2326 2749 vero
2371 2688 2535 2749 dicas
2565 2689 2733 2770 deos,
2783 2691 2890 2753 sed
2921 2692 3216 2754 daemonia
3243 2713 3258 2752 :
3292 2712 3424 2773 quas
3452 2695 3591 2770 qui-

1941 2777 2077 2837 dem
2112 2776 2418 2838 tradentur
2447 2777 2568 2852 igni
2594 2787 2817 2841 aeterno
2849 2799 2984 2841 cum
3016 2781 3112 2861 iis,
3138 2781 3238 2861 qui
3259 2799 3330 2844 ea
3360 2783 3585 2844 colunt.

1942 2864 2046 2926 His
2079 2882 2300 2944 praeses
2357 2865 2447 2927 ira
2494 2871 2780 2944 percitus,
2833 2869 3012 2946 jussit
3061 2887 3196 2930 eum
3255 2869 3588 2948 agrestibus

1944 2953 2169 3014 baculis
2201 2953 2526 3014 verberari.
2561 2956 2760 3019 Multis
2788 2966 2985 3018 autem
3036 2956 3201 3019 horis
3241 2958 3590 3020 verberatus

1944 3049 2163 3120 martyr
2216 3039 2432 3102 Christi
2489 3042 2746 3114 Blasius,
2803 3043 2949 3104 dicit
3009 3043 3285 3122 praesidi:
3320 3044 3366 3107 Ο
3423 3045 3585 3106 nullo

1942 3148 2120 3191 sensu
2155 3130 2402 3209 praedite
2435 3139 2490 3190 et
2522 3131 2805 3210 deceptor
2853 3131 3212 3211 animarum,
3266 3139 3434 3212 putas
3491 3151 3587 3192 me

203 3223 539 3296 τυπτόμενος
597 3224 624 3276 6
681 3227 772 3276 τοῦ
833 3228 1058 3298 Χριστοῦ
1130 3221 1330 3296 μάρτυς
1414 3219 1640 3283 Βλάσιος
1716 3219 1857 3298 λέγει

1949 3237 2051 3297 per
2069 3227 2166 3279 tua
2191 3227 2482 3280 tormenta
2506 3219 2804 3281 abducere
2824 3238 2857 3280 a
2880 3219 2982 3281 Dei
3009 3219 3127 3280 mei
3161 3220 3538 3282 confessione
3557 3227 3584 3282 ‘P

202 3313 333 3385 πρὸς
367 3311 458 3366 τὸν
504 3309 768 3387 ἡγεμόνα·
823 3309 1133 3374 Ἀναίσθητε
1191 3310 1278 3364 καὶ
1335 3313 1527 3386 ψυχῶν
1586 3308 1855 3380 ἀπατεὼν,

203 3401 430 3480 ἅφιστᾷν
493 3419 557 3474 με
620 3400 847 3473 νομίζεις
899 3396 984 3454 διὰ
1037 3403 1144 3453 τῶν
1201 3397 1445 3472 βασάνων
1504 3418 1596 3452 σου
1645 3397 1703 3452 ἐκ
1760 3403 1857 3464 τῆς

1941 3306 2060 3369 Sed
2092 3326 2209 3368 non
2243 3317 2432 3387 potes.
2465 3306 2664 3370 Habeo
2698 3309 2857 3369 enim
2888 3307 3090 3370 Jesum
3120 3309 3444 3379 Christum,
3487 3312 3589 3388 qui

1943 3414 2040 3458 me
2072 3398 2438 3458 corroborat.
2476 3399 2559 3459 De
2588 3402 2804 3458 caetero
2839 3396 2928 3458 fac
2960 3397 3117 3477 quod
3147 3398 3405 3459 volueris
3432 3439 3449 3457 .

207 3500 299 3548 τοῦ
369 3499 503 3548 Θεοῦ
559 3513 660 3566 μου
703 3488 1014 3567 ὁμολογίας.
1076 3487 1225 3546 Ἀλλ’
1276 3493 1335 3547 o6
1399 3487 1638 3545 δύνασαι·
1699 3489 1816 3569 ἔχω
1874 3490 1972 3568 γὰρ
2029 3492 2120 3546 τὸν
2179 3488 2562 3565 ἐνδυναμοῦντά
2618 3512 2683 3563 με
2743 3489 2950 3556 Ἰησοῦν
2992 3492 3240 3567 Χριστόν.
3300 3493 3369 3546 T6
3409 3490 3599 3548 λοιπὸν

210 3592 348 3638 ποίει
379 3582 408 3637 ὃ
438 3578 641 3656 βουλει,

290 3675 372 3735 Ε’.
413 3665 506 3737 (Ως
539 3671 594 3728 δὲ
629 3674 720 3729 οῦκ
778 3671 1006 3751 ἴσχυσεν
1042 3672 1068 3726 6
1111 3669 1461 3734 ἀσεϐέστατος
1509 3671 1728 3748 ἡγεμὼν
1759 3692 1863 3746 με·-

207 3768 470 3831 ταστῆσαι
506 3763 660 3820 αὐτὸν
707 3762 814 3817 ἀπὸ
857 3765 954 3829 τῆς
1011 3760 1064 3816 ἐν
1123 3761 1333 3837 Χριστῷ
1391 3759 1641 3833 πίστεως,
1704 3759 1864 3815 πάλιν

211 3852 487 3909 ἐκέλευσεν
556 3851 920 3928 ἀπενεχθῆναι
993 3849 1150 3905 αὐτὸν
1221 3848 1274 3902 ἐν
1345 3852 1421 3920 τῷ
1490 3847 1857 3925 δεσμωτηρίῳ.

210 3945 456 3998 Μαθοῦσα
488 3937 542 3994 δὲ
573 3941 607 4006 ἢ
671 3937 890 4004 εῦσεϐὴς
958 3945 1117 4016 γραῦς
1190 3938 1277 3992 καὶ
1348 3937 1494 4015 χήρα
1564 3938 1695 4014 γυνὴ
1764 3939 1862 4003 τὴν

211 4029 491 4107 καρτερίαν
574 4029 660 4083 καὶ
743 4028 1018 4101 ὑπομονὴν
1090 4027 1181 4081 τοῦ
1265 4026 1414 4102 ἁγίου
1491 4026 1862 4104 ἱερομάρτῦρος

212 4117 439 4173 Βλασίου
470 4117 558 4172 καὶ
610 4127 705 4183 την
761 4115 1002 4189 ἒμμονὴν
1062 4118 1162 4180 τῆς
1202 4113 1426 4174 πίστεως
1487 4113 1666 4190 αὐτοῦ,
1727 4113 1864 4191 σφά-

213 4204 347 4270 ξασα
376 4207 460 4260 τὸν
493 4217 686 4283 χοῖρον
716 4204 775 4259 ὒν
808 4201 1041 4259 ἀπέλαϐε
1103 4200 1245 4272 παραὶ
1300 4208 1391 4258 τοῦ
1453 4203 1611 4277 θηρὸς
1656 4200 1738 4259 διὰ
1768 4207 1863 4268 τῆς

211 4299 306 4350 τοῦ
378 4293 523 4370 ἁγίου
595 4294 854 4370 μάρτυρος
923 4291 1205 4368 ἒπιταγῆς,
1275 4291 1363 4345 καὶ
1445 4288 1691 4364 ἐψήσασα
1763 4291 1860 4356 τὴν

211 4381 453 4460 κεφαλὴν
481 4384 570 4437 καὶ
618 4383 740 4443 τοὺς
797 4378 987 4453 πόδας,
1051 4381 1133 4435 καὶ
1193 4377 1426 4454 βαλοῦσα
1502 4382 1556 4434 ἓν
1613 4381 1864 4450 κανισκίῳ

210 4476 272 4530 ὶκ
325 4479 430 4528 τῶν
491 4473 808 4547 σπερμάτων
864 4473 964 4534 τῆς
1013 4470 1125 4544 ’γῆς
1178 4470 1275 4523 καὶ
1335 4465 1531 4544 ἅτέρων
1592 4470 1749 4524 τινῶν
1802 4470 1864 4522 ἒκ

211 4563 308 4628 τῆς
382 4559 559 4621 πενίας
624 4561 788 4626 αὗτῆς
868 4558 1003 4633 μετὰ
1074 4557 1159 4611 καὶ
1230 4556 1468 4632 ὀπώρας,
1543 4559 1734 4634 κηρούς
1807 4579 1859 4612 τε

211 4651 398 4725 ἅψασα
467 4649 798 4726 προσήνεγκε
870 4653 948 4720 τῷ
1018 4647 1152 4722 ἁγίῳ
1225 4645 1445 4721 μάρτυρι
1518 4645 1572 4700 ὲν
1649 4653 1712 4720 τῇ
1763 4671 1857 4725 φυ-

211 4739 377 4815 λακῇ,
411 4740 498 4794 καὶ
543 4739 864 4813 προσέπεσεν
924 4738 1066 4807 αὐτῷ
1123 4731 1347 4802 δεομένη
1421 4733 1504 4788 καὶ
1562 4736 1862 4791 ἱκετεύοδσα

212 4825 540 4904 μεταλαϐεῖν
571 4825 622 4891 ἐξ
651 4829 848 4884 αῦτῶν.
919 4822 1326 4901 Εὖχαριστήσας
1384 4819 1438 4875 δέ
1498 4823 1524 4876 6
1580 4822 1732 4899 ἅγιος
1775 4833 1864 4882 τοῦ

212 4923 440 4995 Χριστοῦ
529 4915 838 4993 ἱερομάρτυς
927 4911 1150 4972 Βλάσιος
1237 4908 1330 4964 καί
1417 4908 1729 4982 μεταλαϐὼν
1811 4909 1862 4976 ἐξ

255 5010 269 5030 ν
320 5012 346 5020 --
500 5007 513 5027 ‘I
575 5005 586 5028 ι
920 5002 931 5016 ι
1108 5001 1120 5019 \
1274 4995 1288 5017 τ
1379 4995 1402 5016 Ἰ
1722 5001 1731 5020 ι

215 5028 390 5064 αυτων
468 5011 755 5082 ευλογησεν
817 5004 978 5067 αὕτην
1039 5022 1124 5055 και
1184 4997 1270 5054 εἶθ
1348 5019 1512 5061 ουτως
1571 4998 1865 5056 ἐνετειλατο

216 5095 352 5170 αῦτῇ
409 5093 606 5169 λέγων·
659 5091 837 5162 Γύναι,
871 5090 1044 5161 τούτῳ
1075 5093 1150 5160 τῷ
1206 5087 1452 5164 σχήματι
1505 5086 1736 5142 ἐπιτέλει
1767 5089 1866 5158 τήν

219 5186 443 5259 μνήμην
476 5205 597 5256 μου,
652 5183 740 5237 καὶ
799 5183 858 5238 οὒ
915 5178 993 5252 μὴ
1036 5174 1257 5249 ἱκλείψῃ
1313 5174 1373 5230 ἐκ
1429 5181 1518 5230 τοῦ
1577 5175 1728 5232 οἴκου
1776 5198 1870 5235 σου

218 5273 534 5352 ἀγαθωσῦνη
595 5278 740 5327 πᾶσα
793 5269 933 5345 παρὰ
990 5273 1081 5323 τοῦ
1140 5263 1270 5320 Θεοῦ
1327 5287 1450 5338 μου,
1511 5263 1646 5320 ἀλλά
1701 5267 1787 5321 καὶ
1818 5263 1872 5321 εἴ

218 5385 300 5426 τις
360 5361 689 5437 μιμούμενός
748 5379 807 5413 σε
865 5355 1036 5428 τούτῳ
1089 5360 1166 5426 τῷ
1222 5352 1403 5430 τρόπῳ
1463 5352 1704 5410 ἐπιτελεῖ
1773 5355 1870 5420 τὴν

223 5453 446 5526 μνήμην
501 5472 627 5524 μου,
687 5446 1030 5502 ἀνέκλειπτον
1096 5441 1198 5506 ἕξει
1257 5441 1354 5506 τὴν
1410 5443 1550 5520 παρὰ
1595 5451 1689 5500 τοῦ
1746 5448 1874 5498 Θεοῦ

222 5561 326 5612 μου
385 5536 584 5614 δωρεὰν
649 5536 737 5591 καὶ
800 5531 1044 5608 εὒλογίαν
1104 5529 1275 5592 πάσας
1355 5528 1448 5591 τὰς
1507 5528 1708 5605 ἡμέρας
1780 5531 1874 5595 τῆς

223 5629 366 5700 ζωῆς
417 5631 600 5685 cat-3106.
670 5624 767 5680 Καὶ
824 5623 859 5688 ἡ
917 5619 1012 5696 μὲν
1086 5617 1233 5695 τιμία
1288 5619 1375 5674 καὶ
1430 5617 1660 5695 μακαρία
1715 5623 1874 5696 γραῦς

302 5723 322 5766 1
371 5718 578 5785 Matth.
614 5731 774 5794 xm,
812 5713 907 5781 t3.

2027 3673 2099 3733 V.
2128 3675 2271 3735 Cum
2298 3678 2495 3732 autem
2524 3689 2640 3731 non
2663 3670 2950 3749 potuisset
2971 3669 3193 3748 impius
3215 3687 3435 3749 prteses
3457 3689 3594 3733 eum

1907 3743 1910 3746 ’
1946 3779 1978 3820 a
2011 3759 2126 3821 ﬁde
2158 3760 2478 3832 abducere,
2507 3743 2684 3836 jussit
2717 3776 2850 3819 eum
2885 3743 3094 3818 rursus
3125 3743 3262 3818 duci
3297 3758 3358 3818 in
3390 3775 3596 3819 carce-

1947 3866 2094 3908 rem.
2135 3848 2279 3910 Cum
2304 3865 2442 3908 vero
2464 3846 2797 3925 accepisset
2819 3845 2920 3925 pia
2947 3863 3096 3906 anus
3121 3854 3179 3906 et
3205 3846 3380 3906 vidua
3409 3847 3598 3908 sancti

1949 3935 2218 4016 martyris
2248 3934 2426 3996 Blasii
2451 3935 2844 4004 tolerantiam,
2883 3935 3098 4010 eteius
3148 3932 3285 3993 ﬁdei
3313 3940 3594 3994 constan-

1950 4024 2111 4102 tiam,
2146 4041 2280 4083 cum
2319 4022 2639 4084 occidisset
2672 4040 2942 4101 porcum,
2996 4038 3172 4099 quem
3201 4040 3233 4080 ει
3265 4021 3392 4083 fera
3418 4039 3594 4083 acce-

1951 4128 2116 4190 perat
2139 4111 2310 4190 jussu
2345 4109 2529 4170 sancti
2565 4109 2855 4189 martyris,
2909 4117 2966 4169 et
3014 4108 3272 4170 coxisset
3323 4117 3498 4189 caput
3539 4119 3596 4172 et

1951 4200 2222 4278 pedes,et
2243 4201 2302 4260 in
2327 4198 2650 4260 canistrum
2684 4197 2925 4275 iecisset
2943 4214 3012 4258 cx
3038 4195 3366 4259 seminibus
3392 4206 3586 4277 terrae,

1947 4297 2009 4350 et
2037 4288 2336 4368 aliquibus
2362 4287 2494 4348 aliis
2516 4305 2588 4348 ex
2613 4305 2719 4346 sua
2743 4293 3087 4364 paupertate
3113 4303 3247 4344 cum
3275 4284 3587 4360 fructibus,

1946 4395 2270 4457 cereusque
2299 4375 2696 4450 accendisset,
2730 4373 2920 4435 attulit
2949 4373 3022 4433 ad
3055 4385 3324 4434 sanctum
3371 4380 3588 4452 marty-

1945 4483 2071 4528 rem
2109 4465 2165 4526 in
2214 4464 2566 4540 custodiam,
2601 4471 2659 4524 et
2705 4461 2962 4539 procidit
2987 4461 3060 4522 ad
3094 4461 3224 4539 ejus
3252 4460 3450 4541 redes,
3483 4479 3587 4521 ro—

1945 4573 2090 4634 gans
2117 4563 2180 4615 ut
2209 4573 2277 4615 ex
2313 4554 2398 4614 eis
2430 4558 2715 4613 sumeret.
2739 4550 2882 4612 Cum
2911 4549 3128 4629 gratias
3151 4556 3348 4609 autem
3376 4548 3593 4627 egisset

1946 4652 2207 4719 sanctus,
2245 4653 2307 4704 et
2340 4663 2408 4704 ex
2442 4643 2528 4702 eis
2559 4640 2932 4721 sumpsisset,
2967 4647 3033 4699 et
3075 4637 3400 4712 benedixit,
3451 4636 3593 4699 etei

1948 4732 2265 4803 mandavit,
2301 4730 2543 4792 dicens:
2583 4727 2814 4801 Mulier,
2849 4726 2910 4785 in
2959 4727 3068 4786 hoc
3123 4724 3327 4786 habitu
3375 4742 3589 4804 perage

1948 4821 2065 4881 mei
2095 4817 2745 4888 commemorationem,
2787 4821 2844 4876 et
2873 4815 2933 4874 in
2962 4814 3138 4874 domo
3167 4820 3268 4874 tua
3311 4831 3429 4873 non
3474 4810 3585 4873 de-

1948 4910 2108 4970 ﬁciet
2137 4926 2314 4968 omne
2347 4906 2566 4966 bonum
2601 4922 2634 4964 a
2666 4906 2787 4966 Deo
2819 4920 2976 4963 meo.
3018 4899 3136 4962 Sed
3168 4909 3230 4960 et
3271 4901 3319 4961 si
3371 4899 3502 4979 quis
3532 4908 3590 4960 te

1949 4997 2060 5057 hoc
2094 4997 2265 5056 modo
2293 4994 2551 5065 imitans,
2586 4989 2704 5052 mei
2734 4988 3028 5069 peregerit
3059 4986 3584 5048 commemoratio-

1951 5103 2110 5159 nem,
2174 5081 2416 5143 habebit
2462 5099 2495 5141 a
2531 5081 2654 5142 Deo
2707 5096 2838 5138 meo
2895 5083 3244 5156 perpetuum
3278 5074 3497 5135 donum
3531 5081 3592 5135 et

1954 5171 2442 5234 benedictionem
2480 5164 2759 5228 omnibus
2792 5161 3002 5225 diebus
3016 5164 3294 5224 vitaesmn.
3310 5162 3385 5223 Et
3404 5179 3591 5222 vene-

1953 5259 2136 5321 randa
2166 5258 2404 5339 quidem
2439 5256 2537 5316 illa
2569 5262 2627 5315 et
2657 5253 2829 5314 beata
2857 5269 3028 5325 anus,
3051 5257 3294 5339 accepto
3315 5247 3588 5339 mandato

1955 5367 1988 5410 a
2018 5335 2220 5409 sancto
2249 5353 2502 5424 martyre
2533 5342 2750 5416 Blasio,
2783 5343 2968 5400 Deum
3005 5338 3273 5417 laudans,
3298 5335 3439 5424 abiit
3458 5335 3591 5395 laeta

1956 5437 2018 5498 in
2076 5437 2316 5497 domum
2376 5422 2569 5506 suam,
2628 5439 2686 5492 et
2742 5427 2988 5507 impleta
3015 5426 3122 5488 fuit
3165 5427 3227 5487 in
3278 5426 3392 5486 hac
3424 5422 3596 5484 beata

1957 5524 2135 5586 vidua
2181 5521 2508 5601 Scriptura,
2571 5535 2701 5598 quae
2752 5515 2941 5577 dicit:
2979 5538 3008 5571 ι
3056 5513 3296 5575 Dicetur
3339 5508 3587 5592 ubique,

1958 5612 2276 5692 fecit.ipsa,
2311 5609 2385 5670 ad
2417 5609 2547 5687 ejus
2580 5603 2924 5668 memoriam
2952 5602 3001 5675 Ι,
3035 5625 3063 5659 ι
