4066 6426
441 430 560 496 823

1573 431 1957 493 ADDENDA.
2004 460 2082 471 —
2144 421 2650 486 FEBRUARIUS.

3698 409 3816 474 824

441 565 592 632 κείνη
663 564 895 623 λαϐοῦσα
952 568 1050 631 τὴν
1107 564 1326 632 ἐντολὴν
1390 566 1530 641 παρὰ
1585 574 1676 622 τοῦ
1741 565 1893 639 ἀγιου
1973 558 2346 636 ἱερομάρτυρος
2424 553 2649 610 Βλασὶου
2719 549 3000 621 δοξάζουσα
3033 639 3040 641 λ
3075 551 3166 605 τὸν
3204 551 3365 641 *θεὸν
3435 548 3604 641 ἀπῄαι
3681 545 3817 624 χαί-

441 675 605 733 ρουσα
662 653 748 710 ἐπὶ
791 655 880 710 τὸν
943 655 1097 710 οἶκον
1148 658 1336 726 αὐτῆς,
1373 637 1798 731 καὶ-ἐπληρώθη
1841 652 1925 706 καὶ
1977 649 2032 704 ἐν
2074 648 2242 722 ταύτῃ
2291 652 2360 720 τῇ
2404 648 2566 719 πιστῇ
2610 642 2819 721 χήρᾳή
2879 639 3060 718 Γραφὴ
3110 641 3144 706 ἦ
3203 637 3432 716 λέγουσα
3475 637 3555 695 ὅτι
3619 658 3648 690 α
3702 642 3820 695 Λα-

441 741 733 810 ληθῆσεται
761 749 1040 822 πανταχοῦ
1069 744 1096 798 ὃ
1140 742 1386 810 ἐποίησεν
1417 743 1549 808 αὕτη
1583 745 1654 804 εἷς
1685 741 2025 816 μνημόσυνον
2059 737 2239 804 αὒτῆς·
2280 755 2306 793 ι
2743 815 2754 826 _

522 834 622 898 Vl.
654 835 962 915 Tyrannus
1005 841 1201 896 autem
1235 854 1371 896 cum
1420 834 1684 896 secundo
1738 848 2084 914 progressus

2251 828 2358 903 ς’,
2425 826 2484 884 Ὀ
2547 824 2601 880 δὲ
2655 822 2902 902 τύραννος
2961 823 3013 878 ἐν
3069 823 3282 901 δευτέρᾳ
3339 822 3550 902 προόδῳ
3595 826 3815 888 καθίσας

441 923 689 985 sedisset
719 923 780 984 in
813 923 1118 996 tribunali,
1144 923 1320 1003 jussit
1363 922 1576 985 adduci
1613 921 1717 984 Dei
1746 930 2083 1000 martyrem.

441 1010 566 1083 Quo
593 1010 874 1086 adducto,
905 1011 1048 1073 dicit
1081 1011 1134 1073 ei
1167 1030 1388 1092 praises
1419 1034 1431 1075 :
1457 1013 1640 1091 Blasi,
1673 1011 1866 1072 diisne
1897 1010 2086 1070 sacri-

435 1100 602 1175 ficas,
635 1119 706 1162 an
740 1101 825 1162 vis
859 1100 1014 1162 male
1045 1100 1288 1182 perire?
1345 1101 1500 1165 Dixit
1543 1111 1785 1162 sanctus
1817 1098 2084 1160 Blasius:

2169 919 2255 976 ἐπὶ
2320 940 2413 974 του
2469 914 2711 992 βήματος
2766 911 3038 968 ἐκέλευσεν
3095 913 3328 992 ἀχθῆναι
3391 916 3481 970 τὸν
3535 917 3628 970 τοῦ
3685 923 3822 975 Θεοῦ

2171 1009 2429 1085 μάρτυρα,
2462 1002 2750 1083 Ἀχθέντος
2782 1000 2836 1057 δὲ
2885 1001 3045 1060 αὐτοῦ
3093 1001 3238 1079 λέγει
3296 1003 3437 1076 αὑτῷ
3492 1006 3520 1060 6
3570 1006 3840 1081 ἡγεμώνο.

2173 1096 2386 1168 Βλάσιε,
2445 1095 2582 1156 θύεις
2641 1104 2754 1156 τοῖς
2806 1095 2948 1152 θεοῖς
3022 1090 3056 1157 ἧ
3129 1090 3300 1156 θέλεις
3369 1093 3546 1155 κακῶς
3609 1093 3818 1150 ἀπολέ-

431 1187 552 1265 Dii,
587 1173 685 1270 qui
731 1191 945 1252 ccelum
978 1173 1281 1252 et'terram
1314 1209 1433 1251 non
1486 1190 1780 1263 fecerunt,
1820 1195 2084 1269 pereant-

2173 1190 2340 1257 σθαι;
2402 1173 2460 1238 Ὀ
2515 1182 2666 1259 ἅγιος
2698 1179 2921 1243 Βλάσιος
2951 1180 3129 1237 εἶπεν*
3193 1183 3312 1238 Θεοὶ
3369 1183 3424 1238 οἳ
3454 1183 3546 1238 τὸν
3597 1185 3820 1261 οὐρανὸν

435 1269 621 1350 Quam
658 1287 718 1340 tu
748 1288 948 1342 autem
983 1280 1132 1342 mihi
1163 1280 1410 1341 minaris
1435 1288 1712 1356 mortem,
1741 1297 1810 1340 ea
1837 1277 2084 1338 mihivi-

2170 1277 2254 1331 καὶ
2287 1273 2385 1339 τὴν
2416 1277 2518 1349 γῆν
2575 1272 2670 1326 οὒκ
2724 1270 2979 1336 ἐποὶησαν
3037 1269 3435 1332 ἂπολέσθωσαν.
3488 1271 3588 1329 "Ov
3637 1270 3694 1328 δὲ
3730 1274 3814 1347 σὺ,

432 1375 550 1428 tam
575 1376 858 1429 aeternam
879 1368 1248 1431 conciliabit.
1265 1368 1490 1430 Praases
1513 1386 1651 1430 vero
1673 1373 1806 1428 cum
1838 1366 2084 1428 vidisset

2170 1365 2410 1441 τύραννε,
2463 1358 2713 1422 ἀπειλεῖς
2769 1381 2860 1433 μοι
2910 1360 3166 1441 θάνατον,
3215 1365 3359 1430 ζωῆς
3417 1362 3627 1417 αἰωνίου
3677 1363 3818 1440 πρό-

435 1459 564 1533 ejus
595 1456 770 1516 fidem
804 1455 1262 1532 immutabilem,
1291 1457 1467 1536 jussit
1498 1475 1634 1518 eum
1661 1457 1720 1516 in
1754 1455 1916 1533 ligno
1950 1473 2082 1514 sus-

2170 1439 2310 1518 Εενός
2375 1473 2462 1525 μοι
2520 1450 2828 1527 γενήσεται.
2908 1439 2964 1505 Ὀ
3023 1445 3076 1503 δὲ
3143 1450 3362 1526 ἡγεμὼν
3432 1451 3687 1525 θεάμενος
3723 1439 3820 1507 ίτὸ

434 1562 687 1624 pensum
718 1544 860 1605 οωόὶ
889 1546 1302 1607 vehementer.
1337 1547 1481 1608 Cum
1527 1545 1624 1604 diu
1650 1554 1842 1606 autem
1881 1545 2075 1605 crede-

2170 1541 2485 1616 ἂμετάθετον
2545 1537 2704 1594 αὐτοῦ
2758 1542 2858 1603 τῆς
2917 1537 3146 1601 πίστεως
3204 1537 3475 1595 ἐκέλευσεν
3535 1541 3692 1596 αὐτὸν
3734 1539 3821 1596 ἐπὶ

431 1639 597 1694 retur
627 1641 844 1712 martyr
873 1632 979 1694 Dei
1006 1632 1257 1712 Blasius,
1291 1633 1431 1696 dicit
1467 1634 1598 1694 duci
1629 1652 1642 1695 :
1695 1632 1743 1696 Ο
1793 1633 1970 1711 impie
2021 1640 2081 1692 et

2170 1637 2253 1687 τοῦ
2307 1628 2457 1695 ξύλοῦ
2527 1625 2884 1703 ἆναρτηθέντα
2939 1624 3144 1690 ξέεσθαι
3219 1628 3467 1690 εὐτόνως.
3541 1629 3819 1704 Ξεόμενος

433 1720 662 1800 inique,
711 1729 958 1799 putasne
988 1740 1084 1781 me
1117 1731 1338 1782 terrere
1371 1723 1554 1802 plagis
1575 1730 1602 1784 ?
1643 1721 1844 1783 Habeo
1873 1722 2078 1784 .lesum

2170 1719 2217 1774 δὲ
2266 1721 2294 1774 6
2343 1725 2436 1774 τοῦ
2480 1723 2627 1802 ’Θεοῦ
2685 1715 2882 1791 μάρτυς
2943 1715 3166 1779 Βλάσιος
3217 1717 3300 1772 ἐπὶ
3349 1715 3508 1792 πολὺ,
3565 1715 3712 1795 λέγει
3743 1721 3822 1787 τῷ

432 1799 754 1881 Christum,
788 1809 891 1890 qui
921 1828 1014 1870 me
1045 1799 1410 1885 corroborat,
1472 1799 1529 1871 et
1582 1829 1702 1872 non
1734 1812 1914 1871 timeo
1948 1818 2066 1883 tua,

2170 1806 2414 1886 ἧγεμότι·
2474 1799 2538 1859 Ὠ
2609 1802 2926 1860 ἀσεϐέστατε
2980 1806 3068 1860 καὶ
3125 1804 3424 1883 παράμονε,
3486 1807 3714 1877 νομίζεις
3752 1830 3819 1881 με

433 1916 568 1975 quae
599 1897 892 1975 videntur,
929 1907 1240 1972 tormenta,
1275 1899 1573 1978 aspiciens
1623 1899 1694 1960 ad
1729 1898 1907 1978 bona,
1943 1915 2074 1977 quae

2170 1908 2400 1972 ττγηγατς
2427 1906 2805 1972 καταπτοεϊνς
2862 1892 3022 1971 ’Έχω
3078 1892 3286 1959 Ἰησοῦν
3343 1897 3567 1972 Χριστὸν
3597 1895 3820 1953 ἐνδυνα-

432 1993 875 2066 exspectantur,
936 2007 1070 2068 quae
1121 1995 1256 2048 sunt
1299 1989 1590 2068 promissa
1619 1988 1716 2068 iis,
1749 1990 1848 2068 qui
1882 1989 2074 2067 ipsum

433 2085 723 2155 quaerunt.
754 2077 917 2138 Tunc
941 2078 1121 2156 jussit
1147 2094 1367 2156 praeses
1391 2096 1525 2139 eum
1552 2077 1626 2139 de
1650 2076 1810 2156 ligno
1835 2075 2078 2155 deponi.

2162 1985 2362 2062 μοῦντά
2419 2004 2508 2056 με,
2573 1983 2660 2038 καὶ
2733 1985 2791 2039 οὖ
2861 1979 3121 2058 φοϐοῦμαί
3177 2003 3270 2039 σου
3327 1983 3421 2047 τὰς
3479 1983 3820 2060 βλεπομένας

2165 2074 2449 2152 βασάνους,
2511 2069 2828 2128 ἀποϐλέπων
2888 2071 2960 2133 εἷς
3021 2071 3084 2126 τὰ
3154 2071 3572 2150 προσδοκώμενα
3645 2072 3818 2152 ἀγαθᾶ

431 2162 578 2225 Cum
608 2164 818 2253 fuisset
849 2174 1042 2227 autem
1077 2165 1410 2253 depositus,
1456 2167 1633 2244 jussit
1677 2183 1813 2227 eum
1871 2181 2084 2226 rursus

2170 2164 2234 2219 τὰ
2286 2160 2662 2240 ἐπηγγελμένα
2723 2172 2839 2221 τοῖς
2896 2159 3052 2216 αὐτὸν
3109 2159 3440 2231 ἐκζητοῦσιν.
3499 2163 3630 2220 Τότε
3689 2162 3819 2220 ἐκέ-

435 2252 654 2331 conjici
687 2257 744 2314 in
777 2253 1124 2315 custodiam.
1172 2252 1317 2316 Cum
1370 2272 1506 2315 vero
1567 2254 1964 2316 abduceretur
2019 2253 2082 2314 in

2170 2252 2354 2308 λευσεν
2439 2251 2467 2306 ό
2537 2249 2756 2327 ἡγεμὼν
2826 2251 3214 2328 κατενεχθῆναι
3295 2252 3450 2306 αὑτὸν
3536 2251 3642 2308 ἀπὸ
3727 2260 3821 2310 τοῦ

436 2340 762 2403 custodiam
823 2351 1060 2404 sanctus
1113 2350 1330 2422 martyr
1393 2342 1647 2422 Blasius,
1684 2361 1825 2403 ecce
1855 2350 2082 2421 septem

436 2429 722 2492 mulieres
748 2430 862 2509 piae
887 2439 943 2491 et
967 2431 1246 2492 timentes
1271 2431 1480 2508 Deum,
1497 2449 1632 2491 eum
1658 2430 2080 2511 sequebantur,

435 2519 800 2598 excipientes
830 2521 1198 2597 sanguinem,
1233 2519 1333 2600 qui
1365 2538 1432 2581 ex
1465 2519 1594 2599 ipso
1641 2518 1981 2593 distillabat,
2028 2525 2087 2579 et

437 2608 663 2688 seipsas
694 2617 1008 2684 ungentes.
1032 2607 1192 2680 Quas
1240 2627 1377 2669 cum
1439 2608 1726 2669 vidissent
1757 2608 1994 2668 lictores
2025 2614 2085 2668 et

436 2697 1002 2777 approbendissent,
1036 2697 1336 2758 duxerunt
1379 2697 1450 2758 ad
1497 2697 1838 2776 praesidem,
1897 2697 1950 2756 ei
1985 2696 2082 2757 di-

437 2795 659 2848 centes.
722 2784 827 2847 Hae
883 2805 1120 2867 quoque
1175 2795 1313 2848 sunt
1368 2785 1740 2850 Christianae.
1804 2787 1950 2846 Cum
1986 2802 2088 2846 eas

433 2887 632 2938 autem
663 2894 886 2956 przeses
918 2877 1179 2950 vidisset,
1214 2876 1356 2938 dicit
1413 2878 1542 2938 eis:
1576 2875 2084 2954 Persuadeamini,

438 2973 494 3026 et
528 2965 642 3026 diis
675 2965 1026 3038 sacriﬁcate,
1063 2973 1128 3026 ut
1162 2983 1404 3044 magnos
1436 2966 1853 3026 honoresame
1881 2981 2090 3024 conse-

438 3055 733 3132 quamini.
765 3054 1140 3116 Venerandae
1162 3073 1298 3116 vero
1332 3064 1390 3116 et
1421 3063 1637 3116 sancta:
1660 3055 1940 3115 mulieres
1972 3052 2087 3113 illae

433 3143 894 3225 reSpondentes,
952 3144 1230 3206 dixerunt
1287 3145 1339 3205 ei
1370 3161 1382 3203 :
1440 3146 1502 3203 Si
1531 3143 1642 3215 vis,
1679 3162 1712 3203 ο
1748 3159 1988 3222 praises,
2023 3146 2088 3201 ut

437 3233 552 3296 diis
580 3231 698 3293 tuis
725 3231 1155 3310 sacriﬁcemus,
1191 3249 1396 3292 eamus
1442 3249 1629 3308 prope
1661 3231 1854 3290 lacum
1886 3251 1898 3290 :
1933 3238 1992 3288 et
2024 3237 2085 3288 tu

439 3320 678 3400 quidem
706 3319 962 3379 immitte
980 3319 1126 3380 deos
1153 3328 1284 3380 tuos
1307 3321 1363 3379 in
1387 3327 1706 3383 saccum,et
1724 3337 1824 3380 eos
1846 3316 2088 3398 plumbo

2169 2340 2347 2406 ξύλου.
2439 2337 2860 2417 Κατενεχθέναος
2946 2336 3000 2392 δὲ
3094 2339 3253 2395 αὑτοῦ
3335 2338 3494 2396 πάλιν
3578 2339 3823 2397 ἐκέλευεν

2170 2429 2325 2488 αὐτόν
2358 2427 2618 2504 βληθῆναι
2672 2426 2726 2482 ἐν
2784 2433 2853 2502 τῇ
2907 2426 3138 2506 φυλακῇ,
3203 2428 3573 2505 Ἀπαγομένου
3622 2428 3676 2484 δὲ
3727 2439 3822 2488 τοῦ

2169 2519 2321 2596 ἁγίου
2384 2517 2750 2595 ἱερομάρτυρος
2837 2514 3060 2576 Βλασίου
3128 2520 3184 2572 ἐν
3254 2524 3322 2593 τῇ
3393 2516 3621 2597 φολακῇ,
3713 2520 3823 2577 ἰδοὺ

2170 2619 2418 2685 γυναῖκες
2480 2605 2612 2661 ἐπτὰ
2668 2602 2904 2668 εὒσεϐέϊς
2976 2607 3063 2662 καὶ
3137 2604 3456 2685 φοϐούμεναι
3525 2610 3616 2664 τὸν
3689 2613 3822 2667 Θεὸν

2171 2693 2492 2762 ἠκολούθουν
2576 2695 2738 2772 αὐτῷ,
2819 2691 3109 2772 δεχόμεναι
3182 2697 3248 2751 τὰ
3330 2695 3695 2768 ἂποστάζοντα
3771 2700 3824 2764 ἐξ

2171 2785 2329 2840 αὐτοῦ
2413 2783 2620 2858 α’ίματα
2700 2781 2797 2838 καὶ
2871 2783 3060 2846 ἑαυτὰς
3131 2783 3528 2864 ἐπαλείφουσαι,
3617 2790 3822 2854 Ταύτας

2171 2874 2340 2929 τοίνυν
2375 2870 2572 2934 ἰδόντες
2605 2873 2652 2927 οἱ
2682 2870 2863 2946 δήμιοι
2914 2873 3009 2935 τάς
3067 2886 3325 2950 γυναῖκας
3375 2875 3462 2931 καὶ
3515 2879 3823 2954 κρατήσαν-

2170 2983 2254 3026 τες
2312 2961 2469 3022 αὑτὰς
2530 2961 2812 3038 ἀπήγαγον
2868 2966 2945 3032 τῷ
2999 2964 3224 3039 ἡγεμόνι
3275 2961 3516 3040 λέγοντες
3567 2965 3709 3040 αὐτῷ
3740 2968 3822 3023 ὅτι

2176 3051 2272 3108 Καὶ
2305 3052 2456 3106 αὗται
2518 3051 2825 3126 Χριστιαναί
2884 3055 3034 3110 εἰσιν,
3090 3049 3237 3108 ἰδὼδ
3283 3049 3336 3106 δὲ
3393 3053 3548 3119 αὐτὰς
3599 3058 3626 3110 ὁ
3682 3058 3816 3134 ἡγε-

2172 3139 2285 3211 μὼν
2345 3138 2487 3216 λέγει
2535 3139 2665 3213 πρὸς
2727 3137 2908 3200 αὐτάς·
2975 3140 3256 3220 Πείσθητε,
3316 3141 3404 3197 καὶ
3459 3140 3637 3198 θύσατε
3692 3158 3813 3207 τοῖς

2171 3230 2314 3288 θεοῖς
2376 3225 2467 3281 ἵνα
2519 3224 2615 3282 καΐ
2679 3224 2834 3290 δόξης
2890 3229 2978 3282 καὶ
3034 3233 3205 3300 τιμῶν
3265 3229 3512 3306 μεγάλων
3563 3228 3817 3300 ἂξιωθῆτε

2172 3312 2298 3391 παρ’
2359 3313 2488 3388 ἐμοῦ
2547 3314 2658 3369 ἐπεὶ
2719 3312 2940 3388 μέλλετε
2999 3318 3200 3393 πικριῖις
3250 3317 3622 3387 ἀποθνήσκειν,
3676 3322 3736 3376 Al
3767 3320 3823 3378 δὲ

439 3409 728 3487 obsigna:
765 3426 870 3468 nos
899 3415 1096 3468 autem
1129 3426 1264 3468 cum
1306 3407 1674 3469 abluerimus
1719 3408 1919 3468 vultus
1973 3423 2084 3466 no-

2170 3403 2340 3476 τίμιαι
2424 3405 2510 3458 καὶ
2593 3402 2741 3478 ἅγιαι
2834 3403 3035 3460 ἐκεῖναι
3106 3419 3354 3480 γυναῖκες
3447 3407 3823 3488 ἀποκριθεῖσαι

439 3501 596 3558 stros
625 3495 684 3556 in
719 3497 872 3573 lacu,
933 3494 1309 3570 accedemus,
1350 3503 1408 3556 et
1451 3498 1536 3556 eis
1588 3492 2080 3555 sacrificabimus.

2173 3493 2332 3547 εἶπον
2393 3493 2557 3563 αὐτῷ.
2625 3493 2680 3548 Εἰ
2733 3491 2924 3568 θέλεις,
2957 3496 3002 3548 ὦ
3031 3496 3273 3572 ἡγεμὼν,
3306 3496 3398 3553 ἵνα
3425 3499 3669 3570 θύσωμεν
3700 3501 3824 3564 τοῖς

438 3582 546 3648 His
597 3584 826 3646 laetatus
855 3565 1098 3663 praeses,
1148 3583 1218 3644 ad
1281 3565 1380 3644 eas
1431 3583 1670 3645 adduxit
1728 3585 1875 3643 deos
1919 3599 2080 3640 suos.

2170 3584 2310 3644 θεοῖς
2368 3602 2483 3658 σου,
2561 3565 2916 3655 πορευθῶμεν
2959 3565 3094 3656 ὁμού
3136 3565 3377 3660 Ὕὲγγιστα
3448 3584 3544 3652 τῆς
3573 3565 3822 3669 λίμνης,

435 3671 560 3734 Illae
617 3682 811 3733 autem
872 3690 1004 3733 cum
1057 3689 1160 3732 eos
1207 3679 1600 3753 accepissent,
1644 3671 1992 3751 dejeccrnnt
2024 3676 2084 3730 et

2170 3671 2254 3726 καὶ
2324 3669 2386 3724 σὺ
2459 3670 2555 3744 μὲν
2630 3669 2759 3744 βάλε
2836 3671 2954 3733 τοὺς
3005 3673 3153 3734 θεοὺς
3213 3694 3306 3729 σου
3361 3675 3437 3737 εἷς
3495 3677 3693 3733 σάκκον
3740 3679 3827 3734 καὶ

435 3760 849 3822 demerserunt
881 3760 942 3821 in
975 3759 1266 3840 profundo
1301 3761 1486 3822 lacus.

2170 3757 2456 3838 σφράγισον
2514 3759 2702 3823 αὐτοὺς
2762 3757 3018 3834 μολίϐδῳ,
3081 3762 3245 3836 ἡμεῖς
3306 3762 3361 3818 δὶ
3419 3766 3708 3839 νιψάμεναι
3762 3767 3828 3822 τὰ

432 3856 693 3934 πρόσωπα
773 3857 929 3929 ἡμῶν
985 3855 1040 3908 ἐν
1091 3860 1158 3929 τῇ
1216 3854 1376 3931 λίμνῃ
1438 3855 1811 3933 προσελθωμεν
1892 3855 1977 3910 καὶ
2039 3852 2278 3926 θύσωμεν
2342 3853 2554 3915 αὐτοῖς.
2627 3859 2802 3938 Ταῦτα
2858 3851 3082 3918 ἀκούσας
3151 3857 3179 3909 6
3235 3855 3455 3932 ἡγεμὼν
3508 3860 3596 3914 καὶ
3666 3881 3826 3938 περι..

433 3945 609 4022 χαρὴς
688 3944 972 4022 γενόμενος
1032 3945 1396 4021 προσήνεγκεν
1454 3946 1640 4008 usus;
1721 3944 1839 4007 τοὺς
1895 3943 2046 4005 θεοὺς
2107 3942 2288 4003 αὐτοῦ,
2363 3943 2423 3996 Αἱ
2476 3939 2530 3996 δὲ
2590 3937 2842 3996 λαϐοῦσαι
2922 3939 3168 3999 ἐνέϐαλον
3241 3942 3676 4012 ἐαταποντίςαςαι
3741 3937 3826 4010 εἷς

435 4034 529 4088 τὸν
555 4034 708 4108 βυθὸν
744 4037 840 4098 τῆς
875 4032 1093 4106 λίμνης.

517 4121 639 4186 VII.
675 4122 818 4187 Cum
851 4125 976 4186 haec
1013 4124 1251 4185 vidisset
1283 4142 1523 4202 praeses,
1561 4124 1842 4186 etfurore
1876 4123 2084 4185 fuisset

2247 4121 2325 4183 Z’.
2387 4120 2530 4178 Ἰδὼν
2586 4119 2640 4175 δὲ
2694 4128 2858 4177 ταῦτα
2917 4125 2944 4178 6
3003 4125 3222 4201 ἡγεμὼν
3301 4125 3588 4193 ἧλλοίωσεν
3660 4131 3821 4187 αύτοῦ

437 4213 725 4292 percitus,
760 4213 926 4275 valde
961 4214 1205 4293 rugiens
1230 4213 1383 4274 sicut
1412 4215 1530 4288 leo,
1558 4223 1614 4275 et
1638 4213 1926 4293 plaudens
1953 4231 2082 4272 ma-

2170 4211 2262 4278 τὴν
2325 4210 2474 4284 ὄψιν,
2536 4211 2632 4264 καί
2697 4209 2946 4286 ἐμμανὴς
3017 4213 3303 4290 γενόμενος
3372 4214 3568 4294 σφόδρα
3637 4219 3827 4296 βρύξας

434 4301 633 4376 nibus,
659 4302 1108 4364 fuitadmodum
1140 4301 1326 4362 iratus
1354 4302 1664 4377 militibus,
1700 4309 1757 4364 et
1778 4302 1924 4364 dixit
1951 4301 2036 4361 cis
2065 4321 2080 4361 :

2173 4300 2357 4375 ὥσπερ
2399 4297 2558 4370 λέων,
2611 4297 2698 4352 καί
2750 4301 3021 4376 προτῆσας
3068 4303 3161 4364 τὰς
3187 4317 3381 4384 χεῖρας
3429 4305 3586 4366 αύτοῦ
3615 4307 3828 4382 ἐθυμώ-

431 4388 479 4451 Ο
507 4391 752 4469 pessimi
775 4390 1054 4470 ministri,
1077 4410 1187 4452 cur
1212 4410 1329 4452 non
1354 4391 1497 4451 deos
1533 4392 1880 4469 retinuistis,
1914 4409 1988 4451 ne
2024 4390 2084 4450 in

433 4478 793 4558 profundum
815 4478 974 4539 lacus
990 4477 1409 4557 injicerentur?
1422 4480 2081 4560 Respondentesjautem

434 4566 676 4641 milites,
713 4565 988 4627 dixerunt
1012 4567 1279 4646 praesidi:
1308 4566 1355 4630 Ο
1381 4569 1604 4648 optime
1628 4566 2083 4647 prmsesglolum

435 4653 538 4714 tibi
562 4654 774 4714 locum
795 4664 936 4714 sunt
963 4654 1054 4716 hae
1075 4656 1382 4730 mulieres,
1401 4665 1456 4717 et
1473 4657 1616 4717 deos
1642 4664 1768 4716 tuos
1789 4656 2086 4716 demerse-

433 4748 595 4803 runt.
615 4741 738 4803 Nos
755 4758 890 4801 vero
906 4741 1018 4802 hoc
1038 4744 1397 4820 nescientes,
1410 4751 1510 4806 eos
1528 4763 1644 4805 non
1661 4741 2085 4806 tenuimus.Di-

435 4836 651 4891 xerunt
683 4836 880 4890 autem
914 4830 1030 4892 illa)
1049 4842 1266 4894 sanctas
1288 4843 1348 4896 et
1376 4833 1728 4895 venerandae
1759 4831 2081 4894 mulieres:

434 4922 588 4978 Deus
610 4936 782 4979 verus
803 4922 996 4980 dolum
1012 4938 1128 4983 non
1153 4926 1490 4996 patitur,sed
1509 4925 1678 4981 surda
1702 4925 1853 4995 ligna
1869 4934 1921 4980 et
1945 4923 2085 4995 lapi-

434 5006 628 5079 des,et
648 5024 856 5068 aurum
887 5019 942 5069 et
965 5020 1296 5088 argentum,
1317 5019 1371 5072 et
1395 5028 1625 5078 omnes,
1653 5010 1755 5086 qui
1785 5009 2088 5070 confidunt

2167 4391 2266 4453 θην
2298 4385 2414 4441 λίαν
2447 4385 2584 4440 κατὰ
2613 4387 2720 4440 τῶν
2749 4395 3108 4464 στρατιωτῶν,
3167 4391 3265 4448 καί
3319 4394 3499 4451 εἶπενο
3545 4391 3608 4450 Ὠ
3669 4398 3829 4453 κάκι-

2167 4495 2282 4530 στοι
2343 4475 2430 4528 καὶ
2485 4470 2642 4529 δεινοὶ
2697 4475 2980 4556 ὺπηρέται,
3041 4477 3124 4534 διὰ
3175 4482 3225 4535 τί
3273 4485 3331 4540 οὐ
3379 4483 3674 4563 γατὲσγετε
3709 4487 3829 4552 τοὺς

2165 4565 2313 4651 θεοὺς
2382 4563 2476 4619 ἵνα
2549 4564 2626 4638 μὴ
2697 4553 3034 4638 ἓμϐληθῶσιν
3103 4569 3160 4624 ἐν
3225 4577 3302 4644 τῷ
3361 4574 3502 4648 βυθῷ
3548 4553 3826 4651 ’λίμνηςς

2168 4653 2228 4741 gl
2285 4650 2339 4706 δὲ
2402 4658 2724 4729 στρατιῶται
2801 4654 3174 4732 ἀποκριθέντες
3231 4661 3390 4718 εἷπον
3439 4667 3516 4735 τῷ
3568 4650 3823 4741 ἡγεμόνιέ

2174 4734 2239 4794 Ὠ
2323 4741 2565 4818 κράτιστε
2624 4743 2865 4818 ἡγεμὼν,
2927 4742 3078 4802 δόλον
3137 4734 3496 4817 σοιέλάλησαν
3547 4734 3829 4830 αἶ’γυναῖο

2175 4850 2268 4892 κες
2331 4831 2504 4885 αὗται·
2570 4831 2954 4888 κατεπόντισαν
3009 4835 3129 4900 τοὺς
3184 4837 3330 4902 θεοὺς
3383 4860 3496 4896 σου.
3533 4841 3729 4916 Ἦμετς
3776 4840 3830 4897 δὶ

2173 4918 2253 4992 μὴ
2317 4919 2670 4995 γινώσκοντες
2727 4930 2882 4980 τοῦτο
2941 4926 3034 4980 οὒκ
3089 4925 3457 5002 ἐκρατήσαμεν
3512 4929 3697 4992 αὐτάς.
3769 4941 3828 4996 Αἱ

2169 5005 2223 5061 δὲ
2280 5007 2446 5070 τίμιαι
2506 5008 2705 5063 ἐκεῖναι
2761 5010 2847 5064 καὶ
2904 5009 3050 5088 ἅγιαι
3107 5027 3356 5089 γυναῖκες
3429 5017 3611 5072 εἷπον·
3691 5021 3824 5084 Θεὸς

431 5093 494 5155 in
522 5093 800 5157 eis.Tunc
824 5065 1309 5179 furoreapercitus
1327 5115 1564 5176 prazses,
1588 5065 1764 5176 jussit
1785 5098 2084 5160 fornacem

2179 5065 2430 5160 ἀληθινὸς
2462 5093 2614 5151 δόλον
2648 5098 2707 5152 οὖ
2739 5065 2963 5176 πάσχει,
2995 5065 3046 5155 εἶθ
3068 5065 3643 5184 μέλ-ξύλαήκωωαηκαὶ

431 5183 678 5244 accendi
701 5185 1308 5254 vehementissimam.
1330 5193 1386 5246 et
1412 5185 1656 5247 dissolvi
1677 5186 2005 5267 plumbum,
2033 5193 2084 5247 et

2172 5185 2264 5240 καί
2323 5186 2521 5262 χρυσὸς
2573 5186 2660 5240 καὶ
2719 5183 2938 5262 ἄργυρος
2995 5190 3081 5244 καὶ
3137 5191 3332 5255 πάντες
3391 5183 3459 5249 oi?
3500 5195 3814 5258 πεποιθότες

429 5273 648 5362 ferreos
669 5274 859 5362 afferri
886 5277 1159 5346 pectines,
1177 5285 1235 5334 et
1257 5286 1470 5344 septem
1494 5292 1683 5334 aeneas
1701 5277 1939 5336 laminas
1959 5292 2084 5334 can-

2171 5271 2262 5362 ,én’
2325 5274 2550 5362 w’xpotc.
2600 5272 2728 5330 Τότε
2775 5271 3029 5362 ,ἐμμανὴς
3059 5280 3342 5356 γενόμενος
3375 5285 3401 5338 6
3455 5285 3659 5362 ἡγεμὸν
3701 5285 3817 5342 ἐκέ-

429 5355 1039 5448 deﬂerizsplendidum
1059 5358 1752 5448 autem-linteumelttendi
1782 5361 1838 5415 in
1863 5362 1979 5419 alio
2001 5363 2084 5420 lo-

2170 5360 2349 5448 λευσεν
2403 5359 2657 5436 ἐγκαῆναι
2721 5361 2943 5434 κάμινον
3014 5369 3400 5444 σφοδροτάτην,
3645 5373 3812 5448 μόλι-

431 5456 522 5517 co,
550 5439 824 5536 dixitque
853 5439 1076 5500 sanctis
1118 5439 1508 5502 mulieribus:
1546 5443 1758 5522 Eligite
1789 5462 1970 5506 unum
2005 5465 2075 5508 ex

2170 5447 2284 5504 ϐδον
2313 5447 2555 5527 λυθῆναι,
2587 5449 2674 5503 καὶ
2705 5448 2882 5505 κτένια
2913 5451 3100 5531 σιδηρᾶ
3159 5456 3468 5536 ἐνεχθῆναι,
3525 5463 3624 5517 καί
3645 5439 3657 5448 ‘
3678 5462 3812 5519 ἐπτὰ

427 5528 788 5604 duobus,aut
809 5530 1058 5617 adorare
1077 5530 1257 5592 etdiis
1279 5533 1706 5613 sacriﬁcare,et
1726 5554 2075 5601 conservare

2170 5535 2463 5610 πυμψέλλια
2511 5535 2693 5615 χαλκᾶ
2749 5528 3072 5615 πυρωθῆναι,
3132 5528 3572 5613 ἁπλωθῆναινκαί
3617 5551 3808 5617 ὀθόνην

429 5617 658 5676 animas
681 5625 927 5694 vestras,
946 5616 1392 5682 ambulantesin
1411 5622 1615 5695 linteo,
1644 5624 1820 5695 aut,si
1847 5627 2070 5702 nolitis,

2170 5625 2407 5716 ίιίλιμῖπρὰν
2463 5628 2540 5716 ἰενΔ
2575 5625 2738 5716 ἑτέρῳ
2794 5628 2961 5702 τόπῳ·
3026 5635 3111 5689 καὶ
3159 5634 3282 5690 εἶπε
3330 5638 3460 5714 πρὸς
3494 5639 3588 5701 τὰς
3621 5640 3799 5716 ἁγίας·

427 5709 682 5778 experiri
707 5717 992 5768 tormenta
1003 5722 1130 5780 quae
1151 5715 1455 5775 suntvobis
1478 5717 1824 5788 parata.Una
1849 5732 1980 5779 vero
2002 5734 2074 5779 ex

2170 5710 2463 5778 Ἐκλὰξασθε
2520 5712 2574 5770 ἓν
2630 5713 2691 5772 ἐκ
2741 5717 2847 5773 τῶν
2895 5717 3004 5786 δύο.
3050 5721 3085 5790 ἥ
3126 5709 3492 5801 προσκυνησαι
3523 5727 3618 5784 καί
3650 5709 3801 5788 θῦσαι
