4066 6416
392 386 509 455 827

1556 391 1943 456 ADDENDA.
1975 424 2053 437 —-—
2089 392 2599 458 FEBRUARIUS.

3650 401 3770 469 828

394 533 617 610 paratae
638 521 793 609 apud
831 526 1016 591 Deum
1078 523 1410 589 caelestem.
1447 523 1567 589 Nos
1596 545 1737 606 ergo
1770 534 1829 589 et
1863 546 2024 590 com-

2119 526 2411 606 ἐπουρανίῳ
2465 551 2558 586 σου
2608 529 2964 606 θυσιαστηρίῳ
3039 533 3110 595 ὡς
3175 532 3367 611 ἀγαθὸς
3426 536 3515 591 καὶ
3569 535 3768 615 φιλάν-

398 618 618 680 menda
638 616 1009 679 sanctissimo
1028 622 1085 677 et
1106 615 1239 677 forti
1261 616 1807 697 athletm,episcopo
1831 626 2035 679 nostro

392 715 452 769 et
482 708 704 788 pastori
735 706 955 770 Blasio.
987 707 1154 769 Tunc
1195 705 1521 785 spiculator
1562 704 1815 767 abscidit
1843 707 2038 787 capita

400 805 628 878 septem
678 803 1012 858 sanctarum
1074 793 1415 871 mulierum,
1447 803 1504 855 et
1533 793 1768 857 occulte
1796 794 2039 859 fuerunt

394 895 839 948 consummatze.

394 982 580 1054 σκόπῳ
634 980 788 1055 ἡμῶν
841 981 928 1036 καὶ
983 976 1133 1051 καλῷ
1175 977 1388 1052 ποιμένι
1448 976 1659 1052 Βλασίῳ
1687 986 1763 1052 τῷ
1814 977 2057 1053 ἀοιδίμῳ,

2118 621 2346 695 θρωπος.
2417 619 2493 676 Τὰ
2544 616 2599 675 δὲ
2661 618 2849 675 παιδία
2907 619 3267 696 προσελθόντα
3329 629 3397 700 τῇ
3425 622 3525 696 ἰδίᾳ
3576 626 3769 703 μητέρι

2121 708 2280 764 εἶπον
2344 708 2476 784 αὗτῇ
2509 728 2521 741 ·
2587 714 2794 789 Μῆτερ,
2858 714 2903 767 οἱ
2962 710 3209 790 στέφανοι
3240 712 3395 788 ὴμῶν
3436 712 3638 789 ἕτοιμοι
3667 717 3769 772 εἶσι

2120 797 2264 874 παρὰ
2322 803 2399 870 τῷ
2458 796 2752 874 ἐπουρανίῳ
2806 806 2923 873 Θεῷ
2958 814 2971 829 '
3048 800 3285 877 παράθου
3339 801 3430 859 οὖν
3481 804 3623 877 ἡμᾶς
3695 811 3772 877 τῷ

2120 885 2404 962 ἁγιωτάτῳ
2431 890 2527 943 καλι
2566 889 2790 964 γενναίῳ
2821 886 3030 966 ἀθλητῇ
3070 895 3161 945 τοῦ
3217 898 3467 969 Χριστοῦ,
3520 898 3601 965 τῷ
3640 896 3766 949 ism-

2118 980 2248 1039 Τότε
2307 981 2335 1036 6
2391 980 2769 1060 σπεκουλάτωρ
2798 981 3032 1059 ἀπέτεμε
3062 984 3157 1049 τὰς
3213 984 3445 1064 κεφαλὰς
3475 993 3580 1045 τῶν
3632 974 3770 1045 ἔπτά

391 1068 552 1147 ἁγίων
592 1075 874 1146 γυναικῶν,
923 1070 1015 1123 καί
1060 1066 1441 1134 ἐτελειώθησαν
1474 1066 1528 1121 ἒν
1563 1069 1733 1145 Κυρίῳ
1763 1073 1891 1143 μηνὶ
1919 1068 2275 1149 Φεϐρουαρίῳ.

467 1156 539 1221 Χ.
574 1160 713 1219 Post
742 1157 868 1218 haec
898 1163 1095 1219 autem
1121 1154 1294 1237 jubet
1338 1173 1556 1235 praeses
1587 1164 1855 1217 sanctum
1887 1158 2025 1220 Bla-

386 1246 540 1309 sinm
566 1247 736 1309 educi
755 1266 788 1309 e
811 1245 1101 1308 custodia.
1136 1244 1264 1319 Quo
1289 1244 1684 1325 educto,dicit
1704 1246 1757 1307 ei
1783 1264 1796 1307 :
1825 1246 2028 1308 Diisne

385 1335 562 1397 modo
582 1335 905 1411 sacriﬁcas,
932 1354 1132 1397 annon
1151 1341 1179 1398 ?
1201 1333 1357 1398 Dicit
1383 1337 1439 1395 ei
1471 1343 1715 1396 sanctus
1744 1334 1973 1398 Blasius
2010 1357 2023 1400 :

381 1423 585 1501 Miser,
618 1444 753 1488 cum
786 1425 868 1487 sis
899 1444 1117 1498 caicus,
1168 1443 1288 1486 non
1331 1423 1495 1486 vides
1546 1441 1746 1485 veram
1803 1424 2022 1488 lucem.

383 1513 527 1588 Quis
547 1514 709 1577 enim
738 1515 939 1590 homo,
966 1517 1069 1592 qui
1095 1516 1279 1576 Deum
1302 1514 1492 1575 vivum
1513 1531 1775 1594 unquam
1802 1533 2024 1593 cogno-

383 1602 488 1679 vit,
522 1609 770 1666 mortuis
817 1603 1153 1666 simulacris
1184 1602 1499 1679 sacriﬁcat,
1537 1613 1643 1664 aut
1671 1622 1740 1664 ea
1771 1604 2030 1666 adorat?

382 1691 475 1754 Tu
495 1712 631 1773 ergo
652 1692 916 1756 tenebris
938 1692 1200 1755 involute
1225 1701 1283 1755 et
1301 1692 1527 1773 inique,
1564 1693 1718 1754 scias
1750 1702 1807 1754 te
1840 1693 2025 1755 Deum

382 1783 576 1845 vivum
616 1782 790 1846 dimis
822 1784 964 1857 isse,
1000 1791 1060 1844 et
1102 1783 1355 1844 adorare
1387 1781 1621 1861 lapides
1656 1782 1822 1843 nullo
1852 1800 2030 1844 sensu

383 1870 812 1951 praeditosSed
853 1890 963 1952 ego
1002 1890 1119 1932 non
1155 1870 1378 1933 timebo
1413 1870 1604 1932 minas
1628 1878 1780 1932 tuas.
1815 1870 1892 1934 Ut
1943 1872 2032 1933 vis

385 1975 550 2037 ergo,
586 1977 682 2021 me
725 1967 956 2041 torque.
989 1958 1186 2021 Trado
1219 1958 1325 2020 tibi
1386 1976 1598 2020 carnes
1634 1977 1834 2021 meas:
1876 1962 2032 2024 Deus

381 2054 580 2110 autem
614 2046 794 2110 habet
822 2049 1037 2110 animae
1054 2056 1428 2128 potestatem.
1464 2047 1690 2109 Praeses
1714 2048 1858 2111 dicit
1888 2068 2027 2111 san-

386 2142 482 2199 cto
519 2155 532 2199 :
564 2134 623 2199 Si
653 2145 709 2198 te
741 2112 1145 2219 projecero'in
1177 2136 1399 2217 lacum,
1430 2137 1573 2218 quid
1609 2136 1709 2198 tibi
1743 2137 2026 2217 proderit,
2058 2112 2091 2160 Β

384 2243 562 2307 quem
586 2226 760 2300 dicis,
792 2225 1083 2302 Christus,
1133 2244 1314 2306 quem
1363 2225 1544 2288 etiam
1580 2226 1843 2289 adoras?
1873 2227 2030 2289 Dixit

383 2323 625 2376 sanctus
673 2316 957 2378 Blasius:
1015 2313 1184 2378 Caace
1247 2322 1305 2376 et
1339 2315 1501 2375 nullo
1545 2331 1722 2376 sensu
1755 2315 2021 2395 praedite,

380 2402 721 2466 adulterina
740 2403 975 2482 adoras,
1008 2413 1067 2467 et
1122 2411 1293 2485 putas
1342 2412 1401 2465 te
1446 2422 1582 2466 esse
1613 2403 1864 2467 salvum.
1901 2405 2024 2485 Ego

385 2499 581 2555 autem
605 2491 903 2556 Christum
936 2494 1125 2556 vivum
1166 2492 1393 2560 colens.
1429 2512 1548 2554 non
1582 2493 1887 2555 ostendam
1914 2493 2022 2554 tibi

383 2583 445 2645 in
477 2600 630 2663 aqua
685 2583 789 2646 Dei
848 2583 967 2647 mei
1021 2582 1313 2645 virtutes?
1363 2581 1530 2644 Tunc
1578 2580 1756 2662 jussit
1805 2600 2024 2662 praeses

381 2689 516 2734 eum
554 2670 674 2752 jaci
732 2672 791 2734 in
853 2672 1073 2735 lacum.
1126 2671 1385 2735 Sanctus
1438 2689 1578 2732 vero
1625 2669 2020 2752 prmveniens,

383 2760 713 2841 obsignavit
741 2779 949 2842 aquam
982 2782 995 2825 :
1021 2779 1151 2841 quas
1177 2760 1339 2822 stetit
1359 2759 1611 2841 perinde
1637 2778 1705 2821 ac
1734 2760 1781 2821 si
1816 2758 2025 2820 fuisset

383 2868 550 2929 pons.
582 2850 932 2932 Sedensque
954 2848 1013 2911 in
1048 2848 1246 2911 medio
1281 2848 1622 2925 lacus,dixit
1658 2849 1971 2911 lictoribus
2007 2868 2019 2907 :

381 2937 444 3000 Si
473 2937 705 3002 habetis
737 2940 903 3021 deos,
952 2938 1252 3001 ostendite
1283 2956 1491 3001 eorum
1524 2937 1797 3010 virtutes,
1833 2946 1892 3000 et
1922 2956 2025 2999 vos

382 3045 618 3109 quoque
638 3027 1045 3106 ingredimini.
1082 3024 1418 3104 Statimque
1442 3026 1692 3104 ingressi
1724 3026 2028 3104 seXaginta

382 3122 443 3176 et
494 3124 627 3179 octo
679 3116 815 3198 viri,
868 3116 1166 3180 submersi
1220 3124 1360 3177 sunt
1415 3117 1472 3177 in
1505 3114 1800 3194 profundo
1830 3133 2022 3194 aquae.

380 3203 547 3268 Tunc
562 3206 806 3285 angelus
822 3205 1058 3267 Domini
1076 3204 1455 3266 descendens
1478 3202 1551 3263 ad
1574 3211 1845 3264 sanctum
1859 3202 2025 3276 ,dicit

380 3293 433 3355 ei
472 3311 487 3355 :
523 3292 721 3356 Gratia
740 3295 918 3375 plena
939 3301 997 3356 et
1015 3293 1296 3374 praeclara
1336 3291 1558 3367 anima,
1596 3292 1701 3354 Dei
1732 3291 2019 3372 pontifex,

2191 1160 2254 1222 ι’.
2311 1161 2457 1215 Μετὰ
2516 1159 2569 1216 δὲ
2627 1168 2793 1218 ταῦτα
2848 1161 3053 1219 κελεύει
3084 1166 3111 1220 6
3138 1165 3358 1243 ἡγεμὼν
3407 1165 3640 1246 ἀχθῆναι
3670 1168 3767 1225 τὸν

2112 1249 2261 1327 ἅγιον
2321 1249 2545 1307 Βλάσιον
2579 1250 2638 1306 ἐκ
2696 1250 2791 1317 τῆς
2842 1258 3094 1331 φρουρὰς.
3157 1251 3442 1334 Ἀχθέντος
3486 1256 3540 1311 δὲ
3603 1258 3764 1314 αὐτοῦ

2113 1341 2235 1394 εἷπε
2281 1340 2411 1415 πρὸ)
2464 1339 2616 1395 αὖτύν
2652 1359 2666 1375 ο
2732 1340 2840 1397 Κᾶν
2898 1340 3012 1418 ἄρτι
3056 1343 3191 1407 θύεις
3240 1357 3353 1406 τοῖς
3408 1348 3553 1408 θεοῖς
3584 1345 3619 1414 ἢ
3649 1345 3763 1423 οῦς

2114 1428 2267 1504 Λέγει
2322 1428 2452 1506 πρὸς
2513 1430 2667 1484 αὐτὸν
2724 1431 2752 1484 6
2810 1429 2958 1506 ἅγιος
3022 1430 3243 1496 Βλάσιος
3282 1452 3295 1465 ·
3332 1431 3515 1490 Ἀθλιε
3562 1434 3760 1514 τυφλὸς

2111 1515 2183 1572 ὢν
2227 1519 2330 1595 οὔχ
2374 1519 2498 1594 ὁρᾷς
2542 1519 2604 1573 τὸ
2633 1522 2745 1597 φῶς
2776 1524 2869 1574 τοῦ
2915 1526 3047 1576 Θεοῦ
3093 1521 3154 1575 τὸ
3207 1519 3476 1587 ἀληθινόν.
3515 1524 3604 1587 Τίς
3659 1524 3762 1601 γὰρ

2111 1604 2400 1681 ἀνθρώπων
2460 1606 2586 1661 ποτὲ
2618 1607 2877 1683 γνωρίσας
2926 1609 3056 1665 Θεὸν
3114 1615 3311 1684 ζῶντα,
3377 1609 3609 1678 εἰδώλοις
3666 1635 3761 1668 νε-

2111 1706 2262 1770 κροῖς
2322 1695 2429 1750 θύει
2488 1694 2521 1761 ἢ
2574 1709 2913 1773 προσκυνεῖς
2983 1699 3055 1752 Σὺ
3106 1697 3218 1777 οὖν,
3272 1698 3612 1776 ὲσκοτισμένε
3664 1701 3764 1759 καῖ

2115 1782 2304 1861 ἅνομε,
2351 1786 2509 1860 γνῶθι
2569 1782 2650 1839 ὅτι
2708 1785 2839 1840 Θεὸν
2894 1791 3066 1857 ζῶντα
3140 1787 3353 1867 ἀφῆκας
3384 1836 3401 1862 ,
3459 1791 3549 1846 καὶ
3596 1790 3763 1856 λίθοις

2113 1874 2453 1942 ἀναισθήτοις
2512 1886 2854 1953 προσκυνεῖς.
2919 1875 3067 1932 Ἀλλ’
3122 1876 3230 1955 ἐγὼ
3274 1878 3333 1935 οὗ
3389 1877 3764 1959 φοϐηθήσομαι

2113 1962 2207 2026 τὰς
2254 1962 2478 2025 ἀπειλάς
2525 1986 2642 2023 σου.
2677 1962 2771 2027 Ὠς
2829 1964 3001 2027 θέλεις
3057 1968 3169 2037 οῦν,
3205 1964 3374 2030 οὕτως
3424 1989 3489 2042 με
3539 1968 3767 2044 βασάνι-

2114 2073 2230 2114 σον,
2268 2053 2371 2116 Τὰς
2404 2053 2600 2131 σάρκας
2645 2074 2747 2128 μου
2780 2051 3110 2131 παραδίδωμί
3138 2076 3228 2111 σοι
3266 2075 3279 2089 ·
3322 2055 3417 2123 τῆς
3462 2054 3515 2112 δὲ
3575 2062 3765 2136 ψυχῆς

2115 2144 2142 2197 ὁ
2188 2142 2316 2202 Θεὸς
2362 2140 2671 2212 ἐξουσιάζει.
2729 2140 2789 2198 Ὀ
2832 2144 3052 2220 ἡγεμὼν
3083 2142 3232 2223 λέγει
3266 2146 3396 2221 πρὸς
3434 2147 3528 2201 τὸν
3553 2146 3709 2223 ἅγιον
3745 2163 3761 2178 ’

2112 2227 2235 2288 Ἐὰν
2267 2231 2405 2307 ῥίψω
2435 2250 2494 2285 σε
2550 2229 2604 2286 ἐν
2649 2252 2715 2306 τῃ
2769 2229 2953 2308 λίμνῃ,
3001 2233 3049 2287 τί
3104 2254 3163 2288 σε
3218 2232 3475 2312 ὠφελήσῃ
3529 2233 3623 2290 ἒπῗ
3667 2236 3765 2293 τοῦ

2108 2318 2291 2383 ὕδατος
2348 2319 2405 2373 ὃν
2461 2317 2634 2397 λέγεις
2692 2321 2940 2399 Χριστὸν,
2988 2322 3045 2376 ὃν
3119 2322 3208 2378 καὶ
3266 2336 3643 2398 προσκυνετςς
3696 2327 3760 2383 '0

2107 2408 2256 2485 ἃγιος
2317 2405 2542 2470 Βλαῖσιος
2575 2407 2729 2465 εἶπεν
2766 2425 2780 2442 ⁸
2813 2408 2985 2487 Τυγλὲ
3042 2409 3137 2466 καὶ
3190 2410 3497 2490 ἂναίσθητε,
3531 2410 3762 2480 κίὸδηλα

2108 2508 2421 2570 προσκυνεῖς
2485 2494 2695 2573 ἄψυχα,
2742 2497 2832 2553 καὶ
2905 2498 3130 2573 νομίζεις
3191 2501 3425 2565 σωθῆναι
3459 2520 3473 2533 ’
3537 2498 3648 2579 ἐγὼ
3704 2500 3762 2558 δὲ

2108 2590 2223 2656 Θεῷ
2251 2591 2408 2655 ζῶντι
2453 2583 2719 2660 λατρεύων
2751 2587 2810 2641 οὔ
2841 2582 2990 2649 δείξω
3033 2607 3120 2642 σοι
3178 2586 3270 2648 τὰς
3315 2585 3408 2644 τοῦ
3465 2595 3598 2645 Θεοῦ
3656 2612 3764 2665 μου

2107 2672 2350 2747 δυνάμεις
2396 2675 2452 2729 ἓν
2494 2678 2571 2747 τῷ
2596 2671 2741 2730 ὕδατι
2777 2693 2794 2749 ;
2844 2672 2975 2731 Τότε
3033 2674 3122 2731 οὖν
3178 2673 3451 2731 ἐκέλευσεν
3480 2679 3507 2733 6
3535 2676 3764 2756 ἡγεμὼν

2106 2761 2369 2837 βληθῆναι
2423 2763 2579 2818 αὒτὸν
2610 2761 2664 2816 ἐν
2720 2769 2784 2837 τῇ
2827 2761 3013 2838 λίμνῃ.
3059 2761 3123 2821 Ὀ
3165 2762 3219 2820 δὲ
3271 2763 3423 2842 ἅγιος
3476 2765 3765 2841 προλαϐὼν

2108 2851 2525 2930 κατεσφράγισεν
2582 2853 2643 2908 τὸ
2694 2850 2850 2929 ὕδωρ.
2919 2854 3016 2909 Καὶ
3073 2856 3258 2910 τούτου
3312 2854 3598 2930 γενομένου
3629 2855 3762 2925 ἔστη

2107 2939 2284 3019 ὥσπερ
2340 2941 2564 3021 γέφυρα,
2597 2942 2694 2996 καῖ
2745 2943 3019 3004 καθεσθείς
3054 2941 3152 2999 ἀνὰ
3187 2942 3350 3017 μέσον
3407 2948 3505 3011 τῆς
3564 2943 3762 3018 λίμνης

2108 3030 2135 3084 6
2179 3029 2440 3108 μακάριος
2488 3027 2716 3090 Βλάσιος
2752 3029 2877 3086 εἶπε
2911 3032 3042 3109 πρὸς
3075 3032 3197 3094 τοὺς
3228 3029 3472 3107 δημίους·
3511 3034 3567 3090 Εἰ
3600 3032 3757 3113 ἔχετε

2106 3118 2279 3191 θεοὺς,
2339 3116 2537 3183 δείξατε
2593 3119 2688 3181 τὰς
2750 3115 2997 3193 δυνάμεις
3071 3122 3243 3176 αὐτῶν
3274 3168 3289 3192 ,
3351 3122 3440 3177 καί
3496 3120 3751 3178 εἶσέλθετε

2106 3208 2193 3261 καὶ
2252 3207 2409 3281 ὑμεῖς
2462 3204 2563 3262 ὦδε
2644 3207 2773 3284 πρός
2832 3228 2922 3282 με,
3000 3208 3097 3266 Καὶ
3184 3208 3374 3274 εὐθέως
3434 3208 3749 3275 εἰσελθόντες

2104 3293 2508 3360 ἓξηκονταοκτὼ
2567 3292 2746 3373 ἄνδρες
2791 3298 3279 3364 κατεποντίσθησαν
3324 3300 3397 3365 εἰς
3454 3300 3545 3355 τὸν
3600 3301 3756 3376 βυθὸν

382 3382 669 3459 egredere
701 3401 772 3445 ex
809 3400 987 3463 aqua,
1022 3388 1081 3442 et
1117 3381 1325 3460 accipe
1355 3399 1389 3442 a
1420 3382 1543 3443 Deo
1605 3379 1711 3441 tibi
1758 3388 2018 3461 paratam

2112 3392 2194 3441 τοῦ
2254 3380 2465 3448 ὕδατος,
2524 3384 2653 3442 Τότε
2714 3383 2944 3463 ἅγγελος
3008 3388 3195 3465 Κυρίου
3281 3386 3548 3445 κατελθὼν
3621 3388 3756 3466 πρὸς

381 3476 659 3533 aeternam
684 3488 991 3532 coronam.

2097 3471 2188 3528 τὰν
2244 3471 2396 3549 ἅγιον
2455 3472 2598 3552 λέγει
2657 3473 2800 3547 αὗτῷ
2836 3490 2848 3505 ⁸
2915 3474 3340 3554 Κεχαριτωμένη
3402 3481 3497 3533 καὶ
3528 3474 3755 3556 λαμπρὰ

388 3564 564 3645 ψυχὴ,
610 3565 859 3644 ἆρχιερεῦ
899 3571 992 3623 τοῦ
1036 3563 1188 3638 Θεοῦ,
1250 3563 1420 3629 ἔξελθε
1465 3562 1525 3618 ἐκ
1580 3570 1672 3620 τοῦ
1727 3560 1937 3637 ὕδατος,
1996 3566 2081 3621 καὶ
2139 3561 2484 3640 ἀπολάμϐανε
2542 3565 2632 3621 τὸν
2695 3567 2835 3644 παρὰ
2893 3573 2984 3623 τοῦ
3044 3572 3175 3622 Θεοῦ
3223 3589 3306 3624 σοι
3360 3568 3758 3645 ἡτοιμασμένον

383 3652 643 3731 στέφανον
673 3654 908 3718 αἰώνιον,

460 3743 557 3807 Xl.
590 3745 844 3806 Sanctus
890 3752 1087 3807 autem
1138 3744 1371 3806 Blasius
1418 3762 1550 3805 cum
1586 3761 1654 3804 ex
1687 3761 1840 3819 aqua
1880 3761 2016 3805 sur-

382 3838 654 3910 rexisset,
705 3841 982 3916 tanqnam
1026 3852 1208 3914 super
1257 3841 1478 3896 terram
1540 3831 1897 3907 ambulans,
1933 3840 2022 3894 est

383 3938 681 4004 egressus,
705 3932 763 3985 et
790 3923 1163 4003 resplenduit
1188 3922 1371 3984 facies
1389 3922 1520 4002 ejus
1544 3924 1696 3983 sicut
1717 3921 1838 3996 lux,
1870 3922 2018 3983 adeo

378 4020 443 4073 ut
472 4012 863 4087 mirarentur,
896 4013 995 4094 qui
1046 4030 1183 4075 eum
1243 4011 1546 4074 videbant.
1600 4013 1828 4073 Prmses
1880 4029 2019 4073 vero

379 4101 528 4163 dixit
557 4102 612 4162 ei
643 4103 947 4177 :Adeone,
978 4120 1012 4162 ο
1045 4101 1513 4175 miser,statuisti
1545 4100 1659 4162 diis
1692 4117 1808 4161 non
1827 4100 2019 4162 sacri-

378 4191 604 4253 ﬁcare?
660 4191 818 4254 Dixit
875 4200 1117 4253 sanctus
1165 4191 1399 4255 Blasius
1448 4211 1461 4253 :
1525 4189 1711 4264 Scias,
1772 4201 2021 4270 tyranne

379 4279 753 4361 sanguivore,
790 4299 885 4342 me
916 4298 1050 4342 esse
1079 4298 1313 4342 servum
1349 4278 1592 4354 Christi,
1627 4287 1683 4339 et
1717 4296 2018 4360 nunquam

378 4369 748 4433 daemonibus
771 4388 903 4432 esse
925 4369 1422 4431 sacrificaturum.
1445 4370 1612 4431 Tunc
1642 4368 1729 4429 ira
1762 4366 2023 4446 percitus

380 4475 620 4538 praeses,
656 4457 789 4519 tulit
818 4458 878 4519 in
910 4476 1045 4519 eum
1069 4455 1449 4531 sententiam,
1471 4456 1681 4518 dicens
1713 4474 1728 4518 :
1762 4455 2018 4528 Blasius,

379 4547 483 4624 qui
518 4546 665 4607 mihi
695 4566 814 4607 non
847 4545 1060 4626 paruit,
1092 4554 1150 4607 et
1179 4546 1601 4625 imperatorem
1630 4543 2016 4622 contempsit.

381 4642 439 4697 et
470 4634 615 4696 deos
668 4634 906 4715 probris
953 4635 1174 4716 affecit,
1227 4639 1291 4696 et
1345 4635 1649 4714 sexaginta
1704 4641 1835 4695 octo
1868 4633 2023 4691 viros

383 4722 662 4803 perdidit,
692 4723 888 4802 gladio
918 4731 1229 4786 truncetur
1258 4724 1450 4804 capite
1489 4722 1667 4785 simul
1697 4739 1831 4783 cum
1864 4721 2021 4782 duo-

380 4810 495 4873 bus
515 4812 998 4893 pueris.Accepta
1021 4821 1220 4875 autem
1245 4813 1564 4891 sententia,
1592 4828 1726 4871 cum
1760 4808 2023 4869 venisset

381 4900 455 4961 ad
488 4900 703 4975 locum,
739 4909 903 4963 stans
932 4909 1194 4978 sanctus,
1228 4908 1504 4982 precatus
1535 4906 1626 4961 est
1675 4896 2017 4971 Dominum,

2188 3745 2299 3804 lA'.
2336 3745 2397 3804 Ὀ
2455 3745 2508 3802 δὲ
2559 3747 2707 3826 ἅγιος
2754 3746 2981 3811 Βλᾶσιος
3039 3748 3271 3811 ἀναστὰς
3303 3750 3409 3807 ἀπὸ
3445 3753 3544 3807 τοῦ
3570 3749 3759 3817 ὕδατος

2103 3836 2409 3914 περιπατῶν
2467 3838 2539 3901 ὡς
2570 3837 2655 3893 ἐπὶ
2693 3843 2797 3915 γῆς
2824 3836 3039 3904 ἐξῆλθεν
3092 3835 3356 3912 ἀϐλαϐὴς,
3409 3840 3495 3896 καὶ
3542 3838 3757 3916 ἔλαμψε

2103 3926 2163 3980 τὸ
2215 3924 2498 4003 πρόσωπον
2562 3929 2720 3984 αὖτοῦ
2777 3925 2957 4004 ὥσπερ
3017 3926 3127 4005 φῶς
3161 3974 3176 4005 ,
3250 3926 3387 3983 ὥστε
3471 3928 3760 4002 θαυμάζειν

2104 4015 2221 4075 τοὺς
2283 4016 2514 4092 ὁρῶντας
2562 4017 2718 4077 αὐτὸς
2763 4015 2989 4076 πάντας,
3041 4014 3099 4073 Ὀ
3133 4012 3188 4070 δὲ
3218 4016 3437 4093 ἡγεμὼν
3467 4018 3592 4074 εἶπε
3621 4019 3759 4095 πρὸς

2107 4102 2261 4160 αὐτόν
2299 4119 2311 4132 ·
2361 4105 2622 4160 Τοσοῦτον
2680 4103 2909 4179 ἔκρινας,
2945 4101 3115 4182 ἄθλιε,
3163 4111 3256 4161 τοῦ
3308 4105 3387 4179 μὴ
3430 4107 3577 4161 θῦσαι
3638 4119 3759 4170 τοῖς

2104 4196 2250 4255 θεοῖς
2284 4212 2300 4262 ;
2338 4182 2395 4248 Ὀ
2428 4190 2578 4269 ἅγιος
2625 4190 2850 4254 Βλάσιος
2908 4192 3037 4248 εἶπε
3065 4208 3080 4223 ⁸
3136 4194 3388 4268 Γίνωσκε,
3422 4195 3638 4268 τύραννε
3669 4196 3760 4251 καὶ

2107 4281 2397 4357 αίμοπότα,
2430 4277 2512 4334 ὅτι
2559 4286 2785 4356 Χριστοῦ
2841 4278 3027 4344 δοῦλός
3082 4284 3215 4362 εἶμι,
3254 4283 3341 4339 καὶ
3371 4283 3430 4338 οὐ
3474 4284 3581 4340 θύω
3637 4281 3759 4338 δαί-

2106 4371 2230 4442 μοσί
2283 4389 2436 4429 ποτε,
2498 4366 2629 4425 Τότε
2672 4366 2908 4448 χολὲσας
2951 4388 2964 4401 ·
3010 4371 3037 4426 ὀ
3067 4373 3289 4448 ἡγεμὼν
3325 4370 3487 4428 ’ἑδωκε
3518 4370 3636 4428 κατ’
3667 4376 3760 4431 αὗ-

2105 4465 2195 4513 τοῦ
2224 4456 2323 4522 τὴν
2380 4455 2649 4535 ἀπόφασιν
2682 4455 2854 4536 λέγων
2887 4475 2901 4489 ⁸
2959 4457 3186 4523 Βλάσιος
3212 4463 3239 4516 6
3298 4460 3425 4536 ἐμοὶ
3464 4460 3756 4529 ἀπειθήσας

2105 4545 2192 4600 καὶ
2246 4553 2339 4602 τοῦ
2398 4545 2779 4625 αὐτοκράτορος
2861 4546 3122 4624 βασιλέως
3207 4551 3608 4630 καταφρονήσας
3669 4552 3759 4606 καὶ

2104 4633 2226 4696 τοὺς
2286 4632 2435 4694 θεοὺς
2481 4640 2711 4691 πλεῖστα
2752 4634 3018 4711 ἀτιμάσας
3067 4639 3153 4694 καὶ
3182 4639 3306 4701 τοὺς
3352 4637 3758 4705 ἑξηκονταοκτὼ

2107 4719 2295 4798 ἄνδρας
2348 4720 2400 4778 ἐν
2449 4727 2527 4795 τῷ
2587 4725 2725 4799 βυθῷ
2782 4729 2884 4792 τῆς
2955 4724 3148 4800 λίμνης
3227 4725 3492 4793 ἀπολέσας
3528 4775 3544 4806 ,
3621 4725 3756 4804 ξίφει

2105 4808 2472 4885 ἆποτμηθίιτω
2515 4812 2613 4879 τὴν
2669 4812 2908 4892 κεφαλὴν
2958 4814 3070 4889 ἅμα
3140 4828 3259 4877 τοῖς
3332 4814 3441 4871 δυσὶ
3501 4812 3755 4880 παιδίοις.

2105 4896 2293 4956 Λαϐὼν
2338 4898 2392 4955 δὲ
2434 4900 2532 4968 τὴν
2587 4899 2852 4980 ἀπόφασιν
2912 4904 2940 4959 ὀ
2983 4904 3270 4983 μακάριος,
3319 4903 3416 4960 καὶ
3460 4902 3624 4960 ἐλθὼν
3672 4902 3763 4960 ἐπὶ

383 4988 589 5050 dicens
619 4989 1079 5054 :DomineDeus
1100 4991 1407 5065 virtutum,
1440 4987 1541 5068 qui
1570 5004 1665 5047 me
1693 4985 1956 5047 liberasti
1988 5004 2022 5047 a

2112 4990 2198 5045 τὸν
2254 4988 2443 5063 τόπον,
2488 4990 2616 5055 στὰς
2673 4993 2700 5046 6
2765 4990 2918 5068 ἅγιος
2979 4991 3315 5069 προσηύξατο
3375 4993 3506 5071 πρὸς
3570 4992 3761 5070 Κύριον

384 5076 857 5160 simulacris,qui
889 5081 1166 5142 tenebras
1199 5078 1390 5141 fecisti
1424 5079 1643 5146 lucem,
1676 5083 1733 5136 et
1755 5092 2023 5136 errorem

2112 5076 2283 5155 λέγων
2318 5099 2332 5115 ·
2372 5079 2525 5154 Κύριε
2556 5081 2582 5133 6
2617 5079 2747 5141 Θεὸς
2775 5086 2884 5136 τῶν
2926 5079 3223 5156 δυνάμεων,
3262 5083 3290 5138 6
3348 5079 3645 5159 ρυσάμενός
3690 5101 3761 5154 με

384 5165 717 5239 veritatem,
752 5169 852 5249 qui
911 5168 1090 5231 sedes
1140 5184 1324 5245 super
1356 5164 1703 5244 Cherubim,
1738 5171 1798 5225 et
1829 5164 2024 5243 aperis

2112 5166 2217 5222 ἀπὸ
2260 5171 2365 5222 τῶν
2409 5164 2662 5241 εἰδώλων,
2697 5169 2723 5224 6
2754 5168 2815 5223 τὸ
2869 5169 3061 5233 σκότος
3109 5174 3221 5248 φῶς
3268 5171 3498 5238 ποιήσας
3544 5169 3634 5224 καὶ
3663 5168 3764 5237 τὴν

384 5260 702 5320 cataractas
723 5258 1034 5332 caelorum,
1071 5257 1173 5336 qui
1210 5253 1485 5315 extendis
1530 5269 1733 5314 arcum
1768 5260 1931 5314 tuum
1965 5252 2024 5313 in

2112 5253 2319 5321 πλάνην
2354 5252 2626 5333 ἆλῆθειαν,
2661 5256 2688 5310 ὁ
2740 5255 3038 5333 καθήμενος
3083 5256 3261 5315 ἐπάνω
3311 5263 3417 5316 τῶν
3474 5255 3759 5337 γερουόὶμ,

390 5360 566 5405 manu
590 5351 709 5422 tua,
739 5345 843 5426 qui
861 5344 1159 5407 diabolum
1184 5342 1468 5403 humilem
1498 5342 1870 5421 etabjectum
1893 5341 2024 5403 red-

2113 5343 2201 5399 καὶ
2248 5342 2471 5420 ἀνοίγων
2556 5342 2921 5422 καταῤῥάκτας
2980 5346 3235 5422 οὖρανῶν,
3311 5348 3338 5402 6
3402 5345 3639 5408 ἐκτείνας
3700 5348 3763 5401 τὸ

387 5430 614 5509 didisti,
647 5445 707 5494 et
762 5434 1083 5494 draconem
1136 5429 1453 5511 conﬁxisti,
1486 5430 1625 5492 audi
1661 5449 1754 5492 me
1785 5449 2023 5492 servum

2112 5430 2256 5496 τόξον
2316 5452 2410 5487 σου
2468 5430 2522 5487 ἐν
2554 5438 2624 5507 τῇ
2662 5433 2808 5510 χειρί
2849 5455 2966 5508 σου,
3000 5437 3028 5491 ὁ
3072 5437 3163 5491 τὸν
3206 5432 3457 5494 διάϐολον
3488 5434 3763 5490 ταπεινώ-

389 5525 576 5595 tuum,
610 5527 669 5582 et
691 5525 1030 5599 quicunque
1051 5519 1123 5580 ad
1146 5519 1296 5580 hanc
1309 5538 1471 5583 aram
1491 5527 1647 5579 tuam
1681 5520 2024 5596 accesserit,

386 5616 447 5669 et
470 5625 891 5689 quamcunque
914 5608 1145 5687 spinam
1167 5618 1265 5672 aut
1284 5628 1351 5671 os
1368 5608 1759 5684 devoraverit,
1792 5615 1893 5670 aut
1922 5627 2026 5671 va-

387 5694 496 5760 riis
525 5694 703 5756 fuerit
732 5701 975 5757 vexatus
998 5695 1242 5776 morbis;
1271 5698 1447 5761 autin
1474 5696 1795 5760 afflictione
1820 5696 2024 5777 fuerit,

2111 5541 2230 5591 σας,
2294 5521 2383 5576 καὶ
2447 5520 2537 5575 τὸν
2594 5517 2849 5597 δράκοντα
2881 5521 3221 5600 καθηλώσας,
3260 5522 3496 5593 ἐπήκοός
3526 5544 3629 5597 μου
3661 5543 3759 5598 γε-

2112 5613 2202 5666 νοῦ
2257 5617 2350 5667 τοῦ
2377 5605 2561 5664 δούλου
2590 5631 2685 5665 σου
2717 5610 2802 5665 καὶ
2833 5610 2978 5677 ὅστις
3009 5612 3071 5668 ἂν
3130 5611 3392 5690 προσέλθῇ
3447 5612 3525 5686 τῷ
3572 5614 3761 5667 θυσια-

2112 5697 2310 5778 στηρίῳ
2357 5719 2473 5773 σου,
2535 5698 2702 5771 τούτῳ
2759 5705 2845 5761 καὶ
2932 5703 3133 5762 οίανοῦν
3222 5699 3420 5758 ἄκανθα
3478 5701 3514 5769 ἢ
3571 5704 3759 5759 ὸστοῦν
