4066 6412
237 410 358 478 829

1220 408 1640 474 CERTAMEN
1685 411 1746 474 S.
1794 406 2041 472 BLASII
2089 406 2188 470 ET
2234 406 2636 471 SOCIORUM.

3499 411 3616 479 830

235 543 516 604 καταποίει
667 543 934 608 ποικίλαις
993 546 1171 608 νόσοις
1233 545 1572 622 περιπέσοιῆ
1627 544 1680 602 ἒν
1707 544 1879 620 θλίψει

1968 549 2070 606 aut
2097 542 2157 602 in
2187 542 2540 605 necessitate
2576 546 3032 626 persecutionis,
3085 543 3270 627 imple
3321 546 3602 611 uniuscu-

234 636 268 704 ἢ
312 635 367 692 ἐν
430 635 636 713 ἀνάγκη
695 633 932 714 διωγμοῦ
987 637 1248 716 ὑπάρχοι,
1305 633 1592 714 πλήρωσον
1663 636 1888 693 ἑκάστου

233 726 294 781 τὸ
351 723 567 797 αἴτημα
626 728 724 793 τῆς
779 723 1018 804 καρδίας,
1089 725 1359 800 Δέσποτα,
1418 728 1492 788 ὡς
1545 725 1740 801 ἀγαθὸς
1802 725 1889 780 καὶ

233 813 606 895 φιλάνθρωπος
644 863 660 888 ,
713 814 802 870 καὶ
890 828 1008 878 τοῖς
1067 813 1184 870 κατ’
1251 814 1370 874 ’έτος
1433 813 1730 870 ἐπιτελοῦσι
1789 813 1886 878 τὴν

231 904 460 979 μνήμην
521 925 624 976 μου
651 905 707 958 ἓν
742 901 988 978 ψαλμοῖς
1039 905 1126 960 καὶ
1168 902 1353 977 ὕμνοις
1411 905 1498 959 καὶ
1553 908 1658 958 τῶν
1715 903 1885 971 πενή-

227 1013 332 1048 των
380 1012 478 1047 σου
536 991 900 1067 μεμνημένοις
959 995 1146 1067 μισθὸν
1212 992 1446 1069 οὐράνιον
1508 989 1742 1070 δώρησαι
1802 992 1889 1046 καὶ

225 1081 366 1152 ζωὴν
412 1081 511 1148 τὴν
556 1082 769 1137 αἰώνιον
805 1100 816 1113 ·
852 1079 934 1136 ὅτι
1009 1079 1382 1156 δεδοξασμένος
1437 1080 1694 1159 ὑπάρχεις
1751 1079 1887 1135 πάν·-

228 1192 346 1228 τοτε
400 1177 488 1227 νῦν
553 1172 642 1226 καὶ
683 1172 756 1232 εἷς
823 1171 944 1234 τοὺς
1003 1173 1198 1234 αἰῶνας
1251 1174 1363 1228 ’τὼν
1420 1170 1653 1231 αἰώνων.
1687 1167 1884 1242 Ἀμήν.

227 1266 403 1318 Ταῦτα
458 1257 514 1314 δὲ
567 1263 726 1318 αὐτοῦ
781 1259 1210 1338 προσευξαμέτου
1253 1258 1517 1326 κατῆλθεν
1574 1261 1602 1315 ὁ
1659 1259 1882 1334 Χριστὸς

227 1347 404 1426 ὥσπερ
449 1347 649 1428 νεφέλη
716 1347 776 1406 ἐκ
844 1358 939 1407 τοῦ
983 1351 1223 1426 οὖρανοῦ,
1281 1351 1366 1406 καὶ
1412 1348 1724 1405 ἐπεσκίασεν
1782 1349 1882 1402 αὖ·

227 1439 337 1515 τὸν,
395 1439 488 1494 καὶ
545 1435 692 1514 λέγει
752 1438 882 1508 πρὸς
947 1439 1102 1496 αὐτὸν
1162 1441 1188 1494 ὃ
1243 1439 1477 1516 Σωτὴρ·
1513 1435 1750 1503 Ἀθλητᾶ
1782 1457 1882 1509 μου

225 1525 550 1605 ἦγαπημένε
612 1525 830 1606 Βλάσιε,
877 1527 1051 1582 πάντα
1096 1525 1160 1582 τὰ
1191 1528 1460 1601 αἰτήματα
1505 1528 1676 1582 αὐτῶν
1732 1523 1882 1590 πλη-

227 1618 378 1695 ρώσω
407 1614 496 1673 διὰ
525 1616 612 1694 σὲ,
666 1616 754 1672 καὶ
808 1618 867 1673 οὗ
923 1617 1081 1690 μόνον
1143 1623 1333 1688 ταῦτα,
1371 1615 1510 1672 ἀλλὰ
1561 1615 1649 1672 καὶ
1706 1614 1882 1676 καθὼς

226 1705 437 1772 ἔπηύξω
496 1710 568 1780 τῇ
624 1706 772 1784 χήρᾳ
829 1706 1070 1783 ποιήσω,
1135 1707 1223 1761 καὶ
1283 1703 1560 1782 εὐλογήσω
1591 1703 1762 1760 πάντα
1791 1704 1884 1758 τὸν

226 1795 377 1850 οἷκον
438 1794 536 1850 τὸν
592 1799 851 1850 ποιοῦντα
895 1793 991 1860 τὴν
1036 1794 1261 1868 μνήμην
1296 1815 1411 1868 σου,
1448 1796 1535 1849 ιιαὶ
1564 1793 1629 1848 τὰ
1657 1803 1881 1864 ταμιεῖα

225 1882 396 1940 αὖτῶν
439 1881 714 1958 ἐμπλήσω
771 1883 948 1949 πάσης
1001 1881 1350 1961 ἀγαθωσύνης
1408 1881 1494 1938 διὰ
1551 1881 1652 1948 τὴν
1710 1879 1882 1946 καλὴν

230 1994 321 2029 σου
374 1969 673 2049 ὁμολογίαν
730 1973 817 2027 καὶ
868 1971 1046 2028 πίστιν
1122 1972 1216 2039 τὴν
1282 1973 1354 2034 εἷς
1429 1970 1575 2046 ἐμέ·
1643 1970 1731 2025 καὶ
1787 1969 1881 2031 τὰς

224 2060 485 2141 ἡμαρτίας
553 2062 727 2119 αὐτῶν
780 2062 1142 2140 συγχωρήσας
1175 2064 1324 2132 ζωὴν
1372 2060 1583 2118 αἰώνιον
1637 2057 1882 2135 δωρήσοο

227 2174 319 2227 μαι
389 2151 611 2214 αὐτοῖς.
677 2157 854 2208 Ταῦτα
906 2151 1078 2207 τοίνυν
1139 2148 1470 2218 λαλήσαντος
1545 2149 1638 2205 τοῦ
1698 2149 1882 2225 Κυρίου

223 2242 345 2320 πρὸς
402 2242 497 2297 τὸν
553 2239 704 2318 ἅγιον
735 2239 1088 2316 ἱερομάρτυρα
1147 2238 1398 2314 Βλάσιον,
1451 2237 1724 2315 ἐξενέγκας
1783 2237 1878 2292 αὖ-

1965 632 2185 712 jusque
2216 631 2414 693 cordis
2468 632 2840 712 petitionem,
2905 635 3178 710 Domine,
3215 644 3277 697 ut
3325 636 3516 700 bonus
3560 647 3618 701 et

1972 721 2237 782 clemens
2272 743 2284 781 :
2320 721 2599 800 quoniam
2647 741 2710 784 es
2741 741 2980 804 semper
3005 725 3425 804 gloriﬁcandus
3457 746 3616 790 nunc

1973 817 2030 870 et
2076 811 2134 870 in
2186 810 2422 872 szecula.
2483 811 2627 871 Cum
2684 811 2808 872 hmo
2858 821 3052 875 autem
3103 823 3259 877 esset
3316 826 3610 897 precatus,

1973 897 2243 988 Christus
2273 898 2589 988 descendit
2615 901 2690 962 de
2739 901 2890 963 ccelo
2945 910 3220 983 tanquam
3284 905 3497 988 nubes,
3559 915 3618 969 et

1975 1004 2110 1079 eum
2145 986 2544 1062 obumbravit,
2577 999 2635 1050 et
2665 989 2810 1052 dicit
2832 991 2888 1052 ei
2919 990 3227 1055 Servator:
3264 986 3490 1059 Omnes
3515 1016 3615 1079 pe-

1973 1075 2216 1137 titiones
2250 1094 2458 1138 eorum
2513 1079 2775 1157 implebo
2829 1089 3073 1161 propter
3130 1088 3211 1158 te,
3263 1083 3484 1146 athleta
3515 1075 3614 1147 'mi

1975 1162 2214 1227 dilecte.
2247 1162 2374 1226 Non
2407 1166 2758 1257 bascautem
2793 1169 3009 1244 solum,
3036 1171 3141 1233 sed
3175 1177 3348 1234 etiam
3374 1174 3610 1257 faciam,

1971 1260 2036 1313 ut
2067 1262 2344 1332 precatus
2375 1273 2439 1316 es
2469 1255 2681 1336 vidum,
2715 1266 2774 1318 et
2825 1258 3174 1322 benedicam
3227 1281 3464 1325 omnem
3497 1255 3608 1331 do;

1970 1359 2154 1416 mum,
2191 1362 2320 1423 qua;
2353 1345 2433 1405 tui
2465 1345 2728 1407 celebrat
2762 1349 3200 1420 memoriam,et
3232 1355 3469 1430 penaria
3499 1376 3607 1417 eo-

1968 1447 2100 1494 rum
2134 1431 2378 1512 replebo
2437 1433 2716 1495 omnibus
2770 1435 2941 1498 bonis
2999 1446 3241 1517 propter
3301 1443 3609 1519 pulchram

1971 1529 2128 1580 tuam
2157 1521 2597 1584 confessionem
2645 1532 2700 1584 et
2731 1524 2937 1600 ﬁdem,
2971 1544 3151 1602 quam
3185 1528 3246 1589 in
3281 1548 3375 1592 me
3407 1531 3609 1594 babes.

1967 1610 2105 1670 Haec
2156 1627 2290 1670 cum
2337 1607 2626 1698 Dominus
2673 1611 2904 1674 locutus
2953 1627 3112 1675 esset
3153 1617 3420 1698 martyri,
3480 1636 3613 1680 cum

1969 1716 2104 1760 eum
2138 1707 2312 1758 antea
2343 1697 2648 1761 eduxisset
2678 1702 3000 1779 spiculator
3061 1723 3094 1764 e
3143 1697 3418 1784 praetorio
3480 1727 3614 1769 cum

1967 1786 2202 1848 duobus
2226 1785 2780 1868 infantibus,capita
2798 1790 2885 1851 eis
2905 1793 3229 1872 amputavit
3251 1794 3310 1853 in
3333 1793 3616 1858 Sebastea

1909 1876 2228 1960 Bcivitate,
2264 1876 2421 1938 intra
2473 1877 2692 1939 mmnia
2748 1897 2928 1960 supra
2979 1890 3232 1959 petram,
3292 1883 3612 1946 undecimo

1968 1965 2193 2026 mensis
2223 1963 2554 2027 Februarii.
2621 1967 2861 2028 Fideles
2906 1977 3100 2030 autem
3152 1977 3210 2030 et
3240 1971 3322 2050 pii
3356 1973 3464 2033 viri
3500 1992 3611 2052 po-

1968 2065 2215 2116 suerunt
2275 2071 2408 2115 eum
2470 2053 2531 2114 in
2590 2053 2720 2134 ipso
2773 2056 2927 2132 loco,
2985 2056 3084 2119 ubi
3117 2058 3292 2119 etiam
3329 2078 3519 2139 usque
3549 2061 3612 2123 in

1967 2143 2324 2205 hodiernum
2360 2143 2516 2204 diem
2551 2146 2753 2206 multa:
2781 2146 3118 2208 curationes
3151 2159 3510 2227 peraguntur
3536 2151 3609 2211 ad

1965 2231 2072 2294 Dei
2101 2230 2351 2294 alt-riam
2365 2281 2378 2294 .

2017 2251 2072 2294 et
2101 2249 2378 2310 gloriam.

227 2335 311 2390 τὸν
368 2336 393 2390 δ
455 2331 843 2409 σπεκουλάτωρ
901 2332 995 2388 σὺν
1066 2345 1181 2394 τοῖς
1242 2329 1354 2389 δυσὶ
1411 2331 1655 2410 βρέφεσιν
1710 2332 1773 2386 ’sx
1829 2334 1922 2384 τοῦ
1993 2328 2331 2406 προιτωρίου,
2395 2326 2781 2406 ἀπεκεφάλισεν
2838 2330 3025 2394 αὐτοὺς
3084 2330 3138 2386 ὲν
3209 2332 3494 2406 Σεϐαστείᾳ
3549 2342 3614 2411 τῇ

225 2422 368 2480 πόλει
427 2421 544 2479 ἔσω
601 2431 694 2481 τοῦ
753 2422 966 2502 τείχους
1030 2420 1116 2478 ἐπὶ
1169 2420 1366 2499 πέτρας
1415 2423 1545 2496 μηνὶ
1614 2415 1954 2496 Φεϐρουαρίῳ
2011 2414 2284 2491 ένδεκύτῃ.
2340 2418 2523 2473 Πιστοὶ
2577 2418 2631 2472 δέ
2688 2415 2865 2496 ἄνδρες
2918 2419 3005 2476 καὶ
3051 2419 3291 2486 εὒλαϐεῖς
3330 2422 3610 2480 κατέθεντο

227 2511 371 2570 αὺτὸν
437 2511 856 2590 ἔνταφιάσαντες
921 2510 976 2566 έν
1054 2509 1198 2584 αὒτῷ
1265 2511 1342 2569 τῶ
1398 2506 1516 2586 μετ’
1588 2507 1893 2584 ἐπιμελείας
1955 2504 2164 2573 πολλῆς
2235 2505 2354 2561 ἔνθα
2412 2507 2499 2562 καὶ
2578 2505 2743 2586 μέχρι
2801 2517 2890 2567 τοῦ
2959 2515 3047 2566 νῦν
3104 2509 3306 2567 πολλαὶ
3360 2510 3603 2588 δυνάμεις

227 2602 314 2658 καί
341 2602 518 2665 ἰάσεις
545 2599 910 2658 ἓπιτελοῦνται
943 2602 1016 2664 εἱς
1042 2597 1192 2665 δόξαν
1225 2602 1376 2662 Θεοῦ,

298 2688 398 2753 ΙΒ’.
451 2693 716 2747 Μαθοῦσα
773 2687 828 2745 δὲ
871 2687 968 2746 καῖ
1023 2690 1058 2756 ἡ
1123 2689 1272 2764 τιμία
1331 2689 1417 2744 καὶ
1465 2685 1687 2755 εὐσεϐὴς
1719 2694 1880 2766 γραῦς

225 2780 314 2848 τὴν
364 2779 650 2836 τελείωσιν
706 2780 800 2834 τοῦ
854 2777 1011 2856 ἡγίου
1089 2778 1175 2834 καὶ
1242 2777 1503 2853 μακαρίου
1561 2778 1877 2855 ἱερομάρτυ-

227 2890 306 2948 ρος
360 2868 603 2927 Βλασίου
659 2865 937 2924 ἐπετέλεσε
992 2867 1092 2933 τὴν
1147 2868 1368 2942 μνήμην
1425 2869 1582 2923 αὖτοῦ
1636 2865 1772 2922 κατά
1819 2867 1878 2921 τὸ

233 2963 410 3038 σχῆμα
455 2961 488 3015 ὃ
552 2958 808 3024 εποίησεν
840 2956 894 3013 έν
923 2962 994 3033 τῇ
1050 2954 1262 3036 φυλακῇ
1299 2974 1312 2988 ·
1347 2957 1434 3012 καὶ
1469 2957 1525 3012 οὗ
1549 2957 1712 3031 μόνον
1744 2978 1876 3032 συγ·-

234 3054 452 3124 γενεῦσιν
495 3047 760 3125 ἀπήγαγε
804 3046 897 3110 τὰς
961 3049 1023 3102 ὲκ
1079 3045 1187 3101 τῶν
1240 3065 1559 3124 σπερματων
1629 3049 1730 3110 τῆς
1771 3049 1873 3122 γῆς

233 3135 463 3216 εὐλογίας
523 3136 617 3192 καὶ
679 3141 786 3193 τῶν
842 3134 1046 3192 λοιπῶν
1106 3131 1398 3209 ἐδωδίμων,
1446 3133 1583 3192 ἀλλά
1639 3135 1739 3212 γὰρ
1787 3134 1875 3189 καὶ

233 3230 352 3282 πᾶσι
392 3223 574 3304 φίλοις
633 3224 722 3279 καὶ
779 3235 1040 3301 γνωστοῖς
1107 3219 1314 3285 οἵτινες
1387 3219 1875 3295 ἀντιμιμησάμενοι

2045 2681 2322 2746 XII.Cum
2349 2701 2487 2745 vero
2518 2684 2848 2765 accepisset
2877 2689 3214 2750 veneranda
3243 2697 3300 2752 et
3339 2690 3434 2772 pia
3455 2710 3604 2754 anus

1963 2773 2543 2835 consummationem
2569 2772 2726 2834 beati
2747 2775 3018 2856 martyris
3051 2778 3253 2858 Blasii,
3286 2779 3608 2843 celebravit

1964 2862 2092 2942 ejus
2141 2861 2492 2923 memoriam
2525 2881 2595 2923 eo
2628 2864 2768 2938 ritu,
2801 2883 2918 2944 quo
2950 2865 3272 2929 celebravit
3315 2872 3374 2929 in
3402 2878 3604 2930 custo-

1961 2950 2058 3010 dia
2092 2967 2105 3011 :
2142 2959 2202 3011 et
2251 2969 2370 3010 non
2431 2950 2623 3012 solum
2658 2954 2921 3029 cognatis
2952 2955 3112 3015 misit
3174 2973 3243 3016 ex
3274 2957 3607 3020 seminibus

1960 3047 2137 3100 terrae
2193 3038 2647 3101 benedictiones
2697 3050 2755 3102 et
2810 3059 2880 3102 ex
2937 3043 3213 3124 reliquis,
3262 3045 3367 3107 sed
3430 3048 3602 3109 etiam

1960 3128 2240 3191 omnibus
2269 3127 2620 3201 amicis.Qui
2655 3129 2914 3192 vicissim
2948 3131 3273 3213 imitantes,
3305 3152 3511 3196 rursus
3541 3134 3603 3196 in

1961 3218 2173 3280 eodem
2196 3229 2469 3298 tempore
2487 3218 2850 3281 remiserunt
2868 3238 2987 3280 non
3005 3221 3195 3283 solum
3214 3222 3373 3284 ﬁdeli
3389 3223 3602 3304 viduae,

235 3313 390 3376 πάλαι
422 3313 477 3370 ἐν
512 3319 597 3387 τῷ
621 3318 790 3390 καιρῷ
821 3319 896 3385 τῷ
924 3312 1068 3384 αὐτῷ
1114 3308 1426 3387 ἀνέπεμψαν
1477 3311 1534 3366 οὗ
1593 3310 1756 3383 μόνον
1811 3315 1878 3384 τῇ

1968 3310 2065 3371 sed
2091 3309 2266 3370 etiam
2293 3308 2572 3368 omnibus
2595 3309 2719 3370 suis
2752 3307 2990 3383 umicis,
3025 3319 3084 3371 et
3113 3312 3403 3390 cognatis.
3435 3311 3606 3375 Unde

234 3403 356 3479 αδτῇ
389 3408 560 3479 πιστῇ
617 3401 788 3481 χήρα,
846 3398 983 3456 ἀλλά
1031 3401 1128 3456 καὶ
1156 3405 1284 3455 πᾶσι
1316 3412 1434 3463 τοῖς
1478 3400 1648 3455 αδτῶν
1705 3396 1874 3478 φίλοις

233 3495 311 3550 καὶ
357 3489 694 3572 συγγενέσιν.
756 3489 913 3548 ’Ὁθεν
971 3488 1151 3546 ἔκτοτε
1189 3488 1355 3567 μέχρι
1407 3489 1496 3545 καὶ
1553 3495 1642 3545 νῦν
1699 3485 1872 3542 διεδό-

233 3585 293 3648 θη
320 3585 472 3640 τοῦτο
501 3581 571 3638 τὸ
602 3578 766 3637 καλὸν
807 3580 900 3636 καὶ
947 3579 1144 3655 ἀγαθὸν
1199 3576 1504 3655 δπόδειγμα
1554 3577 1719 3656 μέχρι
1775 3581 1873 3643 τῆς

236 3671 456 3750 σήμερον
506 3671 570 3728 ἐν
615 3675 742 3726 πᾶσι
804 3681 923 3733 τοῖς
967 3689 1170 3731 πιστως
1219 3665 1518 3724 ἐπιτελοῦσι
1564 3667 1664 3734 τὴν
1693 3669 1873 3740 τιμίαν

235 3763 315 3817 καὶ
363 3761 573 3828 σεπτην
613 3759 834 3835 μνῆμην
884 3763 978 3815 τοῦ
1037 3757 1187 3834 ἁγίου
1238 3758 1324 3814 καὶ
1375 3755 1580 3821 ἐνδόξου
1624 3755 1872 3833 ἱέρομάρ-

235 3871 376 3927 τυρος
420 3848 653 3906 Βλασίου
689 3849 825 3922 μετὰ
874 3844 1171 3922 λαμπάδων
1219 3845 1311 3903 καῖ
1370 3845 1550 3922 ὕμνων
1592 3846 1678 3902 καὶ
1733 3845 1872 3899 εὕω-

236 3939 352 4016 χίας
393 3937 607 4004 πολλῆς
664 3939 737 4002 εἷς
794 3935 944 4002 δόξαν
991 3940 1124 3993 Θεοῦ
1174 3937 1592 4015 παντοκράτορος
1624 3934 1712 3991 καὶ
1774 3943 1874 3990 Κυ-

237 4027 337 4104 ρίου
391 4029 545 4102 ἧμῶν
603 4024 784 4092 Ἰησοῦ
843 4031 1068 4103 Χριστοῦ
1123 4027 1216 4080 τοῦ
1243 4022 1589 4100 δοξαζομένιιυ
1639 4023 1692 4078 ἐν
1753 4035 1873 4087 τοῖς

1961 3399 2136 3461 etiam
2161 3397 2443 3460 traditum
2469 3405 2558 3459 est
2584 3398 2695 3458 hoc
2722 3397 3034 3478 pulchrum
3069 3407 3128 3462 et
3153 3401 3373 3462 bonum
3399 3420 3602 3462 exem-

1960 3488 2120 3568 plum
2153 3504 2345 3563 usque
2369 3485 2430 3546 in
2454 3485 2808 3548 hodiernum
2832 3486 2992 3549 diem
3025 3489 3432 3570 omnibus,qui
3454 3492 3604 3553 ﬁde-

1958 3577 2101 3639 liter
2133 3583 2418 3654 peragunt
2440 3575 2840 3638 venerandam
2865 3578 3211 3640 memoriam
3237 3579 3428 3640 sancti
3453 3596 3608 3640 mar-

1959 3665 2099 3746 tyris
2123 3664 2331 3745 Blasii,
2365 3684 2498 3726 cum
2533 3665 2906 3744 lampadibus
2937 3673 2996 3726 et
3043 3666 3274 3746 hymnis
3307 3676 3364 3728 et
3392 3685 3604 3746 magno

1959 3754 2170 3834 epulo:
2224 3755 2300 3816 ad
2354 3752 2602 3832 gloriam
2657 3754 3081 3832 omnipotentis
3142 3755 3242 3818 Dei
3273 3765 3333 3818 et
3361 3756 3599 3818 Domini

1959 3843 2144 3904 nostri
2198 3841 2339 3905 Jesu
2372 3841 2627 3904 Christi:
2662 3843 2758 3903 cui
2785 3841 2973 3919 gloria
3029 3849 3086 3902 et
3118 3845 3376 3922 potentia
3417 3845 3594 3907 simul

1957 3949 2091 3993 cum
2122 3938 2326 3992 sancto
2356 3938 2415 3992 et
2444 3930 2675 3991 vivifico
2708 3930 2960 4010 Spiritu,
2997 3948 3154 3992 nunc
3183 3941 3242 3993 et
3270 3950 3509 4014 semper
3539 3941 3598 3994 et

1957 4022 2016 4082 in
2047 4020 2264 4081 saecula
2285 4018 2660 4082 saeculorum.
2697 4020 2914 4080 Amen.

239 4119 396 4195 ἁγίοις
452 4118 635 4176 αὖτοῦ⁶
672 4121 718 4190 ᾦ
768 4119 800 4185 ἡ
847 4115 969 4182 δόξα
1022 4117 1109 4172 καὶ
1166 4117 1226 4173 τὸ
1283 4117 1474 4195 κράτος
1506 4116 1619 4193 ἅμα
1679 4120 1755 4191 τῷ
1783 4116 1915 4193 ἁγίῳ
1971 4115 2129 4193 Πατρδ
2191 4114 2280 4171 σὺν
2338 4113 2416 4186 τῷ
2464 4112 2597 4190 ἁγίῳ
2646 4112 2933 4189 Πνεύματι,
2967 4117 3054 4167 νῦν
3107 4115 3200 4170 καί
3257 4116 3338 4172 ἀει
3372 4119 3457 4173 καὶ
3515 4119 3588 4181 εἷς

242 4207 354 4271 τοὺς
377 4210 572 4272 αἰῶνας
602 4211 710 4263 τῶν
740 4206 970 4268 αἰώνων.
1002 4202 1199 4280 ’Λμήν,
