2033 3201
237 141 294 173 835

855 137 1047 170 ADDENDA.
1069 151 1108 161 -ι
1135 138 1299 169 APRILIS.

1866 136 1924 170 836

236 215 253 237 a
268 216 316 237 me
331 206 467 244 exigetur
482 213 641 236 commune
653 204 709 234 hoc
722 207 835 234 naturae
846 203 1043 235 debitum.No,

1087 215 1168 237 λσεως
1184 204 1264 243 χρέος
1278 204 1328 232 καῖ
1342 203 1418 241 ὑμῶν
1444 201 1505 233 ἄνευ
1527 200 1758 240 ἂπαιτηθήσομαι.
1775 205 1812 233 0-5
1837 214 1924 243 προσ-

236 250 367 281 adoraho
384 250 490 290 solum,
508 259 567 280 non
595 249 689 279 colam
715 249 826 287 ignem.
851 247 944 279 Nemo
961 257 1057 279 meam

235 295 374 326 irridebit
385 299 569 325 senectutem
587 303 691 331 ,nemo
706 293 778 323 mihi
795 292 877 323 dabit
891 292 1056 333 vitio,quod

235 339 291 370 sim
319 339 384 370 vitae
398 339 535 379 cupidus,
554 342 585 368 ut
611 337 660 377 qui
688 337 770 368 brevi
797 337 853 367 vita
870 337 1055 368 vendiderim

236 388 381 414 tantorum
399 384 544 414 bonorum
560 381 924 421 beatitudinem.Propter
935 382 998 412 haec
1014 383 1057 412 ira

233 428 367 467 repletur
375 427 551 466 sceleratus,
565 430 594 457 et
605 430 795 457 sacrosancta
805 430 945 456 senectus
958 429 1056 458 statim

235 471 334 510 ﬂagris
349 471 472 501 ceditur
487 470 561 501 adeo
577 470 718 509 graviter,
732 474 764 500 ut
779 472 922 509 sanguine
936 470 1056 509 quidem

232 519 325 546 totum
339 516 433 545 solum
449 519 644 553 restsgnaret,
674 514 777 545 nullus
807 519 906 545 autem
933 514 1056 546 relictus

230 564 308 591 esset
320 559 402 591 locus
414 559 549 599 corporis
564 559 686 590 illzesus.
706 559 778 590 Cum
795 568 865 589 vero
884 568 986 599 parum
1003 569 1053 590 es-

230 608 276 635 set
289 604 439 635 relaxatus
454 613 470 634 a
487 603 591 644 plagis,
607 603 694 643 jubet
714 612 780 634 eum
805 613 908 634 rursus
924 604 1052 635 vinctum

230 649 344 680 catenis
356 648 420 679 sisti
434 653 503 680 ante
520 647 790 679 tribunal.Dicebat
802 653 901 678 autem
916 657 922 678 :
936 647 992 680 Ubi
1009 653 1053 679 est

229 693 308 724 Deus
321 698 398 730 tuus,
416 702 503 733 quem
520 692 603 730 colis,
620 702 637 722 ο
653 692 833 732 Acepsima?
850 692 965 731 Veniat,
984 697 1014 724 et
1024 698 1051 724 te

230 747 246 768 e
261 738 334 769 meis
345 738 482 769 manibus
497 737 614 777 eripiat.
633 737 712 768 Deus
729 746 825 776 meus,
845 737 941 778 inquit
955 737 1018 775 ille,
1036 748 1053 768 ο

230 783 475 819 sceleratissime,
496 782 547 822 qui
570 782 678 812 coelum
692 782 797 821 implet
808 787 837 812 et
854 787 973 820 terram,
997 792 1052 823 po-

231 832 287 858 test
303 837 349 858 me
364 837 381 858 e
398 828 455 858 tuis
471 826 608 857 manibus
624 827 800 866 eripere.Tu
814 832 911 858 autem
929 836 996 858 cum
1012 828 1053 858 sis

231 879 310 904 terra
326 877 355 903 et
367 872 453 908 cinis,
468 872 497 902 in
519 881 606 910 quem
624 872 716 921 audes
731 871 888 911 superbire
901 871 913 901 Υ
924 871 978 903 sub
995 881 1052 912 quo
1067 901 1085 926 Β

229 920 381 947 sternetur
396 916 584 956 putrefactio,
602 916 648 946 cui
677 915 736 946 vita
752 920 796 946 est
812 920 906 947 morte
922 917 1049 956 gravior,

227 961 276 1001 qui
295 961 439 992 viventem
467 960 560 991 Deum
591 970 652 991 non
681 961 869 999 cognoveris.
891 962 1052 1001 Propterea

224 1010 365 1044 tanquam
376 1006 430 1036 llos
445 1006 505 1044 agri
515 1005 761 1041 exsiccaberis,et
772 1005 831 1035 vita
840 1005 1051 1037 miserabiliter

225 1050 469 1086 eversa,traderis
481 1050 553 1088 igni,
569 1049 621 1090 qui
637 1059 695 1080 non
711 1053 810 1090 potest
826 1050 974 1089 exstingui
993 1061 999 1081 :
1018 1054 1051 1081 ut

224 1104 314 1135 quem
331 1104 411 1126 nunc
426 1095 544 1131 adoras,
562 1094 623 1124 illic
639 1103 672 1125 re
700 1094 764 1135 ipsa
792 1095 912 1134 punitus
926 1095 1047 1133 sentias,

224 1149 283 1170 non
296 1149 361 1170 esse
377 1140 474 1179 ignem
496 1138 602 1176 Deum,
630 1139 682 1169 sed
709 1139 807 1179 ipsum
824 1148 942 1179 quoque
958 1139 1048 1170 alium

224 1193 312 1214 nosse
324 1183 475 1224 opiﬁcem,
492 1183 543 1223 qui
559 1187 604 1214 est
620 1183 707 1214 etiam
724 1183 803 1214 Deus
817 1184 965 1221 omnium,
981 1192 1050 1222 quae

222 1228 332 1259 cadunt
346 1228 402 1259 sub
417 1232 583 1268 aspectum.

263 1272 297 1303 V.
315 1272 367 1303 His
383 1273 496 1312 majore
511 1272 557 1303 ira
572 1272 696 1303 incenso
712 1281 809 1313 mago,
827 1273 978 1311 graviores
993 1282 1046 1304 ca-

223 1321 301 1348 tenae
309 1321 442 1348 sanctum
455 1317 699 1356 circumligarunt
715 1322 744 1347 et
757 1326 823 1347 eum
840 1322 908 1348 tunc
922 1317 1048 1349 interior

221 1361 338 1401 accepit
354 1362 499 1393 custodia.
515 1362 567 1393 Die
581 1365 679 1393 autem
692 1362 830 1401 sequenti
846 1362 1047 1402 comprehen-

221 1415 271 1437 sus
286 1407 374 1437 etiam
389 1406 445 1437 fuit
473 1407 602 1437 maxime
619 1406 809 1437 venerandus
824 1406 979 1447 presbyter
992 1408 1045 1438 Jo-

221 1452 394 1492 seph,ortus
407 1460 441 1482 ex
455 1460 540 1491 pago,
556 1451 605 1491 qui
624 1455 743 1482 vocatur
758 1451 954 1490 Bethlabuca,
966 1453 1045 1492 quod

220 1495 388 1536 exponitur,
405 1499 484 1527 recte
496 1495 678 1532 scribentis;
694 1496 760 1536 ipse
774 1505 895 1537 quoque
910 1506 1002 1527 senex
1018 1501 1047 1527 et

1099 249 1206 283 κυνήσω
1220 249 1298 286 ἡλίῳ,
1322 249 1352 276 οὒ
1375 248 1511 287 λατρεύσω
1540 249 1612 285 πυρί.
1637 246 1727 279 Οὒδείς
1759 259 1805 285 μοι
1835 259 1924 277 κατα-

1099 293 1205 332 γελασει
1234 296 1283 326 τῆς
1313 292 1422 332 πολιᾶς,
1452 292 1534 324 οὗδεὶς
1564 292 1703 332 ἐγκαλέσει
1735 304 1780 330 μοι
1797 293 1827 320 τὸ
1843 292 1924 332 φιλό-

1099 341 1178 374 ζωον,
1193 338 1321 377 βραχείας
1349 339 1432 375 ζωῆς,
1460 337 1565 376 ἂγαθῶν
1592 337 1723 366 τοσούτων
1739 336 1927 374 ἀποδεδομένῳ

1099 383 1294 421 μακαριότητα.
1326 385 1415 420 Θυμοῦ
1436 381 1479 410 ἐπὶ
1510 382 1613 414 τούτοις
1639 383 1652 410 ὁ
1681 382 1774 420 μιαρὸς
1803 382 1924 419 ὑποπίμ-

1099 426 1209 463 πλαται,
1228 429 1276 454 καί
1304 426 1410 464 μάστιξι
1440 427 1470 455 τὸ
1499 427 1569 465 ἱερὸν
1591 429 1676 466 γῆρας
1698 426 1771 457 εὐθὺς
1799 431 1926 454 καταικί-

1098 475 1169 507 ζεται
1199 471 1269 500 οὕτω
1297 471 1400 510 βαρέως
1423 471 1491 499 ὥστε
1521 475 1559 508 τῷ
1587 471 1679 508 αἷματι
1702 470 1751 508 μὲν
1775 471 1846 498 ἅπαν
1872 482 1927 499 πε-

1097 516 1300 554 ριλιμνασθῆναι
1330 517 1361 543 τὸ
1390 514 1498 556 ἔδαφος,
1514 516 1553 552 μὴ
1583 514 1791 554 καταλειφθῆναι
1806 514 1833 543 δὲ
1867 527 1926 553 μη-

1097 560 1156 589 δένι
1178 561 1260 589 τόπον
1281 565 1325 589 τοῦ
1346 561 1469 598 σώμανος
1497 560 1596 594 ἀπαθῆ,
1618 560 1708 599 Βραχὺ
1736 559 1762 587 δὲ
1778 563 1830 588 τῶν
1847 561 1926 594 πλη-

1095 608 1150 643 γῶν
1179 606 1302 633 ἀνεθέντα
1319 604 1424 633 ἁλύσεσι
1456 605 1511 633 δυσὶ
1540 604 1708 643 περιδεθὲντα
1739 605 1841 633 κελεύει
1864 606 1925 633 πά-

1095 648 1137 677 λιν
1169 653 1207 687 τῷ
1232 650 1332 687 βήματι
1363 650 1541 688 παραστῆναι,
1571 650 1625 689 καὶ,
1657 652 1710 677 Ποῦ
1731 650 1744 677 ὁ
1767 651 1832 681 eus;
1861 660 1923 689 σου,

1095 694 1124 723 ὃν
1146 693 1222 732 σέϐῃ,
1240 694 1401 732 Ἀκεψιμᾶ;
1428 694 1529 733 ἔλεγεν,
1557 693 1672 722 Ἐλθέτω
1701 694 1744 722 καὶ
1766 695 1818 722 τῶν
1847 694 1924 731 ἐμῶν

1096 743 1195 778 χειρῶν
1210 738 1337 771 ἐξελέσθω
1351 750 1392 769 σε.
1411 739 1441 767 Ὀ
1457 739 1534 776 ἐμὸς,
1562 738 1625 778 ἔφη,
1652 739 1728 775 Θεὸς,
1754 739 1922 777 μιαρώτατε,

1095 784 1141 811 τὸν
1156 783 1264 821 οὖρανὸν
1295 783 1405 821 πληρῶν
1437 784 1479 811 καὶ
1505 783 1554 816 τὴν
1573 786 1637 822 γῆν,
1661 782 1770 815 δυνατός
1800 783 1855 811 ἐστι
1878 784 1925 812 καὶ

1095 831 1147 856 τῶν
1176 831 1229 856 σῶν
1258 831 1358 868 χειρῶν
1381 827 1512 860 ἐξελέσθαι
1529 838 1574 865 με.
1601 828 1637 855 Σὺ
1659 826 1686 855 δὲ
1711 830 1747 866 γῆ
1763 829 1806 856 καὶ
1822 827 1927 860 σποδὸς

1096 873 1133 901 ὢν
1149 873 1216 901 κατὰ
1231 873 1298 904 τίνος
1329 872 1378 911 ἂρα
1394 873 1436 900 καὶ
1463 871 1564 909 τολμᾷς
1595 872 1870 911 ὑπερηφανεύσεσθαι,
1893 873 1928 901 οὗ

1097 920 1222 946 ὑποκάτω
1256 918 1437 956 στρωθήσεται
1466 920 1569 955 σῆψις,
1598 918 1621 953 ᾧ
1644 918 1660 951 ἡ
1691 917 1748 952 ζωὴ
1790 917 1924 956 βαρυτέρα

1092 963 1204 990 θανάτου
1233 963 1278 989 τὸν
1305 965 1391 997 ζῶντα
1430 962 1469 999 μὴ
1498 962 1626 1000 ἐγνωκότι
1655 961 1731 992 Θεόν,
1766 962 1815 989 Διὰ
1842 967 1923 991 τοῦτο

1092 1006 1155 1035 ὠσεὶ
1183 1006 1258 1038 ἄνθος
1288 1009 1334 1035 τοῦ
1363 1006 1444 1045 ἀγροῦ
1480 1006 1563 1038 οὕτως
1594 1007 1762 1044 ζηρανθήσῃ.
1788 1005 1823 1034 ἵν’
1854 1005 1923 1046 ὅπερ

1092 1056 1134 1081 νῦν
1150 1057 1322 1090 προσκυνεῖς,
1353 1054 1430 1079 τοῦτο
1459 1050 1518 1078 ἐκεῖ
1534 1049 1712 1087 κολαζόμενος
1730 1050 1800 1089 ἔργῳ
1829 1052 1921 1089 μάθῃς

1092 1097 1120 1125 οὐ
1135 1097 1165 1124 τὸ
1194 1098 1245 1134 πῦρ
1271 1097 1341 1123 εἶναι
1364 1095 1441 1133 Θεὸν,
1464 1095 1533 1124 ἀλλὰ
1557 1096 1600 1123 καὶ
1617 1096 1680 1124 αὺτὸ
1707 1095 1795 1133 ἕτερον
1823 1095 1919 1124 εἰδέναι

1091 1139 1263 1179 δημιουργὸν,
1295 1140 1323 1171 ὃς
1366 1141 1410 1168 καὶ
1445 1140 1553 1168 πάντων
1594 1140 1650 1168 ἐστὶ
1691 1141 1743 1167 τῶν
1773 1140 1918 1179 ὁρωμένων

1091 1186 1170 1217 Θεὸς.

1129 1273 1170 1305 Ε’.
1188 1274 1295 1306 Τούτοις
1311 1275 1385 1311 θυμῷ
1401 1273 1507 1302 πλείονι
1523 1277 1568 1302 τοῦ
1597 1274 1684 1314 μάγου
1715 1273 1914 1316 διακαυθέντος,

1088 1318 1226 1357 βαρύτεραι
1255 1319 1300 1346 τὸν
1330 1318 1405 1357 ἅγιον
1442 1316 1629 1357 περιεδέσμουν
1670 1318 1789 1355 ἁλύσεις,
1822 1320 1867 1347 καὶ
1898 1320 1916 1353 ἦ

1089 1362 1205 1402 ἑσωτέρα
1235 1362 1301 1394 τέως
1329 1362 1434 1402 φυλακῆ
1470 1361 1626 1402 ὑπεδέχετο.
1655 1367 1694 1401 Τῇ
1727 1363 1753 1391 δὲ
1782 1363 1842 1398 ἑξῆς
1872 1365 1917 1392 καὶ

1089 1409 1102 1435 ὁ
1130 1407 1291 1445 τιμιώτατος
1331 1407 1483 1445 κατεσγέθη
1517 1406 1693 1447 πρεσϐύτερος
1732 1408 1831 1447 Ἰωσὴφ
1862 1409 1916 1437 ἀπὸ

1087 1453 1168 1489 κώμη
1208 1451 1380 1486 Βηθλαϐουκὰ
1423 1451 1591 1489 καλουμένης
1632 1452 1787 1491 ὁρμώμενος
1823 1452 1840 1481 ὅ
1866 1457 1914 1482 τοῦ

1087 1497 1234 1537 γράφοντος
1265 1496 1353 1528 καλῶς
1397 1496 1596 1535 ἑρμηνεύεται·
1641 1498 1751 1536 γηραιὸς
1778 1496 1805 1525 δὲ
1835 1499 1913 1531 αὐτὸς

216 1541 369 1580 jamintra
386 1541 529 1572 terminos
545 1540 713 1580 Davidicos,
743 1544 776 1571 ut
803 1543 853 1580 qui
879 1544 960 1572 esset
974 1550 1043 1581 sep-

1088 1542 1131 1570 καὶ
1158 1545 1211 1569 τῶν
1236 1541 1384 1570 Δαυῖδικῶν
1406 1542 1480 1573 me;
1507 1540 1576 1579 ὅρων
1606 1540 1788 1580 ἐϐδομήκοντα
1809 1543 1911 1574 τούτοις

221 1585 351 1625 tuaginta
362 1594 457 1616 annos
473 1589 568 1616 natus.
583 1584 737 1616 Senectuti
751 1589 849 1616 autem
867 1585 969 1617 decori
981 1590 1043 1616 erat

1087 1586 1225 1626 ὑπάρχων.
1250 1585 1368 1625 Ἔπρεπε
1384 1585 1411 1613 δέ
1440 1596 1483 1617 τις
1498 1585 1536 1622 τῷ
1560 1585 1630 1624 γήρᾳ
1650 1587 1694 1614 καὶ
1709 1587 1786 1626 χάρις
1810 1586 1909 1626 ὡραιό-

221 1630 355 1670 quaadam
371 1630 477 1670 gratia,
494 1634 524 1661 et
538 1629 656 1669 species
666 1628 854 1660 venerandos
866 1639 956 1660 canos
971 1630 1043 1660 red-

220 1674 309 1705 debat
319 1674 552 1713 Ιιειίοηδ,ου]υε
558 1674 656 1704 anima
664 1673 784 1713 quidem
794 1674 890 1704 zelum
900 1674 1042 1714 spirabat,

220 1722 250 1749 et
259 1718 366 1758 dogma
376 1718 614 1750 Christianorum
627 1718 796 1749 mirandum
813 1719 843 1748 in
856 1719 977 1749 modum
988 1719 1043 1750 de-

219 1762 497 1794 fendebat.Summe
507 1771 575 1793 vero
587 1763 611 1793 is
620 1762 740 1793 deditus
750 1766 815 1793 erat
826 1764 1040 1803 temperantiae,

219 1811 249 1838 et
261 1807 472 1838 continebatur
484 1816 536 1838 cor
548 1808 613 1847 ejus
625 1811 705 1838 metu
717 1807 982 1839 divino.Pmterea
993 1818 1044 1839 au-

219 1855 278 1883 tem
290 1852 556 1891 comprehenditur
567 1852 654 1883 etiam
667 1852 698 1882 in
711 1852 814 1892 primis
829 1853 971 1884 colendus
981 1853 1041 1884 dia-

216 1906 310 1928 conus
334 1896 486 1928 }Eithalas.
515 1898 591 1928 Eum
623 1906 715 1937 pagus
731 1897 804 1928 aluit
819 1897 1038 1938 Bethnoadara,

214 1942 259 1973 vir
273 1946 302 1973 et
314 1941 421 1982 spiritu
433 1942 560 1978 fervens,
574 1946 603 1972 et
613 1942 663 1981 qui
675 1942 784 1973 Christi
796 1942 940 1974 charitate
955 1943 1039 1974 valde

216 1986 449 2018 accendebatur.
467 1987 560 2018 Erant
574 1991 670 2017 autem
688 1988 714 2017 ei
732 1996 830 2018 mores
847 1986 989 2027 propensi
1001 1988 1038 2019 ad

215 2032 447 2070 arguendum,et
458 2031 538 2072 pleni
552 2031 671 2062 dicendi
683 2031 818 2063 libertate
830 2032 924 2063 instar
940 2032 1039 2072 magni

214 2075 298 2113 Elite,
315 2081 345 2106 ut
359 2076 410 2116 qui
425 2076 502 2113 vita,
519 2080 550 2107 ut
562 2077 679 2116 opinor,
698 2083 897 2117 sequerentur
911 2077 1037 2109 liberta-

214 2124 271 2151 tem
290 2125 320 2151 et
333 2121 439 2151 animae
453 2121 766 2161 puritatem.Florebat
781 2131 852 2153 vero
865 2122 894 2152 in
905 2132 940 2153 eo
953 2132 1037 2163 quae-

214 2165 280 2196 dam
298 2176 416 2206 quoque
433 2166 568 2205 gravitas,
588 2176 654 2204 quae
672 2167 699 2196 ei
721 2167 898 2198 conciliabat
914 2167 949 2197 ab
969 2177 1036 2197 om-

212 2211 299 2241 nibus
316 2212 548 2242 venerationem.
568 2210 639 2242 Cum
667 2218 765 2242 autem
796 2211 883 2241 ambo
900 2211 1036 2250 producti

212 2255 336 2286 fuissent
349 2261 416 2286 ante
431 2256 607 2295 jndicem,is
623 2262 704 2286 torvo
721 2257 805 2287 oculo
822 2266 873 2286 eos
886 2256 1005 2286 intuens
1027 2264 1033 2285 :

210 2299 233 2331 Ο
250 2310 353 2339 genus,
372 2301 477 2341 inquit,
508 2301 741 2340 perditissimum
757 2301 762 2331 ί
790 2310 843 2331 cur
868 2300 898 2330 in
915 2300 1035 2340 simpli-

211 2345 308 2375 ciores
321 2346 457 2375 homines
474 2346 685 2386 irrepentes,et
703 2345 806 2376 vestris
823 2345 967 2376 doctrinis
981 2355 1034 2375 eo-

209 2399 275 2420 rum
293 2390 394 2420 oculos
412 2391 667 2430 prmstringentes,
693 2389 841 2420 deducitis
868 2389 903 2419 ad
933 2390 1033 2421 falsam

210 2435 443 2465 Christianorum
457 2435 632 2475 religionem
645 2435 657 2466 ‘.’
667 2435 774 2465 Beatus
784 2439 882 2466 autem
895 2435 966 2465 dixit
983 2437 1034 2466 lo-

209 2480 282 2520 sepli
297 2491 302 2511 :
317 2480 375 2510 Nos
389 2490 442 2511 nec
454 2480 494 2510 uti
507 2479 737 2520 prmstigiis,nec
749 2479 849 2509 fallere
862 2480 1033 2512 didicimus.

208 2523 318 2555 Verum
335 2529 433 2555 autem
453 2530 482 2556 et
499 2525 608 2555 stabile
624 2526 731 2563 dogma
756 2524 963 2561 defendentes,
982 2535 1033 2556 eos

189 2582 193 2585 ·
209 2570 259 2609 qui
267 2574 349 2600 erant
361 2569 439 2600 circa
448 2569 624 2608 religionem
634 2568 812 2599 deducimus
820 2570 854 2599 ad
865 2569 1030 2608 veritatem,

208 2614 350 2645 docentes
361 2614 487 2644 adorare
514 2623 605 2643 unum
622 2615 728 2649 Deum,
746 2614 796 2653 qui
814 2619 857 2644 est
873 2623 939 2644 cum
966 2614 1033 2644 aliis

207 2659 297 2690 rebus
315 2658 458 2689 Dominus
473 2658 545 2688 solis
561 2663 588 2688 et
604 2658 691 2698 ignis.
705 2658 782 2689 Dixit
798 2668 865 2689 vero
880 2668 1003 2698 magnus
1019 2668 1025 2690 :

207 2703 361 2739 Quodnam
373 2707 470 2733 autem
480 2701 586 2742 dogma
597 2707 642 2733 est
651 2703 764 2734 veritati
777 2703 1029 2734 consentaneum?

206 2748 287 2784 idne,
303 2747 381 2787 quod
395 2756 445 2777 rex
463 2747 551 2777 totius
568 2754 655 2778 terrae
679 2748 744 2788 ipse
764 2754 792 2779 et
808 2749 872 2787 ejus
887 2758 1028 2789 proceres

206 2792 421 2829 defendunl,an
438 2793 517 2831 quod
537 2793 606 2824 viles
622 2797 651 2823 et
661 2793 769 2833 abjecti
787 2794 935 2832 homines,
954 2794 1028 2826 sicut

205 2845 268 2876 vos,
289 2836 338 2877 qui
350 2837 465 2878 decepti
482 2839 565 2878 estis,
582 2838 770 2879 praedicant?

1086 1641 1134 1663 της
1150 1640 1179 1658 τε
1208 1630 1255 1663 τὴν
1281 1630 1369 1666 τιμίαν
1400 1630 1496 1658 πολιὰν
1518 1629 1668 1667 ἐπιμᾶλλον
1697 1630 1856 1670 ἐφαίδρυνεν,
1886 1632 1909 1668 ᾧ

1085 1674 1167 1710 ζήλου
1197 1674 1245 1712 μὲν
1270 1673 1361 1702 ἔπνεεν
1388 1673 1406 1707 ἦ
1425 1674 1502 1714 ψυχὴ
1518 1675 1624 1703 καὶτοῦ
1640 1679 1804 1714 Χριστιανῶν
1830 1676 1910 1704 ἐκτό-

1085 1730 1142 1750 πως
1173 1719 1320 1758 προίστατο
1359 1718 1491 1757 δόγματος
1529 1720 1702 1759 σωφροσύνης
1730 1731 1759 1748 τε
1786 1720 1911 1756 ἀκριϐοῦς

1085 1764 1191 1804 εἴχετο,
1224 1765 1291 1802 Πρὸς
1319 1767 1398 1792 τοῦτο
1426 1764 1470 1792 καὶ
1498 1765 1511 1792 δ
1544 1763 1762 1802 σεϐασμιώτατος
1790 1764 1910 1799 διάκονος

1086 1808 1223 1841 Ἀειθαλᾶς
1253 1807 1478 1848 συλλαμϐάνεται,
1521 1809 1602 1846 κώμη
1645 1814 1737 1838 τοῦτον
1780 1810 1909 1849 ἐθρέψατο

1084 1853 1265 1894 Βηθροαδαρᾶ,
1295 1853 1362 1892 ἀνὴρ
1398 1853 1458 1882 τότε
1491 1853 1620 1891 πνεύματι
1641 1853 1708 1890 ζέων
1731 1855 1774 1883 καὶ
1799 1859 1834 1893 τῇ
1864 1858 1910 1885 τοῦ

1083 1902 1198 1938 Χριστοῦ
1229 1898 1321 1938 ἀγάπῃ
1351 1897 1469 1938 σφοδρῶς
1498 1898 1695 1938 ἐκπυρούμενος
1713 1907 1719 1915 ⁸
1753 1898 1910 1939 ἐλεγκτικὸν

1081 1943 1107 1971 δὲ
1125 1944 1196 1980 αὖ»τῷ
1211 1944 1241 1971 τὸ
1270 1944 1333 1977 ἦθος
1363 1943 1406 1971 καὶ
1432 1942 1579 1982 παρρησίας
1610 1944 1708 1981 μεστὸν
1741 1945 1787 1972 τὸν
1818 1940 1910 1974 Ἠλιοῦ

1080 1992 1126 2017 τοῦ
1155 1988 1273 2027 μεγάλου
1295 1988 1392 2027 τρόπον
1423 1990 1462 2024 τῷ
1490 1987 1639 2028 ἐλευθερίῳ1
1665 1991 1754 2027 οἶμαι,
1784 1993 1829 2018 τοῦ
1850 1991 1909 2029 βίου

1080 2035 1123 2062 καὶ
1155 2034 1203 2067 τὴν
1229 2033 1278 2065 τῆς
1306 2032 1397 2072 ψυχῆς
1427 2031 1559 2070 ἑπόμενον
1585 2034 1758 2072 καθαρότητι.
1782 2034 1908 2070 Ἐπήνθει

1079 2078 1106 2106 δέ
1132 2090 1171 2110 τις
1195 2077 1267 2115 αὐτῷ
1296 2078 1340 2105 καὶ
1369 2077 1501 2114 σεμνότης
1531 2077 1561 2106 ἐκ
1592 2078 1702 2107 πάντων
1729 2080 1909 2118 περιποιοῦσι

1079 2126 1116 2160 τῷ
1145 2121 1216 2161 ἀνδρὶ
1245 2123 1274 2150 τὸ
1296 2121 1443 2158 αἰδέσιμον.
1473 2122 1551 2151 Ἐπεὶ
1578 2121 1604 2151 δὲ
1625 2123 1706 2163 ἄμφω
1734 2124 1906 2163 παρέστησαν

1078 2169 1117 2204 τῷ
1138 2167 1269 2202 δικάζοντι
1298 2166 1420 2205 βλοσυρῷ
1443 2165 1543 2205 ὄμματι
1575 2169 1641 2206 πρὸς
1670 2168 1762 2202 αὖτοὺς
1784 2168 1905 2198 ἀποϐλέ-

1079 2214 1143 2251 ψας⁷
1161 2209 1192 2239 Ὤ
1221 2211 1429 2250 ὃυσθανάτωτον,
1453 2211 1517 2251 ἔφη,
1534 2212 1622 2252 γένος,
1651 2213 1696 2241 ἵνα
1724 2215 1749 2242 τί
1773 2214 1834 2246 τοὺς
1851 2217 1905 2243 τῶν

1077 2255 1222 2295 ἀνθρώπων
1252 2255 1443 2296 ὰφελεστέρους
1486 2257 1607 2290 δπιόντες
1638 2260 1671 2296 τῇ
1695 2261 1747 2287 τῶν
1773 2262 1904 2297 Χριστια-

1077 2302 1129 2329 νῶν
1159 2301 1274 2342 ὑπάγετε
1303 2301 1455 2340 θρησκείᾳ;
1487 2297 1515 2330 Ὀ
1545 2302 1676 2341 μακάριος
1708 2302 1804 2342 ἔφησεν
1840 2303 1903 2333 ἰω-

1078 2345 1130 2385 σῆφ
1148 2353 1155 2361 ·
1181 2341 1278 2383 Ἠμετς
1308 2346 1367 2374 οὔτε
1389 2347 1529 2385 γοητεύειν
1558 2346 1617 2375 οὔτε
1647 2341 1750 2384 ἀπατᾷν
1775 2350 1902 2386 μεμαθή-

1077 2402 1161 2427 καμεν
1181 2399 1188 2406 ·
1207 2391 1321 2424 ἀληθοῦς
1344 2389 1371 2419 δὲ
1388 2392 1431 2420 καὶ
1452 2391 1560 2430 βεϐαίου
1581 2393 1775 2431 προϊστάμενοι
1799 2392 1907 2433 δόγμα-

1076 2447 1120 2467 τος
1136 2439 1196 2468 τοὺς
1213 2435 1403 2474 πλανωμένους
1434 2437 1493 2476 περὶ
1521 2437 1552 2464 τὸ
1579 2435 1659 2469 σέϐας
1682 2438 1906 2477 χειραγωγοῦμεν

1075 2482 1141 2520 πρὸς
1170 2481 1218 2515 τὴν
1247 2480 1386 2517 ἀλήθειαν,
1418 2482 1481 2510 Θεὸν
1508 2480 1555 2509 ἕνα
1588 2480 1755 2514 διδάσκοντος
1783 2494 1906 2522 προσκυ-

1075 2533 1132 2560 νεῖν
1160 2525 1294 2559 δεσπότην
1326 2526 1395 2563 μετὰ
1422 2528 1475 2554 τῶν
1498 2525 1587 2555 ἄλλων
1609 2525 1686 2561 ἡλίου
1701 2538 1728 2555 τι
1744 2528 1788 2555 καὶ
1809 2529 1905 2566 πυρός.

1076 2572 1125 2600 Καὶ
1154 2571 1168 2599 δ
1183 2570 1268 2610 μάγος
1286 2570 1367 2610 φησίν
1383 2578 1390 2585 ⁸
1416 2573 1500 2598 Ποῖον
1515 2569 1541 2598 δὲ
1566 2569 1652 2611 δόγμα
1681 2569 1807 2605 ἀληθείας
1833 2571 1905 2612 ἑχό-

1074 2615 1154 2654 μινόν
1169 2616 1239 2644 ἔστιν
1264 2613 1329 2654 ὅπερ
1351 2615 1365 2642 ὁ
1393 2614 1482 2647 πάσης
1509 2617 1560 2653 γῆς
1589 2614 1739 2653 βασιλεύων
1763 2616 1844 2648 αὐτός
1873 2627 1903 2645 τι

1071 2661 1114 2689 καὶ
1130 2662 1287 2699 μεγιστᾶνες
1310 2660 1390 2687 αὐτοῦ
1419 2657 1608 2698 πρεσϐεύουσιν
1638 2659 1655 2694 ἢ
1685 2659 1750 2699 ὅπερ
1777 2662 1897 2693 εὐτελεῖς

1071 2706 1115 2734 καὶ
1129 2703 1295 2742 ἠμελημένοι
1311 2703 1369 2731 καθ’
1387 2703 1459 2742 ἡμᾶς
1488 2704 1548 2737 τοὺς
1576 2704 1765 2744 ἠπατημένους
1792 2706 1896 2746 κηρύτ-

1071 2761 1160 2779 τουσιν
1181 2759 1189 2788 ;
