4066 6394
237 291 346 360 837

1141 285 1558 351 CERTAMEN
1605 284 1665 347 S.
1712 280 2108 344 ACEPSIM/E
2150 281 2249 342 ET
2302 277 2705 340 SOCIORUM.

3489 270 3606 338 838

308 423 415 497 ς’.
480 417 727 481 Εὕτελεῖς
784 416 882 491 μὲν
946 418 1136 495 ἡμεῖς,
1198 419 1225 472 ὁ
1283 422 1372 472 τοῦ
1429 420 1658 491 Χριστοῦ
1717 415 1912 492 ιερεὺςλ

2043 413 2138 473 VI.
2177 413 2344 477 Viles
2365 413 2604 494 quidem
2627 420 2686 475 et
2709 411 2924 490 abjecti
2948 411 3222 472 homines
3248 428 3452 470 sumus
3470 427 3598 497 nos,

234 496 572 590 ἀπεκρίνατο,
605 517 757 566 τοῦτο
815 509 913 574 τῆς
973 504 1191 570 ἐντολῆς
1254 511 1478 582 Χριστοῦ
1531 501 1875 568 κελευούσης’

1981 503 2268 581 ἐεροηιιίι
2314 504 2532 566 Christi
2583 501 2884 590 sacerdos,
2920 501 3033 590 hoc
3084 500 3333 579 jubente
3390 496 3607 590 Christi

233 603 343 657 ἐπεὶ
404 602 499 656 οὒκ
558 599 611 653 ἐν
669 595 883 666 πλούτῳ
939 596 1026 649 καὶ
1095 591 1433 669 ὑπερηφανίᾳ
1501 590 1784 658 εὐδόκησεν
1853 594 1879 647 ὁ

1967 603 2282 672 praecepto,
2317 592 2594 673 quoniam
2631 610 2747 650 non
2776 589 2836 650 in
2863 589 3090 650 divitiis
3122 597 3184 651 et
3212 588 3494 669 superbia
3515 586 3607 648 vi-

231 691 357 750 Θεὸς
417 689 572 761 ἡμῶν
629 683 748 741 ὁδον
811 683 1083 761 ἀνθρώπου
1143 683 1558 739 κατευθύνεσθαν
1622 679 1705 736 δια
1755 688 1880 737 τοῦ-

1981 699 2094 741 ςυηι
2127 689 2214 741 est
2247 683 2367 743 Deo
2397 689 2603 741 nostro
2635 679 2787 740 viam
2814 677 3072 740 hominis
3094 676 3449 756 dirigere.Et
3473 676 3609 738 ideo

229 801 290 835 το
336 779 425 833 καὶ
475 773 737 836 πολλάκις
787 779 912 849 γοῦν
971 771 1182 833 ἑκόντες
1241 771 1453 834 ἑαυτοὺς
1509 771 1882 845 ταπεινούμεν,

1981 789 2074 831 nos
2105 789 2260 852 saepe
2293 777 2488 832 nostra
2518 778 2729 850 sponte
2763 788 2870 830 nos
2901 767 3156 830 humiles
3191 765 3609 844 reddimus,la-

227 869 292 922 τὰ
363 866 486 921 ὄντα
565 862 765 928 πένησι
850 860 1190 939 προϊέμενοι,
1264 860 1489 916 πλοῦτον
1577 856 1884 915 ἀντιλαϐεῖν

1981 860 2213 921 :ultates
2247 869 2479 922 nostras
2506 858 2887 939 prodigentes
2942 857 3328 938 pauperibus,
3389 875 3498 936 pro
3538 854 3612 916 iis

229 957 442 1012 αἰώνιον
500 952 848 1030 ἐκδεχόμενοι
901 951 987 1004 καὶ
1060 947 1213 1014 δόξαν
1285 949 1384 1015 την
1456 947 1704 1004 οὐδέποτε
1765 946 1885 1004 δια-

229 1045 554 1103 πίπτουσαν,
588 1042 660 1096 Σὺ
692 1039 746 1094 δὲ
801 1041 828 1094 ὁ
885 1037 971 1094 ἐπὶ
1027 1037 1240 1110 πλούτῳ
1289 1040 1603 1116 προσκαίρῳ
1658 1039 1744 1092 καὶ
1774 1059 1882 1110 μα-

228 1135 353 1203 ταίᾳ
380 1130 506 1206 δόξῃ
541 1130 604 1186 τὰ
663 1127 872 1205 μεγάλα
932 1132 1108 1205 φυσῶν
1171 1129 1241 1190 ὡς
1301 1127 1501 1189 καπνὸς
1560 1124 1884 1202 παρελεύση,

231 1223 326 1278 καὶ
352 1222 422 1280 ὡς
457 1226 594 1299 χαῦς
625 1218 727 1275 ὕπὸ
784 1217 1082 1291 πνεύματος
1139 1213 1516 1294 ἐκφυσηϐήσῃ.
1579 1206 1636 1272 Ὀ
1691 1215 1886 1292 μάγος,

233 1309 453 1384 ἰ’μεῖς,
525 1309 702 1382 εἶπεν,
779 1306 918 1379 δκνῳ
993 1303 1329 1380 δουλούμενοι
1388 1305 1572 1380 ἀργίαν
1643 1325 1701 1358 τε
1773 1302 1891 1380 περὶ

233 1398 479 1462 πλείονος
538 1397 692 1476 ἔργου
764 1396 1066 1468 ποιούμενοι
1143 1393 1490 1472 περιέρχεσθε
1557 1392 1650 1453 τὰς
1724 1393 1889 1455 οἰκίας

233 1487 529 1566 προσαῖταί
561 1505 697 1549 τινες
752 1482 919 1540 ἄθλιοι
968 1484 1054 1538 καὶ
1105 1483 1262 1562 χερσὶ
1310 1480 1668 1560 προσέχοντες
1717 1479 1886 1537 ἀλλο-

234 1579 430 1654 τρίαις.
462 1575 580 1654 Ἐφ’
612 1576 658 1648 ᾧ
687 1573 742 1629 δὲ
790 1573 962 1651 ἐρχῆν
1017 1571 1458 1651 ἐπαισχύνεσθαι,
1525 1571 1694 1643 τούτῳ
1744 1569 1888 1644 μᾶλ-

234 1666 331 1722 λον
360 1667 519 1738 ὑμεῖς
553 1664 910 1742 ἐγκαυχᾶσθε·
946 1664 971 1716 ὂ
1021 1662 1119 1739 γὰρ
1179 1660 1408 1722 πλοῦτος
1467 1665 1625 1715 πᾶσιν
1683 1660 1887 1738 ἀνθρώ-

233 1777 359 1818 ποις
385 1753 674 1830 ἐπέραστός
706 1773 761 1806 τε
803 1749 986 1813 δεινῶς
1048 1752 1136 1806 καὶ
1187 1747 1654 1827 ἆξώσπούδαστος,
1706 1749 1766 1804 οὗ
1813 1749 1890 1813 τίς

233 1845 363 1918 ὑμῖν
394 1842 665 1898 πιστεύσει
698 1843 775 1914 μὴ
807 1839 928 1915 ἐρᾷν
961 1860 978 1910 ;
1040 1837 1100 1896 Ὀ
1163 1838 1449 1916 μακάριος,
1505 1836 1745 1916 Ἐπειδὴ,
1780 1844 1890 1914 φη-

237 1935 340 2004 civ,
395 1931 581 2007 ἀργίαν
639 1931 777 2004 ἡμῖν
835 1925 1134 1999 ὠνείδισας,
1189 1928 1278 1982 καὶ
1331 1926 1618 2004 προσαίταις
1697 1925 1889 1983 ἐκάλε-

235 2043 360 2087 σας,
421 2020 630 2098 ἐρωτῶν
688 2019 916 2092 μάνθανε
977 2013 1118 2094 παρά
1188 2023 1293 2072 τῶν
1348 2013 1560 2071 εἰδότων
1629 2016 1701 2078 ὡς
1773 2014 1889 2093 εἴγε

238 2110 464 2166 πλοῦτον
493 2107 736 2165 ἆθλοῖσαι
770 2105 854 2162 διὰ
885 2103 1117 2172 σπουδῆς
1148 2107 1286 2178 ἡμῖν
1359 2105 1570 2182 γέγονε,
1637 2111 1888 2161 τοσοῦτον

235 2200 298 2254 ἂν
358 2203 468 2254 τῶν
526 2197 800 2275 ἡμετέρων
863 2194 1186 2269 ἂπωνάμεθα
1247 2199 1446 2272 χειρῶν
1488 2193 1608 2256 ὅσος
1668 2193 1782 2250 οὔδε
1815 2217 1893 2250 σοι

247 2288 446 2368 σχεδὸν
507 2287 789 2361 πρόσεστιν
845 2286 950 2340 ἀπὸ
987 2290 1092 2340 τῶν
1155 2285 1403 2352 πενήτων
1454 2285 1610 2338 αὐτὸν
1666 2283 1894 2360 ἐρανιζο-

244 2380 410 2452 μένῷ,
473 2377 665 2436 πόνους
723 2395 781 2430 τε
850 2373 1154 2451 ἀλλοτρίους
1228 2370 1626 2447 καλαμωμένῷ.
1704 2370 1894 2447 Ἡμεῖς

245 2467 341 2543 μὲν
400 2466 501 2542 γὰρ
558 2462 710 2526 ἰδίαις
770 2465 922 2543 χερσὶ
980 2463 1321 2537 πονούμενοι,
1381 2467 1644 2538 πορισμοῦ
1697 2459 1896 2519 δικαίου

244 2561 599 2627 κοινωνοῦμεν
681 2565 798 2617 τοῖς
885 2549 1175 2626 δεομένοις·
1253 2552 1410 2624 ὑμεῖς
1487 2549 1541 2606 δί
1626 2549 1898 2624 πλεονεξίᾳ

245 2646 615 2722 προσκείμενοι
673 2643 733 2698 οὒ
787 2642 947 2716 μόνον
1005 2639 1110 2698 οὔδ’
1171 2641 1345 2696 ότιούν
1399 2641 1545 2696 αὐτοὶ
1593 2642 1891 2718 ἐργάζεσθε,

245 2733 383 2789 ἀλλὰ
415 2735 863 2811 προσαφαιρεῖσθε
892 2730 1078 2786 καὶτὰ
1133 2727 1408 2808 ἀλλότρια.
1473 2727 1594 2786 ’Ότι
1644 2728 1696 2784 δὲ
1753 2730 1897 2804 ἡμᾶς

251 2821 484 2879 πλούτου
530 2819 664 2898 ἔφης
705 2820 850 2898 ἑρᾷν,
910 2820 960 2874 τί
1016 2820 1077 2873 τὸ
1137 2820 1330 2892 προσὸν
1389 2817 1572 2890 ἐκείνῳ
1629 2821 1896 2889 κατανοή-

251 2931 437 2973 σαντες
470 2909 687 2986 ἆγαθὸν,
741 2905 1116 2986 προσδεδέσθαι
1147 2906 1210 2961 ἂν
1263 2911 1406 2980 αὗτῷ
1449 2908 1677 2986 εἴχομεν
1709 2929 1726 2981 ;
1763 2911 1897 2987 Οὖχὶ

253 2997 510 3072 δραπέτης
563 2997 701 3054 ἐστὶν
756 2998 844 3054 καὶ
915 2995 1111 3072 κομιδῆ
1186 2994 1454 3068 ἅπιστοςς
1526 2997 1657 3075 Οὐχὶ
1730 2998 1899 3072 τούτῳ

1969 968 2078 1010 nos
2108 958 2464 1029 accepturus
2493 957 2744 1009 aeternas
2763 954 3170 1027 exspectantes
3187 946 3438 1007 divitias.
3465 944 3612 1006 Nam

1971 1037 2110 1099 siin
2140 1038 2571 1117 congregandis
2627 1036 2847 1098 divitiis
2906 1035 3167 1098 studium
3224 1053 3608 1116 poneremus,

1974 1135 2200 1188 tantum
2233 1145 2301 1188 ex
2336 1126 2556 1188 nostris
2588 1126 2862 1188 manibus
2905 1124 3202 1186 commodi
3236 1125 3610 1205 percepisse-

1974 1234 2129 1290 mus,
2164 1224 2220 1275 et
2252 1222 2438 1276 tantas
2486 1232 2628 1294 opes
2676 1213 3147 1292 collegissemus,
3202 1221 3448 1294 quantas
3500 1231 3614 1274 nec

1973 1303 2077 1364 tibi
2107 1303 2347 1384 quidem
2381 1305 2540 1378 licet,
2581 1304 2679 1384 qui
2712 1321 2812 1364 eas
2843 1302 3074 1380 colligis
3105 1321 3175 1363 ex
3229 1301 3612 1382 pauperibus,

1975 1400 2034 1454 et
2060 1391 2233 1454 metis
2263 1392 2491 1454 alienos
2523 1392 2778 1454 labores.
2817 1391 2936 1452 Ncs
2961 1392 3116 1453 enim
3153 1391 3408 1471 propriis
3432 1391 3615 1452 mani-

1971 1481 2083 1543 bus
2113 1479 2476 1561 laborantes,
2499 1481 2662 1560 juste
2694 1479 2959 1561 quaesitis
2993 1497 3285 1559 pauperes
3340 1479 3613 1558 imperti-

1973 1588 2125 1631 mus.
2161 1568 2282 1632 Vos
2315 1577 2509 1631 autem
2545 1570 2653 1630 soli
2685 1569 2945 1631 avaritiae
2974 1569 3156 1630 dediti
3204 1577 3264 1630 et
3307 1568 3477 1648 plura
3508 1568 3621 1629 ha-

1974 1657 2156 1720 bendi
2187 1659 2520 1739 cupiditati,
2555 1679 2672 1720 non
2706 1661 2894 1721 solum
2926 1659 3072 1721 nihil
3107 1659 3218 1739 ipsi
3263 1657 3619 1738 operamini,

1975 1747 2080 1809 sed
2114 1757 2398 1828 przeterea
2429 1750 2601 1809 etiam
2634 1748 2885 1811 aufertis
2908 1747 3124 1810 aliena.
3160 1746 3450 1820 Quoniam
3484 1764 3622 1808 vero

1977 1855 2084 1898 nos
2117 1855 2355 1917 quoque
2385 1837 2536 1899 dicis
2566 1855 2768 1898 amare
2790 1837 3030 1898 divitias
3056 1857 3070 1899 :
3107 1840 3408 1917 quodnam
3442 1835 3504 1897 in
3536 1836 3622 1897 eis

1975 1925 2196 1988 bonum
2226 1928 2429 1988 inesse
2459 1926 3023 2000 animadvertentes,
3055 1944 3162 1987 nos
3183 1925 3256 1986 ad
3284 1943 3386 1988 eas
3403 1943 3622 2005 paran-

1974 2014 2078 2077 das
2108 2016 2505 2094 deﬁgeremus
2529 2019 2556 2074 Ἰ
2584 2017 2713 2076 Non
2744 2024 2882 2076 sunt
2930 2034 3015 2077 eae
3058 2014 3314 2094 fugitiva;
3360 2023 3419 2077 et
3450 2014 3623 2076 valde

1973 2103 2294 2166 inﬁdeles?
2325 2106 2456 2167 Non
2489 2104 2668 2166 hodie
2715 2105 2956 2185 quidem
3011 2105 3148 2166 huic
3196 2104 3431 2175 adsunt,
3492 2121 3624 2165 cras

1983 2211 2118 2254 vero
2140 2194 2396 2273 migrant
2409 2194 2482 2255 ad
2504 2194 2907 2275 alium,priori
2923 2194 3170 2256 domino
3189 2191 3625 2274 quodammodo

1977 2284 2312 2362 abnegato?
2363 2281 2492 2345 Non
2547 2300 2824 2360 magnam
2877 2283 2939 2344 in
2994 2302 3154 2358 eum,
3207 2283 3309 2363 qui
3339 2281 3626 2363 possidet,

1979 2376 2278 2434 concitant
2306 2371 2637 2434 invidiam?
2666 2371 2796 2434 Non
2827 2390 2910 2434 ea;
2933 2371 3167 2434 labores
3182 2381 3238 2434 et
3258 2372 3629 2452 bellaaperte

1978 2461 2491 2524 architectantur?
2517 2461 2645 2524 Non
2676 2462 2968 2524 latronum
3003 2472 3060 2524 et
3088 2464 3283 2524 turum
3323 2462 3626 2524 attrahunt

1980 2551 2186 2612 oculos
2209 2551 2239 2611 ?
2265 2550 2430 2624 Quod
2456 2552 2505 2612 si
2537 2551 2688 2614 dicis
2708 2570 2786 2614 ex
2821 2552 2893 2613 iis
2937 2553 3195 2632 aliquam
3248 2550 3394 2613 oriri
3454 2549 3625 2611 volu-

1981 2649 2224 2722 ptatem,
2259 2651 2358 2703 aut
2386 2641 2662 2722 gloriam,
2696 2661 2972 2722 magnum
2998 2641 3140 2724 quid
3172 2659 3306 2704 esse
3337 2648 3580 2720 reputas
3600 2644 3628 2702 ’ἶ

1982 2729 2261 2809 quidnam
2296 2749 2364 2792 ea
2394 2731 2628 2793 differet
2677 2749 2712 2792 a
2754 2730 3006 2792 somniis
3043 2739 3103 2793 et
3141 2729 3416 2793 umbris?
3445 2730 3631 2791 Parva

1981 2819 2175 2880 affecit
2205 2819 2505 2898 voluptate
2541 2841 2556 2896 ;
2585 2820 2806 2882 deinde
2838 2839 2972 2882 cum
3005 2819 3336 2882 adventarit
3358 2835 3625 2898 vespera,

1982 2909 2274 2972 exstincta
2305 2917 2394 2971 est
2427 2918 2483 2971 et
2515 2911 2753 2972 redacta
2783 2911 2844 2971 in
2864 2909 3141 2972 nihilum.
3177 2908 3338 2981 Quod
3373 2909 3422 2970 si
3452 2907 3630 2969 etiam

1981 2998 2042 3060 in
2076 2999 2351 3079 praesenti
2384 2999 2498 3060 vita
2531 3017 2737 3079 parum
2759 3000 3067 3073 manserit,
3093 3017 3252 3060 mors
3281 3009 3477 3060 tamen
3502 2998 3628 3077 jam

245 3088 343 3163 μὲν
397 3087 648 3165 πρόσεστι
702 3109 815 3161 νυν,
876 3087 1050 3159 αὑριον
1113 3081 1167 3140 δὲ
1221 3086 1354 3162 πρὸς
1411 3083 1574 3140 ἄλλον
1606 3094 1899 3166 μεταφοιτᾷ

1981 3087 2326 3165 adveniens,
2362 3107 2490 3150 eam
2523 3107 2760 3170 quoque
2793 3089 2970 3151 habet
3017 3087 3195 3150 simul
3251 3087 3575 3150 abeuntem
3611 3105 3629 3160 ;

246 3180 336 3234 τὸν
397 3178 500 3253 πρὸ
559 3184 655 3234 τοῦ
712 3173 976 3241 δεσπότην
1033 3173 1212 3252 ὥσπερ
1282 3172 1753 3256 ἓξαρνησάμενοςς
1827 3177 1898 3234 0-3

241 3267 422 3325 πόνων
484 3264 635 3328 οὗτος
666 3267 752 3320 καὶ
811 3262 1064 3339 πολέμων
1092 3261 1406 3343 δημιουργὸς
1439 3264 1678 3344 ἄντικρυς
1718 3285 1734 3340 ;
1765 3260 1900 3347 Οὐχὶ

1982 3176 2201 3239 acerba
2232 3183 2432 3240 autem
2465 3177 2756 3259 supplicia
2787 3197 2949 3259 eum,
3007 3177 3109 3258 qui
3138 3195 3203 3240 se
3256 3177 3354 3238 hic
3404 3173 3633 3238 dedidit

1983 3266 2406 3347 voluptatibus,
2445 3270 2735 3329 tenebunt
2765 3276 3071 3349 perpetuo.

241 3358 456 3436 λῃστῶν
511 3355 881 3452 καίἑκλεπτῷν
927 3355 1200 3452 ἐφέλκεται
1262 3354 1608 3435 ὀφθαλμοὺς,
1675 3359 1732 3415 Εἰ
1789 3357 1972 3452 δὲτὴν
2029 3361 2088 3418 ἐκ
2143 3362 2328 3420 τούτου
2381 3364 2455 3442 api]
2526 3364 2561 3430 ἧ
2593 3360 2808 3442 δόξανῇ
2855 3368 2994 3440 μέγα
3024 3385 3072 3417 τι
3109 3361 3208 3430 τὴν
3239 3360 3387 3427 δόξαν
3419 3359 3631 3452 λογίζῃ,

241 3453 292 3508 τί
345 3458 456 3507 τῶν
508 3449 722 3528 ὀνείρων
785 3450 919 3516 αὕτη
991 3448 1219 3529 διαφέρει
1275 3452 1362 3506 καὶ
1411 3453 1516 3508 τῶν
1575 3471 1791 3525 σκιων;
1861 3451 2066 3533 Ὀλίγον
2140 3454 2410 3536 εὔφρανεν,
2473 3455 2578 3513 εἷθ’
2652 3456 2878 3535 ἑσπέρας
2933 3453 3364 3530 καταλαϐούσης,
3425 3448 3635 3522 ἀπέσϐη

242 3549 329 3603 καὶ
390 3546 524 3622 πρὸς
583 3545 643 3599 τὸ
707 3545 784 3619 μὴ
844 3544 904 3598 ὃν
967 3542 1167 3622 ᾤχετο,
1233 3545 1291 3600 Ei
1335 3542 1389 3599 δὲ
1447 3547 1532 3601 καὶ
1601 3548 1786 3626 μικρόν
1844 3571 1894 3604 τι
1952 3554 2029 3623 τῷ
2083 3552 2302 3628 παρόντι
2361 3551 2460 3626 βίῳ
2507 3552 2953 3630 συμπαραμείνοι,
3001 3549 3118 3608 ἀλλ’
3171 3555 3199 3608 ὁ
3255 3551 3478 3614 θάνατος
3532 3546 3637 3614 ἤδη

244 3635 562 3695 καταλαϐὼν
615 3639 703 3694 καὶ
755 3639 919 3704 αὐτὴν
977 3635 1094 3716 ἕχει
1153 3644 1525 3695 συναπιοῦσαν·
1594 3644 1777 3716 πικραὶ
1836 3637 1891 3697 δὲ
1954 3641 2200 3709 κολάσεις
2257 3646 2346 3701 τὸν
2392 3643 2609 3704 ἐνταῦθα
2666 3658 2788 3708 ταῖς
2843 3643 3063 3710 ἡδοναῖς
3124 3647 3312 3722 ἒφέντα
3369 3641 3453 3700 διὰ
3495 3664 3635 3699 παν-

245 3734 334 3797 τὸς
364 3730 594 3796 ἕξουσιν,
1325 3768 1329 3774 .

328 3819 407 3882 Ζ’,
466 3819 615 3878 Οὕτω
671 3817 973 3898 λεγομένων
1030 3819 1268 3899 ἐγκύψας
1342 3823 1368 3876 ὃ
1441 3822 1630 3900 μάγος,
1704 3822 1899 3885 Ἐάσας

245 3910 368 3973 τούς
400 3911 618 3987 μικροὺς
677 3907 896 3988 λήρους,
957 3912 1140 3990 φησὶν,
1194 3915 1270 3983 τῷ
1300 3911 1534 3989 μεγίστῳ
1573 3915 1688 3986 Θεῴ
1736 3909 1902 3986 Ἠλίῳ

245 4001 332 4056 καὶ
390 4005 468 4073 τῷ
527 3997 805 4078 φανοτάτῳ
865 4001 983 4077 πυρὶ
1040 4000 1134 4068 τὴν
1184 4003 1539 4077 προσκύνησιν
1600 4001 1672 4064 ὡς
1751 4001 1899 4076 θέμις

247 4089 470 4155 ἀπόδος.
555 4093 692 4169 Πρὸς
744 4091 911 4147 ταῦτα
943 4092 1031 4159 Μὴ
1090 4091 1298 4160 πλανῶ,
1333 4093 1546 4149 εἶπενὸ
1594 4114 1898 4169 προσκυνη-

245 4181 344 4247 τὴς
397 4189 491 4239 τοῦ
547 4182 796 4260 Χριστοῦ,
858 4179 997 4255 μηδὲ
1053 4188 1206 4238 τοῦτο
1264 4180 1381 4238 οἴου
1435 4182 1720 4242 θεάσασθαί
1770 4204 1899 4240 ποτε

248 4282 370 4331 τοῖς
423 4281 540 4331 σοῖς
609 4267 904 4349 ὀφθαλμοῖς
962 4269 1322 4328 καταλιπόντα
1382 4293 1450 4346 με
1509 4273 1600 4327 τὸν
1669 4271 1900 4339 ποιητὴν

253 4356 402 4425 ἡλίου
456 4359 542 4414 καὶ
601 4365 692 4416 τοῦ
743 4360 905 4436 πυρὸς
964 4373 1083 4423 τοῖς
1128 4359 1325 4420 ἐκείνου
1365 4361 1632 4436 ποιήμασι
1663 4383 1898 4438 προσκυ⁸

248 4451 406 4514 νῆσαι
437 4460 555 4510 τοῖς
585 4469 643 4504 ἰε
695 4446 876 4526 λόγοις
905 4450 993 4504 καὶ
1024 4455 1090 4524 τῇ
1146 4449 1379 4524 ἐμαυτοῦ
1436 4448 1634 4530 διδαχῇ
1665 4451 1900 4508 ἀπεναν-

247 4539 362 4602 τίας
397 4535 535 4593 οὕτω
562 4537 868 4614 γινόμενον.
903 4534 962 4594 Ὀ
1025 4535 1079 4593 δὲ
1127 4537 1293 4603 πολὺς
1342 4540 1439 4607 τὴν
1468 4540 1759 4615 ὼσμότητα
1790 4541 1900 4616 μά-

250 4649 369 4705 γος,
431 4625 546 4681 ἐπεὶ
603 4626 802 4682 τούτων
857 4623 1055 4693 ἤκουσε
1117 4627 1220 4684 τῶν
1294 4628 1539 4705 ρημάων,
1611 4627 1904 4694 διακαυθεὶς

2066 3824 2189 3888 VII.
2226 3826 2369 3889 Haec
2399 3847 2536 3891 cum
2568 3827 2655 3889 sic
2689 3827 3055 3902 dicerentur,
3084 3825 3470 3906 interpellans
3501 3841 3629 3884 ma-

1981 3935 2121 3995 gus:
2158 3917 2294 3992 Has,
2331 3919 2544 3998 inquit,
2579 3918 2833 3999 prolian
2865 3920 3100 3980 mittens
3129 3935 3337 3996 nugas,
3376 3916 3632 3977 maximo

1984 4005 2097 4066 deo
2128 4007 2238 4066 soli
2271 4015 2330 4068 et
2359 4008 2751 4086 ignicultum,
2785 4017 2848 4067 ut
2875 4025 2980 4088 par
3002 4018 3112 4082 est,
3131 4007 3368 4069 exhibe.
3393 4005 3482 4067 Ad
3507 4005 3634 4065 haac

1983 4093 2128 4156 dixit
2153 4095 2370 4158 Christi
2400 4097 2715 4159 adorator:
2775 4096 2860 4159 Ne
2891 4114 3077 4176 erres,
3132 4114 3326 4176 neque
3377 4103 3545 4175 putes
3577 4103 3633 4155 te

1984 4182 2097 4243 hoc
2117 4203 2378 4264 unquam
2399 4186 2513 4247 tuis
2536 4203 2666 4247 esse
2692 4185 3236 4264 centemplaturum
3257 4184 3481 4245 oculis:
3511 4200 3631 4261 me,

1982 4271 2249 4352 inquam,
2282 4275 2490 4337 relicto
2526 4275 2803 4336 etfectore
2829 4275 2972 4335 solis
2991 4287 3050 4336 et
3074 4273 3248 4353 ignis,
3271 4272 3430 4334 illius
3452 4289 3636 4352 opera

1982 4361 2252 4438 adorare,
2320 4372 2378 4425 et
2433 4363 2584 4426 adeo
2638 4381 2974 4444 repugnare
3007 4367 3157 4424 meis
3207 4361 3401 4424 verbis
3431 4370 3492 4423 et
3521 4361 3635 4421 do-

1985 4451 2212 4514 ctrinae.
2268 4453 2735 4515 Crudelissimus
2796 4461 2995 4516 autem
3042 4470 3269 4532 magus,
3326 4458 3633 4532 postquam

1988 4542 2210 4603 audivit
2242 4543 2369 4605 haec
2398 4543 2600 4624 verba,
2633 4545 2721 4604 ira
2746 4560 3056 4617 accensus,
3079 4542 3252 4622 jubet
3279 4542 3476 4605 statim
3497 4557 3636 4602 eum

1989 4640 2297 4693 extensum
2329 4633 2558 4695 verbari
2593 4634 2771 4713 virgis
2824 4633 2964 4694 mali
2997 4638 3250 4712 punicae,
3284 4631 3458 4711 cujus
3486 4624 3640 4691 rami

249 4723 325 4790 τῷ
393 4719 546 4790 θυμῷ
614 4714 818 4771 κελεύει
904 4721 1241 4796 παραχρῆμα
1321 4717 1629 4775 διαταθέντα
1697 4717 1904 4795 ῥάϐδοις

1992 4730 2159 4782 erant
2193 4721 2446 4802 spinosi.
2471 4721 2614 4785 Cum
2652 4742 2788 4785 vero
2821 4741 3020 4784 sacras
3050 4723 3181 4784 illas
3217 4739 3426 4782 carnes
3455 4720 3642 4781 lania-

246 4789 381 4883 ῥοῶν
441 4789 685 4879 θαμινοῖς
746 4804 887 4875 ὄζοις
946 4789 1343 4882 ἧκανθωμέναις
1422 4808 1582 4863 αὐτὸν
1651 4789 1905 4882 μαστίζε-

1988 4820 2121 4873 rent
2150 4789 2254 4873 ﬁlii
2279 4813 2558 4874 interitus
2585 4812 3111 4893 :Agotibigratias,
3137 4810 3373 4873 dicebat
3393 4809 3641 4886 athleta,

247 4899 391 4956 σθαι,
425 4892 521 4958 Ὠς
548 4891 602 4948 δὲ
631 4895 725 4957 τὰς
781 4895 920 4974 ἱερὰς
976 4893 1178 4960 ἐκείνας
1237 4895 1434 4975 σάρκας
1495 4897 1541 4952 οἱ
1607 4901 1694 4964 τῆς
1744 4897 1902 4954 ἀπω-

245 4983 389 5050 λείας
443 4983 544 5040 υἱοὶ
589 4982 915 5057 κατέξαινον,
976 4983 1294 5064 Εὐχαριστῶ
1325 5007 1430 5063 σοι,
1467 4986 1622 5042 εἶπεν
1655 4989 1681 5042 ὁ
1730 4987 1902 5056 ἀθλη-

243 5076 367 5156 τὴς,
401 5075 476 5137 εἰς
538 5073 752 5152 οὐρανόν
807 5073 1081 5139 ἀνατείνας
1131 5075 1254 5139 τοὺς
1310 5075 1640 5154 ὀφθαλμοὺς,
1699 5077 1780 5135 ὅτι
1831 5101 1902 5154 με

241 5168 320 5236 τῷ
375 5164 494 5239 ἐμῷ
545 5160 877 5228 κατηξίωσας
950 5161 1144 5234 αἵματι
1215 5165 1567 5240 βαπτισθέντα
1646 5168 1729 5224 τὸν
1801 5173 1899 5236 τῆς

241 5253 504 5330 ἁμαρτίας
561 5251 722 5330 ρύπον
774 5254 1013 5329 καθαρῶς
1070 5250 1484 5314 ἁπολούσασθαι.
1559 5259 1618 5313 0i
1678 5254 1730 5311 δὲ
1796 5255 1898 5327 δή·-

241 5345 350 5420 μίοι
383 5338 468 5421 ἐφ’
499 5340 592 5404 οἷς
621 5339 837 5419 εἴρηκεν
867 5342 1031 5419 ὀργῆς
1074 5341 1278 5415 μᾶλλον
1338 5340 1424 5399 ἐπ’
1478 5345 1619 5420 αύτῷ
1673 5344 1900 5423 πληρω-

241 5433 421 5495 θέντες
454 5428 593 5487 οῧτω
642 5429 948 5505 κατέκοψαν
1004 5443 1126 5495 ταῖς
1175 5431 1417 5509 πληγαῖς
1471 5435 1546 5498 ὡς
1606 5434 1902 5503 ἐκκοπῆναι

248 5525 420 5596 τούτῳ
450 5521 538 5576 καὶ
570 5519 669 5586 τὴν
717 5521 922 5595 φωνήν.
990 5521 1126 5579 Εἶτα
1177 5519 1290 5577 δυσὶ
1340 5520 1712 5602 περιϐαλόντες
1770 5525 1904 5582 ἁλύ-

1987 4900 2046 4961 in
2078 4901 2293 4962 caelum
2319 4903 2649 4964 extendens
2681 4903 2912 4982 oculos,
2947 4901 3106 4982 quod
3137 4901 3412 4980 dignatus
3441 4901 3522 4960 sis
3545 4917 3641 4960 me

1987 5007 2117 5050 meo
2137 4989 2428 5069 sanguine
2450 4989 2959 5072 tinctum,peccati
2977 4991 3185 5052 sordes
3210 5007 3356 5068 pure
3368 4989 3638 5054 abluere.

1986 5077 2251 5141 Lictores
2270 5088 2464 5141 autem
2499 5088 2742 5161 propter
2769 5098 2859 5159 ea,
2889 5097 3022 5160 quae
3051 5078 3305 5154 dixerat,
3346 5079 3408 5140 in
3441 5079 3636 5160 ipsum

1987 5168 2173 5246 magis
2203 5169 2291 5230 ira
2316 5170 2550 5250 repleti,
2592 5181 2715 5233 tum
2753 5171 2936 5250 plagis
2985 5170 3066 5230 ita
3093 5168 3543 5243 consciderunt,
3575 5177 3641 5230 ut

1983 5275 2092 5318 vox
2121 5275 2356 5338 quoque
2374 5260 2427 5319 ei
2454 5259 3011 5339 interrumperetur.
3032 5257 3262 5322 Deinde
3285 5257 3512 5320 duabus
3536 5275 3641 5318 ca—

1989 5346 2142 5407 tenis
2173 5347 2632 5424 circumdatum,
2669 5349 2982 5410 includunt
3011 5350 3073 5410 in
3107 5365 3375 5428 carcere,
3402 5356 3459 5408 et
3488 5346 3626 5427 pul-

1987 5437 2198 5497 chrum
2230 5436 2320 5498 vel
2345 5439 2514 5500 inviti
2536 5438 2812 5500 solatium
2838 5439 3049 5502 dantes
3070 5439 3476 5520 Acepsimam.
3508 5435 3637 5498 Illic

1989 5523 2147 5587 enim
2180 5524 2372 5588 fuerat
2403 5526 2570 5608 prius
2600 5527 2888 5592 inclusus.

251 5639 366 5676 σεσι
449 5612 803 5694 δεσμωτηρίῷ
859 5614 1231 5674 κατακλείουσι
1289 5615 1452 5675 καλὸν
1522 5619 1664 5698 αὐτῷ
1721 5621 1808 5678 καὶ
1891 5619 2108 5689 ἥκοντες
2183 5624 2513 5704 παραμὺθιον
2585 5626 2674 5681 τὸν
2739 5628 2882 5688 θεῖον
2944 5623 3230 5694 δεδωκότες
3312 5623 3638 5704 Ἀκεψιμᾶν.

258 5713 376 5771 ἐκεῖ
409 5714 509 5792 γὰρ
539 5709 703 5790 ἔτυχε
733 5707 1262 5791 ωροκατακλεισθείς.
