4066 6408
481 269 598 335 839

553 408 703 470 VIII.
736 412 821 472 Ad
845 411 1251 476 venerandum
1271 411 1467 470 autem
1482 406 1776 486 aspiciens
1793 404 2114 472 {Eithalam
2141 419 2176 468 Α

467 498 675 576 judex,
709 502 809 581 qui
841 513 971 563 erat
997 503 1193 565 animo
1224 497 1618 576 implacabilis
1646 517 1658 551 :
1689 495 1775 555 Tu
1810 515 1946 559 vero
1973 501 2116 579 quid

470 587 840 669 dicis,inquit
865 591 888 653 ?
910 590 1272 670 Implebisne
1297 588 1530 665 jussum
1560 584 1736 662 regis,
1765 596 1822 645 et
1843 587 2120 650 adorabis

474 680 793 739 maximum
831 683 1037 754 solem,
1072 685 1132 740 et
1180 676 1440 755 gustabis
1488 680 1858 751 sanguinem,
1893 687 1949 736 et
1980 698 2116 740 cum

473 767 723 829 muliere
755 768 1003 828 habebis
1034 765 1546 836 consuetudinem,
1587 763 2016 827 etliberaberis
2045 767 2117 828 ab

468 856 541 915 iis
571 875 700 936 qua;
725 857 822 916 tibi
848 856 1218 936 impendent,
1243 855 1413 914 malis
1443 875 1454 916 :
1491 872 1563 913 an
1592 854 1710 914 eris
1735 863 1935 928 etiam,
1965 857 2118 918 sicut

465 944 582 1012 alii,
661 952 967 1005 contumax
1031 953 1090 1006 et
1149 942 1559 1005 inobediens?
1630 943 1852 1004 Christi
1914 956 2113 1006 autem

463 1041 680 1112 martyr
712 1033 1018 1106 )Eithalas,
1057 1051 1192 1096 vere
1227 1050 1468 1112 semper
1519 1033 1738 1092 florens
1770 1041 1828 1092 et
1860 1035 2116 1095 caelestis

464 1121 660 1201 planta
685 1124 951 1202 pietatis:
982 1123 1146 1202 Tuae,
1182 1123 1396 1202 inquit,
1429 1122 1753 1182 immunda:
1785 1131 1841 1182 et
1889 1124 2117 1184 caninae

457 1211 839 1291 appetitionis
871 1220 961 1273 est
981 1213 1091 1273 hoc
1121 1229 1360 1290 munus,
1387 1211 1730 1287 sanguinem
1758 1219 2018 1290 gustare,
2057 1221 2115 1273 et

457 1319 563 1382 pro
595 1301 743 1376 Deo,
777 1321 909 1383 qua
958 1303 1064 1365 Dei
1112 1313 1271 1375 sunt,
1309 1303 1534 1364 colore.
1568 1301 1739 1362 Absit
1789 1315 2012 1373 autem,
2047 1313 2114 1363 ut

461 1410 569 1468 ego
611 1391 761 1452 adeo
793 1393 1096 1452 ctecutiam
1153 1391 1421 1472 corporis
1475 1400 1534 1452 et
1565 1391 1778 1451 animm
1806 1392 2018 1472 oculis,
2051 1400 2114 1452 ut

457 1479 617 1540 hunc
641 1479 846 1541 videns
877 1483 1090 1561 solem,
1125 1481 1196 1542 ad
1231 1499 1364 1542 eum
1401 1498 1587 1560 usque
1644 1480 1990 1559 consistam,
2049 1489 2112 1541 et

460 1571 649 1630 Deum
683 1569 927 1630 omnino
953 1578 1154 1650 putem
1180 1571 1241 1633 id
1271 1569 1426 1650 quod
1452 1577 1784 1649 apparet,et
1809 1589 1924 1630 non
1953 1573 2112 1630 ulte-

457 1659 584 1718 rius
615 1659 963 1737 progredior
990 1658 1320 1721 sinceriore
1380 1659 1552 1719 oculo
1605 1659 2000 1737 cogitationis,
2053 1667 2112 1720 et

1684 273 2070 338 ADDENDA.
2132 303 2209 317 —
2272 268 2598 336 APRILIS.

3735 261 3858 333 840

2284 412 2377 473 Η¹,
2413 412 2549 488 Πρὸς
2582 408 2637 465 δὲ
2667 410 2758 465 τὸν
2807 405 3122 482 τιμιώτατον
3179 405 3489 483 ἀποϐλέψας
3541 399 3847 485 ’Λειθαλᾶν,

2203 504 2230 556 ὁ
2289 502 2385 567 τὴν
2443 499 2628 578 ψυχὴν
2687 497 2991 571 ἀμείλικτος
3054 495 3310 565 δικαστής
3345 515 3360 532 ⁸
3410 498 3482 552 Σὺ
3538 496 3589 552 τί
3647 494 3847 572 λέγεις,

2203 591 2329 671 ἔφη,
2395 590 2622 666 πληροῖς
2671 590 2731 643 τὸ
2776 594 2866 642 τοῦ
2897 586 3161 661 βασιλέως
3192 586 3534 664 πρόσταγμα,
3569 585 3656 640 καὶ
3687 606 3851 660 προσ·

2204 693 2380 742 κυνεῖς
2454 684 2519 750 τῷ
2573 678 2808 754 μεγίστῳ
2855 675 3012 749 ἡλίῳ,
3048 675 3333 752 ἆπογεύσει
3393 695 3450 730 τε
3495 673 3728 748 αἵματος
3758 675 3848 728 καὶ

2201 770 2406 848 γυναικὶ
2467 767 2679 842 ὁμιλεῖς
2714 769 2800 822 καὶ
2831 767 2927 842 ῥύῃ
2957 771 3062 820 τῶν
3094 765 3481 840 ἐπηρτημένων
3536 784 3619 819 σοι
3677 763 3850 848 ἀναγ-

2202 845 2331 931 κῶν,
2388 859 2423 924 ἢ
2483 858 2569 912 καὶ
2629 858 2783 915 αῦτὺς
2840 855 3080 917 ἀπειθεῖς
3123 867 3241 918 τοῖς
3289 853 3470 917 ἄλλοις
3504 853 3702 925 ὁμοίως
3734 871 3750 924 ;
3786 845 3847 908 Ὀ

2201 947 2254 1003 δὲ
2312 955 2404 1004 τοῦ
2460 953 2687 1024 Χριστοῦ
2745 947 2944 1022 μάρτυς
2989 943 3289 1011 Ἀειθαλιῖιςι
3325 945 3388 998 τὸ
3436 947 3534 1007 τῆς
3580 939 3847 1003 εὐσεϐείας

2199 1036 2363 1098 ὅντως
2398 1036 2636 1097 ἀειθαλὲς
2669 1036 2826 1112 φυτὸν
2860 1035 2952 1090 καί
2985 1035 3224 1111 οὒράνιον
3285 1031 3459 1109 ἔργον,
3496 1038 3683 1109 Τοῦτο,
3717 1030 3844 1110 ἔφη,

2196 1131 2292 1192 τῆς
2349 1127 2448 1193 σῆς
2508 1126 2801 1196 ἀκαθάρτου
2855 1125 2941 1178 καὶ
2997 1121 3257 1185 κυνώδους
3310 1119 3550 1198 ὀρέξεως,
3585 1123 3645 1175 τὸ
3674 1121 3848 1193 αἱμά-

2197 1236 2302 1271 των
2361 1215 2705 1291 ἀπογεύεσθαι
2737 1214 2826 1268 καὶ
2856 1213 2971 1269 ἀντὶ
2999 1220 3091 1268 τοῦ
3121 1218 3252 1267 Θεοῦ
3302 1211 3367 1266 τὰ
3422 1217 3513 1266 τοῦ
3571 1215 3704 1266 Θεοῦ
3750 1209 3846 1263 σέ-

2197 1301 2398 1362 ϐεσθαι.
2437 1301 2588 1376 Ἐμοὶ
2620 1300 2673 1356 δὲ
2705 1301 2781 1375 μῆ
2840 1301 3049 1378 γένοιτο
3100 1299 3353 1379 χαλεπῶς
3397 1298 3536 1353 οὕτω
3592 1295 3845 1376 τυφλώτ-

2197 1414 2304 1448 τειν
2335 1394 2421 1448 καὶ
2452 1394 2573 1452 τοὺς
2603 1399 2696 1447 τοῦ
2727 1391 2978 1464 σώματος
3011 1392 3096 1445 καὶ
3127 1390 3249 1452 τοὺς
3293 1389 3386 1456 τῆς
3432 1389 3618 1466 ψυχῆς
3649 1385 3846 1464 ὀφθαλ-

2200 1484 2330 1558 μοὺς
2363 1485 2432 1542 ὡς
2468 1484 2652 1560 δρῶντι
2687 1479 2831 1536 τόνδε
2889 1482 2982 1536 τὸν
3034 1478 3187 1545 ἥλιον
3246 1478 3440 1557 μέχρις
3499 1480 3660 1532 αὐτοῦ
3703 1480 3846 1541 στῆ-

2198 1595 2307 1645 ναι,
2341 1574 2430 1627 καί
2467 1573 2596 1626 Θεὸν
2660 1569 2845 1634 ἅπλῶς
2902 1571 3201 1645 ἧγήαασθαι
3249 1571 3308 1623 τὸ
3352 1566 3692 1644 φαινόμενον,
3756 1558 3848 1619 καὶ

2196 1663 2274 1736 μὴ
2321 1661 2638 1738 προσωτέρω
2670 1660 2945 1739 χωρῆσαι,
2983 1657 3214 1719 διανοίας
3273 1655 3527 1734 ὀφθαλμῷ
3585 1653 3845 1732 τρανοτέ-

460 1746 651 1808 Deum
687 1750 927 1826 quidem
947 1747 1003 1808 id
1018 1749 1198 1828 ,quod
1216 1757 1436 1810 movet:
1455 1766 1579 1810 rem
1595 1765 1732 1808 vero
1746 1755 2005 1810 creatam
2022 1767 2105 1810 re-

2195 1773 2290 1827 ρῳ,
2355 1752 2450 1806 καί
2505 1750 2633 1805 Θεὸν
2679 1749 2776 1824 μὲν
2806 1750 2867 1803 τὸ
2923 1754 3124 1820 κινοῦν,
3183 1758 3378 1817 κτίσμα
3421 1743 3476 1799 δὲ
3532 1743 3844 1818 λογίσασθαι

453 1845 656 1916 putem
689 1836 772 1916 id,
841 1837 998 1916 quod
1031 1845 1321 1898 movetur.
1379 1836 1439 1898 Si
1493 1845 1688 1898 autem
1725 1837 1864 1898 mihi
1897 1837 1984 1898 sic
2005 1838 2105 1916 ju-

2195 1842 2256 1895 τὸ
2317 1840 2646 1913 κινούμενον,
2716 1839 2772 1894 Εἰ
2831 1835 2886 1892 δέ
2945 1859 3038 1912 μοι
3089 1835 3226 1892 οὕτω
3269 1835 3490 1913 κρίσεως
3541 1833 3723 1911 ἔχοντι
3753 1833 3846 1888 καὶ

452 1925 676 1986 dicanti
714 1934 772 1987 et
825 1927 1028 2006 plagas
1057 1935 1116 1987 et
1177 1933 1426 1988 mortem
1484 1925 1755 2002 minaris,
1810 1944 1928 1986 non
1980 1927 2109 1987 ideo

454 2013 602 2075 mihi
635 2013 1048 2092 persuadebis,
1083 2023 1147 2075 ut
1177 2014 1400 2076 discam
1434 2023 1603 2075 tuum
1637 2015 1874 2094 dogma,
1911 2022 1968 2076 et
2001 2033 2110 2076 ne-

450 2121 581 2181 gem
613 2121 809 2164 veram
844 2103 1218 2182 religionem.
1282 2102 1530 2184 Propter
1591 2105 1724 2165 haec
1771 2103 1960 2165 iratus
1993 2106 2106 2165 imo

455 2191 627 2271 pius:
686 2193 799 2254 Sed
857 2193 1075 2267 nullus,
1122 2191 1337 2273 i‘nquit,
1379 2210 1538 2254 sanae
1594 2193 1810 2254 mentis
1857 2201 2107 2254 mortem

451 2281 587 2342 vitae
617 2281 962 2360 praetulerit,
1000 2281 1179 2363 idque
1211 2291 1453 2362 propter
1501 2283 1741 2343 stultam
1774 2290 1832 2343 et
1865 2283 2110 2344 minime

450 2371 880 2432 consideratam
915 2373 1329 2432 constantiam.
1380 2370 1782 2444 Quamobrem
1835 2390 1948 2433 nec
2000 2371 2107 2440 tibi

453 2459 820 2523 credendum
849 2471 937 2522 est
967 2461 1196 2524 dicenti
1221 2471 1278 2524 te
1309 2471 1579 2542 paratum
1631 2480 1767 2524 esse
1801 2464 1951 2523 mori
2000 2479 2106 2541 pro

452 2557 557 2611 tuo
579 2549 854 2628 dogmate
879 2558 938 2612 et
969 2550 1283 2629 religione.
1310 2550 1643 2631 Respondit
1668 2554 1923 2614 Sanctus
1950 2569 1963 2613 :
1999 2549 2108 2612 Ve-

453 2639 588 2719 stri,
623 2639 721 2718 qui
754 2658 788 2700 a
821 2657 969 2700 vana
1002 2658 1106 2720 spe
1141 2641 1426 2720 pendent,
1489 2648 1547 2700 et
1598 2639 1818 2702 nullam
1874 2649 2109 2702 aaternze

455 2726 588 2788 vita;
618 2727 840 2789 habent
869 2731 1402 2810 exspectationem,
1424 2739 1734 2810 postquam
1755 2731 1895 2791 hinc
1909 2747 2108 2792 exces-

450 2820 656 2888 serint,
661 2819 801 2896 jure
827 2818 1155 2880 existimari
1177 2820 1478 2899 potuerint
1495 2838 1625 2881 esse
1639 2828 1696 2881 et
1719 2821 1855 2881 vitae
1878 2819 2100 2900 cupidi,

449 2913 798 2970 etamantes
828 2909 1121 2989 corporis.
1179 2909 1440 2982 Quorum
1495 2918 1692 2972 autem
1740 2928 1846 2990 spe
1876 2928 2014 2971 vera
2045 2917 2105 2972 et

447 2997 618 3060 ﬁrma
644 2997 824 3060 alitur
852 2999 1073 3075 anima,
1121 3000 1278 3080 quod
1314 3009 1372 3060 et
1402 3018 1468 3061 ea
1517 3001 1590 3060 sit
1625 3000 2002 3072 immortalis,
2045 3008 2105 3061 et

2195 1928 2408 2006 πληγὰς
2453 1927 2547 1984 καί
2605 1928 2827 1985 Θάνατον
2889 1924 3157 1997 ἀπειλεῖς,
3221 1928 3280 1982 οὔ
3367 1923 3511 2001 παρὰ
3565 1924 3719 1978 τοῦτο
3775 1942 3845 1995 με

2195 2019 2394 2080 πείσεις
2443 2020 2504 2074 τὸ
2556 2020 2648 2073 σὸν
2679 2015 2853 2093 δόγμα
2902 2018 3232 2089 μεταμαθεῖν
3282 2015 3369 2070 καὶ
3425 2013 3524 2079 τὴν
3570 2009 3842 2070 εὐσέϐειαν

2193 2108 2619 2186 ἀπαρνήσασθαι.
2681 2105 2972 2182 Ὀργισθεὶς
3053 2104 3147 2158 ἐπὶ
3206 2103 3412 2167 τούτοις
3471 2104 3500 2157 6
3554 2098 3838 2175 δυσσεϐὴς,

2192 2195 2342 2252 Ἀλλ’
2403 2194 2569 2258 οὐδεὶς
2626 2195 2916 2271 ἀνθρώπων
2974 2197 3258 2273 εὐφρονῶν,
3312 2193 3437 2271 ἔφη,
3490 2191 3716 2248 θάνατον
3773 2187 3839 2245 ἂν

2189 2287 2290 2364 πρὸ
2333 2290 2431 2352 τῆς
2482 2285 2624 2356 ζωῆς
2682 2283 2884 2362 ἕλοιτο,
2944 2280 3041 2336 καῖ
3089 2287 3255 2337 ταῦτα
3301 2282 3528 2355 ματαίας
3560 2279 3721 2358 χάριν
3751 2280 3841 2333 καὶ

2189 2380 2249 2434 οὒ
2305 2373 2598 2453 λεγομένης
2660 2373 2955 2434 ἐνστάσεως
2995 2387 3008 2401 ⁸
3043 2369 3164 2426 ὅθεν
3213 2367 3329 2427 οὐδὲ
3387 2369 3694 2426 πιστευτέον
3751 2388 3840 2424 σοι

2190 2464 2425 2542 λέγοντι,
2483 2465 2762 2542 προθύμως
2823 2461 2972 2541 ἔχειν
3028 2460 3158 2536 ὑπὲρ
3192 2539 3201 2542 Α
3232 2465 3324 2516 τοῦ
3403 2456 3669 2536 δόγματός
3742 2477 3841 2513 σου

2193 2539 2278 2610 καί
2325 2554 2421 2621 τῆς
2478 2539 2758 2631 Θρησκείας
2815 2539 3130 2612 ἀποθανεῖν,
3189 2539 3246 2607 Ὀ
3290 2547 3440 2626 ἅγιος
3490 2547 3834 2626 ἀπεκρίνατο.

2192 2645 2251 2700 Oi
2308 2642 2422 2699 καθ’
2481 2644 2616 2717 ὑμᾶς
2675 2642 2759 2697 ἐπὶ
2815 2653 3001 2704 γενατς
3073 2638 3418 2716 αἱωρούμενοι
3476 2649 3600 2701 ταῖς
3651 2635 3835 2692 ἓλπίσι

2189 2737 2277 2790 καὶ
2337 2733 2413 2806 μή
2458 2753 2575 2787 τινα
2631 2727 2945 2810 προσδοκίαν
3007 2729 3141 2803 μετὰ
3205 2727 3303 2793 τήν
3357 2725 3590 2782 ἐντεῦθεν
3629 2723 3842 2792 ἀποδη-

2189 2824 2310 2897 μίαιΙ
2372 2821 2591 2901 ἔχοντες
2644 2818 3000 2884 ἀτελευτήτου
3056 2822 3227 2888 ζωῆς,
3274 2815 3490 2878 εἰκότως
3528 2813 3590 2869 ἂν
3619 2816 3709 2871 καὶ
3739 2837 3838 2892 φι-

2187 2910 2410 2982 λοζωεῖν
2474 2912 2617 2966 οὗτοι
2675 2911 2766 2966 καί
2831 2906 3231 2987 φιλοσωματεῐν
3291 2906 3612 2979 νομίζοιντο.
3646 2904 3750 2966 Οἷς
3781 2903 3837 2960 δὲ

2187 3000 2408 3068 ἀὶηθεϊς
2442 2997 2646 3064 ἐλπίδες
2693 3000 2780 3055 καὶ
2830 2995 3033 3073 βέϐαιοι
3081 2996 3181 3062 τὴν
3226 2995 3412 3074 ψυχὴν
3455 2992 3837 3072 ὑποτρέφουσιν

447 3087 523 3150 sit
578 3105 793 3150 rursus
852 3107 986 3149 cum
1017 3107 1126 3150 suo
1157 3107 1414 3170 corpore
1472 3089 1705 3150 coitura
1739 3096 1868 3168 post
1899 3089 2104 3150 mortis

2191 3094 2259 3154 ὼς
2319 3091 2453 3159 αὒτή
2513 3111 2571 3146 τε
2603 3089 2859 3151 ἀθάνατος
2890 3084 2982 3152 εἴη
3019 3087 3105 3142 καὶ
3134 3092 3212 3159 τῷ
3248 3082 3360 3157 ἰδίῳ
3420 3081 3578 3139 πάλιν
3621 3086 3826 3158 σώματι

445 3176 926 3257 dissolutionem,
959 3185 1018 3239 et
1049 3187 1286 3241 aeternae
1309 3179 1444 3240 vitae
1468 3177 1666 3238 futura
1684 3179 2006 3258 particeps,
2029 3177 2102 3238 iis

447 3284 710 3346 praesens
738 3267 856 3327 vita
903 3283 1000 3327 res
1061 3275 1149 3328 est
1205 3285 1385 3346 parva
1443 3276 1502 3327 et
1553 3267 2016 3340 contemnenda,
2047 3273 2104 3328 et

447 3372 608 3415 mors
639 3355 886 3415 minime
922 3354 1228 3416 terribilis.
1262 3355 1455 3418 Verax
1488 3364 1578 3417 est
1607 3356 1763 3417 enim
1810 3355 1964 3417 Deus
1994 3374 2098 3416 no-

445 3452 566 3504 ster
590 3452 650 3504 et
681 3447 979 3522 magister,
1011 3445 1110 3522 qui
1141 3444 1322 3506 dicit:
1366 3468 1393 3500 α
1427 3444 1620 3505 Nolite
1656 3444 1868 3507 timere
1900 3444 1972 3506 ab
2026 3444 2100 3506 iis

443 3533 542 3612 qui
575 3530 858 3594 occidunt
891 3550 1128 3614 corpus,
1163 3534 1420 3596 animam
1454 3542 1650 3596 autem
1698 3553 1815 3596 non
1848 3538 2101 3615 poSsunt

455 3621 735 3685 occidere
765 3624 811 3684 Ι.
850 3647 878 3679 ι

533 3797 633 3864 IX.
661 3798 828 3861 Tunc
851 3798 1026 3879 jubet
1050 3799 1136 3861 vir
1163 3801 1264 3862 ille
1283 3800 1444 3863 ferus
1467 3803 1595 3882 ejus
1627 3801 1864 3883 quidem
1893 3821 2100 3866 manus

453 3887 680 3967 alligari
710 3887 1057 3968 poplitibus,
1103 3899 1160 3952 et
1217 3892 1454 3969 longum
1507 3893 1731 3972 lignum
1785 3893 1846 3954 in
1899 3893 2099 3955 medio

447 3979 754 4058 utriusque
780 3978 1126 4060 transadigi,
1155 3998 1256 4042 sex
1292 3991 1488 4044 autem
1522 3983 1679 4044 viros
1709 3983 1987 4045 robustos
2025 3981 2099 4044 ab

449 4067 759 4147 utriusque
788 4067 931 4146 ligni
979 4073 1263 4131 extremis
1307 4073 1808 4147 conscendentes,
1865 4073 2101 4135 fortiter

446 4174 719 4236 premere
745 4167 1189 4220 sacrosanctum
1221 4159 1368 4222 illud
1421 4179 1664 4242 corpus,
1698 4165 1775 4224 de
1825 4162 2102 4223 industra

443 4245 613 4309 factis
646 4246 924 4325 saltibus,
960 4255 1019 4310 et
1049 4267 1182 4310 ossa
1213 4250 1346 4329 ejus
1376 4251 1756 4330 confringere
1794 4259 1854 4312 et
1879 4251 2100 4312 dissol-

443 4355 602 4400 vere.
641 4337 866 4399 Deinde
897 4337 1072 4400 etiam
1131 4341 1266 4400 mali
1326 4359 1568 4419 quoque
1623 4340 1877 4402 Persicae
1923 4340 2102 4416 virgis

2185 3181 2503 3236 συνελθοῦσα
2565 3179 2700 3253 μετὰ
2757 3177 2856 3242 τὴν
2899 3182 2992 3233 τοῦ
3043 3175 3268 3231 θανάτου
3329 3171 3563 3229 διάλυσιν
3619 3172 3826 3228 αἰωνίου

2185 3268 2373 3343 μέλλοι
2433 3271 2577 3337 ζωῆς
2638 3279 2940 3339 κοινωνεῖν,
2975 3265 3179 3326 τούτοις
3229 3262 3328 3341 ἄρα
3381 3265 3470 3318 καὶ
3525 3263 3558 3329 ἡ
3592 3267 3831 3340 παροῦσα

2183 3360 2294 3429 ζωὴ
2353 3362 2544 3436 χρῆμα
2599 3356 2822 3434 σμικρὸν
2876 3354 2962 3408 καὶ
2995 3352 3452 3432 εὐκαταφρόνητον
3485 3349 3580 3407 καί
3610 3353 3639 3406 ὁ
3663 3350 3834 3411 θάνα-

2183 3469 2271 3510 τος
2304 3446 2497 3513 ἥκιστα
2527 3443 2771 3526 φοϐερὸς.
2831 3441 3097 3518 Ἀψευδὴς
3152 3443 3252 3521 γὰρ
3311 3444 3338 3497 ὁ
3381 3439 3639 3518 ἡμέτερος
3699 3441 3833 3504 Θεὸς

2184 3538 2272 3593 καὶ
2298 3534 2640 3612 διδάσκαλος,
2679 3558 2702 3590 ιι
2744 3536 2831 3602 Μὴ
2863 3531 3123 3613 φοϐηθῇς,
3165 3556 3192 3587 ι
3251 3529 3449 3609 λέγων,
3502 3553 3529 3584 α
3562 3529 3668 3586 ἀπὸ
3724 3535 3835 3586 τῶν

2184 3626 2606 3683 ἀποκτεινόντων
2664 3627 2726 3681 τὸ
2782 3625 2966 3700 σῶμα,
3011 3623 3110 3690 τὴν
3161 3619 3216 3678 δέ
3272 3619 3459 3697 ψυχήν
3519 3619 3834 3676 ἀποκτεῖναι

2185 3717 2262 3792 μὴ
2291 3714 2616 3792 δυναμένων,
2659 3737 2682 3770 a

2263 3805 2354 3867 ϐ’.
2420 3808 2551 3864 Τότε
2592 3803 2797 3862 κελεύει
2831 3807 2858 3860 ὁ
2888 3799 3156 3881 Θηριώδης
3202 3801 3411 3865 ἔκεῐνος
3441 3799 3535 3864 τὰς
3566 3798 3666 3874 μὲν
3694 3808 3835 3876 χεῖ-

2183 3917 2273 3974 ρας
2327 3895 2485 3953 αὒτοῦ
2543 3909 2666 3960 ταῖς
2725 3893 2922 3973 ἰγνύαις
2975 3890 3350 3970 προσδεθῇναι,
3411 3887 3560 3954 ξύλον
3612 3903 3670 3944 τε
3715 3908 3835 3962 μα-

2182 3987 2305 4064 κρὸν
2341 3985 2503 4061 μέσον
2537 3983 2923 4064 ἀμφωτὲρωθεν
2954 3981 3278 4055 διελαθῆναι,
3313 3978 3366 4044 ἓξ
3422 3977 3477 4034 δὲ
3531 3975 3718 4055 ἄνδρας
3778 3975 3832 4041 ἐξ

2181 4074 2445 4154 ἑκατέρων
2506 4073 2682 4152 ἄκρων
2752 4079 2842 4130 τοῦ
2899 4071 3051 4137 ξύλου
3137 4066 3524 4135 ἐπιϐεϐηκότας
3583 4071 3830 4144 ἀτεχνῶς

2183 4166 2434 4243 ἰσχυροὺς
2491 4162 2798 4241 έρῤωμένως
2857 4161 3054 4232 πιέζειν
3111 4172 3230 4223 τοῖς
3307 4155 3551 4224 ἐπίτηδες
3624 4154 3829 4230 ἅλμασι

2183 4255 2244 4309 τό
2296 4255 2435 4330 ἱερὸν
2494 4253 2671 4308 ἐκεῖνο
2728 4254 2880 4325 σῶμα
2937 4251 3027 4306 καὶ
3082 4250 3150 4306 τὰ
3202 4250 3333 4305 ὀοτᾶ
3381 4243 3708 4307 συνθλῶντας
3740 4245 3830 4300 καὶ

2186 4341 2518 4417 διαλύοντας,
2582 4340 2668 4398 ἐπὶ
2723 4341 2926 4404 τούτοις
2986 4341 3074 4396 καὶ
3127 4336 3336 4415 ῥάϐδοις
3391 4338 3525 4413 ῥοῶν
3583 4331 3828 4401 ἀνηλεῶς

446 4443 580 4487 eum
614 4425 949 4516 verberari.
999 4426 1330 4516 Indomitus
1379 4435 1573 4490 autem
1605 4427 1704 4489 ille
1759 4428 1999 4516 athleta,
2047 4435 2105 4490 et

2191 4432 2347 4488 αὐτὸν
2405 4431 2713 4490 τύπτεσθαι.
2764 4423 2821 4486 Ὀ
2881 4429 2936 4484 δὲ
2987 4427 3192 4503 ἀδάμας
3224 4425 3457 4494 ἀθλητὴς
3488 4425 3696 4487 ἐκεῖνος
3729 4426 3828 4480 καὶ

439 4523 612 4593 cujus
642 4516 802 4576 nulla
832 4534 898 4576 re
927 4515 1307 4592 frangebatur
1351 4516 1613 4595 spiritus,
1655 4515 1907 4597 perinde
1943 4535 2010 4578 ac
2044 4516 2094 4579 si

2191 4521 2247 4576 τὸ
2304 4519 2554 4598 φρόνημα
2608 4519 2695 4575 ὑπ’
2755 4517 2961 4582 οὐδενὸς
3018 4515 3425 4592 ταπεινούμενος
3469 4514 3650 4593 ὥσπερ
3680 4513 3827 4570 ἀπό-

441 4605 668 4665 nullum
687 4605 954 4666 dolorem
975 4605 1224 4666 sentiret
1241 4623 1274 4665 a
1295 4615 1411 4664 tam
1431 4605 1646 4684 insigni
1673 4606 2096 4682 cruciatu,ma-

441 4714 557 4773 gno
589 4705 647 4756 et
679 4693 912 4755 excelso
971 4694 1167 4753 animo
1219 4693 1516 4774 aspiciens
1565 4696 1638 4756 ad
1679 4695 1946 4776 iudicem
1977 4719 1990 4762 :
2022 4697 2096 4761 Ut

443 4783 694 4862 videtur,
729 4782 942 4862 inquit,
978 4801 1228 4863 corpora
1278 4784 1612 4862 hominum,
1675 4804 1807 4868 quae
1859 4787 2090 4850 discer—

439 4883 685 4952 puntur,
719 4872 826 4934 tibi
851 4872 1106 4954 aliquam
1167 4875 1424 4936 afferunt
1473 4875 1856 4958 voluptatem,
1909 4878 2096 4942 instar

441 4979 651 5022 canum
687 4968 788 5024 aut
814 4980 1126 5025 corvorum
1160 4964 1247 5026 eis
1277 4965 1518 5046 impleri
1576 4966 1862 5046 cupienti.
1924 4968 2090 5031 Scias

439 5068 580 5129 ergo
615 5068 709 5112 me
740 5051 961 5114 nullam
991 5055 1214 5116 ducere
1245 5055 1539 5118 rationem
1574 5057 1785 5117 borum
1819 5064 2088 5121 tormen-

441 5147 654 5220 torum,
684 5158 816 5220 quze
842 5159 876 5202 a
909 5151 965 5204 te
996 5143 1359 5207 inferuntur.
1391 5145 1509 5208 Aut
1541 5161 1681 5224 ergo
1721 5163 1871 5207 nova
1903 5165 2087 5211 exco-

435 5228 554 5306 gita
582 5230 896 5314 supplicia,
931 5241 1034 5295 aut
1058 5235 1211 5297 scito
1245 5253 1341 5296 me
1369 5252 1440 5296 ea
1467 5234 1616 5296 nihil
1642 5235 1860 5298 facere.
1886 5240 2090 5316 Magus

435 5326 633 5410 autem
661 5326 854 5383 statim
888 5341 1210 5387 conversus
1239 5324 1314 5386 ad
1345 5325 1625 5388 lictores:
1680 5327 1823 5406 Cur,
1871 5326 2084 5410 inquit,

433 5407 904 5475 misericorditer
918 5413 1122 5494 flagris
1135 5412 1622 5494 caeditisimpium
1637 5413 1668 5473 ‘2
1684 5415 1885 5480 Videte
1899 5407 2085 5497 enim,

521 5598 538 5647 1
574 5595 714 5661 Luc.
753 5618 852 5676 χιι,
885 5606 943 5664 7.

2179 4632 2281 4674 νως
2333 4611 2420 4666 καὶ
2479 4608 2796 4688 ἀναλγήτως
2849 4611 2979 4685 πρὸς
3041 4607 3272 4685 βασάνου
3335 4605 3593 4671 τοιαύτην
3659 4605 3828 4682 ὑπερ-

2177 4697 2344 4767 ϐολήν
2404 4697 2754 4780 διακείμενος,
2790 4699 3009 4780 εὐγενές,
3050 4721 3101 4754 τι
3151 4700 3240 4754 καὶ
3301 4693 3636 4774 μεγαλόφρον
3692 4695 3826 4770 πρὸς

2175 4791 2268 4846 τὸν
2325 4788 2580 4857 δικαστὴν
2623 4779 2960 4864 ἀποξλέψας.
2997 4779 3089 4853 Ὠς
3130 4787 3326 4866 ἔοικεν,
3368 4784 3563 4854 ἡδονήν
3594 4806 3678 4841 σοι
3707 4783 3829 4840 τινὰ

2177 4882 2244 4937 τὰ
2285 4881 2391 4938 τῶν
2436 4881 2747 4959 ἀνθρώπων,
2806 4877 2956 4958 ἔφη,
3018 4877 3243 4952 σώματα
3318 4874 3827 4954 διασπαρασσόμενα

2179 4970 2400 5046 ἐμποιεῖ
2456 4973 2546 5028 τὸν
2637 4969 2808 5026 κυνῶν
2867 4968 2898 5035 ἢ
2957 4967 3198 5046 κοράκων
3263 4966 3482 5044 τρόπον,
3544 4962 3827 5040 ἐμπίπλα-

2179 5063 2295 5117 σθαι
2335 5061 2539 5117 τούτων
2599 5056 2883 5138 ἐφιεμένῳ,
2945 5060 3111 5113 Γνῶθι
3173 5059 3454 5133 τοιγαροῦν
3511 5056 3694 5133 σαφῶς
3751 5054 3827 5114 ὡς

2179 5147 2342 5213 οὒδείς
2374 5171 2466 5225 μοι
2511 5148 2670 5227 λόγος
2725 5153 2832 5204 τῶν
2892 5145 3036 5223 παρα
3079 5152 3172 5202 σοῦ
3213 5145 3414 5202 τούτων
3474 5141 3827 5220 ὶπαγομένων

2173 5240 2440 5315 βασάνων.
2478 5239 2550 5296 ’Ἠ
2581 5239 2751 5296 τοίνυν
2781 5235 3092 5313 καινοτέρας
3151 5234 3375 5307 ὶπινόει,
3410 5232 3447 5301 ἢ
3483 5231 3677 5294 ταύτας
3711 5231 3823 5287 ἴσθι

2172 5332 2234 5386 τὸ
2265 5330 2432 5407 μηδέν
2475 5351 2567 5405 μοι
2600 5326 2969 5408 λογιζομένας.
3005 5317 3064 5408 :0
3123 5322 3178 5380 δὲ
3232 5323 3402 5403 μάγος
3461 5321 3646 5382 αὐτίκα
3690 5321 3826 5400 πρὸς

2171 5401 2292 5484 τοὺς
2336 5401 2558 5496 δημίους
2615 5401 2979 5498 ἐπιστραφεὶς,
3010 5401 3122 5473 Ἵνα
3176 5417 3228 5472 τί
3270 5401 3403 5492 πρὸς
3453 5410 3631 5493 ἔλεον,
3690 5410 3820 5491 ἔφη,
