4066 6390
263 317 371 383 841

1175 325 1592 392 CERTAMEN
1637 326 1698 390 S.
1742 327 2140 393 ACEPSIM/E
2184 331 2281 394 ET
2323 331 2727 399 SOCIORUM.

3523 337 3642 410 842

260 453 544 524 μαστίζετε
603 454 696 510 τὸν
744 454 1006 535 ἂνόσιον,
1095 460 1247 536 ὂρᾶτε
1326 461 1424 538 γὰρ
1502 461 1646 525 ὅπως
1705 461 1904 539 φειδοῦς

1991 467 2292 544 quomodo
2316 467 2454 529 dum
2489 471 2542 530 ei
2581 471 2922 551 parcitis,ad
2955 491 3063 534 nos
3094 475 3481 539 incessendos
3499 496 3641 541 con~

259 541 568 615 ἀξιούμενος
599 545 731 620 πρὸς
774 545 868 606 τὰς
903 543 1018 602 καθ’
1067 548 1224 618 ἡμῶν
1283 546 1450 627 ὕϐρεις
1506 551 1642 605 κατά
1700 550 1907 615 πολλὴν

260 645 440 711 χωρεῖ
497 633 596 699 τὴν
655 631 968 712 ἐλευθερίαν,
1005 637 1064 692 Οἱ
1095 634 1170 708 δέ,
1205 637 1384 716 ὥσπερ
1427 639 1528 695 τινὶ
1583 640 1784 718 κέντρῳ
1829 647 1906 714 τῷ

256 719 406 795 λόγῳ
434 719 833 796 διαναστάντες,
869 724 1032 788 οὕτως
1089 724 1336 783 ὶπέθεντο
1391 735 1654 806 κραταιῶς
1712 732 1786 793 ὡς
1845 730 1905 786 ἐκ

253 811 353 876 τῆς
414 817 520 865 των
579 809 974 879 ἐπιϐεϐηκότων
1031 822 1107 888 τῷ
1166 813 1304 890 ξύλῳ
1362 818 1654 894 βαρύτητος
1685 821 1902 887 καὶτῆς

252 905 360 956 τῶν
419 901 695 958 τεινόντων
755 900 1111 981 σφοδρότητος
1183 911 1282 972 τῆς
1340 907 1620 982 ὠμότητος
1678 931 1734 964 τε
1791 912 1903 966 πῶν

251 991 617 1064 μαςτιζόντων
667 990 847 1049 τέλεον
906 994 1196 1070 παρεθῆναι
1256 997 1353 1070 μὲν
1384 999 1526 1071 αὐτῷ
1579 997 1676 1060 τοίς
1726 999 1895 1076 ἁρμο-

249 1080 365 1141 νίας
423 1087 518 1136 τοῦ
573 1081 845 1155 σώματος,
887 1082 1268 1150 συνθλασθῆναι
1301 1083 1355 1140 δὲ
1404 1088 1470 1142 τὰ
1521 1087 1652 1144 ὅστᾶ
1685 1091 1900 1153 καὶτὰς

248 1168 450 1245 σάρκας
536 1171 949 1238 καταξανθῆναι,
1040 1170 1498 1240 Διαϐαστάσαντες
1573 1178 1660 1234 οὖν
1717 1181 1896 1250 αὑτὸν,

249 1258 366 1315 ἐπεὶ
426 1261 506 1334 μὴ
537 1264 770 1338 χρῆσθαι
799 1265 916 1326 τοῖς
964 1259 1118 1317 ποσὶν
1149 1261 1373 1330 ἠδύνατο
1423 1265 1603 1342 ὥσπερ
1660 1289 1710 1322 τι
1768 1289 1897 1346 φορ-

247 1349 358 1406 τίον
425 1354 494 1425 τῇ
545 1350 756 1428 φυλακῇ
814 1351 1246 1430 προσρίπτουσιν,
1280 1353 1398 1410 ἔνθα
1429 1353 1494 1423 δὴ
1553 1357 1640 1412 καὶ
1696 1358 1731 1424 ἡ
1790 1364 1896 1412 τῶν

246 1435 416 1514 ἅγίων
447 1435 570 1502 δυὰς
602 1440 977 1504 κατάκλειστος
1001 1441 1088 1508 ἧν,

330 1523 397 1588 ι’.
462 1526 623 1582 Πέντε
669 1526 880 1596 διῆλθον
937 1529 1155 1611 ἡμέραι,
1211 1532 1296 1587 καὶ
1327 1532 1543 1596 τούτους
1576 1540 1669 1590 τοῦ
1698 1533 1900 1610 δεσμω-

245 1617 438 1694 τηρίου
495 1615 843 1694 ἐξαγαγόντες
897 1620 970 1683 εἰς
1003 1625 1165 1676 τόπον
1213 1619 1268 1682 ὅς
1319 1620 1571 1680 ἐκαλεῖτο
1631 1621 1897 1702 1119:3321-

248 1726 340 1766 σος
396 1704 637 1782 ἄγουσιν,
673 1706 733 1762 οῦ
762 1705 827 1773 δη
860 1710 946 1764 καὶ
1003 1707 1229 1776 πλησίον
1292 1711 1415 1772 ναὸς
1476 1711 1766 1791 ἐτύγχανεν
1825 1713 1898 1770 ὢν

1994 555 2253 617 tumeliis
2312 560 2566 621 maxima
2625 561 2923 622 invehitur
2974 563 3276 626 libertate.
3322 564 3414 628 Illi
3470 583 3634 642 vero,

1989 645 2169 706 veluti
2194 649 2453 728 quodam
2479 651 2720 712 stimulo
2752 653 2884 732 ejus
2908 671 3187 716 sermone
3224 655 3484 731 excitati,
3516 664 3638 718 tam

1989 734 2226 827 furtiter
2259 739 2621 814 invaserunt,
2683 752 2746 802 ut
2803 761 2872 803 ex
2927 744 3213 821 gravitate
3268 763 3474 807 eorum
3532 748 3635 827 qui

1986 826 2403 907 ascenderant,
2437 838 2495 889 et
2527 849 2594 891 ex
2629 831 3004 893 vehementia
3038 851 3248 895 eorum
3283 835 3389 912 qui
3419 826 3634 897 tende-

1986 913 2147 991 bant,
2183 923 2244 979 et
2272 937 2342 978 ex
2400 921 2754 984 crudelitate
2814 941 3021 984 eorum
3071 925 3176 1004 qui
3220 924 3629 1005 ﬂagellabant,

1984 1022 2301 1085 compages
2331 1008 2574 1087 quidem
2608 1011 2876 1091 corporis
2929 1012 2982 1073 ei
3039 1013 3267 1074 fuerint
3298 1014 3630 1089 dissolutae,

1985 1111 2118 1183 ossa
2142 1103 2337 1156 autem
2371 1099 2488 1158 sint
2519 1099 2911 1175 confracta,et
2946 1119 3156 1163 carnes
3176 1102 3295 1164 sint
3319 1103 3625 1183 disceptaa.

1981 1180 2129 1242 Eum
2164 1202 2302 1263 ergo
2339 1189 2951 1270 portantes,quoniam
2987 1189 3240 1271 pedibus
3267 1180 3513 1253 minime
3543 1192 3632 1255 uti

1984 1281 2233 1352 poterat,
2273 1283 2545 1354 tanquam
2609 1296 2758 1339 onus
2815 1279 3056 1359 aliquod
3109 1279 3427 1360 projictunt
3474 1279 3535 1342 vi
3565 1281 3629 1343 in

1981 1363 2332 1437 custodiam,
2369 1365 2426 1425 in
2458 1384 2577 1445 qua
2614 1369 2790 1428 etiam
2838 1368 3135 1430 inclusum
3165 1375 3292 1431 erat
3347 1369 3490 1431 illud
3525 1388 3632 1449 par

1982 1461 2321 1513 sanctorum
2336 1503 2348 1516 .

2064 1544 2140 1603 Χ.
2175 1541 2320 1604 Cum
2353 1547 2616 1624 quinque
2645 1545 2776 1606 dies
2814 1545 3268 1624 praeteriissent,
3297 1563 3400 1608 eos
3431 1564 3465 1608 e
3490 1563 3629 1609 car-

1983 1649 2118 1693 cere
2142 1632 2498 1713 eduxerunt,
2541 1642 2601 1694 et
2631 1633 2928 1696 duxerunt
2971 1635 3033 1697 in
3065 1637 3285 1716 locum,
3321 1635 3421 1716 qui
3452 1653 3632 1699 voca-

1983 1721 2148 1782 batur
2183 1723 2525 1798 Paradisus,
2561 1741 2746 1804 prope
2783 1725 2937 1804 quod
2975 1735 3106 1786 erat
3135 1725 3418 1804 templum
3450 1725 3628 1803 ignis,

246 1805 342 1854 τοῦ
401 1795 526 1873 παρ’
587 1796 762 1852 αὐτῶν
820 1793 1107 1872 σεϐομένου
1163 1801 1348 1878 πυρὸς,
1403 1800 1530 1873 ἐνῷ
1576 1803 1895 1878 προκαθίσας

253 1886 267 1904 ε
474 1886 485 1902 \
622 1883 687 1904 n)’
812 1885 820 1901 ί
1069 1889 1084 1904 \
1203 1888 1212 1904 Ι
1476 1892 1487 1904 \
1629 1892 1640 1904 ι
1728 1893 1739 1904 ι
1794 1893 1803 1904 ι

1982 1811 2082 1890 qui
2114 1811 2186 1870 ab
2233 1812 2318 1872 eis
2356 1793 2688 1873 colebatur:
2713 1812 2776 1874 In
2800 1793 2919 1892 quo
2945 1833 3078 1875 cum
3115 1793 3503 1893 praesedisset
3525 1793 3631 1875 ille

247 1886 277 1940 ὁ
337 1886 555 1964 μιαρὸς,
622 1885 823 1942 Εἴπατέ
883 1907 977 1961 μοι
1034 1889 1096 1943 τὸ
1152 1888 1347 1968 τάχος,
1400 1892 1531 1965 πρὸς
1563 1892 1684 1955 τοὺς
1717 1893 1894 1967 ἁγίους

1982 1885 2304 1961 sceleratus
2339 1922 2350 1962 :
2387 1901 2567 1963 Ocius
2603 1903 2747 1963 mihi
2793 1885 2995 1978 dicite,
3033 1885 3228 1982 inquit
3275 1902 3520 1982 sanctis,
3553 1921 3630 1964 an

245 1975 434 2053 φησὶν,
469 1973 546 2030 ἔτι
578 1982 654 2048 τῷ
712 1978 854 2050 αὖτῷ
905 1977 1002 2045 τῆς
1059 1976 1236 2040 ἀνοίας
1289 1977 1564 2054 ἐπιμένετε
1625 1979 1892 2056 λογισμῷ,

243 2063 279 2132 ἧ
338 2085 392 2120 τι
451 2078 700 2142 κρεῖττον
755 2067 884 2140 ὑμῖν
943 2063 1418 2141 μεταϐεϐούλευται
1467 2069 1554 2124 καὶ
1586 2072 1891 2146 σωτήριονς

244 2157 305 2212 Οἱ
357 2153 504 2231 ἅγιοι
571 2155 642 2217 ὡς
693 2153 745 2220 ἐξ
807 2155 921 2217 ἐνὸς
979 2155 1241 2231 στόματος
1300 2157 1444 2220 εὒθὺς
1494 2157 1842 2236 ἀπεκρίναντο
1879 2170 1892 2184 ⁶

243 2245 492 2300 Γνωστὸν
550 2242 686 2302 ἔστω
738 2267 844 2323 σοι,
905 2243 1147 2320 δικαστα,
1183 2244 1260 2301 ὅτι
1319 2247 1377 2300 ὃν
1425 2246 1477 2312 ἐξ
1526 2247 1700 2325 ἀρχῆς
1733 2247 1892 2327 λογι-

245 2333 382 2408 σμὸν
427 2333 694 2412 εἴχομεν,
747 2336 919 2408 τούτῳ
973 2334 1067 2390 καὶ
1127 2335 1286 2391 εἰσέτι
1332 2338 1672 2416 στοιχοῦντές
1705 2337 1888 2413 ἐσμεν,

243 2425 332 2480 καὶ
387 2423 559 2502 μέχρι
617 2425 800 2486 τέλους
857 2426 950 2482 τὸν
1009 2425 1165 2481 αὐτὸν
1217 2424 1426 2504 ἕξομεν,
1491 2427 1584 2483 οὐκ
1615 2426 1891 2508 ἀπειλαῖς,

243 2514 302 2570 οὐ
360 2513 632 2592 βασάνοις,
695 2516 756 2570 οὔ
810 2512 1062 2590 δωρεαῖς,
1125 2512 1292 2570 οὐδενὶ
1351 2513 1496 2589 ἄλλῳ
1526 2517 1586 2571 τὸ
1642 2518 1893 2593 παράπαν

243 2602 668 2678 μετατιθέμενοι.
701 2602 839 2660 "Eva:
869 2605 969 2682 γὰρ
1001 2605 1131 2660 Θεὸν
1179 2612 1594 2682 προσκυνοῦμεν,
1635 2607 1731 2663 καί
1791 2611 1892 2665 αὖ·

241 2694 333 2748 τὸν
366 2693 530 2768 μόνον
572 2693 756 2772 Κύριον
813 2692 1098 2752 εἶναιτῶν
1151 2693 1317 2750 ὄντων
1373 2695 1586 2754 πάντων
1646 2695 1890 2773 ἐγνώκα-

243 2804 368 2858 μεν.
427 2784 638 2842 Τούτων
689 2783 917 2848 ἀκούσας
975 2786 1003 2838 ὁ
1067 2781 1258 2863 μάγος,
1321 2785 1550 2860 βασάνου
1579 2786 1746 2842 πάλιν
1777 2786 1891 2844 ἐτέ-

245 2894 341 2950 ραν
401 2871 607 2929 ἐπενόει
665 2873 1032 2947 καινοτομίαν,
1068 2875 1157 2930 καὶ
1211 2873 1413 2930 κελεύει
1465 2876 1726 2954 σχοινίοις
1791 2881 1890 2935 αὐ-

245 2966 372 3026 τοὺς
428 2959 511 3018 διά
565 2983 624 3018 τε
679 2969 784 3019 τῶν
842 2961 1150 3042 μασχαλῶν
1195 2965 1408 3030 καὶτῆς
1439 2964 1632 3043 ὀσφύος
1667 2966 1890 3022 καὶτῶν

241 3058 468 3127 κνημῶν
521 3058 830 3131 περιζῶσαι,
889 3051 1010 3108 καθ’
1066 3051 1287 3109 ἕκαστον
1349 3051 1403 3108 δέ
1462 3057 1707 3132 ζωστῆρα
1738 3053 1891 3120 ξύλον

1979 1987 2173 2049 adhuc
2206 1990 2604 2068 permaneatis
2635 1996 2694 2051 in
2750 1991 2957 2052 eadem
3013 1990 3190 2052 stulta
3246 1991 3624 2072 cogitatione,

1981 2096 2055 2138 an
2087 2078 2400 2138 consilium
2437 2081 2810 2141 mutaveritis
2849 2081 2908 2141 in
2929 2079 3154 2160 aliquid
3191 2079 3405 2142 melius
3436 2089 3494 2140 et
3525 2097 3627 2142 sa-

1983 2165 2197 2227 lutare.
2231 2166 2434 2229 Sancti
2466 2178 2746 2246 tanquam
2783 2189 2898 2231 uno
2927 2187 3032 2230 ore
3066 2167 3334 2248 protinus
3374 2186 3626 2248 respon-

1976 2255 2188 2318 derunt
2220 2275 2234 2320 :
2258 2257 2469 2318 Notum
2499 2258 2603 2319 tibi
2626 2259 2723 2331 sit,
2754 2259 3128 2340 judex,quod
3151 2277 3329 2338 quam
3355 2257 3429 2319 ab
3456 2258 3628 2320 initio

1975 2344 2296 2406 habuimus
2329 2347 2778 2423 cogitationem,
2813 2349 2872 2409 in
2905 2367 2975 2410 ea
3005 2347 3199 2409 adhuc
3226 2346 3625 2427 persistimus,

1979 2443 2035 2496 et
2103 2443 2391 2515 perpetuo
2473 2438 2915 2515 persistemus,
2996 2455 3116 2498 non
3201 2435 3430 2509 minis,
3507 2455 3628 2499 non

1979 2526 2313 2598 tormentis,
2375 2543 2493 2586 non
2553 2526 2750 2602 donis,
2817 2527 2979 2588 nullo
3039 2525 3298 2606 denique
3349 2523 3465 2588 alio
3497 2543 3629 2586 om-

1977 2615 2120 2674 nino
2154 2614 2384 2694 mutati,
2415 2614 2520 2677 sed
2552 2634 2734 2677 unum
2766 2615 2951 2678 Deum
2983 2614 3329 2688 adoramus,
3359 2622 3418 2676 et
3442 2632 3621 2676 eum-

1979 2702 2113 2764 dem
2147 2703 2340 2764 solum
2371 2722 2506 2766 esse
2541 2705 2858 2767 Dominum
2909 2703 3179 2767 omnium
3237 2721 3445 2766 eorum
3492 2721 3624 2784 quae

1979 2793 2703 2871 sunt,cognovimus.Haac
2727 2813 2860 2855 cum
2885 2794 3174 2856 audiisset
3205 2811 3433 2871 magus,
3461 2791 3625 2854 aliud

1977 2899 2184 2942 rursus
2209 2900 2422 2942 novum
2451 2883 2739 2960 excogitat
2791 2889 3150 2944 tormentum
3181 2927 3198 2955 ,
3231 2889 3294 2943 et
3316 2879 3491 2959 jubet
3520 2898 3626 2941 eos

1975 2970 2130 3048 cingi
2162 2969 2401 3031 funibus
2435 2988 2540 3050 per
2589 2970 2792 3031 axillas
2849 2979 2908 3032 et
2961 2968 3202 3031 lumbos
3241 2977 3299 3029 et
3331 2966 3525 3042 tibias,
3560 2967 3624 3029 in

1973 3077 2333 3139 unoquoque
2354 3067 2552 3121 autem
2580 3059 2816 3138 cingulo
2841 3059 3065 3138 lignum
3093 3057 3260 3136 injici
3283 3065 3344 3118 et
3373 3056 3632 3118 circum-

240 3139 626 3222 ἐμϐάλλεσθαι,
655 3143 743 3199 καὶ
773 3139 1177 3221 περιδινεῖσθαι,
1213 3143 1296 3198 καὶ
1327 3145 1404 3216 τῷ
1452 3143 1684 3222 σχοινίῳ
1731 3143 1911 3228 στερσΔ

1982 3148 2088 3228 agi,
2150 3158 2208 3210 et
2273 3149 2412 3210 fune
2470 3150 2855 3210 vehementer
2915 3149 3197 3228 torqueri.
3255 3145 3424 3218 Quod
3484 3162 3622 3208 cum

239 3232 345 3308 ῥῶς
399 3229 774 3308 στρεϐλοῦσθαι
812 3250 828 3268 ⁸
898 3231 958 3288 οὗ
1002 3231 1286 3309 γενομένου
1343 3231 1515 3307 θέαμα
1550 3233 1792 3313 χαλεπὸν
1823 3235 1890 3303 ἦν

237 3323 330 3382 καὶ
378 3321 684 3401 ὀφθαλμοῖς
742 3322 970 3396 ἡμέροις
1018 3319 1255 3399 δακρύων
1304 3319 1470 3388 ἄξιον.
1537 3325 1612 3380 Τὰ
1664 3324 1760 3400 μὲν
1793 3325 1891 3404 γὰρ

237 3410 366 3478 ξύλα
427 3411 774 3490 περιειλεϊτο,
810 3415 860 3468 αἱ
913 3423 1132 3491 σχοῖνοι
1189 3409 1243 3466 δὲ
1276 3413 1714 3493 συνεστρέφοντο,
1756 3415 1890 3471 κᾶν-

238 3501 413 3559 τεῦθεν
459 3503 649 3581 σάρκες
710 3522 769 3558 τε
822 3501 1117 3575 ἐπιέζοντο,
1177 3503 1264 3558 καὶ
1342 3503 1376 3570 ἡ
1447 3501 1694 3582 συντριϐὴ
1747 3505 1892 3579 μάλα

237 3589 409 3662 δεινή.
449 3594 546 3651 Καὶ
576 3593 674 3670 γὰρ
704 3604 824 3657 τοῖς
853 3589 1030 3668 πόρρω
1087 3589 1390 3658 διεστηκόσι
1435 3593 1606 3671 ψόφος
1635 3594 1776 3658 ³οἶος
1827 3595 1889 3651 ἐκ

235 3687 346 3739 τῶν
375 3683 548 3739 ὀστῶν
611 3682 858 3749 ἠκούετο.
904 3675 1002 3736 Ἦν
1061 3680 1116 3736 δὲ
1171 3683 1234 3737 τὸ
1268 3686 1335 3757 τῇ
1377 3682 1594 3756 βασάνῳ
1639 3682 1888 3761 ἐπιλεγόο

239 3794 402 3849 μενον
437 3789 452 3804 °
488 3777 578 3845 Τῷ
603 3773 865 3848 θελήματι
898 3777 990 3828 τοῦ
1039 3769 1301 3847 βασιλέως
1351 3773 1430 3844 μὴ
1487 3771 1883 3832 ἀντιτάσσεσθε.

239 3865 382 3922 Εἶτα
440 3884 502 3938 το
561 3863 688 3940 πρὸς
746 3867 852 3918 τῶν
909 3860 1074 3938 ἁγίων
1132 3859 1633 3938 ἀντιφθεγγόμενον’
1697 3864 1756 3920 Οἱ
1813 3871 1889 3937 τῷ

236 3954 335 4009 τοῦ
393 3950 654 4029 βασιλέως
711 3953 858 4026 ὑμῶν
913 3949 1177 4026 θελήματι
1224 3950 1628 4014 καθυπείκοντες
1665 3959 1743 4026 τῷ
1797 3963 1890 4012 τοῦ

242 4048 380 4098 Θεοῦ
435 4039 696 4116 θελήματι
760 4037 1116 4118 ἀντιλέγουσι,
1177 4041 1338 4114 Τρίτη
1397 4039 1494 4114 μὲν
1547 4043 1636 4096 οῦν
1665 4039 1778 4119 ὥρα
1824 4043 1890 4110 ἦν

239 4131 336 4189 ὅτε
394 4132 431 4198 ἡ
487 4131 716 4206 βάσανος
777 4128 981 4209 ἤρχετο
1017 4147 1031 4161 ⁸
1091 4128 1254 4208 μέχρι
1313 4125 1368 4184 δὲ
1426 4130 1513 4186 καὶ
1560 4128 1722 4198 ἕκτης
1754 4130 1891 4189 οὕτω

240 4220 569 4300 πασχόντων
592 4227 698 4278 τῶν
728 4220 974 4288 ἀθλητῶν
1003 4219 1361 4297 παρετείνετο.

327 4397 417 4459 Α’.
478 4396 875 4480 Ἀπαγορεύσας
933 4399 1020 4458 οῦν
1083 4396 1287 4474 μᾶλλον
1342 4399 1370 4455 ὁ
1418 4397 1673 4468 δικαστὴς
1726 4401 1798 4465 εἰς
1829 4402 1890 4459 τό

239 4489 613 4568 δεσμωτήριον
643 4491 828 4554 αὐτοὺς
861 4488 1022 4550 πάλιν
1066 4487 1338 4546 ἐκέλευσέν
1395 4489 1729 4568 ἀπαχθῆναι.
1798 4493 1891 4548 Διὸ

1975 3237 2191 3302 factum
2221 3245 2399 3315 esset,
2438 3246 2564 3299 erat
2600 3237 2886 3299 acerbum
2942 3235 3376 3316 spectaculum,
3417 3242 3476 3295 et
3504 3235 3624 3294 mi-

1975 3327 2131 3389 tibus
2163 3328 2351 3389 oculis
2383 3327 2784 3407 lacrymabile.
2821 3326 2966 3388 Nam
3035 3325 3194 3402 ligna
3224 3324 3466 3405 quidem
3497 3323 3624 3385 cir-

1972 3417 2463 3495 cumagebantur,
2520 3415 2694 3478 funes
2751 3425 2946 3478 autem
2978 3413 3508 3493 convertebantur,
3567 3420 3625 3474 et

1974 3525 2185 3569 carnes
2215 3507 2354 3568 inde
2387 3507 2836 3587 premebantur,
2871 3513 2930 3568 et
2960 3523 3093 3566 ossa
3125 3502 3610 3566 conterebantur.

1969 3596 2110 3658 Erat
2137 3615 2278 3658 vero
2310 3597 2481 3658 valde
2510 3595 2704 3672 gravis
2731 3594 3050 3671 contritio;
3107 3595 3328 3655 etenim
3358 3591 3432 3652 iis
3465 3609 3626 3672 quo-

1971 3705 2090 3767 que
2119 3687 2220 3765 qui
2279 3685 2484 3764 procul
2546 3694 2715 3745 erant
2773 3683 3013 3764 remoti,
3043 3681 3399 3744 audiebatur
3429 3681 3628 3759 fragor

1973 3775 2220 3836 ossium.
2260 3772 2398 3834 Erat
2432 3783 2630 3835 autem
2666 3772 2724 3833 id
2773 3773 2929 3852 quod
2981 3773 3068 3833 eis
3120 3769 3438 3833 dicebatur
3466 3769 3628 3831 inter

1973 3871 2270 3925 tormenta
2307 3880 2320 3924 :
2356 3863 2656 3924 Voluntati
2708 3861 2868 3940 regis
2902 3861 3084 3922 nolite
3123 3876 3480 3940 repugnare.
3515 3856 3624 3918 De-

1972 3953 2112 4015 inde
2141 3953 2200 4014 id
2234 3951 2392 4030 quod
2417 3971 2449 4014 e
2480 3957 2777 4013 contrario
2805 3949 3123 4012 dicebatur
3151 3968 3185 4010 a
3215 3947 3440 4009 sanctis
3465 3967 3480 4007 :
3507 3945 3624 4018 Qui

1971 4041 2130 4121 regis
2159 4041 2340 4103 vestri
2371 4039 2655 4102 voluntati
2711 4039 2954 4120 cedunt,
3007 4038 3114 4101 Dei
3167 4037 3454 4099 voluntati
3514 4054 3615 4097 re-

1974 4132 2210 4196 sistunt.
2244 4134 2443 4211 Atque
2497 4138 2626 4191 erat
2669 4129 2912 4209 quidem
2984 4129 3128 4189 hora
3159 4127 3350 4201 tertia,
3385 4126 3625 4202 quando

1973 4223 2154 4301 coepit
2213 4228 2597 4299 tormentum,
2659 4236 2844 4299 usque
2883 4217 2957 4279 ad
3008 4226 3234 4279 sextam
3284 4222 3486 4279 autem
3538 4214 3627 4275 sic

1975 4312 2331 4392 patientibus
2354 4308 2596 4372 athletis
2627 4319 2716 4370 est
2739 4307 3122 4387 productum.

2053 4401 2151 4467 ΧΙ.
2191 4400 2468 4464 Defessus
2527 4398 2726 4479 itaque
2771 4396 2978 4478 judex,
3030 4396 3212 4476 jussit
3262 4412 3366 4457 eos
3417 4409 3626 4454 rursus

1976 4491 2192 4554 abduci
2224 4493 2285 4552 in
2309 4487 3050 4559 carcerem.Quamobrem
3086 4487 3328 4547 fuerunt
3356 4481 3625 4556 abducti,

237 4582 315 4650 δὴ
363 4582 452 4640 καὶ
507 4581 835 4660 ἀπήχθησαν
894 4580 954 4636 ού
1015 4579 1169 4637 ποσὶν
1215 4579 1452 4653 οἰκείοις,
1514 4577 1632 4636 ἀλλ’
1663 4581 1750 4660 ὑφ’
1781 4582 1892 4638 ἑτέ-

1982 4602 2097 4644 ηοη
2122 4581 2244 4643 suis
2267 4579 2542 4661 pedibus,
2570 4577 2674 4640 sed
2708 4577 2921 4658 portati
2940 4575 3012 4638 ab
3035 4575 3164 4637 aliis
3185 4574 3342 4655 quod
3370 4573 3407 4634 ii
3429 4578 3631 4635 essent

240 4694 353 4752 ρων
413 4671 568 4729 αὒτοί
608 4668 1082 4747 διαϐασταζόμενοι
1143 4675 1220 4740 τῷ
1263 4669 1601 4724 παντάπασιν
1633 4670 1894 4749 νενεκρῶ-

241 4766 396 4826 σθαι.
453 4759 803 4841 Παρήγγελτο
856 4758 912 4816 δὲ
955 4772 1070 4825 τοῖς
1105 4757 1454 4840 φυλάττουσιν
1483 4759 1584 4837 ὡς,
1630 4761 1674 4815 εἰ
1707 4782 1894 4839 φωρα-

241 4853 363 4920 θείη
396 4873 477 4916 τις
509 4857 707 4931 τροφῆς
776 4854 959 4916 αὐτοῖς
987 4856 1278 4910 ,κοινωνῶν
1307 4848 1342 4916 ἢ
1395 4857 1561 4906 ποτοῦ
1589 4847 1623 4916 ἢ
1665 4847 1894 4925 ἐνδύμα-

242 4964 364 5017 τος,
401 4942 658 5022 ἐσχάταις
725 4940 1158 5011 ὑποϐληθήσεται
1205 4938 1509 5016 τιμωρίαις.
1564 4939 1648 5001 Εἰς
1696 4939 1895 5005 ταύτην

245 5031 338 5090 οὖν
391 5032 494 5100 τὴν
538 5031 750 5110 εἱρκτὴν
808 5032 855 5087 οἱ
913 5033 1005 5087 τοῦ
1065 5035 1291 5108 Χριστοῦ
1348 5032 1666 5104 στρατιῶται
1727 5034 1897 5084 πᾶσαν

244 5122 485 5181 κάκωσιν
545 5119 614 5178 δι’
674 5121 834 5177 άῦτὸν
889 5119 1242 5196 ὑπομένοντες
1271 5161 1287 5188 ,
1349 5115 1434 5172 ἐπὶ
1491 5121 1628 5195 τρισὶ
1684 5120 1900 5196 χρόνοις

245 5211 684 5292 ἐγκεκλεισμένοι
734 5208 1027 5290 διέμειναν,
1090 5205 1208 5264 οὐδὲ
1237 5207 1361 5284 μίαν
1391 5203 1426 5272 ἤ
1460 5213 1550 5263 τοῦ
1609 5205 1766 5282 λιμοῦ
1814 5207 1902 5265 λύ-

245 5324 356 5383 σιν,
418 5306 456 5374 ﬁ
513 5306 621 5358 τῶν
673 5299 728 5356 ἐν
778 5301 848 5375 τῇ
897 5297 1109 5381 φυλακῇ
1143 5304 1322 5356 κακῶν
1380 5298 1713 5375 παραμυθίαν
1770 5298 1900 5375 εὑρί-

1981 4673 2225 4735 omnino
2261 4678 2450 4732 morte
2490 4668 2712 4730 atlecti.
2747 4665 3110 4748 [mperatum
3175 4673 3374 4726 autem
3434 4663 3629 4724 fuerat

1981 4761 2349 4831 custodibus,
2388 4767 2449 4820 ut
2479 4759 2528 4819 si
2561 4758 2978 4834 deprehensus
3007 4753 3220 4816 fuisset
3251 4752 3488 4834 aliquis,
3525 4770 3629 4812 eos

1982 4852 2075 4914 vel
2119 4849 2253 4912 cibo
2278 4849 2370 4910 vel
2405 4856 2543 4928 potu
2577 4847 2662 4908 vel
2699 4846 3045 4907 indumento
3080 4842 3521 4924 impertiens,is
3546 4841 3630 4903 ul-

1985 4941 2127 5004 timo
2159 4939 2557 5018 subjiceretur
2580 4935 2898 5016 supplicio.
2927 4933 2994 4996 In
3047 4933 3206 4994 hunc
3250 4951 3390 5011 ergo
3421 4948 3630 4994 carce-

1981 5049 2107 5092 rem
2143 5026 2400 5108 conjecti
2430 5026 2652 5088 Christi
2678 5023 2922 5098 milites,
2947 5041 3188 5084 omnem
3219 5020 3630 5095 alllictionem,

1983 5137 2221 5182 omnem
2274 5116 2643 5179 vexationem
2707 5120 2949 5195 propter
2993 5113 3188 5194 ipsum
3239 5111 3632 5184 sustinentes,

1985 5221 2106 5270 tres
2164 5223 2354 5269 annos
2403 5205 2616 5267 inclusi
2673 5210 3184 5284 permanserunt:
3252 5200 3479 5264 nullam
3539 5207 3642 5261 aut

1983 5298 2156 5359 famis
2185 5295 2645 5373 recreationem,
2677 5307 2778 5354 aut
2812 5293 3130 5368 malorum,
3168 5311 3305 5374 quae
3357 5300 3530 5352 erant.
3579 5287 3640 5348 in

243 5414 497 5472 σκοντες,
558 5393 602 5447 εἰ
647 5392 724 5467 μή
782 5411 919 5452 τινες
977 5395 1082 5446 τῶν
1141 5384 1522 5462 συνδεσμωτῶν
1598 5389 1902 5444 κατοικτεί-

1987 5387 2276 5460 custodia,
2312 5385 2687 5447 invenientes
2744 5383 3243 5472 consolationem,
3307 5380 3420 5441 nisi
3457 5377 3642 5457 aliqui

245 5505 430 5563 ραντες
480 5463 674 5561 ’βραχύ
721 5503 773 5537 τι
834 5481 1035 5560 τροφῆς
1097 5479 1234 5534 κατὰ
1315 5479 1377 5532 τὸ
1444 5475 1670 5544 λελητὸς
1726 5480 1906 5544 αὐτοῖς

1991 5497 2060 5541 ex
2094 5479 2167 5538 iis
2199 5479 2297 5558 qui
2333 5485 2501 5537 erant
2532 5477 2709 5535 simul
2767 5463 2968 5550 vi’ncti,
3004 5492 3208 5535 eorum
3247 5469 3498 5542 miserti,
3533 5485 3641 5547 pa-

243 5559 480 5655 ὗρεξαν.
535 5559 764 5648 ήΟἱηγὰρ
822 5575 890 5646 τῇ
947 5559 1130 5648 εἰρκτῇ
1189 5568 1621 5646 προσκαθήμενοι
1681 5567 1910 5648 φύλακες

1993 5588 2125 5632 rum
2159 5567 2298 5648 quid
2349 5566 2697 5628 nutrimenti
2757 5565 2844 5626 eis
2900 5565 3154 5626 latenter
3214 5559 3640 5655 praebuissent.

239 5651 442 5740 ἠλέουν
509 5661 613 5738 μὲν
671 5661 859 5724 αὐτοὺς
915 5667 1026 5717 τῶν
1084 5657 1368 5738 συμφορῶν
1413 5659 1500 5713 καὶ
1559 5664 1652 5716 τοῦ
1707 5659 1911 5742 γήρως,

1996 5657 2107 5734 Qui
2135 5657 2296 5723 enim
2331 5658 2393 5721 in
2443 5674 2686 5722 carcere
2717 5654 3062 5718 assidebant
3091 5651 3395 5722 custodes,
3430 5659 3646 5709 eorum

581 5782 844 5844 PATROL.
877 5779 990 5842 Gn.
1037 5777 1244 5842 CXVI.
3292 5769 3364 5831 27
