4066 6402
427 344 544 412 843

1673 327 2057 391 ΑΒΠΕΝΠΑ.
2110 355 2182 370 -
2226 322 2554 388 APRILIS.

3693 311 3808 378 844

431 479 675 564 quidem
707 473 1105 564 calamitatum
1137 463 1578 564 miserebantur
1609 471 1668 564 et
1700 460 2026 524 senectutis
2056 481 2099 536 ς.

2189 461 2304 521 ὒδὲν
2349 463 2404 522 δὲ
2449 470 2556 522 τῶν
2587 463 2658 527 εἷς
2705 460 2986 540 θεραπείαν
3046 459 3230 539 δρᾶσαι
3273 457 3358 514 διὰ
3397 458 3490 513 τὸν
3523 462 3617 513 τοῦ
3658 453 3812 513 δικα-

2261 561 2282 564 _.
2386 552 2432 564 _,.
2528 551 2551 564 ..
2629 555 2638 564 .
2947 549 2984 564 ,η
3196 551 3211 564 .
3292 561 3312 564 ,_
3453 545 3465 564 ε
3681 548 3695 564 κ
3784 545 3800 564 ς

434 545 544 634 sed
567 585 701 630 cum
730 563 878 627 nihil
904 566 1144 644 possent
1163 554 1554 632 facere,quod
1585 552 1660 644 ad
1691 569 1902 644 eorum
1936 567 2076 644 per-

2189 561 2287 612 τοῦ
2330 552 2492 636 φόϐον
2523 551 2798 626 δυνάμενοι
2833 549 3125 627 συνήλγουν
3158 551 3340 612 αὐτοῖς
3396 545 3559 624 μόνον
3611 548 3706 602 καὶ
3753 545 3814 601 τὸ

439 661 657 722 tineret
689 636 1056 719 curationem
1083 655 1325 729 propter
1351 653 1571 706 metum
1601 639 1844 721 judicis,
1881 640 2078 700 solum

2189 651 2259 711 ῆς
2296 643 2619 721 συμπαθείας
2652 639 2977 720 προσέφερον
3004 636 3248 717 δάκρυον.

439 769 511 813 ex
541 765 742 811 eorum
771 742 940 806 malis
969 739 1232 801 dolorem
1253 731 1722 815 accipiebant,et
1753 730 2083 792 atierebant

437 841 728 919 lacrymas
755 825 1314 919 commiserationis.

519 909 649 991 ΧΪΙ.
684 922 915 987 Deinde
945 925 1078 1000 post
1106 915 1267 978 illam
1300 911 1581 976 acerbam
1633 919 1692 973 et
1742 909 2081 1000 diuturnam

440 1017 844 1086 aﬁlictionem,
881 999 1017 1071 cum
1041 1012 1201 1069 esset
1231 1005 1291 1065 in
1322 1022 1393 1065 eo
1426 1002 1557 1064 loco
1589 1002 1846 1080 Sapores
1873 999 1942 1072 (is
1971 1016 2082 1058 au-

441 1115 560 1170 tem
593 1103 902 1166 dicebatur
921 1094 1265 1174 Bithmada)
1299 1110 1403 1155 eos
1435 1089 1636 1154 educit
1668 1107 1701 1152 e
1733 1087 2006 1150 custodia
2037 1086 2088 1147 is

441 1197 536 1258 cui
565 1194 760 1256 fuerat
787 1187 1272 1264 commissum,ut
1301 1200 1405 1244 eos
1435 1179 1774 1256 castigaret.
1799 1175 2082 1250 Dixisses,

440 1287 488 1348 si
510 1283 785 1356 vidisses,
816 1278 952 1341 illos
983 1293 1116 1338 esse
1147 1270 1377 1335 umbrae
1407 1268 1635 1332 similes
1661 1287 1678 1344 ;
1730 1266 1878 1328 adeo
1912 1265 2086 1342 longa

441 1354 1204 1438 afﬂictioneextabuerant.
1240 1359 1469 1423 Deinde
1518 1377 1622 1420 eos
1665 1356 1822 1418 sistit
1873 1354 1946 1416 ad
1979 1355 2090 1416 tri-

445 1462 627 1525 bunal
651 1456 998 1523 Ardasabor
1021 1478 1037 1532 ;
1062 1458 1189 1515 erat
1207 1457 1405 1512 autem
1430 1448 1480 1509 is
1513 1447 1792 1528 princeps
1822 1443 2086 1532 omnium

448 1569 781 1632 magorum,
816 1547 918 1628 qui
950 1531 1123 1607 erant
1152 1541 1213 1603 in
1243 1535 1652 1632 Persi-deLIlle
1687 1553 1857 1632 vero
1887 1531 2087 1632 statim

451 1620 715 1706 eisvdixit
749 1620 776 1699 ε’
819 1620 972 1709 Quid
1027 1640 1253 1710 autem,
1310 1627 1453 1690 estis
1485 1624 1802 1688 Christiani
1831 1625 1859 1684 ?
1886 1620 2090 1685 Sancti

449 1750 612 1798 vero.
643 1729 836 1804 Certe,
869 1725 1173 1796 dixerunt,
1203 1717 1550 1790 Christiani,
1583 1723 1645 1777 et
1672 1714 1866 1775 solum
1900 1713 2088 1774 Deum

2248 911 2356 975 IB’.
2407 911 2542 969 Εἶτα
2586 909 2722 985 μετὰ
2766 908 2864 976 τὴν
2908 907 3100 985 πικρὰν
3158 906 3364 972 ἐκείνην
3425 905 3514 962 καὶ
3549 901 3827 982 πολυχρό-

2169 1023 2278 1058 νιον
2333 1000 2568 1059 κάκωσιν
2628 995 2897 1070 Σαϐωρίου
2950 997 3088 1053 κατὰ
3129 998 3222 1052 τὸν
3277 996 3453 1051 αὐτόθι
3511 1000 3678 1050 τόπον
3723 1011 3827 1068 γε·-

2170 1091 2393 1166 νομένου
2447 1086 2706 1170 (Βιθμαδᾶ
2751 1087 2900 1152 οὗτος
2947 1085 3212 1165 ἐλέγετο),
3273 1083 3446 1161 ἐξάγει
3504 1087 3601 1150 τῆς
3645 1079 3829 1160 φυλα-

2171 1184 2270 1248 κῆς
2327 1182 2355 1236 ὁ
2412 1168 2652 1250 κολάζειν
2706 1177 2891 1240 αὐτοὺς
2947 1175 3267 1238 πιστευθείς.
3331 1173 3501 1237 Εἴπες
3578 1171 3640 1227 ἂν
3695 1168 3827 1228 ἰδὼν

2171 1269 2397 1334 ἐκείνους
2455 1267 2689 1325 ἐοικέναι
2749 1273 2873 1338 σκιᾷ
2907 1281 2922 1296 ⁹
2987 1265 3153 1329 οὕτως
3207 1265 3343 1332 ἦσαν
3396 1263 3499 1319 ὑπὸ
3562 1259 3659 1328 τῆς
3717 1281 3832 1335 μα-

2173 1366 2299 1437 κρᾶς
2343 1357 2699 1420 κακοπαθείας
2766 1356 3135 1422 ἐκτετηκότες.
3199 1353 3338 1411 Εἶτα
3395 1356 3473 1424 τῷ
3540 1357 3632 1407 τοῦ
3686 1345 3830 1427 ’Λρ-

2174 1447 2415 1527 δασαϐὼρ
2473 1447 2758 1526 παρίστησι
2816 1446 3019 1522 βήματι
3053 1461 3068 1478 ⁸
3131 1443 3318 1524 ἅρχων
3381 1440 3434 1497 δὲ
3491 1439 3645 1502 οὗτος
3687 1439 3832 1494 πάν-

2172 1559 2276 1594 των
2320 1543 2424 1593 τῶν
2481 1535 2534 1592 ἐν
2570 1532 2774 1614 Περσίδι
2807 1535 2995 1611 μάγων
3025 1531 3318 1613 ἐτύγχανεν
3362 1530 3460 1593 ὥν,
3515 1531 3612 1587 Καὶ
3641 1528 3700 1594 ὅς
3730 1531 3830 1587 εὖ·

2171 1628 2259 1690 θὺς
2303 1627 2433 1704 πρὸς
2465 1627 2649 1690 αύτούς
2685 1647 2698 1660 ο
2755 1623 2815 1682 Τί
2871 1621 2976 1696 δαὶ,
3036 1622 3344 1701 Χριστιανοί
3396 1621 3566 1694 ἐστε;
3622 1620 3718 1677 Καἱ
3772 1619 3832 1673 οἱ

2172 1716 2338 1794 ἅγιοι,
2387 1717 2508 1790 Ναὶ,
2555 1718 2736 1786 εἷπον,
2803 1714 3127 1792 Χριστιανοὶ,
3187 1714 3278 1768 καὶ
3330 1717 3407 1784 τῷ
3463 1709 3611 1785 μόνῳ
3662 1713 3832 1779 ζῶντι

451 1822 639 1883 vivum
664 1797 1067 1893 adorantes,et
1099 1811 1214 1892 ipsi
1245 1808 1354 1870 soli
1389 1805 1740 1869 servientes.
1777 1804 2089 1882 Tyrannus

2189 1812 2290 1880 ἂεῷ
2373 1806 2782 1893 προσκυνοῦντες
2867 1803 2956 1860 καὶ
3025 1801 3168 1876 αύτῷ
3241 1800 3390 1876 μόνῳ
3451 1797 3832 1868 λατρεύοντες.

447 1921 644 1973 autem
683 1927 696 1971 :
731 1890 998 1980 Videtis,
1013 1890 1182 1976 dixit,
1217 1894 1720 1979 quemadmodum
1756 1911 1887 1973 quae
1926 1890 2091 1952 vobis

445 2000 608 2064 illata
661 2005 802 2060 sunt
854 1999 1171 2065 tormenta,
1227 1987 1556 2050 attulerunt
1605 1982 1772 2045 vobis
1815 1999 2090 2058 magnam

446 2089 861 2166 afﬂictionem,
897 2080 1081 2144 multo
1107 2085 1310 2140 autem
1343 2075 1529 2154 magis
1558 2073 1841 2166 diuturna
1868 2069 2093 2166 vexatio

447 2187 508 2242 et
527 2176 780 2241 inclusio
809 2159 921 2251 gea
942 2171 1101 2233 enim
1155 2175 1213 2230 et
1249 2166 1495 2229 formam
1541 2162 1705 2225 vobis
1738 2159 2016 2251 mutavit,
2036 2167 2096 2220 et

449 2266 648 2330 eﬂ‘ecit
674 2272 742 2328 ut
788 2247 870 2324 ita
919 2255 1408 2321 extabesceretis.
1474 2251 1875 2326 Quamobrem
1926 2247 2094 2310 vobis

452 2353 840 2430 consulerim,
874 2359 940 2412 ut
971 2347 1118 2411 mihi
1169 2344 1458 2428 pareretis
1509 2342 1779 2404 afferenti
1839 2357 1907 2402 ea
1964 2355 2096 2418 qum

451 2456 592 2509 sunt
615 2443 780 2506 vobis
802 2428 1225 2514 conducibilia,
1260 2444 1320 2497 et
1341 2433 1509 2496 vobis
1532 2436 1879 2514 parcatis,et
1901 2428 2090 2490 solem

453 2535 718 2598 lucidum
737 2529 1018 2595 adoretis.
1049 2527 1153 2590 Sin
1176 2525 1398 2605 minus,
1429 2530 1616 2586 restat
1639 2531 1700 2582 ut
1734 2517 2096 2600 gravissimae

458 2630 634 2688 morti
664 2617 1087 2702 sobjiciamini.

534 2713 694 2778 XIII.
723 2699 1056 2791 Respondit
1114 2711 1353 2767 sanctus
1386 2700 1732 2791 Acepsimas
1767 2721 1780 2758 :
1815 2699 1946 2762 Non
2002 2713 2096 2757 me

452 2804 597 2867 latet
637 2790 870 2865 summo
920 2815 1053 2860 esse
1101 2793 1208 2856 tibi
1242 2792 1438 2856 studio
1467 2790 1682 2870 dogma
1713 2795 2004 2870 patrium;
2038 2792 2099 2849 et

455 2896 569 2957 hoc
593 2893 702 2954 tibi
725 2909 856 2954 esse
879 2881 1332 2970 propositum,si
1350 2880 1527 2943 modo
1551 2881 1679 2942 ﬁeri
1705 2877 2022 2970 posset,vel
2041 2875 2096 2970 vi

451 2985 543 3047 vel
575 2964 962 3062 persuasione
990 2964 1273 3055 'eﬂicere,
1335 2980 1394 3033 ut
1446 2969 1972 3062 omnes_attrahas
2021 2964 2096 3029 ad

451 3056 724 3136 eam-dem
752 3062 1257 3147 religionemﬂoc
1278 3069 1476 3124 autem
1501 3061 1576 3121 de
1601 3056 1772 3120 nobis
1796 3073 2098 3147 nunquam

453 3161 556 3224 tibi
595 3142 891 3223 veniatin
913 3165 1209 3250 mentem,
1225 3160 1296 3250 ut
1325 3159 1500 3250 putes
1525 3148 1621 3212 vel
1673 3145 1976 3250 blanditiis
2004 3142 2098 3205 vel
2119 3198 2159 3250 ο

453 3252 635 3314 minis
662 3250 752 3312 vel
778 3249 906 3310 aliis
958 3247 1271 3308 intentatis
1324 3239 1496 3302 malis
1545 3256 1718 3319 posse
1749 3235 1921 3296 nobis
1953 3252 2096 3315 per-

455 3340 732 3418 suadere,
767 3345 832 3399 ut
863 3335 1212 3398 deﬁciamus
1245 3348 1279 3391 a
1309 3327 1484 3418 nobis
1511 3325 1700 3418 semel
1748 3324 2100 3386 conﬁrmato

455 3415 734 3506 dogmate
758 3435 818 3488 et
839 3445 873 3486 a
895 3421 1298 3486 confessione.
1330 3417 1526 3480 Parati
1549 3415 1710 3478 enim
1735 3432 1943 3475 sumus
1973 3430 2100 3474 om-

456 3503 563 3580 nia
587 3516 706 3597 pati
737 3515 955 3595 potius,
982 3527 1156 3591 quam
1199 3527 1232 3570 a
1261 3507 1374 3569 ﬁde
1395 3507 1455 3568 in
1489 3506 1790 3597 Christum
1815 3503 2097 3597 deﬁcere.

455 3589 856 3683 Non-ignoro,
920 3589 1113 3678 inquit
1167 3608 1473 3679 tyrannus,
1527 3594 1688 3673 quod
1737 3613 1872 3656 cum
1938 3589 2106 3653 vobis

460 3693 814 3758 Christianis
864 3709 1025 3752 mors
1081 3696 1322 3770 putetur
1368 3705 1499 3748 esse
1531 3685 1725 3766 quies,
1762 3701 1939 3746 omne
1971 3691 2104 3746 stu-

459 3784 621 3848 dium
655 3802 688 3845 a
719 3782 885 3843 vobis
915 3780 988 3842 ad
1020 3780 1133 3841 hoc
1165 3786 1515 3858 ponatur,ut
1542 3775 1616 3836 iis
1645 3773 2108 3852 fruamini,quo-

459 3894 590 3936 rum
620 3891 788 3954 spem
825 3869 1202 3950 concepistis,
1239 3867 1344 3929 sed
1370 3863 1726 3954 nouilicebit
1773 3863 1939 3925 vobis
1987 3860 2106 3924 cito

462 3952 753 4043 consequi
785 3960 1033 4041 id,quod
1065 3956 1436 4020 desideratis.
1467 3953 1614 4017 Nam
1646 3972 1781 4016 cum
1807 3952 1978 4043 prius
2003 3969 2106 4043 ve-

465 4063 616 4116 stras
638 4041 849 4114 carnes
875 4048 1156 4131 paulatim
1183 4064 1634 4127 consumpsero,
1660 4042 1944 4106 acerbum
1976 4041 2109 4103 vita:

467 4144 647 4205 ﬁnem
676 4141 840 4203 vobis
859 4140 1192 4221 imponam.
1229 4137 1336 4201 Cui
1357 4147 1641 4198 sanctus:
1669 4135 1744 4196 Et
1770 4134 1890 4212 jam
1916 4132 2102 4214 prius,

2179 1896 2273 1952 Καὶ
2320 1897 2346 1950 ὁ
2398 1894 2646 1968 τύραννος
2683 1911 2696 1924 ⁸
2738 1884 2919 1971 Ὀρᾷς,
2967 1891 3148 1971 εἶπεν,
3195 1890 3342 1954 ὅπως
3407 1891 3458 1945 αἱ
3514 1887 3835 1968 ἐνεχθεῖσαι

2176 1984 2396 2060 βάσανοι
2456 1981 2666 2049 πολλὴν
2723 1983 2852 2057 ὑμῖν
2893 1981 2994 2048 τὴν
3052 1979 3414 2057 ταλαιπωρίαν
3445 1973 3838 2053 ἐμπεποιῆκα-

2177 2095 2284 2152 σιν,
2327 2073 2414 2129 ἐπὶ
2457 2070 2619 2128 πλέον
2662 2071 2741 2142 δὲ,
2794 2075 2976 2147 οἶμαι,
3023 2071 3110 2126 καὶ
3151 2073 3185 2138 ἡ
3238 2071 3427 2149 χρονία
3485 2066 3720 2129 κάκωσίς
3772 2069 3840 2120 τέ

2179 2161 2275 2218 καί
2333 2160 2615 2239 κάθειρξις.
2665 2159 2806 2228 Αὕτη
2852 2161 2952 2240 γάρ
3009 2161 3104 2223 τὰς
3158 2179 3214 2216 τε
3273 2158 3480 2237 μορφὰς
3531 2158 3662 2230 ὑμῖν
3718 2153 3837 2222 ἠλ-

2177 2250 2392 2323 λοίωσε,
2439 2251 2529 2308 καὶ
2582 2248 2758 2316 δεινὴν
2817 2249 2955 2307 οὕτω
3002 2249 3100 2316 τὴν
3155 2246 3398 2315 σύντηξιν
3427 2245 3774 2324 ἐνειργάσατο
3812 2259 3832 2276 ⁸

2177 2339 2256 2396 διὸ
2317 2342 2403 2396 καὶ
2475 2337 2924 2416 συμϐουλεύσαιμι
2969 2338 3032 2394 ἂν
3087 2338 3220 2414 ὑμῖν
3273 2336 3549 2404 πεισθῆναί
3607 2357 3702 2410 μοι
3762 2335 3836 2391 τᾶ

2177 2428 2548 2488 λυσιτελοῦντα
2629 2428 2994 2508 εἷσηγουμένῳ
3079 2429 3171 2485 καί
3258 2427 3534 2508 φείσασθαι
3595 2425 3829 2500 ἑαυτῶν,

2177 2520 2313 2594 ἡλίῳ
2340 2541 2397 2578 τε
2425 2527 2502 2594 τῷ
2531 2526 2728 2600 φαεινῷ
2771 2516 3130 2596 προσκυνῆσαι
3168 2537 3180 2549 ·
3229 2518 3274 2573 εἰ
3305 2514 3350 2572 δ’
3381 2523 3494 2590 οὖν,
3527 2516 3589 2573 τὸ
3624 2513 3828 2571 λειπό-

2179 2609 2337 2687 μενόν
2367 2609 2478 2666 ἐστι
2507 2608 2714 2683 θανάτῳ
2755 2610 2891 2682 ὑμᾶς
2936 2609 3246 2687 ὑπαχθῆναι
3293 2605 3700 2686 χαλεπωτάτῷ.

2262 2698 2366 2762 1Γ’,
2413 2701 2474 2756 '0
2518 2699 2670 2776 ἅγιος
2715 2697 3018 2774 Ἀκεψιμᾶς
3049 2698 3364 2774 ἀπεκρίνατο
3397 2713 3417 2734 ⁶
3451 2694 3524 2754 Οῧ
3549 2715 3618 2772 με
3651 2691 3832 2750 διέλα-

2178 2793 2263 2848 θεν
2324 2791 2397 2855 ὡς
2451 2786 2851 2867 ὑπερϐάλλουσά
2907 2809 2989 2844 σοι
3033 2785 3237 2855 σπουδὴ
3309 2789 3425 2864 περὶ
3482 2786 3542 2842 τὸ
3599 2783 3833 2864 πάτριον

2178 2878 2353 2958 δόγμα
2420 2881 2506 2935 καὶ
2550 2885 2708 2935 τοῦτο
2764 2877 3034 2956 πρόθεσις,
3095 2876 3250 2954 εἴπερ
3307 2873 3406 2954 ἄρα
3476 2875 3562 2932 καὶ
3610 2871 3832 2931 δυνατὸν

2180 2970 2246 3038 ἧν
2279 2969 2315 3037 ἣ
2346 2969 2434 3045 βίᾳ
2463 2967 2500 3036 ἢ
2533 2971 2713 3025 πειθοῖ
2743 2989 2824 3023 σοι
2854 2969 3276 3046 κατορθωθῆναι,
3321 2966 3388 3023 τὰ
3437 2965 3636 3028 πάντας
3695 2964 3832 3043 πρὸς

2181 3059 2278 3126 τὴν
2324 3059 2490 3126 αὑτὴν
2542 3056 2759 3114 ἑλκῦσαι
2808 3057 3113 3136 θρησκείαν.
3161 3063 3327 3114 Τοῦτο
3387 3053 3441 3111 δὲ
3499 3055 3617 3133 περὶ
3675 3051 3827 3128 ἡμῶν

2185 3147 2322 3222 μηδὲ
2355 3149 2426 3212 εἰς
2485 3156 2602 3206 νοῦν
2661 3143 2915 3216 ἀναϐήτω
2972 3168 3055 3203 σοι
3114 3147 3188 3209 ὡς
3219 3145 3256 3215 ἢ
3285 3145 3534 3211 θωπείαις
3586 3144 3620 3210 ἦ
3674 3141 3824 3198 ἀπει-

2183 3236 2308 3301 λαῖς
2365 3237 2402 3303 ἣ
2459 3238 2636 3293 κακῶν
2695 3234 2884 3298 ἄλλαις
2943 3238 3229 3316 ὶπιφορατς
3287 3234 3628 3312 μεταπείσεις
3682 3232 3826 3307 τημᾶς

2184 3327 2482 3394 ἀποστῆναι
2539 3332 2632 3382 τοῦ
2691 3325 2831 3391 ἅπαξ
2914 3323 3295 3401 βεϐαιωθέντος
3376 3327 3513 3402 ἡμῖν
3567 3320 3834 3401 δόγματος

2184 3417 2274 3473 καὶ
2329 3415 2427 3483 τῆς
2481 3414 2792 3495 ὁμολογίας.
2841 3413 3105 3491 Ἐτοίμως
3149 3416 3249 3494 γὰρ
3295 3415 3499 3496 ἔχομεν
3527 3413 3706 3470 πάντα
3734 3433 3838 3470 πα-

2184 3510 2296 3564 θετν
2356 3503 2559 3581 μᾶλλον
2626 3505 2663 3572 ἣ
2724 3509 2823 3574 τῆς
2882 3506 3013 3584 πρὸς
3094 3507 3318 3584 Χριστὸν
3376 3505 3677 3572 ἀποστῆναι
3750 3524 3838 3559 πι-

2187 3616 2379 3660 στεως.
2443 3597 2549 3654 Οὐκ
2591 3594 2792 3675 ἀγνοῶ,
2839 3592 2941 3674 ἔφη
2988 3597 3016 3651 ὁ
3068 3595 3337 3676 τύραννος,
3393 3594 3467 3657 ὦς
3523 3590 3651 3672 παρ’
3707 3592 3838 3669 ὑμῖν

2187 3700 2304 3750 τοῖς
2367 3691 2703 3764 Χριστιανοτς
2760 3686 2832 3747 είς
2898 3684 3194 3741 ἀνάπαυσιν
3270 3685 3414 3742 εἶναι
3465 3685 3560 3740 τοῦ
3611 3682 3839 3741 θανάτου

2189 3775 2536 3852 νομιζομένου
2593 3772 2799 3842 σπουδὴ
2845 3781 2990 3831 πᾶσα
3033 3775 3166 3851 πρὸς
3212 3781 3396 3832 τοῦτον
3425 3771 3510 3830 διὰ
3564 3771 3666 3840 τὴν
3727 3777 3838 3829 τῶν

2189 3864 2550 3942 ἐλπιζομένων
2593 3863 2890 3922 ἀπόλαυσιν
2919 3882 2935 3899 ο
3001 3861 3120 3920 ἀλλ’
3183 3865 3276 3922 οὒκ
3329 3862 3530 3930 ἐξέσται
3587 3863 3720 3937 ὑμῖν
3763 3861 3841 3927 εἰς

2193 3955 2360 4035 τάχος
2423 3962 2514 4012 τοῦ
2596 3953 2922 4030 ποθουμένου
2980 3953 3319 4034 μεταλαχεϊν
3352 3973 3365 3987 ·
3423 3953 3680 4031 πρότερον
3737 3951 3840 4030 γὰρ

2189 4047 2337 4122 ὑμῶν
2393 4045 2531 4101 κατὰ
2587 4044 2760 4122 βραχὺ
2819 4044 2913 4108 τὰς
2968 4044 3168 4124 σάρκας
3238 4041 3635 4118 ἐκδαπανήσας,
3698 4040 3842 4098 οὕτω

2190 4135 2376 4212 πικρὸν
2408 4135 2536 4209 ὑμῖν
2567 4135 2628 4189 τὸ
2664 4132 2821 4198 τέλος
2851 4138 2950 4202 τῆς
2981 4139 3125 4204 ζωῆς
3156 4133 3415 4204 ἐπιθήσω.
3455 4133 3548 4192 Καὶ
3599 4134 3629 4188 ὁ
3657 4129 3836 4211 ἅγιος·

463 4233 683 4315 inquit,
715 4251 747 4293 a
778 4220 1224 4304 nobis’audisti,
1269 4236 1327 4289 et
1359 4245 1517 4289 nunc
1578 4224 1640 4286 id
1679 4240 1917 4304 quoque
1948 4231 2099 4283 certo

2197 4222 2342 4315 ’ᾙδη
2405 4222 2527 4302 παρ’
2589 4223 2743 4298 ἡμῶν
2803 4223 2892 4280 καὶ
2955 4223 3210 4302 πρότερον
3289 4221 3547 4298 ἤκουσας,
3605 4220 3704 4278 καΐ
3762 4227 3854 4278 νῦν

463 4311 642 4399 scias,
675 4320 832 4402 quod
867 4337 1063 4399 neque
1114 4328 1351 4380 tuorum
1409 4321 1867 4384 tormentorum,
1921 4328 2099 4390 nequi

2201 4314 2430 4389 μάνθανε
2473 4313 2592 4390 περὶ
2635 4314 2819 4369 τούτου
2864 4311 3089 4388 βεϐαίως
3151 4315 3225 4378 ὠς
3288 4312 3404 4370 οὔτε
3451 4315 3561 4370 τῶν
3604 4314 3712 4368 σῶν
3755 4311 3854 4387 βα-

465 4398 762 4476 minarum
791 4429 899 4472 nos
934 4398 1113 4471 ullam
1159 4405 1434 4468 ducimus
1478 4403 1798 4467 rationem.
1833 4401 1984 4463 Nam
2017 4419 2094 4479 qu

2201 4402 2400 4480 σάνων,
2465 4401 2583 4457 οὔτε
2642 4407 2749 4457 τῶν
2805 4401 3042 4458 ἀπειλῶν
3086 4401 3248 4481 λόγος
3307 4404 3444 4478 ἡμῖν
3487 4403 3550 4460 τὸ
3604 4400 3858 4479 παράπαν

463 4504 524 4564 in
556 4499 1036 4583 praecedentibus
1097 4496 1271 4558 malis
1328 4495 1504 4557 nobis
1565 4508 1806 4553 manum
1869 4487 2092 4568 praebui

2205 4490 2370 4583 οὔδ’-ὁ
2413 4496 2618 4583 τυχών.
2653 4491 2714 4549 Ὀ
2746 4493 2846 4571 γὰρ
2893 4491 2946 4550 ἐν
2980 4505 3098 4556 τοῖς
3131 4491 3456 4571 προλαϐοῦσι
3501 4490 3699 4556 δεινοῖς
3729 4489 3859 4571 χεῖ-

465 4569 844 4670 οὐίυῑινίοοιη,
879 4589 1008 4670 ipse
1040 4605 1198 4648 nunc
1232 4603 1470 4666 quoque
1505 4581 1678 4643 nobis
1709 4579 1860 4640 feret
1914 4595 2088 4670 opem

2203 4602 2268 4659 ρα
2320 4569 2518 4656 βοηθόν
2575 4569 3013 4662 παρασχόμενος,
3062 4569 3218 4647 αὗτος
3263 4583 3353 4640 καὶ
3410 4581 3498 4638 νῦν
3554 4569 3857 4660 ἐπικουρῶν

466 4666 790 4752 οι-θίὶἶοίει,
821 4687 885 4740 ut
903 4666 1033 4739 non
1056 4674 1378 4739 difﬁciliter
1409 4673 1671 4752 feramus
1700 4686 1774 4729 ea
1797 4684 1928 4747 qua;
1948 4666 2099 4728 nobi:

2202 4670 2371 4744 ἔσται,
2420 4672 2507 4728 καὶ
2569 4671 2781 4737 ἀπόνως
2841 4671 3015 4752 φέρειν
3075 4671 3488 4751 παρασκευάζων
3536 4673 3602 4729 τὰ
3657 4671 3860 4748 ἐπαγό-

466 4769 939 4832 intentabuntur.
973 4767 1044 4830 Et
1099 4766 1148 4828 si
1195 4765 1343 4827 velis
1394 4764 1590 4824 facere
1645 4758 1976 4840 periculum
2011 4776 2119 4819 no-

470 4869 607 4923 stra:
636 4865 695 4920 in
730 4858 1023 4941 profundo
1057 4855 1226 4917 senio
1284 4850 1665 4926 fortitudinis,
1722 4847 1868 4941 nihil
1902 4845 2114 4912 obstat.

471 4951 637 5013 Scies
666 4937 824 5012 enim
861 4956 920 5011 te
949 4948 1172 5009 frustra
1204 4944 1498 5018 laborare,
1526 4950 1586 5002 et
1615 4937 1860 5019 aggredi
1889 4956 1960 5001 ea
1987 4955 2119 5020 quae

471 5050 608 5103 sunt
641 5039 895 5102 inutilia.

550 5128 702 5193 XIV.
738 5132 992 5210 Propter
1023 5128 1149 5188 haec
1184 5125 1270 5187 ira
1301 5123 1567 5204 repletus
1592 5119 1800 5200 judex,
1829 5119 2004 5210 jubet
2030 5119 2118 5210 aff

471 5220 612 5282 ferri
664 5208 899 5298 ﬂagella
929 5237 997 5279 ex
1031 5215 1194 5277 corio
1247 5213 1432 5275 crudo
1487 5211 1778 5292 confecta,
1815 5218 1873 5272 et
1902 5208 2120 5291 subjici

473 5329 679 5372 eorum
706 5308 915 5370 oculis.
952 5305 1181 5368 Deinde
1215 5303 1362 5366 dicit
1390 5302 1615 5364 sanctis
1652 5319 1664 5360 :
1697 5302 1864 5375 Juro,
1900 5299 2118 5381 inquit,

477 5417 583 5478 per
613 5398 806 5478 ipsum
843 5413 1119 5474 magnum
1152 5395 1337 5455 Deum
1401 5403 1459 5456 et
1506 5391 1788 5470 inclytam
1822 5389 2118 5450 fortunam

477 5487 744 5566 Saporis,
770 5483 884 5548 nisi
919 5484 1171 5566 imperio
1212 5485 1342 5564 ejus
1373 5480 1743 5554 obedieritis,
1778 5479 1870 5539 his
1898 5485 2122 5540 vestras

476 5593 686 5636 carnes
703 5573 1265 5656 consumam,vestri
1291 5573 1452 5634 nulla
1475 5579 1669 5635 motus
1691 5567 2117 5629 misericordia.

477 5663 648 5738 Quod
679 5665 730 5728 si
762 5666 942 5732 etiam
977 5663 1392 5747 contigerit,ut
1423 5681 1524 5728 vos
1554 5658 1730 5725 citius
1761 5657 2118 5736 moriemini,

2202 4782 2359 4836 μενα.
2394 4762 2491 4818 Καὶ
2524 4763 2568 4817 εἰ
2625 4761 2806 4838 βούλει
2862 4767 3054 4839 πεῖραν
3117 4760 3305 4820 λαϐεῖν
3360 4763 3457 4828 τῆς
3502 4763 3557 4819 ἐν
3587 4767 3665 4836 τῷ
3695 4762 3855 4838 βαθεῖ

2199 4852 2340 4929 γήρᾳ
2388 4851 2664 4929 καρτερίας
2698 4854 2876 4931 ἡμῶν,
2911 4851 3057 4910 οὐδὲν
3088 4853 3152 4908 τὸ
3183 4850 3388 4909 κωλύον
3428 4867 3442 4883 ⁸
3476 4849 3605 4929 εἴσῃ
3632 4851 3735 4929 γὰρ
3767 4849 3853 4906 ἐπὶ

2201 4941 2410 5019 ματαίῳ
2440 4942 2761 5018 πονούμενος
2794 4943 2882 4999 καὶ
2913 4942 3192 5010 ἀνηνύτοις
3230 4941 3546 5024 ἐπιχειρῶν.

2281 5118 2388 5180 ΙΔ’.
2437 5128 2615 5196 Θυμοῠ
2660 5119 2960 5200 πληρωθεὶς
3014 5121 3070 5178 ὲν
3129 5121 3333 5186 τούτοις
3366 5122 3395 5180 ὁ
3424 5119 3682 5189 δικαστὴς
3748 5140 3850 5198 μα-

2200 5232 2386 5290 στιγας
2437 5209 2638 5268 κελεύει
2690 5211 2888 5289 βύρσης
2935 5213 3092 5285 ὠμῆς
3151 5211 3462 5292 ἐνεχθῆναι,
3521 5214 3738 5278 τεθῆναι
3796 5209 3849 5267 δέ

2202 5302 2337 5358 κατὰ
2384 5301 2667 5379 πρόσωπον
2702 5320 2717 5338 ο
2753 5301 2877 5358 εἶτα
2937 5299 3069 5380 πρός
3099 5302 3221 5368 τοὺς
3251 5303 3458 5380 ἁγίους,
3493 5301 3664 5359 Αὐτὸν
3693 5301 3852 5377 ὄμνυ-

2203 5414 2264 5467 μι
2294 5391 2384 5446 τὸν
2414 5390 2608 5469 μέγαν,
2672 5389 2799 5472 ἔφη,
2862 5392 2992 5447 Θεὸν
3035 5393 3121 5449 καὶ
3149 5392 3248 5460 τὴν
3280 5391 3471 5448 εὐκλεᾶ
3511 5411 3690 5470 τυχην
3751 5398 3854 5446 Σα·

2203 5479 2426 5558 πωρίου,
2462 5481 2505 5536 εἰ
2537 5479 2614 5555 μὴ
2647 5483 2723 5554 τῷ
2781 5481 2941 5537 αὐτοϋ
2984 5480 3232 5550 πεισθῆτε
3291 5481 3688 5560 προστάγματι,
3723 5479 3851 5537 τού-

2203 5591 2316 5634 τοις
2351 5570 2495 5646 ὑμῶν
2523 5568 2786 5627 ἀναλώσω
2832 5570 2924 5636 τὰς
2974 5571 3194 5652 σάρκας,
3227 5568 3410 5629 οὐδένα
3442 5575 3625 5628 οἶκτον
3653 5570 3849 5627 ποιού-

2207 5679 2388 5740 μενος.
2456 5660 2515 5718 Εἰ
2560 5657 2614 5718 δὲ
2657 5662 2744 5720 καὶ
2802 5661 2996 5743 τάχιον
3051 5663 3180 5740 ὑμῖν
3238 5661 3459 5743 γένηται
3519 5659 3850 5741 μαστιζομέο
