  <div class='ocr_page' id='page_1' title='image "/cluster/home/n/w/nwhite01/storage/ocr_20150623/116:no.3/coo.31924054870203/430.png"; bbox 0 0 4066 6394; ppageno 0'>
   <div class='ocr_carea' id='block_1_1' title="bbox 250 327 3641 409">
    <p class='ocr_par' dir='ltr' id='par_1_1' title="bbox 250 327 3641 409">
     <span class='ocr_line' id='line_1_1' title="bbox 250 327 3641 409; baseline 0.004 -15"><span class='ocrx_word' id='word_1_1' title='bbox 250 327 371 394; x_wconf 78' lang='grc'><strong>845</strong></span> <span class='ocrx_word' id='word_1_2' title='bbox 1159 330 1578 400; x_wconf 83' lang='lat' dir='ltr'><strong>CERTAMEN</strong></span> <span class='ocrx_word' id='word_1_3' title='bbox 1624 336 1684 399; x_wconf 91' lang='lat' dir='ltr'><strong>S.</strong></span> <span class='ocrx_word' id='word_1_4' title='bbox 1730 333 2128 400; x_wconf 67' lang='lat' dir='ltr'><strong>ACEPSIM/E</strong></span> <span class='ocrx_word' id='word_1_5' title='bbox 2169 337 2268 400; x_wconf 93' lang='lat' dir='ltr'><strong>ET</strong></span> <span class='ocrx_word' id='word_1_6' title='bbox 2313 337 2719 402; x_wconf 85' lang='lat' dir='ltr'><strong>SOCIORUM.</strong></span> <span class='ocrx_word' id='word_1_7' title='bbox 3521 342 3641 409; x_wconf 78' lang='grc'><strong>846</strong></span> 
     </span>
    </p>
   </div>
   <div class='ocr_carea' id='block_1_2' title="bbox 259 469 1865 559">
    <p class='ocr_par' dir='ltr' id='par_1_2' title="bbox 259 469 1865 550">
     <span class='ocr_line' id='line_1_2' title="bbox 259 469 1865 550; baseline 0.004 -27"><span class='ocrx_word' id='word_1_8' title='bbox 259 490 362 533; x_wconf 82' lang='grc' dir='ltr'>νοις</span> <span class='ocrx_word' id='word_1_9' title='bbox 420 469 731 544; x_wconf 74' lang='grc' dir='ltr'><strong>ἀποθανεῖν,</strong></span> <span class='ocrx_word' id='word_1_10' title='bbox 781 469 920 528; x_wconf 77' lang='grc' dir='ltr'>’ἀλλ’</span> <span class='ocrx_word' id='word_1_11' title='bbox 979 471 1087 550; x_wconf 73' lang='grc' dir='ltr'><strong>ἐγὼ</strong></span> <span class='ocrx_word' id='word_1_12' title='bbox 1130 475 1216 530; x_wconf 87' lang='grc' dir='ltr'><strong>καὶ</strong></span> <span class='ocrx_word' id='word_1_13' title='bbox 1263 473 1430 538; x_wconf 76' lang='grc' dir='ltr'>οὕτως</span> <span class='ocrx_word' id='word_1_14' title='bbox 1477 475 1740 548; x_wconf 78' lang='grc' dir='ltr'>αἱκίσομαι</span> <span class='ocrx_word' id='word_1_15' title='bbox 1787 475 1865 530; x_wconf 69' lang='grc' dir='ltr'><strong>τοὶ</strong></span> 
     </span>
    </p>
   </div>
   <div class='ocr_carea' id='block_1_3' title="bbox 2032 469 3638 559">
    <p class='ocr_par' dir='ltr' id='par_1_3' title="bbox 2037 471 3638 559">
     <span class='ocr_line' id='line_1_3' title="bbox 2037 471 3638 559; baseline 0.006 -28"><span class='ocrx_word' id='word_1_16' title='bbox 2037 489 2135 532; x_wconf 91' lang='lat' dir='ltr'><strong>um</strong></span> <span class='ocrx_word' id='word_1_17' title='bbox 2170 471 2371 549; x_wconf 82' lang='lat' dir='ltr'><strong>ﬂagris</strong></span> <span class='ocrx_word' id='word_1_18' title='bbox 2403 471 2728 543; x_wconf 88' lang='lat' dir='ltr'><strong>caedimini,</strong></span> <span class='ocrx_word' id='word_1_19' title='bbox 2765 481 2828 533; x_wconf 90' lang='lat' dir='ltr'><strong>at</strong></span> <span class='ocrx_word' id='word_1_20' title='bbox 2867 491 2976 552; x_wconf 81' lang='lat' dir='ltr'><strong>ego</strong></span> <span class='ocrx_word' id='word_1_21' title='bbox 3010 475 3097 538; x_wconf 89' lang='lat' dir='ltr'><strong>sic</strong></span> <span class='ocrx_word' id='word_1_22' title='bbox 3128 494 3366 558; x_wconf 88' lang='lat' dir='ltr'><strong>quoque</strong></span> <span class='ocrx_word' id='word_1_23' title='bbox 3397 478 3638 559; x_wconf 77' lang='lat' dir='ltr'><strong>pnniam</strong></span> 
     </span>
    </p>
   </div>
   <div class='ocr_carea' id='block_1_4' title="bbox 259 560 1865 647">
    <p class='ocr_par' dir='ltr' id='par_1_4' title="bbox 259 561 1865 643">
     <span class='ocr_line' id='line_1_4' title="bbox 259 561 1865 643; baseline 0.004 -30"><span class='ocrx_word' id='word_1_24' title='bbox 259 562 495 638; x_wconf 78' lang='grc' dir='ltr'>νεκροὺς,</span> <span class='ocrx_word' id='word_1_25' title='bbox 558 562 645 616; x_wconf 86' lang='grc' dir='ltr'><strong>καὶ</strong></span> <span class='ocrx_word' id='word_1_26' title='bbox 714 561 851 618; x_wconf 79' lang='grc' dir='ltr'>κατὰ</span> <span class='ocrx_word' id='word_1_27' title='bbox 909 561 1069 638; x_wconf 86' lang='grc' dir='ltr'>μέλος</span> <span class='ocrx_word' id='word_1_28' title='bbox 1141 562 1404 639; x_wconf 76' lang='grc' dir='ltr'><strong>διατεμὼν</strong></span> <span class='ocrx_word' id='word_1_29' title='bbox 1465 565 1657 643; x_wconf 82' lang='grc' dir='ltr'>ὀρνέοις</span> <span class='ocrx_word' id='word_1_30' title='bbox 1715 586 1770 620; x_wconf 90' lang='grc' dir='ltr'><strong>τε</strong></span> <span class='ocrx_word' id='word_1_31' title='bbox 1828 587 1865 620; x_wconf 63' lang='grc' dir='ltr'><strong>κι</strong></span> 
     </span>
    </p>
   </div>
   <div class='ocr_carea' id='block_1_5' title="bbox 2036 560 3642 647">
    <p class='ocr_par' dir='ltr' id='par_1_5' title="bbox 2036 560 3642 647">
     <span class='ocr_line' id='line_1_5' title="bbox 2036 560 3642 647; baseline 0.006 -27"><span class='ocrx_word' id='word_1_32' title='bbox 2036 560 2084 620; x_wconf 89' lang='lat' dir='ltr'><strong>el</strong></span> <span class='ocrx_word' id='word_1_33' title='bbox 2132 569 2417 640; x_wconf 89' lang='lat' dir='ltr'><strong>mortuos,</strong></span> <span class='ocrx_word' id='word_1_34' title='bbox 2451 569 2508 622; x_wconf 92' lang='lat' dir='ltr'><strong>et</strong></span> <span class='ocrx_word' id='word_1_35' title='bbox 2560 561 2934 626; x_wconf 75' lang='lat' dir='ltr'><strong>membratim</strong></span> <span class='ocrx_word' id='word_1_36' title='bbox 2987 564 3297 642; x_wconf 89' lang='lat' dir='ltr'><strong>dissectos,</strong></span> <span class='ocrx_word' id='word_1_37' title='bbox 3333 567 3642 647; x_wconf 87' lang='lat' dir='ltr'><strong>projiciam</strong></span> 
     </span>
    </p>
   </div>
   <div class='ocr_carea' id='block_1_6' title="bbox 258 643 1864 736">
    <p class='ocr_par' dir='ltr' id='par_1_6' title="bbox 258 643 1863 729">
     <span class='ocr_line' id='line_1_6' title="bbox 258 643 1863 729; baseline 0.005 -25"><span class='ocrx_word' id='word_1_38' title='bbox 258 649 403 704; x_wconf 83' lang='grc' dir='ltr'>κυσὶν</span> <span class='ocrx_word' id='word_1_39' title='bbox 481 646 762 726; x_wconf 77' lang='grc' dir='ltr'>ἐπιῤῥίψω.</span> <span class='ocrx_word' id='word_1_40' title='bbox 831 643 889 708; x_wconf 72' lang='grc'><strong>’0</strong></span> <span class='ocrx_word' id='word_1_41' title='bbox 954 652 1106 729; x_wconf 78' lang='grc' dir='ltr'>ἅγιος</span> <span class='ocrx_word' id='word_1_42' title='bbox 1195 656 1348 710; x_wconf 85' lang='grc' dir='ltr'>εἶπεν</span> <span class='ocrx_word' id='word_1_43' title='bbox 1423 655 1744 729; x_wconf 79' lang='grc' dir='ltr'>Ἀκεψιμᾶς.</span> <span class='ocrx_word' id='word_1_44' title='bbox 1826 663 1863 712; x_wconf 86' lang='grc' dir='ltr'>Ε</span> 
     </span>
    </p>
   </div>
   <div class='ocr_carea' id='block_1_7' title="bbox 2032 643 3638 736">
    <p class='ocr_par' dir='ltr' id='par_1_7' title="bbox 2032 643 3638 736">
     <span class='ocr_line' id='line_1_7' title="bbox 2032 643 3638 736; baseline 0.008 -28"><span class='ocrx_word' id='word_1_45' title='bbox 2032 649 2198 711; x_wconf 91' lang='lat' dir='ltr'><strong>vibus</strong></span> <span class='ocrx_word' id='word_1_46' title='bbox 2215 659 2273 710; x_wconf 93' lang='lat' dir='ltr'><strong>et</strong></span> <span class='ocrx_word' id='word_1_47' title='bbox 2295 649 2564 711; x_wconf 84' lang='lat' dir='ltr'><strong>canibus.</strong></span> <span class='ocrx_word' id='word_1_48' title='bbox 2599 649 2855 712; x_wconf 91' lang='lat' dir='ltr'><strong>Sanctus</strong></span> <span class='ocrx_word' id='word_1_49' title='bbox 2875 660 3076 715; x_wconf 89' lang='lat' dir='ltr'><strong>autem</strong></span> <span class='ocrx_word' id='word_1_50' title='bbox 3098 643 3638 736; x_wconf 77' lang='lat' dir='ltr'><strong>dixitAcepsimas:</strong></span> 
     </span>
    </p>
   </div>
   <div class='ocr_carea' id='block_1_8' title="bbox 255 737 1861 823">
    <p class='ocr_par' dir='ltr' id='par_1_8' title="bbox 255 737 1861 823">
     <span class='ocr_line' id='line_1_8' title="bbox 255 737 1861 823; baseline 0.002 -29"><span class='ocrx_word' id='word_1_51' title='bbox 255 737 453 812; x_wconf 80' lang='grc' dir='ltr'><strong>κτίσμα</strong></span> <span class='ocrx_word' id='word_1_52' title='bbox 512 738 769 813; x_wconf 82' lang='grc' dir='ltr'>ὀμόσαντί</span> <span class='ocrx_word' id='word_1_53' title='bbox 824 762 907 796; x_wconf 91' lang='grc' dir='ltr'><strong>σοι</strong></span> <span class='ocrx_word' id='word_1_54' title='bbox 953 743 1038 798; x_wconf 82' lang='grc' dir='ltr'><strong>καὶ</strong></span> <span class='ocrx_word' id='word_1_55' title='bbox 1095 745 1155 802; x_wconf 78' lang='grc' dir='ltr'>οὐ</span> <span class='ocrx_word' id='word_1_56' title='bbox 1213 744 1366 822; x_wconf 86' lang='grc' dir='ltr'>Θεὸυ,</span> <span class='ocrx_word' id='word_1_57' title='bbox 1419 741 1555 798; x_wconf 81' lang='grc' dir='ltr'>ἀλλὰ</span> <span class='ocrx_word' id='word_1_58' title='bbox 1595 745 1683 799; x_wconf 83' lang='grc' dir='ltr'><strong>καὶ</strong></span> <span class='ocrx_word' id='word_1_59' title='bbox 1736 745 1861 823; x_wconf 73' lang='grc' dir='ltr'>τύχτ</span> 
     </span>
    </p>
   </div>
   <div class='ocr_carea' id='block_1_9' title="bbox 2035 737 3641 823">
    <p class='ocr_par' dir='ltr' id='par_1_9' title="bbox 2035 742 3641 823">
     <span class='ocr_line' id='line_1_9' title="bbox 2035 742 3641 823; baseline 0.004 -24"><span class='ocrx_word' id='word_1_60' title='bbox 2035 742 2142 799; x_wconf 72' lang='lat' dir='ltr'><strong>lum</strong></span> <span class='ocrx_word' id='word_1_61' title='bbox 2198 757 2308 819; x_wconf 91' lang='lat' dir='ltr'><strong>per</strong></span> <span class='ocrx_word' id='word_1_62' title='bbox 2353 751 2638 814; x_wconf 77' lang='lat' dir='ltr'><strong>creatam,</strong></span> <span class='ocrx_word' id='word_1_63' title='bbox 2677 747 2736 801; x_wconf 93' lang='lat' dir='ltr'><strong>et</strong></span> <span class='ocrx_word' id='word_1_64' title='bbox 2785 759 2901 802; x_wconf 91' lang='lat' dir='ltr'><strong>non</strong></span> <span class='ocrx_word' id='word_1_65' title='bbox 2947 759 3054 821; x_wconf 89' lang='lat' dir='ltr'><strong>per</strong></span> <span class='ocrx_word' id='word_1_66' title='bbox 3092 745 3277 806; x_wconf 91' lang='lat' dir='ltr'><strong>Deum</strong></span> <span class='ocrx_word' id='word_1_67' title='bbox 3320 743 3641 823; x_wconf 84' lang='lat' dir='ltr'><strong>juraveris,</strong></span> 
     </span>
    </p>
   </div>
   <div class='ocr_carea' id='block_1_10' title="bbox 259 825 1865 911">
    <p class='ocr_par' dir='ltr' id='par_1_10' title="bbox 259 825 1865 911">
     <span class='ocr_line' id='line_1_10' title="bbox 259 825 1865 911; baseline 0.005 -29"><span class='ocrx_word' id='word_1_68' title='bbox 259 827 561 906; x_wconf 81' lang='grc' dir='ltr'>ἀνθρώπου,</span> <span class='ocrx_word' id='word_1_69' title='bbox 609 825 817 885; x_wconf 85' lang='grc' dir='ltr'>δέδοικα</span> <span class='ocrx_word' id='word_1_70' title='bbox 869 831 1065 906; x_wconf 90' lang='grc' dir='ltr'>μήπως</span> <span class='ocrx_word' id='word_1_71' title='bbox 1127 834 1184 889; x_wconf 75' lang='grc' dir='ltr'>οὗ</span> <span class='ocrx_word' id='word_1_72' title='bbox 1225 831 1451 907; x_wconf 87' lang='grc' dir='ltr'>μελησει</span> <span class='ocrx_word' id='word_1_73' title='bbox 1495 834 1611 911; x_wconf 87' lang='grc' dir='ltr'>περὶ</span> <span class='ocrx_word' id='word_1_74' title='bbox 1652 838 1759 890; x_wconf 82' lang='grc' dir='ltr'>τῶν</span> <span class='ocrx_word' id='word_1_75' title='bbox 1817 835 1865 907; x_wconf 63' lang='grc' dir='ltr'>ὀρ</span> 
     </span>
    </p>
   </div>
   <div class='ocr_carea' id='block_1_11' title="bbox 2041 825 3647 911">
    <p class='ocr_par' dir='ltr' id='par_1_11' title="bbox 2041 826 3647 908">
     <span class='ocr_line' id='line_1_11' title="bbox 2041 826 3647 908; baseline 0.006 -21"><span class='ocrx_word' id='word_1_76' title='bbox 2041 826 2251 888; x_wconf 89' lang='lat' dir='ltr'><strong>tetiam</strong></span> <span class='ocrx_word' id='word_1_77' title='bbox 2287 846 2390 908; x_wconf 91' lang='lat' dir='ltr'><strong>per</strong></span> <span class='ocrx_word' id='word_1_78' title='bbox 2419 827 2716 890; x_wconf 76' lang='lat' dir='ltr'><strong>fortunam</strong></span> <span class='ocrx_word' id='word_1_79' title='bbox 2746 829 3033 907; x_wconf 87' lang='lat' dir='ltr'><strong>hominis;</strong></span> <span class='ocrx_word' id='word_1_80' title='bbox 3063 849 3276 894; x_wconf 90' lang='lat' dir='ltr'><strong>vereor</strong></span> <span class='ocrx_word' id='word_1_81' title='bbox 3306 851 3383 895; x_wconf 87' lang='lat' dir='ltr'><strong>ne</strong></span> <span class='ocrx_word' id='word_1_82' title='bbox 3413 852 3532 895; x_wconf 90' lang='lat' dir='ltr'><strong>non</strong></span> <span class='ocrx_word' id='word_1_83' title='bbox 3565 834 3647 897; x_wconf 79' lang='lat' dir='ltr'><strong>sit:</strong></span> 
     </span>
    </p>
   </div>
   <div class='ocr_carea' id='block_1_12' title="bbox 250 915 1856 1002">
    <p class='ocr_par' dir='ltr' id='par_1_12' title="bbox 250 915 1856 1000">
     <span class='ocr_line' id='line_1_12' title="bbox 250 915 1856 1000; baseline 0 -26"><span class='ocrx_word' id='word_1_84' title='bbox 250 939 382 991; x_wconf 90' lang='grc' dir='ltr'>κων,</span> <span class='ocrx_word' id='word_1_85' title='bbox 441 915 550 972; x_wconf 71' lang='grc' dir='ltr'>οὐδ’</span> <span class='ocrx_word' id='word_1_86' title='bbox 597 916 910 988; x_wconf 78' lang='grc' dir='ltr'>ἆπαράϐατα</span> <span class='ocrx_word' id='word_1_87' title='bbox 970 919 1405 1000; x_wconf 76' lang='grc' dir='ltr'>φυλαχθήσονται</span> <span class='ocrx_word' id='word_1_88' title='bbox 1461 923 1528 978; x_wconf 80' lang='grc' dir='ltr'><strong>τὰ</strong></span> <span class='ocrx_word' id='word_1_89' title='bbox 1582 921 1856 998; x_wconf 78' lang='grc' dir='ltr'>ὀμωμοσμι</span> 
     </span>
    </p>
   </div>
   <div class='ocr_carea' id='block_1_13' title="bbox 2038 915 3644 1002">
    <p class='ocr_par' dir='ltr' id='par_1_13' title="bbox 2041 915 3644 1002">
     <span class='ocr_line' id='line_1_13' title="bbox 2041 915 3644 1002; baseline 0.006 -26"><span class='ocrx_word' id='word_1_90' title='bbox 2041 915 2100 976; x_wconf 89' lang='lat' dir='ltr'><strong>bi</strong></span> <span class='ocrx_word' id='word_1_91' title='bbox 2130 933 2292 977; x_wconf 72' lang='lat' dir='ltr'><strong>curse</strong></span> <span class='ocrx_word' id='word_1_92' title='bbox 2315 917 2835 998; x_wconf 83' lang='lat' dir='ltr'><strong>jusjurandum,et</strong></span> <span class='ocrx_word' id='word_1_93' title='bbox 2864 937 2980 981; x_wconf 90' lang='lat' dir='ltr'><strong>non</strong></span> <span class='ocrx_word' id='word_1_94' title='bbox 3013 937 3217 982; x_wconf 80' lang='lat' dir='ltr'><strong>serves</strong></span> <span class='ocrx_word' id='word_1_95' title='bbox 3246 939 3318 983; x_wconf 85' lang='lat' dir='ltr'><strong>ea</strong></span> <span class='ocrx_word' id='word_1_96' title='bbox 3349 941 3483 1002; x_wconf 68' lang='lat' dir='ltr'><strong>quae</strong></span> <span class='ocrx_word' id='word_1_97' title='bbox 3501 933 3644 985; x_wconf 84' lang='lat' dir='ltr'><strong>sunt</strong></span> 
     </span>
    </p>
   </div>
   <div class='ocr_carea' id='block_1_14' title="bbox 251 1003 1857 1089">
    <p class='ocr_par' dir='ltr' id='par_1_14' title="bbox 251 1003 1857 1089">
     <span class='ocr_line' id='line_1_14' title="bbox 251 1003 1857 1089; baseline 0.004 -29"><span class='ocrx_word' id='word_1_98' title='bbox 251 1029 336 1067; x_wconf 91' lang='grc' dir='ltr'><strong>να,</strong></span> <span class='ocrx_word' id='word_1_99' title='bbox 387 1007 445 1064; x_wconf 82' lang='grc' dir='ltr'><strong>Εἰ</strong></span> <span class='ocrx_word' id='word_1_100' title='bbox 477 1003 523 1060; x_wconf 79' lang='grc' dir='ltr'>δ’</span> <span class='ocrx_word' id='word_1_101' title='bbox 568 1006 822 1086; x_wconf 73' lang='grc' dir='ltr'>ἀσφαλῶς</span> <span class='ocrx_word' id='word_1_102' title='bbox 859 1007 1009 1088; x_wconf 78' lang='grc' dir='ltr'>ἔχεις</span> <span class='ocrx_word' id='word_1_103' title='bbox 1051 1018 1216 1066; x_wconf 83' lang='grc' dir='ltr'>ταῦτα</span> <span class='ocrx_word' id='word_1_104' title='bbox 1258 1013 1351 1066; x_wconf 78' lang='grc' dir='ltr'>καὶ</span> <span class='ocrx_word' id='word_1_105' title='bbox 1405 1009 1652 1089; x_wconf 78' lang='grc' dir='ltr'>βεδαὶως,</span> <span class='ocrx_word' id='word_1_106' title='bbox 1687 1008 1797 1066; x_wconf 79' lang='grc' dir='ltr'>ἰδού</span> <span class='ocrx_word' id='word_1_107' title='bbox 1830 1033 1857 1066; x_wconf 93' lang='grc' dir='ltr'><strong>σ</strong></span> 
     </span>
    </p>
   </div>
   <div class='ocr_carea' id='block_1_15' title="bbox 2034 1003 3640 1089">
    <p class='ocr_par' dir='ltr' id='par_1_15' title="bbox 2059 1004 3640 1083">
     <span class='ocr_line' id='line_1_15' title="bbox 2059 1004 3640 1083; baseline 0.006 -18"><span class='ocrx_word' id='word_1_108' title='bbox 2059 1016 2114 1066; x_wconf 92' lang='lat' dir='ltr'><strong>te</strong></span> <span class='ocrx_word' id='word_1_109' title='bbox 2161 1007 2371 1083; x_wconf 88' lang='lat' dir='ltr'><strong>jurata.</strong></span> <span class='ocrx_word' id='word_1_110' title='bbox 2412 1004 2473 1068; x_wconf 92' lang='lat' dir='ltr'><strong>Si</strong></span> <span class='ocrx_word' id='word_1_111' title='bbox 2503 1015 2699 1068; x_wconf 86' lang='lat' dir='ltr'><strong>autem</strong></span> <span class='ocrx_word' id='word_1_112' title='bbox 2734 1026 2803 1068; x_wconf 92' lang='lat' dir='ltr'><strong>ea</strong></span> <span class='ocrx_word' id='word_1_113' title='bbox 2845 1026 3084 1073; x_wconf 88' lang='lat' dir='ltr'><strong>servare</strong></span> <span class='ocrx_word' id='word_1_114' title='bbox 3117 1011 3360 1072; x_wconf 87' lang='lat' dir='ltr'><strong>omnino</strong></span> <span class='ocrx_word' id='word_1_115' title='bbox 3410 1013 3640 1074; x_wconf 90' lang='lat' dir='ltr'><strong>consti-</strong></span> 
     </span>
    </p>
   </div>
   <div class='ocr_carea' id='block_1_16' title="bbox 246 1094 1852 1178">
    <p class='ocr_par' dir='ltr' id='par_1_16' title="bbox 246 1096 1848 1178">
     <span class='ocr_line' id='line_1_16' title="bbox 246 1096 1848 1178; baseline 0.002 -26"><span class='ocrx_word' id='word_1_116' title='bbox 246 1099 313 1153; x_wconf 72' lang='grc' dir='ltr'><strong>τὰ</strong></span> <span class='ocrx_word' id='word_1_117' title='bbox 368 1097 524 1171; x_wconf 70' lang='grc' dir='ltr'>ἡμῶν</span> <span class='ocrx_word' id='word_1_118' title='bbox 584 1096 832 1176; x_wconf 88' lang='grc' dir='ltr'>σώματα,</span> <span class='ocrx_word' id='word_1_119' title='bbox 867 1100 986 1177; x_wconf 77' lang='grc' dir='ltr'><strong>χρῶ</strong></span> <span class='ocrx_word' id='word_1_120' title='bbox 1031 1100 1165 1158; x_wconf 83' lang='grc' dir='ltr'>κατὰ</span> <span class='ocrx_word' id='word_1_121' title='bbox 1207 1099 1428 1178; x_wconf 82' lang='grc' dir='ltr'>γνώμην</span> <span class='ocrx_word' id='word_1_122' title='bbox 1477 1097 1679 1175; x_wconf 83' lang='grc' dir='ltr'>μηδένα</span> <span class='ocrx_word' id='word_1_123' title='bbox 1727 1103 1848 1156; x_wconf 84' lang='grc' dir='ltr'>οἴκτ</span> 
     </span>
    </p>
   </div>
   <div class='ocr_carea' id='block_1_17' title="bbox 2030 1094 3636 1178">
    <p class='ocr_par' dir='ltr' id='par_1_17' title="bbox 2030 1094 3636 1178">
     <span class='ocr_line' id='line_1_17' title="bbox 2030 1094 3636 1178; baseline 0.007 -25"><span class='ocrx_word' id='word_1_124' title='bbox 2030 1095 2176 1169; x_wconf 82' lang='lat' dir='ltr'><strong>nisti,</strong></span> <span class='ocrx_word' id='word_1_125' title='bbox 2221 1112 2362 1156; x_wconf 89' lang='lat' dir='ltr'><strong>ecce</strong></span> <span class='ocrx_word' id='word_1_126' title='bbox 2395 1094 2500 1156; x_wconf 82' lang='lat' dir='ltr'><strong>tibi</strong></span> <span class='ocrx_word' id='word_1_127' title='bbox 2532 1105 2733 1157; x_wconf 89' lang='lat' dir='ltr'><strong>nostra</strong></span> <span class='ocrx_word' id='word_1_128' title='bbox 2763 1115 3037 1177; x_wconf 88' lang='lat' dir='ltr'><strong>corpora,</strong></span> <span class='ocrx_word' id='word_1_129' title='bbox 3072 1099 3146 1160; x_wconf 91' lang='lat' dir='ltr'><strong>iis</strong></span> <span class='ocrx_word' id='word_1_130' title='bbox 3177 1107 3344 1162; x_wconf 89' lang='lat' dir='ltr'><strong>utere</strong></span> <span class='ocrx_word' id='word_1_131' title='bbox 3375 1109 3437 1162; x_wconf 93' lang='lat' dir='ltr'><strong>ut</strong></span> <span class='ocrx_word' id='word_1_132' title='bbox 3466 1100 3636 1178; x_wconf 88' lang='lat' dir='ltr'><strong>libet,</strong></span> 
     </span>
    </p>
   </div>
   <div class='ocr_carea' id='block_1_18' title="bbox 247 1183 1853 1272">
    <p class='ocr_par' dir='ltr' id='par_1_18' title="bbox 247 1185 1848 1266">
     <span class='ocr_line' id='line_1_18' title="bbox 247 1185 1848 1266; baseline 0.002 -26"><span class='ocrx_word' id='word_1_133' title='bbox 247 1188 430 1260; x_wconf 79' lang='grc' dir='ltr'>ἡμῶν,</span> <span class='ocrx_word' id='word_1_134' title='bbox 476 1187 550 1247; x_wconf 86' lang='grc' dir='ltr'>ὡς</span> <span class='ocrx_word' id='word_1_135' title='bbox 597 1185 752 1261; x_wconf 80' lang='grc' dir='ltr'>ἔφης,</span> <span class='ocrx_word' id='word_1_136' title='bbox 807 1185 945 1255; x_wconf 83' lang='grc' dir='ltr'>μηδὲ</span> <span class='ocrx_word' id='word_1_137' title='bbox 994 1186 1154 1266; x_wconf 81' lang='grc' dir='ltr'>φειδὼ</span> <span class='ocrx_word' id='word_1_138' title='bbox 1206 1189 1546 1264; x_wconf 81' lang='grc' dir='ltr'>ποιούμενος.</span> <span class='ocrx_word' id='word_1_139' title='bbox 1597 1187 1775 1252; x_wconf 75' lang='grc' dir='ltr'>Οὕτως</span> <span class='ocrx_word' id='word_1_140' title='bbox 1827 1211 1848 1244; x_wconf 93' lang='grc' dir='ltr'><strong>ε</strong></span> 
     </span>
    </p>
   </div>
   <div class='ocr_carea' id='block_1_19' title="bbox 2031 1183 3637 1272">
    <p class='ocr_par' dir='ltr' id='par_1_19' title="bbox 2036 1183 3637 1272">
     <span class='ocr_line' id='line_1_19' title="bbox 2036 1183 3637 1272; baseline 0.007 -29"><span class='ocrx_word' id='word_1_141' title='bbox 2036 1183 2154 1244; x_wconf 91' lang='lat' dir='ltr'><strong>ulla</strong></span> <span class='ocrx_word' id='word_1_142' title='bbox 2210 1191 2275 1244; x_wconf 93' lang='lat' dir='ltr'><strong>ut</strong></span> <span class='ocrx_word' id='word_1_143' title='bbox 2321 1184 2492 1259; x_wconf 88' lang='lat' dir='ltr'><strong>dicis,</strong></span> <span class='ocrx_word' id='word_1_144' title='bbox 2549 1186 2736 1247; x_wconf 92' lang='lat' dir='ltr'><strong>nostri</strong></span> <span class='ocrx_word' id='word_1_145' title='bbox 2792 1197 2984 1247; x_wconf 72' lang='lat' dir='ltr'><strong>motus</strong></span> <span class='ocrx_word' id='word_1_146' title='bbox 3035 1188 3471 1272; x_wconf 82' lang='lat' dir='ltr'><strong>misericordia,</strong></span> <span class='ocrx_word' id='word_1_147' title='bbox 3525 1211 3637 1255; x_wconf 89' lang='lat' dir='ltr'><strong>ne-</strong></span> 
     </span>
    </p>
   </div>
   <div class='ocr_carea' id='block_1_20' title="bbox 245 1271 1851 1358">
    <p class='ocr_par' dir='ltr' id='par_1_20' title="bbox 245 1275 1851 1358">
     <span class='ocr_line' id='line_1_20' title="bbox 245 1275 1851 1358; baseline 0 -26"><span class='ocrx_word' id='word_1_148' title='bbox 245 1275 444 1340; x_wconf 86' lang='grc' dir='ltr'>πόντος</span> <span class='ocrx_word' id='word_1_149' title='bbox 497 1277 525 1330; x_wconf 98' lang='lat'><strong>6</strong></span> <span class='ocrx_word' id='word_1_150' title='bbox 569 1278 759 1350; x_wconf 80' lang='grc' dir='ltr'>μιαρὸς</span> <span class='ocrx_word' id='word_1_151' title='bbox 803 1275 1010 1332; x_wconf 85' lang='grc' dir='ltr'>ἐκέλευε</span> <span class='ocrx_word' id='word_1_152' title='bbox 1038 1276 1294 1344; x_wconf 79' lang='grc' dir='ltr'>δικαστὴς</span> <span class='ocrx_word' id='word_1_153' title='bbox 1347 1280 1442 1342; x_wconf 80' lang='grc' dir='ltr'><strong>τὰς</strong></span> <span class='ocrx_word' id='word_1_154' title='bbox 1474 1292 1666 1358; x_wconf 83' lang='grc' dir='ltr'>χεῖρας</span> <span class='ocrx_word' id='word_1_155' title='bbox 1719 1275 1851 1334; x_wconf 71' lang='grc' dir='ltr'>διατι</span> 
     </span>
    </p>
   </div>
   <div class='ocr_carea' id='block_1_21' title="bbox 2026 1271 3632 1358">
    <p class='ocr_par' dir='ltr' id='par_1_21' title="bbox 2033 1271 3632 1356">
     <span class='ocr_line' id='line_1_21' title="bbox 2033 1271 3632 1356; baseline 0.007 -25"><span class='ocrx_word' id='word_1_156' title='bbox 2033 1291 2104 1332; x_wconf 90' lang='lat' dir='ltr'><strong>ue</strong></span> <span class='ocrx_word' id='word_1_157' title='bbox 2155 1271 2326 1333; x_wconf 91' lang='lat' dir='ltr'><strong>nobis</strong></span> <span class='ocrx_word' id='word_1_158' title='bbox 2355 1273 2674 1353; x_wconf 85' lang='lat' dir='ltr'><strong>quidquam</strong></span> <span class='ocrx_word' id='word_1_159' title='bbox 2733 1293 3012 1354; x_wconf 87' lang='lat' dir='ltr'><strong>parcens.</strong></span> <span class='ocrx_word' id='word_1_160' title='bbox 3046 1278 3193 1338; x_wconf 92' lang='lat' dir='ltr'><strong>Cum</strong></span> <span class='ocrx_word' id='word_1_161' title='bbox 3249 1278 3334 1339; x_wconf 90' lang='lat' dir='ltr'><strong>sic</strong></span> <span class='ocrx_word' id='word_1_162' title='bbox 3365 1271 3632 1356; x_wconf 84' lang='lat' dir='ltr'><strong>dixisset,</strong></span> 
     </span>
    </p>
   </div>
   <div class='ocr_carea' id='block_1_22' title="bbox 245 1360 1851 1446">
    <p class='ocr_par' dir='ltr' id='par_1_22' title="bbox 245 1364 1851 1446">
     <span class='ocr_line' id='line_1_22' title="bbox 245 1364 1851 1446; baseline 0 -26"><span class='ocrx_word' id='word_1_163' title='bbox 245 1364 400 1420; x_wconf 83' lang='grc' dir='ltr'>θέντα</span> <span class='ocrx_word' id='word_1_164' title='bbox 460 1364 596 1420; x_wconf 82' lang='grc' dir='ltr'>κατά</span> <span class='ocrx_word' id='word_1_165' title='bbox 647 1386 703 1420; x_wconf 89' lang='grc' dir='ltr'><strong>τε</strong></span> <span class='ocrx_word' id='word_1_166' title='bbox 749 1364 928 1420; x_wconf 82' lang='grc' dir='ltr'>νώτων</span> <span class='ocrx_word' id='word_1_167' title='bbox 998 1368 1082 1422; x_wconf 87' lang='grc' dir='ltr'><strong>καὶ</strong></span> <span class='ocrx_word' id='word_1_168' title='bbox 1141 1365 1370 1445; x_wconf 81' lang='grc' dir='ltr'>στέρνων</span> <span class='ocrx_word' id='word_1_169' title='bbox 1432 1368 1666 1446; x_wconf 75' lang='grc' dir='ltr'><strong>ἰσχυρῶς</strong></span> <span class='ocrx_word' id='word_1_170' title='bbox 1710 1367 1851 1424; x_wconf 82' lang='grc' dir='ltr'>τύπτῖ</span> 
     </span>
    </p>
   </div>
   <div class='ocr_carea' id='block_1_23' title="bbox 2027 1360 3633 1446">
    <p class='ocr_par' dir='ltr' id='par_1_23' title="bbox 2027 1360 3633 1446">
     <span class='ocr_line' id='line_1_23' title="bbox 2027 1360 3633 1446; baseline 0.008 -26"><span class='ocrx_word' id='word_1_171' title='bbox 2027 1360 2163 1421; x_wconf 76' lang='lat' dir='ltr'><strong>issit</strong></span> <span class='ocrx_word' id='word_1_172' title='bbox 2214 1361 2540 1424; x_wconf 83' lang='lat' dir='ltr'><strong>sceleratus</strong></span> <span class='ocrx_word' id='word_1_173' title='bbox 2587 1363 2776 1441; x_wconf 83' lang='lat' dir='ltr'><strong>judex</strong></span> <span class='ocrx_word' id='word_1_174' title='bbox 2830 1384 2990 1438; x_wconf 90' lang='lat' dir='ltr'><strong>eum,</strong></span> <span class='ocrx_word' id='word_1_175' title='bbox 3025 1367 3286 1428; x_wconf 83' lang='lat' dir='ltr'><strong>extensis</strong></span> <span class='ocrx_word' id='word_1_176' title='bbox 3338 1369 3633 1446; x_wconf 88' lang='lat' dir='ltr'><strong>manibus,</strong></span> 
     </span>
    </p>
   </div>
   <div class='ocr_carea' id='block_1_24' title="bbox 237 1450 1843 1535">
    <p class='ocr_par' dir='ltr' id='par_1_24' title="bbox 237 1451 1843 1531">
     <span class='ocr_line' id='line_1_24' title="bbox 237 1451 1843 1531; baseline 0.001 -21"><span class='ocrx_word' id='word_1_177' title='bbox 237 1457 382 1511; x_wconf 86' lang='grc' dir='ltr'>σθαι.</span> <span class='ocrx_word' id='word_1_178' title='bbox 425 1454 513 1517; x_wconf 72' lang='grc' dir='ltr'>Εἰς</span> <span class='ocrx_word' id='word_1_179' title='bbox 544 1459 698 1510; x_wconf 85' lang='grc' dir='ltr'>τοῦτο</span> <span class='ocrx_word' id='word_1_180' title='bbox 743 1451 796 1508; x_wconf 83' lang='grc' dir='ltr'>δὲ</span> <span class='ocrx_word' id='word_1_181' title='bbox 830 1453 1095 1531; x_wconf 72' lang='grc' dir='ltr'>προῆλθον</span> <span class='ocrx_word' id='word_1_182' title='bbox 1153 1455 1435 1529; x_wconf 73' lang='grc' dir='ltr'>ὠμότητος</span> <span class='ocrx_word' id='word_1_183' title='bbox 1466 1459 1512 1512; x_wconf 78' lang='grc' dir='ltr'>οἱ</span> <span class='ocrx_word' id='word_1_184' title='bbox 1567 1455 1843 1520; x_wconf 75' lang='grc' dir='ltr'>παστίξοντ</span> 
     </span>
    </p>
   </div>
   <div class='ocr_carea' id='block_1_25' title="bbox 2031 1450 3637 1535">
    <p class='ocr_par' dir='ltr' id='par_1_25' title="bbox 2031 1450 3637 1535">
     <span class='ocr_line' id='line_1_25' title="bbox 2031 1450 3637 1535; baseline 0.005 -25"><span class='ocrx_word' id='word_1_185' title='bbox 2031 1450 2160 1512; x_wconf 74' lang='lat' dir='ltr'><strong>alde</strong></span> <span class='ocrx_word' id='word_1_186' title='bbox 2212 1450 2514 1512; x_wconf 89' lang='lat' dir='ltr'><strong>verberari</strong></span> <span class='ocrx_word' id='word_1_187' title='bbox 2548 1451 2608 1513; x_wconf 92' lang='lat' dir='ltr'><strong>in</strong></span> <span class='ocrx_word' id='word_1_188' title='bbox 2642 1452 2819 1514; x_wconf 82' lang='lat' dir='ltr'><strong>dorso</strong></span> <span class='ocrx_word' id='word_1_189' title='bbox 2867 1463 2924 1515; x_wconf 89' lang='lat' dir='ltr'><strong>et</strong></span> <span class='ocrx_word' id='word_1_190' title='bbox 2959 1454 3020 1516; x_wconf 90' lang='lat' dir='ltr'><strong>in</strong></span> <span class='ocrx_word' id='word_1_191' title='bbox 3072 1465 3336 1535; x_wconf 89' lang='lat' dir='ltr'><strong>pectore.</strong></span> <span class='ocrx_word' id='word_1_192' title='bbox 3368 1457 3452 1520; x_wconf 88' lang='lat' dir='ltr'><strong>Eo</strong></span> <span class='ocrx_word' id='word_1_193' title='bbox 3500 1477 3637 1520; x_wconf 85' lang='lat' dir='ltr'><strong>vero</strong></span> 
     </span>
    </p>
   </div>
   <div class='ocr_carea' id='block_1_26' title="bbox 233 1539 1839 1623">
    <p class='ocr_par' dir='ltr' id='par_1_26' title="bbox 233 1540 1839 1623">
     <span class='ocr_line' id='line_1_26' title="bbox 233 1540 1839 1623; baseline 0.001 -24"><span class='ocrx_word' id='word_1_194' title='bbox 233 1544 311 1607; x_wconf 81' lang='grc' dir='ltr'>ὣς</span> <span class='ocrx_word' id='word_1_195' title='bbox 359 1540 598 1599; x_wconf 81' lang='grc' dir='ltr'>ἐνδοῦναι</span> <span class='ocrx_word' id='word_1_196' title='bbox 657 1541 786 1616; x_wconf 87' lang='grc' dir='ltr'>μηδ’</span> <span class='ocrx_word' id='word_1_197' title='bbox 832 1543 995 1623; x_wconf 82' lang='grc' dir='ltr'>ὅλως,</span> <span class='ocrx_word' id='word_1_198' title='bbox 1027 1543 1128 1606; x_wconf 77' lang='grc' dir='ltr'>ἕως</span> <span class='ocrx_word' id='word_1_199' title='bbox 1174 1547 1226 1600; x_wconf 79' lang='grc' dir='ltr'>αἱ</span> <span class='ocrx_word' id='word_1_200' title='bbox 1269 1547 1458 1622; x_wconf 83' lang='grc' dir='ltr'>σάρκες</span> <span class='ocrx_word' id='word_1_201' title='bbox 1516 1545 1839 1619; x_wconf 68' lang='grc' dir='ltr'>ἀποσπώμει</span> 
     </span>
    </p>
   </div>
   <div class='ocr_carea' id='block_1_27' title="bbox 2034 1539 3640 1623">
    <p class='ocr_par' dir='ltr' id='par_1_27' title="bbox 2034 1539 3640 1623">
     <span class='ocr_line' id='line_1_27' title="bbox 2034 1539 3640 1623; baseline 0.006 -23"><span class='ocrx_word' id='word_1_202' title='bbox 2034 1539 2361 1602; x_wconf 89' lang='lat' dir='ltr'><strong>rudelitatis</strong></span> <span class='ocrx_word' id='word_1_203' title='bbox 2386 1551 2806 1620; x_wconf 90' lang='lat' dir='ltr'><strong>processerunt</strong></span> <span class='ocrx_word' id='word_1_204' title='bbox 2835 1542 2937 1623; x_wconf 90' lang='lat' dir='ltr'><strong>qui</strong></span> <span class='ocrx_word' id='word_1_205' title='bbox 2973 1544 3370 1622; x_wconf 85' lang='lat' dir='ltr'><strong>ﬂagellabant,</strong></span> <span class='ocrx_word' id='word_1_206' title='bbox 3399 1555 3461 1608; x_wconf 87' lang='lat' dir='ltr'><strong>ut</strong></span> <span class='ocrx_word' id='word_1_207' title='bbox 3491 1547 3640 1608; x_wconf 88' lang='lat' dir='ltr'><strong>nihil</strong></span> 
     </span>
    </p>
   </div>
   <div class='ocr_carea' id='block_1_28' title="bbox 235 1629 1841 1712">
    <p class='ocr_par' dir='ltr' id='par_1_28' title="bbox 235 1629 1807 1712">
     <span class='ocr_line' id='line_1_28' title="bbox 235 1629 1807 1712; baseline 0.003 -24"><span class='ocrx_word' id='word_1_208' title='bbox 235 1641 345 1689; x_wconf 83' lang='grc' dir='ltr'>τῶν</span> <span class='ocrx_word' id='word_1_209' title='bbox 411 1631 612 1688; x_wconf 79' lang='grc' dir='ltr'>ὄστέων</span> <span class='ocrx_word' id='word_1_210' title='bbox 658 1635 732 1697; x_wconf 82' lang='grc' dir='ltr'><strong>εἷς</strong></span> <span class='ocrx_word' id='word_1_211' title='bbox 766 1635 870 1710; x_wconf 86' lang='grc' dir='ltr'><strong>γῆν</strong></span> <span class='ocrx_word' id='word_1_212' title='bbox 912 1635 988 1708; x_wconf 77' lang='grc' dir='ltr'><strong>τῷ</strong></span> <span class='ocrx_word' id='word_1_213' title='bbox 1044 1634 1236 1708; x_wconf 68' lang='grc' dir='ltr'>αἵματι</span> <span class='ocrx_word' id='word_1_214' title='bbox 1297 1633 1699 1712; x_wconf 59' lang='grc' dir='ltr'>συγκατέῤῥεον.</span> <span class='ocrx_word' id='word_1_215' title='bbox 1749 1629 1807 1693; x_wconf 67' lang='grc' dir='ltr'>Ὀ</span> 
     </span>
    </p>
   </div>
   <div class='ocr_carea' id='block_1_29' title="bbox 2034 1629 3640 1712">
    <p class='ocr_par' dir='ltr' id='par_1_29' title="bbox 2034 1629 3640 1706">
     <span class='ocr_line' id='line_1_29' title="bbox 2034 1629 3640 1706; baseline 0.007 -18"><span class='ocrx_word' id='word_1_216' title='bbox 2034 1629 2234 1689; x_wconf 90' lang='lat' dir='ltr'><strong>mnino</strong></span> <span class='ocrx_word' id='word_1_217' title='bbox 2263 1629 2718 1706; x_wconf 89' lang='lat' dir='ltr'><strong>intermiserint,</strong></span> <span class='ocrx_word' id='word_1_218' title='bbox 2747 1631 2939 1692; x_wconf 91' lang='lat' dir='ltr'><strong>donec</strong></span> <span class='ocrx_word' id='word_1_219' title='bbox 2969 1652 3179 1694; x_wconf 91' lang='lat' dir='ltr'><strong>carnes</strong></span> <span class='ocrx_word' id='word_1_220' title='bbox 3200 1637 3416 1698; x_wconf 65' lang='lat' dir='ltr'><strong>avulsa:</strong></span> <span class='ocrx_word' id='word_1_221' title='bbox 3436 1635 3510 1696; x_wconf 87' lang='lat' dir='ltr'><strong>ab</strong></span> <span class='ocrx_word' id='word_1_222' title='bbox 3542 1655 3640 1698; x_wconf 91' lang='lat' dir='ltr'><strong>os-</strong></span> 
     </span>
    </p>
   </div>
   <div class='ocr_carea' id='block_1_30' title="bbox 238 1716 1844 1799">
    <p class='ocr_par' dir='ltr' id='par_1_30' title="bbox 238 1719 1844 1799">
     <span class='ocr_line' id='line_1_30' title="bbox 238 1719 1844 1799; baseline 0.001 -21"><span class='ocrx_word' id='word_1_223' title='bbox 238 1721 404 1798; x_wconf 78' lang='grc' dir='ltr'>κήρυΞ</span> <span class='ocrx_word' id='word_1_224' title='bbox 476 1719 626 1777; x_wconf 83' lang='grc' dir='ltr'>ἐϐόα·</span> <span class='ocrx_word' id='word_1_225' title='bbox 703 1726 947 1789; x_wconf 73' lang='grc' dir='ltr'>Πεισθητι</span> <span class='ocrx_word' id='word_1_226' title='bbox 1004 1730 1081 1797; x_wconf 83' lang='grc' dir='ltr'>τῷ</span> <span class='ocrx_word' id='word_1_227' title='bbox 1137 1731 1231 1780; x_wconf 78' lang='grc' dir='ltr'>τοῦ</span> <span class='ocrx_word' id='word_1_228' title='bbox 1303 1722 1560 1799; x_wconf 82' lang='grc' dir='ltr'>βασιλέως</span> <span class='ocrx_word' id='word_1_229' title='bbox 1618 1723 1844 1798; x_wconf 66' lang='grc' dir='ltr'>θελήμαι</span> 
     </span>
    </p>
   </div>
   <div class='ocr_carea' id='block_1_31' title="bbox 2034 1716 3640 1799">
    <p class='ocr_par' dir='ltr' id='par_1_31' title="bbox 2034 1716 3640 1798">
     <span class='ocr_line' id='line_1_31' title="bbox 2034 1716 3640 1798; baseline 0.01 -22"><span class='ocrx_word' id='word_1_230' title='bbox 2034 1716 2178 1792; x_wconf 30' lang='lat' dir='ltr'><strong>ibus,</strong></span> <span class='ocrx_word' id='word_1_231' title='bbox 2214 1718 2390 1779; x_wconf 90' lang='lat' dir='ltr'><strong>simul</strong></span> <span class='ocrx_word' id='word_1_232' title='bbox 2423 1738 2556 1780; x_wconf 91' lang='lat' dir='ltr'><strong>cum</strong></span> <span class='ocrx_word' id='word_1_233' title='bbox 2587 1720 2876 1798; x_wconf 78' lang='lat' dir='ltr'><strong>sanguine</strong></span> <span class='ocrx_word' id='word_1_234' title='bbox 2907 1723 2966 1783; x_wconf 90' lang='lat' dir='ltr'><strong>in</strong></span> <span class='ocrx_word' id='word_1_235' title='bbox 3025 1733 3250 1784; x_wconf 89' lang='lat' dir='ltr'><strong>terrant</strong></span> <span class='ocrx_word' id='word_1_236' title='bbox 3279 1725 3640 1792; x_wconf 89' lang='lat' dir='ltr'><strong>deﬂuerent.</strong></span> 
     </span>
    </p>
   </div>
   <div class='ocr_carea' id='block_1_32' title="bbox 238 1807 1844 1896">
    <p class='ocr_par' dir='ltr' id='par_1_32' title="bbox 238 1811 1844 1893">
     <span class='ocr_line' id='line_1_32' title="bbox 238 1811 1844 1893; baseline 0.001 -25"><span class='ocrx_word' id='word_1_237' title='bbox 238 1814 330 1868; x_wconf 86' lang='grc' dir='ltr'>καὶ</span> <span class='ocrx_word' id='word_1_238' title='bbox 385 1814 538 1882; x_wconf 76' lang='grc' dir='ltr'>ζῶθι,</span> <span class='ocrx_word' id='word_1_239' title='bbox 600 1815 687 1885; x_wconf 79' lang='grc' dir='ltr'><strong>Τῷ</strong></span> <span class='ocrx_word' id='word_1_240' title='bbox 729 1811 784 1867; x_wconf 80' lang='grc' dir='ltr'>δὲ</span> <span class='ocrx_word' id='word_1_241' title='bbox 844 1819 938 1868; x_wconf 79' lang='grc' dir='ltr'>τοῦ</span> <span class='ocrx_word' id='word_1_242' title='bbox 997 1820 1128 1869; x_wconf 73' lang='grc' dir='ltr'>Θεοό</span> <span class='ocrx_word' id='word_1_243' title='bbox 1171 1813 1418 1893; x_wconf 75' lang='grc' dir='ltr'>ἀρχιερεῖ</span> <span class='ocrx_word' id='word_1_244' title='bbox 1460 1813 1560 1875; x_wconf 81' lang='grc' dir='ltr'>ἕως</span> <span class='ocrx_word' id='word_1_245' title='bbox 1610 1816 1708 1887; x_wconf 88' lang='grc' dir='ltr'>μὲν</span> <span class='ocrx_word' id='word_1_246' title='bbox 1750 1816 1844 1893; x_wconf 51' lang='lat' dir='ltr'><strong>iul</strong></span> 
     </span>
    </p>
   </div>
   <div class='ocr_carea' id='block_1_33' title="bbox 2036 1807 3642 1896">
    <p class='ocr_par' dir='ltr' id='par_1_33' title="bbox 2041 1808 3642 1896">
     <span class='ocr_line' id='line_1_33' title="bbox 2041 1808 3642 1896; baseline 0.005 -29"><span class='ocrx_word' id='word_1_247' title='bbox 2041 1826 2193 1868; x_wconf 73' lang='lat' dir='ltr'><strong>neco</strong></span> <span class='ocrx_word' id='word_1_248' title='bbox 2225 1817 2422 1868; x_wconf 70' lang='lat' dir='ltr'><strong>autem</strong></span> <span class='ocrx_word' id='word_1_249' title='bbox 2457 1808 2786 1870; x_wconf 78' lang='lat' dir='ltr'><strong>clamabat:</strong></span> <span class='ocrx_word' id='word_1_250' title='bbox 2843 1813 2993 1872; x_wconf 84' lang='lat' dir='ltr'><strong>Pare</strong></span> <span class='ocrx_word' id='word_1_251' title='bbox 3027 1814 3184 1892; x_wconf 78' lang='lat' dir='ltr'><strong>regis</strong></span> <span class='ocrx_word' id='word_1_252' title='bbox 3239 1814 3549 1896; x_wconf 83' lang='lat' dir='ltr'><strong>voluntati,</strong></span> <span class='ocrx_word' id='word_1_253' title='bbox 3582 1822 3642 1876; x_wconf 88' lang='lat' dir='ltr'><strong>et</strong></span> 
     </span>
    </p>
   </div>
   <div class='ocr_carea' id='block_1_34' title="bbox 236 1897 1842 1981">
    <p class='ocr_par' dir='ltr' id='par_1_34' title="bbox 236 1899 1842 1979">
     <span class='ocr_line' id='line_1_34' title="bbox 236 1899 1842 1979; baseline 0.001 -21"><span class='ocrx_word' id='word_1_254' title='bbox 236 1907 329 1975; x_wconf 79' lang='grc' dir='ltr'>ἦν,</span> <span class='ocrx_word' id='word_1_255' title='bbox 366 1900 611 1964; x_wconf 71' lang='grc' dir='ltr'>ἂντεϐόα,</span> <span class='ocrx_word' id='word_1_256' title='bbox 671 1899 815 1979; x_wconf 83' lang='grc' dir='ltr'><strong>Ἐγὼ</strong></span> <span class='ocrx_word' id='word_1_257' title='bbox 847 1904 906 1958; x_wconf 80' lang='grc' dir='ltr'>τὸ</span> <span class='ocrx_word' id='word_1_258' title='bbox 941 1912 1034 1960; x_wconf 78' lang='grc' dir='ltr'>τοῦ</span> <span class='ocrx_word' id='word_1_259' title='bbox 1088 1902 1222 1978; x_wconf 74' lang='grc' dir='ltr'><strong>ἐμόῦ</strong></span> <span class='ocrx_word' id='word_1_260' title='bbox 1274 1911 1404 1960; x_wconf 79' lang='grc' dir='ltr'>Θεοῦ</span> <span class='ocrx_word' id='word_1_261' title='bbox 1433 1903 1641 1978; x_wconf 76' lang='grc' dir='ltr'>θέλημα</span> <span class='ocrx_word' id='word_1_262' title='bbox 1701 1904 1842 1978; x_wconf 79' lang='grc' dir='ltr'>μᾶλλ</span> 
     </span>
    </p>
   </div>
   <div class='ocr_carea' id='block_1_35' title="bbox 2031 1897 3637 1981">
    <p class='ocr_par' dir='ltr' id='par_1_35' title="bbox 2031 1897 3637 1981">
     <span class='ocr_line' id='line_1_35' title="bbox 2031 1897 3637 1981; baseline 0.006 -25"><span class='ocrx_word' id='word_1_263' title='bbox 2031 1897 2273 1958; x_wconf 88' lang='lat' dir='ltr'><strong>ive.[)ei</strong></span> <span class='ocrx_word' id='word_1_264' title='bbox 2330 1915 2467 1957; x_wconf 86' lang='lat' dir='ltr'><strong>vero</strong></span> <span class='ocrx_word' id='word_1_265' title='bbox 2525 1901 2812 1978; x_wconf 77' lang='lat' dir='ltr'><strong>pontifex,</strong></span> <span class='ocrx_word' id='word_1_266' title='bbox 2866 1901 3056 1960; x_wconf 86' lang='lat' dir='ltr'><strong>donec</strong></span> <span class='ocrx_word' id='word_1_267' title='bbox 3119 1911 3287 1961; x_wconf 83' lang='lat' dir='ltr'><strong>erant</strong></span> <span class='ocrx_word' id='word_1_268' title='bbox 3345 1903 3401 1964; x_wconf 84' lang='lat' dir='ltr'><strong>ei</strong></span> <span class='ocrx_word' id='word_1_269' title='bbox 3460 1903 3637 1981; x_wconf 91' lang='lat' dir='ltr'><strong>vires,</strong></span> 
     </span>
    </p>
   </div>
   <div class='ocr_carea' id='block_1_36' title="bbox 238 1985 1844 2068">
    <p class='ocr_par' dir='ltr' id='par_1_36' title="bbox 238 1989 1844 2068">
     <span class='ocr_line' id='line_1_36' title="bbox 238 1989 1844 2068; baseline 0.002 -22"><span class='ocrx_word' id='word_1_270' title='bbox 238 1989 385 2064; x_wconf 76' lang='grc' dir='ltr'><strong>αὖτῷ</strong></span> <span class='ocrx_word' id='word_1_271' title='bbox 480 1989 871 2065; x_wconf 85' lang='grc' dir='ltr'>δυναμούμενος</span> <span class='ocrx_word' id='word_1_272' title='bbox 957 1990 1247 2048; x_wconf 84' lang='grc' dir='ltr'>τελειώσω·</span> <span class='ocrx_word' id='word_1_273' title='bbox 1329 1995 1421 2048; x_wconf 76' lang='grc' dir='ltr'>τοῦ</span> <span class='ocrx_word' id='word_1_274' title='bbox 1497 1991 1550 2048; x_wconf 78' lang='grc' dir='ltr'>δὲ</span> <span class='ocrx_word' id='word_1_275' title='bbox 1644 1993 1844 2068; x_wconf 79' lang='grc' dir='ltr'>βασιλέι</span> 
     </span>
    </p>
   </div>
   <div class='ocr_carea' id='block_1_37' title="bbox 2035 1985 3641 2068">
    <p class='ocr_par' dir='ltr' id='par_1_37' title="bbox 2035 1985 3641 2066">
     <span class='ocr_line' id='line_1_37' title="bbox 2035 1985 3641 2066; baseline 0.005 -20"><span class='ocrx_word' id='word_1_276' title='bbox 2035 1994 2198 2046; x_wconf 85' lang='lat' dir='ltr'><strong>ontra</strong></span> <span class='ocrx_word' id='word_1_277' title='bbox 2229 1985 2521 2048; x_wconf 90' lang='lat' dir='ltr'><strong>clamabat</strong></span> <span class='ocrx_word' id='word_1_278' title='bbox 2561 2007 2573 2048; x_wconf 91' lang='lat'>:</span> <span class='ocrx_word' id='word_1_279' title='bbox 2629 1989 2752 2066; x_wconf 82' lang='lat' dir='ltr'><strong>Ego</strong></span> <span class='ocrx_word' id='word_1_280' title='bbox 2784 1987 2892 2048; x_wconf 93' lang='lat' dir='ltr'><strong>Dei</strong></span> <span class='ocrx_word' id='word_1_281' title='bbox 2925 1988 3042 2050; x_wconf 88' lang='lat' dir='ltr'><strong>mei</strong></span> <span class='ocrx_word' id='word_1_282' title='bbox 3079 1990 3467 2066; x_wconf 82' lang='lat' dir='ltr'><strong>voluntatem,</strong></span> <span class='ocrx_word' id='word_1_283' title='bbox 3501 1992 3641 2053; x_wconf 90' lang='lat' dir='ltr'><strong>viri-</strong></span> 
     </span>
    </p>
   </div>
   <div class='ocr_carea' id='block_1_38' title="bbox 234 2073 1840 2161">
    <p class='ocr_par' dir='ltr' id='par_1_38' title="bbox 234 2077 1789 2161">
     <span class='ocr_line' id='line_1_38' title="bbox 234 2077 1789 2161; baseline 0.002 -26"><span class='ocrx_word' id='word_1_284' title='bbox 234 2081 383 2154; x_wconf 80' lang='grc' dir='ltr'>ὑμῶν</span> <span class='ocrx_word' id='word_1_285' title='bbox 413 2077 523 2138; x_wconf 75' lang='grc' dir='ltr'>οὐδ’</span> <span class='ocrx_word' id='word_1_286' title='bbox 580 2077 763 2156; x_wconf 76' lang='grc' dir='ltr'>ἄκροις</span> <span class='ocrx_word' id='word_1_287' title='bbox 821 2081 917 2137; x_wconf 83' lang='grc' dir='ltr'><strong>ὠσὶ</strong></span> <span class='ocrx_word' id='word_1_288' title='bbox 978 2079 1377 2161; x_wconf 68' lang='grc' dir='ltr'>παραδέχομαι,</span> <span class='ocrx_word' id='word_1_289' title='bbox 1419 2083 1574 2139; x_wconf 83' lang='grc' dir='ltr'><strong>Ἐπεῖ</strong></span> <span class='ocrx_word' id='word_1_290' title='bbox 1617 2080 1672 2138; x_wconf 73' lang='grc' dir='ltr'>δὲ</span> <span class='ocrx_word' id='word_1_291' title='bbox 1725 2083 1789 2138; x_wconf 78' lang='grc' dir='ltr'><strong>τὰ</strong></span> 
     </span>
    </p>
   </div>
   <div class='ocr_carea' id='block_1_39' title="bbox 2033 2073 3639 2161">
    <p class='ocr_par' dir='ltr' id='par_1_39' title="bbox 2036 2074 3639 2161">
     <span class='ocr_line' id='line_1_39' title="bbox 2036 2074 3639 2161; baseline 0.006 -27"><span class='ocrx_word' id='word_1_292' title='bbox 2036 2094 2103 2135; x_wconf 89' lang='lat' dir='ltr'><strong>us</strong></span> <span class='ocrx_word' id='word_1_293' title='bbox 2133 2074 2206 2136; x_wconf 91' lang='lat' dir='ltr'><strong>ab</strong></span> <span class='ocrx_word' id='word_1_294' title='bbox 2261 2094 2331 2135; x_wconf 90' lang='lat' dir='ltr'><strong>eo</strong></span> <span class='ocrx_word' id='word_1_295' title='bbox 2364 2077 2649 2155; x_wconf 87' lang='lat' dir='ltr'><strong>acceptis,</strong></span> <span class='ocrx_word' id='word_1_296' title='bbox 2685 2095 2996 2154; x_wconf 87' lang='lat' dir='ltr'><strong>exsequar,</strong></span> <span class='ocrx_word' id='word_1_297' title='bbox 3031 2078 3205 2139; x_wconf 83' lang='lat' dir='ltr'><strong>vestri</strong></span> <span class='ocrx_word' id='word_1_298' title='bbox 3252 2087 3448 2142; x_wconf 88' lang='lat' dir='ltr'><strong>autem</strong></span> <span class='ocrx_word' id='word_1_299' title='bbox 3481 2082 3639 2161; x_wconf 76' lang='lat' dir='ltr'><strong>regis</strong></span> 
     </span>
    </p>
   </div>
   <div class='ocr_carea' id='block_1_40' title="bbox 241 2165 1847 2250">
    <p class='ocr_par' dir='ltr' id='par_1_40' title="bbox 241 2169 1847 2250">
     <span class='ocr_line' id='line_1_40' title="bbox 241 2169 1847 2250; baseline 0.002 -25"><span class='ocrx_word' id='word_1_300' title='bbox 241 2175 340 2237; x_wconf 84' lang='grc' dir='ltr'><strong>τῆς</strong></span> <span class='ocrx_word' id='word_1_301' title='bbox 405 2175 588 2249; x_wconf 75' lang='grc' dir='ltr'>φωνῆς</span> <span class='ocrx_word' id='word_1_302' title='bbox 635 2174 782 2244; x_wconf 79' lang='grc' dir='ltr'><strong>αὖτῷ</strong></span> <span class='ocrx_word' id='word_1_303' title='bbox 840 2169 1175 2250; x_wconf 72' lang='grc' dir='ltr'>διεκόπτετο,</span> <span class='ocrx_word' id='word_1_304' title='bbox 1221 2174 1308 2228; x_wconf 86' lang='grc' dir='ltr'><strong>καὶ</strong></span> <span class='ocrx_word' id='word_1_305' title='bbox 1363 2173 1428 2228; x_wconf 80' lang='grc' dir='ltr'><strong>τὰ</strong></span> <span class='ocrx_word' id='word_1_306' title='bbox 1482 2177 1577 2239; x_wconf 77' lang='grc' dir='ltr'><strong>τῆς</strong></span> <span class='ocrx_word' id='word_1_307' title='bbox 1636 2171 1847 2249; x_wconf 81' lang='grc' dir='ltr'>δυνάμει</span> 
     </span>
    </p>
   </div>
   <div class='ocr_carea' id='block_1_41' title="bbox 2029 2165 3635 2250">
    <p class='ocr_par' dir='ltr' id='par_1_41' title="bbox 2029 2165 3635 2250">
     <span class='ocr_line' id='line_1_41' title="bbox 2029 2165 3635 2250; baseline 0.005 -25"><span class='ocrx_word' id='word_1_308' title='bbox 2029 2165 2354 2225; x_wconf 85' lang='lat' dir='ltr'><strong>oluntatem</strong></span> <span class='ocrx_word' id='word_1_309' title='bbox 2410 2181 2486 2226; x_wconf 90' lang='lat' dir='ltr'><strong>ne</strong></span> <span class='ocrx_word' id='word_1_310' title='bbox 2518 2166 2770 2226; x_wconf 88' lang='lat' dir='ltr'><strong>summis</strong></span> <span class='ocrx_word' id='word_1_311' title='bbox 2802 2167 3045 2247; x_wconf 87' lang='lat' dir='ltr'><strong>quidem</strong></span> <span class='ocrx_word' id='word_1_312' title='bbox 3080 2166 3324 2229; x_wconf 88' lang='lat' dir='ltr'><strong>auribus</strong></span> <span class='ocrx_word' id='word_1_313' title='bbox 3379 2169 3635 2250; x_wconf 91' lang='lat' dir='ltr'><strong>accipio.</strong></span> 
     </span>
    </p>
   </div>
   <div class='ocr_carea' id='block_1_42' title="bbox 242 2253 1848 2339">
    <p class='ocr_par' dir='ltr' id='par_1_42' title="bbox 242 2257 1848 2339">
     <span class='ocr_line' id='line_1_42' title="bbox 242 2257 1848 2339; baseline 0.002 -25"><span class='ocrx_word' id='word_1_314' title='bbox 242 2257 344 2325; x_wconf 72' lang='grc' dir='ltr'>ἤδη</span> <span class='ocrx_word' id='word_1_315' title='bbox 413 2259 550 2315; x_wconf 87' lang='grc' dir='ltr'>κατὰ</span> <span class='ocrx_word' id='word_1_316' title='bbox 607 2260 783 2339; x_wconf 81' lang='grc' dir='ltr'>βραχὺ</span> <span class='ocrx_word' id='word_1_317' title='bbox 841 2258 1096 2335; x_wconf 75' lang='grc' dir='ltr'>διελύετο,</span> <span class='ocrx_word' id='word_1_318' title='bbox 1131 2263 1158 2317; x_wconf 86' lang='grc' dir='ltr'><strong>ὁ</strong></span> <span class='ocrx_word' id='word_1_319' title='bbox 1201 2261 1421 2326; x_wconf 67' lang='grc' dir='ltr'>θάνατός</span> <span class='ocrx_word' id='word_1_320' title='bbox 1475 2282 1530 2318; x_wconf 89' lang='grc' dir='ltr'><strong>τε</strong></span> <span class='ocrx_word' id='word_1_321' title='bbox 1581 2261 1706 2319; x_wconf 78' lang='grc' dir='ltr'>ὅσον</span> <span class='ocrx_word' id='word_1_322' title='bbox 1761 2267 1848 2321; x_wconf 69' lang='grc' dir='ltr'>οὔτι</span> 
     </span>
    </p>
   </div>
   <div class='ocr_carea' id='block_1_43' title="bbox 2033 2253 3639 2339">
    <p class='ocr_par' dir='ltr' id='par_1_43' title="bbox 2033 2255 3639 2339">
     <span class='ocr_line' id='line_1_43' title="bbox 2033 2255 3639 2339; baseline 0.007 -28"><span class='ocrx_word' id='word_1_323' title='bbox 2033 2272 2137 2313; x_wconf 56' lang='lat' dir='ltr'><strong>,um</strong></span> <span class='ocrx_word' id='word_1_324' title='bbox 2202 2263 2395 2314; x_wconf 88' lang='lat' dir='ltr'><strong>autem</strong></span> <span class='ocrx_word' id='word_1_325' title='bbox 2451 2264 2508 2315; x_wconf 91' lang='lat' dir='ltr'><strong>et</strong></span> <span class='ocrx_word' id='word_1_326' title='bbox 2537 2273 2641 2315; x_wconf 87' lang='lat' dir='ltr'><strong>vox</strong></span> <span class='ocrx_word' id='word_1_327' title='bbox 2699 2255 2753 2318; x_wconf 88' lang='lat' dir='ltr'><strong>ei</strong></span> <span class='ocrx_word' id='word_1_328' title='bbox 2782 2256 3346 2339; x_wconf 89' lang='lat' dir='ltr'><strong>interrumperetur,</strong></span> <span class='ocrx_word' id='word_1_329' title='bbox 3381 2267 3438 2320; x_wconf 86' lang='lat' dir='ltr'><strong>et</strong></span> <span class='ocrx_word' id='word_1_330' title='bbox 3485 2259 3639 2323; x_wconf 81' lang='lat' dir='ltr'><strong>vires</strong></span> 
     </span>
    </p>
   </div>
   <div class='ocr_carea' id='block_1_44' title="bbox 241 2343 1847 2430">
    <p class='ocr_par' dir='ltr' id='par_1_44' title="bbox 241 2348 1847 2430">
     <span class='ocr_line' id='line_1_44' title="bbox 241 2348 1847 2430; baseline 0.002 -26"><span class='ocrx_word' id='word_1_331' title='bbox 241 2348 439 2425; x_wconf 86' lang='grc' dir='ltr'>παρῆν,</span> <span class='ocrx_word' id='word_1_332' title='bbox 473 2351 534 2404; x_wconf 87' lang='grc' dir='ltr'>τὸ</span> <span class='ocrx_word' id='word_1_333' title='bbox 577 2349 726 2425; x_wconf 75' lang='grc' dir='ltr'>ὄμμα</span> <span class='ocrx_word' id='word_1_334' title='bbox 785 2352 920 2425; x_wconf 71' lang='grc' dir='ltr'><strong>ἔιψοῦ</strong></span> <span class='ocrx_word' id='word_1_335' title='bbox 964 2349 1170 2430; x_wconf 74' lang='grc' dir='ltr'>διάρας,</span> <span class='ocrx_word' id='word_1_336' title='bbox 1215 2353 1302 2408; x_wconf 90' lang='grc' dir='ltr'>καὶ</span> <span class='ocrx_word' id='word_1_337' title='bbox 1332 2353 1427 2419; x_wconf 78' lang='grc' dir='ltr'>τὴν</span> <span class='ocrx_word' id='word_1_338' title='bbox 1481 2353 1552 2416; x_wconf 88' lang='grc' dir='ltr'><strong>εἰς</strong></span> <span class='ocrx_word' id='word_1_339' title='bbox 1589 2354 1718 2409; x_wconf 83' lang='grc' dir='ltr'>Θεὸν</span> <span class='ocrx_word' id='word_1_340' title='bbox 1767 2355 1847 2428; x_wconf 62' lang='lat' dir='ltr'><strong>opt</strong></span> 
     </span>
    </p>
   </div>
   <div class='ocr_carea' id='block_1_45' title="bbox 2035 2343 3641 2430">
    <p class='ocr_par' dir='ltr' id='par_1_45' title="bbox 2035 2343 3641 2428">
     <span class='ocr_line' id='line_1_45' title="bbox 2035 2343 3641 2428; baseline 0.006 -26"><span class='ocrx_word' id='word_1_341' title='bbox 2035 2362 2106 2402; x_wconf 86' lang='lat' dir='ltr'><strong>nn</strong></span> <span class='ocrx_word' id='word_1_342' title='bbox 2141 2343 2423 2423; x_wconf 86' lang='lat' dir='ltr'><strong>paulatim</strong></span> <span class='ocrx_word' id='word_1_343' title='bbox 2447 2343 2940 2418; x_wconf 87' lang='lat' dir='ltr'><strong>dissolverentur,</strong></span> <span class='ocrx_word' id='word_1_344' title='bbox 2976 2361 3035 2408; x_wconf 92' lang='lat' dir='ltr'><strong>et</strong></span> <span class='ocrx_word' id='word_1_345' title='bbox 3067 2363 3228 2410; x_wconf 86' lang='lat' dir='ltr'><strong>mors</strong></span> <span class='ocrx_word' id='word_1_346' title='bbox 3246 2346 3494 2428; x_wconf 83' lang='lat' dir='ltr'><strong>jamjam</strong></span> <span class='ocrx_word' id='word_1_347' title='bbox 3527 2348 3641 2410; x_wconf 77' lang='lat' dir='ltr'><strong>ad—</strong></span> 
     </span>
    </p>
   </div>
   <div class='ocr_carea' id='block_1_46' title="bbox 244 2433 1850 2520">
    <p class='ocr_par' dir='ltr' id='par_1_46' title="bbox 244 2437 1850 2520">
     <span class='ocr_line' id='line_1_46' title="bbox 244 2437 1850 2520; baseline 0.001 -26"><span class='ocrx_word' id='word_1_348' title='bbox 244 2437 431 2516; x_wconf 85' lang='grc' dir='ltr'>λογίαν</span> <span class='ocrx_word' id='word_1_349' title='bbox 486 2438 570 2494; x_wconf 82' lang='grc' dir='ltr'>διὰ</span> <span class='ocrx_word' id='word_1_350' title='bbox 633 2443 730 2505; x_wconf 80' lang='grc' dir='ltr'><strong>τῆς</strong></span> <span class='ocrx_word' id='word_1_351' title='bbox 795 2441 927 2516; x_wconf 79' lang='grc' dir='ltr'>πρὸς</span> <span class='ocrx_word' id='word_1_352' title='bbox 990 2439 1146 2495; x_wconf 73' lang='grc' dir='ltr'>αὒτὸν</span> <span class='ocrx_word' id='word_1_353' title='bbox 1217 2442 1541 2504; x_wconf 79' lang='grc' dir='ltr'>ὰνανεύσεως</span> <span class='ocrx_word' id='word_1_354' title='bbox 1601 2441 1850 2520; x_wconf 81' lang='grc' dir='ltr'>ἀπαράτρι</span> 
     </span>
    </p>
   </div>
   <div class='ocr_carea' id='block_1_47' title="bbox 2036 2433 3642 2520">
    <p class='ocr_par' dir='ltr' id='par_1_47' title="bbox 2036 2433 3642 2512">
     <span class='ocr_line' id='line_1_47' title="bbox 2036 2433 3642 2512; baseline 0.005 -19"><span class='ocrx_word' id='word_1_355' title='bbox 2036 2443 2173 2512; x_wconf 86' lang='lat' dir='ltr'><strong>sset,</strong></span> <span class='ocrx_word' id='word_1_356' title='bbox 2211 2433 2400 2494; x_wconf 91' lang='lat' dir='ltr'><strong>oculis</strong></span> <span class='ocrx_word' id='word_1_357' title='bbox 2448 2435 2506 2494; x_wconf 91' lang='lat' dir='ltr'><strong>in</strong></span> <span class='ocrx_word' id='word_1_358' title='bbox 2561 2434 2781 2497; x_wconf 70' lang='lat' dir='ltr'><strong>uelum</strong></span> <span class='ocrx_word' id='word_1_359' title='bbox 2833 2434 3103 2512; x_wconf 88' lang='lat' dir='ltr'><strong>sublatis,</strong></span> <span class='ocrx_word' id='word_1_360' title='bbox 3157 2455 3291 2498; x_wconf 90' lang='lat' dir='ltr'><strong>cum</strong></span> <span class='ocrx_word' id='word_1_361' title='bbox 3338 2437 3399 2498; x_wconf 91' lang='lat' dir='ltr'><strong>in</strong></span> <span class='ocrx_word' id='word_1_362' title='bbox 3449 2436 3642 2501; x_wconf 86' lang='lat' dir='ltr'><strong>Deum</strong></span> 
     </span>
    </p>
   </div>
   <div class='ocr_carea' id='block_1_48' title="bbox 242 2521 1848 2608">
    <p class='ocr_par' dir='ltr' id='par_1_48' title="bbox 242 2525 1848 2608">
     <span class='ocr_line' id='line_1_48' title="bbox 242 2525 1848 2608; baseline 0.002 -25"><span class='ocrx_word' id='word_1_363' title='bbox 242 2550 373 2584; x_wconf 89' lang='grc' dir='ltr'>πτον</span> <span class='ocrx_word' id='word_1_364' title='bbox 405 2527 595 2598; x_wconf 82' lang='grc' dir='ltr'>σώζειν</span> <span class='ocrx_word' id='word_1_365' title='bbox 659 2525 1120 2604; x_wconf 81' lang='grc' dir='ltr'>βεϐαιωσάμενος,</span> <span class='ocrx_word' id='word_1_366' title='bbox 1155 2529 1210 2585; x_wconf 84' lang='grc' dir='ltr'><strong>έν</strong></span> <span class='ocrx_word' id='word_1_367' title='bbox 1267 2532 1401 2598; x_wconf 77' lang='grc' dir='ltr'><strong>αὖτῆ</strong></span> <span class='ocrx_word' id='word_1_368' title='bbox 1467 2537 1530 2608; x_wconf 76' lang='grc' dir='ltr'>τῇ</span> <span class='ocrx_word' id='word_1_369' title='bbox 1559 2537 1663 2586; x_wconf 81' lang='grc' dir='ltr'>τῶν</span> <span class='ocrx_word' id='word_1_370' title='bbox 1720 2532 1848 2587; x_wconf 78' lang='grc' dir='ltr'>δεινά</span> 
     </span>
    </p>
   </div>
   <div class='ocr_carea' id='block_1_49' title="bbox 2037 2521 3643 2608">
    <p class='ocr_par' dir='ltr' id='par_1_49' title="bbox 2037 2521 3643 2590">
     <span class='ocr_line' id='line_1_49' title="bbox 2037 2521 3643 2590; baseline 0.005 -8"><span class='ocrx_word' id='word_1_371' title='bbox 2037 2521 2432 2584; x_wconf 75' lang='lat' dir='ltr'><strong>anessionem</strong></span> <span class='ocrx_word' id='word_1_372' title='bbox 2488 2541 2844 2586; x_wconf 80' lang='lat' dir='ltr'><strong>conservare</strong></span> <span class='ocrx_word' id='word_1_373' title='bbox 2898 2525 3129 2588; x_wconf 85' lang='lat' dir='ltr'><strong>ﬁrmam</strong></span> <span class='ocrx_word' id='word_1_374' title='bbox 3163 2533 3223 2588; x_wconf 91' lang='lat' dir='ltr'><strong>et</strong></span> <span class='ocrx_word' id='word_1_375' title='bbox 3271 2525 3643 2590; x_wconf 90' lang='lat' dir='ltr'><strong>immobilem</strong></span> 
     </span>
    </p>
   </div>
   <div class='ocr_carea' id='block_1_50' title="bbox 241 2611 1847 2700">
    <p class='ocr_par' dir='ltr' id='par_1_50' title="bbox 241 2617 1847 2700">
     <span class='ocr_line' id='line_1_50' title="bbox 241 2617 1847 2700; baseline 0.001 -27"><span class='ocrx_word' id='word_1_376' title='bbox 241 2619 488 2696; x_wconf 74' lang='grc' dir='ltr'>καρτερίᾳ</span> <span class='ocrx_word' id='word_1_377' title='bbox 551 2619 650 2684; x_wconf 78' lang='grc' dir='ltr'><strong>τῆν</strong></span> <span class='ocrx_word' id='word_1_378' title='bbox 701 2617 972 2685; x_wconf 79' lang='grc' dir='ltr'>ἀήττητον</span> <span class='ocrx_word' id='word_1_379' title='bbox 1031 2619 1238 2686; x_wconf 82' lang='grc' dir='ltr'>ἐκείνην</span> <span class='ocrx_word' id='word_1_380' title='bbox 1278 2624 1464 2700; x_wconf 72' lang='grc' dir='ltr'>ψυχὴν</span> <span class='ocrx_word' id='word_1_381' title='bbox 1504 2627 1580 2694; x_wconf 84' lang='grc' dir='ltr'>τῷ</span> <span class='ocrx_word' id='word_1_382' title='bbox 1633 2621 1847 2699; x_wconf 65' lang='grc' dir='ltr'>ἀγωνοθι</span> 
     </span>
    </p>
   </div>
   <div class='ocr_carea' id='block_1_51' title="bbox 2040 2611 3646 2700">
    <p class='ocr_par' dir='ltr' id='par_1_51' title="bbox 2040 2611 3646 2695">
     <span class='ocr_line' id='line_1_51' title="bbox 2040 2611 3646 2695; baseline 0.005 -23"><span class='ocrx_word' id='word_1_383' title='bbox 2040 2613 2303 2672; x_wconf 88' lang='lat' dir='ltr'><strong>muendo</strong></span> <span class='ocrx_word' id='word_1_384' title='bbox 2335 2611 2756 2688; x_wconf 85' lang='lat' dir='ltr'><strong>asseverasset,</strong></span> <span class='ocrx_word' id='word_1_385' title='bbox 2791 2615 2853 2674; x_wconf 91' lang='lat' dir='ltr'><strong>in</strong></span> <span class='ocrx_word' id='word_1_386' title='bbox 2883 2613 3014 2694; x_wconf 91' lang='lat' dir='ltr'><strong>ipsa</strong></span> <span class='ocrx_word' id='word_1_387' title='bbox 3052 2633 3250 2677; x_wconf 92' lang='lat' dir='ltr'><strong>rerum</strong></span> <span class='ocrx_word' id='word_1_388' title='bbox 3284 2616 3552 2695; x_wconf 73' lang='lat' dir='ltr'><strong>gravium</strong></span> <span class='ocrx_word' id='word_1_389' title='bbox 3585 2625 3646 2680; x_wconf 89' lang='lat' dir='ltr'><strong>et</strong></span> 
     </span>
    </p>
   </div>
   <div class='ocr_carea' id='block_1_52' title="bbox 240 2701 1846 2787">
    <p class='ocr_par' dir='ltr' id='par_1_52' title="bbox 240 2709 790 2787">
     <span class='ocr_line' id='line_1_52' title="bbox 240 2709 790 2787; baseline 0.004 -24"><span class='ocrx_word' id='word_1_390' title='bbox 240 2729 308 2784; x_wconf 77' lang='grc' dir='ltr'>τῃ</span> <span class='ocrx_word' id='word_1_391' title='bbox 355 2709 474 2783; x_wconf 87' lang='grc' dir='ltr'><strong>Θεῷ</strong></span> <span class='ocrx_word' id='word_1_392' title='bbox 505 2709 790 2787; x_wconf 87' lang='grc' dir='ltr'>παρέθετο.</span> 
     </span>
    </p>
   </div>
   <div class='ocr_carea' id='block_1_53' title="bbox 2043 2701 3649 2787">
    <p class='ocr_par' dir='ltr' id='par_1_53' title="bbox 2052 2701 3649 2777">
     <span class='ocr_line' id='line_1_53' title="bbox 2052 2701 3649 2777; baseline 0.004 -16"><span class='ocrx_word' id='word_1_393' title='bbox 2052 2701 2316 2763; x_wconf 87' lang='lat' dir='ltr'><strong>ﬂicilium</strong></span> <span class='ocrx_word' id='word_1_394' title='bbox 2351 2701 2696 2777; x_wconf 81' lang='lat' dir='ltr'><strong>tolerantia,</strong></span> <span class='ocrx_word' id='word_1_395' title='bbox 2729 2703 3000 2765; x_wconf 87' lang='lat' dir='ltr'><strong>invictam</strong></span> <span class='ocrx_word' id='word_1_396' title='bbox 3035 2703 3200 2767; x_wconf 88' lang='lat' dir='ltr'><strong>illam</strong></span> <span class='ocrx_word' id='word_1_397' title='bbox 3232 2704 3490 2767; x_wconf 76' lang='lat' dir='ltr'><strong>animum</strong></span> <span class='ocrx_word' id='word_1_398' title='bbox 3531 2714 3649 2768; x_wconf 76' lang='lat' dir='ltr'><strong>tru—</strong></span> 
     </span>
    </p>
   </div>
   <div class='ocr_carea' id='block_1_54' title="bbox 1985 2789 2721 2869">
    <p class='ocr_par' dir='ltr' id='par_1_54' title="bbox 1985 2789 2721 2869">
     <span class='ocr_line' id='line_1_54' title="bbox 1985 2789 2721 2869; baseline 0.007 -19"><span class='ocrx_word' id='word_1_399' title='bbox 1985 2789 2137 2851; x_wconf 90' lang='lat' dir='ltr'><strong>didit</strong></span> <span class='ocrx_word' id='word_1_400' title='bbox 2169 2793 2290 2852; x_wconf 92' lang='lat' dir='ltr'><strong>Deo</strong></span> <span class='ocrx_word' id='word_1_401' title='bbox 2325 2791 2721 2869; x_wconf 80' lang='lat' dir='ltr'><strong>agonothetae.</strong></span> 
     </span>
    </p>
   </div>
   <div class='ocr_carea' id='block_1_55' title="bbox 325 2877 1931 2966">
    <p class='ocr_par' dir='ltr' id='par_1_55' title="bbox 325 2884 1905 2966">
     <span class='ocr_line' id='line_1_55' title="bbox 325 2884 1905 2966; baseline 0.002 -23"><span class='ocrx_word' id='word_1_402' title='bbox 325 2885 440 2944; x_wconf 70' lang='lat'><strong>115’.</strong></span> <span class='ocrx_word' id='word_1_403' title='bbox 506 2884 628 2942; x_wconf 82' lang='grc' dir='ltr'>’Έτι</span> <span class='ocrx_word' id='word_1_404' title='bbox 672 2884 726 2941; x_wconf 79' lang='grc' dir='ltr'>δὲ</span> <span class='ocrx_word' id='word_1_405' title='bbox 787 2891 953 2961; x_wconf 83' lang='grc' dir='ltr'>θυμοῦ</span> <span class='ocrx_word' id='word_1_406' title='bbox 996 2888 1246 2950; x_wconf 81' lang='grc' dir='ltr'>πνέοντες</span> <span class='ocrx_word' id='word_1_407' title='bbox 1301 2889 1348 2943; x_wconf 82' lang='grc' dir='ltr'>οἱ</span> <span class='ocrx_word' id='word_1_408' title='bbox 1405 2889 1586 2966; x_wconf 84' lang='grc' dir='ltr'>πικροὶ</span> <span class='ocrx_word' id='word_1_409' title='bbox 1644 2887 1905 2946; x_wconf 83' lang='grc' dir='ltr'>κολασταὶ</span> 
     </span>
    </p>
   </div>
   <div class='ocr_carea' id='block_1_56' title="bbox 2039 2877 3645 2966">
    <p class='ocr_par' dir='ltr' id='par_1_56' title="bbox 2066 2877 3645 2960">
     <span class='ocr_line' id='line_1_56' title="bbox 2066 2877 3645 2960; baseline 0.004 -20"><span class='ocrx_word' id='word_1_410' title='bbox 2066 2877 2190 2942; x_wconf 85' lang='lat' dir='ltr'><strong>XV.</strong></span> <span class='ocrx_word' id='word_1_411' title='bbox 2227 2879 2443 2942; x_wconf 79' lang='lat' dir='ltr'><strong>Adhuc</strong></span> <span class='ocrx_word' id='word_1_412' title='bbox 2469 2889 2666 2941; x_wconf 89' lang='lat' dir='ltr'><strong>autem</strong></span> <span class='ocrx_word' id='word_1_413' title='bbox 2693 2881 2844 2942; x_wconf 87' lang='lat' dir='ltr'><strong>iram</strong></span> <span class='ocrx_word' id='word_1_414' title='bbox 2879 2881 3384 2960; x_wconf 86' lang='lat' dir='ltr'><strong>spirantesacerbi</strong></span> <span class='ocrx_word' id='word_1_415' title='bbox 3409 2883 3645 2946; x_wconf 83' lang='lat' dir='ltr'><strong>illitor-</strong></span> 
     </span>
    </p>
   </div>
   <div class='ocr_carea' id='block_1_57' title="bbox 249 2967 1855 3056">
    <p class='ocr_par' dir='ltr' id='par_1_57' title="bbox 249 2974 1851 3056">
     <span class='ocr_line' id='line_1_57' title="bbox 249 2974 1851 3056; baseline 0.001 -22"><span class='ocrx_word' id='word_1_416' title='bbox 249 2977 336 3034; x_wconf 80' lang='grc' dir='ltr'><strong>καὶ</strong></span> <span class='ocrx_word' id='word_1_417' title='bbox 393 2977 576 3052; x_wconf 76' lang='grc' dir='ltr'>νεκρὸν</span> <span class='ocrx_word' id='word_1_418' title='bbox 635 2974 738 3044; x_wconf 72' lang='grc' dir='ltr'>ἤδη</span> <span class='ocrx_word' id='word_1_419' title='bbox 797 2984 955 3052; x_wconf 80' lang='grc' dir='ltr'>σῶμα</span> <span class='ocrx_word' id='word_1_420' title='bbox 1001 2979 1148 3052; x_wconf 88' lang='grc' dir='ltr'>νόμῳ</span> <span class='ocrx_word' id='word_1_421' title='bbox 1206 2985 1282 3050; x_wconf 83' lang='grc' dir='ltr'>τῷ</span> <span class='ocrx_word' id='word_1_422' title='bbox 1335 2985 1441 3034; x_wconf 84' lang='grc' dir='ltr'>τῶν</span> <span class='ocrx_word' id='word_1_423' title='bbox 1485 2978 1729 3056; x_wconf 69' lang='grc' dir='ltr'>κὸράκων</span> <span class='ocrx_word' id='word_1_424' title='bbox 1781 2980 1851 3056; x_wconf 73' lang='grc' dir='ltr'><strong>ᾐκ</strong></span> 
     </span>
    </p>
   </div>
   <div class='ocr_carea' id='block_1_58' title="bbox 2039 2967 3645 3056">
    <p class='ocr_par' dir='ltr' id='par_1_58' title="bbox 2039 2967 3645 3049">
     <span class='ocr_line' id='line_1_58' title="bbox 2039 2967 3645 3049; baseline 0.004 -21"><span class='ocrx_word' id='word_1_425' title='bbox 2039 2985 2168 3046; x_wconf 63' lang='grc' dir='ltr'>σεε,</span> <span class='ocrx_word' id='word_1_426' title='bbox 2207 2967 2266 3029; x_wconf 90' lang='lat' dir='ltr'><strong>in</strong></span> <span class='ocrx_word' id='word_1_427' title='bbox 2318 2988 2534 3049; x_wconf 88' lang='lat' dir='ltr'><strong>corpus</strong></span> <span class='ocrx_word' id='word_1_428' title='bbox 2570 2969 2691 3048; x_wconf 88' lang='lat' dir='ltr'><strong>jam</strong></span> <span class='ocrx_word' id='word_1_429' title='bbox 2731 2979 3032 3031; x_wconf 85' lang='lat' dir='ltr'><strong>mortuum</strong></span> <span class='ocrx_word' id='word_1_430' title='bbox 3084 2971 3406 3034; x_wconf 72' lang='lat' dir='ltr'><strong>saeviebant</strong></span> <span class='ocrx_word' id='word_1_431' title='bbox 3456 2971 3645 3035; x_wconf 89' lang='lat' dir='ltr'><strong>instar</strong></span> 
     </span>
    </p>
   </div>
   <div class='ocr_carea' id='block_1_59' title="bbox 243 3056 1849 3146">
    <p class='ocr_par' dir='ltr' id='par_1_59' title="bbox 243 3065 1849 3146">
     <span class='ocr_line' id='line_1_59' title="bbox 243 3065 1849 3146; baseline -0.001 -22"><span class='ocrx_word' id='word_1_432' title='bbox 243 3075 420 3139; x_wconf 85' lang='grc' dir='ltr'>ζοντο.</span> <span class='ocrx_word' id='word_1_433' title='bbox 480 3065 615 3122; x_wconf 77' lang='grc' dir='ltr'>Εἶτα</span> <span class='ocrx_word' id='word_1_434' title='bbox 686 3067 986 3134; x_wconf 79' lang='grc' dir='ltr'>ὠθήσαντες</span> <span class='ocrx_word' id='word_1_435' title='bbox 1049 3068 1134 3123; x_wconf 83' lang='grc' dir='ltr'>ἐπὶ</span> <span class='ocrx_word' id='word_1_436' title='bbox 1182 3065 1416 3146; x_wconf 80' lang='grc' dir='ltr'>κεφαλὴν</span> <span class='ocrx_word' id='word_1_437' title='bbox 1469 3069 1556 3124; x_wconf 82' lang='grc' dir='ltr'><strong>καὶ</strong></span> <span class='ocrx_word' id='word_1_438' title='bbox 1600 3069 1736 3124; x_wconf 82' lang='grc' dir='ltr'>κατὰ</span> <span class='ocrx_word' id='word_1_439' title='bbox 1810 3091 1849 3123; x_wconf 61' lang='grc' dir='ltr'><strong>τι</strong></span> 
     </span>
    </p>
   </div>
   <div class='ocr_carea' id='block_1_60' title="bbox 2035 3056 3641 3146">
    <p class='ocr_par' dir='ltr' id='par_1_60' title="bbox 2035 3056 3641 3143">
     <span class='ocr_line' id='line_1_60' title="bbox 2035 3056 3641 3143; baseline 0.004 -25"><span class='ocrx_word' id='word_1_440' title='bbox 2035 3074 2330 3119; x_wconf 70' lang='lat' dir='ltr'><strong>arvorum.</strong></span> <span class='ocrx_word' id='word_1_441' title='bbox 2381 3056 2613 3119; x_wconf 88' lang='lat' dir='ltr'><strong>Deinde</strong></span> <span class='ocrx_word' id='word_1_442' title='bbox 2647 3057 2784 3119; x_wconf 92' lang='lat' dir='ltr'><strong>dum</strong></span> <span class='ocrx_word' id='word_1_443' title='bbox 2842 3059 3205 3138; x_wconf 73' lang='lat' dir='ltr'><strong>praecipitem</strong></span> <span class='ocrx_word' id='word_1_444' title='bbox 3240 3061 3641 3143; x_wconf 87' lang='lat' dir='ltr'><strong>impulissent,</strong></span> 
     </span>
    </p>
   </div>
   <div class='ocr_carea' id='block_1_61' title="bbox 243 3146 1849 3244">
    <p class='ocr_par' dir='ltr' id='par_1_61' title="bbox 243 3154 1849 3236">
     <span class='ocr_line' id='line_1_61' title="bbox 243 3154 1849 3236; baseline -0.004 -21"><span class='ocrx_word' id='word_1_445' title='bbox 243 3157 511 3215; x_wconf 72' lang='grc' dir='ltr'>πλατεῖαν</span> <span class='ocrx_word' id='word_1_446' title='bbox 567 3155 640 3221; x_wconf 79' lang='grc' dir='ltr'>ὥς</span> <span class='ocrx_word' id='word_1_447' title='bbox 669 3177 714 3213; x_wconf 92' lang='grc' dir='ltr'><strong>τι</strong></span> <span class='ocrx_word' id='word_1_448' title='bbox 774 3156 880 3212; x_wconf 79' lang='grc' dir='ltr'><strong>τῶν</strong></span> <span class='ocrx_word' id='word_1_449' title='bbox 923 3154 1170 3234; x_wconf 85' lang='grc' dir='ltr'>βεϐήλων</span> <span class='ocrx_word' id='word_1_450' title='bbox 1211 3158 1257 3214; x_wconf 80' lang='grc' dir='ltr'>οἱ</span> <span class='ocrx_word' id='word_1_451' title='bbox 1288 3159 1468 3236; x_wconf 81' lang='grc' dir='ltr'>μιαροὶ</span> <span class='ocrx_word' id='word_1_452' title='bbox 1511 3157 1756 3234; x_wconf 81' lang='grc' dir='ltr'>ῥίψαντες</span> <span class='ocrx_word' id='word_1_453' title='bbox 1807 3183 1849 3234; x_wconf 62' lang='grc' dir='ltr'><strong>φη</strong></span> 
     </span>
    </p>
   </div>
   <div class='ocr_carea' id='block_1_62' title="bbox 2041 3146 3647 3244">
    <p class='ocr_par' dir='ltr' id='par_1_62' title="bbox 2041 3146 3647 3244">
     <span class='ocr_line' id='line_1_62' title="bbox 2041 3146 3647 3244; baseline 0.005 -38"><span class='ocrx_word' id='word_1_454' title='bbox 2041 3153 2053 3206; x_wconf 89' lang='lat' dir='ltr'><strong>t</strong></span> <span class='ocrx_word' id='word_1_455' title='bbox 2083 3146 2142 3206; x_wconf 92' lang='lat' dir='ltr'><strong>in</strong></span> <span class='ocrx_word' id='word_1_456' title='bbox 2169 3146 2420 3244; x_wconf 76' lang='lat' dir='ltr'><strong>plateam</strong></span> <span class='ocrx_word' id='word_1_457' title='bbox 2459 3155 2733 3244; x_wconf 73' lang='lat' dir='ltr'><strong>tanquam</strong></span> <span class='ocrx_word' id='word_1_458' title='bbox 2768 3148 3080 3244; x_wconf 77' lang='lat' dir='ltr'><strong>profanum</strong></span> <span class='ocrx_word' id='word_1_459' title='bbox 3114 3149 3336 3231; x_wconf 89' lang='lat' dir='ltr'><strong>aliquid</strong></span> <span class='ocrx_word' id='word_1_460' title='bbox 3369 3151 3647 3244; x_wconf 77' lang='lat' dir='ltr'><strong>scelerati</strong></span> 
     </span>
    </p>
   </div>
   <div class='ocr_carea' id='block_1_63' title="bbox 244 3235 1850 3326">
    <p class='ocr_par' dir='ltr' id='par_1_63' title="bbox 244 3235 1850 3326">
     <span class='ocr_line' id='line_1_63' title="bbox 244 3235 1850 3326; baseline 0.001 -24"><span class='ocrx_word' id='word_1_461' title='bbox 244 3245 414 3307; x_wconf 81' lang='grc' dir='ltr'>λακας</span> <span class='ocrx_word' id='word_1_462' title='bbox 469 3243 721 3322; x_wconf 74' lang='grc' dir='ltr'>ἐφιστῶσι</span> <span class='ocrx_word' id='word_1_463' title='bbox 764 3255 858 3304; x_wconf 79' lang='grc' dir='ltr'>τοῦ</span> <span class='ocrx_word' id='word_1_464' title='bbox 906 3244 1043 3322; x_wconf 82' lang='grc' dir='ltr'>μηδὲ</span> <span class='ocrx_word' id='word_1_465' title='bbox 1101 3245 1270 3326; x_wconf 75' lang='grc' dir='ltr'>ταφῆς</span> <span class='ocrx_word' id='word_1_466' title='bbox 1327 3235 1426 3302; x_wconf 80' lang='grc' dir='ltr'>ὑπό</span> <span class='ocrx_word' id='word_1_467' title='bbox 1457 3268 1548 3302; x_wconf 93' lang='grc' dir='ltr'><strong>του</strong></span> <span class='ocrx_word' id='word_1_468' title='bbox 1591 3247 1698 3302; x_wconf 82' lang='grc' dir='ltr'>τῶν</span> <span class='ocrx_word' id='word_1_469' title='bbox 1755 3246 1850 3326; x_wconf 72' lang='grc' dir='ltr'>φιλε</span> 
     </span>
    </p>
   </div>
   <div class='ocr_carea' id='block_1_64' title="bbox 2041 3235 3647 3326">
    <p class='ocr_par' dir='ltr' id='par_1_64' title="bbox 2041 3235 3647 3326">
     <span class='ocr_line' id='line_1_64' title="bbox 2041 3235 3647 3326; baseline 0.003 -30"><span class='ocrx_word' id='word_1_470' title='bbox 2041 3235 2415 3316; x_wconf 86' lang='lat' dir='ltr'><strong>rojecissent;</strong></span> <span class='ocrx_word' id='word_1_471' title='bbox 2448 3236 2734 3298; x_wconf 83' lang='lat' dir='ltr'><strong>adhibent</strong></span> <span class='ocrx_word' id='word_1_472' title='bbox 2765 3237 3065 3326; x_wconf 83' lang='lat' dir='ltr'><strong>custodes,</strong></span> <span class='ocrx_word' id='word_1_473' title='bbox 3088 3247 3148 3300; x_wconf 92' lang='lat' dir='ltr'><strong>ut</strong></span> <span class='ocrx_word' id='word_1_474' title='bbox 3175 3258 3249 3301; x_wconf 92' lang='lat' dir='ltr'><strong>ne</strong></span> <span class='ocrx_word' id='word_1_475' title='bbox 3276 3239 3647 3318; x_wconf 73' lang='lat' dir='ltr'><strong>sepulturam</strong></span> 
     </span>
    </p>
   </div>
   <div class='ocr_carea' id='block_1_65' title="bbox 243 3325 1849 3416">
    <p class='ocr_par' dir='ltr' id='par_1_65' title="bbox 243 3325 1844 3416">
     <span class='ocr_line' id='line_1_65' title="bbox 243 3325 1844 3416; baseline 0.002 -26"><span class='ocrx_word' id='word_1_476' title='bbox 243 3336 484 3416; x_wconf 80' lang='grc' dir='ltr'>χρίστων</span> <span class='ocrx_word' id='word_1_477' title='bbox 540 3330 856 3406; x_wconf 78' lang='grc' dir='ltr'>ἀξιώθῆναι,</span> <span class='ocrx_word' id='word_1_478' title='bbox 919 3325 1193 3410; x_wconf 80' lang='grc' dir='ltr'>δαιμόνων</span> <span class='ocrx_word' id='word_1_479' title='bbox 1241 3333 1590 3414; x_wconf 81' lang='grc' dir='ltr'>ἰσχυρότατον</span> <span class='ocrx_word' id='word_1_480' title='bbox 1649 3325 1777 3400; x_wconf 82' lang='grc' dir='ltr'>δέος</span> <span class='ocrx_word' id='word_1_481' title='bbox 1822 3337 1844 3393; x_wconf 86' lang='grc' dir='ltr'><strong>ἐ</strong></span> 
     </span>
    </p>
   </div>
   <div class='ocr_carea' id='block_1_66' title="bbox 2043 3325 3649 3416">
    <p class='ocr_par' dir='ltr' id='par_1_66' title="bbox 2043 3325 3649 3407">
     <span class='ocr_line' id='line_1_66' title="bbox 2043 3325 3649 3407; baseline 0.003 -20"><span class='ocrx_word' id='word_1_482' title='bbox 2043 3325 2241 3388; x_wconf 89' lang='lat' dir='ltr'><strong>uidem</strong></span> <span class='ocrx_word' id='word_1_483' title='bbox 2301 3337 2772 3407; x_wconf 86' lang='lat' dir='ltr'><strong>consequeretur</strong></span> <span class='ocrx_word' id='word_1_484' title='bbox 2801 3325 2874 3388; x_wconf 91' lang='lat' dir='ltr'><strong>ab</strong></span> <span class='ocrx_word' id='word_1_485' title='bbox 2908 3325 3026 3388; x_wconf 92' lang='lat' dir='ltr'><strong>ullo</strong></span> <span class='ocrx_word' id='word_1_486' title='bbox 3087 3347 3156 3390; x_wconf 78' lang='lat' dir='ltr'><strong>ex</strong></span> <span class='ocrx_word' id='word_1_487' title='bbox 3188 3328 3407 3391; x_wconf 86' lang='lat' dir='ltr'><strong>Christi</strong></span> <span class='ocrx_word' id='word_1_488' title='bbox 3436 3347 3649 3392; x_wconf 85' lang='lat' dir='ltr'><strong>aman-</strong></span> 
     </span>
    </p>
   </div>
   <div class='ocr_carea' id='block_1_67' title="bbox 242 3415 1848 3504">
    <p class='ocr_par' dir='ltr' id='par_1_67' title="bbox 242 3415 1848 3504">
     <span class='ocr_line' id='line_1_67' title="bbox 242 3415 1848 3504; baseline 0 -22"><span class='ocrx_word' id='word_1_489' title='bbox 242 3415 427 3503; x_wconf 77' lang='grc' dir='ltr'>τρίψαι</span> <span class='ocrx_word' id='word_1_490' title='bbox 509 3421 928 3503; x_wconf 74' lang='grc' dir='ltr'>φιλονεικουντες</span> <span class='ocrx_word' id='word_1_491' title='bbox 991 3427 1037 3480; x_wconf 79' lang='grc' dir='ltr'>οἱ</span> <span class='ocrx_word' id='word_1_492' title='bbox 1116 3423 1330 3481; x_wconf 80' lang='grc' dir='ltr'>ἐκείνων</span> <span class='ocrx_word' id='word_1_493' title='bbox 1402 3425 1548 3489; x_wconf 75' lang='grc' dir='ltr'>ὄντες</span> <span class='ocrx_word' id='word_1_494' title='bbox 1606 3429 1848 3504; x_wconf 62' lang='grc' dir='ltr'>θεραπευι</span> 
     </span>
    </p>
   </div>
   <div class='ocr_carea' id='block_1_68' title="bbox 2039 3415 3645 3504">
    <p class='ocr_par' dir='ltr' id='par_1_68' title="bbox 2039 3415 3645 3498">
     <span class='ocr_line' id='line_1_68' title="bbox 2039 3415 3645 3498; baseline 0.002 -22"><span class='ocrx_word' id='word_1_495' title='bbox 2039 3415 2178 3492; x_wconf 89' lang='lat' dir='ltr'><strong>bus,</strong></span> <span class='ocrx_word' id='word_1_496' title='bbox 2215 3415 2535 3478; x_wconf 76' lang='lat' dir='ltr'><strong>maximum</strong></span> <span class='ocrx_word' id='word_1_497' title='bbox 2564 3425 2784 3477; x_wconf 86' lang='lat' dir='ltr'><strong>metum</strong></span> <span class='ocrx_word' id='word_1_498' title='bbox 2809 3415 3145 3478; x_wconf 73' lang='lat' dir='ltr'><strong>daemonum</strong></span> <span class='ocrx_word' id='word_1_499' title='bbox 3171 3417 3474 3498; x_wconf 89' lang='lat' dir='ltr'><strong>depellere</strong></span> <span class='ocrx_word' id='word_1_500' title='bbox 3499 3436 3645 3480; x_wconf 87' lang='lat' dir='ltr'><strong>con-</strong></span> 
     </span>
    </p>
   </div>
   <div class='ocr_carea' id='block_1_69' title="bbox 247 3505 1853 3594">
    <p class='ocr_par' dir='ltr' id='par_1_69' title="bbox 247 3511 1853 3594">
     <span class='ocr_line' id='line_1_69' title="bbox 247 3511 1853 3594; baseline 0.001 -23"><span class='ocrx_word' id='word_1_501' title='bbox 247 3512 664 3592; x_wconf 79' lang='grc' dir='ltr'>προθυμότατοι.</span> <span class='ocrx_word' id='word_1_502' title='bbox 723 3514 869 3590; x_wconf 85' lang='grc' dir='ltr'>Τρισὶ</span> <span class='ocrx_word' id='word_1_503' title='bbox 923 3511 978 3569; x_wconf 80' lang='grc' dir='ltr'>δὲ</span> <span class='ocrx_word' id='word_1_504' title='bbox 1037 3513 1254 3592; x_wconf 74' lang='grc' dir='ltr'>ὕστερον</span> <span class='ocrx_word' id='word_1_505' title='bbox 1297 3513 1520 3592; x_wconf 78' lang='grc' dir='ltr'>ἡμέραις</span> <span class='ocrx_word' id='word_1_506' title='bbox 1572 3515 1680 3571; x_wconf 77' lang='grc' dir='ltr'>τῶν</span> <span class='ocrx_word' id='word_1_507' title='bbox 1740 3514 1853 3594; x_wconf 77' lang='grc' dir='ltr'>φυλς</span> 
     </span>
    </p>
   </div>
   <div class='ocr_carea' id='block_1_70' title="bbox 2045 3505 3651 3594">
    <p class='ocr_par' dir='ltr' id='par_1_70' title="bbox 2045 3505 3651 3589">
     <span class='ocr_line' id='line_1_70' title="bbox 2045 3505 3651 3589; baseline 0.002 -23"><span class='ocrx_word' id='word_1_508' title='bbox 2045 3505 2670 3585; x_wconf 74' lang='grc' dir='ltr'>ιοάθιιῐεε,ῳιὶι’θι”θιέι</span> <span class='ocrx_word' id='word_1_509' title='bbox 2689 3519 2857 3567; x_wconf 89' lang='lat' dir='ltr'><strong>erant</strong></span> <span class='ocrx_word' id='word_1_510' title='bbox 2885 3506 3122 3568; x_wconf 89' lang='lat' dir='ltr'><strong>illorum</strong></span> <span class='ocrx_word' id='word_1_511' title='bbox 3153 3509 3412 3569; x_wconf 87' lang='lat' dir='ltr'><strong>cultores</strong></span> <span class='ocrx_word' id='word_1_512' title='bbox 3443 3525 3651 3589; x_wconf 90' lang='lat' dir='ltr'><strong>prom-</strong></span> 
     </span>
    </p>
   </div>
   <div class='ocr_carea' id='block_1_71' title="bbox 247 3593 1853 3681">
    <p class='ocr_par' dir='ltr' id='par_1_71' title="bbox 247 3593 1851 3681">
     <span class='ocr_line' id='line_1_71' title="bbox 247 3593 1851 3681; baseline -0.001 -20"><span class='ocrx_word' id='word_1_513' title='bbox 247 3627 357 3661; x_wconf 91' lang='grc' dir='ltr'><strong>κων</strong></span> <span class='ocrx_word' id='word_1_514' title='bbox 430 3599 852 3681; x_wconf 79' lang='grc' dir='ltr'>ἀσχολουμένων</span> <span class='ocrx_word' id='word_1_515' title='bbox 912 3604 996 3659; x_wconf 82' lang='grc' dir='ltr'>ἐπὶ</span> <span class='ocrx_word' id='word_1_516' title='bbox 1047 3607 1116 3680; x_wconf 71' lang='grc' dir='ltr'><strong>τῇ</strong></span> <span class='ocrx_word' id='word_1_517' title='bbox 1186 3605 1446 3681; x_wconf 70' lang='grc' dir='ltr'>παρουσίᾳ</span> <span class='ocrx_word' id='word_1_518' title='bbox 1496 3607 1594 3672; x_wconf 85' lang='grc' dir='ltr'><strong>τῆς</strong></span> <span class='ocrx_word' id='word_1_519' title='bbox 1659 3593 1851 3681; x_wconf 84' lang='grc' dir='ltr'>θυγατρ</span> 
     </span>
    </p>
   </div>
   <div class='ocr_carea' id='block_1_72' title="bbox 2047 3593 3653 3681">
    <p class='ocr_par' dir='ltr' id='par_1_72' title="bbox 2047 3593 3653 3677">
     <span class='ocr_line' id='line_1_72' title="bbox 2047 3593 3653 3677; baseline 0.004 -23"><span class='ocrx_word' id='word_1_520' title='bbox 2047 3594 2274 3658; x_wconf 82' lang='lat' dir='ltr'><strong>tissimi.</strong></span> <span class='ocrx_word' id='word_1_521' title='bbox 2312 3593 2530 3656; x_wconf 90' lang='lat' dir='ltr'><strong>Tribus</strong></span> <span class='ocrx_word' id='word_1_522' title='bbox 2575 3605 2772 3657; x_wconf 82' lang='lat' dir='ltr'><strong>autem</strong></span> <span class='ocrx_word' id='word_1_523' title='bbox 2819 3595 3035 3659; x_wconf 86' lang='lat' dir='ltr'><strong>diebus</strong></span> <span class='ocrx_word' id='word_1_524' title='bbox 3093 3605 3297 3677; x_wconf 88' lang='lat' dir='ltr'><strong>postea</strong></span> <span class='ocrx_word' id='word_1_525' title='bbox 3345 3595 3653 3677; x_wconf 75' lang='lat' dir='ltr'><strong>occupatis</strong></span> 
     </span>
    </p>
   </div>
   <div class='ocr_carea' id='block_1_73' title="bbox 245 3683 1851 3770">
    <p class='ocr_par' dir='ltr' id='par_1_73' title="bbox 245 3689 1851 3770">
     <span class='ocr_line' id='line_1_73' title="bbox 245 3689 1851 3770; baseline 0 -22"><span class='ocrx_word' id='word_1_526' title='bbox 245 3703 339 3752; x_wconf 81' lang='grc' dir='ltr'>τοῦ</span> <span class='ocrx_word' id='word_1_527' title='bbox 366 3693 478 3748; x_wconf 80' lang='grc' dir='ltr'><strong>τῶν</strong></span> <span class='ocrx_word' id='word_1_528' title='bbox 511 3689 802 3768; x_wconf 81' lang='grc' dir='ltr'>Ἀρμενίων</span> <span class='ocrx_word' id='word_1_529' title='bbox 834 3693 972 3770; x_wconf 76' lang='grc' dir='ltr'>φημὶ</span> <span class='ocrx_word' id='word_1_530' title='bbox 1021 3691 1310 3768; x_wconf 85' lang='grc' dir='ltr'>βασιλέως,</span> <span class='ocrx_word' id='word_1_531' title='bbox 1349 3691 1461 3758; x_wconf 65' lang='grc' dir='ltr'>ἥτις</span> <span class='ocrx_word' id='word_1_532' title='bbox 1495 3693 1710 3770; x_wconf 81' lang='grc' dir='ltr'>εἰρήνης</span> <span class='ocrx_word' id='word_1_533' title='bbox 1765 3693 1851 3767; x_wconf 70' lang='grc' dir='ltr'><strong>ὅμι</strong></span> 
     </span>
    </p>
   </div>
   <div class='ocr_carea' id='block_1_74' title="bbox 2043 3683 3649 3770">
    <p class='ocr_par' dir='ltr' id='par_1_74' title="bbox 2043 3683 3649 3766">
     <span class='ocr_line' id='line_1_74' title="bbox 2043 3683 3649 3766; baseline 0.002 -22"><span class='ocrx_word' id='word_1_534' title='bbox 2043 3683 2342 3746; x_wconf 84' lang='lat' dir='ltr'><strong>ustodibus</strong></span> <span class='ocrx_word' id='word_1_535' title='bbox 2375 3694 2618 3766; x_wconf 85' lang='lat' dir='ltr'><strong>propter</strong></span> <span class='ocrx_word' id='word_1_536' title='bbox 2639 3686 2958 3746; x_wconf 86' lang='lat' dir='ltr'><strong>adventum</strong></span> <span class='ocrx_word' id='word_1_537' title='bbox 2986 3685 3124 3749; x_wconf 71' lang='lat' dir='ltr'><strong>filiae</strong></span> <span class='ocrx_word' id='word_1_538' title='bbox 3151 3686 3311 3763; x_wconf 83' lang='lat' dir='ltr'><strong>regis</strong></span> <span class='ocrx_word' id='word_1_539' title='bbox 3331 3687 3649 3748; x_wconf 87' lang='lat' dir='ltr'><strong>Armenio-</strong></span> 
     </span>
    </p>
   </div>
   <div class='ocr_carea' id='block_1_75' title="bbox 245 3773 1851 3862">
    <p class='ocr_par' dir='ltr' id='par_1_75' title="bbox 245 3779 1848 3862">
     <span class='ocr_line' id='line_1_75' title="bbox 245 3779 1848 3862; baseline 0.001 -25"><span class='ocrx_word' id='word_1_540' title='bbox 245 3804 336 3862; x_wconf 91' lang='grc' dir='ltr'><strong>ρον</strong></span> <span class='ocrx_word' id='word_1_541' title='bbox 395 3787 472 3854; x_wconf 83' lang='grc' dir='ltr'>τῷ</span> <span class='ocrx_word' id='word_1_542' title='bbox 530 3785 625 3846; x_wconf 85' lang='grc' dir='ltr'><strong>τῆς</strong></span> <span class='ocrx_word' id='word_1_543' title='bbox 694 3779 942 3858; x_wconf 82' lang='grc' dir='ltr'>Περσίδος</span> <span class='ocrx_word' id='word_1_544' title='bbox 988 3783 1108 3838; x_wconf 89' lang='grc' dir='ltr'>τότε</span> <span class='ocrx_word' id='word_1_545' title='bbox 1173 3780 1506 3859; x_wconf 80' lang='grc' dir='ltr'>βασίλεύοντι</span> <span class='ocrx_word' id='word_1_546' title='bbox 1570 3781 1848 3861; x_wconf 85' lang='grc' dir='ltr'>παρεσχέο</span> 
     </span>
    </p>
   </div>
   <div class='ocr_carea' id='block_1_76' title="bbox 2047 3773 3653 3862">
    <p class='ocr_par' dir='ltr' id='par_1_76' title="bbox 2047 3773 3653 3855">
     <span class='ocr_line' id='line_1_76' title="bbox 2047 3773 3653 3855; baseline 0.001 -22"><span class='ocrx_word' id='word_1_547' title='bbox 2047 3793 2158 3847; x_wconf 76' lang='lat' dir='ltr'><strong>im,</strong></span> <span class='ocrx_word' id='word_1_548' title='bbox 2195 3793 2328 3849; x_wconf 69' lang='lat' dir='ltr'><strong>quae</strong></span> <span class='ocrx_word' id='word_1_549' title='bbox 2351 3783 2414 3836; x_wconf 91' lang='lat' dir='ltr'><strong>ut</strong></span> <span class='ocrx_word' id='word_1_550' title='bbox 2446 3785 2603 3836; x_wconf 89' lang='lat' dir='ltr'><strong>esset</strong></span> <span class='ocrx_word' id='word_1_551' title='bbox 2634 3773 2809 3836; x_wconf 87' lang='lat' dir='ltr'><strong>obses</strong></span> <span class='ocrx_word' id='word_1_552' title='bbox 2841 3775 3029 3855; x_wconf 88' lang='lat' dir='ltr'><strong>pacis,</strong></span> <span class='ocrx_word' id='word_1_553' title='bbox 3065 3787 3208 3839; x_wconf 91' lang='lat' dir='ltr'><strong>tunc</strong></span> <span class='ocrx_word' id='word_1_554' title='bbox 3231 3775 3363 3837; x_wconf 89' lang='lat' dir='ltr'><strong>data</strong></span> <span class='ocrx_word' id='word_1_555' title='bbox 3385 3775 3494 3836; x_wconf 82' lang='lat' dir='ltr'><strong>fuit</strong></span> <span class='ocrx_word' id='word_1_556' title='bbox 3523 3773 3653 3854; x_wconf 71' lang='lat' dir='ltr'><strong>regi</strong></span> 
     </span>
    </p>
   </div>
   <div class='ocr_carea' id='block_1_77' title="bbox 246 3863 1852 3949">
    <p class='ocr_par' dir='ltr' id='par_1_77' title="bbox 246 3869 1852 3949">
     <span class='ocr_line' id='line_1_77' title="bbox 246 3869 1852 3949; baseline -0.002 -20"><span class='ocrx_word' id='word_1_557' title='bbox 246 3871 394 3948; x_wconf 76' lang='grc' dir='ltr'>παρὰ</span> <span class='ocrx_word' id='word_1_558' title='bbox 452 3871 780 3947; x_wconf 77' lang='grc' dir='ltr'>Χριστιανῶν</span> <span class='ocrx_word' id='word_1_559' title='bbox 839 3870 1147 3946; x_wconf 81' lang='grc' dir='ltr'>κλέπτεται,</span> <span class='ocrx_word' id='word_1_560' title='bbox 1207 3871 1468 3949; x_wconf 79' lang='grc' dir='ltr'>θησαυρὸς</span> <span class='ocrx_word' id='word_1_561' title='bbox 1540 3869 1703 3935; x_wconf 76' lang='grc' dir='ltr'>ὅντως</span> <span class='ocrx_word' id='word_1_562' title='bbox 1764 3869 1852 3928; x_wconf 72' lang='grc' dir='ltr'><strong>οὐδ</strong></span> 
     </span>
    </p>
   </div>
   <div class='ocr_carea' id='block_1_78' title="bbox 2047 3863 3653 3949">
    <p class='ocr_par' dir='ltr' id='par_1_78' title="bbox 2053 3863 3653 3944">
     <span class='ocr_line' id='line_1_78' title="bbox 2053 3863 3653 3944; baseline 0.001 -22"><span class='ocrx_word' id='word_1_563' title='bbox 2053 3881 2342 3936; x_wconf 89' lang='lat' dir='ltr'><strong>ersarum,</strong></span> <span class='ocrx_word' id='word_1_564' title='bbox 2379 3863 2698 3944; x_wconf 86' lang='lat' dir='ltr'><strong>surripitur</strong></span> <span class='ocrx_word' id='word_1_565' title='bbox 2723 3883 2756 3924; x_wconf 92' lang='lat' dir='ltr'><strong>a</strong></span> <span class='ocrx_word' id='word_1_566' title='bbox 2800 3865 3152 3927; x_wconf 84' lang='lat' dir='ltr'><strong>Christianis</strong></span> <span class='ocrx_word' id='word_1_567' title='bbox 3178 3881 3385 3927; x_wconf 85' lang='lat' dir='ltr'><strong>revera</strong></span> <span class='ocrx_word' id='word_1_568' title='bbox 3417 3863 3653 3925; x_wconf 85' lang='lat' dir='ltr'><strong>thesau-</strong></span> 
     </span>
    </p>
   </div>
   <div class='ocr_carea' id='block_1_79' title="bbox 245 3951 1851 4033">
    <p class='ocr_par' dir='ltr' id='par_1_79' title="bbox 245 3957 818 4033">
     <span class='ocr_line' id='line_1_79' title="bbox 245 3957 818 4033; baseline -0.002 -15"><span class='ocrx_word' id='word_1_569' title='bbox 245 3981 378 4018; x_wconf 90' lang='grc' dir='ltr'>ποτε</span> <span class='ocrx_word' id='word_1_570' title='bbox 415 3957 818 4033; x_wconf 80' lang='grc' dir='ltr'>δαπανώμενος.</span> 
     </span>
    </p>
   </div>
   <div class='ocr_carea' id='block_1_80' title="bbox 1415 3951 3021 4033">
    <p class='ocr_par' dir='ltr' id='par_1_80' title="bbox 1998 3951 3021 4032">
     <span class='ocr_line' id='line_1_80' title="bbox 1998 3951 3021 4032; baseline 0.003 -19"><span class='ocrx_word' id='word_1_571' title='bbox 1998 3970 2122 4026; x_wconf 90' lang='lat' dir='ltr'><strong>rus,</strong></span> <span class='ocrx_word' id='word_1_572' title='bbox 2158 3951 2258 4032; x_wconf 90' lang='lat' dir='ltr'><strong>qui</strong></span> <span class='ocrx_word' id='word_1_573' title='bbox 2293 3971 2591 4032; x_wconf 90' lang='lat' dir='ltr'><strong>nunquam</strong></span> <span class='ocrx_word' id='word_1_574' title='bbox 2627 3953 3021 4016; x_wconf 79' lang='lat' dir='ltr'><strong>consumitur.</strong></span> 
     </span>
    </p>
   </div>
   <div class='ocr_carea' id='block_1_81' title="bbox 333 4037 1939 4126">
    <p class='ocr_par' dir='ltr' id='par_1_81' title="bbox 333 4037 1914 4126">
     <span class='ocr_line' id='line_1_81' title="bbox 333 4037 1914 4126; baseline 0 -20"><span class='ocrx_word' id='word_1_575' title='bbox 333 4037 461 4122; x_wconf 77' lang='grc' dir='ltr'>ις’.</span> <span class='ocrx_word' id='word_1_576' title='bbox 522 4045 699 4111; x_wconf 69' lang='grc' dir='ltr'>Οῧτως</span> <span class='ocrx_word' id='word_1_577' title='bbox 754 4051 842 4105; x_wconf 84' lang='grc' dir='ltr'><strong>οὗν</strong></span> <span class='ocrx_word' id='word_1_578' title='bbox 907 4050 1003 4107; x_wconf 81' lang='grc' dir='ltr'>τοῦ</span> <span class='ocrx_word' id='word_1_579' title='bbox 1060 4049 1316 4126; x_wconf 75' lang='grc' dir='ltr'>μακορίου</span> <span class='ocrx_word' id='word_1_580' title='bbox 1359 4047 1631 4126; x_wconf 64' lang='grc' dir='ltr'>Ἀνεψιμᾶ</span> <span class='ocrx_word' id='word_1_581' title='bbox 1687 4047 1914 4116; x_wconf 86' lang='grc' dir='ltr'>δεκάτην</span> 
     </span>
    </p>
   </div>
   <div class='ocr_carea' id='block_1_82' title="bbox 2050 4037 3656 4126">
    <p class='ocr_par' dir='ltr' id='par_1_82' title="bbox 2077 4038 3656 4124">
     <span class='ocr_line' id='line_1_82' title="bbox 2077 4038 3656 4124; baseline 0.003 -22"><span class='ocrx_word' id='word_1_582' title='bbox 2077 4039 2232 4105; x_wconf 89' lang='lat' dir='ltr'><strong>XVI.</strong></span> <span class='ocrx_word' id='word_1_583' title='bbox 2265 4038 2407 4103; x_wconf 89' lang='lat' dir='ltr'><strong>Cum</strong></span> <span class='ocrx_word' id='word_1_584' title='bbox 2443 4045 2526 4104; x_wconf 92' lang='lat' dir='ltr'><strong>sic</strong></span> <span class='ocrx_word' id='word_1_585' title='bbox 2554 4060 2693 4118; x_wconf 83' lang='lat' dir='ltr'><strong>ergo</strong></span> <span class='ocrx_word' id='word_1_586' title='bbox 2727 4040 2792 4103; x_wconf 89' lang='grc' dir='ltr'><strong>Β.</strong></span> <span class='ocrx_word' id='word_1_587' title='bbox 2821 4042 3176 4124; x_wconf 83' lang='lat' dir='ltr'><strong>Acepsimas</strong></span> <span class='ocrx_word' id='word_1_588' title='bbox 3202 4041 3438 4106; x_wconf 89' lang='lat' dir='ltr'><strong>decimo</strong></span> <span class='ocrx_word' id='word_1_589' title='bbox 3469 4039 3656 4107; x_wconf 86' lang='lat' dir='ltr'><strong>Octo-</strong></span> 
     </span>
    </p>
   </div>
   <div class='ocr_carea' id='block_1_83' title="bbox 253 4129 1859 4219">
    <p class='ocr_par' dir='ltr' id='par_1_83' title="bbox 253 4133 1859 4219">
     <span class='ocr_line' id='line_1_83' title="bbox 253 4133 1859 4219; baseline 0.001 -25"><span class='ocrx_word' id='word_1_590' title='bbox 253 4136 482 4217; x_wconf 73' lang='grc' dir='ltr'>ἄγοντος</span> <span class='ocrx_word' id='word_1_591' title='bbox 517 4142 610 4193; x_wconf 80' lang='grc' dir='ltr'>τοῦ</span> <span class='ocrx_word' id='word_1_592' title='bbox 656 4133 974 4218; x_wconf 81' lang='grc' dir='ltr'>Ὀκτωϐρίου</span> <span class='ocrx_word' id='word_1_593' title='bbox 1033 4137 1223 4216; x_wconf 84' lang='grc' dir='ltr'>τρόπον</span> <span class='ocrx_word' id='word_1_594' title='bbox 1278 4138 1334 4195; x_wconf 87' lang='grc' dir='ltr'>ὃν</span> <span class='ocrx_word' id='word_1_595' title='bbox 1388 4133 1601 4217; x_wconf 70' lang='grc' dir='ltr'>εἴρηται</span> <span class='ocrx_word' id='word_1_596' title='bbox 1632 4141 1694 4196; x_wconf 87' lang='grc' dir='ltr'>τὸ</span> <span class='ocrx_word' id='word_1_597' title='bbox 1748 4139 1859 4219; x_wconf 70' lang='grc' dir='ltr'>πέρι</span> 
     </span>
    </p>
   </div>
   <div class='ocr_carea' id='block_1_84' title="bbox 2052 4129 3658 4219">
    <p class='ocr_par' dir='ltr' id='par_1_84' title="bbox 2052 4130 3658 4212">
     <span class='ocr_line' id='line_1_84' title="bbox 2052 4130 3658 4212; baseline 0.002 -21"><span class='ocrx_word' id='word_1_598' title='bbox 2052 4130 2128 4192; x_wconf 87' lang='lat' dir='ltr'><strong>ris</strong></span> <span class='ocrx_word' id='word_1_599' title='bbox 2154 4149 2223 4192; x_wconf 92' lang='lat' dir='ltr'><strong>eo</strong></span> <span class='ocrx_word' id='word_1_600' title='bbox 2250 4131 2450 4206; x_wconf 88' lang='lat' dir='ltr'><strong>modo,</strong></span> <span class='ocrx_word' id='word_1_601' title='bbox 2479 4151 2594 4212; x_wconf 94' lang='lat' dir='ltr'><strong>quo</strong></span> <span class='ocrx_word' id='word_1_602' title='bbox 2619 4131 2843 4193; x_wconf 91' lang='lat' dir='ltr'><strong>dictum</strong></span> <span class='ocrx_word' id='word_1_603' title='bbox 2871 4142 2980 4205; x_wconf 85' lang='lat' dir='ltr'><strong>est,</strong></span> <span class='ocrx_word' id='word_1_604' title='bbox 3015 4134 3193 4193; x_wconf 83' lang='lat' dir='ltr'><strong>linem</strong></span> <span class='ocrx_word' id='word_1_605' title='bbox 3226 4132 3356 4194; x_wconf 73' lang='lat' dir='ltr'><strong>vitae</strong></span> <span class='ocrx_word' id='word_1_606' title='bbox 3385 4133 3658 4212; x_wconf 82' lang='lat' dir='ltr'><strong>accepis-</strong></span> 
     </span>
    </p>
   </div>
   <div class='ocr_carea' id='block_1_85' title="bbox 251 4223 1857 4305">
    <p class='ocr_par' dir='ltr' id='par_1_85' title="bbox 251 4223 1857 4305">
     <span class='ocr_line' id='line_1_85' title="bbox 251 4223 1857 4305; baseline 0 -21"><span class='ocrx_word' id='word_1_607' title='bbox 251 4229 354 4295; x_wconf 80' lang='grc' dir='ltr'><strong>τῆς</strong></span> <span class='ocrx_word' id='word_1_608' title='bbox 399 4231 542 4298; x_wconf 81' lang='grc' dir='ltr'>ζωῆς</span> <span class='ocrx_word' id='word_1_609' title='bbox 605 4223 911 4302; x_wconf 79' lang='grc' dir='ltr'>δεξαμένου,</span> <span class='ocrx_word' id='word_1_610' title='bbox 961 4229 988 4283; x_wconf 92' lang='lat'><strong>6</strong></span> <span class='ocrx_word' id='word_1_611' title='bbox 1048 4227 1332 4305; x_wconf 82' lang='grc' dir='ltr'>ἱερώτατος</span> <span class='ocrx_word' id='word_1_612' title='bbox 1403 4224 1600 4297; x_wconf 72' lang='grc' dir='ltr'>Ἰωσὴφ</span> <span class='ocrx_word' id='word_1_613' title='bbox 1657 4225 1775 4304; x_wconf 87' lang='grc' dir='ltr'>μετ’</span> <span class='ocrx_word' id='word_1_614' title='bbox 1818 4251 1857 4284; x_wconf 61' lang='grc' dir='ltr'>απ</span> 
     </span>
    </p>
   </div>
   <div class='ocr_carea' id='block_1_86' title="bbox 2050 4223 3656 4305">
    <p class='ocr_par' dir='ltr' id='par_1_86' title="bbox 2050 4225 3656 4297">
     <span class='ocr_line' id='line_1_86' title="bbox 2050 4225 3656 4297; baseline 0.002 -17"><span class='ocrx_word' id='word_1_615' title='bbox 2050 4232 2105 4288; x_wconf 81' lang='lat' dir='ltr'><strong>:t,</strong></span> <span class='ocrx_word' id='word_1_616' title='bbox 2137 4225 2538 4281; x_wconf 83' lang='lat' dir='ltr'><strong>sanctissimus</strong></span> <span class='ocrx_word' id='word_1_617' title='bbox 2573 4225 2779 4296; x_wconf 83' lang='lat' dir='ltr'><strong>Josepli</strong></span> <span class='ocrx_word' id='word_1_618' title='bbox 2814 4234 2942 4297; x_wconf 88' lang='lat' dir='ltr'><strong>post</strong></span> <span class='ocrx_word' id='word_1_619' title='bbox 2973 4240 3103 4282; x_wconf 75' lang='lat' dir='ltr'><strong>cum</strong></span> <span class='ocrx_word' id='word_1_620' title='bbox 3137 4226 3242 4283; x_wconf 78' lang='lat' dir='ltr'><strong>luit</strong></span> <span class='ocrx_word' id='word_1_621' title='bbox 3275 4225 3656 4285; x_wconf 84' lang='lat' dir='ltr'><strong>introductus.</strong></span> 
     </span>
    </p>
   </div>
   <div class='ocr_carea' id='block_1_87' title="bbox 249 4311 1855 4398">
    <p class='ocr_par' dir='ltr' id='par_1_87' title="bbox 249 4314 1855 4398">
     <span class='ocr_line' id='line_1_87' title="bbox 249 4314 1855 4398; baseline 0 -24"><span class='ocrx_word' id='word_1_622' title='bbox 249 4319 347 4374; x_wconf 83' lang='grc' dir='ltr'><strong>τὸν</strong></span> <span class='ocrx_word' id='word_1_623' title='bbox 377 4317 648 4395; x_wconf 77' lang='grc' dir='ltr'>εἰσήγετο,</span> <span class='ocrx_word' id='word_1_624' title='bbox 695 4319 740 4390; x_wconf 81' lang='grc' dir='ltr'>ᾧ</span> <span class='ocrx_word' id='word_1_625' title='bbox 796 4317 1094 4396; x_wconf 83' lang='grc' dir='ltr'>προσσχὼν</span> <span class='ocrx_word' id='word_1_626' title='bbox 1124 4319 1152 4372; x_wconf 88' lang='lat'><strong>6</strong></span> <span class='ocrx_word' id='word_1_627' title='bbox 1195 4314 1426 4392; x_wconf 87' lang='grc' dir='ltr'>βέϐηλος</span> <span class='ocrx_word' id='word_1_628' title='bbox 1456 4315 1734 4398; x_wconf 77' lang='grc' dir='ltr'>δικαστὴς,</span> <span class='ocrx_word' id='word_1_629' title='bbox 1774 4318 1855 4374; x_wconf 68' lang='grc' dir='ltr'>Ἐο</span> 
     </span>
    </p>
   </div>
   <div class='ocr_carea' id='block_1_88' title="bbox 2053 4311 3659 4398">
    <p class='ocr_par' dir='ltr' id='par_1_88' title="bbox 2057 4311 3659 4398">
     <span class='ocr_line' id='line_1_88' title="bbox 2057 4311 3659 4398; baseline -0.001 -27"><span class='ocrx_word' id='word_1_630' title='bbox 2057 4311 2092 4371; x_wconf 90' lang='lat' dir='ltr'><strong>d</strong></span> <span class='ocrx_word' id='word_1_631' title='bbox 2127 4329 2326 4398; x_wconf 87' lang='lat' dir='ltr'><strong>quem</strong></span> <span class='ocrx_word' id='word_1_632' title='bbox 2362 4329 2428 4371; x_wconf 82' lang='lat' dir='ltr'><strong>se</strong></span> <span class='ocrx_word' id='word_1_633' title='bbox 2475 4312 2721 4391; x_wconf 88' lang='lat' dir='ltr'><strong>propius</strong></span> <span class='ocrx_word' id='word_1_634' title='bbox 2751 4312 3075 4372; x_wconf 90' lang='lat' dir='ltr'><strong>admovens</strong></span> <span class='ocrx_word' id='word_1_635' title='bbox 3120 4311 3306 4391; x_wconf 80' lang='lat' dir='ltr'><strong>judex</strong></span> <span class='ocrx_word' id='word_1_636' title='bbox 3340 4311 3659 4392; x_wconf 79' lang='lat' dir='ltr'><strong>profanus:</strong></span> 
     </span>
    </p>
   </div>
   <div class='ocr_carea' id='block_1_89' title="bbox 251 4397 1857 4487">
    <p class='ocr_par' dir='ltr' id='par_1_89' title="bbox 251 4403 1856 4487">
     <span class='ocr_line' id='line_1_89' title="bbox 251 4403 1856 4487; baseline 0.001 -24"><span class='ocrx_word' id='word_1_637' title='bbox 251 4427 447 4487; x_wconf 83' lang='grc' dir='ltr'>ρακας,</span> <span class='ocrx_word' id='word_1_638' title='bbox 483 4406 634 4484; x_wconf 78' lang='grc' dir='ltr'>εἷπε,</span> <span class='ocrx_word' id='word_1_639' title='bbox 679 4403 769 4462; x_wconf 73' lang='grc' dir='ltr'>τὸν</span> <span class='ocrx_word' id='word_1_640' title='bbox 801 4407 1017 4481; x_wconf 78' lang='grc' dir='ltr'>ἑταῖρον</span> <span class='ocrx_word' id='word_1_641' title='bbox 1063 4407 1154 4461; x_wconf 84' lang='grc' dir='ltr'>τὸν</span> <span class='ocrx_word' id='word_1_642' title='bbox 1185 4407 1276 4462; x_wconf 80' lang='grc' dir='ltr'><strong>σὸν</strong></span> <span class='ocrx_word' id='word_1_643' title='bbox 1309 4405 1411 4478; x_wconf 69' lang='grc' dir='ltr'><strong>οἵῳ</strong></span> <span class='ocrx_word' id='word_1_644' title='bbox 1459 4411 1632 4484; x_wconf 83' lang='grc' dir='ltr'>πικρῷ</span> <span class='ocrx_word' id='word_1_645' title='bbox 1659 4406 1798 4463; x_wconf 84' lang='grc' dir='ltr'>τέλει</span> <span class='ocrx_word' id='word_1_646' title='bbox 1829 4431 1856 4466; x_wconf 90' lang='grc' dir='ltr'><strong>τ</strong></span> 
     </span>
    </p>
   </div>
   <div class='ocr_carea' id='block_1_90' title="bbox 2057 4397 3663 4487">
    <p class='ocr_par' dir='ltr' id='par_1_90' title="bbox 2058 4397 3663 4481">
     <span class='ocr_line' id='line_1_90' title="bbox 2058 4397 3663 4481; baseline 0 -22"><span class='ocrx_word' id='word_1_647' title='bbox 2058 4397 2242 4480; x_wconf 83' lang='lat' dir='ltr'><strong>idisti,</strong></span> <span class='ocrx_word' id='word_1_648' title='bbox 2275 4400 2490 4480; x_wconf 88' lang='lat' dir='ltr'><strong>inquit,</strong></span> <span class='ocrx_word' id='word_1_649' title='bbox 2526 4420 2697 4481; x_wconf 91' lang='lat' dir='ltr'><strong>quam</strong></span> <span class='ocrx_word' id='word_1_650' title='bbox 2754 4401 2966 4462; x_wconf 78' lang='lat' dir='ltr'><strong>acerba</strong></span> <span class='ocrx_word' id='word_1_651' title='bbox 3025 4411 3215 4462; x_wconf 90' lang='lat' dir='ltr'><strong>morte</strong></span> <span class='ocrx_word' id='word_1_652' title='bbox 3244 4399 3472 4462; x_wconf 85' lang='lat' dir='ltr'><strong>amicus</strong></span> <span class='ocrx_word' id='word_1_653' title='bbox 3525 4408 3663 4460; x_wconf 88' lang='lat' dir='ltr'><strong>tuus</strong></span> 
     </span>
    </p>
   </div>
   <div class='ocr_carea' id='block_1_91' title="bbox 249 4488 1855 4598">
    <p class='ocr_par' dir='ltr' id='par_1_91' title="bbox 249 4493 1855 4572">
     <span class='ocr_line' id='line_1_91' title="bbox 249 4493 1855 4572; baseline 0.001 -21"><span class='ocrx_word' id='word_1_654' title='bbox 249 4498 349 4568; x_wconf 84' lang='grc' dir='ltr'><strong>ζῆν</strong></span> <span class='ocrx_word' id='word_1_655' title='bbox 411 4493 730 4572; x_wconf 73' lang='grc' dir='ltr'>ἀπηλλάγηο</span> <span class='ocrx_word' id='word_1_656' title='bbox 773 4495 874 4552; x_wconf 74' lang='grc' dir='ltr'><strong>Καὶ</strong></span> <span class='ocrx_word' id='word_1_657' title='bbox 921 4495 983 4551; x_wconf 80' lang='grc' dir='ltr'>σὺ</span> <span class='ocrx_word' id='word_1_658' title='bbox 1035 4495 1230 4569; x_wconf 82' lang='grc' dir='ltr'>τοίνυν,</span> <span class='ocrx_word' id='word_1_659' title='bbox 1265 4495 1309 4550; x_wconf 80' lang='grc' dir='ltr'>εἰ</span> <span class='ocrx_word' id='word_1_660' title='bbox 1361 4497 1438 4571; x_wconf 77' lang='grc' dir='ltr'>μὴ</span> <span class='ocrx_word' id='word_1_661' title='bbox 1468 4509 1584 4560; x_wconf 81' lang='grc' dir='ltr'>τοῖς</span> <span class='ocrx_word' id='word_1_662' title='bbox 1630 4496 1786 4570; x_wconf 79' lang='grc' dir='ltr'>ἐμοῖς</span> <span class='ocrx_word' id='word_1_663' title='bbox 1819 4495 1855 4552; x_wconf 61' lang='grc' dir='ltr'><strong>λι</strong></span> 
     </span>
    </p>
   </div>
   <div class='ocr_carea' id='block_1_92' title="bbox 2055 4488 3661 4598">
    <p class='ocr_par' dir='ltr' id='par_1_92' title="bbox 2055 4488 3661 4591">
     <span class='ocr_line' id='line_1_92' title="bbox 2055 4488 3661 4591; baseline 0 -42"><span class='ocrx_word' id='word_1_664' title='bbox 2055 4488 2113 4549; x_wconf 80' lang='grc' dir='ltr'>ιὶι</span> <span class='ocrx_word' id='word_1_665' title='bbox 2159 4489 2278 4550; x_wconf 89' lang='lat' dir='ltr'><strong>vita</strong></span> <span class='ocrx_word' id='word_1_666' title='bbox 2310 4491 2595 4570; x_wconf 88' lang='lat' dir='ltr'><strong>privatus,</strong></span> <span class='ocrx_word' id='word_1_667' title='bbox 2629 4499 2686 4551; x_wconf 90' lang='lat' dir='ltr'><strong>et</strong></span> <span class='ocrx_word' id='word_1_668' title='bbox 2742 4498 2802 4551; x_wconf 90' lang='lat' dir='ltr'><strong>tu</strong></span> <span class='ocrx_word' id='word_1_669' title='bbox 2836 4509 2994 4552; x_wconf 79' lang='lat' dir='ltr'><strong>nunc</strong></span> <span class='ocrx_word' id='word_1_670' title='bbox 3047 4508 3310 4571; x_wconf 89' lang='lat' dir='ltr'><strong>quoque,</strong></span> <span class='ocrx_word' id='word_1_671' title='bbox 3347 4490 3460 4552; x_wconf 90' lang='lat' dir='ltr'><strong>nisi</strong></span> <span class='ocrx_word' id='word_1_672' title='bbox 3509 4489 3661 4591; x_wconf 77' lang='lat' dir='ltr'><strong>meis</strong></span> 
     </span>
    </p>
   </div>
   <div class='ocr_carea' id='block_1_93' title="bbox 250 4578 1856 4664">
    <p class='ocr_par' dir='ltr' id='par_1_93' title="bbox 250 4581 1856 4664">
     <span class='ocr_line' id='line_1_93' title="bbox 250 4581 1856 4664; baseline 0 -22"><span class='ocrx_word' id='word_1_673' title='bbox 250 4609 371 4664; x_wconf 86' lang='grc' dir='ltr'>γοις</span> <span class='ocrx_word' id='word_1_674' title='bbox 418 4587 672 4660; x_wconf 88' lang='grc' dir='ltr'>πεισθῷς,</span> <span class='ocrx_word' id='word_1_675' title='bbox 710 4597 833 4648; x_wconf 78' lang='grc' dir='ltr'>ταῖς</span> <span class='ocrx_word' id='word_1_676' title='bbox 895 4585 1100 4659; x_wconf 80' lang='grc' dir='ltr'>ὁμοὶαις</span> <span class='ocrx_word' id='word_1_677' title='bbox 1152 4581 1465 4652; x_wconf 81' lang='grc' dir='ltr'>ὑποϐληθεὶς</span> <span class='ocrx_word' id='word_1_678' title='bbox 1517 4584 1770 4643; x_wconf 79' lang='grc' dir='ltr'>κολάσεσι</span> <span class='ocrx_word' id='word_1_679' title='bbox 1832 4608 1856 4642; x_wconf 89' lang='grc' dir='ltr'><strong>τ</strong></span> 
     </span>
    </p>
   </div>
   <div class='ocr_carea' id='block_1_94' title="bbox 2053 4578 3659 4664">
    <p class='ocr_par' dir='ltr' id='par_1_94' title="bbox 2053 4578 3659 4660">
     <span class='ocr_line' id='line_1_94' title="bbox 2053 4578 3659 4660; baseline 0 -21"><span class='ocrx_word' id='word_1_680' title='bbox 2053 4578 2250 4640; x_wconf 81' lang='lat' dir='ltr'><strong>ionitis</strong></span> <span class='ocrx_word' id='word_1_681' title='bbox 2312 4597 2542 4659; x_wconf 86' lang='lat' dir='ltr'><strong>pareas,</strong></span> <span class='ocrx_word' id='word_1_682' title='bbox 2603 4580 2904 4640; x_wconf 85' lang='lat' dir='ltr'><strong>similibus</strong></span> <span class='ocrx_word' id='word_1_683' title='bbox 2963 4580 3272 4659; x_wconf 87' lang='lat' dir='ltr'><strong>subjectus</strong></span> <span class='ocrx_word' id='word_1_684' title='bbox 3325 4578 3659 4660; x_wconf 78' lang='lat' dir='ltr'><strong>suppliciis,</strong></span> 
     </span>
    </p>
   </div>
   <div class='ocr_carea' id='block_1_95' title="bbox 253 4664 1859 4750">
    <p class='ocr_par' dir='ltr' id='par_1_95' title="bbox 253 4664 1859 4750">
     <span class='ocr_line' id='line_1_95' title="bbox 253 4664 1859 4750; baseline -0.001 -17"><span class='ocrx_word' id='word_1_685' title='bbox 253 4677 416 4733; x_wconf 79' lang='grc' dir='ltr'>αὐτὸν</span> <span class='ocrx_word' id='word_1_686' title='bbox 494 4673 678 4749; x_wconf 73' lang='grc' dir='ltr'>ἐκείνῳ</span> <span class='ocrx_word' id='word_1_687' title='bbox 748 4675 971 4732; x_wconf 82' lang='grc' dir='ltr'>θάνατον</span> <span class='ocrx_word' id='word_1_688' title='bbox 1041 4675 1344 4750; x_wconf 42' lang='lat' dir='ltr'><strong>unouno-5.</strong></span> <span class='ocrx_word' id='word_1_689' title='bbox 1408 4664 1464 4732; x_wconf 65' lang='grc' dir='ltr'>Ὀ</span> <span class='ocrx_word' id='word_1_690' title='bbox 1530 4674 1584 4730; x_wconf 79' lang='grc' dir='ltr'>δὲ</span> <span class='ocrx_word' id='word_1_691' title='bbox 1645 4683 1736 4732; x_wconf 81' lang='grc' dir='ltr'>τοῦ</span> <span class='ocrx_word' id='word_1_692' title='bbox 1795 4683 1859 4732; x_wconf 77' lang='lat' dir='ltr'><strong>Gs</strong></span> 
     </span>
    </p>
   </div>
   <div class='ocr_carea' id='block_1_96' title="bbox 2055 4664 3661 4750">
    <p class='ocr_par' dir='ltr' id='par_1_96' title="bbox 2055 4668 3661 4749">
     <span class='ocr_line' id='line_1_96' title="bbox 2055 4668 3661 4749; baseline -0.001 -19"><span class='ocrx_word' id='word_1_693' title='bbox 2055 4669 2281 4730; x_wconf 78' lang='lat' dir='ltr'><strong>amdem</strong></span> <span class='ocrx_word' id='word_1_694' title='bbox 2312 4689 2484 4749; x_wconf 89' lang='lat' dir='ltr'><strong>quam</strong></span> <span class='ocrx_word' id='word_1_695' title='bbox 2511 4670 2894 4744; x_wconf 82' lang='lat' dir='ltr'><strong>ille,mortem</strong></span> <span class='ocrx_word' id='word_1_696' title='bbox 2916 4668 3169 4732; x_wconf 88' lang='lat' dir='ltr'><strong>subibis.</strong></span> <span class='ocrx_word' id='word_1_697' title='bbox 3205 4669 3661 4731; x_wconf 87' lang='lat' dir='ltr'><strong>Divinusautem</strong></span> 
     </span>
    </p>
   </div>
   <div class='ocr_carea' id='block_1_97' title="bbox 251 4756 1857 4844">
    <p class='ocr_par' dir='ltr' id='par_1_97' title="bbox 251 4761 1857 4844">
     <span class='ocr_line' id='line_1_97' title="bbox 251 4761 1857 4844; baseline 0 -22"><span class='ocrx_word' id='word_1_698' title='bbox 251 4769 402 4828; x_wconf 79' lang='grc' dir='ltr'>θεῖος</span> <span class='ocrx_word' id='word_1_699' title='bbox 437 4765 626 4842; x_wconf 80' lang='grc' dir='ltr'>ἱερεὺς,</span> <span class='ocrx_word' id='word_1_700' title='bbox 661 4763 730 4822; x_wconf 81' lang='grc' dir='ltr'><strong><em>Ὅ</em></strong></span> <span class='ocrx_word' id='word_1_701' title='bbox 765 4765 851 4820; x_wconf 76' lang='grc' dir='ltr'>καὶ</span> <span class='ocrx_word' id='word_1_702' title='bbox 892 4763 1174 4843; x_wconf 83' lang='grc' dir='ltr'>πρότερον,</span> <span class='ocrx_word' id='word_1_703' title='bbox 1221 4761 1346 4842; x_wconf 72' lang='grc' dir='ltr'>ἔφη,</span> <span class='ocrx_word' id='word_1_704' title='bbox 1381 4765 1456 4838; x_wconf 81' lang='grc' dir='ltr'><strong>τῷ</strong></span> <span class='ocrx_word' id='word_1_705' title='bbox 1505 4766 1604 4844; x_wconf 78' lang='grc' dir='ltr'><strong>πρὸ</strong></span> <span class='ocrx_word' id='word_1_706' title='bbox 1647 4773 1744 4822; x_wconf 78' lang='grc' dir='ltr'>σοῦ</span> <span class='ocrx_word' id='word_1_707' title='bbox 1800 4787 1857 4844; x_wconf 84' lang='grc' dir='ltr'><strong>κρ</strong></span> 
     </span>
    </p>
   </div>
   <div class='ocr_carea' id='block_1_98' title="bbox 2064 4756 3670 4844">
    <p class='ocr_par' dir='ltr' id='par_1_98' title="bbox 2065 4756 3670 4840">
     <span class='ocr_line' id='line_1_98' title="bbox 2065 4756 3670 4840; baseline 0 -22"><span class='ocrx_word' id='word_1_708' title='bbox 2065 4757 2120 4819; x_wconf 90' lang='lat' dir='ltr'><strong>ei</strong></span> <span class='ocrx_word' id='word_1_709' title='bbox 2141 4760 2462 4822; x_wconf 86' lang='lat' dir='ltr'><strong>sacerdos:</strong></span> <span class='ocrx_word' id='word_1_710' title='bbox 2495 4758 2688 4837; x_wconf 89' lang='lat' dir='ltr'><strong>Quod,</strong></span> <span class='ocrx_word' id='word_1_711' title='bbox 2717 4759 2930 4840; x_wconf 91' lang='lat' dir='ltr'><strong>inquit,</strong></span> <span class='ocrx_word' id='word_1_712' title='bbox 2968 4760 3132 4837; x_wconf 92' lang='lat' dir='ltr'><strong>prius</strong></span> <span class='ocrx_word' id='word_1_713' title='bbox 3161 4759 3286 4822; x_wconf 76' lang='lat' dir='ltr'><strong>dixi</strong></span> <span class='ocrx_word' id='word_1_714' title='bbox 3311 4758 3366 4820; x_wconf 90' lang='lat' dir='ltr'><strong>ei</strong></span> <span class='ocrx_word' id='word_1_715' title='bbox 3399 4756 3670 4839; x_wconf 82' lang='lat' dir='ltr'><strong>culjudi-</strong></span> 
     </span>
    </p>
   </div>
   <div class='ocr_carea' id='block_1_99' title="bbox 253 4849 1859 4934">
    <p class='ocr_par' dir='ltr' id='par_1_99' title="bbox 253 4852 1813 4934">
     <span class='ocr_line' id='line_1_99' title="bbox 253 4852 1813 4934; baseline -0.001 -22"><span class='ocrx_word' id='word_1_716' title='bbox 253 4879 346 4912; x_wconf 89' lang='grc' dir='ltr'><strong>ναι</strong></span> <span class='ocrx_word' id='word_1_717' title='bbox 397 4852 625 4932; x_wconf 79' lang='grc' dir='ltr'>λαχόντι</span> <span class='ocrx_word' id='word_1_718' title='bbox 670 4855 735 4910; x_wconf 82' lang='grc' dir='ltr'><strong>τὰ</strong></span> <span class='ocrx_word' id='word_1_719' title='bbox 794 4853 1028 4933; x_wconf 72' lang='grc' dir='ltr'>ἡμέτερα</span> <span class='ocrx_word' id='word_1_720' title='bbox 1081 4853 1300 4932; x_wconf 77' lang='grc' dir='ltr'>εἴρηκα,</span> <span class='ocrx_word' id='word_1_721' title='bbox 1349 4861 1502 4910; x_wconf 82' lang='grc' dir='ltr'>τοῦτο</span> <span class='ocrx_word' id='word_1_722' title='bbox 1554 4856 1640 4911; x_wconf 75' lang='grc' dir='ltr'><strong>καὶ</strong></span> <span class='ocrx_word' id='word_1_723' title='bbox 1683 4856 1813 4934; x_wconf 84' lang='grc' dir='ltr'>πρὸς</span> 
     </span>
    </p>
   </div>
   <div class='ocr_carea' id='block_1_100' title="bbox 2065 4849 3671 4934">
    <p class='ocr_par' dir='ltr' id='par_1_100' title="bbox 2065 4849 3671 4928">
     <span class='ocr_line' id='line_1_100' title="bbox 2065 4849 3671 4928; baseline 0.001 -20"><span class='ocrx_word' id='word_1_724' title='bbox 2065 4849 2186 4909; x_wconf 82' lang='lat' dir='ltr'><strong>indi</strong></span> <span class='ocrx_word' id='word_1_725' title='bbox 2225 4867 2439 4909; x_wconf 86' lang='lat' dir='ltr'><strong>munus</strong></span> <span class='ocrx_word' id='word_1_726' title='bbox 2468 4858 2604 4911; x_wconf 89' lang='lat' dir='ltr'><strong>ante</strong></span> <span class='ocrx_word' id='word_1_727' title='bbox 2653 4857 2711 4910; x_wconf 90' lang='lat' dir='ltr'><strong>te</strong></span> <span class='ocrx_word' id='word_1_728' title='bbox 2738 4850 3052 4927; x_wconf 81' lang='lat' dir='ltr'><strong>obtigerat,</strong></span> <span class='ocrx_word' id='word_1_729' title='bbox 3088 4849 3201 4911; x_wconf 85' lang='lat' dir='ltr'><strong>hoc</strong></span> <span class='ocrx_word' id='word_1_730' title='bbox 3247 4867 3404 4910; x_wconf 89' lang='lat' dir='ltr'><strong>nunc</strong></span> <span class='ocrx_word' id='word_1_731' title='bbox 3434 4864 3671 4928; x_wconf 87' lang='lat' dir='ltr'><strong>quoque</strong></span> 
     </span>
    </p>
   </div>
   <div class='ocr_carea' id='block_1_101' title="bbox 252 4936 1858 5023">
    <p class='ocr_par' dir='ltr' id='par_1_101' title="bbox 252 4942 1858 5023">
     <span class='ocr_line' id='line_1_101' title="bbox 252 4942 1858 5023; baseline 0 -23"><span class='ocrx_word' id='word_1_732' title='bbox 252 4955 344 5005; x_wconf 76' lang='grc' dir='ltr'>νῦν</span> <span class='ocrx_word' id='word_1_733' title='bbox 390 4943 521 5023; x_wconf 82' lang='grc' dir='ltr'><strong>ἐρῶ,</strong></span> <span class='ocrx_word' id='word_1_734' title='bbox 554 4945 628 5009; x_wconf 82' lang='grc' dir='ltr'>ὡς</span> <span class='ocrx_word' id='word_1_735' title='bbox 687 4942 878 5001; x_wconf 72' lang='grc' dir='ltr'>οὔποτε</span> <span class='ocrx_word' id='word_1_736' title='bbox 943 4944 1138 5019; x_wconf 87' lang='grc' dir='ltr'>κτίσμα</span> <span class='ocrx_word' id='word_1_737' title='bbox 1197 4945 1600 5022; x_wconf 82' lang='grc' dir='ltr'>προτιμήσομαι</span> <span class='ocrx_word' id='word_1_738' title='bbox 1656 4953 1750 5002; x_wconf 80' lang='grc' dir='ltr'>τοῦ</span> <span class='ocrx_word' id='word_1_739' title='bbox 1810 4955 1858 5000; x_wconf 91' lang='grc' dir='ltr'><strong>Δ·</strong></span> 
     </span>
    </p>
   </div>
   <div class='ocr_carea' id='block_1_102' title="bbox 2065 4936 3671 5023">
    <p class='ocr_par' dir='ltr' id='par_1_102' title="bbox 2065 4936 3671 5018">
     <span class='ocr_line' id='line_1_102' title="bbox 2065 4936 3671 5018; baseline 0 -20"><span class='ocrx_word' id='word_1_740' title='bbox 2065 4936 2115 4998; x_wconf 92' lang='lat' dir='ltr'><strong>bi</strong></span> <span class='ocrx_word' id='word_1_741' title='bbox 2142 4937 2360 5010; x_wconf 75' lang='lat' dir='ltr'><strong>dicam,</strong></span> <span class='ocrx_word' id='word_1_742' title='bbox 2387 4938 2540 5018; x_wconf 91' lang='lat' dir='ltr'><strong>quod</strong></span> <span class='ocrx_word' id='word_1_743' title='bbox 2573 4956 2875 5017; x_wconf 88' lang='lat' dir='ltr'><strong>nunquam</strong></span> <span class='ocrx_word' id='word_1_744' title='bbox 2913 4937 3173 4999; x_wconf 90' lang='lat' dir='ltr'><strong>creatori</strong></span> <span class='ocrx_word' id='word_1_745' title='bbox 3201 4937 3508 5018; x_wconf 80' lang='lat' dir='ltr'><strong>praeferam</strong></span> <span class='ocrx_word' id='word_1_746' title='bbox 3541 4954 3671 4998; x_wconf 89' lang='lat' dir='ltr'><strong>rem</strong></span> 
     </span>
    </p>
   </div>
   <div class='ocr_carea' id='block_1_103' title="bbox 255 5024 1861 5113">
    <p class='ocr_par' dir='ltr' id='par_1_103' title="bbox 255 5030 1861 5113">
     <span class='ocr_line' id='line_1_103' title="bbox 255 5030 1861 5113; baseline -0.002 -22"><span class='ocrx_word' id='word_1_747' title='bbox 255 5039 542 5113; x_wconf 84' lang='grc' dir='ltr'>μιουργοῦ,</span> <span class='ocrx_word' id='word_1_748' title='bbox 605 5030 722 5089; x_wconf 74' lang='grc' dir='ltr'>οὐδὲ</span> <span class='ocrx_word' id='word_1_749' title='bbox 781 5034 1134 5112; x_wconf 80' lang='grc' dir='ltr'>προσκυνήσω</span> <span class='ocrx_word' id='word_1_750' title='bbox 1204 5033 1370 5089; x_wconf 84' lang='grc' dir='ltr'>κτίσει</span> <span class='ocrx_word' id='word_1_751' title='bbox 1441 5034 1582 5109; x_wconf 83' lang='grc' dir='ltr'>παρὰ</span> <span class='ocrx_word' id='word_1_752' title='bbox 1653 5035 1744 5089; x_wconf 80' lang='grc' dir='ltr'>τὸν</span> <span class='ocrx_word' id='word_1_753' title='bbox 1809 5055 1861 5091; x_wconf 77' lang='grc' dir='ltr'><strong>κι</strong></span> 
     </span>
    </p>
   </div>
   <div class='ocr_carea' id='block_1_104' title="bbox 2065 5024 3671 5113">
    <p class='ocr_par' dir='ltr' id='par_1_104' title="bbox 2065 5024 3671 5108">
     <span class='ocr_line' id='line_1_104' title="bbox 2065 5024 3671 5108; baseline 0 -22"><span class='ocrx_word' id='word_1_754' title='bbox 2065 5037 2271 5090; x_wconf 63' lang='grc' dir='ltr'>τθειδιιι</span> <span class='ocrx_word' id='word_1_755' title='bbox 2306 5047 2319 5088; x_wconf 90' lang='lat'>:</span> <span class='ocrx_word' id='word_1_756' title='bbox 2359 5047 2553 5108; x_wconf 69' lang='lat' dir='ltr'><strong>neque</strong></span> <span class='ocrx_word' id='word_1_757' title='bbox 2583 5028 2668 5102; x_wconf 91' lang='lat' dir='ltr'><strong>id,</strong></span> <span class='ocrx_word' id='word_1_758' title='bbox 2703 5029 2859 5107; x_wconf 91' lang='lat' dir='ltr'><strong>quod</strong></span> <span class='ocrx_word' id='word_1_759' title='bbox 2897 5035 2986 5090; x_wconf 86' lang='lat' dir='ltr'><strong>est</strong></span> <span class='ocrx_word' id='word_1_760' title='bbox 3015 5027 3346 5100; x_wconf 87' lang='lat' dir='ltr'><strong>conditum.</strong></span> <span class='ocrx_word' id='word_1_761' title='bbox 3381 5024 3671 5106; x_wconf 85' lang='lat' dir='ltr'><strong>adorabo,</strong></span> 
     </span>
    </p>
   </div>
   <div class='ocr_carea' id='block_1_105' title="bbox 249 5115 1855 5202">
    <p class='ocr_par' dir='ltr' id='par_1_105' title="bbox 249 5119 1852 5202">
     <span class='ocr_line' id='line_1_105' title="bbox 249 5119 1852 5202; baseline -0.001 -22"><span class='ocrx_word' id='word_1_762' title='bbox 249 5145 426 5182; x_wconf 87' lang='grc' dir='ltr'>σαντα</span> <span class='ocrx_word' id='word_1_763' title='bbox 489 5120 591 5186; x_wconf 76' lang='grc' dir='ltr'>ἕως</span> <span class='ocrx_word' id='word_1_764' title='bbox 628 5119 693 5191; x_wconf 77' lang='grc' dir='ltr'>δὴ</span> <span class='ocrx_word' id='word_1_765' title='bbox 753 5131 847 5180; x_wconf 82' lang='grc' dir='ltr'>τοῦ</span> <span class='ocrx_word' id='word_1_766' title='bbox 877 5122 1010 5197; x_wconf 79' lang='grc' dir='ltr'>ἐμοῦ</span> <span class='ocrx_word' id='word_1_767' title='bbox 1038 5122 1214 5202; x_wconf 84' lang='grc' dir='ltr'>κύριός</span> <span class='ocrx_word' id='word_1_768' title='bbox 1266 5123 1374 5198; x_wconf 88' lang='grc' dir='ltr'>εἰμι</span> <span class='ocrx_word' id='word_1_769' title='bbox 1407 5120 1686 5201; x_wconf 82' lang='grc' dir='ltr'>λογισμοῦ,</span> <span class='ocrx_word' id='word_1_770' title='bbox 1745 5124 1852 5180; x_wconf 84' lang='grc' dir='ltr'>Πολ</span> 
     </span>
    </p>
   </div>
   <div class='ocr_carea' id='block_1_106' title="bbox 2065 5115 3671 5202">
    <p class='ocr_par' dir='ltr' id='par_1_106' title="bbox 2065 5115 3671 5198">
     <span class='ocr_line' id='line_1_106' title="bbox 2065 5115 3671 5198; baseline -0.004 -18"><span class='ocrx_word' id='word_1_771' title='bbox 2065 5118 2118 5180; x_wconf 72' lang='grc' dir='ltr'>ιι]</span> <span class='ocrx_word' id='word_1_772' title='bbox 2172 5117 2572 5194; x_wconf 87' lang='lat' dir='ltr'><strong>conditorem,</strong></span> <span class='ocrx_word' id='word_1_773' title='bbox 2608 5117 2879 5194; x_wconf 89' lang='lat' dir='ltr'><strong>quandiu</strong></span> <span class='ocrx_word' id='word_1_774' title='bbox 2913 5117 3078 5178; x_wconf 79' lang='lat' dir='ltr'><strong>fuero</strong></span> <span class='ocrx_word' id='word_1_775' title='bbox 3129 5135 3377 5198; x_wconf 86' lang='lat' dir='ltr'><strong>compos</strong></span> <span class='ocrx_word' id='word_1_776' title='bbox 3429 5115 3671 5178; x_wconf 89' lang='lat' dir='ltr'><strong>mentis.</strong></span> 
     </span>
    </p>
   </div>
   <div class='ocr_carea' id='block_1_107' title="bbox 251 5203 1857 5294">
    <p class='ocr_par' dir='ltr' id='par_1_107' title="bbox 251 5210 1857 5294">
     <span class='ocr_line' id='line_1_107' title="bbox 251 5210 1857 5294; baseline -0.002 -22"><span class='ocrx_word' id='word_1_777' title='bbox 251 5217 392 5294; x_wconf 84' lang='grc' dir='ltr'>πρὸς</span> <span class='ocrx_word' id='word_1_778' title='bbox 444 5219 612 5270; x_wconf 83' lang='grc' dir='ltr'>ταῦτα</span> <span class='ocrx_word' id='word_1_779' title='bbox 641 5214 670 5269; x_wconf 91' lang='lat'><strong>6</strong></span> <span class='ocrx_word' id='word_1_780' title='bbox 723 5210 908 5292; x_wconf 73' lang='grc' dir='ltr'>ἂρχῶν</span> <span class='ocrx_word' id='word_1_781' title='bbox 968 5219 1036 5290; x_wconf 70' lang='grc' dir='ltr'>τῇ</span> <span class='ocrx_word' id='word_1_782' title='bbox 1067 5211 1239 5290; x_wconf 75' lang='grc' dir='ltr'>λύσσῃ</span> <span class='ocrx_word' id='word_1_783' title='bbox 1292 5211 1674 5291; x_wconf 73' lang='grc' dir='ltr'>καταληφθεὶς,</span> <span class='ocrx_word' id='word_1_784' title='bbox 1712 5211 1857 5270; x_wconf 78' lang='grc' dir='ltr'>ἐκέλε</span> 
     </span>
    </p>
   </div>
   <div class='ocr_carea' id='block_1_108' title="bbox 2071 5203 3677 5294">
    <p class='ocr_par' dir='ltr' id='par_1_108' title="bbox 2071 5203 3677 5294">
     <span class='ocr_line' id='line_1_108' title="bbox 2071 5203 3677 5294; baseline -0.003 -25"><span class='ocrx_word' id='word_1_785' title='bbox 2071 5208 2120 5269; x_wconf 93' lang='lat' dir='ltr'><strong>is</strong></span> <span class='ocrx_word' id='word_1_786' title='bbox 2145 5207 2342 5280; x_wconf 90' lang='lat' dir='ltr'><strong>dictis,</strong></span> <span class='ocrx_word' id='word_1_787' title='bbox 2380 5225 2599 5286; x_wconf 66' lang='lat' dir='ltr'><strong>praeses</strong></span> <span class='ocrx_word' id='word_1_788' title='bbox 2632 5215 2946 5288; x_wconf 79' lang='lat' dir='ltr'><strong>correptus</strong></span> <span class='ocrx_word' id='word_1_789' title='bbox 2991 5225 3204 5286; x_wconf 85' lang='lat' dir='ltr'><strong>magno</strong></span> <span class='ocrx_word' id='word_1_790' title='bbox 3237 5208 3462 5281; x_wconf 86' lang='lat' dir='ltr'><strong>lurore,</strong></span> <span class='ocrx_word' id='word_1_791' title='bbox 3490 5203 3677 5294; x_wconf 85' lang='lat' dir='ltr'><strong>jussit</strong></span> 
     </span>
    </p>
   </div>
   <div class='ocr_carea' id='block_1_109' title="bbox 252 5293 1858 5378">
    <p class='ocr_par' dir='ltr' id='par_1_109' title="bbox 252 5293 1858 5378">
     <span class='ocr_line' id='line_1_109' title="bbox 252 5293 1858 5378; baseline -0.001 -18"><span class='ocrx_word' id='word_1_792' title='bbox 252 5293 313 5360; x_wconf 78' lang='grc' dir='ltr'><strong>σε</strong></span> <span class='ocrx_word' id='word_1_793' title='bbox 377 5305 466 5361; x_wconf 81' lang='grc' dir='ltr'>καὶ</span> <span class='ocrx_word' id='word_1_794' title='bbox 497 5303 654 5360; x_wconf 74' lang='grc' dir='ltr'>αὐτὸν</span> <span class='ocrx_word' id='word_1_795' title='bbox 706 5303 908 5378; x_wconf 82' lang='grc' dir='ltr'>ὁμοίως</span> <span class='ocrx_word' id='word_1_796' title='bbox 939 5310 1016 5376; x_wconf 81' lang='grc' dir='ltr'>τῷ</span> <span class='ocrx_word' id='word_1_797' title='bbox 1059 5298 1379 5374; x_wconf 88' lang='grc' dir='ltr'>προλαϐόντι</span> <span class='ocrx_word' id='word_1_798' title='bbox 1452 5299 1756 5361; x_wconf 85' lang='grc' dir='ltr'>διατεθέντα</span> <span class='ocrx_word' id='word_1_799' title='bbox 1805 5325 1858 5360; x_wconf 68' lang='grc' dir='ltr'><strong>τι</strong></span> 
     </span>
    </p>
   </div>
   <div class='ocr_carea' id='block_1_110' title="bbox 2068 5293 3674 5378">
    <p class='ocr_par' dir='ltr' id='par_1_110' title="bbox 2068 5293 3674 5378">
     <span class='ocr_line' id='line_1_110' title="bbox 2068 5293 3674 5378; baseline -0.003 -19"><span class='ocrx_word' id='word_1_800' title='bbox 2068 5317 2153 5359; x_wconf 81' lang='grc' dir='ltr'>ιῐιι</span> <span class='ocrx_word' id='word_1_801' title='bbox 2184 5298 2466 5360; x_wconf 89' lang='lat' dir='ltr'><strong>similiter</strong></span> <span class='ocrx_word' id='word_1_802' title='bbox 2496 5308 2810 5360; x_wconf 77' lang='lat' dir='ltr'><strong>extensum</strong></span> <span class='ocrx_word' id='word_1_803' title='bbox 2847 5307 3027 5378; x_wconf 86' lang='lat' dir='ltr'><strong>atque</strong></span> <span class='ocrx_word' id='word_1_804' title='bbox 3061 5297 3346 5378; x_wconf 89' lang='lat' dir='ltr'><strong>priorem,</strong></span> <span class='ocrx_word' id='word_1_805' title='bbox 3382 5293 3674 5374; x_wconf 86' lang='lat' dir='ltr'><strong>ﬂagellari</strong></span> 
     </span>
    </p>
   </div>
   <div class='ocr_carea' id='block_1_111' title="bbox 256 5383 1862 5475">
    <p class='ocr_par' dir='ltr' id='par_1_111' title="bbox 256 5392 1862 5475">
     <span class='ocr_line' id='line_1_111' title="bbox 256 5392 1862 5475; baseline -0.002 -24"><span class='ocrx_word' id='word_1_806' title='bbox 256 5395 458 5471; x_wconf 74' lang='grc' dir='ltr'>βοείαις</span> <span class='ocrx_word' id='word_1_807' title='bbox 508 5393 876 5470; x_wconf 79' lang='grc' dir='ltr'>μαστίζεσθαι,</span> <span class='ocrx_word' id='word_1_808' title='bbox 947 5393 1154 5472; x_wconf 73' lang='grc' dir='ltr'>κήρυκά</span> <span class='ocrx_word' id='word_1_809' title='bbox 1223 5413 1278 5447; x_wconf 87' lang='grc' dir='ltr'><strong>τε</strong></span> <span class='ocrx_word' id='word_1_810' title='bbox 1349 5392 1665 5475; x_wconf 75' lang='grc' dir='ltr'>ἐπιφωνεῖν,</span> <span class='ocrx_word' id='word_1_811' title='bbox 1709 5395 1771 5449; x_wconf 83' lang='grc' dir='ltr'>τὸ</span> <span class='ocrx_word' id='word_1_812' title='bbox 1841 5415 1862 5448; x_wconf 83' lang='grc' dir='ltr'><strong>τ</strong></span> 
     </span>
    </p>
   </div>
   <div class='ocr_carea' id='block_1_112' title="bbox 2076 5383 3682 5475">
    <p class='ocr_par' dir='ltr' id='par_1_112' title="bbox 2076 5383 3682 5468">
     <span class='ocr_line' id='line_1_112' title="bbox 2076 5383 3682 5468; baseline -0.002 -19"><span class='ocrx_word' id='word_1_813' title='bbox 2076 5408 2196 5449; x_wconf 86' lang='lat' dir='ltr'><strong>)um</strong></span> <span class='ocrx_word' id='word_1_814' title='bbox 2235 5387 2456 5462; x_wconf 83' lang='lat' dir='ltr'><strong>neivis,</strong></span> <span class='ocrx_word' id='word_1_815' title='bbox 2489 5395 2548 5448; x_wconf 90' lang='lat' dir='ltr'><strong>et</strong></span> <span class='ocrx_word' id='word_1_816' title='bbox 2607 5388 2939 5450; x_wconf 83' lang='lat' dir='ltr'><strong>acclamare</strong></span> <span class='ocrx_word' id='word_1_817' title='bbox 2986 5405 3342 5468; x_wconf 64' lang='lat' dir='ltr'><strong>praeconem,</strong></span> <span class='ocrx_word' id='word_1_818' title='bbox 3384 5402 3518 5447; x_wconf 92' lang='lat' dir='ltr'><strong>eum</strong></span> <span class='ocrx_word' id='word_1_819' title='bbox 3554 5383 3682 5446; x_wconf 83' lang='lat' dir='ltr'><strong>fore</strong></span> 
     </span>
    </p>
   </div>
   <div class='ocr_carea' id='block_1_113' title="bbox 257 5472 1863 5564">
    <p class='ocr_par' dir='ltr' id='par_1_113' title="bbox 257 5472 1863 5564">
     <span class='ocr_line' id='line_1_113' title="bbox 257 5472 1863 5564; baseline -0.001 -23"><span class='ocrx_word' id='word_1_820' title='bbox 257 5483 526 5562; x_wconf 85' lang='grc' dir='ltr'>βασιλέως</span> <span class='ocrx_word' id='word_1_821' title='bbox 604 5489 863 5539; x_wconf 83' lang='grc' dir='ltr'>ποιοῦντα</span> <span class='ocrx_word' id='word_1_822' title='bbox 939 5480 1148 5557; x_wconf 78' lang='grc' dir='ltr'>θέλημα</span> <span class='ocrx_word' id='word_1_823' title='bbox 1207 5483 1488 5555; x_wconf 76' lang='grc' dir='ltr'>σώζεσθαι,</span> <span class='ocrx_word' id='word_1_824' title='bbox 1564 5472 1659 5540; x_wconf 35' lang='grc'><strong>’0⁷</strong></span> <span class='ocrx_word' id='word_1_825' title='bbox 1705 5481 1784 5564; x_wconf 78' lang='grc' dir='ltr'><strong>δέ,</strong></span> <span class='ocrx_word' id='word_1_826' title='bbox 1836 5492 1863 5539; x_wconf 76' lang='grc' dir='ltr'>Ε</span> 
     </span>
    </p>
   </div>
   <div class='ocr_carea' id='block_1_114' title="bbox 2072 5472 3678 5564">
    <p class='ocr_par' dir='ltr' id='par_1_114' title="bbox 2072 5475 3678 5564">
     <span class='ocr_line' id='line_1_114' title="bbox 2072 5475 3678 5564; baseline -0.001 -26"><span class='ocrx_word' id='word_1_827' title='bbox 2072 5478 2267 5551; x_wconf 73' lang='grc' dir='ltr'>ιινυηι,</span> <span class='ocrx_word' id='word_1_828' title='bbox 2303 5481 2353 5540; x_wconf 87' lang='lat' dir='ltr'><strong>si</strong></span> <span class='ocrx_word' id='word_1_829' title='bbox 2411 5476 2573 5557; x_wconf 75' lang='lat' dir='ltr'><strong>regis</strong></span> <span class='ocrx_word' id='word_1_830' title='bbox 2633 5490 2838 5559; x_wconf 85' lang='lat' dir='ltr'><strong>pareat</strong></span> <span class='ocrx_word' id='word_1_831' title='bbox 2901 5477 3208 5541; x_wconf 89' lang='lat' dir='ltr'><strong>voluntati.</strong></span> <span class='ocrx_word' id='word_1_832' title='bbox 3264 5475 3368 5537; x_wconf 87' lang='lat' dir='ltr'><strong>Ille</strong></span> <span class='ocrx_word' id='word_1_833' title='bbox 3423 5482 3678 5564; x_wconf 73' lang='lat' dir='ltr'><strong>autem:</strong></span> 
     </span>
    </p>
   </div>
   <div class='ocr_carea' id='block_1_115' title="bbox 259 5561 1865 5653">
    <p class='ocr_par' dir='ltr' id='par_1_115' title="bbox 259 5561 1865 5653">
     <span class='ocr_line' id='line_1_115' title="bbox 259 5561 1865 5653; baseline -0.001 -21"><span class='ocrx_word' id='word_1_834' title='bbox 259 5561 404 5632; x_wconf 68' lang='grc' dir='ltr'>ἔστιν</span> <span class='ocrx_word' id='word_1_835' title='bbox 465 5574 620 5653; x_wconf 76' lang='grc' dir='ltr'>Θεὸς,</span> <span class='ocrx_word' id='word_1_836' title='bbox 651 5571 872 5647; x_wconf 78' lang='grc' dir='ltr'>ἀνεϐόα,</span> <span class='ocrx_word' id='word_1_837' title='bbox 918 5573 1004 5629; x_wconf 80' lang='grc' dir='ltr'><strong>καὶ</strong></span> <span class='ocrx_word' id='word_1_838' title='bbox 1047 5571 1189 5640; x_wconf 77' lang='grc' dir='ltr'>πλὴν</span> <span class='ocrx_word' id='word_1_839' title='bbox 1234 5576 1394 5631; x_wconf 81' lang='grc' dir='ltr'>αὐτου</span> <span class='ocrx_word' id='word_1_840' title='bbox 1425 5568 1668 5649; x_wconf 80' lang='grc' dir='ltr'>οὐδαμῶς</span> <span class='ocrx_word' id='word_1_841' title='bbox 1730 5572 1865 5648; x_wconf 75' lang='grc' dir='ltr'>ἔτερ(</span> 
     </span>
    </p>
   </div>
   <div class='ocr_carea' id='block_1_116' title="bbox 2075 5561 3681 5653">
    <p class='ocr_par' dir='ltr' id='par_1_116' title="bbox 2075 5561 3681 5650">
     <span class='ocr_line' id='line_1_116' title="bbox 2075 5561 3681 5650; baseline -0.004 -21"><span class='ocrx_word' id='word_1_842' title='bbox 2075 5587 2182 5630; x_wconf 90' lang='lat' dir='ltr'><strong>nus</strong></span> <span class='ocrx_word' id='word_1_843' title='bbox 2203 5570 2488 5642; x_wconf 89' lang='lat' dir='ltr'><strong>estDeus,</strong></span> <span class='ocrx_word' id='word_1_844' title='bbox 2519 5567 2920 5650; x_wconf 81' lang='lat' dir='ltr'><strong>exclamabat,</strong></span> <span class='ocrx_word' id='word_1_845' title='bbox 2945 5581 3003 5630; x_wconf 91' lang='lat' dir='ltr'><strong>et</strong></span> <span class='ocrx_word' id='word_1_846' title='bbox 3032 5565 3456 5648; x_wconf 68' lang='lat' dir='ltr'><strong>prmteripsum</strong></span> <span class='ocrx_word' id='word_1_847' title='bbox 3480 5561 3681 5625; x_wconf 88' lang='lat' dir='ltr'><strong>nullus</strong></span> 
     </span>
    </p>
   </div>
   <div class='ocr_carea' id='block_1_117' title="bbox 258 5657 1864 5747">
    <p class='ocr_par' dir='ltr' id='par_1_117' title="bbox 258 5659 1864 5746">
     <span class='ocr_line' id='line_1_117' title="bbox 258 5659 1864 5746; baseline 0 -24"><span class='ocrx_word' id='word_1_848' title='bbox 258 5665 304 5746; x_wconf 77' lang='grc' dir='ltr'><strong><em>ᾧ</em></strong></span> <span class='ocrx_word' id='word_1_849' title='bbox 338 5665 429 5723; x_wconf 82' lang='grc' dir='ltr'>καὶ</span> <span class='ocrx_word' id='word_1_850' title='bbox 459 5669 636 5741; x_wconf 83' lang='grc' dir='ltr'>ζῶμεν</span> <span class='ocrx_word' id='word_1_851' title='bbox 663 5663 752 5720; x_wconf 89' lang='grc' dir='ltr'>καὶ</span> <span class='ocrx_word' id='word_1_852' title='bbox 807 5659 1090 5739; x_wconf 73' lang='grc' dir='ltr'>κινούμεθα</span> <span class='ocrx_word' id='word_1_853' title='bbox 1115 5662 1204 5721; x_wconf 85' lang='grc' dir='ltr'><strong>καὶ</strong></span> <span class='ocrx_word' id='word_1_854' title='bbox 1263 5661 1449 5740; x_wconf 78' lang='grc' dir='ltr'>ἐσμὲν,</span> <span class='ocrx_word' id='word_1_855' title='bbox 1493 5661 1538 5736; x_wconf 81' lang='grc' dir='ltr'>ᾧ</span> <span class='ocrx_word' id='word_1_856' title='bbox 1568 5685 1657 5744; x_wconf 56' lang='grc' dir='ltr'><strong>και</strong></span> <span class='ocrx_word' id='word_1_857' title='bbox 1685 5663 1785 5732; x_wconf 76' lang='grc' dir='ltr'>τὴν</span> <span class='ocrx_word' id='word_1_858' title='bbox 1835 5663 1864 5721; x_wconf 94' lang='grc' dir='ltr'><strong>λ</strong></span> 
     </span>
    </p>
   </div>
   <div class='ocr_carea' id='block_1_118' title="bbox 2075 5657 3681 5747">
    <p class='ocr_par' dir='ltr' id='par_1_118' title="bbox 2079 5657 3681 5747">
     <span class='ocr_line' id='line_1_118' title="bbox 2079 5657 3681 5747; baseline -0.002 -26"><span class='ocrx_word' id='word_1_859' title='bbox 2079 5659 2198 5742; x_wconf 89' lang='lat' dir='ltr'><strong>ius,</strong></span> <span class='ocrx_word' id='word_1_860' title='bbox 2228 5657 2290 5722; x_wconf 90' lang='lat' dir='ltr'><strong>in</strong></span> <span class='ocrx_word' id='word_1_861' title='bbox 2337 5678 2454 5742; x_wconf 89' lang='lat' dir='ltr'><strong>quo</strong></span> <span class='ocrx_word' id='word_1_862' title='bbox 2487 5668 2549 5723; x_wconf 91' lang='lat' dir='ltr'><strong>et</strong></span> <span class='ocrx_word' id='word_1_863' title='bbox 2595 5658 2847 5724; x_wconf 88' lang='lat' dir='ltr'><strong>vivimus</strong></span> <span class='ocrx_word' id='word_1_864' title='bbox 2891 5665 2950 5721; x_wconf 94' lang='lat' dir='ltr'><strong>et</strong></span> <span class='ocrx_word' id='word_1_865' title='bbox 3005 5673 3314 5721; x_wconf 88' lang='lat' dir='ltr'><strong>movemur</strong></span> <span class='ocrx_word' id='word_1_866' title='bbox 3347 5663 3404 5716; x_wconf 91' lang='lat' dir='ltr'><strong>et</strong></span> <span class='ocrx_word' id='word_1_867' title='bbox 3449 5670 3681 5747; x_wconf 78' lang='lat' dir='ltr'><strong>sumus,</strong></span> 
     </span>
    </p>
   </div>
  </div>
