4066 6392
271 350 385 418 849

1179 357 1596 425 CERTAMEN
1641 361 1702 423 S.
1748 358 2144 424 ACEPSIM/E
2187 360 2286 421 ET
2330 358 2735 427 SOCIORUM.

3530 363 3651 435 850

270 488 484 567 μάρτυς,
536 486 800 547 ἀλλόκοτα
829 488 1086 553 πολλάκίς
1142 487 1369 568 εἴρηκας
1420 493 1507 549 καὶ
1556 491 1749 571 ψευδῆ,
1806 504 1916 569 νῦν,

2007 500 2125 557 tam
2157 512 2371 559 secure
2401 497 2780 576 magistratus
2808 497 3070 562 afiiciant
3090 501 3494 565 contumeliis.
3527 502 3649 568 Sed

268 577 400 658 ἀφη,
457 581 547 636 καὶ
603 579 683 654 μὴ
738 577 1061 656 βουλόμενος
1117 581 1182 637 τὰ
1240 580 1416 649 ἀληθῆ
1478 581 1678 653 ἔλεξας,
1739 584 1827 642 καὶ
1883 585 1910 640 ὅ

265 668 477 735 πάντως
561 674 655 729 οὖσι
739 671 811 734 εἰς
882 671 1088 747 μακρὰν
1160 668 1490 741 ἀποϐήσεται
1525 687 1539 703 ⁸
1615 672 1911 753 ὑπόδειγμα

266 760 364 837 γὰρ
396 781 462 834 με
490 766 568 833 τῷ
599 758 707 816 ὄντι
738 759 932 838 ἀγαθὸν
990 761 1077 816 καὶ
1135 773 1252 822 τοῖς
1311 760 1494 818 ἔπειτα
1545 763 1723 831 θήσεις
1772 787 1909 841 καρσ-

263 850 436 928 τερίας
493 850 582 907 καὶ
655 849 1048 928 γενναιόνητος,
1103 848 1158 906 οἵ
1206 850 1441 929 καθάπερ
1496 853 1571 916 εἰς
1606 852 1906 932 ἀρχέτυπόν

260 960 309 995 τι
369 963 468 1007 την
525 938 788 1018 ἡμετέραν
845 939 1146 1018 ἀφορῶντες
1202 940 1500 1017 ὑπομονήν,
1573 941 1759 1019 ῥᾳδίως
1813 950 1908 1001 σοῦ

260 1048 317 1083 τε
370 1030 468 1086 καὶ
524 1034 630 1084 τῶν
690 1027 887 1103 ὁμοίως
947 1026 1183 1107 ἑχόντων
1239 1029 1332 1095 τὰς
1401 1028 1661 1105 βασάνους
1718 1030 1908 1090 οἴσου-

258 1138 362 1175 σιν.

341 1204 457 1269 18'.
491 1204 789 1275 ’Έκπληξις
818 1206 904 1264 ἐπὶ
952 1218 1070 1272 τοῖς
1119 1206 1325 1283 ῥηθεῖσι
1356 1206 1591 1288 κατέσχε
1628 1210 1719 1265 τὸν
1749 1206 1905 1265 δικα-

255 1298 413 1369 στὴν,
447 1294 545 1353 καί
599 1292 664 1363 δὴ
695 1319 813 1353 τινα
866 1303 973 1353 τῶν
1028 1294 1155 1376 παρ’
1204 1298 1345 1371 αὐτῷ
1403 1297 1543 1375 μέγα
1606 1296 1905 1374 δυναμένων

253 1385 759 1462 προσκαλεσάμενος
809 1388 891 1463 (ὃς
956 1384 1183 1466 Ἀδέσχε
1240 1387 1336 1461 μὲν
1392 1386 1628 1465 ἐλέγετο,
1685 1388 1746 1444 ἐκ
1797 1389 1903 1447 πό-

252 1475 390 1541 λεως
449 1473 505 1531 δὲ
548 1475 769 1553 ὥρμητο
818 1473 1021 1552 Ἀρϐὴλ
1078 1475 1462 1557 καλουμένης),
1515 1479 1740 1543 Τούτους
1791 1500 1903 1536 πα-

250 1564 525 1645 ραλαϐὼν,
558 1564 682 1645 ἔφη,
711 1567 840 1643 πρὸς
874 1565 975 1633 τὴν
1004 1566 1101 1635 σὴν
1151 1565 1325 1644 ἄπαγε
1365 1567 1521 1625 πόλιν
1577 1575 1903 1647 Χριστιανῶν

251 1657 409 1737 χερσὶ
465 1654 1077 1730 καταλευσθησομένους’
1140 1663 1295 1715 τοῦτο
1350 1658 1449 1738 γὰρ
1493 1682 1585 1734 μοι
1634 1662 1696 1716 τὸ
1745 1658 1900 1717 δικα-

249 1744 470 1822 στῆριον
503 1745 567 1801 τὸ
596 1746 688 1802 σὸν
718 1742 1143 1823 καταπράξασθαι
1172 1745 1457 1826 βούλομαι,
1511 1745 1578 1804 δι’
1638 1748 1705 1816 ἢν
1734 1750 1903 1806 αἰτίαν

1995 582 2045 643 si
2095 581 2158 645 in
2201 584 2373 659 aliis,
2425 586 2620 668 inquit
2674 586 3088 651 sanctissimus
3145 596 3387 671 martyr,
3449 586 3650 656 dixisti

1993 689 2154 754 saepe
2187 675 2382 737 aliena
2416 683 2475 738 et
2505 676 2675 752 falsa,
2711 696 2896 758 nunc,
2931 677 3168 741 etiamsi
3200 679 3415 756 nolles,
3448 681 3651 746 dixisti

1991 780 2153 837 vera,
2186 772 2244 826 et
2273 766 2432 845 quod
2465 774 2555 827 est
2584 765 2832 829 omnino
2863 766 3211 848 propediem
3267 779 3642 838 eventurum.

1990 849 2082 940 ille
2100 851 2259 914 enim
2294 872 2499 916 revera
2518 854 2742 917 bonum
2775 858 3029 937 posteris
3059 859 3397 940 exemplum
3420 869 3648 927 statues

1989 939 2357 1004 fortitudinis
2381 951 2441 1004 et
2460 944 2646 1007 animi
2671 945 3119 1027 magnitudinis,
3144 939 3250 1029 qui
3267 955 3545 1030 tauquam
3567 951 3645 1015 ad

1991 1031 2296 1111 exemplar
2340 1032 2608 1113 aliquod,
2646 1032 2717 1095 ad
2752 1042 3012 1097 nostram
3042 1034 3347 1100 intuentes
3374 1039 3643 1104 toleran-

1991 1119 2133 1179 tiam
2182 1118 2356 1180 facile
2387 1120 2584 1183 ferent
2615 1130 2712 1184 tua
2764 1130 2824 1184 et
2854 1126 2936 1185 tui
2987 1124 3271 1187 similium
3320 1120 3640 1194 tormenta.

2072 1207 2220 1272 XIX.
2246 1208 2373 1291 His,
2400 1230 2532 1291 quae
2561 1211 2721 1301 dicta
2751 1221 2914 1289 sunt,
2944 1213 3052 1275 fuit
3083 1213 3533 1297 obstupefactus
3541 1221 3641 1301 ju-

1992 1297 2197 1376 dex;et
2224 1300 2515 1361 accersito
2540 1300 2798 1381 quodam
2825 1320 2894 1364 ex
2916 1302 3014 1385 iis,
3037 1304 3143 1385 qui
3161 1306 3315 1387 apud
3336 1326 3471 1370 eum
3492 1297 3642 1373 m'ul-

1990 1394 2114 1449 tum
2150 1397 2448 1470 poterant,
2481 1391 2583 1471 qui
2615 1390 2923 1454 dicebatur
2952 1394 3193 1474 quidem
3212 1395 3487 1460 Adesche
3515 1400 3643 1478 (or-

1989 1483 2083 1568 tus
2116 1485 2317 1541 autem
2352 1487 2479 1543 erat
2512 1496 2581 1541 ex
2609 1481 2865 1554 civitate,
2890 1500 3029 1562 quae
3053 1483 3377 1548 vocabatur
3402 1488 3637 1568 Arhel):

1985 1565 2133 1639 Hos,
2192 1568 2408 1650 inquit,
2443 1569 2672 1649 accipe,
2707 1577 2767 1631 et
2813 1570 2929 1632 duc
2987 1571 3060 1634 ad
3106 1580 3266 1635 tuam
3317 1565 3637 1654 civitatem,

1988 1655 2463 1719 Christianorum
2487 1657 2762 1721 manibus
2779 1658 3120 1724 obruendos
3142 1662 3464 1744 lapidibus.
3488 1665 3640 1729 Volo

1987 1746 2149 1807 enim
2203 1755 2360 1808 tuam
2392 1746 2692 1809 solertiam
2725 1748 2841 1810 hoc
2888 1749 3042 1812 mihi
3076 1750 3343 1817 efficere.
3385 1752 3640 1837 Propter

249 1833 372 1892 οὔδε
401 1836 494 1890 τὸν
525 1833 609 1890 διὰ
648 1834 823 1913 ξίφους
851 1838 1023 1893 αὐτῶν
1080 1834 1389 1914 ἐπενεγκεῖν
1452 1835 1687 1905 ἠθέλησα
1734 1839 1898 1897 θάνα-

1988 1853 2163 1914 quam
2190 1854 2427 1898 causam
2454 1854 2568 1900 nec
2602 1837 2688 1900 eis
2716 1837 2956 1918 quidem
2981 1839 3175 1919 gladio
3207 1842 3364 1905 volui
3382 1833 3638 1909 mortem

248 1947 365 1988 τον,
428 1925 727 2004 Παραυτίκα
786 1924 910 2002 γοῦν
971 1925 1292 2004 ἀχθοφόροις
1348 1926 1509 1998 ζώσις
1557 1928 1736 2005 ὥσπερ
1790 1930 1901 1986 τινὰ

1986 1925 2223 1987 afferre.
2261 1928 2409 1987 Cum
2434 1943 2536 1987 eos
2557 1945 2696 2005 ergo
2723 1927 3015 1990 onerariis
3034 1929 3327 2009 jumentis
3358 1938 3638 2015 tanquam

247 2016 356 2071 τῶν
409 2014 639 2095 ἀψύχων
694 2013 1033 2094 ἐπιφορτίσας
1091 2017 1279 2081 αὐτούς
1335 2018 1423 2073 καὶ
1479 2015 1896 2098 περιδεσμήσας,

1987 2015 2317 2077 inanimum
2370 2014 2600 2093 aliquid
2643 2015 3028 2097 imposuisset
3074 2026 3133 2081 et
3177 2013 3502 2100 aliigasset,
3532 2022 3637 2085 ille

246 2106 347 2172 τὴν
406 2106 493 2161 ἒπὶ
545 2104 641 2172 τὴν
699 2102 919 2182 πατρίδα
975 2105 1181 2168 ἐκεῖνος
1240 2105 1557 2164 ἐστέλλετο⁶
1627 2107 1749 2164 ἐπεῖ
1821 2110 1899 2184 μὴ

1988 2104 2285 2185 profectus
2333 2114 2422 2166 est
2455 2104 2516 2166 in
2571 2105 2844 2185 patriam,
2878 2106 3162 2186 quoniam
3204 2127 3325 2171 non
3362 2117 3637 2191 poterant

248 2193 485 2258 δυνατῶς
515 2193 676 2273 εἶχον
707 2194 1029 2272 ἐγκαθῆσθαι
1060 2199 1177 2260 τοῖς
1236 2195 1416 2267 ζώοις,
1472 2195 1712 2277 ἐσχάτην
1761 2199 1899 2255 ὁπο-

1986 2193 2248 2255 insidere
2297 2193 2615 2274 jumentis,
2671 2212 2806 2255 cum
2850 2206 3058 2258 essent
3107 2215 3312 2261 eorum
3363 2199 3637 2263 membra

243 2286 466 2348 στάντες
524 2284 631 2340 τῶν
690 2282 865 2360 μελῶν
924 2283 1166 2361 πςπὶριεσιν⁹
1232 2284 1347 2342 ὅθεν
1405 2285 1709 2363 ἐρῥίπτοντο
1765 2288 1903 2344 κατὰ

1986 2283 2231 2344 omnino
2254 2282 2975 2355 dissoluta.Quamobrem
3000 2286 3164 2348 humi
3173 2287 3554 2368 iaciebantur
3572 2292 3636 2354 in

247 2380 351 2452 γῆς
381 2374 437 2431 ἐν
468 2374 558 2438 οἷς
592 2372 694 2429 ἔδει
750 2371 1032 2430 καταλύειν
1091 2376 1279 2439 αὐτοὺς
1330 2378 1423 2433 οἷαί
1452 2399 1570 2434 τινα
1600 2378 1757 2455 νεκρὰ
1788 2379 1899 2436 σώ-

253 2485 419 2539 ματα.
478 2465 575 2521 Καὶ
632 2461 766 2530 δῆτα
821 2464 958 2523 κατὰ
1021 2465 1121 2531 τὴν
1172 2463 1328 2521 πόλιν
1382 2465 1649 2546 ἀχθέντας
1701 2465 1903 2544 Ἀρὸηλ

251 2552 616 2631 δεσμωτήριόν
667 2574 717 2608 τι
770 2551 988 2633 δέχεται
1045 2554 1231 2620 αὐτοὺς
1287 2554 1516 2635 ζοφῶδες
1575 2557 1665 2613 καὶ
1721 2555 1901 2631 ἀλαμ-

246 2664 370 2722 πες,
402 2641 525 2716 ἐνῷ
553 2643 770 2717 σήψεως
827 2648 932 2699 τῶν
981 2650 1190 2720 σαριιῶν
1238 2645 1344 2701 ἀπὸ
1390 2650 1496 2702 τῶν
1544 2644 1771 2724 πληγῶν
1800 2645 1901 2702 αὒ-

1984 2371 2059 2434 iis
2087 2372 2258 2452 locis,
2292 2373 2353 2433 in
2407 2371 2627 2453 quibus
2657 2392 2759 2434 eos
2809 2375 3122 2455 oportebat
3149 2376 3464 2458 diverseri,
3498 2388 3637 2442 tan-

1985 2480 2164 2542 quam
2214 2471 2443 2522 mortua
2477 2480 2751 2542 corpora.
2783 2462 2855 2525 Et
2912 2482 3047 2526 cum
3078 2465 3317 2529 adducti
3348 2475 3549 2530 essent
3574 2469 3642 2531 in

1986 2552 2287 2613 civitatem
2339 2551 2553 2628 Arbel,
2589 2570 2707 2617 eos.
2741 2553 2956 2635 accipit
2997 2572 3204 2617 carcer
3260 2555 3557 2622 obscurus
3587 2565 3647 2621 et

1989 2640 2426 2715 tenebricosus,
2464 2640 2525 2702 in
2558 2659 2676 2722 quo
2725 2661 2860 2703 cum
2899 2643 3224 2723 putrefacto
3253 2647 3523 2709 carnium
3554 2647 3643 2713 eis

244 2745 368 2798 τοῖς
425 2730 808 2811 ἐπιγενομένης
864 2731 1005 2811 ἰχώρ
1051 2754 1107 2788 τε
1155 2732 1355 2798 πολλὺς
1388 2733 1626 2815 ἀπὲῤῥει,
1658 2736 1746 2792 καὶ
1777 2733 1901 2792 ὀδύε⁵

1986 2748 2058 2793 οι
2106 2730 2296 2811 plagis
2355 2740 2483 2792 orta
2540 2742 2719 2806 esset,
2770 2731 3044 2796 eﬂluebat
3089 2735 3275 2798 multa
3328 2736 3550 2817 sanies,
3581 2744 3646 2801 et

243 2846 331 2879 ναι
389 2825 496 2879 τῶν
556 2823 721 2899 ἁγίων
770 2820 1077 2900 δριμύταται
1123 2826 1489 2902 καθαροῦντο,
1542 2825 1627 2881 καὶ
1668 2822 1902 2898 μάλιστα

1986 2837 2190 2883 sancto
2219 2819 2557 2899 gravissimi
2583 2820 2823 2883 dolores
2848 2822 3230 2899 invadebant,
3263 2832 3327 2889 et
3354 2826 3640 2902 maxime,

241 2918 323 2988 τῷ
352 2914 433 2989 μὴ
464 2912 703 2994 ἐφεῖσθαι
732 2933 833 2969 τινι
879 2918 991 2969 τῶν
1046 2916 1374 2991 Χριστιανῶν
1426 2915 1501 2975 ὡς
1559 2913 1747 2978 αὐτοὺς
1795 2915 1901 2969 εἰσ-

1986 2910 2145 2991 quod
2192 2928 2313 2970 non
2350 2909 2802 2989 permitteretur
2820 2910 2930 2972 ulli
2959 2929 3033 2973 ex
3059 2911 3407 2977 Christianis
3433 2914 3508 2977 ad
3535 2933 3639 2979 eos

242 3003 428 3061 ελθεῖν
498 3004 587 3059 καὶ
656 3009 847 3081 μικρᾶς
919 3002 1046 3080 γοῦν
1118 3024 1258 3067 τινος
1333 3001 1639 3078 ἐπιμελείας
1709 3002 1897 3065 αὖτοὺς

1986 3000 2298 3080 ccedere,
2325 3005 2385 3061 et
2417 3016 2628 3060 eorum
2655 2999 2836 3061 ullam
2861 3018 3066 3063 curam
3086 3019 3322 3079 gerere.
3353 3002 3637 3076 Quadam

239 3093 499 3159 ἀξιῶσαι.
558 3092 697 3160 Γυνὴ
753 3090 808 3147 δέ
861 3114 946 3155 τις
1007 3089 1226 3160 εὐσεϐὴς
1282 3091 1378 3149 καί
1433 3091 1735 3171 φοϐουμένη
1807 3092 1899 3148 τὸν

1986 3098 2180 3152 autem
2215 3088 2431 3150 mulier
2456 3089 2548 3169 pia
2572 3096 2632 3151 et
2653 3089 2868 3152 timens
2890 3089 3374 3173 Dominum,quaa
3403 3092 3636 3157 habita-

246 3184 441 3260 Κύριον
498 3181 553 3238 ἐν
610 3194 730 3247 τοῖς
792 3183 950 3256 ὁρίοις
994 3184 1092 3249 τῆς
1123 3182 1287 3251 αὐτῆς
1329 3180 1539 3247 πόλεως
1570 3192 1919 3273 παροικοῦσαΙ

1986 3181 2183 3284 bat.in
2232 3180 2454 3289 finibus
2516 3180 2696 3262 hujus
2742 3181 3018 3289 civitatis,
3051 3182 3409 3289 intempesta
3447 3191 3634 3289 nocte

237 3274 375 3351 ἀωρὶ
429 3272 537 3328 τῶν
587 3277 787 3330 νυκτῶν
848 3272 1065 3350 ἀφίκετο
1096 3274 1226 3350 πρὸς
1273 3273 1330 3330 τὸ
1359 3271 1747 3351 δεσμωτήριον,
1800 3271 1896 3329 καί

1986 3273 2139 3335 venit
2187 3272 2263 3334 ad
2324 3289 2656 3347 carcerem,
2690 3280 2750 3334 et
2799 3271 2999 3333 multis
3048 3271 3322 3353 pecuniis
3368 3273 3633 3337 delinitis

240 3363 529 3442 χρήμασιν
586 3362 770 3430 ἱκανῆς
834 3362 956 3425 τοὺς
1026 3360 1264 3436 φύλακας
1332 3363 1662 3441 θεραπεύασα
1729 3382 1896 3419 κατε-

1986 3361 2352 3438 custodibus,
2389 3361 2588 3424 effecit
2646 3369 2713 3422 ut
2743 3370 2979 3424 sanctos
3028 3361 3281 3425 latenter
3309 3363 3632 3444 acciperet,

238 3449 481 3530 πραξατο
533 3452 696 3529 ἑαυτῇ
756 3452 817 3507 τὸ
874 3452 992 3512 τοὺς
1039 3452 1219 3529 ἁγίους
1273 3449 1409 3509 οὕτω
1439 3451 1740 3519 λεληθότως
1770 3451 1897 3508 ἁνα-

238 3540 433 3599 λαϐεἴν
493 3541 580 3598 καὶ
640 3542 768 3619 πρὸς
820 3542 913 3597 τὸν
970 3541 1165 3606 ἑαυτῆς
1224 3541 1378 3598 οἶκον
1427 3541 1487 3598 οὒ
1531 3543 1738 3618 μακρὰν
1768 3540 1895 3598 ὄντα

238 3631 402 3711 χερσὶ
478 3636 584 3687 τῶν
665 3630 855 3698 ἑαυτῆς
957 3631 1292 3707 θεραπόντων
1387 3627 1893 3704 διαϐασταζομένους

235 3722 494 3799 ἀγαγεῖν.
572 3721 710 3778 Εἶτα
777 3722 1035 3797 προθεῖσα
1106 3720 1322 3783 τούτους
1393 3718 1509 3775 οὐδὲ
1581 3717 1896 3797 φθέγξασθαι

235 3807 580 3889 δυναμένους,
616 3809 870 3885 ἐκμάσσει
930 3809 1030 3884 μὲν
1087 3812 1272 3873 αὐτοῖς
1332 3810 1421 3864 τὸν
1471 3809 1671 3888 ἰχῶρα,
1714 3807 1895 3876 ἠπίαις

236 3898 297 3956 δέ
352 3920 462 3956 τισι
520 3899 818 3979 φαρμάκοις
875 3902 1266 3975 παραμυθεϊναι
1320 3898 1411 3962 τὰς
1455 3896 1779 3976 ἀλγηδόνας,
1841 3899 1897 3952 ὀ-

232 3990 432 4053 θονίοις
491 3987 824 4067 περιὸεσμεϊ,
886 3992 1139 4067 καθαροῖς
1208 3988 1389 4066 μύροις
1461 3989 1602 4067 χρίει
1673 3986 1897 4044 πολυτε-

233 4078 379 4159 λέσι,
442 4080 529 4137 καὶ
587 4080 725 4136 οὕτω
775 4077 860 4135 διὰ
917 4080 1129 4136 πάντων
1180 4079 1241 4134 τὸ
1293 4078 1668 4156 θεραπευτικόν
1696 4097 1753 4132 τε
1809 4078 1897 4133 καὶ

194 4210 207 4233 ,
235 4168 589 4248 φιλόχριστον
646 4167 1022 4242 ἐπιδείκνυται,
1085 4167 1448 4246 καταφιλοῦσα
1508 4166 1605 4242 μὲν
1645 4168 1711 4223 τὰ
1752 4189 1896 4244 μαρ-

238 4261 429 4335 τυρικὰ
485 4257 650 4335 μέλη,
710 4257 806 4315 καὶ
867 4256 1071 4320 τούτοις
1127 4255 1534 4337 ἐπιδακρύουσα,
1608 4259 1766 4335 ἰχῶρι
1836 4254 1894 4312 δὲ

233 4354 315 4422 τῷ
348 4344 400 4413 ἐξ
430 4348 602 4404 αὒτῶν
631 4348 984 4418 ἀποστάζοντι
1012 4346 1208 4414 ἑαυτὴν
1235 4345 1617 4425 ὑπαλείφουσα.

326 4437 419 4499 K'.
454 4436 587 4514 Ὀψὲ
616 4437 670 4494 δὲ
697 4440 783 4494 καὶ
816 4437 972 4512 μόλις
1032 4437 1330 4515 ἀνενεγκὼν
1389 4439 1418 4492 ὁ
1474 4437 1732 4514 μακάριος
1763 4437 1889 4495 Ἰω-

235 4531 372 4609 disp,
407 4530 479 4587 Τὸ
510 4529 606 4603 μὲν
663 4529 781 4597 περὶ
838 4529 982 4601 ἡμᾶς
1044 4549 1138 4584 σου
1195 4527 1462 4593 συμπαθὲς
1533 4529 1619 4582 καὶ
1677 4525 1890 4605 φιλότι-

1980 3460 2040 3516 et
2061 3452 2306 3514 domum
2338 3470 2531 3533 suam,
2553 3470 2684 3532 quae
2713 3471 2834 3515 non
2865 3452 3042 3532 longe
3071 3450 3297 3529 aberat,
3323 3470 3629 3517 servorum

1980 3560 2222 3606 suorum
2257 3540 2532 3603 manibus
2553 3549 2815 3622 portatos
2843 3541 3354 3606 duceret.Deinde
3383 3542 3459 3604 iis
3487 3560 3632 3624 pro-

1980 3632 2197 3705 ductis,
2225 3631 2324 3711 qui
2354 3649 2465 3692 nec
2484 3631 2647 3708 loqui
2670 3631 2914 3713 quidem
2941 3639 3238 3712 poterant,
3274 3631 3362 3695 eis
3391 3630 3627 3694 abster-

1980 3720 2069 3800 gis
2116 3721 2370 3792 saniem,
2403 3719 2645 3782 lenibus
2702 3726 2898 3782 autem
2958 3719 3311 3801 quibusdam
3366 3718 3630 3783 medica-

1981 3809 2197 3870 mentis
2227 3810 2394 3872 sedat
2422 3826 2629 3871 eorum
2660 3808 3165 3882 dolores,mundis
3184 3808 3387 3888 alligat
3407 3808 3627 3887 linteis,

1982 3898 2301 3975 unguentis
2332 3898 2502 3976 ungit
2530 3897 2842 3978 pretiosis,
2871 3905 2929 3959 et
2956 3897 3019 3959 in
3054 3897 3341 3960 omnibus
3371 3896 3634 3969 ostendit

1980 4004 2156 4068 quam
2188 3994 2343 4050 esset
2368 3988 2465 4067 pia
2491 3994 2550 4049 et
2570 3986 2791 4049 Christi
2821 4003 3053 4068 amans,
3078 3985 3354 4050 osculans
3379 3985 3627 4068 quidem

1981 4075 2252 4139 membra
2280 4084 2628 4156 martyrum,
2661 4084 2722 4138 et
2748 4074 2839 4138 eis
2887 4075 3287 4156 illacrymans,
3317 4077 3486 4140 sanie
3515 4095 3626 4142 au-

1980 4173 2103 4229 tem
2136 4184 2267 4246 quae
2297 4184 2367 4229 ex
2394 4168 2484 4228 eis
2513 4164 2857 4242 distillabat,
2890 4164 3150 4247 seipsam
3177 4167 3499 4245 inungeus.

2059 4434 2184 4498 XX.
2219 4436 2364 4497 Cum
2398 4433 2485 4496 vix
2514 4433 2751 4497 tandem
2786 4444 2989 4497 autem
3022 4434 3095 4497 ad
3127 4454 3192 4497 se
3221 4432 3476 4498 redisset
3517 4434 3625 4498 Jo-

1976 4525 2122 4605 seph
2164 4546 2176 4583 :
2210 4524 2335 4586 Tua
2353 4523 2627 4605 quidem,
2655 4523 2874 4601 inquit,
2900 4524 2962 4586 in
2996 4542 3106 4587 nos
3128 4522 3541 4587 misericordia
3569 4532 3631 4589 et

234 4639 364 4694 μον,
399 4617 446 4673 ὦ
489 4616 798 4695 ἱερώτατον,
855 4615 980 4694 ἔφη,
1013 4616 1250 4694 γύναιον,
1313 4613 1601 4673 ἀπόδεκτον
1660 4618 1747 4672 καὶ
1778 4621 1919 4689 Θεῷ⁴

1986 4614 2453 4687 muniﬁcentia,o
2470 4622 2851 4675 sacrosancta
2875 4613 3246 4697 mulier,Deo
3258 4614 3630 4694 eritaccepta

233 4711 323 4766 καὶ
383 4720 502 4771 τοῖς
560 4706 689 4785 ὑπὲρ
750 4707 910 4763 αὒτοῦ
969 4706 1217 4763 ἀθλοῦσιν
1259 4706 1396 4779 ἡμῖν
1431 4722 1446 4737 ⁸
1510 4707 1571 4760 τὸ
1616 4703 1671 4760 δὲ
1727 4704 1892 4770 οὕτως

230 4801 382 4874 ἡμᾶς
437 4795 677 4874 δακρύειν
733 4796 978 4874 ἀμέτρως
1040 4794 1218 4872 πόῤῥω
1274 4800 1374 4861 τῆς
1447 4791 1704 4870 ἀψευδοῦς
1785 4801 1891 4852 τῶν

228 4892 561 4967 Χριστιανῶν
619 4883 827 4950 ἐλπίδος
884 4887 981 4941 καὶ
1035 4885 1133 4952 τῆς
1193 4886 1347 4959 ἡμῶν
1379 4885 1629 4945 πίστεως.
1665 4885 1799 4963 Πρὸς
1831 4885 1890 4940 ὃν

230 4981 266 5047 ἡ
326 4977 631 5052 σεμνοτάτη
686 4981 972 5053 γυναικῶν,
1035 4972 1188 5050 Ἐμοὶ
1246 4974 1341 5048 μὲν
1400 4979 1573 5052 χαρᾶς
1632 4974 1665 5041 ἡ
1733 4975 1888 5053 ψυχὴ

230 5067 558 5146 πληροῦται,
612 5065 933 5143 λογιζομὲνη
992 5062 1140 5127 ὅπως
1199 5062 1465 5129 τοσαύτην
1516 5064 1646 5138 ὑμῖν
1676 5065 1704 5118 ὁ
1754 5086 1886 5143 χρι-

230 5160 357 5220 στὸς
416 5155 633 5223 ἐνέθηκε
686 5155 784 5223 τὴν
844 5153 1106 5233 ἀνδρείαν,
1167 5152 1307 5210 ὥστε
1364 5153 1495 5230 πρὸς
1560 5151 1890 5219 τηλικαύτην

230 5247 432 5305 ὀδυνῶν
489 5244 781 5320 δριμύτητα
841 5241 1271 5321 διακαρτερῆσαι·
1333 5240 1490 5309 ἥσθεν
1552 5239 1594 5296 δ’
1647 5240 1709 5297 ἂν
1765 5242 1887 5299 ἐπι-

230 5336 396 5394 πλέον
456 5337 541 5389 καὶ
589 5336 634 5389 εί
664 5341 741 5408 τῷ
802 5333 1071 5411 μαρτυρίῳ
1119 5329 1491 5393 τελειωθέντας
1548 5328 1693 5388 εἶδον
1727 5332 1886 5407 ὑμᾶς.

230 5437 301 5486 To
332 5425 386 5482 δὲ
419 5424 670 5502 δακρύειν
724 5422 928 5501 φύσεως
987 5422 1318 5501 ἀνθρωπίνης
1367 5419 1511 5477 ἴδιον
1568 5421 1754 5479 οἶκτον
1804 5420 1888 5478 ἐπὶ

1977 4710 2032 4765 et
2066 4704 2236 4765 nobis
2266 4704 2366 4779 qui
2404 4721 2509 4783 pro
2559 4720 2629 4763 eo
2665 4702 3070 4766 decertamus.
3128 4707 3251 4768 Nos
3278 4711 3474 4768 autem
3504 4710 3629 4766 tam

1974 4792 2293 4853 immodice
2335 4792 2561 4853 deflere
2594 4798 2685 4853 est
2716 4792 2968 4854 multum
2998 4800 3298 4857 remotum
3338 4811 3372 4855 a
3399 4809 3540 4855 vera
3567 4800 3629 4856 et

1973 4892 2134 4944 certa
2156 4901 2262 4961 spe
2290 4878 2766 4951 Christianorum
2797 4890 2855 4943 et
2886 4888 3089 4946 nostra
3116 4883 3258 4946 ﬁde.
3293 4883 3400 4945 Cui
3428 4882 3622 4946 hone-

1971 4969 2229 5032 stissima
2262 4969 2477 5032 mulier
2515 4990 2528 5031 :
2560 4968 2704 5031 Mihi
2736 4969 2979 5050 quidem
3025 4971 3260 5034 animus
3290 4978 3381 5033 est
3407 4969 3626 5050 gaudio

1966 5060 2253 5141 repletus,
2282 5058 2707 5134 consideranti,
2734 5060 2894 5137 quod
2920 5059 3188 5124 Christus
3210 5060 3378 5124 vobis
3400 5067 3625 5124 tantam

1973 5149 2207 5211 dederit
2227 5148 2665 5228 fortitudinem,
2692 5155 2754 5209 ut
2776 5166 2987 5230 magno
3005 5150 3206 5214 animo
3222 5148 3461 5213 ferratis
3484 5156 3619 5215 tan-

1972 5247 2089 5301 tam
2143 5238 2418 5300 dolorum
2451 5236 2887 5302 acerbitatem:
2954 5240 3138 5320 magis
3165 5246 3362 5302 autem
3421 5238 3621 5302 laetata

1974 5340 2193 5402 essem,
2228 5327 2279 5389 si
2332 5343 2438 5389 vos
2483 5326 2765 5389 vidissem
2825 5329 3104 5411 martyrio
3149 5334 3617 5393 consummatos.

1972 5418 2307 5501 Lacrymari
2338 5436 2476 5480 vero
2496 5424 2585 5480 est
2601 5418 2911 5500 proprium
2929 5422 3207 5483 humanae
3230 5428 3458 5483 natura
3483 5436 3618 5501 quae

229 5524 302 5592 τῷ
331 5526 587 5594 συγγενεῖ
642 5510 1071 5590 λαμϐρανούσης.
1137 5509 1306 5568 Ἀλλὰ
1362 5511 1436 5585 μὴ
1486 5509 1769 5568 λυπεῖσθαί
1801 5531 1883 5586 σε,

1986 5517 2241 5571 novetur
2280 5506 2694 5570 misericordia
2745 5511 2898 5589 ejus,
2934 5510 3089 5592 quod
3123 5518 3212 5573 est
3252 5508 3368 5572 sibi
3395 5525 3618 5588 genere

230 5610 256 5666 ὃ
311 5610 461 5668 θεῖος
538 5601 732 5681 ἰωσὴρ
802 5600 1138 5679 ἀπεκρίνατο,
1214 5598 1350 5675 μηδὲ
1417 5599 1657 5678 δακρύειν
1728 5602 1883 5673 ἡμῶν

1986 5601 2387 5680 :onjunctum.
2439 5598 2558 5661 Sed
2614 5616 2735 5660 non
2784 5608 3020 5681 oportet
3075 5608 3133 5663 te
3183 5599 3389 5663 dolore
3428 5597 3616 5680 afﬁci.

231 5702 409 5763 ἕνεκεν
440 5694 580 5780 χρὴ,
615 5691 976 5768 ἐπισταμένην
1006 5691 1215 5755 πάντως
1274 5692 1349 5756 ὡς
1404 5692 1457 5747 αἱ
1513 5689 1597 5749 διὰ
1658 5692 1883 5770 Χριστὸν

1986 5708 2163 5773 neque
2204 5687 2520 5769 lacrymari
2565 5695 2810 5769 proyter
2861 5707 2993 5768 nos,
3024 5687 3333 5771 respondit
3374 5685 3607 5753 divinus
