4066 6410
423 383 534 453 851

1669 377 2056 443 ADDENDA.
2104 406 2184 420 -—
2234 372 2563 437 APRlLlS.

3693 366 3811 432 825

421 517 668 602 Joseph,
721 536 856 583 cum
910 519 1152 582 omnino
1202 517 1376 589 scias,
1413 514 1572 592 quod
1637 533 1768 595 quae
1827 519 2068 602 propter

2169 508 2354 586 ιλίψεις
2418 509 2636 567 αἰωνίου
2693 505 2934 585 πρόξενοι
3020 506 3339 586 εὐφροσύνης
3399 507 3486 564 καὶ
3541 504 3814 582 βασιλείας

424 601 726 674 Christum
752 610 1155 688 suscipiuntur
1176 604 1842 678 afﬂictiones,aeternam
1875 601 2079 663 conci-

424 697 577 761 lient
607 699 869 761 laetitiam
899 710 958 758 et
990 714 1233 775 regnum
1253 695 1564 757 caelorum.
1589 692 1695 755 Die
1717 700 1913 752 autem
1940 690 2082 751 illu-

428 797 730 864 cescente,
758 805 968 849 rursus
986 787 1240 848 latenter
1261 785 1655 845 restituuntur
1675 783 1732 842 in
1756 797 2078 842 carcerem.

508 876 667 940 XXI.
697 876 840 939 Cum
867 894 968 936 se:
1001 882 1197 936 autem
1233 891 1472 934 menses
1506 869 2083 953 praeteriissent,de—

426 964 670 1046 ponitur
687 966 928 1046 quidem
945 983 978 1026 a
993 965 1332 1043 magistratu
1359 963 1430 1036 is,
1453 961 1553 1042 qui
1578 969 1815 1022 sanctos
1838 977 2085 1038 accepe-

421 1062 608 1135 rat,ut
631 1052 933 1135 lapidibus
958 1053 1374 1114 obruerentur:
1394 1051 1544 1111 alius
1565 1059 1758 1112 autem
1790 1068 1859 1110 eo
1879 1049 2086 1110 saevior

424 1143 481 1206 ei
511 1143 796 1215 succedit,
835 1142 1079 1204 nemine
1128 1141 1367 1214 Zeroth,
1408 1141 1503 1202 cui
1556 1141 1727 1200 etiam
1759 1157 1858 1202 rex
1893 1139 2081 1218 impe-

421 1241 677 1306 raverat,
707 1240 772 1294 ut
793 1231 1214 1312 comprehensi
1239 1229 1580 1300 Christiani,
1603 1229 2075 1290 Christianorum

420 1320 706 1383 manibus
732 1320 955 1395 obruti,
991 1318 1506 1380 interimerentur.
1541 1317 1684 1380 Cum
1718 1335 1857 1396 ergo
1888 1316 2078 1376 venis-

421 1418 510 1472 set
533 1409 607 1473 ad
632 1409 956 1483 civitatem,
984 1417 1042 1470 et
1065 1409 1218 1486 ignis
1250 1408 1537 1487 templum
1570 1407 2074 1484 essetingressus,

421 1498 489 1562 ut
533 1501 730 1578 ignem
762 1498 1057 1567 adoraret,
1090 1499 1142 1558 ei
1179 1497 1452 1557 dixerunt
1502 1497 1653 1574 ignis
1684 1495 2026 1556 adoratores
2059 1513 2072 1554 :

2166 601 2400 676 οὑρανῶν
2451 600 2814 657 καθίστανται.
2873 595 3012 664 ’Ἡδη
3064 594 3117 652 δὲ
3173 601 3270 663 τῆς
3321 597 3520 674 ἡμέρας
3569 599 3816 673 ὑπαυγα-

2166 690 2360 760 ζούσης
2413 695 2477 765 νῇ
2509 689 2690 766 εἱρκτῇ
2746 686 2905 744 πάλιν
2963 687 3100 742 κατὰ
3149 687 3210 742 τὸ
3262 684 3488 754 λεληθὸς
3546 684 3818 744 ἀποδίδονο

2168 799 2278 840 ται.

2252 867 2381 931 ΚΛ’,
2439 865 2536 931 ’Ἐξ
2565 864 2619 921 δὲ
2675 864 3048 933 διεληλυθὸτον
3098 873 3284 942 μηνῶν
3337 864 3659 944 παραλύεται
3719 865 3818 939 μὶν

2165 957 2260 1025 τῆς
2329 957 2506 1035 ἀρχῆς
2563 957 2591 1012 ὂ
2672 957 2795 1020 τοὺς
2865 955 3044 1032 ἁγίους
3099 955 3184 1012 ἐπὶ
3258 962 3334 1029 τῷ
3399 955 3817 1022 καταλεῦσθῆναι

2164 1044 2512 1124 παραλαϐὼν,
2567 1042 2745 1120 ἕτερος
2790 1043 2844 1100 δέ
2901 1052 3087 1102 τοῦτον
3145 1043 3434 1124 δεινότερος
3485 1043 3810 1124 διαδέχεται,

2162 1135 2391 1210 τοῦνομα
2452 1135 2738 1213 Ναζερὼθ,
2795 1135 2840 1208 ᾦ
2895 1137 2988 1190 καὶ
3043 1135 3358 1213 πρόσταγμα
3413 1133 3688 1211 βασιλικὸν
3748 1137 3816 1202 ἦν

2161 1225 2297 1281 ὥστε
2349 1225 2470 1288 τοὺς
2502 1222 2894 1304 συλληφθέντας
2953 1225 3295 1302 Χριστιανοὺς
3339 1225 3494 1302 χερσὶ
3557 1231 3813 1302 Χριστια-

2367 1312 2526 1378 λίθοις
2616 1311 2978 1389 βαλλομένους
3051 1313 3402 1390 ἀναιρεῖσθαι,
3505 1311 3816 1372 Ἐπιστάντι

2163 1412 2288 1478 γοῦν
2339 1409 2408 1475 τῇ
2465 1402 2621 1459 πόλει
2692 1404 2780 1458 καὶ
2831 1405 2922 1459 τὸν
2977 1411 3068 1461 τοῦ
3129 1405 3289 1482 πυρὸς
3347 1405 3469 1460 ναὸν
3530 1403 3818 1460 εἰσελθόντι

2163 1485 2249 1551 διὰ
2304 1493 2661 1571 προσκύνησιν
2713 1495 2758 1548 οἱ
2809 1502 2901 1551 τοῦ
2941 1495 3103 1572 πυρὸς
3146 1491 3445 1571 λατρευταὶ,
3483 1495 3592 1550 Εἰσί
3648 1515 3815 1568 τινες,

2161 1321 2264 1371 νῶν

421 1589 575 1650 Sunt
606 1587 847 1669 quidam
891 1587 1127 1666 hicjam
1161 1587 1338 1662 longo
1373 1598 1644 1666 tempore
1671 1584 1992 1647 Christiani
2025 1584 2081 1643 in

2169 1585 2349 1662 εἶπον,
2409 1582 2627 1638 ἐνταῦθα
2688 1583 2997 1659 Χριστιανοὶ
3065 1585 3261 1662 συχνὸν
3325 1581 3428 1650 ἥδη
3507 1585 3703 1663 χρόνον
3764 1585 3821 1640 ἐν

421 1685 550 1739 tuta
574 1677 788 1739 inclusi
811 1676 1101 1757 custodia,
1128 1677 1229 1756 qui
1254 1677 1435 1756 prius,
1471 1684 1532 1736 ut
1563 1674 1736 1735 nobis
1758 1674 1866 1734 fuit
1895 1672 2081 1751 signi-

2169 1671 2401 1751 ἀσφαλεῖ
2460 1677 2657 1750 φρουρῇ
2715 1670 3245 1750 κατακεκλεισμένοι,
3277 1673 3330 1729 οἳ
3390 1675 3478 1729 καὶ
3538 1673 3820 1752 πρότερον,

422 1767 691 1842 licatum,
726 1766 1093 1846 gravissimis
1115 1765 1368 1845 subjecti
1394 1763 1703 1845 suppliciis
1730 1781 1800 1824 ac
1828 1771 2081 1823 tormen-

2169 1764 2240 1823 ὡς
2289 1763 2424 1836 ἡμῖν
2470 1761 2732 1838 ἐγνώσθη,
2781 1763 3054 1826 αἰκισμοῖς
3111 1760 3308 1841 σφόδρα
3366 1761 3624 1842 χαλεπῶς
3680 1765 3822 1820 ὑπο-

422 1856 525 1930 tis,
560 1873 679 1916 non
737 1863 1061 1935 potuerunt
1105 1854 1332 1924 induci,
1381 1863 1446 1914 ut
1491 1871 1657 1914 suam
1715 1851 2081 1932 abnegarent

2169 1850 2452 1917 ϐληθέντες
2499 1855 2598 1916 τῆς
2630 1847 2758 1916 ίδὶας
2815 1852 2910 1908 οὑκ
2968 1850 3286 1917 ἐπείσθησαν
3330 1850 3532 1930 ἔξαρνοι
3580 1853 3822 1931 γενέσθαι

422 1943 804 2025 religionem.
841 1943 977 2006 Hac
1023 1962 1156 2004 cum
1191 1944 1321 2022 ipse
1369 1941 1713 2015 audivisset,
1749 1960 1852 2002 eos
1881 1942 2080 2002 statim

417 2032 591 2114 jubet
641 2033 772 2094 sisti
805 2052 910 2113 pro
961 2032 1273 2105 tribunali,
1309 2041 1365 2093 et
1411 2033 1498 2094 eis
1549 2031 1694 2092 dicit
1730 2052 1744 2092 :
1779 2033 1926 2093 Cum
1980 2049 2081 2091 rex

422 2121 681 2203 Sapores
712 2123 976 2184 munitas
999 2122 1245 2199 quidem
1275 2132 1332 2184 et
1366 2121 1593 2182 validas
1627 2121 1906 2182 everterit
1934 2118 2084 2180 civi-

421 2219 667 2286 tates,et
689 2211 906 2274 multas
921 2221 1130 2291 gentes
1148 2219 1486 2292 oppugnata
1521 2210 1791 2272 difﬁciles
1822 2209 2081 2287 redege-

424 2299 506 2361 rit
534 2300 593 2362 in
627 2299 994 2374 servitutem,
1023 2300 1319 2380 quomodo
1381 2319 1501 2371 vos,
1536 2303 1634 2380 qui
1670 2299 1812 2360 estis
1841 2299 2080 2379 quidem

423 2387 486 2449 in
521 2389 651 2468 ejus
683 2398 996 2469 potestate,
1023 2391 1156 2468 ejus
1179 2397 1375 2450 autem
1410 2397 1585 2450 terra;
1611 2389 1843 2450 habetis
1874 2405 2080 2448 usum-

423 2475 1048 2558 fructum,perindeac
1067 2477 1171 2558 qui
1198 2477 1272 2539 ab
1296 2496 1366 2540 eo
1399 2477 1901 2556 defeceritis,ejus
1917 2477 2085 2556 jussa

422 2573 737 2646 tantopere
770 2566 1123 2648 despicitis?
1151 2567 1242 2629 Ad
1278 2568 1403 2628 hazc
1431 2566 1650 2648 Joseph
1687 2566 1787 2628 ille
1825 2566 2087 2628 admira-

425 2653 670 2718 bilis:Si
700 2655 1391 2736 tyrannidem,inquit,et
1413 2655 1797 2718 rebelliorum
1826 2656 2083 2732 aliquam

425 2747 809 2807 movlssemus
829 2750 1106 2808 adversus
1130 2765 1320 2821 regem
1346 2759 1952 2820 vestrum,opporteret
1972 2763 2089 2805 om-

424 2833 566 2890 nlno
587 2832 777 2903 ipsum
807 2833 974 2890 illatis
999 2835 1178 2890 armis
1199 2843 1252 2890 et
1269 2845 1468 2891 coacto
1499 2837 1760 2892 exercitu
1784 2848 1890 2891 nos
1927 2835 2089 2889 inva—

424 2915 594 2998 dere,
621 2925 720 2978 aut
738 2919 918 2978 alium
940 2926 1105 2980 certe
1121 2919 1400 2981 adversus
1417 2938 1527 2980 nos
1540 2925 1795 2992 mittere,
1817 2919 1913 2998 qui
1937 2926 2094 2979 esset

425 3016 487 3070 et
514 3027 690 3070 manu
721 3009 911 3090 fortis,
947 3019 1006 3072 et
1033 3029 1235 3072 rerum
1283 3013 1652 3092 experientia
1687 3011 1996 3089 praeditus,
2032 3020 2090 3072 et

424 3098 498 3158 ad
559 3098 901 3161 ducendum
962 3102 1283 3163 exercitum
1349 3101 1624 3162 idoneus.
1680 3100 1794 3162 Sed
1860 3109 2083 3159 tantum

2164 1942 2469 2018 Opnaxstac.
2532 1939 2745 1998 Τούτων
2804 1941 2959 2004 αὑτὸς
3018 1940 3246 2004 ἀκούσας
3291 1948 3626 2022 παραχρῆμα
3693 1944 3820 2009 τοὺς

2165 2030 2343 2107 ἁγίους
2395 2034 2472 2102 τῷ
2540 2030 2744 2105 βήματι
2829 2035 3164 2108 παραστῆναι
3227 2029 3452 2106 κελεύει,
3518 2031 3614 2088 καῖ
3680 2056 3818 2114 φησι

2165 2121 2295 2194 πρὸς
2355 2117 2566 2182 αὑτούς⁸
2652 2125 2754 2176 T06
2812 2116 3073 2194 βασιλέως
3134 2120 3411 2198 Σαπωρίου
3470 2120 3652 2188 πόλεις
3713 2123 3816 2198 μὲν

2165 2209 2364 2287 ὀχυρὰς
2407 2207 2932 2284 καταστρεψαμένου,
2980 2207 3102 2273 ἔθνη
3141 2229 3198 2264 τε
3257 2208 3491 2266 πλεῖστα
3547 2212 3816 2269 καταδου-

2166 2296 2475 2372 λωσαμένου
2546 2297 3034 2372 ὲῦσκαταγώνιστα,
3067 2305 3182 2363 πῶς
3214 2299 3368 2371 ὑμεῖς
3424 2301 3525 2357 ὑπὸ
3557 2303 3652 2368 τὴν
3713 2305 3820 2359 αὑ-

2165 2395 2257 2445 τοῦ
2313 2387 2410 2462 μὲν
2443 2400 2609 2466 χεῖρα
2667 2385 2960 2461 τελοῦντες,
2993 2387 3091 2454 τὴν
3140 2388 3297 2448 αὑτοῦ
3348 2387 3400 2444 δὲ
3458 2393 3818 2470 καρπούμενοι

2165 2476 2288 2554 γῆν,
2323 2477 2501 2555 ὥσπερ
2549 2475 2846 2533 ἀποστάται
2875 2477 3015 2540 τινὲς
3055 2476 3264 2544 πολλὴν
3303 2478 3459 2539 αὑτοῦ
3513 2481 3819 2560 κατέγνωτε

2165 2572 2272 2622 τῶν
2330 2565 2755 2645 προσταγμάτων
2811 2565 3136 2648 ὀλιγωρίαν,
3200 2569 3336 2644 Πρὸς
3392 2591 3555 2625 ταυτα
3600 2573 3627 2627 ὁ
3683 2575 3818 2631 θαυ-

2171 2656 2370 2728 μαστὸς
2426 2655 2649 2734 Ἰωσὴφ,
2712 2656 2769 2712 El
2825 2653 3098 2732 τυραννίδα
3149 2657 3268 2713 τινὰ
3326 2660 3412 2715 καὶ
3467 2659 3820 2741 ἀποστασίαν,

2171 2743 2298 2824 ἔφη,
2362 2745 2499 2802 κατὰ
2570 2752 2664 2802 τοῦ
2749 2745 3011 2822 βασιλέως
3068 2747 3215 2822 ὑμῶν
3271 2750 3658 2830 κεκινήκαμεν,
3719 2751 3824 2808 ἔδει

2176 2834 2252 2890 πά
2268 2856 2393 2896 δτως
2426 2834 2584 2890 αὑτὸν
2643 2833 2782 2890 ὅπλα
2817 2855 2872 2889 τε
2913 2836 3000 2890 καὶ
3048 2838 3271 2913 στρατὸν
3303 2837 3633 2915 ἑπαγομενον
3687 2843 3827 2916 ἡμῖν

2175 2924 2461 2997 ἒπιθέσθαι,
2504 2929 2540 2989 ἦ
2600 2931 2722 3001 γοῦν
2780 2923 2957 3000 ἕτερον
3015 2923 3134 2981 καθ’
3189 2927 3344 2999 ἡμῶν
3403 2928 3676 3006 ἐκπέμψαι
3733 2933 3825 2987 τὸν

2175 3014 2260 3068 καὶ
2319 3027 2485 3092 χεῖρα
2542 3026 2788 3090 γενναῖον
2838 3017 2925 3069 καὶ
2969 3028 3161 3092 πεῖραν
3219 3018 3398 3072 ἱκανὸν
3451 3021 3536 3074 καὶ
3587 3041 3822 3096 στρατη-

2173 3115 2289 3178 γεῖν
2353 3101 2686 3166 δεξιώτατον,
2762 3101 2927 3158 Ἀλλά
2993 3104 3244 3160 τοσοῦτον
3300 3109 3463 3180 ἡμεῖς
3543 3107 3817 3184 ἀπέχομεν

425 3185 617 3268 abest,
642 3196 706 3249 ut
737 3207 843 3250 nos
867 3188 1003 3250 talia
1023 3190 1460 3268 aggrediamur,
1493 3198 1558 3249 ut
1587 3208 1703 3248 non
1737 3189 1941 3259 alium,
1977 3187 2079 3247 sed

2169 3189 2424 3248 τοιούτοις
2471 3189 2793 3268 ἐπιχειρεῖν,
2826 3191 2963 3246 ὥστε
3016 3194 3110 3248 οὑκ
3170 3192 3352 3269 ὂίὶλον,
3386 3195 3531 3269 ἀλμὰ
3588 3195 3645 3250 σὲ
3702 3193 3819 3250 καθ’

426 3282 486 3337 te
509 3274 803 3338 adversus
831 3297 940 3338 nos
971 3277 1262 3349 emiserit,
1299 3279 1400 3356 qui
1431 3297 1564 3338 cum
1595 3276 1828 3336 feminis
1863 3276 2076 3354 potius,

427 3385 562 3444 qua)
591 3367 816 3443 degunt
845 3367 905 3427 in
941 3368 1236 3439 thalamis,
1273 3387 1450 3443 quam
1477 3387 1610 3429 cum
1647 3366 1785 3428 viris
1817 3385 2080 3447 pugnare

427 3456 756 3518 studueris.
817 3458 940 3518 Nos
971 3457 1129 3517 enim
1164 3457 1446 3535 nosipsos
1476 3466 1750 3536 tanquam
1785 3472 1929 3517 oves
1958 3464 2080 3516 tra-

427 3541 691 3605 didimus
745 3545 817 3605 ad
873 3543 1264 3624 occisionem,
1297 3555 1360 3606 ut
1412 3545 1513 3625 qui
1569 3546 1902 3608 diderimus
1951 3564 2082 3606 esse

427 3631 683 3711 subjecti
718 3632 996 3694 omnibus
1029 3634 1434 3714 potestatibus.
1723 3659 1726 3662 ·

507 3719 662 3785 XXII
695 3722 850 3785 Dixit
876 3742 1096 3802 praeses
1125 3745 1138 3786 :
1169 3727 1257 3785 Me
1277 3725 1348 3785 ad
1374 3724 1544 3797 iram,
1572 3732 1637 3784 ut
1658 3723 1914 3794 videtur,
1943 3744 2082 3805 pro-

423 3828 663 3884 vocans,
688 3823 749 3872 ut
773 3817 948 3872 vitam
979 3815 1080 3871 tibi
1113 3817 1283 3873 citius
1308 3816 1691 3881 adimam,nos
1721 3815 1810 3872 his
1837 3817 2082 3873 insecta-

419 3899 506 3962 ris
527 3899 932 3962 contumeliis.
963 3899 1080 3964 Sed
1114 3920 1232 3962 non
1263 3901 1602 3981 assequeris
1624 3901 1706 3982 id,
1733 3902 1890 3984 quod
1918 3902 2081 3963 desi-

423 3989 620 4052 deras.
655 3989 862 4070 Longo
889 3989 1048 4052 enim
1076 3999 1346 4070 tempore
1371 3999 1426 4052 et
1451 4010 1615 4053 mora
1640 3999 1693 4052 te
1716 3991 2078 4071 protraham,

421 4085 481 4138 et
514 4077 720 4139 multis
751 4079 1067 4141 tormentis
1097 4088 1151 4142 te
1184 4080 1464 4161 paulatim
1499 4099 1871 4141 consumam.
1903 4079 2082 4142 Jubet

422 4183 564 4244 ergo
599 4185 735 4228 eum
783 4167 1024 4229 funibus
1053 4167 1316 4230 vinctum
1341 4187 1373 4229 a
1396 4169 1648 4230 summis
1671 4168 2083 4248 pedibus,sus-

2163 3277 2322 3351 ἡμῶν
2387 3277 2685 3352 ἐκπέμψαι,
2730 3281 2823 3334 τὸν
2868 3279 3064 3356 γυναιξὶ
3105 3282 3310 3355 μᾶλλον
3365 3283 3818 3357 θαλαμευομέναις

2165 3367 2200 3432 ἢ
2260 3363 2474 3436 ἀνδράσι
2532 3364 2888 3445 διαμάχεσθαι
2951 3369 3378 3443 μεμελετηκότα.
3458 3364 3647 3447 ’[Ιμεῖς
3717 3373 3820 3451 γὰρ

2165 3457 2236 3519 ὡς
2294 3453 2530 3533 πρόϐατα
2594 3456 2809 3518 ἑαυτοὺς
2867 3456 2952 3512 ἐπὶ
3023 3461 3234 3537 σφαγὴν
3294 3459 3682 3541 ἐκδεδώκαμεν,
3743 3464 3817 3525 ὡς

2166 3542 2228 3598 ἂν
2258 3545 2640 3600 ὑποτάσσεσθαι
2673 3545 2868 3608 πάσαις
2901 3545 3154 3610 ἐξουσίαις
3185 3548 3611 3624 κεκελευσμένοι.

2251 3723 2378 3783 ΚΒ’.
2455 3722 2516 3780 Ὀ
2548 3722 2732 3802 ἅρχων
2761 3724 2942 3780 εἶπεν·
3001 3724 3096 3789 Ὠς
3130 3725 3295 3799 ἔοικε,
3331 3729 3420 3782 τὸν
3450 3727 3579 3803 ἐμὸν
3631 3729 3816 3806 ἀνερε-

2164 3812 2317 3882 θίζων
2371 3813 2534 3885 θυμὸν
2584 3811 2668 3868 ἐπὶ
2727 3815 2787 3868 τὸ
2835 3813 3026 3892 τάχιόν
3083 3837 3141 3871 σε
3201 3824 3293 3871 τοὺ
3359 3824 3456 3894 ζῇν
3513 3817 3818 3884 ἀπαλλάξαι

2167 3914 2290 3962 ταῖς
2347 3898 2523 3978 ὕϐρεσι
2554 3903 2770 3965 ταύταις
2827 3904 2946 3959 καθ’
2970 3905 3126 3978 ἡμῶν
3189 3904 3480 3985 κέχρησαι.
3517 3905 3673 3964 Ἀλλ’
3728 3911 3827 3967 οὑκ

2167 3989 2412 4067 ἐπιτεύξῃ
2483 3999 2577 4048 τοῦ
2633 3991 2990 4061 παθουμένουο
3076 3994 3260 4072 χρόνῳ
3335 3996 3436 4072 γὰρ
3505 3999 3592 4052 καὶ
3665 3997 3824 4077 τριϐῇ

2165 4077 2465 4157 παραδώσω
2493 4100 2551 4134 σε
2604 4081 2692 4136 καὶ
2723 4079 2950 4145 πολλαῖς
2981 4083 3230 4156 βασάνοις
3274 4082 3392 4140 κατ’
3421 4084 3598 4165 ὀλίγον
3628 4085 3826 4152 ἐξανα-

2165 4167 2347 4227 λώσω.
2430 4167 2642 4226 Κελεύει
2702 4170 2870 4225 τοίνυν
2961 4173 3219 4250 σχοινίοις
3299 4173 3471 4248 ἄκρων
3548 4175 3826 4234 εκδεθέντα

422 4255 605 4336 pendi
654 4255 870 4337 capite,
924 4258 1236 4318 exsiccatis
1286 4267 1484 4318 autem
1544 4257 1720 4318 boum
1775 4258 1974 4318 nervis
2028 4260 2081 4318 ei

2172 4254 2345 4312 ποδῶν
2410 4257 2545 4312 κατὰ
2574 4256 2810 4334 κεφαλῆς
2869 4263 3255 4335 κρεμασθῆναι,
3288 4263 3487 4338 βοείαις
3517 4263 3572 4320 δὲ
3631 4265 3825 4343 ξηραῖς

423 4346 626 4424 plagas
658 4347 867 4424 inﬂigi.
903 4344 1002 4408 Sic
1032 4365 1175 4425 ergo
1204 4364 1368 4407 vente
1395 4353 1614 4426 aperta;
1651 4353 2081 4406 tormentorum

2169 4345 2260 4406 τὰς
2315 4343 2538 4424 πληχάς
2596 4344 2969 4410 επιξαίνεσθαι.
3032 4349 3209 4415 Οὕτως
3267 4353 3355 4407 οὖν
3415 4355 3467 4409 αἱ
3497 4353 3685 4433 φλέϐες
3743 4362 3826 4431 τῷ

419 4433 727 4509 violentia,
777 4444 1052 4515 tanquam
1115 4453 1184 4495 ex
1244 4434 1405 4495 fonte
1466 4433 1814 4514 praebebant
1863 4435 2081 4494 ﬂuxum

2170 4433 2317 4509 βιαίῃ
2375 4440 2481 4489 τῶν
2535 4435 2798 4509 αἰκισμῶν
2859 4435 3319 4514 ἀναστομωθεῖσαι
3377 4443 3453 4507 ὡς
3513 4445 3575 4501 ὲκ
3633 4451 3823 4520 πηγῆς

419 4523 754 4601 sanguinis.
790 4523 900 4594 Qui
936 4540 1076 4584 vero
1109 4521 1588 4583 circumsistebat
1621 4521 1895 4602 populus,
1916 4521 2081 4600 judi-

2172 4535 2439 4601 παρεῖχον
2496 4523 2563 4578 τὰ
2622 4523 2828 4598 ανματα
2905 4527 3209 4606 καταῤῥεῖν.
3285 4531 3356 4589 Τὸ
3413 4530 3468 4588 δὲ
3537 4515 3820 4608 περιεστὸς

422 4629 553 4674 cem
632 4627 924 4672 accusans
995 4611 1404 4690 immanitatis,
1465 4611 1536 4671 ad
1613 4611 2081 4672 misericordiam

2171 4609 2389 4702 πλῆθοςΔ
2454 4615 2553 4678 τὴν
2610 4615 2706 4670 τοὺ
2785 4613 3032 4674 δικαστοῦ
3103 4620 3449 4698 μεμφόμενον
3517 4622 3817 4702 ἀγριότητα

423 4698 774 4762 movebatur
823 4709 882 4760 et
935 4701 1008 4762 ad
1071 4702 1375 4780 Iacrymas,
1411 4710 1661 4780 stupens
1717 4701 2087 4762 sacrosancti

419 4789 584 4852 senis
615 4788 1014 4851 tolerantiam.
1051 4789 1301 4861 Quidam
1337 4795 1535 4851 autem
1591 4809 1659 4851 ex
1696 4791 1945 4869 magnis,
1984 4791 2085 4871 qui

419 4878 1211 4954 circumsistebant,secreto
1242 4880 1600 4941 accedentes
1629 4881 1700 4940 ad
1738 4888 2076 4960 martyrem,

421 4967 726 5032 dicebant:
762 4968 930 5031 Clum
960 4968 1272 5032 nobiscum
1305 4969 1623 5045 ingredere
1655 4971 1713 5029 in
1751 4969 1935 5030 nostri
1974 4969 2083 5031 Dei

421 5057 740 5137 templum,
775 5058 826 5119 si
878 5077 912 5119 a
965 5058 1164 5120 multis
1222 5059 1408 5138 aspici
1459 5058 1786 5132 erubescis,
1830 5067 1888 5119 et
1947 5078 2079 5119 cum

418 5147 807 5229 sacriﬁcaris,
838 5147 1097 5210 liberare
1123 5167 1157 5209 a
1185 5147 1520 5228 suppliciis.
1551 5147 1658 5209 ille
1680 5157 1903 5209 autem:
1939 5149 2083 5210 Dis-

417 5235 614 5299 cedite
649 5255 681 5297 a
715 5256 831 5317 me,
862 5237 1020 5299 clara
1043 5255 1191 5299 voce
1219 5238 1365 5299 dixit
1402 5259 1420 5299 :
1454 5238 1768 5312 discedite,
1795 5236 1894 5318 qui
1932 5257 2081 5317 ope-

418 5326 640 5388 ramini
687 5327 1086 5407 iniquitatem,
1122 5327 1401 5408 quoniam
1444 5328 1734 5389 Dominus
1781 5329 2084 5389 exaudixit

426 5415 917 5497 deprecationem
953 5416 1412 5479 meam.Deinde
1444 5436 1577 5478 cum
1615 5427 1732 5478 tres
1764 5417 1928 5478 hom
1953 5419 2078 5497 jam

418 5506 876 5587 prmteriissent,
926 5505 1099 5585 jubet
1157 5524 1290 5566 eum
1355 5505 1680 5568 relaxatum
1744 5525 1777 5566 a
1835 5507 2080 5568 vinculis

412 5613 621 5657 coram
643 5614 708 5658 se
739 5595 888 5674 sisti,
917 5603 999 5672 et,
1024 5594 1202 5671 Quid,
1232 5595 1442 5676 inquit,
1478 5595 1858 5674 paresjussui
1895 5596 2076 5674 regis,

413 5692 472 5747 et
495 5685 670 5746 vitam
701 5685 873 5747 morti
895 5684 1160 5768 praefers,
1181 5703 1258 5748 an
1283 5692 1435 5749 non?
1455 5685 1789 5766 Respondit
1811 5694 2074 5747 sanctus:

2171 4700 2300 4777 πρὸς
2330 4699 2516 4758 οἶκτον
2563 4705 2826 4761 ἐκινοῦντο
2870 4706 2957 4762 καὶ
2988 4705 3204 4786 διέκρῖη,
3240 4710 3330 4765 τὸν
3387 4711 3524 4786 ἱερὸν
3569 4699 3818 4791 πρεσϐύ-

2167 4811 2266 4857 την
2343 4794 2441 4857 τῆς
2510 4793 2782 4869 ὑπομονῆς
2841 4794 3289 4871 ἐκπληττόμενοι.
3363 4801 3512 4863 Τινὲς
3583 4801 3637 4857 δὲ
3711 4811 3821 4860 τῶν

2166 4881 2536 4958 περιεστώτων
2609 4884 2797 4962 μάγων
2878 4884 2932 4940 ἐν
3005 4885 3290 4964 ἆποῤῥήτῳ
3365 4888 3673 4967 προσιόντες
3741 4895 3821 4969 τῷ

2165 4971 2410 5049 μάρτυρι,
2475 4971 2696 5030 Εῗσελθε
2770 4974 2890 5048 μεθ’
2945 4977 3124 5048 ἡμῶν,
3187 4975 3390 5054 ἔλεγον,
3449 4981 3520 5044 εἰς
3578 4983 3670 5038 τὸν
3725 4993 3822 5042 τοῦ

2166 5060 2296 5117 Θεοῦ
2337 5063 2493 5135 ἡμῶν
2537 5064 2662 5118 ναὸν
2707 5063 2759 5118 ἐν
2805 5070 2998 5140 κρυφὴ,
3047 5064 3100 5119 εἴ
3145 5087 3204 5142 γε
3251 5070 3339 5123 καὶ
3383 5069 3478 5136 τὴν
3521 5078 3628 5127 τῶν
3671 5071 3818 5129 πολ-

2166 5148 2274 5204 λῶν
2331 5149 2454 5225 ὄψιν
2505 5152 2755 5230 αἰσχύνῃ,
2787 5154 2875 5208 καὶ
2921 5153 3103 5226 θύσας,
3156 5154 3492 5233 ἀπαλλάγηθι
3550 5166 3657 5216 τῶν
3715 5183 3818 5219 κο·-

2166 5237 2397 5297 λάσεων.
2435 5237 2494 5297 Ὀ
2525 5239 2604 5313 δὲ,
2641 5239 2942 5308 Ἀπόστητε
3002 5240 3095 5298 ἀπ’
3127 5243 3280 5319 ἐμοῦ,
3316 5247 3439 5303 εἷπε
3471 5246 3692 5327 λαμπρᾷ
3751 5257 3819 5327 τῇ

2165 5330 2340 5408 φωνῇ,
2380 5328 2672 5417 ἀπόστητε,
2705 5330 2753 5384 οἱ
2785 5331 2883 5397 τὴν
2927 5330 3149 5406 ἀνομίαν
3189 5334 3554 5417 ἐργαζόμενοι,
3593 5339 3674 5395 ὅτι
3711 5341 3819 5396 Κύ-

2163 5439 2270 5495 ριος
2331 5422 2428 5483 τῆς
2456 5415 2686 5486 δεήσεως
2733 5439 2834 5492 μου
2878 5422 3204 5485 είσήκουσεν.
3244 5425 3404 5494 ξΕἶτα
3447 5415 3605 5504 τριῶν
3665 5431 3819 5504 ὡρῶν

2162 5505 2266 5574 ἤδη
2321 5504 2606 5562 διελουσῶν
2663 5508 2867 5564 κελεύει
2927 5510 3173 5569 ἀνεθέντα
3228 5519 3334 5570 τῶν
3387 5515 3616 5594 πληγῶν
3674 5521 3816 5591 αὑτῷ

2162 5599 2526 5673 παραστῆναε’
2585 5597 2702 5672 καί,
2737 5599 2818 5676 Τί,
2874 5604 3035 5678 φησι,
3073 5603 3231 5675 πείθῳ
3283 5609 3358 5676 τῷ
3403 5612 3493 5661 τοῦ
3549 5606 3808 5682 βασιλέως

2163 5683 2558 5764 προστάγματι,
2593 5688 2678 5743 καὶ
2738 5687 2796 5743 τὰ
2853 5694 2950 5766 ζῇν
3009 5698 3100 5748 τοῦ
3128 5692 3417 5750 ἀποθανεῖν
3474 5694 3808 5775 ἁνταλλάττῃ
