4066 6394
263 356 381 424 853

1175 358 1592 424 CERTAMEN
1636 358 1694 421 S.
1744 353 2139 420 ACEPSIME
2182 357 2282 422 ET
2326 358 2730 424 SOCIORUM.

3519 363 3636 429 854

265 494 303 564 ἢ
360 493 467 571 ὤς
528 482 587 554 Ὀ
644 495 796 575 ἅγιος
853 495 1218 575 ἀπεκρίνατος
1267 495 1356 563 Μὴ
1409 493 1614 575 γένοιτό
1646 493 1736 570 μοί
1780 513 1934 550 ποτε⁴

2006 489 2184 568 Absit,
2218 501 2283 556 ut
2310 514 2419 575 ego
2452 515 2716 578 unquam
2749 514 2879 559 eam
2910 497 3086 561 vitam
3145 497 3404 580 cupiam,
3431 498 3490 560 in
3523 519 3639 581 qua

265 583 518 651 τοιαύτης
565 581 886 660 ἐπιθυμῆσαι
931 590 1074 656 ζωῆς
1107 584 1226 662 ἐνῇ
1276 583 1380 642 ’ίδοι
1421 607 1488 660 με
1518 587 1545 641 6
1576 583 1728 652 ἥλιος
1773 583 1914 655 αὒτῷ

265 671 472 749 μᾶλλον
530 673 566 742 ἢ
623 680 701 748 τῷ
742 679 946 750 ποιητῇ
989 677 1146 733 αὐτοῦ
1187 675 1287 730 τὶν
1329 673 1680 752 προσκύνησιν
1711 670 1912 729 ἀπονέ-

266 782 461 838 μοντα.
494 764 554 820 Τί
583 760 688 842 δαὶ,
721 763 807 820 καὶ
848 761 1208 842 προτιμητέος
1265 784 1374 840 σοι,
1420 767 1597 842 εἶπεν,
1631 764 1658 818 6
1687 761 1909 825 θάνατος

264 853 365 919 τῆς
401 851 546 922 ζωῆς
579 871 595 929 ;
631 841 689 910 Ὀ
733 841 1018 930 ἕγιοςνέφη
1053 868 1068 882 ·
1103 852 1206 909 Ναί
1237 869 1250 884 ⁸
1290 853 1318 908 6
1349 853 1449 931 γὰρ
1487 841 1711 916 θάνατος
1755 849 1908 914 οὗτος

267 939 516 1020 προξενὸς
575 963 668 1018 μοι
723 945 865 1014 ζωῆς
914 943 1114 1020 γίνεται
1157 941 1366 998 αἰωνίου
1397 941 1607 1020 ἀγαθῶν
1654 961 1712 996 τε
1769 938 1911 996 πολ-

264 1029 375 1086 λῶν
410 1031 549 1106 ἡμῖν
604 1031 920 1088 καθίσταται
978 1031 1153 1095 αἴτιος
1209 1029 1243 1086 ἃ
1298 1028 1416 1088 οὕτε
1472 1028 1771 1110 ὀφθαλμοῖς
1801 1029 1910 1085 ἐστι

262 1119 424 1178 θεατὰ
477 1117 596 1177 οὔτε
624 1121 753 1178 ὠσὶν
782 1119 1036 1194 ἀκουστὰ,
1091 1118 1208 1176 οὔτε
1264 1120 1370 1196 μὴν
1413 1119 1733 1187 καταληπτὰ
1789 1118 1910 1176 δια-

261 1211 399 1282 νοίᾳ.
474 1211 610 1288 Πρὸς
664 1218 830 1270 ταῦτα
903 1212 932 1267 6
990 1207 1151 1288 εἴρων
1198 1209 1406 1271 ἐκεῖνος
1462 1211 1550 1266 καὶ
1607 1207 1910 1289 χλευαστὴς

260 1299 361 1357 οἷά
386 1320 486 1377 περ
530 1297 764 1378 ἑγγελῶν
819 1303 896 1373 τῷ
940 1298 1158 1378 μάρτυρι
1219 1303 1320 1366 τῆς
1364 1297 1676 1377 ἀπολογίας,
1726 1296 1908 1375 Μεγά-

262 1387 364 1453 λας
405 1391 494 1445 οὗν
537 1390 698 1469 ἡμῖν,
743 1387 870 1470 ἔφη,
903 1389 998 1453 τὰς
1043 1389 1269 1468 χάριτας
1315 1388 1542 1468 ὀφείλεις
1594 1386 1910 1466 ὁμολογεῖν,

261 1478 314 1535 εἴ
358 1500 445 1536 σοι
497 1476 830 1547 τηλικούτων
885 1479 1098 1556 ἀγαθῶν
1154 1476 1395 1555 πρόξενοι
1483 1478 1909 1552 καθεστήκαμεν.

267 1567 488 1633 Πάντως
541 1565 596 1624 δὲ
653 1569 742 1626 καὶ
797 1570 943 1644 ἡμᾶς
997 1579 1282 1631 κοινωνοὺς
1325 1569 1495 1625 αὐτῶν
1541 1567 1780 1645 γενέσθαι
1830 1587 1913 1623 σοι

261 1657 708 1736 παρασκευάσας,
754 1656 847 1714 ἅτε
898 1656 965 1725 δὴ
1022 1659 1109 1714 καὶ
1161 1659 1438 1738 συνεργούς
1484 1680 1568 1716 σοι
1598 1655 1913 1738 γενομένους

263 1749 396 1825 πρὸς
423 1749 526 1816 τὴν
565 1752 755 1814 κτῆσιν
797 1748 895 1814 τῆς
925 1745 1136 1804 τοιᾶσδε
1188 1736 1607 1828 μακαριότητος.
1645 1736 1702 1805 Ὀ
1733 1747 1910 1822 ἅγιος.

265 1838 356 1907 Μὴ
387 1837 690 1917 εἶρωνεύου,
724 1836 872 1910 εἷπε,
907 1837 973 1894 τὰ
1024 1837 1156 1913 πρὸς
1193 1838 1362 1913 ἡμᾶς,
1422 1835 1640 1894 δικαστά
1675 1851 1689 1866 ⁸
1749 1838 1913 1911 ἡμεῖς

262 1900 362 2004 μὲν
389 1900 493 2007 γὰρ
551 1928 639 1983 καὶ
674 1900 820 1993 ’τοὺς
862 1900 1084 2007 ἐχθροὺς
1128 1900 1462 2004 διγιέζιᾷίκᾱὶ
1514 1927 1636 1990 τοὺς
1693 1900 1975 1994 μισοῦν-Β

266 2039 360 2083 τας
417 2014 598 2082 καλῶς
655 2020 842 2074 ποιεῖν
900 2017 1045 2090 παρὰ
1088 2015 1184 2084 τῆς
1243 2016 1386 2079 θείας
1443 2015 1662 2083 ἐντολῆς
1709 2037 1914 2072 πεπαι-

261 2106 489 2183 δεύμεθα
526 2123 542 2138 ⁹
586 2104 728 2174 πλὴν
787 2103 907 2162 ἀλλ’
952 2105 1054 2170 ἕως
1116 2105 1170 2162 ἐν
1217 2112 1293 2180 τῷ
1328 2105 1548 2184 παρόντι
1592 2105 1690 2182 βίῳ
1719 2103 1913 2176 ζῶντές

262 2197 453 2272 ἐσμεν,
510 2194 699 2272 ἀμέλει
757 2195 852 2252 καῖ
881 2195 1152 2276 εὐχόμεθα
1197 2199 1294 2262 τῆς
1345 2193 1555 2261 πλάνης
1613 2195 1750 2269 ὑμᾶς
1778 2193 1916 2251 ἀπο-

262 2288 493 2350 στάντας
551 2287 883 2361 μεταμαθεῖν
936 2290 1037 2353 τὴν
1092 2281 1358 2344 εὗσέϐειαν
1412 2285 1486 2349 ὡς
1543 2283 1604 2341 ἂν
1663 2283 1758 2351 εἴη
1826 2287 1915 2340 καὶ

265 2375 398 2452 ύμῖν
455 2375 604 2454 μερὶς
649 2376 738 2432 καὶ
796 2373 997 2453 κλῆρος
1040 2373 1094 2431 ἰν
1151 2387 1270 2438 τοῖς
1302 2373 1588 2454 ἀφράστοις
1643 2380 1734 2430 τοῦ
1785 2371 1916 2430 Θεοῦ

271 2464 492 2543 ἀγαθοῖς
524 2479 538 2493 '
601 2463 655 2520 ἐν
700 2461 754 2519 δὲ
797 2469 874 2538 τῷ
935 2461 1188 2539 μέλλοντι
1221 2462 1314 2541 οὗ)
1356 2463 1494 2538 ἡμῖν
1523 2459 1728 2518 δέδοται
1760 2460 1913 2518 κολά-

273 2574 410 2618 σεως
454 2551 773 2632 ἐξαιρεῖσθαι
804 2553 840 2622 ἢ
869 2553 934 2610 τὰ
963 2552 1136 2631 ἀγαθὰ
1184 2549 1386 2609 διδόναι
1421 2569 1434 2584 ο
1495 2558 1648 2610 τοῦτο
1697 2552 1798 2631 γὰρ
1840 2557 1917 2625 τῷ

269 2646 390 2717 Θεῷ
446 2655 624 2700 κεῖται
687 2642 837 2719 μόνῳ
884 2647 963 2716 τῷ
1030 2641 1126 2698 καί
1185 2639 1419 2708 ἐξουσίαν
1474 2639 1662 2721 ἔχοντι
1723 2641 1917 2720 κρίνειν

266 2732 472 2805 ζῶντάς
495 2753 554 2790 τε
583 2733 672 2789 καὶ
702 2730 940 2809 νεκρούς.

354 2819 492 2883 ΚΓ’.
528 2811 586 2878 Ὀ
616 2818 800 2900 ἄρχων
829 2819 933 2900 ἔφη
970 2837 984 2852 ⁸
1043 2819 1147 2882 Τὰς
1205 2817 1455 2882 τοιαύτας
1495 2815 1806 2898 ὶρεσχελίας
1864 2815 1919 2873 ἐν

272 2915 351 2985 τῷ
411 2909 630 2988 παρόντι
673 2907 985 2967 καταλιπὼν
1043 2908 1130 2964 καὶ
1171 2907 1238 2964 τὰ
1304 2901 1782 2984 ὀνειροπολούμενά
1834 2928 1916 2963 σοι

267 3000 417 3057 ταυτὶ
470 3000 664 3078 ἀγαθὰ,
725 3021 802 3074 τῳ
874 2997 1138 3075 βασιλικῷ
1209 2996 1582 3076 προστάγματι
1645 2997 1913 3063 πείσθητι.

268 3089 426 3148 Ἐπεὶ
471 3087 824 3155 τηλικαύταις
861 3086 1114 3146 ὑποϐαλῶ
1169 3107 1228 3142 σε
1285 3090 1560 3163 τιμωρίαις
1607 3087 1680 3149 ὡς
1711 3083 1795 3141 διὰ
1825 3087 1921 3142 σοῦ

269 3179 512 3240 καὶτοὺς
565 3177 758 3242 ἄλλους
811 3181 1092 3244 πεισθῆναι
1151 3177 1491 3246 Χριστιανοὺς
1542 3177 1648 3232 τῶν
1679 3175 1732 3231 ἐν
1764 3175 1920 3254 χερσὶ

1999 599 2094 643 me
2120 582 2208 644 sol
2254 585 2466 647 viderit
2521 587 2634 647 sibi
2690 587 2910 668 potius,
2971 605 3149 666 quam
3185 589 3314 668 ejus
3346 587 3632 664 eﬂ‘ectori,

1995 670 2354 734 tribuentem
2386 674 2820 740 adorationem.
2855 676 3006 749 Quid
3031 677 3274 740 autem?
3304 684 3472 740 estne
3506 677 3636 752 tibi,

1993 758 2208 842 inquit,
2253 781 2412 824 mors
2463 764 2597 826 vitae
2654 765 3096 846 prmponenda?
3156 765 3406 829 Sanctus
3437 766 3633 829 dixit:

1996 849 2192 914 Certe.
2226 850 2363 914 Haec
2389 853 2550 915 enim
2573 873 2732 916 mors
2759 855 2896 918 mihi
2922 855 3094 916 vitam
3121 863 3404 918 aeternam
3429 856 3638 918 conci-

1993 937 2121 1014 liat,
2157 947 2216 1002 et
2244 949 2336 1004 est
2367 943 2538 1006 nobis
2567 963 2743 1006 causa
2775 945 3092 1010 multorum
3151 945 3474 1022 honorum,
3506 964 3640 1026 quae

1993 1046 2106 1091 nec
2137 1040 2384 1110 possunt
2415 1040 2578 1095 cerni
2601 1035 2816 1110 oculis,
2852 1055 2962 1098 nec
2995 1035 3189 1098 audiri
3220 1035 3487 1116 auribus,
3522 1051 3635 1098 nec

1997 1125 2196 1182 tuente
2224 1123 2775 1201 comprehendiAd
2801 1125 2930 1187 haec
2956 1125 3058 1188 ille
3092 1125 3324 1187 ironice
3351 1125 3633 1206 loquens,

1996 1215 2055 1270 et
2082 1209 2261 1270 veluti
2292 1210 2548 1274 irridens
2572 1214 2842 1293 martyris
2863 1214 3317 1297 responsionem
3345 1235 3359 1276 :
3395 1215 3637 1293 Magnas

1996 1315 2163 1378 ergo,
2198 1300 2409 1380 inquit,
2446 1301 2618 1364 nobis
2649 1302 2835 1365 debes
2891 1322 3067 1384 agere
3117 1303 3356 1384 gratias,
3416 1302 3469 1364 si
3516 1311 3637 1364 tam

1997 1388 2180 1450 multa
2239 1388 2395 1451 bona
2453 1389 2557 1451 tibi
2614 1392 3088 1456 conciliavimus.
3123 1392 3382 1456 Omnino
3435 1399 3635 1454 autem

1997 1476 2313 1553 eiﬁcies,ut
2343 1497 2550 1542 eorum
2584 1499 2820 1563 quoque
2851 1484 3038 1544 simus
3060 1490 3257 1546 tecum
3291 1481 3635 1563 participes,

1997 1574 2060 1628 ut
2089 1567 2194 1644 qui
2230 1567 2335 1631 tibi
2378 1568 2670 1632 fuerimus
2725 1571 3033 1652 adjutores
3088 1571 3162 1633 ad
3211 1569 3638 1652 acquirendam

1998 1656 2177 1718 talem
2211 1656 2664 1722 beatitudinem.
2705 1659 2958 1725 Sanctus
2993 1670 3190 1725 autem
3229 1679 3242 1723 :
3276 1661 3364 1723 Ne
3388 1659 3638 1740 ironice,

1996 1744 2208 1826 inquit,
2242 1746 2551 1810 nobiscum
2581 1767 2742 1827 agas,
2778 1769 2811 1812 ο
2837 1750 3044 1831 judex.
3071 1752 3219 1814 Nam
3253 1767 3362 1811 nos
3392 1749 3639 1830 quidem

1999 1843 2058 1895 et
2085 1834 2359 1898 inimicos
2390 1837 2659 1916 diligere,
2695 1846 2755 1900 et
2813 1839 2888 1902 iis
2937 1839 3038 1921 qui
3088 1858 3198 1901 nos
3228 1839 3364 1900 odio
3393 1837 3638 1914 habent,

1997 1922 2420 2002 henefacere,a
2449 1927 2646 1989 divino
2678 1937 2971 2010 praecepto
2995 1928 3638 1992 didicimus.Caeterum

1999 2014 2258 2096 quandiu
2291 2034 2497 2078 sumus
2530 2017 2643 2079 vivi
2676 2019 2738 2079 in
2759 2023 2874 2080 vita
2905 2017 3402 2098 praesenti,Deum
3436 2034 3645 2098 preca-

1998 2121 2155 2185 mur,
2187 2113 2250 2166 ut
2277 2105 2350 2167 ab
2383 2124 2591 2168 errore
2631 2107 3037 2183 discedentes,
3085 2106 3326 2170 discetis
3361 2106 3636 2187 pietatem

1999 2202 2057 2254 et
2092 2212 2291 2256 veram
2324 2196 2700 2275 religionem,
2740 2204 2807 2259 ut
2835 2196 3001 2259 vobis
3046 2214 3282 2279 quoque
3307 2197 3384 2257 sit
3412 2213 3552 2276 pars
3583 2203 3642 2258 et

1996 2300 2129 2345 sors
2157 2283 2218 2344 in
2252 2283 2450 2347 futuro
2481 2285 2542 2347 in
2580 2287 2683 2348 Dei
2717 2285 2912 2364 bonis,
2973 2305 3107 2364 quae
3163 2284 3283 2348 dici
3314 2291 3638 2366 nequeunt.

1997 2373 2130 2436 Non
2152 2381 2242 2435 est
2263 2381 2458 2436 autem
2480 2377 2652 2438 nobis
2675 2376 2874 2438 datum
2900 2377 2988 2439 vel
3011 2394 3046 2437 a
3067 2374 3359 2457 supplicio
3381 2375 3638 2455 eripere,

1997 2461 2090 2524 vel
2121 2461 2279 2525 bona
2308 2463 2613 2528 dare.Hoc
2643 2473 2732 2527 est
2759 2465 2918 2528 enim
2955 2471 3015 2526 in
3045 2465 3234 2528 solius
3252 2464 3360 2526 Dei
3383 2463 3641 2546 positum

2001 2559 2313 2633 potestate,
2351 2555 2452 2635 qui
2483 2555 2662 2618 habet
2713 2555 2895 2618 etiam
2950 2562 3303 2636 potestatem
3330 2553 3644 2635 judicandi

1998 2641 2160 2704 vivos
2191 2649 2249 2704 et
2281 2650 2565 2707 mortuos.

2081 2819 2278 2882 XXIII.
2315 2819 2476 2884 Dixit
2503 2840 2725 2902 praeses
2762 2841 2774 2885 :
2806 2822 3118 2904 Ejusmodi
3157 2821 3642 2886 contentionibus

2005 2909 2204 2971 missis
2221 2909 2281 2970 in
2305 2911 2615 2990 praesentia
2633 2919 2691 2974 et
2708 2911 2781 2973 iis
2797 2911 2970 2974 bonis
2986 2931 3117 2994 quae
3130 2933 3165 2975 a
3180 2919 3237 2975 te
3247 2911 3641 2987 somniantur,

2003 3017 2145 3080 pare
2182 2999 2341 3078 regis
2366 2999 2736 3081 imperio.Te
2761 3001 2920 3064 enim
2945 3001 3164 3062 talibus
3185 3008 3243 3063 et
3265 3000 3441 3062 tantis
3461 2999 3569 3060 sub
3569 2999 3642 3078 ji-

2002 3089 2154 3150 ciam
2189 3088 2596 3169 suppliciis,ut
2621 3109 2728 3171 per
2757 3097 2816 3152 te
2846 3090 2946 3152 alii
2969 3109 3206 3172 quoque
3229 3087 3639 3170 persuadean-

2005 3186 2098 3239 tur
2126 3176 2475 3252 Christiani,
2511 3196 2582 3241 ea
2638 3197 2770 3260 quas
2816 3187 3024 3242 tenent
3080 3178 3377 3250 manibus,
3413 3194 3641 3258 nequa-

269 3268 338 3325 τὰ
393 3266 450 3323 ἐν
523 3265 697 3324 ἐλπίσι
757 3265 1017 3343 μηδαμῶς
1095 3262 1564 3327 ἀπαλλάττεσθαι,
1631 3255 1688 3322 Ὀ
1739 3263 1915 3342 ἅγιος,

2006 3285 2181 3348 quam
2215 3275 2580 3329 commutare
2611 3255 2742 3330 cum
2777 3269 2848 3330 iis
2880 3289 3016 3350 quae
3058 3287 3165 3349 spe
3219 3255 3644 3348 apprehende-

271 3360 440 3416 T0610
482 3355 584 3434 γᾶρ
639 3378 730 3432 μοι
785 3355 990 3435 ἔφεσις,
1035 3355 1184 3429 εἶπε,
1232 3354 1468 3431 καθάπερ
1499 3352 1564 3422 δὴ
1618 3352 1712 3410 καΐ
1764 3353 1920 3419 αὐτὸς

271 3446 536 3526 ἔγνωκας,
591 3447 653 3502 τὸ
708 3444 792 3502 διὰ
853 3443 1058 3525 τάχους
1117 3445 1250 3513 πρὸς
1295 3444 1388 3503 τὰς
1450 3443 1685 3506 αἰωνίους
1738 3465 1918 3522 παρα-

272 3539 579 3616 πεμφθῆναι
633 3535 824 3611 μονάς,
893 3535 1000 3592 Κοῖν
1060 3532 1224 3597 ἄλλας
1283 3531 1337 3588 δὲ
1391 3533 1576 3609 μυρίας
1640 3533 1919 3609 ἑπαγάγῃς

275 3649 367 3704 μοι
397 3625 675 3703 τιμωρίας,
723 3625 822 3681 κοῗν
851 3625 987 3702 μετὰ
1043 3625 1103 3680 σὲ
1157 3622 1359 3700 ἕτερος,
1391 3620 1804 3697 τετελειωμένος
1865 3622 1920 3678 ὲν

273 3724 346 3795 τῇ
391 3723 620 3796 Χριστου
673 3715 858 3794 ἀγάπῃ
917 3715 1264 3794 εὑρεθήσομαι
1303 3731 1317 3746 ο
1378 3711 1494 3791 ἔχω
1550 3711 1649 3789 γὰρ
1679 3713 1770 3766 τὸν
1828 3714 1920 3767 ἒν-

275 3807 540 3887 ἰσχύοντα
597 3825 664 3882 με
738 3805 870 3860 Θεὸν
905 3850 922 3877 ,
1013 3800 1084 3858 δι’
1157 3803 1214 3858 ὃν
1271 3799 1360 3858 καὶ
1415 3808 1581 3858 ταῦτα
1639 3800 1920 3876 ὑπομένειν

275 3896 616 3976 προῇρημαι,
681 3901 1024 3972 Χριστιανοῖς
1081 3890 1135 3947 δὲ
1198 3891 1257 3947 οὒ
1311 3889 1586 3969 προτροπὴ
1631 3890 1765 3968 πρὸς
1823 3887 1921 3969 ἔρ..

272 4007 432 4055 νησιν
475 3981 762 4060 εὐσεϐείας,
821 3983 895 4046 ὡς
955 3983 1016 4038 σὺ
1082 3979 1239 4062 ἔφης,
1277 3978 1362 4036 διὰ
1417 3982 1522 4035 τῶν
1575 3984 1681 4035 σῶν
1733 3977 1924 4053 ἔσομαι

272 4075 546 4154 βασάνων,
581 4072 720 4130 ἀλλὰ
760 4070 1098 4149 παράκλησις
1149 4069 1350 4146 μᾶλλον
1394 4070 1526 4148 πρὸς
1571 4066 1871 4124 θεοσέϐειαν
1904 4086 1924 4106 ο

272 4167 423 4223 αὒτοὶ
479 4161 587 4242 γάρ
637 4183 705 4238 με
764 4165 1088 4240 καθορῶντες
1149 4159 1202 4217 ἐν
1232 4161 1372 4238 γήρᾳ
1402 4158 1626 4230 τοιούτῳ
1675 4158 1772 4220 τὰς
1826 4157 1924 4222 σάς

279 4254 424 4331 παρὰ
465 4251 663 4332 φαῦλον
722 4251 1042 4326 ποιούμενον
1098 4250 1376 4327 τιμωρίας,
1433 4245 1726 4326 ὑπόδειγμα
1757 4245 1922 4304 καλὸν

278 4344 452 4416 ἕξουσι
510 4341 913 4421 γενναιότητος,
945 4339 1033 4396 καὶ
1087 4344 1188 4406 τῆς
1245 4339 1525 4414 μιμήσεως
1557 4337 1652 4393 οὒκ
1699 4336 1926 4394 ἀπολει-

276 4435 594 4514 φθήσονται.
655 4430 864 4489 Τούτων
935 4429 1162 4491 ἀκούσας
1221 4431 1248 4484 ὁ
1322 4424 1504 4508 ἄρχων
1572 4427 1660 4484 καὶ
1714 4427 1776 4483 τὸ
1833 4437 1925 4488 τοῦ

279 4521 539 4599 μακαρίου
624 4519 871 4599 γέροντος
944 4516 1358 4584 ἀκατάπληκτον
1435 4515 1744 4595 ἐκπλαγεὶς,
1824 4516 1930 4574 ὁπὸ

2003 3365 2166 3418 runt.
2200 3355 2454 3420 Sanctus
2494 3363 2688 3419 autem
2719 3376 2733 3417 :
2788 3356 3006 3434 Hoc,ut
3035 3359 3162 3439 ipse
3193 3375 3435 3438 quoque
3465 3356 3642 3433 nosti,

2005 3445 2266 3507 maxime
2289 3446 2489 3526 cupio,
2515 3465 2690 3527 quam
2719 3445 3004 3510 citissime
3027 3447 3352 3513 transmitti
3375 3445 3446 3507 ad
3468 3452 3648 3506 aeter-

2004 3553 2112 3596 nas
2137 3533 2501 3596 mansiones.
2539 3535 2706 3607 Quod
2739 3536 2790 3597 si
2836 3536 2980 3597 mihi
3009 3536 3156 3598 alios
3181 3534 3650 3598 innumerabiles

2003 3624 2276 3685 intuleris
2305 3626 2628 3706 cruciatus,
2661 3633 2760 3687 aut
2793 3626 2970 3688 etiam
3032 3633 3164 3707 post
3195 3635 3252 3687 te
3282 3625 3457 3706 alius,
3493 3642 3646 3686 con-

2003 3720 2335 3774 summatus
2370 3713 2643 3776 inveniar
2672 3715 2733 3775 in
2766 3714 2982 3776 Christi
3015 3714 3224 3794 gratia.
3255 3713 3458 3775 Habeo
3489 3713 3649 3774 enim

2002 3801 2192 3864 Deum
2231 3820 2326 3864 me
2355 3803 2840 3883 conﬁrmantem,
2875 3812 3117 3884 propter
3147 3820 3324 3885 quem
3375 3802 3503 3863 haec
3532 3801 3651 3882 pati

2004 3890 2308 3954 constitui.
2342 3890 2472 3952 Non
2505 3909 2607 3953 ero
2637 3898 2864 3969 autem,
2900 3899 2965 3953 ut
2987 3899 3048 3952 tu
3082 3891 3260 3973 dicis,
3290 3889 3648 3953 Christianis

2008 3979 2342 4042 adhortatio
2373 3981 2444 4042 ad
2473 3981 2809 4058 negandam
2837 3983 3120 4061 pietatem
3142 3986 3387 4062 propter
3405 3986 3503 4040 tua
3524 3985 3651 4040 tor-

2011 4077 2232 4146 menta,
2279 4069 2384 4131 sed
2417 4070 2872 4132 incitamentum
2916 4069 3112 4151 potius
3162 4070 3236 4132 ad
3290 4087 3491 4130 verum
3545 4068 3652 4131 Dei

2009 4159 2257 4222 cultum.
2291 4159 2407 4240 Ipsi
2442 4159 2601 4221 enim
2636 4177 2732 4222 me
2771 4159 3044 4221 videntes
3095 4160 3156 4222 in
3209 4158 3311 4222 tali
3342 4166 3653 4220 senectute

2010 4258 2140 4312 tuos
2187 4249 2560 4328 vilipendere
2595 4250 2918 4330 cruciatus,
2976 4249 3281 4312 habebunt
3334 4247 3652 4329 pulchrum

2009 4338 2312 4420 exemplar
2342 4339 2730 4420 fortitudinis,
2770 4357 2884 4402 nec
2915 4339 3106 4401 deerit
3135 4339 3276 4413 illis,
3301 4355 3480 4418 quem
3511 4336 3652 4398 imi-

2011 4437 2229 4494 tentur.
2262 4429 2368 4491 His
2399 4429 2644 4509 auditis,
2702 4447 2924 4511 praeses
2983 4428 3142 4490 beati
3193 4427 3354 4490 senis
3388 4423 3658 4488 interrita

2009 4519 2336 4582 constantia
2357 4519 2996 4601 obstupefactus,jubet
3016 4526 3314 4599 portatum
3339 4517 3412 4580 ab
3435 4517 3655 4598 aliqui-

280 4633 442 4671 τινων
527 4607 982 4687 διαϐασταχθὲντα
1045 4606 1288 4680 κελεύει,
1366 4605 1480 4662 ἐπεὶ
1552 4604 1630 4680 μὴ
1701 4604 1928 4682 βαδίζειν

2013 4609 2146 4689 bus,
2174 4609 2454 4690 quoniam
2487 4608 2720 4688 ingredi
2753 4627 2869 4669 non
2903 4615 3154 4688 poterat,
3191 4626 3403 4669 rursus
3432 4607 3655 4669 includi

281 4701 531 4776 ἠδύνατο,
561 4707 638 4774 τῷ
667 4695 1017 4774 δεσμωτηρίῳ
1039 4694 1198 4752 πάλιν
1229 4693 1704 4760 κατακλεισθῆναι.

369 4788 508 4853 KA’.
570 4793 707 4847 Εἶτα
754 4787 885 4866 πρὸς
928 4786 1017 4844 τὸν
1065 4786 1328 4864 μακάριον
1377 4781 1687 4858 ἀποϐλέψας
1717 4782 1931 4840 Ἀειθα-

279 4879 405 4956 λᾶν,
455 4880 552 4938 Καὶ
607 4881 694 4957 σὺ,
748 4877 920 4958 φησὶ,
982 4880 1080 4942 τῆς
1153 4874 1312 4942 αὐτῆς
1371 4872 1478 4954 ἔχῃ
1538 4871 1926 4950 παραπληξίας,

282 4972 374 5028 καὶ
417 4969 515 5036 τὴν
570 4967 662 5025 106
695 4967 945 5044 μεγίστου
974 4969 1255 5045 φωστῆρος
1310 4961 1578 5025 διαπτύεις
1621 4963 1932 5038 προσκύνη-

288 5083 372 5118 σιν
407 5078 425 5136 ;
459 5050 518 5116 Ὀ
550 5061 647 5126 τῆς
677 5055 930 5123 ἀληθείας
974 5052 1136 5132 κῆρυξ
1177 5053 1518 5131 ἀποκρίνεται
1553 5067 1567 5081 ’
1618 5056 1693 5126 Ζῇ
1745 5052 1929 5131 Κύριος

285 5149 499 5218 Ἰησοῦς
559 5148 784 5223 Χριστὸς
828 5148 856 5202 6
899 5152 993 5202 106
1036 5148 1233 5215 ζῶντος
1279 5148 1411 5198 Θεοῦ
1459 5142 1598 5215 Υἱὸς,
1657 5141 1726 5206 εἷς
1787 5141 1845 5197 ὃν
1876 5141 1936 5198 ὲκ

289 5240 542 5307 νεότητος
598 5235 824 5308 ἤλπισα,
873 5236 946 5297 ὡς
977 5233 1299 5308 ἀμετάθετον
1343 5230 1460 5312 ἔχει)
1487 5231 1579 5286 τὸν
1629 5229 1889 5308 λογισμόν
1916 5249 1929 5263 ·

291 5331 379 5388 καὶ
423 5325 598 5390 οὒδεῖς
658 5326 966 5400 μεταπείσει
1023 5345 1090 5398 με
1146 5323 1245 5389 τὴν
1302 5327 1397 5378 τοῦ
1429 5328 1560 5377 Θεοῦ
1601 5320 1764 5396 τιμὴν
1817 5333 1936 5385 τοῖς

291 5422 453 5479 αὐτοῦ
482 5415 765 5491 κτίσμασιν
820 5413 1140 5488 ἀπονεῖμαι.
1176 5411 1327 5469 Ἐπεὶ
1387 5410 1586 5468 τούτων
1645 5431 1674 5466 ο
1730 5409 1938 5480 ἀλαζὼν

293 5511 502 5573 ἐκεῖνος
536 5507 626 5563 καὶ
653 5502 912 5584 βάρϐαρος
960 5503 1209 5580 ἤκουσεν,
1247 5498 1521 5568 ἐκδεθῆναι
1572 5504 1676 5556 τῶν
1736 5499 1937 5580 ἀστρα-

292 5599 474 5679 γάλων
517 5594 724 5654 κελεύει
796 5595 888 5650 τὸν
945 5592 1118 5671 ἅγιον,
1181 5595 1257 5664 τῷ
1312 5589 1449 5664 ξύλῳ
1505 5610 1560 5645 τε
1630 5610 1938 5669 προσαναρ-

2014 4717 2074 4760 ιιι
2105 4716 2370 4761 carcere.

2091 4786 2298 4850 XXIV.
2333 4787 2562 4849 Deinde
2590 4787 2889 4868 aspiciens
2921 4789 2994 4850 ad
3028 4788 3265 4851 beatam
3300 4788 3654 4850 IEithalam:

2013 4881 2167 4939 Tene
2192 4895 2447 4954 quoque,
2468 4880 2680 4953 inquit,
2707 4881 2919 4941 invasit
2939 4883 3089 4940 idem
3111 4891 3328 4953 stupor,
3344 4893 3396 4940 et
3424 4883 3660 4939 maximi

2015 4966 2324 5029 luminaris
2350 4985 2593 5029 recusas
2616 4967 3059 5031 adorationem?
3090 4967 3435 5048 Respondet
3466 4984 3662 5049 prmco

2016 5054 2274 5116 veritatis
2310 5076 2322 5113 :
2360 5053 2518 5117 Vivit
2546 5054 2839 5118 Dominus
2867 5058 3047 5118 Jesus
3075 5054 3366 5130 Christus,
3413 5055 3525 5117 vivi
3556 5054 3663 5118 Dei

2015 5142 2292 5221 Filius,in
2317 5161 2490 5224 quem
2519 5144 2809 5224 speravia
2827 5145 3162 5226 juventute,
3196 5144 3353 5226 quod
3379 5145 3666 5207 immuta-

2019 5232 2199 5296 bilem
2233 5233 2422 5295 habeo
2447 5235 2867 5313 c0gitati0nem
2893 5253 2906 5298 :
2935 5253 3046 5296 nec
3067 5234 3216 5296 mihi
3238 5235 3395 5296 ullus
3414 5252 3665 5316 persua-

2020 5326 2176 5391 serit,
2209 5333 2270 5383 ut
2292 5324 2393 5382 Dei
2421 5327 2701 5383 honorem
2724 5327 2971 5386 tribuam
2998 5327 3171 5386 rebus
3193 5327 3265 5384 ab
3295 5328 3418 5399 ipso
3440 5331 3666 5383 creatis.

2019 5408 2337 5491 Postquam
2372 5409 2497 5472 haec
2545 5410 2768 5472 audivit
2793 5410 2895 5473 ille
2927 5411 3226 5493 superbus
3259 5419 3318 5473 et
3348 5409 3664 5490 barbaros,

2018 5498 2188 5579 jubet
2216 5507 2484 5560 sanctum
2509 5499 2735 5580 alligari
2761 5501 2926 5577 talis,
2961 5508 3018 5564 et
3049 5501 3210 5580 ligno
3245 5498 3526 5581 appendi.
3560 5497 3670 5559 Ille

2023 5595 2218 5650 autem
2235 5607 2446 5668 magna
2457 5608 2603 5652 voce
2622 5591 2981 5671 praedicabat
2999 5609 3063 5652 se
3089 5608 3222 5652 esse
3239 5588 3664 5652 Christianum.

294 5677 505 5763 τᾶσθαι,
540 5685 632 5746 καὶ
687 5696 808 5750 ταῖς
867 5682 1064 5764 βοείαις
1121 5679 1485 5760 μαστίζεσθαι.
1518 5680 1580 5742 ‘0
1612 5677 1666 5735 δὲ
1727 5679 1934 5759 μεγάλῃ

2024 5677 2207 5759 legis
2237 5686 2364 5742 erat
2387 5678 2659 5744 defessus
2684 5679 2881 5762 ﬂagris
2902 5679 3186 5743 caedendo
3216 5678 3458 5760 impius,
3487 5693 3668 5760 quam
