4066 6420
314 361 429 431 857

1221 361 1639 426 CERTAMEN
1683 361 1746 425 S.
1792 357 2191 426 ACEPSIMIE
2233 362 2331 425 ET
2375 361 2776 427 SOCIORUM.

3568 358 3686 430 858

312 499 603 582 λυχρόνιον
657 505 813 559 τοῦτο
861 519 1217 578 καταισχυναι
1262 499 1454 576 γῆρας.
1521 487 1579 555 Ὀ
1625 495 1680 553 δὲ
1713 493 1947 581 ποικίλος

2043 493 2343 559 dedecore
2370 497 2720 563 afﬁciamus.
2754 500 3048 566 Versatus
3081 507 3278 564 autem
3328 499 3431 563 ille
3460 515 3685 582 praeses

312 591 501 671 ἄρχων
559 589 768 654 ἐκεῖνος
825 591 912 646 καὶ
970 586 1167 663 κομιδῆ
1222 589 1482 663 πονηρὸς,
1542 586 1690 644 Ἀλλ’
1726 589 1770 643 εἰ
1799 585 1947 658 κρέας

2044 593 2104 646 et
2131 586 2455 650 admodum
2511 591 2699 653 malus
2733 612 2746 655 :
2786 593 2862 654 At
2906 592 2956 655 si
3006 592 3079 655 ad
3129 611 3255 667 vos,
3290 591 3501 671 inquit,
3539 604 3687 667 pura

307 683 462 757 ὑμῖν,
519 679 646 760 ἔφη,
707 681 936 758 καθαρὸν
984 679 1256 758 ἐνεχθείη,
1305 675 1422 734 οὔδε
1466 678 1651 735 τούτου
1707 675 1771 733 ἂν
1821 678 1955 734 ἀπο-

302 773 573 849 γεύσοισθε
609 787 626 846 ;
673 770 733 827 Οἱ
790 769 933 848 ἅγιοι
991 768 1153 825 εἶπον
1188 786 1198 799 ·
1236 764 1327 832 Ἐξ
1373 768 1666 845 ἀκαθάρτου
1696 767 1746 823 τί
1781 770 1951 824 καθα-

296 863 415 940 ρὸν,
467 862 556 917 καὶ
601 859 661 915 ἐκ
717 863 919 938 χειρῶν
975 861 1084 914 σῶν
1140 862 1244 913 τῶν
1288 857 1708 933 μεμολυσμένων
1740 858 1789 913 τί
1819 877 1949 914 ποτε

296 950 367 1007 ἂν
420 949 720 1026 ἀμόλυντον
761 952 846 1028 ﬁ;
908 955 1111 1004 Πισῶν
1156 948 1328 1003 τοίνυν
1387 949 1492 1003 τῶν
1549 951 1806 1004 τοιούτων
1863 966 1948 1001 σοι

302 1044 575 1121 μηχανῶν
606 1037 866 1118 ἀφέμενος
895 1037 1134 1118 ταχεῖαν
1186 1039 1286 1104 τὴν
1318 1036 1435 1094 καθ’
1466 1039 1620 1112 ἡμῶν
1679 1036 1945 1115 ἀπόφασιν

292 1129 609 1208 ἐπενεγκεῖν
668 1129 1041 1208 προθυμήθητι
1080 1142 1093 1157 ’
1156 1125 1273 1195 είκῆ
1331 1128 1431 1205 γὰρ
1463 1132 1676 1199 κοπιᾷς,
1713 1126 1784 1191 εἶς
1816 1124 1945 1203 ἀέρα

292 1217 462 1298 δέρων
523 1219 614 1275 καὶ
668 1218 838 1274 παίων
897 1217 1114 1281 ἀμαθῶς
1172 1217 1266 1272 τὸν
1297 1213 1594 1292 ἀδάμαντα,
1633 1220 1798 1282 Κοινῆ
1829 1236 1943 1271 τοι·

294 1315 493 1388 γαροῦν
549 1308 687 1372 μετὰ
745 1307 853 1364 τῶν
921 1304 1329 1380 συνεδρευόντων
1417 1303 1834 1381 διασκεψάμενοί
1890 1325 1947 1361 τε

296 1399 387 1453 καὶ
415 1396 780 1478 ψηφισάμενοι
812 1396 967 1476 χερσὶ
1001 1395 1327 1473 Χριστιανῶν
1376 1395 1496 1460 τοὺς
1549 1395 1726 1473 ἁγίους
1782 1415 1949 1450 κατα-

297 1486 586 1556 λευσθῆναι
641 1484 845 1553 πλῆθος
926 1485 1254 1562 Χριστιανῶν
1334 1485 1725 1562 συναθροίζουσι
1753 1532 1770 1557 ,
1828 1481 1946 1559 μεθ’

298 1576 375 1634 ὧν
429 1576 521 1633 καὶ
576 1576 677 1643 τὴν
738 1576 1035 1652 θαυμασίαν
1109 1571 1405 1632 κατέλαϐον
1467 1572 1785 1636 Ἰσδάνδουλ,
1850 1573 1946 1631 Καὶ

307 1664 441 1735 diu
498 1668 591 1722 τὸν
645 1666 908 1745 μακάριον
983 1662 1182 1743 Ἰωσὴφ
1255 1663 1415 1721 πάλιν
1474 1662 1943 1738 διαϐαστάσαντες,

306 1756 377 1822 εἰς
435 1755 498 1812 τὸ
552 1756 826 1834 κριτήριον
883 1760 1203 1834 παριστῶσι.
1267 1753 1418 1810 Νεύει
1473 1754 1562 1809 οὖν
1611 1760 1688 1828 τῷ
1713 1753 1944 1831 ἡγεμόνι

2041 692 2180 765 caro
2197 675 2375 738 fuerit
2396 679 2595 761 allata,
2632 700 2704 743 ne
2731 701 2860 745 eam
2894 683 3131 765 quidem
3164 679 3509 761 gustabitis?
3529 676 3681 742 San-

2040 762 2120 824 cti
2145 765 2464 854 dixerunt:
2509 768 2591 831 Ex
2627 762 2933 835 immundo
2958 772 3240 854 quidnam
3277 768 3590 843 mundum,
3626 774 3685 831 et

2040 868 2109 913 ex
2143 852 2384 943 pollutis
2420 857 2534 920 tuis
2574 861 2843 923 manibus
2873 852 3157 943 quidnam
3187 860 3367 924 fuerit
3395 858 3682 940 impollu-

2036 946 2163 1003 tum
2188 941 2527 1009 ?Omnibus
2558 966 2698 1026 ergo
2725 941 2920 1013 missis
2949 953 3044 1013 his
3073 953 3188 1013 tuis
3216 948 3682 1013 machinationi-

2036 1030 2169 1106 bus,
2199 1032 2259 1094 in
2297 1053 2403 1097 nos
2432 1038 2580 1100 velis
2600 1040 2717 1101 cito
2749 1041 3016 1121 proferre
3048 1039 3681 1104 sententiam.Frustra

2034 1121 2192 1182 enim
2227 1122 2462 1187 laboras
2494 1144 2695 1192 aerem
2726 1131 3070 1207 verberans,
3123 1139 3181 1193 et
3238 1149 3346 1212 per
3376 1128 3676 1191 inscitiam

2033 1228 2169 1271 eum
2218 1211 2482 1293 pulsans,
2516 1218 2618 1296 qui
2675 1239 2795 1282 non
2845 1230 3038 1302 potest
3067 1211 3317 1284 domari.
3352 1219 3498 1282 Cum
3531 1236 3676 1297 ergo

2031 1308 2414 1365 communiter
2446 1324 2577 1367 cum
2607 1313 2677 1369 iis
2702 1315 2799 1385 qui
2829 1313 3673 1380 considebant,consultassent,

2033 1399 2092 1451 et
2124 1390 2400 1456 tulissent
2429 1398 2813 1474 sententiam,
2847 1408 2913 1462 ut
2960 1401 3153 1465 sancti
3205 1400 3674 1465 Christianorum

2033 1479 2307 1570 manibus
2326 1482 2730 1549 obruerentur
2750 1489 3069 1569 lapidibus,
3089 1498 3451 1570 congregant
3470 1487 3674 1551 Chris-

2032 1568 2328 1661 tianorum
2357 1568 2821 1655 multitudinem,
2856 1598 2990 1641 cum
3023 1568 3240 1661 quibus
3268 1577 3676 1659 comprehen-

2032 1657 2250 1722 derunt
2269 1661 2445 1724 etiam
2465 1664 2881 1731 admirabilem
2915 1657 3076 1732 illam
3096 1668 3381 1733 Isdandul
3408 1657 3425 1745 ξ
3457 1677 3517 1731 et
3537 1683 3672 1729 cum

2033 1747 2276 1839 beatum
2306 1752 2528 1833 Ioseph
2558 1773 2768 1819 rursus
2820 1767 3253 1839 expcrtassent,
3287 1758 3506 1821 sistunt
3536 1773 3676 1818 eum

303 1847 333 1903 ό
386 1845 542 1925 ἅγιος
585 1846 717 1923 πρὸς
762 1845 920 1902 αὐτὸν
976 1844 1183 1924 ἒγγίσαι
1239 1842 1312 1909 ὥς
1353 1865 1404 1900 τι
1466 1849 1572 1899 τῶν
1634 1842 1946 1921 ἀπορρήτων

2030 1837 2093 1898 in
2124 1841 2421 1919 praetorio.
2455 1842 2709 1910 Sanctus
2739 1837 2935 1910 autem
2968 1849 3180 1913 annuit
3210 1846 3474 1928 praesidi,
3503 1855 3567 1907 ut
3599 1845 3677 1908 ad

303 1935 673 2012 ἀκουσομένῳ.
745 1935 848 1993 Τοῦ
929 1934 985 1991 δὲ
1075 1934 1264 1996 εύθέως
1351 1932 1785 2012 παραγενομένου
1858 1934 1946 1990 καὶ

301 2024 725 2099 πλησιάσαντος,
765 2022 944 2081 σιέλου
994 2025 1056 2080 τὸ
1099 2024 1274 2099 στόμα
1321 2022 1613 2097 πληρώσας
1644 2025 1673 2079 ὁ
1716 2022 1939 2101 μάρτυς,

298 2120 394 2172 τοῦ
421 2121 617 2195 μιαροῦ
646 2113 844 2172 Ξκείνου
886 2113 1177 2170 καταπτύει
1227 2112 1537 2191 προσώπου,
1594 2113 1704 2170 Οὔκ
1747 2112 1944 2192 αἰσχύ-

298 2225 400 2284 νει,
446 2204 707 2278 ἐπειπὼν,
769 2202 1131 2278 ἇναιδέστατε,
1178 2202 1371 2282 ἀγρίως
1427 2202 1565 2259 οὕτω
1619 2203 1707 2259 καὶ
1741 2199 1942 2277 δυσμε-

298 2299 401 2360 νῶς
445 2295 584 2352 κατᾶ
629 2295 727 2363 τῆς
788 2294 971 2363 κοινῆς
1024 2295 1222 2361 ταύτης
1279 2290 1675 2369 νεανιευόμενος
1734 2293 1942 2371 φύσεως

298 2386 389 2441 καὶ
457 2385 615 2461 σῶμα
698 2383 801 2452 ἤδη
877 2382 1268 2463 νενεκρωμένον
1348 2384 1495 2447 αὖθις
1560 2383 1633 2448 εἰς
1707 2380 1944 2449 ἐξέτασιν

307 2469 500 2551 ἄγωνς
555 2476 617 2532 Ὃ
676 2472 732 2530 δὲ
783 2475 872 2531 καὶ
931 2475 1072 2552 παρὰ
1128 2474 1233 2528 τῶν
1305 2469 1718 2550 συνεδρευόντων
1768 2470 1944 2529 πολλᾶ

302 2568 402 2630 τῆς
456 2565 711 2643 περιττῆς
765 2565 964 2631 ταύτης
1020 2563 1307 2639 ὠμότητος
1367 2560 1778 2628 κατονειδισθεῖς
1845 2562 1942 2620 καὶ

295 2651 508 2733 γέλωτα
551 2652 669 2711 οὐδὲ
718 2652 843 2711 ὅσον
904 2656 1077 2710 εἰπεῖν
1148 2651 1387 2732 ὀφλήσας
1462 2654 1593 2733 πρὸς
1646 2653 1744 2722 τὴν
1809 2651 1942 2710 ἰδίαν

291 2743 457 2802 πάλιν
484 2742 737 2823 καθέδραν
764 2741 1079 2823 ὑποστρέφει
1110 2742 1587 2824 κατῃσχυμμὲνος.

374 2922 501 2983 KZ’.
550 2924 648 2983 Τὸν
692 2921 747 2980 δὲ
788 2924 940 3003 ἅγιον
1000 2921 1317 3002 πορῤωτὲρω
1384 2944 1485 2980 που
1555 2921 1936 2994 διαστήσαντες

284 3010 388 3071 καίῒ
429 3014 602 3071 ὀπίσω
631 3014 710 3071 τὼ
739 3030 895 3095 χεῖρε
924 3011 1286 3090 δεσμήσαντες
1319 3011 1507 3093 βόθρον
1550 3013 1693 3087 αὖτῷ
1725 3010 1935 3090 διορύσ-

282 3125 462 3177 acuat,
519 3104 608 3161 καὶ
658 3102 905 3166 καθέντες
964 3104 1160 3183 μέχρις
1202 3103 1393 3183 ὀσφύος
1454 3103 1612 3159 αύτὸν
1652 3103 1932 3182 χωννύον-

283 3215 393 3255 σιν.
449 3193 587 3251 Εἶτα
648 3193 773 3257 τοὺς
830 3191 1228 3273 συλληφθέντας
1310 3198 1615 3272 περιιστῶσι
1676 3200 1991 3279 Χριστιαοο

280 3282 430 3363 νοὸς,
505 3282 594 3339 καὶ
677 3283 922 3346 παίοντες
996 3280 1216 3359 βάλλειν
1293 3284 1385 3339 τὸν
1469 3280 1706 3357 ἀοίδιμον
1770 3283 1931 3348 λίθοις

281 3370 666 3432 διεκελεύοντο.
731 3370 860 3429 Μεθ’
903 3372 979 3429 ὧν
1021 3373 1109 3428 καὶ
1151 3373 1249 3440 τὴν
1305 3373 1449 3451 ἱερὰν
1512 3370 1809 3430 ’[σδανδοὺλ
1866 3373 1934 3429 τὰ

283 3461 449 3537 ὅμοια
485 3474 666 3519 ποιεῖν
719 3460 1066 3541 ἐπειγόντων,
1112 3460 1288 3529 ἐκείνη
1317 3510 1334 3542 ,
1382 3460 1518 3519 Ἀπὸ
1567 3469 1656 3519 τοῦ
1712 3465 1927 3542 αἰῶνος,

281 3552 413 3632 ἔφη,
446 3551 594 3612 οὖδὲν
624 3550 877 3621 ἤκουσται
904 3559 1170 3633 τοιοῦτον,
1202 3552 1340 3610 ὥστε
1399 3557 1630 3630 γυναῖκα
1665 3551 1785 3610 κατ’
1831 3554 1932 3610 ἆνε-

282 3640 419 3721 δρῶν
462 3642 622 3699 ὁσίων
671 3655 835 3723 χεῖρα
878 3641 1127 3699 ἐκτείνειν
1182 3642 1696 3721 καταναγκάζεσθαι,
1750 3643 1930 3723 ὥσπερ

282 3739 374 3789 νῦν
415 3734 573 3807 ὑμεῖς
634 3745 864 3807 ποιεῖτε,
913 3732 1282 3812 ἀποσχόμενοι
1343 3732 1443 3806 μὲν
1499 3738 1591 3787 τοῦ
1645 3733 1782 3789 κατὰ
1826 3740 1931 3789 τῶν

283 3821 492 3902 ἐχθρῶν
548 3822 891 3902 ἀγωνίζεσθαι
949 3821 1065 3879 καθ’
1122 3822 1278 3897 ημῶν
1334 3821 1578 3900 αίροντες
1642 3821 1782 3879 ὅπλα
1844 3825 1931 3880 καὶ

282 3912 385 3980 τὴν
437 3911 662 3992 πατρίδα
719 3914 936 3990 εἰρήνην
980 3912 1212 3989 ἄγουσαν
1276 3912 1513 3984 αἱμάτων
1573 3913 1664 3969 καὶ
1714 3912 1929 3993 σφαγῶν

283 3999 685 4077 ἐμπιπλῶντες.
718 4004 780 4061 Οἱ
816 4002 870 4058 δὲ
912 4000 1185 4058 ὀϐελίσκον
1243 4006 1431 4078 μακρῷ
1487 4000 1713 4076 καλάμῳ
1750 4024 1927 4080 παρα-

283 4090 649 4168 δεσμτίσαντες
691 4104 901 4149 κεντεῖν
961 4093 1102 4164 αὒτῷ
1173 4093 1263 4147 τὸν
1334 4090 1486 4169 ἅγιον
1540 4088 1924 4152 διεκελεύοντο.

286 4181 539 4261 Κάκείνη,
571 4182 655 4245 Μὴ
693 4181 897 4260 γένοιτό
943 4204 1060 4257 μοι,
1095 4180 1221 4262 ἔφη,
1285 4178 1469 4260 δρᾶσαι
1515 4183 1753 4238 τοιοῦτον
1790 4197 1802 4210 ⁸
1852 4184 1925 4244 ὡς

283 4269 449 4350 ἔγωγε
511 4271 678 4341 ἡδέως
735 4271 798 4328 ἃν
841 4271 1093 4351 πρότερον
1143 4277 1209 4347 τῇ
1266 4271 1371 4347 ἐμῇ
1414 4269 1596 4349 καρδία
1640 4280 1795 4331 τοῦτο
1825 4271 1920 4328 ὲκ-

277 4360 682 4437 καταπλήξαιμι
731 4361 767 4430 ἢ
841 4362 970 4439 πρὸς
1040 4361 1215 4441 βραχὺ
1286 4368 1378 4419 τοῦ
1433 4361 1583 4437 ἁγίου
1640 4358 1711 4416 δι’
1765 4365 1922 4421 αὐτοῦ

279 4456 466 4528 ψαύσω
495 4450 766 4523 σώματος.
804 4450 981 4515 Οὕτως
1012 4452 1047 4518 ἡ
1108 4451 1206 4523 μὲν
1245 4444 1495 4528 ἀνδρικὴν
1548 4448 1918 4527 ἐπιδειξαμένη

2029 1946 2097 2019 se
2129 1930 2373 1993 accedat
2404 1934 2666 2013 propius,
2704 1954 2769 1999 ut
2821 1939 2925 2019 qui
2951 1956 3231 2001 arcanum
3264 1936 3489 2017 aliquid
3519 1942 3679 1998 esset

2030 2017 2107 2079 ab
2152 2036 2223 2080 eo
2254 2020 2593 2089 auditurus.
2629 2025 2775 2088 Cum
2825 2017 2875 2091 is
2924 2048 3064 2092 vero
3093 2028 3290 2091 statim
3321 2024 3674 2089 accessisset

2029 2108 2299 2198 prepius,
2334 2120 2555 2194 martyr
2583 2134 2651 2177 os
2682 2119 2935 2198 impleas
2977 2119 3184 2193 saliva,
3234 2113 3669 2179 exsecrandum

2027 2197 2192 2259 illum
2228 2200 2450 2263 vultum
2482 2197 2781 2284 conspuit,
2813 2214 2873 2270 et
2904 2227 2920 2270 :
2950 2208 3079 2270 Non
3110 2216 3168 2270 te
3217 2205 3416 2287 pudet.
3445 2202 3667 2281 inquit,

2028 2307 2062 2348 ο
2094 2286 2764 2371 impudentissime,tam
2787 2298 3130 2362 immaniter
3151 2307 3207 2360 et
3221 2286 3341 2359 tam
3373 2293 3673 2358 hostiliter

2025 2376 2089 2439 in
2121 2378 2275 2442 banc
2305 2398 2686 2448 communem
2720 2386 3009 2452 insultare
3041 2396 3335 2465 naturam,
3369 2393 3428 2448 et
3456 2400 3672 2464 corpus

2017 2466 2143 2559 jam
2178 2478 2368 2532 morte
2398 2472 2698 2556 affectum,
2732 2494 2939 2540 rursus
2971 2469 3305 2559 producere
3336 2477 3409 2538 ad
3442 2471 3671 2536 exami-

2026 2558 2327 2649 nationem
2354 2559 2380 2623 ἲ
2409 2560 2518 2625 Ille
2547 2574 2743 2640 autem
2772 2567 2848 2630 ab
2881 2568 2956 2630 iis
2976 2558 3358 2649 'quoque,qui
3384 2561 3669 2627 conside-

2026 2644 2189 2723 bant,
2220 2661 2467 2730 propter
2504 2652 2654 2716 banc
2685 2655 2933 2718 nimiam
2983 2644 3397 2721 crudelitatem
3431 2650 3670 2734 probris

2023 2736 2294 2813 aﬂ‘ectus,
2327 2750 2385 2801 et
2422 2741 2757 2807 mirandum
2789 2747 2850 2808 in
2885 2749 3130 2811 modum
3152 2743 3467 2822 irrisus,ad
3496 2758 3664 2805 suam

2022 2827 2366 2890 cathedram
2395 2832 2552 2893 redit
2583 2835 2809 2914 pudore
2838 2838 3104 2903 affectus.

2103 2916 2339 2982 XXVII.
2374 2923 2520 2984 Cum
2551 2930 2752 2987 autem
2795 2939 3067 2989 sanctum
3101 2927 3274 3007 paulo
3309 2923 3540 3004 longius
3563 2922 3663 2986 di-

2022 3007 2368 3084 movissent,
2407 3020 2465 3072 et
2517 3030 2730 3075 manus
2785 3034 2942 3095 pone
2973 3016 3319 3086 vinxissent,
3353 3014 3572 3076 fossam
3607 3012 3666 3074 ei

2017 3095 2335 3185 l'odiunt,et
2362 3118 2497 3162 eum
2529 3102 2602 3164 ad
2634 3103 2874 3169 lumbos
2908 3126 3100 3185 usque
3119 3106 3468 3180 demissum,
3502 3102 3663 3165 info-

2018 3184 2207 3247 diunt.
2245 3186 2473 3251 Deinde
2503 3194 2975 3272 comprehensos
3000 3184 3658 3258 circumsistuntChri-
3745 3197 3749 3201 ’

2016 3277 2265 3349 stianos,
2301 3288 2360 3340 et
2383 3280 2711 3363 pulsantes,
2738 3284 2953 3364 jubent
2999 3304 3105 3348 eos
3150 3286 3338 3347 virum
3371 3283 3656 3364 inclytum

2016 3383 2283 3443 appetere
2314 3375 2625 3444 lapidibus.
2647 3379 2786 3435 Cum
2818 3382 3028 3451 quibus
3057 3388 3482 3439 sacrosanctam
3515 3392 3661 3450 quo-

2015 3475 2132 3536 que
2162 3456 2541 3535 Isdandul,'ut
2569 3462 2790 3527 similia
2821 3465 3062 3539 faceret,
3099 3466 3472 3546 urgentibus,
3506 3463 3657 3526 dixit

2012 3546 2147 3608 illa:
2173 3547 2334 3612 Nihil
2375 3570 2634 3633 unquam
2673 3573 2708 3616 a
2735 3558 2953 3620 saeculo
2984 3558 3101 3620 tale
3127 3558 3235 3620 fuit
3262 3555 3558 3633 auditum,
3593 3562 3658 3615 ut

2015 3645 2259 3715 cogatur
2282 3639 2507 3702 femina
2538 3644 2864 3707 extendere
2908 3666 3152 3709 manum
3184 3647 3471 3710 adversus
3498 3644 3659 3709 viros

2014 3734 2275 3823 sanctos,
2305 3731 2606 3823 quomodo
2639 3751 2741 3796 vos
2776 3753 2932 3797 nunc
2979 3737 3192 3811 facitis,
3242 3737 3339 3817 qui
3371 3735 3658 3798 adversus

2016 3814 2292 3878 inimicas
2309 3819 2550 3898 quidem
2578 3840 2694 3882 non
2716 3814 3467 3899 decertatis,innos_autem
3492 3841 3653 3887 arma

2017 3905 2244 3997 tollitis,
2283 3918 2341 3969 et
2374 3909 2786 3991 patriam,quae
2818 3914 2981 3997 degit
3013 3916 3071 3977 in
3102 3915 3566 3997 pace,sangnine
3595 3920 3656 3975 et

2013 3995 2175 4056 cmde
2206 3997 2485 4077 impletis.
2517 4001 2609 4063 llli
2640 4020 2777 4063 vero
2811 3995 3077 4067 obelisco
3104 3995 3325 4084 ilongzn
3371 4003 3653 4067 arundini

2011 4084 2354 4164 alligato,eo
2385 4098 2657 4152 sanctum
2692 4111 2954 4171 pungere
2987 4095 3383 4174 imperabant.
3420 4093 3525 4156 Illa
3549 4112 3650 4155 au-

2012 4184 2130 4235 tem
2163 4193 2176 4234 :
2210 4175 2402 4251 Absit,
2436 4178 2648 4261 inquit,
2684 4189 2749 4241 ut
2778 4199 2887 4260 ego
2918 4181 2975 4244 id
3009 4183 3246 4246 faciam.
3274 4183 3417 4246 Nam
3452 4202 3559 4263 ego
3589 4183 3647 4243 id

2009 4264 2173 4344 prius
2197 4264 2456 4329 libenter
2472 4270 2635 4331 cordi
2661 4289 2792 4333 meo
2815 4271 3080 4348 aftixero,
3121 4293 3295 4356 quam
3323 4292 3432 4354 per
3450 4273 3648 4353 ipsum

2004 4369 2265 4419 sanctum
2296 4377 2504 4433 corpus
2539 4364 2622 4421 vel
2652 4366 2950 4422 minimum
2978 4369 3373 4440 attingam.Sic
3395 4369 3491 4425 illa
3517 4366 3647 4439 qui-

2003 4444 2138 4507 dem
2171 4446 2400 4509 virilem
2434 4451 2758 4512 ostendens
2781 4454 3194 4533 constantiam,
3215 4461 3535 4533 conSpecta
3559 4461 3649 4514 est

276 4543 373 4611 τὴν
402 4542 668 4615 ἔνστασιν,
722 4541 974 4617 κρείττων
1031 4539 1127 4608 τῆς
1180 4539 1414 4606 ἐπινοίας
1455 4541 1606 4608 ὤφθη
1637 4546 1742 4597 τῶν
1775 4565 1947 4624 piat-1

2019 4537 2307 4597 Jotentior
2329 4557 2504 4618 quam
2539 4538 2860 4619 cogitarent
2897 4544 3517 4623 parricidae.Sanctum
3549 4561 3650 4605 au-

273 4634 446 4713 ιρόνων
481 4647 496 4661 ·
544 4631 635 4687 τὸν
663 4629 717 4687 δὲ
758 4631 914 4709 ἆίγιον
944 4631 1224 4693 τοσαύταις
1274 4631 1450 4709 νιφάσι
1482 4630 1636 4687 λίθων
1669 4632 1881 4712 συνέχω
1902 4666 1914 4675 ο

274 4742 370 4778 σαν
398 4722 475 4786 ὡς
506 4722 679 4796 μόνην
725 4721 939 4799 ὁρᾶσθαι
995 4721 1095 4787 τὴν
1152 4718 1412 4799 κεφαλὴν,
1459 4726 1547 4776 τοῦ
1585 4719 1774 4778 λοιποῦ
1805 4721 1918 4776 σώ-

275 4831 444 4885 ματος
502 4814 570 4886 τῇ
600 4808 794 4884 σωρεία
851 4815 956 4865 τῶν
1015 4808 1172 4866 λίθων
1205 4809 1681 4888 συγκεχωσμένου.
1721 4810 1824 4867 Ἤν
1854 4809 1918 4880 δή

275 4922 355 4964 τις
411 4901 522 4956 τῶν
577 4896 780 4956 ἆσεϐὖν
830 4898 1110 4977 ἀρχόντων
1163 4896 1240 4954 ἔτι
1296 4899 1616 4974 κινουμένην
1672 4901 1919 4977 ἑωρακὼς

275 4990 349 5046 ἐνὶ
407 4990 516 5046 τὼν
572 4986 776 5065 δημίων
835 4987 1037 5045 κελεύει
1098 4987 1435 5068 χειροπληθῆ
1497 4987 1638 5045 λίθον
1703 4986 1918 5046 λαϐόντι

273 5078 475 5137 ἄνωθεν
529 5079 662 5155 αδτῇ
689 5077 975 5159 ἐπαφεῖναι
1010 5094 1024 5109 ·
1055 5078 1116 5135 οὗ
1144 5077 1210 5145 δὴ
1259 5078 1544 5157 γενομένου
1575 5079 1659 5134 καὶ
1698 5084 1770 5151 τῷ
1826 5089 1919 5138 τοῦ

269 5168 416 5228 λίθου
470 5169 618 5248 βέρει
676 5166 857 5225 τέλεον
916 5171 1079 5236 αὒτῆς
1151 5166 1541 5243 συντριϐείσης,
1590 5170 1690 5236 τὴν
1736 5169 1916 5244 τιμίαν

267 5259 459 5340 ψυχὴν
514 5259 543 5314 ὀ
604 5258 861 5336 μακάριος
893 5265 970 5334 τῷ
1005 5265 1216 5336 Χριστῷ
1267 5258 1607 5336 παρατίθησι.
1654 5256 1914 5317 Φυλάκων

262 5350 433 5408 τοίνυν
490 5348 823 5413 ἕπιστασίαις
863 5349 925 5404 τὸ
978 5346 1267 5424 πολύτιμον
1328 5348 1507 5406 ἐκεῖνο
1565 5348 1720 5422 σῶμα
1751 5350 1911 5405 καθά-

262 5461 363 5518 περ
416 5437 682 5515 θησαυρός
729 5459 812 5502 τις
872 5452 1238 5516 συνετηρεῖτο.
1289 5444 1455 5515 Τριῶν
1485 5435 1539 5493 δὲ
1595 5436 1910 5497 διελθουσῶν

259 5531 481 5609 ἡμερῶν
537 5532 626 5586 καὶ
670 5527 929 5606 τετάρτης
980 5525 1083 5595 ἤδη
1136 5524 1655 5600 ἐπικαταλαϐούσης,
1691 5529 1908 5602 σεισμὸς

258 5619 430 5699 μέγας
489 5619 613 5682 οἷος
670 5620 758 5675 καὶ
820 5615 1043 5697 φοϐερὸς
1074 5618 1273 5697 γίνεται
1302 5634 1317 5650 ⁸
1363 5617 1469 5675 εἶθ’
1513 5616 1680 5683 οὕτως
1719 5619 1909 5697 ἄστρα-

262 5716 376 5768 πῶν
434 5708 874 5795 ὑπουραινομένων
914 5708 1147 5788 βροντῶν
1197 5729 1252 5764 τε
1302 5710 1563 5789 μεγίστων
1627 5707 1909 5788 ἐπικαταρ-

2004 4634 2124 4686 tem
2159 4635 2273 4686 tam
2308 4627 2539 4689 crebris
2597 4630 2860 4708 lapidum
2917 4633 3151 4695 nivibus
3200 4635 3548 4712 obruerunt,
3583 4640 3647 4693 ut

2002 4726 2351 4803 cerneretur
2403 4718 2594 4779 solum
2630 4727 2829 4800 caput,
2865 4722 3096 4803 reliquo
3130 4742 3385 4803 corpore
3433 4723 3644 4785 obruto

2004 4801 2264 4880 lapidum
2286 4807 2761 4881 congerieQuod
2785 4801 3024 4891 quidem
3049 4822 3224 4893 caput
3242 4801 3378 4875 cum
3403 4811 3645 4890 quidam

2003 4909 2071 4952 ex
2100 4893 2301 4974 impiis
2327 4896 2691 4976 principibus
2714 4900 2955 4961 vidisset
2979 4902 3175 4963 adhuc
3198 4902 3449 4976 moveri,
3478 4900 3645 4981 iubet

2002 4982 2101 5042 uni
2133 5001 2201 5043 ex
2234 4984 2566 5067 lictoribus,
2599 4995 2662 5048 ut
2693 4997 2940 5069 accepto
2976 4990 3196 5071 lapide,
3231 5000 3513 5073 quantum
3545 5010 3647 5074 po-

2001 5084 2142 5134 terat
2167 5092 2370 5135 manus
2392 5093 2619 5151 capere.
2653 5082 2707 5138 in
2735 5082 2791 5140 id
2821 5084 3067 5153 desu'jer
3092 5086 3442 5142 immitteret.
3479 5086 3645 5155 Quod

1999 5162 2239 5242 quidem
2263 5183 2397 5226 cum
2422 5166 2637 5228 factum
2667 5178 2917 5243 esset,et
2942 5171 3206 5250 pondere
3227 5171 3444 5253 lapidis
3464 5181 3640 5255 caput

2001 5261 2161 5315 esset
2188 5257 2531 5339 contritum,
2563 5257 2772 5322 beatus
2817 5261 3052 5324 Christo
3107 5262 3281 5325 tradit
3315 5263 3638 5342 pretiosam

1995 5347 2280 5433 animam.
2306 5347 2507 5425 Atque
2535 5350 2933 5412 venerandum
2957 5352 3199 5433 quidem
3224 5353 3370 5414 illud
3395 5371 3635 5433 corpus,

1993 5432 2279 5498 adhibitis
2303 5437 2671 5515 custodibus,
2699 5432 3166 5504 conservabatur
3196 5451 3477 5520 tanquam
3502 5432 3638 5506 tbe-

1993 5541 2204 5585 saurus
2224 5526 2459 5606 aliquis.
2500 5527 2640 5591 Cum
2670 5538 2789 5591 tres
2816 5540 3011 5593 autem
3038 5532 3166 5593 dies
3190 5532 3633 5613 praiteriissent,

1992 5621 2051 5676 et
2071 5615 2188 5691 jam
2213 5615 2551 5680 advenisset
2570 5629 2837 5698 quartus,
2861 5622 3084 5684 exstitit
3114 5640 3361 5701 magnus
3378 5629 3437 5682 et
3454 5623 3634 5683 terri»

1992 5704 2129 5772 bilis
2160 5716 2333 5770 terrai
2358 5716 2575 5773 motus.
2601 5708 2832 5773 Deinde
2857 5729 2989 5773 cum
3024 5711 3111 5773 sic
3138 5719 3494 5799 apparerent
3523 5710 3633 5780 iul.
