4066 6412
407 327 526 400 859
1659 337 2044 402 ADDENDA.
2090 369 2165 383 —
2209 337 2533 402 APRILIS.
3671 332 3791 402 860

413 491 582 556 gura,
616 481 674 538 et
725 473 980 540 maxima
1029 475 1288 541 tonitrua
1347 493 1478 538 cum
1512 475 1597 539 eis
1646 481 2052 556 erumperent,

2152 474 2483 554 δηγνυμένων
2545 473 2732 537 αὗτατς
2789 479 2891 552 πῦρ
2939 472 3216 553 οὐρανόθεν
3269 471 3590 554 κατενεχθὲν
3645 470 3790 529 ἀπο-

413 565 574 645 ignis
605 585 638 628 e
669 568 818 630 caelo
842 569 1139 630 demissus
1162 566 1438 629 custodes
1476 566 1718 644 quidem
1753 565 1969 644 redigit
1999 566 2055 626 in

2152 577 2328 642 τεφροϊ
2385 564 2484 640 μὲν
2541 565 2662 629 τοὺς
2707 561 2968 643 φύλακας,
3027 563 3118 620 τόν
3177 565 3348 641 σωρὸν
3397 562 3452 619 δὲ
3497 568 3601 619 τῶν
3629 560 3788 619 λίθων

415 657 975 736 cinerem,lapidum
1009 677 1149 719 vero
1179 658 1519 734 congeriem
1557 656 1757 717 educit
1781 663 2057 736 tanquam

415 749 731 818 pulverem,
767 749 876 806 Deo
916 751 1186 808 omnibus
1225 750 1499 806 reddente
1551 749 1917 805 manifestum
1956 749 2059 804 ho-

416 849 625 892 norem
650 833 709 893 in
735 843 1045 915 martyrem
1077 855 1091 911 ;
1134 852 1352 914 corpus
1401 841 1598 894 autem
1634 851 1751 894 non
1785 841 2055 913 apparet,

417 940 525 982 seu
547 922 702 998 quod
732 924 888 985 Deus
915 924 1287 1004 providisset,
1319 933 1381 984 ut
1424 923 1481 984 id
1535 923 1958 985 transferretur
1987 922 2058 983 iis

417 1029 567 1090 quos
599 1012 725 1090 ipse
756 1014 938 1088 novit,
975 1015 1192 1088 modis,
1224 1033 1331 1075 seu
1367 1013 1524 1094 quod
1583 1013 1892 1075 hominum
1928 1031 2057 1074 ma-

413 1117 527 1160 nus
560 1099 615 1161 id
649 1103 1054 1164 sustulissent.

497 1189 758 1256 XXVIII.
789 1195 1213 1256 Venerandum
1247 1201 1444 1256 autem
1481 1194 1796 1256 ZEithalam
1831 1211 1964 1255 cum
1998 1193 2060 1255 in

413 1277 637 1353 vicum,
673 1287 772 1362 qui
805 1283 1022 1346 dicitur
1055 1284 1303 1359 Patrias,
1351 1284 1757 1356 abduxissent,
1795 1282 2063 1343 efficiunt

420 1375 486 1427 ut
517 1369 988 1434 Christianorum
1025 1373 1300 1435 manibus
1355 1373 1481 1454 ipse
1513 1390 1747 1453 quoque
1777 1371 2062 1432 obruatur

416 1454 740 1536 lapidibus.
777 1461 961 1542 Cujus
1022 1481 1237 1542 corpus
1292 1461 1567 1524 monachi
1617 1461 1853 1541 quidam
1889 1479 1956 1522 ex
1988 1459 2062 1520 iis

420 1546 527 1632 qui
552 1547 674 1610 illic
698 1550 1062 1632 habitabant,
1091 1561 1266 1614 noctu
1299 1552 1372 1613 ad
1388 1552 1716 1624 venientes,
1749 1549 2062 1611 inscienti-

419 1631 534 1697 bus
557 1640 907 1702 custodibus
938 1643 996 1703 id
1022 1631 1324 1715 auferunt,
1359 1660 1564 1703 revera
1593 1641 1814 1701 furtum
1849 1640 2060 1700 lauda-

422 1722 544 1787 bile
575 1727 881 1806 facientes,
916 1739 975 1793 et
1007 1751 1131 1792 rem
1168 1733 1300 1794 luce
1329 1731 1589 1811 dignam,
1622 1749 1737 1791 non
1772 1729 2056 1792 tenebris.
2091 1763 2124 1812 Β

419 1813 652 1878 Deinde
675 1838 806 1880 cum
832 1821 888 1882 ei
906 1825 1064 1899 justa
1088 1821 1710 1901 fecissent,deponunt
1727 1820 1783 1880 in
1806 1819 2061 1900 quodam

421 1903 556 1966 loco
580 1906 816 1987 insigni.
852 1910 978 1982 Quo
1025 1920 1220 1973 autem
1255 1911 1314 1972 in
1357 1912 1484 1971 loco
1518 1921 1787 1972 sanctum
1821 1909 2067 1985 contigit

418 1994 853 2072 interimi,facit
875 1999 1036 2062 Deus
1057 2000 1487 2062 admirabiliter
1510 1999 2062 2081 quiddam,dignum

421 2092 477 2144 et
506 2102 614 2147 sua
646 2090 1204 2170 potentia,etgloria
1237 2091 1530 2172 martyris.
1554 2088 1762 2152 Planta
1793 2089 2064 2165 quaedam

425 2176 592 2254 myrti
619 2176 742 2240 illic
772 2187 966 2260 enata,
999 2181 1256 2243 efficitur
1289 2199 1468 2241 omne
1500 2198 1686 2257 genus
1719 2178 2063 2240 morborum

423 2263 725 2328 liberatio.
763 2268 905 2331 Cum
940 2272 1201 2352 quinque
1233 2288 1371 2346 ergo
1397 2270 1570 2331 annis
1594 2288 1700 2348 per
1724 2271 1876 2330 hanc
1899 2268 2066 2348 plan-

420 2362 540 2415 tam
573 2363 657 2418 sic
689 2359 901 2420 ﬁerent
926 2360 1342 2441 miracula,qui
1365 2360 1630 2438 gentium
1660 2358 1860 2419 falsam
1895 2367 2063 2419 tene-

425 2443 567 2507 bant
601 2448 978 2527 religionem,
1015 2449 1234 2512 invidia
1263 2452 1497 2523 moti,et
1527 2467 1642 2509 non
1678 2449 1938 2510 ferentes
1968 2447 2067 2506 in-

427 2536 582 2596 tueri
615 2538 739 2599 haec
780 2540 1069 2602 miracula
1099 2540 1170 2602 ad
1191 2538 1606 2601 confutandam
1630 2539 1834 2598 falsam
1861 2556 2066 2598 eorum

420 2625 801 2705 religionem,
831 2629 1089 2709 plantam
1145 2629 1501 2690 exscindunt
1557 2627 1868 2689 radicitus.
1903 2626 2068 2688 Multi

425 2732 567 2776 vero
589 2716 753 2778 exiis
775 2720 873 2798 qui
899 2727 1070 2780 erant
1091 2719 1291 2779 animo
1326 2717 1572 2798 purgati,
1602 2717 1776 2794 longo
1801 2725 2070 2794 tempore

425 2805 705 2867 videbant
738 2808 930 2870 lucem
966 2807 1024 2869 in
1087 2827 1156 2870 eo
1217 2808 1370 2880 loco,
1434 2817 1492 2870 et
1545 2808 1776 2869 divinas
1825 2806 2070 2866 virtutes

424 2896 843 2972 ascendentes,
871 2909 931 2962 et
953 2899 1206 2977 gloriam
1246 2900 1586 2960 emittentes
1615 2898 1669 2959 ei
1703 2897 1804 2976 qui
1835 2905 2071 2956 sanctos

425 3005 567 3047 suos
598 2988 916 3066 glorificat.
951 2990 1410 3051 Consummatus
1449 2995 1646 3049 autem
1693 2986 1802 3048 fuit
1855 2983 2070 3046 Christi

429 3085 648 3156 martyr
702 3077 996 3140 {Eithalas
1056 3098 1259 3141 mense
1307 3077 1508 3158 Junio,
1559 3077 1832 3139 eamdem
1893 3095 2070 3137 cons-

427 3167 669 3228 tantiam
703 3178 759 3229 et
822 3168 1256 3239 fortitudinem,
1291 3187 1472 3244 quam
1535 3168 1573 3228 ii
1626 3168 1726 3246 qui
1785 3173 1920 3226 ante
1973 3165 2071 3244 ip-

425 3276 560 3319 sum
617 3258 860 3318 fuerunt
914 3259 1360 3329 consummati,
1419 3257 1490 3316 ad
1569 3264 1819 3316 mortem
1883 3271 2073 3334 usque

427 3346 772 3417 ostendens,
810 3347 1029 3408 auxilio
1061 3366 1118 3408 et
1166 3347 1355 3425 gratia
1404 3345 1620 3407 Christi
1669 3346 1789 3406 veri
1823 3343 1925 3404 Dei
1959 3362 2071 3403 no-

429 3437 538 3498 stri
573 3455 586 3496 :
624 3455 799 3517 quem
826 3437 999 3497 decet
1027 3436 1216 3515 gloria
1246 3444 1304 3496 et
1336 3437 1551 3508 honor,
1586 3453 1724 3495 cum
1779 3432 2075 3512 principio

428 3534 670 3588 carente
729 3527 863 3606 ejus
912 3528 1110 3599 Patre,
1173 3532 1231 3587 et
1289 3525 1668 3586 sanctissimo
1727 3533 1783 3584 et
1842 3523 2074 3584 vivifico

430 3616 678 3695 Spiritu,
713 3634 872 3678 nunc
901 3623 960 3678 et
989 3633 1248 3696 semper,
1283 3625 1342 3677 et
1365 3617 1424 3676 in
1444 3615 1661 3677 saacula
1692 3613 2071 3675 saeculorum.

428 3707 642 3770 Amen.

2141 655 2233 710 οἷά
2276 677 2395 711 τινα
2453 661 2585 733 χοῦν
2644 654 2862 732 ἐκφορετ
2918 654 3016 721 τὴν
3075 652 3161 710 ἐπὶ
3221 660 3297 728 τῷ
3355 654 3579 730 μάρτυρι
3621 652 3789 727 τιμὴν

2140 750 2231 800 τοῦ
2290 743 2421 799 Θεοῦ
2477 743 2706 820 φανερὰν
2754 749 2883 799 πᾶσι
2941 741 3300 808 καθιστῶπος
3337 761 3352 776 ·
3399 744 3461 799 τὸ
3517 748 3674 816 σῶμα
3733 739 3788 796 δὲ

2141 833 2336 911 ἀφανὲς
2397 833 2624 912 γίνεται,
2657 832 2768 888 εἴτε
2803 839 2891 888 τοῦ
2945 840 3078 892 Θεοῦ
3125 842 3277 892 τοῦτο
3309 835 3394 894 οἷς
3425 831 3542 888 οἶδε
3571 831 3790 908 τρόποις

2141 927 2448 999 μεταθεῖναι
2493 923 2988 997 οίκονομήσαντος,
3037 921 3151 979 εἴτε
3209 921 3548 999 ἀνθρωπίνων
3607 920 3794 980 ἀνελο-

2142 1013 2314 1089 μένων
2357 1014 2583 1093 χειρῶν.

2229 1192 2362 1254 Κῐ1’.
2395 1191 2673 1248 ’Ᾱειθαλᾶν
2726 1190 2781 1247 δὲ
2839 1193 2931 1248 τὸν
2989 1191 3311 1266 τιμιώτατον
3355 1192 3430 1255 εἷς
3463 1190 3656 1265 κώμην
3688 1197 3794 1246 [Ια-

2141 1283 2289 1360 τριὰς
2375 1281 2708 1358 καλουμένην
2794 1281 3164 1359 ἀπαγαγόντες
3244 1286 3575 1358 Χριστιανῶν
3636 1280 3792 1359 χερσὶ

2143 1374 2230 1428 καὶ
2289 1373 2446 1428 αὖτὸν
2502 1370 2926 1438 καταλευσθῆναι
2996 1371 3484 1448 παρασκευάζουσιν
3517 1385 3532 1400 ·
3615 1369 3676 1426 οὗ
3731 1370 3792 1425 τὸ

2143 1462 2298 1536 σῶμα
2357 1461 2590 1541 μοναχοί
2651 1483 2787 1526 τινες
2853 1464 2955 1518 τῶν
2999 1460 3116 1518 ἐκεῖ
3158 1461 3544 1518 κατοικούντων
3603 1460 3792 1523 νυκτὸς

2145 1550 2452 1614 ἐπελθόντες
2483 1553 2570 1606 καὶ
2627 1549 2965 1616 διαλαθόντες
3010 1551 3129 1614 τοὺς
3184 1549 3426 1629 φύλακας
3487 1551 3786 1630 ὑφαιροῦσι,

2145 1639 2358 1716 κλέμμα
2430 1640 2595 1703 ὅντως
2653 1640 2930 1696 ἐπαινετὸν
2985 1639 3338 1718 ἐργασάμενοι
3406 1642 3500 1696 καὶ
3562 1645 3790 1716 πρᾶγμα

2147 1734 2206 1789 οὒ
2267 1731 2510 1800 σκότους,
2556 1729 2692 1786 ἀλλὰ
2747 1732 2923 1810 φωτὸς
2997 1729 3164 1795 ἄξιον.
3217 1729 3354 1786 Εἶτα
3397 1730 3486 1785 καὶ
3542 1729 3606 1785 τὰ
3650 1749 3794 1784 νενο-

2149 1819 2380 1895 μισμένα
2457 1818 2739 1898 δράσαντες
2825 1820 2909 1876 ἐπ’
2996 1822 3138 1893 αύτῷ
3210 1819 3264 1875 ἐν
3323 1824 3472 1892 τόπῳ
3524 1819 3627 1874 τινὶ
3684 1824 3794 1874 τῶν

2149 1909 2428 1984 ἐπισήμων
2473 1913 2864 1968 κατατιθοῦσιν.
2923 1910 3086 1966 ’Ἔνθα
3131 1908 3196 1976 δὴ
3239 1909 3329 1964 τὸν
3378 1908 3530 1986 ἅγιον
3573 1908 3795 1985 ἀναιρε-

2147 2003 2301 2067 θῆναι
2356 1999 2574 2079 συνὲλη,
2634 2003 3027 2077 θαυματουργεϊ
3079 2001 3209 2064 Θεὸς
3265 1997 3409 2063 ἄξιόν
3468 2021 3516 2053 τι
3561 2000 3651 2056 καὶ
3695 1997 3795 2065 τῆς

2151 2093 2307 2147 αὐτοῦ
2363 2087 2632 2163 δυνάμεως
2668 2091 2754 2144 καὶ
2784 2094 2880 2156 τῆς
2939 2095 3031 2144 τοῦ
3077 2087 3341 2166 μάρτυρος
3387 2085 3563 2154 δόξης,
3623 2089 3799 2143 Φυτὸν

2151 2178 2250 2256 γάρ
2305 2201 2356 2234 τι
2417 2177 2634 2256 μυῤῥίνη
2666 2190 2858 2258 φυεϊσα
2903 2178 3226 2252 νοσημάτων
3284 2177 3486 2254 γίνεται
3533 2179 3800 2234 παντοίων

2151 2266 2466 2344 ἀπαλλαγή.
2521 2267 2650 2325 Ἐπὶ
2715 2269 2871 2324 πέντε
2935 2275 3208 2345 τοιγαροῦν
3254 2266 3476 2346 χρόνοις
3515 2273 3622 2322 τῶν
3680 2269 3804 2322 θαυ-

2152 2357 2334 2431 μάτων
2380 2355 2518 2413 οὕτω
2571 2355 2654 2412 διὰ
2711 2355 2858 2413 τοῦδε
2901 2364 2994 2413 τοῦ
3040 2359 3202 2436 φυτοῦ
3245 2355 3604 2431 τελουμένων,
3639 2357 3688 2410 οἱ
3739 2357 3804 2413 τὰ

2157 2439 2429 2512 Ἑλλήνων
2493 2447 2871 2523 θρησκεύοντες
2933 2447 3107 2526 φθόνῳ
3176 2444 3501 2522 βαλλόμενοι
3545 2445 3641 2513 τὴν
3701 2449 3805 2520 ψυ-

2155 2537 2285 2616 χὴν,
2335 2538 2423 2592 καὶ
2474 2539 2540 2592 τὰ
2598 2535 2864 2616 παράδοξα
2917 2535 2982 2604 δὴ
3051 2543 3213 2594 ταῦτα
3265 2534 3352 2591 ἐπ’
3417 2533 3632 2614 ἐλέγχῳ
3695 2539 3796 2602 τῆς

2157 2626 2326 2682 αὐτῶν
2386 2627 2666 2703 θρησκείας
2716 2628 2775 2682 οὔ
2829 2624 3074 2704 φέροντες
3118 2629 3369 2704 καθορᾷν,
3417 2626 3602 2691 αὒταῖς
3631 2625 3798 2702 ῥίζαις

2155 2715 2462 2790 ἐκτέμνουσι
2508 2737 2566 2771 τε
2625 2717 2686 2772 τὸ
2717 2717 2874 2793 φυτὸν
2910 2717 2997 2771 καὶ
3041 2716 3161 2793 πυρὶ
3210 2715 3449 2789 νέμουσι.
3501 2713 3697 2771 Πολλοὶ
3741 2711 3798 2770 δὲ

2151 2811 2254 2860 τῶν
2312 2806 2409 2871 τὴν
2460 2806 2647 2885 ψυχῆν
2713 2804 3178 2881 ἐκκεκαθαρμένων
3241 2804 3321 2884 ἐφ’
3369 2804 3546 2861 nuva
3601 2804 3799 2881 χρόνον

2153 2902 2302 2970 φῶτα
2345 2895 2471 2972 περὶ
2530 2894 2678 2951 τόνδε
2735 2901 2825 2950 τὸν
2909 2901 3090 2973 χῶρον
3167 2893 3348 2971 ἐώρων
3407 2895 3495 2949 καὶ
3549 2889 3798 2967 δυνάμεις

2153 2987 2292 3049 θείας
2336 2985 2584 3045 ἀνιούσας
2629 2984 2808 3062 ὥσπερ
2838 2987 2924 3040 καὶ
2973 2983 3258 3043 κατιούσας
3307 2984 3394 3039 καὶ
3453 2979 3604 3047 δόξαν
3661 2982 3798 3038 ἀνα·-

2158 3075 2467 3148 πεμπούσας
2527 3079 2605 3146 τῷ
2663 3075 2785 3138 τοὺς
2843 3073 3019 3149 ἁγίους
3082 3075 3242 3130 αύτοῦ
3295 3071 3581 3142 δοξάζοντι.
3645 3061 3796 3128 Ἐτε-

2156 3162 2350 3230 λειώθη
2402 3161 2456 3219 δὲ
2517 3165 2544 3220 ὁ
2617 3171 2708 3219 τοῦ
2765 3169 2992 3240 Χριστοῦ
3069 3160 3264 3240 μάρτυς
3323 3160 3602 3225 Ἀειθαλᾶς
3661 3161 3797 3217 κατὰ

2156 3255 2246 3307 τὸν
2306 3252 2522 3309 Ἰούνιον
2577 3254 2744 3328 μῆνα,
2796 3251 2894 3318 τὴν
2944 3251 3069 3318 ἴσην
3098 3266 3217 3314 τως
3260 3251 3362 3329 πρὸ
3406 3250 3564 3309 αὐτοῦ
3589 3247 3805 3305 τελειωο

2155 3345 2294 3397 θεῖσι
2374 3343 2627 3415 μάρτυσιν
2713 3339 2952 3397 ἕνστασίν
3010 3362 3064 3396 τε
3152 3339 3248 3395 καῖ
3309 3340 3586 3418 καρτερίαν
3645 3338 3813 3419 ἄχρι-

2157 3431 2378 3488 θινάτου
2449 3429 2841 3503 ἐπιδειξαμένος
2897 3430 3115 3506 βοηθείᾳ
3202 3432 3287 3486 καὶ
3337 3431 3517 3509 χάριτι
3580 3435 3814 3506 Χριστοῦ

2158 3530 2250 3579 τοῦ
2283 3522 2531 3588 ἀληθινοῦ
2564 3527 2695 3577 Θεοῦ
2726 3523 2905 3595 ἡμῶν,
2937 3521 2983 3594 ᾦ
3039 3519 3230 3597 πρέπει
3276 3525 3423 3575 πᾶσα
3467 3516 3611 3597 δόξα,
3676 3520 3814 3593 τιμὴ

2157 3615 2240 3670 καὶ
2286 3613 2640 3689 προσκύνησις
2705 3611 2795 3666 σὺν
2853 3612 2930 3684 τῷ
2987 3608 3210 3690 ἀνάρχῳ
3279 3613 3422 3681 αὐτῷ
3483 3608 3653 3686 Πατρῖ
3711 3609 3810 3665 καῖ

2153 3704 2231 3777 τῷ
2287 3709 2534 3774 ζωοποιῷ
2595 3699 2860 3776 Πνεύματι
2914 3708 3000 3758 νῦν
3070 3700 3158 3754 καὶ
3218 3697 3322 3778 ἀεὶ,
3396 3698 3484 3754 καὶ
3544 3699 3618 3760 εἰς
3687 3698 3808 3762 τοὺς

2153 3794 2347 3857 αἰῶνας
2379 3798 2484 3848 τῶν
2513 3792 2744 3851 αἰώνων.
2781 3787 2979 3864 Ἀμήν.
