4066 6390
256 311 374 379 865

1585 310 1772 379 VITA
1819 314 1880 376 S.
1928 312 2314 378 AMBROSII.

3521 317 3640 386 866

255 453 423 518 Οὗτος
465 449 650 514 καλῶς
699 452 977 519 διοικήσας
1036 452 1210 510 πάντα
1252 452 1318 509 τὰ
1366 453 1464 520 τῆς
1509 451 1780 529 βασιλείας
1828 450 1911 506 καὶ

2004 448 2244 528 pulchre
2302 448 2547 527 quidem
2607 450 3023 515 constituisset
3080 451 3428 533 imperium,
3460 461 3642 517 recta;

255 542 518 620 ὀρθοδοξίᾳ
563 539 867 615 διαλάμψας
925 539 1257 599 ἀνεπαύσατο
1314 542 1629 619 βασιλεύσας
1674 542 1757 598 ἐπὶ
1819 541 1914 607 ’ἐτη

257 632 327 695 ις’
342 677 355 692 .
408 630 675 689 Κατέλιπε
730 628 786 685 δὲ
834 627 1115 710 διαδόχους
1149 632 1270 695 τοὺς
1328 631 1527 698 παῖδας
1557 634 1716 691 αὐτοῦ
1772 638 1912 705 Γρα-

256 722 433 778 τιανὸν
485 720 576 776 καὶ
606 717 1041 777 Οὐαλεντινιανόν
1090 721 1183 775 τὸν
1215 720 1353 783 νέον.
1412 726 1521 788 Τῆς
1553 719 1607 777 δὲ
1650 720 1916 787 ἀνατολῆς

254 809 559 868 ἐϐασίλευεν
588 808 798 875 Οὐάλης
846 810 873 863 ὁ
924 806 1145 889 ἀδελφὸς
1191 809 1634 869 Οὐαλεντινιανοῢ
1673 817 1765 867 τοῦ
1810 832 1912 883 pe-

249 898 438 979 γάλου,
472 897 618 961 ὅστις
680 902 779 964 τῆς
840 897 1118 974 Ἀρειανῆς
1174 896 1356 966 λώϐης
1401 912 1682 977 μετεῖχεν.
1745 900 1912 964 Οὗτος

252 986 542 1064 συμϐαλὼν
600 984 838 1062 πόλεμον
897 988 1034 1061 μετὰ
1093 994 1199 1044 τῶν
1259 987 1491 1063 Γότθων,
1526 990 1768 1058 ἡττηθεὶς
1823 990 1911 1045 καὶ

252 1078 565 1157 προσφυγὼ,
641 1078 713 1141 είς
783 1077 1035 1156 ἀχυρῶνα
1094 1077 1148 1133 ἐν
1240 1078 1379 1151 αὐτῷ
1447 1082 1577 1155 πυρὶ
1644 1079 1906 1145 κατεκάη.

256 1169 544 1247 Γρατιανὸς
601 1165 657 1222 δὲ
716 1167 745 1221 ὁ
804 1165 1238 1223 Οὐαλεντινιανὸῠ
1292 1168 1389 1242 μὲν
1446 1170 1577 1241 υἱὸς,
1614 1167 1909 1233 Οὐάλεντος

257 1256 310 1314 δὲ
340 1257 586 1333 ἀνεψιὸς,
623 1263 796 1313 πᾶσαν
839 1256 940 1322 τὴν
967 1262 1075 1313 τῶν
1138 1247 1412 1332 Ῥωμαίων
1441 1257 1732 1333 ἠγεμονίαν
1767 1280 1910 1331 παρ-

260 1344 472 1405 ἐλαϐεν.
528 1352 743 1425 Πρῶτον
774 1345 871 1420 μὲν
906 1346 1005 1423 γὰρ
1061 1346 1128 1402 τὰ
1159 1346 1256 1413 τῆς
1304 1345 1564 1424 Εὐρώπης
1597 1348 1682 1404 καὶ
1734 1347 1912 1413 πάσης

252 1442 352 1504 τῆς
414 1436 630 1498 Δύσεως
673 1435 816 1513 παρὰ
872 1442 964 1492 τοῦ
1017 1437 1214 1507 πατρὸς
1273 1435 1591 1516 παρειλήφει
1652 1435 1915 1514 σκῆπτρα·

1998 557 2136 599 vero
2163 538 2300 600 ﬁdei
2352 539 2722 620 professione
2774 540 3132 612 refulsisset,
3188 551 3357 606 sexto
3405 543 3640 606 decimo

2000 627 2235 707 imperii
2292 648 2448 692 anno
2507 630 2622 693 vita
2679 630 2967 692 decedit:
3031 650 3416 695 successores
3442 642 3639 696 autem

1998 717 2284 794 relinquit
2334 719 2484 781 ﬁlios
2529 737 2668 782 suos
2689 719 3491 803 Gratianumjuniorbmque
3520 721 3641 785 Va-

1997 806 2416 875 lentinianum.
2450 808 2697 871 Valente
2723 809 2901 871 fratre
2924 809 2985 872 in
3010 811 3275 874 Orientis
3298 811 3643 891 regionibus

1994 914 2195 958 rerum
2230 900 2516 977 potiente,
2545 916 2615 960 eo
2646 900 2872 961 scilicet
2897 899 3001 980 qui
3035 900 3269 962 Arianis
3301 901 3359 962 in
3396 901 3644 981 perfidia

1994 1003 2131 1049 sese
2159 988 2482 1063 conjunxit.
2545 988 2655 1050 llic
2704 988 2946 1069 quidem
3005 1009 3141 1051 cum
3191 990 3401 1054 Gothis
3449 1010 3644 1070 pugna

1994 1094 2352 1155 congressus
2404 1085 2576 1157 atque
2636 1077 2925 1154 devictus,
2964 1078 3023 1140 in
3080 1079 3396 1160 paleariam
3444 1098 3642 1143 casam

1992 1166 2364 1245 confugiens,
2430 1167 2564 1245 igne
2624 1167 2848 1231 ibidem
2882 1168 3110 1231 interiit
3151 1187 3165 1229 :
3204 1172 3262 1232 in
3293 1168 3641 1233 Gratianum

1992 1262 2190 1317 autem
2219 1254 2618 1318 Valentiniani
2639 1257 2882 1336 quidem
2906 1258 3394 1332 ﬁlium,Valentis
3410 1277 3548 1322 vero
3571 1278 3644 1322 ex

1997 1345 2176 1406 fratre
2206 1353 2488 1424 nepotem
2516 1346 2733 1409 recidit
2761 1348 3043 1410 universa
3070 1349 3359 1412 Romanae
3405 1348 3645 1412 ditionis

2002 1433 2304 1514 potentia;
2341 1436 2599 1514 primum
2662 1438 2820 1499 enim
2859 1456 2892 1499 a
2924 1445 3093 1517 patre
3124 1456 3243 1499 non
3276 1438 3450 1499 modo
3477 1455 3647 1519 scep-

255 1524 521 1603 παρέλαϐε
580 1523 635 1580 δὲ
688 1525 773 1581 καὶ
839 1526 931 1591 τὴν
992 1521 1173 1581 Ἀσὲαν
1233 1526 1320 1581 καὶ
1377 1526 1442 1581 τὰ
1473 1523 1765 1600 λειπόμενα
1820 1530 1917 1591 τῆς

2004 1530 2166 1584 trum
2224 1522 2501 1604 Europm,
2553 1542 2758 1586 verum
2820 1525 2998 1588 etiam
3065 1526 3246 1589 totius
3303 1525 3648 1592 Occidentis

256 1612 481 1693 Λιϐύης,
536 1611 760 1676 ἄπαιδος
818 1611 1178 1690 ἀναιρεθέντος
1225 1621 1317 1669 τοῦ
1373 1612 1686 1679 Οὐάλεντος.
1752 1618 1917 1673 Εὐσε-

2004 1612 2275 1674 relictum
2336 1615 2495 1693 cepit
2530 1632 2545 1678 :
2582 1613 2805 1677 deinde
2863 1634 3029 1690 vero,
3089 1635 3224 1678 cum
3286 1616 3418 1678 sine
3444 1615 3651 1681 liberis

253 1702 354 1771 ϐὴς
412 1704 469 1759 δὲ
498 1702 575 1759 ὢν
605 1704 741 1761 κατά
768 1704 861 1758 τὸν
903 1704 1106 1781 πατέρα
1138 1702 1500 1761 ἀνεκαλέσατο
1559 1706 1764 1768 πάντας
1795 1705 1915 1767 τοὺς

2004 1699 2223 1763 Valens
2253 1721 2285 1764 e
2316 1703 2515 1765 medio
2539 1703 2812 1767 sublatus
2842 1713 3025 1780 esset,
3066 1705 3268 1768 Asiam
3301 1725 3559 1788 quoque,
3596 1715 3654 1770 et

252 1793 581 1856 ἐπισκόπους
647 1792 843 1869 οὕσπερ
902 1790 1116 1860 Οὐάλης
1177 1795 1204 1848 ὁ
1262 1797 1410 1857 θεῖος
1454 1791 1613 1849 αὐτοῦ
1674 1790 1917 1871 ἐξώρισεν

2004 1789 2291 1871 quidquid
2326 1791 2386 1852 in
2417 1792 2623 1856 Africa
2658 1793 2879 1875 reliqui
2908 1803 3060 1876 erat,
3094 1802 3144 1857 is
3174 1787 3456 1859 obtinuit.
3486 1798 3652 1871 Quo-

248 1884 586 1963 ὑπερμαχῶν
645 1887 744 1949 τῆς
789 1881 1073 1959 Ἀρειανῖις
1108 1881 1384 1960 αἱρέσεως.
1438 1883 1628 1939 Μαθὼν
1674 1880 1726 1937 δὲ
1775 1888 1914 1959 Γρα-

2004 1880 2158 1942 niam
2192 1889 2390 1944 autem
2429 1882 2612 1961 patris
2634 1885 2913 1966 exemplo
2940 1884 3175 1947 colebat
3205 1886 3650 1969 pietatem,epi-

250 1976 430 2037 τιανὸς
490 1973 592 2041 τὴν
625 1972 837 2050 Θράκην
867 1971 1204 2047 ληϊζομένην
1234 1974 1335 2028 ὑπὸ
1385 1973 1491 2028 τῶν
1520 1974 1610 2028 τὸν
1645 1970 1914 2029 Οὐάλεντα

2004 1988 2214 2050 scopos
2256 1989 2488 2048 omnes,
2542 1991 2693 2053 quos
2744 1974 2968 2036 Valens
3018 1974 3078 2036 in
3109 1975 3355 2054 gratiam
3417 1977 3654 2039 Arianae

250 2063 561 2121 καυσάντων
620 2058 921 2141 βαρϐάρων,
981 2060 1290 2119 καταλιπὼν
1361 2061 1461 2129 τὴν
1539 2059 1765 2118 Ἰταλίαν
1838 2062 1911 2124 εἷς

2004 2060 2244 2122 haeresis
2276 2062 2471 2141 patria
2501 2062 2726 2142 ejectos
2748 2072 3016 2127 extorres
3057 2063 3303 2139 fecerat,
3343 2068 3416 2128 ab
3441 2066 3649 2128 exsilio

246 2154 344 2221 τὴν
380 2154 643 2209 Πανονίαν
673 2151 916 2230 ἀφίκετο,

1994 2154 2125 2229 ipse
2157 2152 2475 2213 revocavit.
2510 2152 2673 2216 Idem
2709 2154 2884 2217 etiam
2920 2172 3055 2216 cum
3085 2174 3120 2216 a
3176 2153 3470 2237 barbaris,
3506 2157 3648 2218 dum

246 2239 473 2304 Valens
520 2239 866 2320 imperaret,
901 2239 1061 2302 bello
1094 2238 1418 2303 victoribus
1448 2238 1808 2302 devastatam
1860 2256 1992 2301 esse
2016 2240 2331 2303 Thraciam
2378 2243 2793 2323 comperisset,
2827 2243 3039 2306 relicta
3068 2242 3262 2320 Italia,
3301 2244 3366 2308 in
3412 2244 3650 2308 Fauno-

247 2330 414 2393 niam
452 2328 639 2394 venit.

337 2422 432 2480 11'.
490 2420 620 2480 Κατ’
664 2423 876 2478 ἐκτῖνον
919 2420 974 2477 δὲ
1032 2423 1122 2478 τὸν
1166 2443 1349 2499 καιρον
1394 2418 1673 2484 Θεοδόσιος
1723 2418 1807 2475 διά
1856 2440 1913 2476 τε

258 2512 361 2579 τὴν
416 2517 519 2567 τῶν
550 2511 830 2589 προγόνων
886 2512 1228 2589 περιφάνειαν
1277 2511 1367 2567 καὶ
1423 2509 1508 2567 διὰ
1576 2512 1662 2578 ξὴν
1723 2510 1917 2567 οἰκείαν

253 2599 494 2678 ἀνδρείαν
540 2603 965 2676 ὁνομᾱστότατος
1023 2601 1111 2673 ἦν,
1148 2602 1236 2657 καὶ
1267 2601 1450 2656 τούτου
1493 2601 1653 2679 χάριν
1684 2601 1784 2655 ὑπὸ
1830 2606 1921 2655 τοῦ

252 2691 451 2772 φθόνου
502 2698 608 2749 τῶν
665 2691 940 2767 ὁμοτίμων
996 2689 1325 2767 βαλλόμενος
1382 2688 1435 2745 ἐν
1482 2702 1604 2753 ταῖς
1665 2691 1919 2754 Σπανίαις

250 2779 533 2861 διέτριϐεν,
621 2781 714 2839 Ἐν
783 2781 1009 2844 ἐκείναις
1082 2782 1182 2860 γὰρ
1250 2781 1343 2859 ἔφυ
1413 2800 1470 2836 τε
1538 2780 1625 2836 καὶ
1686 2778 1908 2857 ἐτράφη.

252 2870 505 2949 Ἀπορῶν
555 2868 621 2937 δὴ
655 2870 743 2927 οὗν
802 2874 829 2928 ὁ
859 2871 1105 2948 βασιλεὺς
1137 2871 1422 2948 Γρατιανὸς
1477 2868 1506 2923 ὅ
1536 2891 1586 2925 τι
1619 2869 1730 2947 χρὴ
1788 2866 1917 2945 δρᾶ-

255 2982 345 3019 σαι
382 2960 729 3040 (φυσηθέντες
761 2962 862 3040 γὰρ
918 2960 980 3017 ἐκ
1009 2962 1107 3027 τῆς
1154 2959 1305 3026 νίκης
1350 2961 1395 3015 οἱ
1427 2955 1678 3037 βάρϐαροι
1709 2956 1911 3032 δύσμα-

253 3073 347 3131 χοι
409 3050 547 3118 ἧσάν
606 3072 663 3107 τε
715 3053 806 3107 καὶ
861 3049 1127 3129 ἐδόκουν),
1158 3051 1279 3106 τότε
1337 3048 1426 3105 οὖν
1484 3048 1582 3114 τὴν
1644 3044 1922 3105 Θεοδοσίου

253 3142 590 3219 στρατηγίαν
642 3139 790 3197 λύσιν
820 3138 1049 3197 ὑπέλαϐε
1102 3145 1207 3196 τῶν
1270 3140 1448 3195 κακῶν
1494 3137 1753 3214 γίνεσθαι.
1809 3137 1920 3193 Αὐ-

248 3231 371 3287 τίκα
429 3228 496 3297 δὴ
550 3233 644 3287 οὐκ
680 3232 743 3286 ἐκ
786 3231 895 3287 τῶν
947 3234 1199 3286 Σπανιῶν
1258 3229 1348 3286 τὸν
1378 3225 1540 3306 ἄνδρα
1598 3228 1919 3303 μεταπεψά-

2079 2418 2232 2485 VIII.
2259 2420 2381 2485 Sub
2402 2422 2562 2485 idem
2586 2430 2819 2503 tempus
2840 2422 3215 2488 Theodosius
3241 2440 3645 2505 quoque,cum

1999 2508 2076 2572 ob
2108 2513 2391 2590 majorem
2427 2512 2824 2590 nobilitatem,
2854 2523 2976 2576 tum
3025 2514 3101 2576 ob
3135 2513 3436 2595 propriam
3463 2532 3654 2593 gene-

2001 2603 2290 2660 rositatem
2323 2605 2741 2662 celeberrimus
2761 2612 2882 2663 erat
2929 2622 2943 2663 :
2981 2614 3034 2663 et
3065 2603 3375 2679 aequalium
3407 2619 3650 2664 suorum

2004 2686 2333 2750 invidentia
2352 2688 2646 2768 pulsus,in
2678 2689 2975 2769 Hispaniis
2995 2689 3234 2770 agebat,
3271 2688 3375 2751 ubi
3400 2696 3459 2752 et
3482 2697 3651 2752 natus

2000 2775 2191 2836 fuerat
2213 2783 2273 2837 et
2302 2780 2610 2843 educatus.
2633 2776 2920 2857 Ignorans
2945 2779 3124 2858 igitur
3152 2783 3477 2859 imperator
3496 2780 3650 2843 Gra-

2004 2864 2197 2927 tianus
2213 2867 2356 2946 quid
2382 2868 2533 2929 facto
2554 2887 2706 2949 opus
2722 2877 2880 2931 esset
2906 2889 2923 2947 ;
2951 2869 3137 2931 inﬂati
3171 2869 3335 2931 enim
3357 2887 3430 2930 ex
3452 2868 3648 2931 victo-

2000 2955 2090 3017 ria
2115 2954 2353 3018 harbari
2378 2957 2813 3039 propemodum
2837 2958 3048 3021 invicti
3068 2966 3240 3021 erant
3261 2972 3321 3020 et
3338 2956 3649 3021 habeban-

2006 3053 2143 3106 tur:
2183 3046 2501 3108 militarem
2531 3047 2853 3109 Theodosii
2889 3047 3164 3127 peritiam
3212 3047 3504 3111 malorum
3524 3047 3652 3110 fore

2004 3133 2421 3214 depulsionem
2443 3135 2766 3199 arbitratus
2790 3136 2981 3198 est.Et
3002 3135 3315 3199 confestim
3329 3154 3403 3200 ex
3426 3136 3649 3216 Iberia,

2002 3242 2134 3303 qum
2161 3224 2447 3306 Hispania
2482 3226 2660 3289 etiam
2699 3226 3063 3308 nominatur,
3098 3227 3407 3289 hominem
3436 3243 3645 3290 accer-

247 3323 407 3398 μενὸς
470 3323 562 3378 καὶ
619 3323 919 3401 στρατηγὸν
985 3321 1372 3401 χειροτονήσας
1430 3319 1565 3396 μετὰ
1606 3324 1705 3386 τῆς
1748 3339 1917 3375 συθει·

2005 3331 2167 3391 sens,
2201 3332 2269 3378 ac
2299 3314 2460 3379 bello
2505 3317 2862 3397 prmﬁciens,
2899 3336 3034 3379 cum
3098 3315 3366 3379 exercitu
3395 3315 3647 3380 collecto

247 3411 525 3490 Αεγμένης
578 3410 879 3487 ἐξέπεμψεν
910 3418 1183 3489 στρατιᾶς.
1245 3407 1303 3468 Ὀ
1344 3409 1400 3466 δὲ
1454 3415 1522 3485 τῇ
1550 3412 1725 3466 πίστει
1784 3429 1917 3487 φρα-

2006 3409 2180 3466 misit.
2217 3408 2320 3466 llic
2347 3420 2539 3469 autem
2557 3410 2783 3468 invictis
2803 3412 3002 3477 armis,
3027 3410 3350 3471 orthodoxa
3369 3410 3648 3468 nimirum

249 3499 477 3577 ξάμενος
535 3499 843 3579 θαρσαλέως
900 3500 1199 3575 ἐξώρμησε,
1232 3501 1319 3557 καὶ
1378 3500 1475 3568 τῆς
1527 3499 1737 3571 Θρᾴκης
1797 3498 1917 3553 ἐπι-

2004 3492 2122 3554 ﬁde
2150 3494 2673 3571 circummunitus,
2711 3514 2921 3576 magna
2951 3514 3085 3559 cum
3117 3495 3339 3559 ﬁducia
3366 3495 3650 3558 adversus

248 3588 346 3655 ϐὰς
433 3592 527 3647 καὶ
585 3588 873 3667 συμϐαλὼν
931 3589 1168 3664 πόλεμον
1254 3591 1390 3666 μετὰ
1460 3589 1564 3644 τῶν
1642 3584 1917 3664 βαρϐάρων

2004 3583 2277 3646 hostilem
2309 3584 2498 3647 aciem
2547 3586 2840 3666 procedit.
2875 3585 2946 3648 Et
2970 3586 3285 3649 Thraciam
3313 3584 3646 3664 ingressus,

250 3681 391 3737 κατὰ
448 3681 640 3760 κράτος
699 3681 966 3747 ἐνίκησεν
1035 3684 1129 3738 οὐκ
1185 3679 1490 3757 ἐνεγκόντες
1558 3680 1657 3755 γὰρ
1714 3676 1913 3733 ἐκεῖνοι

2004 3673 2049 3734 is
2076 3674 2315 3753 quidem
2350 3693 2459 3756 per
2492 3674 2602 3737 vim
2636 3676 2842 3755 prmlio
2873 3676 3014 3738 vicit
3049 3694 3063 3738 :
3115 3674 3354 3738 barbari
3403 3693 3543 3738 vero
3574 3693 3651 3737 ne

250 3772 299 3826 oi
360 3771 462 3845 μὲν
519 3769 731 3850 ἔφυγον,
779 3772 826 3827 οἱ
876 3768 933 3826 δὲ
976 3768 1215 3831 ἐδίωκον.
1267 3768 1437 3833 Πολὺς
1489 3766 1542 3823 δὲ
1592 3764 1752 3846 φόϐος
1808 3770 1915 3821 τῶν

2004 3761 2089 3823 vel
2121 3761 2386 3842 primum
2442 3765 2808 3827 sustinentes
2838 3765 3149 3845 impetum,
3183 3763 3382 3825 statim
3441 3780 3655 3825 omnes

249 3858 532 3939 βαρϐάρων
582 3860 819 3938 ἐγένετο·
867 3862 926 3916 οὐ
958 3860 1116 3920 μόνον
1170 3860 1271 3937 γὰρ
1299 3860 1402 3915 ὑπὸ
1443 3863 1550 3913 τῶν
1613 3854 1914 3930 Ῥωμαίων,

2004 3851 2174 3913 simul
2209 3861 2375 3931 terga
2406 3853 2703 3916 dederunt
2732 3863 2830 3931 ;et
2861 3855 3051 3917 multa
3083 3870 3291 3916 eorum
3313 3871 3432 3914 non
3453 3852 3651 3915 solum

250 3948 391 4006 ἀλλὰ
423 3950 514 4006 καὶ
544 3950 646 4005 ὑπὸ
672 3949 923 4021 ἀλλήλων
954 3949 1272 4011 ἐκτείνοντο,

2004 3959 2032 4003 a
2051 3939 2338 4004 Romanis
2369 3944 2563 4005 caedes
2585 3944 2737 4006 facta
2785 3952 2899 4021 est,
2928 3961 3137 4007 verum
3163 3942 3340 4004 etiam
3373 3941 3498 4022 jam
3525 3960 3562 4002 a
3589 3959 3656 4003 se

248 4038 403 4119 ipsis
440 4059 454 4102 :
518 4047 737 4120 quanto
768 4039 927 4103 enim
976 4038 1236 4118 majores
1267 4043 1439 4100 erant
1488 4035 1703 4097 horum
1760 4031 1973 4113 copiae,
2009 4040 2173 4094 tanto
2222 4032 2408 4112 magis
2440 4034 2555 4095 sibi
2603 4040 2797 4115 potius
2825 4050 3003 4111 quam
3057 4030 3334 4096 hostibus
3367 4031 3653 4095 damnum

251 4127 623 4192 inferebant.

338 4216 421 4281 Θ’.
512 4219 663 4278 Οὕτω
714 4217 773 4276 δὲ
836 4218 1032 4300 σχεδὸν
1116 4220 1329 4278 πάντων
1381 4214 1755 4295 ἀναιρεθέντων
1813 4218 1917 4271 τῶν

2063 4209 2182 4300 IX.
2218 4211 2322 4273 His
2352 4212 2552 4293 itaque
2584 4232 2769 4295 prope
2790 4212 3068 4275 omnibus
3092 4212 3175 4274 ita
3199 4211 3434 4287 deletis,
3476 4208 3655 4292 pauci

250 4307 534 4389 βαρϐάρων
615 4310 789 4390 ὀλίφοι
867 4299 1051 4367 λαθεῖν
1125 4307 1431 4376 δυνηθέντες
1502 4302 1756 4373 διέϐησαν
1828 4304 1917 4359 τὸν

2004 4299 2350 4379 admodum,
2385 4303 2486 4383 qui
2516 4314 2840 4383 potuerunt
2870 4322 2935 4365 se
2958 4302 3284 4376 occultare,
3318 4300 3658 4365 Danubium

250 4398 491 4480 Ἴστρον.
554 4399 762 4463 Ἦσθεὶς
796 4399 851 4456 δὲ
893 4402 921 4456 ὁ
978 4398 1228 4476 βασιλεὺς
1286 4398 1570 4477 Γρατιανὸς
1615 4397 1687 4457 ὡς
1734 4392 1917 4472 ἄριστα

2007 4391 2534 4471 trajiciunt.Laetus
2564 4393 2745 4472 igitur
2774 4392 3091 4457 Gratianus
3121 4390 3277 4472 quod
3311 4390 3453 4452 belli
3486 4408 3660 4453 sum-

249 4489 630 4569 ψηφισάμενος
684 4489 842 4547 αὐτὸν
902 4491 1204 4569 στρατηγὸν
1265 4486 1487 4565 βασιλέα
1528 4484 1917 4565 κεχειροτόνη-

2007 4502 2162 4545 mam
2194 4483 2551 4547 credidisset
2607 4484 2969 4558 Theodosio,
3024 4483 3455 4563 imperatorem
3520 4499 3657 4545 eum

250 4600 338 4661 κε,
373 4583 464 4637 καὶ
515 4585 615 4648 τῆς
671 4579 966 4645 Οὐάλεντος
1027 4580 1215 4659 μοίρας
1244 4579 1310 4635 τὰ
1369 4578 1613 4652 σκῆπτρα
1672 4572 1914 4655 παρέδω-

252 4691 369 4733 κεν.
442 4670 540 4727 Καὶ
601 4670 760 4736 αὐτὸς
842 4671 942 4747 μὲν
997 4671 1086 4726 ἐπὶ
1154 4670 1255 4736 τὴν
1307 4666 1542 4725 Ἰταλίαν
1617 4665 1917 4741 ἐξώμησεν,

254 4761 469 4819 ἐκεῖνον
521 4758 576 4816 δέ
634 4762 707 4825 είς
751 4762 850 4829 τὴν
905 4758 1150 4817 δοθεῖσαν
1193 4758 1484 4837 ἡγεμονίαν
1543 4755 1915 4833 παρέπεμψεν,

260 4850 423 4911 Εὐθὺς
489 4846 551 4917 δὴ
580 4849 670 4906 οὖν
700 4850 800 4917 τὴν
846 4847 1120 4927 βασιλείαν
1149 4844 1474 4927 παραλαϐὼν
1505 4851 1603 4911 τῆς
1634 4845 1740 4901 τῶν
1789 4842 1920 4900 Ἐκ-

251 4939 501 5006 κλησι·ῖ›ν
553 4940 659 5015 πρὸ
718 4946 827 4997 τῶν
886 4936 1062 4995 ἄϐλων
1105 4938 1409 5016 συμφωνίας
1468 4932 1801 5012 ἐπεμελήθη,
1834 4930 1922 4990 καὶ

247 5032 378 5094 τοὺς
416 5031 514 5095 τῆς
568 5030 766 5092 οἰκείας
826 5029 1118 5107 ἡγεμονίας
1170 5025 1492 5089 ἐπισκόπους
1526 5025 1599 5089 εἰς
1626 5024 1723 5091 τὴν
1772 5033 1928 5081 Κων-

250 5121 696 5178 σταντινούπολιν
739 5118 967 5199 δραμεῖν
1010 5118 1419 5197 παρηγγύησε-ι’
1469 5114 1602 5181 αὕτη
1662 5116 1761 5193 γὰρ
1818 5115 1927 5188 μό-

250 5234 317 5278 νη
409 5210 508 5278 τῆς
593 5208 927 5290 Ἀρειανικῆς
1002 5207 1356 5285 ἐμπέπληστο
1431 5203 1634 5273 λωϐης’
1716 5206 1751 5271 ἡ
1828 5204 1928 5282 γὰρ

246 5300 494 5380 Ἐσπέρα
545 5305 644 5368 τῆς
694 5301 850 5357 νόσου
893 5299 1090 5366 ταύτης
1134 5297 1375 5374 ἐλευθέρα
1424 5294 1706 5371 διέμεινεν,
1771 5304 1928 5353 Κων-

254 5405 538 5455 σταντϊνος
602 5392 702 5469 γὰρ
772 5393 872 5447 καὶ
935 5388 1185 5454 Κώνστας
1268 5389 1317 5444 οἱ
1379 5384 1777 5444 Κωνσταντίνου
1831 5389 1926 5440 τοῦ

250 5483 492 5561 μεγάλου
541 5481 643 5537 υἱοὶ
698 5481 799 5548 τὴν
852 5480 1106 5559 πατρῴαν
1177 5479 1354 5535 πίστιν
1413 5476 1680 5555 ἀγήρατον
1739 5472 1924 5543 διετή-

253 5597 403 5661 ρουν,
463 5573 559 5661 καί
600 5569 762 5628 πάλιν
833 5569 1301 5661 Οὐαλεντινιανὸς,
1332 5568 1596 5661 ἀκραιφνῆ
1658 5563 1929 5661 δι-εγύλιαξε

252 5654 351 5737 τὴν
390 5654 703 5726 εὐσέϐειαν·
779 5662 843 5718 τὰ
907 5659 963 5717 δὲ
1011 5664 1206 5739 τμῆμα
1259 5660 1321 5715 τὸ
1372 5658 1531 5738 ἑῷον,
1594 5654 1929 5737 πολλαχόθεν

2005 4578 2204 4635 statim
2230 4574 2512 4655 declarat,
2547 4582 2605 4636 et
2636 4575 2716 4657 ,εἰ
2774 4573 3044 4651 ditionis,
3100 4591 3218 4654 qua
3273 4572 3492 4635 Valens
3523 4580 3662 4635 ante

2005 4662 2680 4740 potiebatur,sceptrum
2708 4661 3275 4742 committit.Etipse
3305 4661 3554 4742 quidem
3585 4660 3660 4723 ad

2006 4750 2191 4814 Italiae
2225 4754 2800 4816 administrationem
2832 4752 3329 4828 transivit,illum~
3351 4760 3551 4813 autem
3586 4751 3663 4814 ad

2004 4861 2358 4904 concessum
2412 4841 2661 4904 dimittit
2717 4842 3063 4923 imperium.
3130 4842 3418 4921 Regalem
3484 4841 3665 4920 igitur

2006 4933 2380 4995 Theodosius
2393 4950 2716 5012 capessens
2732 4931 3443 5011 dignitatemmoucordiae
3456 4930 3663 4994 Eccle-

2012 5021 2261 5100 siarum,
2288 5041 2465 5102 quam
2492 5023 2754 5084 maxime
2787 5030 3041 5103 poterat,
3067 5039 3268 5083 curam
3302 5022 3570 5100 gerebat,
3601 5028 3663 5082 et

2013 5118 2317 5188 episcopos
2351 5115 2600 5187 propriae
2632 5116 2951 5185 ditionis,ut
2977 5117 3358 5174 convenirent
3387 5116 3662 5174 Constan-

2012 5203 2351 5287 tinopolim,
2394 5203 2735 5266 exhortatus
2784 5210 2913 5264 est:
2955 5201 3083 5264 haec
3107 5202 3270 5264 enim
3290 5203 3417 5266 sola
3439 5202 3660 5264 referta

2010 5291 2203 5354 fuerat
2230 5293 2450 5356 Ariana
2482 5301 2812 5373 peste,cum
2839 5292 2959 5355 illae
2999 5300 3194 5373 partes
3220 5310 3353 5372 quae
3373 5291 3443 5354 ad
3477 5310 3657 5356 occa-

2010 5400 2142 5443 sum
2166 5389 2340 5446 erant
2367 5381 2592 5463 positas,
2659 5382 2734 5445 ab
2785 5382 2896 5444 isto
2959 5383 3169 5444 morbo
3193 5380 3398 5444 liberae
3430 5388 3657 5444 essent.

2011 5472 2161 5534 Nam
2220 5469 2603 5536 Constantino
2658 5480 2836 5553 atque
2911 5470 3231 5535 Constante
3285 5470 3659 5534 Constantini

2012 5560 2207 5641 Magni
2231 5560 2370 5624 ﬁliis
2399 5569 2705 5643 paternam
2740 5561 2917 5625 ﬁdem
2952 5563 3369 5625 intemeratam
3402 5578 3656 5623 conser‘

2012 5650 2315 5733 vantihus,
2353 5664 2416 5717 et
2444 5670 2652 5716 rursus
2680 5651 3098 5717 Valentiniano
3145 5650 3425 5735 pietatem
3459 5649 3667 5718 domo-
