4066 6408
449 327 563 394 867

1689 319 2075 385 ADDENDA.
2120 352 2199 365 —
2240 317 2568 383 APRILIS.

3710 315 3829 380 868

446 462 652 522 sticam
686 461 1034 542 neutiquam
1071 457 1379 537 prodente,
1414 454 1734 518 Orientalis
1766 454 1956 534 portio
1993 472 2080 514 va-

2174 457 2265 522 τὴν
2326 453 2506 524 λώϐην
2561 454 2757 523 ταύτην
2816 453 3025 520 ἐδέξατο
3071 453 3175 512 ἀπὸ
3221 451 3616 532 Ἀλεξανδρείας
3662 452 3832 529 ἀρξα-

448 551 550 612 riis
584 551 730 612 locis
787 552 939 612 hanc
997 551 1153 612 luem
1199 546 1459 623 admisit,
1497 563 1628 625 quze
1657 562 1787 604 cum
1823 545 2088 605 Alexan-

449 641 594 702 drize
628 643 790 718 prius
821 641 1123 720 coapisset,
1162 639 1222 697 in
1259 635 1576 696 ulteriores
1609 633 1807 714 plagas
1839 651 2086 713 progre-

451 729 748 792 diebatur.

525 907 596 970 X.
633 910 769 970 Haec
801 906 1039 987 quidem
1068 908 1349 969 Gratiano
1373 902 1568 964 adhuc
1601 902 1922 981 superstite
1952 921 2086 980 age-

445 996 678 1067 bantur,
721 999 927 1057 Postea
974 1013 1106 1056 vero
1151 1014 1284 1055 cum
1324 993 1450 1072 ipse
1511 992 1772 1054 indolem
1825 1011 1989 1052 suam
2025 993 2083 1052 in

440 1084 619 1146 rebus
652 1085 884 1146 bellicis
920 1087 1045 1165 jam
1112 1085 1477 1153 ostenderet,
1532 1101 1600 1143 ac
1649 1081 1914 1142 civitates
1947 1100 2083 1142 cum

445 1174 734 1235 modestia
764 1184 940 1254 atque
975 1174 1209 1253 justitia
1239 1182 1498 1251 regeret,
1548 1189 1655 1250 per
1703 1171 1948 1230 insidias
1977 1172 2095 1233 vita

439 1268 706 1332 excessit,
733 1267 876 1325 ﬁlios
900 1270 1132 1338 quidem
1157 1269 1252 1338 qui
1277 1280 1456 1335 regno
1479 1265 1874 1331 succederent,
1900 1264 2090 1322 nullos

438 1353 808 1432 relinquens,
860 1355 1100 1414 fratrem
1154 1371 1294 1413 vero
1344 1351 1664 1412 admodum
1693 1350 1998 1428 juvenem,
2035 1358 2092 1411 et

443 1441 591 1520 patri
623 1446 1065 1520 cognominem,
1122 1457 1529 1502 successorem
1567 1439 1803 1517 imperii
1841 1440 2086 1501 faciens.

441 1530 588 1591 Tum
617 1549 756 1591 vero
793 1531 1042 1606 quidam
1081 1531 1391 1607 Maximus,
1426 1541 1660 1607 spretra
1694 1526 2091 1590 Valentiniani

445 1619 720 1698 pueritia,
744 1618 1148 1682 Occidentalis
1182 1619 1421 1699 imperii
1451 1621 1730 1679 thronum
1767 1618 2087 1698 usurpavit.

521 1709 615 1769 XI.
655 1712 769 1771 Per
800 1709 854 1769 id
887 1710 1064 1770 etiam
1119 1709 1406 1788 temporis
1455 1709 1704 1784 Iustina,
1743 1710 2089 1786 magniqui-

2176 545 2339 618 μένης
2396 547 2494 611 της
2551 544 2824 623 αἱρέσεως,
2886 547 3080 602 Τούτου
3143 545 3206 612 δὴ
3279 545 3463 600 ε’ίνεκα
3508 545 3678 618 μόνης
3735 543 3833 610 τῆς

2174 637 2366 699 οἰκείας
2425 633 2696 711 βασιλείας
2727 637 2850 698 τοὺς
2909 635 3236 694 ἐπισκόπους
3275 637 3349 699 είς
3405 636 3502 701 τὴν
3551 643 3832 690 Κωνστανο

2173 724 2488 781 τινούπολιν
2543 727 2973 802 συναθροισθῆναι
3047 725 3357 804 προσέταξε,
3435 725 3664 793 ποιήσας
3732 722 3834 789 τὴν

2173 812 2409 872 σύνοδον.

2254 902 2316 966 I’.
2372 912 2543 961 Ταῦτα
2603 903 2698 978 μὲν
2769 910 3058 981 Γρατιαιοῦ
3115 906 3188 961 ἔτι
3251 903 3524 983 περιόντος
3593 901 3828 981 ἐγένετο·

2173 991 2354 1059 ἐπειδὴ
2416 991 2469 1047 δέ
2502 993 2706 1052 ἐκεῖνος
2738 992 2792 1047 ἕν
2841 1014 2899 1048 τε
2943 992 3200 1068 πολέμοις
3258 994 3544 1072 ἀριστεύειν
3589 996 3676 1048 καὶ
3735 993 3832 1054 τὰς

2173 1081 2353 1146 πόλεις
2404 1085 2686 1161 σωφρόνως
2746 1104 2802 1138 τε
2860 1085 2946 1138 καὶ
3000 1081 3214 1147 δικαίως
3265 1085 3448 1139 ἰθύνων
3504 1084 3557 1148 ἐς
3609 1079 3833 1138 ἐπιϐου-

2175 1171 2272 1236 λῆς
2328 1169 2662 1244 ἐτελεύτησε,
2697 1169 2895 1236 παῖδας
2927 1173 3026 1245 μὲν
3085 1173 3142 1228 οὐ
3201 1173 3511 1228 καταλιπὼν
3558 1171 3831 1249 κληρονό-

2176 1283 2304 1335 μους
2348 1267 2445 1328 τῆς
2503 1260 2798 1336 βασιλείας,
2831 1261 3054 1340 ἀδελφὸν
3098 1260 3152 1317 δὲ
3211 1259 3405 1335 κομιδῆ
3437 1263 3553 1318 νέον
3611 1261 3831 1336 ὁμώνυ-

2177 1373 2276 1425 μον
2307 1351 2397 1406 τού
2439 1354 2636 1427 πατρὸς
2668 1350 2917 1430 διάδοχον
2948 1357 3048 1418 τῆς
3098 1351 3366 1428 βασιλείας
3415 1350 3828 1408 καταλέλοιπεν·

2177 1439 2415 1514 Μάξιμος
2471 1437 2559 1509 δὴ,
2594 1439 2690 1506 τῆς
2752 1439 3188 1499 Οὐαλεντινιανοῦ
3245 1441 3648 1519 καταφρονήσας
3709 1439 3837 1496 νεό-

2173 1550 2358 1606 τητος,
2393 1527 2648 1606 ἥρπασεν,

2255 1705 2359 1764 ΙΛ’.
2422 1707 2550 1763 Κατ’
2584 1706 2788 1763 ἐκεῖνον
2821 1705 2876 1761 δὲ
2926 1709 3016 1762 τὸν
3048 1708 3245 1786 χρόνον
3279 1704 3556 1780 Ἰουστίνα,
3590 1704 3835 1764 Οὐαλεν-

440 1800 576 1859 dem
610 1798 1009 1860 Valentiniani
1061 1800 1300 1878 conjnx,
1363 1807 1550 1858 mater
1579 1807 1775 1858 autem
1802 1797 2079 1876 junioris,

2174 1802 2401 1850 τινιανοῦ
2457 1796 2554 1869 μὲν
2611 1797 2822 1872 γαμετὴ
2866 1804 2955 1852 τοῦ
3008 1797 3264 1873 μεγάλου,
3301 1804 3393 1852 τοῦ
3448 1795 3501 1852 δὲ
3547 1796 3664 1851 νέου
3725 1797 3838 1870 μή-

438 1907 568 1968 quae
599 1889 885 1950 doctrinae
944 1891 1178 1952 Arianae
1227 1906 1434 1949 semen
1483 1887 1708 1948 dudum
1741 1897 2080 1969 exceperat,

439 1979 581 2036 illud
617 1980 736 2036 tilio
773 1981 1175 2037 manifestavit.
1204 1979 1398 2036 Zetum
1423 1980 1574 2034 enim
1601 1979 1788 2035 mariti
1819 1987 1906 2035 sui
1952 1995 2083 2050 erga

437 2063 616 2124 ﬁdem
649 2062 1046 2126 orthodoxam
1081 2075 1459 2144 perspectum
1488 2061 1734 2138 habens,
1762 2063 1954 2142 quoad
1987 2063 2088 2125 ille

436 2153 499 2213 in
521 2154 662 2214 vivis
685 2152 816 2228 fuit,
865 2153 1056 2215 latere
1080 2161 1292 2214 conata
1317 2162 1408 2212 est
1435 2169 1447 2210 :
1477 2170 1613 2212 cum
1645 2168 1790 2212 vero
1824 2160 2084 2214 mentem

437 2241 546 2302 ﬁlii
571 2251 833 2303 teneram
869 2261 1002 2304 esse
1061 2251 1238 2322 atque
1297 2241 1560 2302 nobilem
1613 2260 1728 2301 non
1763 2241 2085 2320 ignoraret,

438 2332 710 2393 fraudein
752 2350 918 2393 suam
956 2333 1016 2394 in
1054 2333 1315 2394 medium
1351 2331 1618 2412 proferre
1642 2350 1760 2391 non
1781 2332 2085 2396 dubitavit.

436 2418 547 2481 Hic
587 2438 724 2482 vero
785 2421 1205 2501 suggestiones
1265 2420 1475 2481 matris
1510 2420 1685 2481 utiles
1739 2429 1976 2500 putans,
2031 2428 2089 2482 et

436 2522 673 2583 propter
699 2522 920 2570 aetatem
939 2527 1128 2570 escam
1167 2513 1561 2570 illecebrosam
1589 2521 1808 2569 natura:
1831 2513 2085 2578 intuitus,

435 2597 762 2678 derepente
789 2597 999 2660 incidit
1022 2598 1081 2658 in
1105 2598 1412 2678 laqueum.
1440 2599 1816 2678 Quapropter
1843 2616 2089 2677 magnus

435 2686 807 2762 Ambrosius,
835 2690 934 2768 qui
958 2707 1195 2748 omnem
1219 2686 1461 2768 quidem
1485 2688 1768 2749 Arianam
1793 2686 2086 2750 fallaciam

435 2795 504 2838 ex
539 2776 705 2839 Italia
748 2777 871 2856 jam
924 2778 1155 2858 pridem
1217 2777 1542 2856 expulerat,
1598 2795 1730 2838 cum
1785 2777 2088 2858 acciperet

433 2884 687 2946 puerum
707 2886 948 2948 quoque
970 2866 1456 2930 Valentinianum
1483 2870 1542 2930 in
1566 2866 1753 2948 ipsam
1787 2868 2077 2945 incidere,

425 2957 664 3036 juvenis
694 2957 953 3019 animam
984 2957 1056 3018 ab
1091 2977 1161 3019 ea
1211 2957 1508 3032 libertate,
1543 2970 1828 3038 quantum
1861 2963 1921 3018 in
1955 2958 2080 3039 ipso

431 3055 579 3122 erat,
614 3047 934 3128 satagebat.
965 3046 1076 3110 llic
1113 3056 1311 3109 autem
1339 3052 1522 3108 virum
1546 3048 1712 3108 illum
1738 3057 2079 3127 suspectum

427 3136 684 3237 babebat
713 3138 882 3237 quasi
907 3137 1344 3237 adversarium,
1375 3146 1432 3198 et
1447 3135 1739 3198 adversus
1779 3155 1916 3198 eum
1950 3155 2080 3217 per—
2098 3184 2140 3237 Ο

425 3224 570 3288 inde
600 3244 670 3288 ac
702 3227 1036 3307 professum
1070 3227 1302 3288 hostem
1339 3235 1575 3306 paratus
1605 3235 1755 3288 erat.

499 3317 617 3374 XII.
653 3319 756 3374 Hic
779 3333 948 3389 porro
978 3319 1038 3375 in
1084 3317 1421 3376 memoriam
1467 3318 1517 3374 ei
1550 3317 1854 3376 revocabat
1901 3329 2086 3390 pater-

433 3417 570 3461 nam
603 3401 904 3480 pietatem,
935 3410 990 3462 et
1011 3409 1074 3463 ut
1105 3419 1281 3482 quam
1305 3409 1620 3481 acceperat
1646 3401 2080 3484 haereditatem,

430 3494 715 3563 integram
736 3498 1128 3560 conservaret,
1162 3493 1552 3550 obtestabatur
1579 3508 1592 3548 :
1617 3491 1862 3550 docebat
1893 3505 2080 3551 autem

429 3577 727 3658 quodnam
749 3577 1088 3657 dogniatum
1115 3577 1435 3640 discrimen
1480 3585 1658 3654 esset,
1696 3588 1754 3639 et
1795 3579 2083 3659 quemad-

431 3666 670 3729 modum
698 3669 825 3730 haac
851 3668 1091 3748 quidem
1117 3668 1318 3730 omnia
1341 3668 1559 3731 Christi
1590 3668 1904 3744 doctrinm,
1935 3688 2080 3750 apo.

425 3756 837 3838 stolorumque
861 3757 1266 3838 praedicationi
1297 3767 1433 3838 apte
1465 3770 1893 3838 congruerent,
1919 3759 2017 3820 illa
2047 3777 2080 3822 e

421 3846 722 3908 contrario
750 3847 1123 3927 spiritualem
1151 3856 1566 3927 oppugnarent
1613 3848 2072 3925 legislationem.

419 3938 502 3998 At
534 3954 670 3998 vero
723 3955 892 4017 puer,
929 3944 1128 4018 utpote
1178 3938 1279 4016 qui
1333 3955 1480 4017 puer
1511 3945 1692 4012 esset,
1725 3946 1783 3998 et
1826 3959 1858 4000 a
1890 3949 2076 4002 matre

431 4025 680 4105 decepta
704 4024 1005 4088 blanditiis
1027 4027 1285 4106 illectus,
1316 4036 1374 4087 et
1395 4025 1593 4088 verbis
1620 4027 1982 4106 armabatur,
2019 4037 2078 4092 et

432 4114 720 4178 militibus
751 4117 990 4179 armatis
1022 4115 1304 4180 Ecclesiae
1335 4118 1592 4180 ambitus
1635 4119 2074 4200 circumcinge-

429 4204 554 4270 bat.

508 4295 662 4360 XIII.
688 4296 902 4360 Postea
925 4317 1064 4360 vero
1087 4318 1264 4379 quam
1287 4298 1608 4360 maximum
1630 4299 1800 4360 illum
1836 4299 2078 4379 praelia-

431 4396 643 4464 torem,
670 4387 934 4450 divinum
999 4391 1405 4464 Ambrosium,
1439 4408 1647 4450 eorum
1705 4407 1839 4468 quae
1870 4391 1944 4450 ab
1977 4391 2078 4451 illo

2167 1905 2288 1960 τηρ,
2351 1882 2383 1937 ἂ
2447 1883 2611 1940 πάλαι
2683 1885 2778 1952 τῆς
2839 1887 3171 1962 ’Λρειανικῆς
3216 1884 3554 1947 διδασκαλίας
3615 1883 3833 1949 ἐδέξατο

2167 1973 2444 2047 σπέρματα
2499 1972 2641 2030 δῶλλ
2697 1975 2989 2040 πεποίηκεν
3047 1982 3124 2049 τῷ
3181 1971 3350 2034 παιδί.
3401 1982 3503 2032 T03
3560 1979 3658 2047 μὲν
3725 1974 3832 2051 γὰρ

2169 2061 2428 2139 ὁμοζύγου
2478 2067 2537 2118 τὸ
2567 2066 2759 2140 θερμὸν
2816 2065 3146 2138 ἐπισταμένη
3204 2070 3303 2131 τῆς
3357 2066 3584 2128 πίστεως
3637 2061 3832 2120 λαθεῖν

2168 2149 2377 2206 ἅπαντα
2409 2154 2499 2207 τὸν
2549 2154 2743 2232 χρόνον
2802 2152 3112 2209 ἐσπούδασε·
3145 2163 3238 2212 τοῦ
3272 2151 3326 2208 δέ
3389 2152 3571 2218 παιδὸς
3603 2155 3665 2208 τὸ
3717 2174 3830 2210 των

2170 2247 2371 2320 φρενῶν
2427 2241 2632 2298 ἁπαλὸν
2692 2243 2778 2299 καὶ
2837 2243 3217 2321 εὖπαράγωγον
3293 2242 3561 2323 θεωμένη,
3622 2263 3832 2318 προσε-

2173 2344 2383 2407 νεγκεῖν
2438 2332 2535 2400 τὴν
2581 2331 2850 2399 ἐξαπάτην
2906 2331 3212 2410 έθάῤῥησεν,
3257 2333 3316 2390 Ὀ
3350 2330 3405 2387 δέ
3464 2337 3562 2399 τῆς
3619 2333 3834 2409 μητρὸς

2171 2422 2264 2483 τὰς
2295 2421 2566 2490 ὑποθήκας
2626 2421 2976 2500 ὀνησιφόρως
3009 2418 3316 2490 ὑπολαϐὼν,
3353 2422 3425 2487 εἷς
3483 2423 3582 2500 γὰρ
3611 2423 3674 2479 τὸ
3732 2420 3834 2488 τῆς

2171 2511 2373 2588 φύσεως
2433 2508 2618 2588 δέλεαρ
2662 2507 3007 2586 ἀποϐλέπων,
3039 2512 3099 2566 τὸ
3129 2514 3492 2590 θανατηφόρον
3543 2509 3835 2588 ἄγκιστρον

2171 2599 2225 2654 ἐν
2292 2605 2358 2676 τῇ
2415 2605 2572 2680 ψυχῇ
2634 2600 2984 2680 περιέπειρεν,
3046 2599 3106 2658 Ὀ
3165 2599 3218 2656 δὲ
3277 2603 3446 2678 μέγας
3511 2598 3831 2677 ’Λμϐρόσιος

2172 2695 2347 2745 πᾶσαν
2404 2690 2500 2764 μὲι
2532 2688 2620 2746 καί
2677 2691 2866 2758 πρώην
2912 2688 3250 2767 ’Λρειανικὴν
3294 2689 3498 2757 πλάνην
3556 2689 3616 2746 ἐκ
3647 2690 3831 2758 πάσης

2174 2776 2268 2845 τῆς
2321 2777 2550 2844 Ἰταλίας
2614 2778 2854 2836 ἐκποδὼν
2912 2778 3188 2846 ἐποίησεν·
3240 2781 3425 2856 μαθὼν
3478 2778 3532 2836 δὲ
3589 2781 3679 2837 καὶ
3732 2782 3828 2838 τὸν

2166 2866 2280 2923 νέον
2352 2867 2783 2926 Οὗαλεντινιανὸν
2845 2871 3043 2936 ταύτην
3101 2868 3432 2949 εἰσδέχεσθαι
3485 2870 3585 2938 την
3640 2869 3821 2951 νόσον,

2166 2955 2410 3014 ἔσπευδεν
2466 2961 2529 3016 εκ
2563 2960 2659 3027 τῆς
2720 2966 2812 3017 τοῦ
2868 2960 2983 3016 νέου
3041 2964 3223 3040 ψυχῆς
3267 2961 3566 3017 ἀποκιῶσαι
3620 2959 3823 3028 ταύτην

2163 3047 2260 3114 τὴν
2320 3047 2495 3105 νόσον·
2530 3051 2684 3114 αὐτὸς
2716 3047 2791 3130 ⁶’δὲ
2821 3049 2941 3106 οἷον
3001 3048 3288 3106 ἂντίπαλον
3319 3051 3408 3106 τὸν
3438 3048 3596 3127 ἄνδρα
3651 3048 3821 3106 ἐδόκει

2164 3135 2332 3196 εἶναι.

2249 3312 2352 3370 ιΒ”
2396 3315 2458 3373 Ὀ
2487 3313 2543 3372 δὲ
2599 3318 2699 3384 τῆς
2747 3339 2804 3374 τε
2849 3326 2941 3376 τοῦ
2996 3319 3199 3396 πατρὸς
3241 3318 3640 3394 ἀνεμίμνησκεν
3669 3320 3826 3377 εὗσε-

2166 3400 2336 3478 ϐείας,
2372 3406 2458 3460 καὶ
2521 3408 2610 3462 τὸν
2663 3406 2862 3482 κλῆρον
2919 3406 3183 3488 παρέϐαλε
3232 3407 3512 3488 φυλάττειν
3542 3407 3597 3464 ὃν
3655 3407 3828 3487 παρέ-

2166 3490 2324 3548 λαϐεν
2384 3492 2598 3558 ἄσυλον,
2648 3494 2917 3555 Ἐδίδασκε
2975 3496 3029 3553 δὲ
3091 3499 3176 3554 καὶ
3226 3497 3325 3564 τὴν
3381 3502 3488 3554 τῶν
3545 3494 3829 3574 δογμάτων

2163 3580 2436 3664 διαφορὰν,
2473 3587 2560 3641 καὶ
2591 3584 2738 3651 ὅπως
2790 3589 2856 3649 τὰ
2913 3588 3010 3663 μέν
3058 3589 3126 3662 τῇ
3175 3589 3272 3644 τοῦ
3322 3587 3508 3664 Κυρίου
3565 3582 3828 3646 διδασκα-

2161 3671 2248 3746 λίᾳ
2309 3678 2538 3739 καὶτοῖς
2599 3680 2705 3733 τῶν
2751 3677 3070 3733 ἀποστόλων
3130 3672 3404 3752 συμϐαίνει
3464 3675 3825 3754 κηρύγμασιν·

2159 3765 2225 3821 τὰ
2281 3763 2334 3818 δὲ
2365 3763 2602 3842 ἄντικρύς
2663 3767 2804 3824 ἔστιν
2839 3766 3045 3823 ἐναντία
3089 3767 3177 3822 καὶ
3221 3770 3288 3841 τῇ
3319 3770 3662 3841 πνευματικῇ
3722 3787 3823 3822 νο-

2161 3857 2377 3929 μοθεσίᾳ
2427 3855 2738 3935 μαχόμενα,
2774 3857 2834 3915 Ὀ
2867 3855 2919 3912 δέ
2978 3857 3094 3919 νέος
3139 3855 3235 3912 οἶα
3279 3853 3344 3922 δὴ
3389 3855 3503 3917 νέος
3536 3856 3624 3910 καὶ
3681 3855 3830 3934 παρὰ

2159 3947 2362 4022 μητρὸς
2423 3946 2775 4022 ἦπατημένης
2811 3945 3131 4023 θελγόμενος
3165 3947 3223 4002 οὐ
3254 3946 3417 4021 μόνον
3449 3945 3508 4002 ού
3565 3944 3819 4022 προσίετο

2158 4034 2222 4092 τὰ
2263 4033 2526 4112 λεγόμενα
2599 4037 2740 4114 παρὰ
2799 4043 2891 4092 τοῦ
2947 4033 3265 4115 ἀρχιερέως,
3311 4032 3450 4091 ἀλλὰ
3508 4035 3597 4090 καὶ
3651 4036 3821 4108 θυμοῦ

2159 4122 2371 4203 πλήρης
2423 4124 2624 4202 ἐγίνετο
2697 4127 2782 4182 καὶ
2833 4124 3022 4204 λόχοις
3069 4124 3303 4182 ὁπλιτῶν
3357 4145 3415 4181 τε
3463 4125 3551 4180 καὶ
3609 4121 3820 4180 πελτα-

2165 4219 2302 4268 στῶν
2333 4213 2452 4279 τοὺς
2483 4213 2957 4280 ἐκκλησιαστικοῖδς
2991 4212 3302 4291 περιϐόλους
3334 4211 3578 4276 ἑκύκλου.

2245 4301 2348 4364 1Γ’,
2399 4301 2620 4368 Ἐπειδὴ
2663 4300 2717 4357 δὲ
2748 4305 2836 4359 τὸν
2897 4302 3150 4381 μέγιστον
3205 4303 3414 4360 ἐκεῖνον
3446 4301 3682 4381 ἀριστέα,
3727 4302 3824 4359 τὸν

2162 4403 2332 4468 γεῖον,
2384 4389 2726 4470 ’Λμϐρόσιον,
2761 4390 2904 4451 οὗδὲν
2961 4389 3190 4472 ἐφόϐησε
3239 4399 3345 4450 τῶν
3401 4389 3492 4448 ὑπ’
3522 4395 3682 4450 αὐτοῦ
3727 4414 3824 4470 γι-

428 4477 671 4557 tiebant,
711 4478 1262 4558 nihildeterruit(is
1287 4479 1444 4540 enim
1471 4479 1584 4538 ista
1618 4486 1892 4556 tanquam
1925 4498 2078 4558 pue-

2174 4481 2400 4556 νομένων
2477 4479 2857 4559 (μορμολύκεια
2932 4483 3032 4560 γὰρ
3101 4479 3331 4540 ὑπέλαϐε
3410 4488 3575 4538 ταδτα
3638 4502 3828 4558 μειρα-

427 4583 630 4627 rerum
664 4567 1153 4629 terriculamenta
1196 4568 1612 4640 existimabat),
1649 4567 1747 4628 ille
1773 4568 2078 4646 impendio

427 4655 681 4716 moleste
712 4655 934 4733 ferens,
986 4659 1180 4738 ipsum
1241 4666 1403 4720 extra
1448 4656 1816 4737 templorum
1872 4658 2081 4719 limina

427 4743 812 4824 exirejussit.
847 4743 959 4810 Hic
991 4755 1216 4822 autem,
1243 4746 1469 4826 Sponte
1495 4763 1648 4818 mea,
1676 4745 1895 4821 inquit,
1932 4747 2074 4808 illud

422 4831 832 4915 facere,atque
861 4836 1061 4898 ovium
1092 4839 1322 4898 clausas
1354 4835 1513 4913 lupis
1546 4833 2073 4912 prodere,etiamsi

426 4925 670 5002 sanguis
701 4925 1158 5005 profundendus
1189 4927 1283 4998 sit,
1324 4923 1571 4988 minime
1602 4923 1814 4988 feram.
1856 4925 2071 4988 Verum

422 5017 470 5071 si
505 5021 615 5074 tua:
645 5016 960 5076 voluntatis
989 5023 1078 5076 est
1108 5015 1268 5074 intus
1321 5031 1418 5074 me
1462 5013 1743 5088 interﬁci,
1781 5014 2068 5093 gladium,

419 5100 641 5180 inquit,
681 5104 770 5166 vel
801 5105 1060 5166 securim
1089 5102 1236 5163 mihi
1265 5102 1515 5164 admove
1541 5123 1558 5179 ;
1587 5103 1928 5182 hujusmodi
1960 5124 2072 5168 ne-

421 5209 552 5253 cem
586 5212 694 5272 ego
727 5195 1055 5273 amplectar
1077 5210 1255 5271 quam
1275 5193 1777 5255 libentissime.Et
1802 5194 1916 5257 ista
1935 5193 2070 5279 qui-

419 5285 556 5345 dem
588 5287 764 5347 divus
793 5287 1172 5347 Ambrosius.

505 5373 886 5437 XIV.Exacto
917 5385 1118 5437 autem
1151 5375 1340 5455 spatio
1364 5377 1655 5458 temporis
1687 5397 1806 5440 non
1835 5378 2068 5460 exiguo,

419 5469 644 5526 certior
665 5464 854 5525 factus
879 5475 966 5526 est
988 5465 1280 5530 Maximus
1303 5485 1508 5528 eorum
1552 5477 1899 5545 conatuum,
1927 5489 2072 5551 quos

417 5567 616 5613 contra
637 5558 1019 5618 clarissimum
1044 5559 1298 5616 veritatis
1333 5575 1655 5631 praeconem
1699 5570 2068 5622 attentarunt.

416 5642 592 5708 Mittit
614 5643 796 5724 igitur
815 5643 1364 5728 Valentiniano,qui
1391 5667 1522 5710 cum
1548 5666 1581 5710 a
1605 5647 1765 5712 bello
1787 5648 2071 5712 adversus

2164 4569 2392 4634 κυλλίοις
2428 4571 2524 4626 ὕπύ
2583 4593 2740 4626 τινων
2772 4572 3224 4650 προσφερόμενα)·
3284 4573 3404 4628 τότε
3436 4569 3500 4639 δὴ
3559 4568 3824 4650 χαλεπή-

2163 4683 2253 4725 νας
2311 4667 2612 4740 προφανώς,
2649 4663 2804 4717 at.sz
2860 4661 3105 4718 ἐκέλευσε
3158 4669 3262 4728 τῶν
3311 4663 3464 4740 ἱερῶν
3510 4658 3610 4724 ἔξω
3661 4659 3822 4736 βῆναι

2161 4754 2450 4831 προθύρων.
2508 4751 2565 4809 Ὀ
2625 4750 2701 4826 δέ,
2739 4750 2906 4808 Ἐκὼν
2961 4751 3080 4827 μὲν,
3145 4751 3270 4832 ἔφη,
3303 4758 3456 4808 τοῦτο
3508 4751 3567 4807 ού
3615 4748 3816 4829 δράσω,

2158 4841 2274 4900 οὐδὲ
2327 4839 2586 4920 προδώσω
2615 4854 2730 4906 τοῖς
2785 4840 2965 4903 λυκοις
3011 4863 3100 4899 τον
3146 4850 3249 4901 τῶν
3284 4839 3560 4920 προϐάτων
3619 4840 3815 4914 σηκὸν,

2157 4931 2271 4990 οὐδὲ
2302 4945 2418 4997 τοῖς
2463 4930 2842 5011 βλασφημοῦσι
2896 4932 2985 4988 τὸν
3015 4934 3161 4988 θεῖον
3220 4929 3604 5011 παραδώσομεν
3656 4929 3814 4985 νεών·

2156 5021 2275 5079 ἀλλ’
2309 5021 2362 5077 εἴ
2418 5044 2493 5084 (οι
2534 5034 2739 5079 κτεῖναι
2797 5019 2971 5096 δοκεῖ,
3005 5019 3149 5079 ἔνδον
3183 5020 3464 5100 ἐπένεγκαί
3505 5041 3597 5095 μοι
3625 5019 3686 5075 τὸ
3747 5017 3819 5084 ξί-

2157 5135 2252 5194 φος
2339 5111 2375 5182 ἢ
2455 5113 2553 5180 τὴν
2631 5111 2832 5178 ἀξίνην·
2913 5111 3190 5177 ἀσπασίως
3259 5111 3359 5191 γὰρ
3427 5108 3638 5186 δέξομαι
3715 5109 3817 5176 τὴν

2155 5203 2406 5270 τοιαύτην
2468 5202 2704 5282 σφαγήν.
2768 5201 2867 5259 Καὶ
2921 5203 3084 5258 ταῦτα
3136 5201 3233 5278 μὲν
3289 5203 3317 5256 ὁ
3358 5203 3500 5264 θεῖος
3573 5195 3816 5276 Ἀμϐρό-

2155 5315 2293 5357 σιος,

2239 5381 2350 5444 ΙΔ’.
2415 5381 2618 5456 Χρόνου
2649 5381 2702 5438 δὲ
2747 5387 2950 5461 συχνοῦ
3004 5377 3315 5460 τριϐομένου
3373 5381 3654 5458 μεμάθηκε
3714 5379 3813 5456 μὲν

2155 5478 2182 5531 ὁ
2228 5473 2473 5550 Μάξιμος
2534 5474 2599 5529 τὰ
2663 5473 2796 5529 κανὰ
2838 5471 2932 5529 τοῦ
2988 5471 3370 5552 μεγαλοφώνου
3428 5469 3658 5552 κήρυκος
3720 5474 3819 5537 τῆς

2154 5565 2404 5634 ἀληθείας
2464 5562 2810 5640 τολμώμενα·
2869 5560 3144 5620 ἐπέστειλε
3199 5561 3254 5618 δὲ
3303 5569 3382 5638 τῷ
3439 5560 3820 5620 Οὗαλεντινια-

2153 5658 2251 5738 νὼ,
2283 5656 2373 5711 τὸν
2401 5655 2536 5712 κατὰ
2587 5657 2684 5724 τῆς
2748 5648 3009 5718 εὐσεϐείας
3066 5651 3303 5730 πόλεμον
3352 5649 3644 5711 καταλῦσαι
3676 5671 3819 5734 παρ-
