4066 6390
236 334 350 403 869

1550 325 1738 396 VITA
1779 323 1842 392 S.
1890 319 2282 392 AMBROSII.

3488 331 3606 398 870

233 469 456 548 ἐγγυῶν,
531 466 616 523 καὶ
671 470 940 545 παραινῶν
999 465 1076 538 μὴ
1135 463 1382 542 προέσθαι
1459 462 1559 530 τὴν
1629 462 1878 542 πατρῴαν

1982 458 2443 541 iietatemipsam
2467 467 2745 542 suscepto
2768 458 3082 526 discedere
3103 464 3604 546 moneret,horta-

234 555 498 614 εὐσέϐειαν
536 571 551 587 ⁸
633 556 1001 632 προστέθεικεν
1059 552 1115 609 δὲ
1174 554 1258 610 καὶ
1313 551 1407 610 τοῖ’)
1479 550 1716 626 πολέμου
1779 551 1879 616 τὴν

230 647 480 721 ἀπειλὴν,
551 646 596 701 εἰ
649 646 729 721 μη
778 645 1004 701 πείθοιτο
1039 661 1051 676 ·
1096 644 1189 698 ni
1253 643 1434 715 μέντοι
1491 642 1578 698 καὶ
1621 643 1682 698 τὸ
1726 639 1879 718 ἔργον

232 749 349 801 τοῖς
409 734 590 814 λόγοις
646 735 931 800 ὶπέθηκεν.
1014 732 1122 800 Τὴν
1205 732 1306 810 γὰρ
1360 732 1608 810 στρατιὰν
1668 731 1879 808 ἀγείρας

227 825 312 883 ἐπὶ
369 825 467 893 τὴν
513 821 849 880 Μεδιολάνων
893 821 1168 899 ὥρμησεν,
1230 820 1349 877 ἔνθα
1405 819 1610 883 ἐκεῖνος
1669 817 1875 898 διῆγεν,

232 919 292 974 '0
352 911 408 970 δὲ
464 915 646 990 μαθὼν
705 912 806 980 τὴν
864 910 1050 992 ἔφοδον
1094 914 1167 974 εἰς
1227 909 1512 989 Ἰλλυριοὺς
1542 908 1722 988 ᾤχετο
1750 909 1878 988 φεύ-

235 1027 370 1084 γων,
429 1010 502 1081 τῇ
560 1004 714 1082 πείρα
743 1002 924 1079 μαθὼν
957 1001 1112 1058 τίνων
1142 1000 1204 1057 ἐκ
1230 1001 1328 1067 τῆς
1360 999 1601 1079 μετρῴας
1630 999 1880 1056 ἀπώνατο

231 1091 564 1170 συμϐουλῆς.

311 1271 420 1336 ΙΕ’.
455 1271 753 1347 Πυθόμενος
810 1269 866 1326 δὲ
923 1267 1203 1332 Θεοδόσιος
1263 1272 1290 1324 6
1345 1268 1691 1348 πανεύιρημος
1722 1268 1881 1344 βασι-

226 1364 350 1426 λεύς
410 1363 475 1419 τὰ
531 1363 674 1439 παρά
733 1369 825 1420 τοῦ
881 1361 999 1417 νέου
1073 1358 1508 1418 Οὐαλεντινιανοὺ
1577 1357 1882 1437 πραχθέντα

230 1455 324 1511 καὶ
365 1453 433 1509 τὰ
463 1453 608 1530 παρά
641 1449 878 1525 Μαξίμου
908 1457 1003 1506 τοῦ
1045 1450 1295 1528 τυράννου
1341 1449 1629 1528 γραφέντα,
1686 1447 1881 1526 ἔγραψε

230 1548 310 1618 τῷ
355 1543 641 1622 πεφευγότι
686 1541 788 1616 νέῳ
830 1542 909 1616 μη
973 1545 1172 1619 χρῆναι
1224 1540 1504 1614 θαυμάζειν
1557 1539 1601 1593 εἰ
1650 1544 1726 1608 τῷ
1780 1536 1884 1612 βα-

231 1635 379 1690 σιλεῖ
407 1635 470 1688 τὸ
503 1629 643 1704 δέος,
675 1637 752 1704 τῷ
807 1628 860 1685 δὲ
917 1631 1155 1707 τυράννῳ
1193 1629 1254 1684 τὸ
1284 1628 1475 1706 κράτος
1507 1626 1837 1697 συνέζευκται
1868 1642 1882 1654 ·

233 1722 302 1798 τῇ
355 1722 458 1800 γὰρ
503 1718 740 1793 εὐσεϐείᾳ
795 1716 1141 1792 πεπολέμηκε
1201 1717 1299 1792 μὲν
1357 1718 1384 1772 6
1442 1714 1712 1792 βασιλεὺς,
1767 1714 1795 1769 ὃ
1834 1712 1889 1769 δὲ

1960 555 2244 630 returque
2300 559 2606 630 paternam
2640 570 2715 613 ne
2746 551 3038 630 abjiceret
3069 553 3442 632 religionem.
3481 554 3605 617 Nisi

1961 647 2154 700 autem
2184 658 2408 702 morem
2435 642 3122 720 gereret,gravissimum
3149 643 3342 704 eidem
3380 643 3604 706 bellum

1962 728 2367 805 minitabatur,
2404 739 2461 792 et
2491 749 2558 792 re
2602 730 2844 810 quidem
2874 731 3000 810 ipsa
3032 731 3280 794 collecto
3313 735 3604 808 exercitu,

1960 814 2355 879 Mediolanum
2389 836 2592 880 versus
2626 819 2956 898 promovit;
3021 818 3174 880 lianc
3205 820 3366 882 enim
3399 820 3608 883 sedem

1962 908 2384 968 Valentinianus
2413 911 2752 982 elegeratad
2782 911 3180 969 habitandum.
3223 912 3327 969 Hic
3355 929 3497 972 vero
3528 916 3611 973 ir-

1961 993 2299 1072 ruptionem
2333 994 2464 1074 ejus
2481 1013 2616 1056 cum
2640 995 3060 1074 accepisset,in
3091 993 3346 1076 Illyriam
3383 997 3518 1074 fuga
3539 1015 3606 1060 se

1962 1081 2238 1163 contulit,
2266 1083 2375 1144 hac
2408 1083 2537 1163 ipsa
2559 1085 2926 1164 experientia
2943 1092 3314 1164 compertum
3348 1087 3597 1163 habens,

1964 1179 2248 1252 quantum
2283 1182 2552 1234 materna
2583 1173 2834 1235 consilia
2863 1173 2978 1254 ipsi
3012 1175 3380 1253 prodessent.

2045 1259 2251 1324 XV.At
2274 1262 2352 1322 im
2365 1272 2601 1342 perator
2613 1261 2992 1325 Theodosius
3014 1264 3115 1323 ubi
3138 1263 3378 1325 rescivit
3398 1273 3457 1328 et
3480 1284 3612 1346 quae

1965 1350 2258 1412 Maximus
2278 1351 2564 1416 adversus
2579 1351 2885 1432 juniorem
2904 1350 3386 1414 Valentinianum
3402 1355 3615 1418 molie-

1969 1437 2166 1521 batur,
2203 1448 2262 1502 et
2281 1460 2490 1504 rursus
2513 1460 2781 1522 quaenam
2807 1441 2882 1503 ad
2908 1459 3046 1502 eum
3070 1443 3225 1503 idem
3251 1443 3612 1523 scripsisset,

1969 1529 2186 1591 litteris
2216 1531 2510 1610 significat
2560 1531 2768 1612 juveni
2822 1531 3072 1611 fugienti
3125 1551 3244 1594 non
3276 1551 3412 1595 esse
3456 1535 3616 1615 quod

1971 1619 2102 1700 quis
2132 1620 2554 1688 admiraretur.
2617 1623 2663 1682 si
2720 1621 2846 1700 regi
2901 1628 3100 1702 timor,
3153 1631 3398 1702 tyranno
3431 1625 3618 1686 robur

1972 1709 2329 1788 conjunctus
2348 1721 2528 1774 esset.
2561 1713 2709 1776 Nam
2745 1713 2974 1792 pietati,
3007 1713 3219 1792 inquit,
3254 1731 3358 1776 rex
3391 1713 3617 1777 bellum

232 1797 484 1890 τύραννος
544 1809 900 1888 ὲπεκούρησεν
937 1827 952 1844 ο
999 1808 1088 1865 καὶ
1115 1809 1142 1863 6
1186 1807 1285 1882 μὲν
1335 1806 1532 1872 ταύτην
1596 1804 1887 1879 προέμενος

1982 1797 2196 1874 intulit,
2243 1808 2524 1880 tyrannus
2557 1819 2696 1862 vero
2750 1800 3064 1862 auxiliatus
3089 1810 3179 1862 est
3212 1821 3226 1862 :
3261 1811 3320 1864 et
3348 1803 3451 1865 ille
3479 1805 3618 1884 qui-

233 1899 605 1979 ἀποδιδράσκει
665 1899 883 1977 γυμνὸς,
968 1900 996 1953 6
1066 1895 1122 1952 δὲ
1207 1897 1373 1972 ταύτῃ
1451 1893 1887 1970 καθωπλισμένος

234 1998 330 2049 τοῦ
385 1990 804 2068 γεγυμνωμένου
862 2001 1050 2066 κρατεῖ
1081 2005 1100 2024 ⁸
1155 1992 1225 2062 τῇ
1288 1988 1387 2065 γὰρ
1432 1982 1665 2057 εὐσεϐείᾳ
1720 1986 1808 2040 καὶ
1862 1987 1889 2040 6

234 2081 435 2147 ταύτης
465 2081 675 2137 σύνεστι
707 2076 1026 2153 νομοθέτης.

319 2168 454 2244 Ιζ¹.
491 2176 667 2228 Ταῦτα
724 2167 821 2243 μὲν
871 2165 960 2223 οὖν
1012 2163 1189 2243 πόῤῥω
1219 2163 1292 2222 ὢν
1324 2163 1626 2221 ἐπέστειλεν
1659 2179 1672 2192 ⁶
1737 2162 1890 2219 ἒπει-

237 2259 303 2328 δὴ
346 2259 403 2316 δὲ
432 2259 534 2325 τὴν
565 2257 735 2338 φυγὴν
784 2256 1110 2332 μεμαθηκὼς
1158 2256 1232 2317 εἰς
1293 2253 1590 2332 ἐπικοῦρίαν
1647 2251 1887 2332 ἀφίκετο,

241 2351 333 2406 καὶ
358 2349 456 2417 τὴν
491 2347 588 2424 μὲν
620 2349 816 2404 οἰκείαν
871 2344 1297 2402 καταλελοιπότα
1355 2341 1647 2420 βασιλείαν,
1704 2343 1776 2406 εἰς
1836 2339 1890 2397 δὲ

247 2437 348 2506 τὴν
401 2437 558 2494 αὐτοῦ
628 2435 1060 2514 παραγενόμενον
1122 2431 1266 2490 εἶδεν
1301 2453 1315 2468 ο
1395 2440 1601 2510 πρῶτον
1668 2433 1767 2508 μὲν
1821 2437 1891 2508 τῇ

247 2533 401 2607 ψυχῇ
430 2527 519 2594 τὴν
564 2525 845 2590 θεραπείαν
895 2525 1256 2602 προσήνεγκε,
1314 2528 1403 2580 sui
1431 2523 1534 2589 τὴν
1564 2520 1890 2600 ἐπιγενομέ-

241 2639 340 2684 νην
390 2621 488 2684 τῆς
549 2613 790 2678 ἀσεϐείας
860 2613 1086 2683 ἐξήλασε
1140 2613 1316 2692 νόσον,
1376 2615 1463 2670 καὶ
1509 2609 1581 2676 εἰς
1637 2612 1736 2679 τὴν
1781 2633 1891 2667 πα-

237 2707 412 2782 νρῴαν
464 2703 733 2762 εὐσέϐειαν
794 2701 1135 2783 ἐπανήγαγεν
1171 2717 1186 2733 ⁸
1235 2703 1360 2758 εἶτα
1415 2701 1626 2780 θαῤῥεϊν
1685 2723 1889 2778 παρεγ-

233 2797 440 2876 γυήσας
498 2796 588 2852 καὶ
645 2795 782 2851 κατά
862 2800 951 2850 τοῦ
1043 2792 1297 2870 τυράννου
1354 2793 1672 2870 στρατεύσας
1731 2791 1889 2847 ἀναι-

236 2887 375 2962 μωτὶ
427 2885 529 2960 μὲν
585 2891 661 2959 τῷ
723 2883 826 2940 νέω
883 2882 982 2952 την
1040 2881 1311 2958 βασιλείαν
1368 2878 1665 2959 παρέδωκε,
1717 2881 1808 2936 τὸν
1837 2877 1892 2934 δὲ

237 2976 495 3054 τύραννον
580 2973 889 3030 ἀπέκτεινεν
919 2989 934 3003 ⁸
1028 2969 1232 3028 ἀδικεῖν
1307 2971 1406 3048 γὰρ
1477 2966 1728 3044 ὑπέλαϐε,
1807 2969 1894 3024 καὶ

238 3066 333 3130 τὰς
375 3066 512 3142 πρὸς
548 3065 837 3142 Γρατιανὸν
881 3059 1247 3140 γεγενημένας
1291 3057 1631 3138 παραϐαίνειν
1696 3059 1895 3128 συνθή-

1974 1888 2108 1948 dem
2139 1889 2330 1969 ipsam
2366 1892 2674 1966 deserens,
2710 1890 2908 1951 nudus
2946 1891 3166 1970 aufugit
3204 1912 3216 1952 :
3273 1892 3368 1953 hic
3399 1913 3432 1954 e
3464 1913 3616 1957 con-

1978 1978 2159 2041 trario
2191 1979 2291 2040 illa
2307 1990 2595 2053 armatus,
2624 1979 2924 2040 victoriam
2949 1980 3132 2041 refert
3156 1999 3226 2041 ex
3259 1982 3560 2045 denudato
3597 2003 3614 2050 :

1976 2068 2178 2147 pietati
2209 2069 2367 2129 enim
2391 2068 2581 2148 ipsius
2604 2069 2912 2147 legislator
2940 2069 3174 2146 adjutor
3195 2069 3326 2131 fuit.

2054 2156 2359 2221 XVlJlaec
2383 2158 2562 2238 igitur
2584 2175 2691 2239 per
2707 2158 3190 2238 epistolam,cum
3219 2159 3392 2239 longo
3428 2171 3618 2227 tractu

1978 2257 2137 2310 esset
2166 2247 2436 2324 dissitus,
2470 2247 2756 2310 nuntiavit
2793 2269 2806 2311 :
2845 2257 3153 2328 postquam
3188 2267 3326 2310 vero
3364 2253 3420 2312 in
3449 2253 3623 2314 auxi-

1976 2337 2120 2400 lium
2145 2338 2390 2418 venit,et
2413 2337 2606 2413 illum,
2638 2337 2881 2418 proprio
2906 2338 3149 2417 quidem
3181 2340 3390 2401 relicto
3423 2341 3622 2423 impe-

1977 2428 2087 2500 rio,
2126 2429 2186 2490 in
2213 2446 2320 2489 suo
2355 2437 2708 2508 praesentem
2733 2427 2916 2500 vidit;
2946 2428 3202 2507 primum
3225 2431 3468 2510 quidem
3502 2452 3624 2495 me-

1973 2517 2237 2580 dicinam
2269 2517 2545 2579 adhibuit
2574 2518 2708 2597 ejus
2763 2517 3001 2598 animae,
3038 2527 3096 2580 et
3125 2519 3476 2604 impietatis,
3510 2542 3628 2604 qua

1974 2607 2586 2683 laborabat,morbum
2620 2608 2949 2687 expellens,
2973 2611 3031 2669 in
3060 2610 3335 2690 pietatem
3373 2612 3624 2692 patriam

1975 2700 2170 2779 ipsum
2229 2698 2486 2760 reduxit.
2547 2698 2780 2761 Deinde
2833 2699 3004 2759 illum
3050 2699 3356 2762 conlidere
3379 2701 3622 2781 jubens,

1975 2800 2036 2851 et
2067 2796 2274 2850 contra
2331 2796 2648 2868 tyrannum
2711 2788 2976 2850 inferens
3023 2788 3214 2869 signa,
3263 2789 3347 2851 illi
3380 2792 3627 2872 quidem

1977 2879 2108 2940 siue
2135 2877 2428 2956 sanguine
2451 2876 2653 2939 reddit
2703 2877 3048 2957 imperium,
3080 2887 3394 2957 tyranuum
3425 2889 3627 2944 autem

1977 2966 2270 3046 supplicio
2329 2965 2533 3028 afficit.
2597 2965 2914 3028 Enimvero
2976 2965 3195 3028 violare
3253 2987 3318 3030 se
3371 2969 3629 3033 credidit

1978 3055 2124 3117 inita
2153 3064 2321 3132 pacta
2369 3075 2505 3117 cum
2545 3055 2852 3136 Gratiano,
2887 3055 3003 3116 nisi
3046 3056 3120 3117 ab
3152 3055 3292 3131 illis,
3329 3059 3430 3138 qui
3463 3059 3626 3122 hunc

234 3175 361 3234 κας,
393 3153 440 3210 εί
472 3153 552 3229 μὴ
602 3151 797 3220 ποινὴν
838 3152 959 3214 τούς
1017 3148 1376 3214 ἀπεκτονότας
1425 3147 1757 3228 εἰσπράξαιτο
1795 3153 1892 3215 τῆς

1982 3145 2311 3227 principem
2347 3145 2805 3221 trucidaverant,
2838 3163 3041 3226 pcenas
3073 3153 3394 3226 repeteret.
3430 3147 3624 3229 Atque

237 3248 482 3322 σφαγῆς.
517 3244 682 3307 Οὗτος
713 3243 741 3298 6
786 3239 1107 3305 πιστότατος
1157 3237 1405 3316 βασιλεὺς
1455 3239 1590 3295 κατὰ
1617 3243 1718 3306 τῆς
1751 3235 1894 3294 πλά-

240 3355 338 3401 νης
395 3338 494 3400 τῆς
553 3329 843 3400 έλληνικῆς
901 3328 1162 3405 μετέθηκε
1240 3330 1342 3396 τὴν
1397 3326 1628 3395 σπουδὴν
1695 3327 1892 3402 πᾶσαν,

242 3423 327 3480 καὶ
357 3421 554 3498 νόμους
586 3420 808 3500 ἔγραψε,
848 3420 915 3477 τὰ
962 3424 1071 3477 τῶν
1131 3417 1364 3476 εἰδώλων
1403 3417 1601 3496 τεμένη
1655 3417 1894 3476 καταλυ-

242 3515 398 3581 θῆναι
433 3510 692 3574 κελεύων,

323 3602 428 3660 lZ'.
480 3610 882 3662 Κωνσταντϊνος
940 3598 1038 3674 μὲν
1098 3598 1199 3677 γὰρ
1273 3599 1300 3654 6
1358 3597 1537 3663 animi;
1602 3595 1894 3662 ἀξιώτατος

241 3691 510 3772 εὐφημίας
550 3695 785 3770 πρῶτος,
821 3686 1057 3762 εὐσεϐείᾳ
1110 3688 1207 3755 τὴν
1258 3687 1531 3764 βασιλείαν
1588 3688 1892 3762 κοσμήσας,

236 3783 329 3840 καὶ
360 3781 460 3848 τὴν
493 3778 807 3856 οἰκουμένην
856 3777 934 3834 ἔτι
993 3789 1299 3853 μεμηνυῖαν
1353 3777 1514 3854 ὁρῶν,
1544 3777 1605 3831 τὸ
1638 3777 1736 3851 μὲν
1777 3789 1895 3840 τοῖς

237 3871 458 3948 δαίμοσι
508 3870 647 3926 θύειν
702 3867 1040 3926 παντάπασιν
1083 3865 1442 3945 ἀπηγόρευσε,
1497 3867 1617 3929 τοὺς
1662 3865 1716 3920 δὲ
1766 3867 1894 3921 τού-

238 3983 352 4020 των
402 3963 556 4025 ναοὺς
588 3963 648 4018 οὒ
699 3957 1012 4032 κατέλυσεν,
1069 3955 1207 4014 ἀλλά
1261 3954 1484 4022 ἀϐάτους
1525 3955 1669 4012 εἶναι
1723 3977 1898 4034 προσ·

239 4050 424 4117 έταξεν
459 4065 473 4080 '
550 4050 638 4105 καὶ
716 4047 896 4122 μέντοι
981 4047 1070 4102 καὶ
1128 4048 1174 4102 οἱ
1244 4045 1429 4101 τούτου
1508 4042 1696 4110 παῖδες
1778 4057 1897 4107 τοῖς

240 4141 514 4220 πατρῴοις
556 4137 924 4208 ἠκολούθησαν
954 4134 1178 4216 ’ίχνεσιν
1212 4155 1228 4171 ο
1263 4133 1548 4199 Ἰουλιανὸς
1582 4132 1636 4190 δὲ
1667 4133 1897 4190 ἀνενεώ-

247 4251 384 4288 σατο
424 4230 523 4298 τὴν
555 4225 825 4306 ἀσέϐειαν,
869 4226 958 4283 καὶ
1011 4230 1112 4292 τῆς
1157 4222 1396 4287 παλαιᾶς
1458 4222 1726 4290 ἐξαπάτης
1771 4222 1896 4291 ἐξῆ-

246 4325 317 4396 ψε
380 4319 482 4388 τὴν
539 4317 736 4398 φλόγα.
773 4312 1045 4379 ἰωϐιανὸς
1105 4313 1161 4370 δὲ
1219 4314 1316 4380 τὴν
1347 4313 1619 4390 βασιλείαν
1650 4312 1897 4392 παραλα-

246 4407 385 4486 ϐὼν,
447 4407 607 4466 πάλιν
664 4408 764 4476 τὴν
820 4408 928 4462 τῶν
987 4401 1218 4460 εἰδώλων
1275 4401 1564 4460 διεκώλυσε
1593 4404 1894 4480 θεραπείαν·

247 4501 334 4557 καὶ
368 4497 805 4561 Οὐαλεντινιανὸς
836 4493 892 4551 δὲ
941 4496 969 4550 6
1024 4492 1193 4572 μέγας
1253 4506 1372 4558 τοῖς
1403 4493 1586 4558 αὐτοῖς
1618 4493 1902 4574 κεχρημέ-

1983 3235 2139 3297 idem
2168 3235 2490 3316 imperator
2521 3234 2904 3298 ﬁdelissimus
2953 3236 3132 3297 etiam
3161 3235 3444 3300 adversus
3471 3256 3624 3318 gen-

1981 3323 2173 3386 tilium
2199 3342 2437 3388 errores
2461 3343 2702 3388 omnem
2726 3324 2978 3387 contulit
3000 3324 3390 3404 diligentiam,
3426 3327 3625 3408 leges-

1979 3432 2096 3494 que
2129 3413 2542 3494 promulgavit,
2577 3413 2794 3496 quibus
2825 3414 3122 3477 idolorum
3152 3416 3374 3498 templa
3400 3416 3630 3481 destrui

1980 3503 2382 3586 praecipiebat.

2059 3593 2491 3656 XVII.Etenim
2523 3594 2947 3658 Constantinus
2975 3597 3415 3675 Magnus,omni
3450 3598 3628 3662 laude

1979 3703 2049 3744 ac
2081 3683 2502 3763 praedicatione
2527 3704 2703 3764 quam
2731 3684 3372 3766 dignissimus,pietate
3401 3687 3636 3749 ornavit

1981 3772 2344 3852 imperium:
2381 3791 2450 3835 ac
2485 3781 2672 3836 totum
2701 3773 2908 3836 orbem
2943 3774 3119 3836 etiam
3155 3782 3293 3836 tunc
3325 3775 3632 3838 insanien-

1981 3871 2100 3924 tem
2124 3861 2740 3944 videns,daamonibus
2757 3864 3000 3942 quidem
3023 3863 3364 3926 sacriﬁcare
3389 3865 3634 3928 omnino

1983 3952 2519 4032 prohibuit,eorum
2543 3961 2742 4014 autem
2766 3960 2901 4014 tana
2919 3962 3082 4014 stare
3106 3954 3399 4035 permisit,
3434 3955 3508 4016 ab
3541 3955 3630 4018 eis

1981 4041 2176 4103 arceri
2199 4042 2530 4122 quemlibet
2552 4041 2876 4122 jubens.Et
2898 4042 3140 4122 quidem
3175 4044 3352 4125 hujus
3386 4044 3490 4105 filii
3518 4064 3628 4126 pa-

1983 4130 2172 4194 ternis
2203 4131 2474 4194 institere
2505 4132 2772 4212 vestigiis
2814 4153 2826 4194 :
2862 4131 3135 4195 Julianus
3164 4151 3302 4195 vero
3333 4135 3635 4197 renovavit

1980 4221 2498 4302 impietatem,nec
2519 4241 2635 4284 non
2655 4241 2708 4284 ei
2725 4223 2878 4284 roris
2891 4221 3014 4301 jam
3041 4223 3292 4284 exsoleti
3319 4225 3633 4286 vehemen-

1983 4311 2193 4373 tiorem
2227 4312 2532 4374 ﬂammam
2567 4311 2862 4375 accendit.
2921 4314 2996 4374 At
3047 4309 3331 4375 Jovianus
3381 4313 3633 4394 adeptus

1982 4401 2325 4481 imperium,
2380 4421 2588 4464 rursus
2640 4401 2937 4464 idolorum
2972 4403 3196 4464 cultum
3257 4405 3630 4484 proscripsit.

1985 4487 2055 4551 Et
2077 4509 2323 4570 magnus
2353 4510 2591 4572 quoque
2617 4490 3071 4554 Valentinianus
3098 4492 3314 4554 iisdem
3347 4492 3521 4573 plane
3552 4494 3632 4555 le-

244 4611 332 4654 νος
393 4591 604 4668 νόμοις,
666 4586 812 4644 ἴθυνε
869 4585 969 4652 τὴν
1031 4583 1290 4662 Εὐρώπην
1319 4602 1333 4616 ·
1383 4585 1410 4640 6
1441 4581 1496 4639 δὲ
1529 4583 1740 4650 Οὐάλης
1773 4589 1892 4640 πᾶσι

1985 4580 2159 4658 gibus
2180 4599 2346 4656 usus,
2384 4583 2682 4662 Europam
2719 4583 2892 4644 rexit.
2929 4581 3098 4655 Quod
3138 4599 3277 4644 vero
3307 4583 3379 4644 ad
3411 4583 3636 4646 Valen-

245 4680 352 4756 μὲν
412 4690 533 4742 τοῖς
601 4675 784 4741 ἄλλοις
838 4673 1096 4752 ἔπέτρεψε
1154 4673 1462 4750 θρησκεύειν
1515 4673 1551 4740 ἦ
1599 4671 1900 4748 βούλονται,

243 4771 338 4826 καὶ
389 4769 456 4824 τὰ
507 4765 908 4842 θρησκευόμενά
957 4762 1264 4842 θεραπεύειν
1293 4777 1306 4792 ⁸
1343 4763 1528 4839 μόνοις
1566 4759 1621 4817 δὲ
1653 4761 1906 4837 πολεμῶν

244 4857 472 4916 διετέλει
507 4871 625 4922 τοῖς
686 4859 791 4913 τῶν
851 4853 1221 4912 ἀποστολικῶν
1267 4853 1642 4932 ὑπερμαχοῦσι
1701 4851 1906 4929 δογμά-

243 4970 381 5009 των.
442 4947 621 5004 Πάντα
675 4955 800 5026 γοῦν
861 4945 952 5002 τὸν
995 4949 1094 5010 τῆς
1136 4941 1336 4998 ἐκείνου
1381 4941 1652 5017 βασιλείας
1710 4942 1906 5020 χρόνον

243 5040 336 5096 καὶ
379 5037 442 5094 τὸ
498 5032 792 5111 ἐπιϐώμιον
833 5033 1036 5102 ἥπτετο
1095 5033 1220 5111 πῦρ,
1253 5033 1350 5088 καί
1392 5028 1619 5092 σπονδὰς
1677 5032 1765 5087 καὶ
1814 5034 1906 5086 θυ-

247 5129 367 5192 σίας
410 5138 530 5191 τοῖς
588 5122 827 5188 εἰδώλοις
886 5121 1238 5203 προσέφερον,
1297 5121 1384 5178 καὶ
1427 5118 1520 5184 τᾶς
1566 5117 1905 5194 δημοθοινίαις

248 5217 392 5275 κατά
445 5216 546 5284 την
589 5214 788 5294 ἀγορὰν
845 5210 1152 5291 ἐπετέλουν,
1197 5211 1284 5267 καὶ
1330 5212 1378 5267 οἱ
1425 5210 1493 5266 τὰ
1526 5209 1780 5268 Διονύσου
1810 5206 1906 5288 ὅρ-

248 5331 344 5388 για
399 5304 775 5381 τετελεσμένοι
807 5304 942 5381 μετά
985 5308 1091 5359 τῶν
1134 5297 1348 5379 αἰγίδων
1379 5299 1628 5380 ἔτρεχον,
1667 5300 1789 5364 τοὺς
1818 5300 1907 5357 κύ-

249 5420 346 5462 νας
376 5396 710 5459 ἒπισπῶιτες
769 5396 860 5453 καὶ
917 5392 1220 5470 μεμηνότες
1269 5392 1356 5448 καὶ
1405 5391 1767 5471 βακχεύοντες
1819 5392 1907 5448 καὶ

248 5486 420 5551 τᾶλλα
479 5484 705 5565 δρῶντες
763 5483 796 5541 ἃ
851 5486 954 5552 τὴν
1008 5489 1105 5541 τοῦ
1145 5476 1460 5543 διδασκάλου
1492 5479 1746 5561 πονηρίαν
1778 5477 1906 5551 ἐδή-

251 5576 371 5639 λου.

1994 4679 2136 4750 tem,
2169 4670 2406 4731 cunctis
2437 4671 2679 4752 quidem
2717 4671 2852 4733 aliis
2881 4671 3136 4734 adorare
3160 4671 3456 4751 permisit,
3491 4691 3638 4754 quo-

1991 4760 2166 4821 modo
2196 4759 2504 4835 vellent,et
2531 4780 2664 4841 quae
2693 4761 3040 4837 adorabant,
3073 4762 3266 4842 palam
3289 4763 3491 4826 colere
3527 4785 3540 4826 :
3575 4763 3640 4825 in

1990 4850 2098 4912 hos
2146 4856 2346 4911 autem
2403 4853 2585 4926 solos,
2637 4871 2670 4912 a
2730 4849 2944 4930 quibus
3007 4853 3282 4930 dogmata
3311 4852 3641 4933 apostolica

1991 4939 2539 5020 propugnabantur,
2597 4939 2820 5003 bellum
2874 4959 3084 5018 gerere
3120 4961 3238 5003 non
3293 4941 3635 5005 intermisit.

1990 5026 2165 5090 Omni
2189 5045 2330 5108 ergo
2356 5036 2629 5110 tempore
2660 5049 2776 5111 quo
2808 5030 2858 5091 is
2919 5031 3207 5110 regnavit,
3265 5032 3418 5111 ignis
3467 5030 3642 5094 altari

1989 5119 2406 5200 superpositus
2462 5119 2927 5197 accendebatur,
2992 5129 3052 5183 et
3094 5119 3412 5184 libatioues
3459 5130 3642 5203 atque

1990 5208 2219 5271 hostias
2241 5208 2418 5270 idolis
2447 5209 2799 5286 efferebant,
2836 5211 2973 5273 etin
3000 5211 3212 5291 plateis
3241 5211 3507 5274 convivia
3537 5229 3642 5290 pu-

1990 5296 2146 5360 blica
2175 5297 2651 5376 celebrabant,et
2681 5301 2783 5382 qui
2816 5300 3180 5381 peragebant
3205 5302 3424 5364 Bacchi
3450 5301 3637 5380 orgia,

1989 5405 2124 5449 cum
2153 5387 2413 5468 caprinis
2443 5388 2700 5470 pellibus
2723 5392 3257 5472 currebant,canes
3286 5410 3492 5454 secum
3516 5400 3637 5454 tra-

1991 5477 2224 5553 hentes,
2252 5488 2313 5539 et
2363 5479 2750 5558 insanientes,
2787 5489 2847 5543 et
2878 5480 3348 5562 debacchantes,
3378 5489 3437 5542 et
3465 5499 3638 5542 com-

1993 5567 2295 5630 mittentes
2317 5568 2430 5631 alia
2454 5569 2826 5650 hujusmodi,
2855 5589 2990 5654 quae
3011 5571 3340 5654 nequitiam
3375 5568 3641 5654 magistri

1993 5657 2086 5721 sui
2111 5658 2306 5743 palam
2331 5658 2624 5729 facerent.
