4066 6412
440 319 551 386 871

1678 319 2065 384 ADDENDA.
2111 347 2191 364 --
2240 317 2567 382 APRILIS.

3703 312 3823 381 872

523 452 708 518 XVIII
738 452 1155 517 Fidelissimus
1171 460 1365 516 autem
1382 454 1706 533 imperator
1717 452 2070 515 Theodosius

2251 451 2364 514 ΗΓ.
2399 451 2673 513 Θεοδόσιος
2708 447 2762 507 δὲ
2796 454 2823 509 ὃ
2868 451 3187 516 πιστότατος
3237 444 3486 527 βασιλεὺς
3530 455 3697 507 ταῦτα
3726 474 3824 509 πε-

442 544 651 607 istheec
677 546 878 605 omnia
914 563 946 605 e
976 545 1170 605 me-z’lio
1204 545 1282 604 ita
1332 545 1598 618 sustulit,
1631 563 1698 605 ac
1731 545 1778 605 si
1812 542 1886 605 ab
1917 544 2082 605 initio

444 653 567 696 non
590 634 959 696 exstitissent
985 655 997 693 :
1024 634 1084 694 in
1106 651 1355 713 quorum
1392 634 1575 695 vicem
1603 626 1952 695 Christianis
1985 633 2082 694 in-

445 726 639 788 stituit
667 722 780 786 alia
812 723 1126 802 plura.Sed
1154 722 1314 783 enim
1350 724 1481 801 ejus
1506 723 1665 800 quia
1693 722 1901 802 primis
1923 728 2083 783 retro

442 812 812 894 temporibus
833 811 1020 873 hostis
1042 810 1347 873 hominum
1392 820 1503 884 est,
1552 812 1756 873 omnia
1786 811 1937 873 retia
1963 830 2082 872 non

440 904 553 965 nisi
584 920 738 981 aegre
770 901 1173 980 effugiuntur;
1210 901 1427 981 saepius
1460 901 1617 962 enim
1678 901 1896 981 aliquis
1944 920 2080 963 cum

439 992 690 1055 luxuriae
721 989 990 1052 morbum
1016 990 1301 1066 evaserit,
1336 990 1608 1053 avaritiae
1638 991 1852 1071 laqueo
1881 990 2082 1052 forsan

437 1081 670 1163 capitur
699 1099 713 1144 :
738 1080 788 1142 si
816 1091 1015 1142 autem
1050 1080 1146 1142 illa
1179 1080 1364 1143 fuerit
1393 1082 1581 1158 major
1600 1080 1842 1143 aliunde
1873 1098 2082 1142 rursus

436 1171 640 1234 livoris
663 1189 874 1250 vorago
905 1169 1288 1234 subnascitur
1324 1190 1340 1232 :
1402 1178 1461 1231 et
1508 1170 1651 1232 licet
1701 1171 1853 1232 hanc
1884 1170 2082 1232 denuo

434 1260 1011 1341 transilierit,plagas
1036 1260 1366 1323 iracundia:
1386 1260 1648 1322 offendet
1674 1268 2029 1341 prmparatas
2064 1282 2077 1324 :

434 1358 834 1414 etsexcentas
862 1350 1010 1411 alias
1060 1350 1407 1412 hominibus
1458 1350 1793 1411 tentliculas
1843 1350 2085 1413 instruit

438 1440 733 1519 malignus
764 1439 997 1521 ille,qui
1029 1441 1087 1500 in
1112 1438 1422 1501 hominum
1462 1448 1701 1501 venatur
1728 1439 2078 1519 perniciem.

436 1533 595 1594 Sane
616 1528 862 1607 quidem
898 1547 1221 1610 corporeos
1255 1538 1448 1591 motus
1474 1528 1767 1591 machinis
1800 1530 2082 1591 adversus

437 1620 698 1682 animam
724 1617 796 1680 ab
819 1637 889 1681 eo
911 1617 1212 1680 fabricatis
1235 1617 1411 1680 habet
1434 1627 1828 1697 cooperantes
1863 1632 1876 1679 :
1910 1636 2083 1681 mens

436 1719 634 1772 autem
660 1708 760 1770 illa
779 1727 910 1789 quae
954 1708 1205 1787 vigilans
1244 1708 1447 1790 fuerit,
1482 1710 1608 1770 sola
1637 1717 1900 1790 superat,
1938 1728 2080 1788 pro-

2168 541 2341 622 ριεῖλε
2374 544 2566 616 πάντα,
2608 540 2786 619 ὥσπερ
2816 540 2879 597 ἂν
2910 543 2953 597 εἰ
2983 538 3120 615 μηδὲ
3170 542 3267 608 τὴν
3324 539 3503 619 ἀρχὴν
3531 541 3817 621 γεγονότα,

2165 631 2456 691 καίπλείω
2504 640 2845 709 Χριστιανοῐς
2898 630 3354 709 ἀντεισηνέγκατο
3410 629 3586 707 ἕτερα.
3647 629 3821 687 Ἀλλά

2166 724 2266 801 γὰρ
2324 730 2416 779 τοῦ
2467 724 2655 778 κοινοῦ
2693 722 2801 777 τῶν
2832 721 3122 798 ἀνθρώπων
3155 722 3356 777 ἀνωθεν
3412 718 3672 795 πολεμίου
3721 722 3818 783 τὰς

2166 813 2324 889 ἄρκυς
2387 810 2661 889 διαφυγεῖν
2717 810 2925 871 ἁπάσας
2985 811 3046 866 οὗ
3102 807 3280 887 ῥᾴδιον
3318 827 3332 842 ·
3404 807 3666 874 πολλάκις
3715 811 3819 887 γάρ

2165 925 2244 965 τις
2303 900 2582 979 διαδράσας
2625 905 2724 967 τῆς
2782 898 3061 978 ἀσελγείας
3119 900 3181 956 τὸ
3226 898 3417 978 πάθος,
3454 904 3521 975 τῇ
3549 901 3646 966 τῆς
3677 905 3816 954 πλε-

2166 991 2367 1058 ονεξίας
2429 991 2562 1056 ἴσως
2624 989 2899 1047 ἁλίσκεται
2962 986 3171 1066 παγίδι.
3242 989 3298 1045 Ei
3361 986 3417 1044 δὲ
3476 989 3563 1045 καὶ
3617 989 3817 1055 ταύτης

2164 1084 2415 1158 κρείττων
2448 1082 2660 1161 φανείη,
2708 1078 2960 1156 ἑτέρωθεν
2989 1080 3276 1157 ὑποφύεται
3321 1076 3482 1134 πάλιν
3534 1099 3626 1136 του
3677 1079 3816 1157 φθό-

2164 1194 2256 1227 νου
2312 1172 2373 1227 τὸ
2417 1170 2672 1248 βάραθρον
2706 1188 2722 1204 °
2772 1165 2868 1223 κᾶν
2925 1174 3079 1223 τοῦτο
3136 1166 3189 1222 δὲ
3239 1166 3396 1223 πάλιν
3438 1166 3813 1246 ὑπερπηδέσῃ,

2164 1262 2225 1317 τὸ
2283 1267 2372 1316 τοῦ
2430 1263 2594 1334 θυμοῦ
2636 1256 2841 1315 δίκτυον
2871 1258 3082 1335 εὓρήσει
3132 1259 3475 1334 προκείμενον
3510 1272 3525 1287 ⁹
3576 1258 3663 1313 καὶ
3706 1255 3812 1314 ἅλ-

2165 1348 2261 1414 λας
2317 1348 2371 1405 δὲ
2429 1350 2613 1428 μυρίας
2664 1361 2783 1412 τοτς
2840 1345 3136 1425 ἀνθρώποις
3193 1346 3364 1413 τίθησι
3405 1345 3621 1425 παγίδας
3654 1347 3815 1405 ὁπο-

2165 1440 2350 1519 νηρὸς,
2407 1438 2644 1517 ἀγρεύων
2688 1438 2760 1498 εἰς
2806 1435 3045 1515 ὄλεθρον.
3102 1436 3199 1494 Καὶ
3242 1436 3308 1493 τὰ
3365 1436 3465 1510 μὲν
3520 1436 3664 1503 πάθη
3718 1443 3816 1494 τοῦ

2164 1530 2415 1604 σώματος
2473 1530 2835 1605 ὑπουργοῦντα
2879 1525 2998 1605 ἔχει
3026 1537 3148 1589 ταῖς
3185 1525 3322 1583 κατὰ
3368 1524 3464 1593 τῆς
3497 1530 3682 1605 ψυχῆς
3715 1547 3812 1582 τε..

2166 1618 2535 1693 κταινομέναις
2566 1617 2653 1674 ὑπ’
2699 1618 2859 1676 αὐτοῦ
2901 1628 3186 1695 μηχαναῖς
3216 1632 3232 1649 ⁸
3293 1617 3455 1688 μόνος
3488 1613 3541 1671 δὲ
3571 1614 3814 1694 ἐγρηγο-

2164 1711 2268 1787 ρὼς
2328 1711 2355 1765 ὁ
2416 1710 2534 1772 νοῦς
2592 1708 2937 1785 περιγίνεται,
2990 1710 3059 1780 τῇ
3089 1705 3302 1783 περὶτὰ
3343 1708 3466 1762 θεῖα
3494 1711 3670 1785 τροπῇ
3703 1712 3816 1762 τῶν

438 1799 726 1881 pensione
749 1800 808 1860 in
831 1817 931 1860 res
950 1799 1179 1862 divinas
1222 1797 1730 1860 machinationum
1760 1797 1920 1860 illius
1949 1817 2070 1859 ma-

2164 1798 2582 1879 μηχανημάτων
2641 1794 2937 1876 διελέγχων
2994 1796 3091 1863 τὴν
3150 1796 3493 1874 κακουργίαν,
3549 1804 3656 1868 Τῆς
3715 1795 3814 1852 ἀν-

431 1889 619 1951 litiam
641 1886 1383 1969 reprimens.Quapropter
1404 1906 1539 1949 cum
1561 1888 1838 1949 humanae
1854 1895 2070 1950 naturis

2161 1890 2419 1969 θρωπείας
2476 1884 2541 1955 δὴ
2596 1888 2685 1943 οὖν
2746 1885 2951 1966 φύσεως
2994 1885 3083 1941 καὶ
3133 1886 3162 1940 ὁ
3218 1885 3507 1960 θαυμάσιος
3563 1884 3817 1961 βασιλεὺς

433 1978 730 2059 particeps
749 1985 908 2040 esset
925 1977 1253 2059 imperator
1282 1976 1387 2041 ille
1410 1976 1805 2053 admirabilis,
1841 1987 2076 2057 pertur-

426 2067 735 2130 bationum
792 2066 951 2131 illius
1009 2084 1222 2148 expers
1254 2086 1372 2128 non
1403 2084 1646 2147 semper
1674 2065 1805 2128 iuit.
1847 2064 2072 2129 Verum

426 2175 712 2220 excussus
732 2156 935 2220 nescio
948 2157 1083 2237 quis
1103 2157 1209 2219 ira;
1227 2156 1501 2237 legitima;
1523 2157 1902 2237 conjunctus,
1941 2175 2074 2220 cru-

426 2246 565 2310 dele
592 2246 873 2328 quiddam
908 2246 1182 2326 parturiit
1230 2254 1407 2328 atque
1458 2246 1743 2327 injustum
1776 2270 1792 2319 ;
1849 2247 1924 2308 de
1953 2266 2072 2327 quo

424 2336 703 2400 videlicet
731 2336 929 2400 statim
961 2336 1216 2400 dicetur.
1260 2337 1470 2418 Neque
1509 2338 1671 2399 enim
1706 2343 1932 2397 tantum
1965 2354 2071 2398 re-

430 2427 892 2507 prehensionem
920 2424 1097 2488 habet
1123 2425 1494 2488 admirabilis
1537 2425 1937 2506 imperatoris,
1966 2426 2072 2489 sed

426 2514 605 2578 etiam
631 2514 1115 2597 praedicationem
1140 2516 1427 2577 memoria
1446 2514 1773 2578 admodum
1797 2514 2068 2594 dignam:

425 2605 685 2668 maxime
712 2622 854 2667 vero
885 2605 1161 2685 generosi
1196 2605 1358 2668 illius
1407 2604 1709 2667 Ambrosii
1736 2604 2073 2669 libertatem

423 2696 543 2758 huc
562 2695 1012 2771 succedentem,
1037 2712 1108 2757 ac
1140 2695 1390 2758 multum
1414 2695 1607 2771 illum,
1645 2713 1762 2777 quo
1796 2694 2077 2758 utebatur

423 2784 488 2847 in
517 2784 699 2848 rebus
717 2785 790 2847 ad
841 2784 1120 2864 pietatem
1166 2784 1624 2866 pertinentibus,
1657 2783 1843 2846 animi
1871 2784 2072 2847 fervo-

425 2892 580 2939 rem.
608 2874 917 2957 Quidquid
948 2874 1095 2937 illud
1128 2874 1226 2956 sit,
1262 2888 1464 2937 tamen
1494 2873 1823 2937 declarabit
1859 2876 2070 2940 oratio.

504 2963 1096 3030 XlX.Thessalonica
1128 2964 1337 3029 civitas
1363 2984 1572 3045 magna
1595 2972 1705 3040 est,
1734 2984 1803 3027 ac
1838 2965 2079 3046 populis

421 3054 1014 3138 frequens,attributa
1031 3053 1273 3136 quidem
1299 3054 2081 3131 Macedonibus,Thessaliai

2161 1979 2455 2058 μετασχὼν
2498 1975 2648 2041 οὗτος
2707 1973 2823 2033 οῦδὲ
2881 1981 2987 2031 τῶν
3043 1973 3251 2041 ἐκείνης
3309 1974 3491 2032 παθῶν
3548 1974 3812 2053 ἄγευστος

2158 2067 2365 2142 ἔμεινεν
2401 2084 2415 2099 ⁸
2451 2065 2589 2122 ἀλλά
2639 2088 2721 2131 τις
2757 2065 2977 2143 ἀμετρία
3023 2070 3102 2137 τῷ
3146 2062 3330 2137 δικαίῳ
3366 2067 3517 2139 θυμῷ
3567 2086 3813 2143 προσγε-

2156 2159 2355 2233 νομένη
2407 2155 2609 2222 ἀπηνές
2668 2177 2717 2211 τι
2767 2152 2922 2212 ὤδινε
2976 2154 3065 2212 καὶ
3120 2154 3451 2234 παράνομον,
3503 2152 3685 2234 ὥσπερ

2155 2247 2246 2305 οὖν
2277 2247 2460 2306 αὐτίκα
2489 2246 2780 2323 ῥηθήσεται
2816 2263 2831 2280 °
2894 2245 2955 2301 οὗ
3008 2243 3110 2322 γὰρ
3163 2245 3488 2322 κατηγορίαν
3533 2243 3652 2324 ἔχει
3697 2245 3809 2319 μό..

2157 2360 2245 2395 vo:
2301 2335 2395 2395 τοῦ
2449 2334 2753 2411 θαυμαστοῦ
2808 2333 3100 2412 βασιλέως,
3160 2331 3299 2390 ἀλλὰ
3379 2335 3468 2391 καὶ
3540 2336 3809 2415 εὔφημίαν

2156 2428 2379 2504 μνήμης
2427 2424 2749 2500 ἀξιωτάτην,
2810 2426 2899 2482 καὶ
2960 2422 3197 2499 μάλιστα
3253 2424 3351 2492 τὴν
3417 2429 3510 2482 τοῦ
3565 2426 3811 2503 γενναίου

2157 2517 2340 2575 τούτου
2397 2513 2713 2592 Ἀμϐροσίου
2770 2511 3146 2594 διαδεχθεϊσαν
3206 2513 3427 2574 ἐνταῦθα
3480 2512 3806 2593 παρρησίαν,

2155 2608 2244 2664 καὶ
2285 2608 2379 2666 τὸν
2409 2605 2572 2663 πολὺν
2604 2605 2809 2662 ἐκεῖνον
2837 2607 2884 2677 ᾧ
2911 2605 3029 2683 περὶ
3075 2604 3172 2671 τὴν
3215 2602 3477 2662 εῦσέϐειον
3536 2605 3810 2685 ἐκέχρητο

2155 2695 2319 2768 ζῆλον
2354 2714 2371 2733 ⁸
2406 2693 2637 2763 δηλώσέι
2666 2693 2711 2751 δ’
2744 2694 2833 2752 οὖν
2865 2693 3013 2768 ὅμως
3044 2696 3073 2751 ὁ
3102 2693 3289 2773 λόγος.

2237 2962 2344 3029 ΙΘ’.
2407 2961 2771 3031 Θεσσαλονίκη
2828 2961 2984 3027 πόλις
3031 2964 3149 3020 ἔστί
3197 2959 3412 3041 μεγάλη
3443 2963 3536 3023 καὶ
3561 2963 3810 3026 πολυάν-

2155 3057 2387 3133 θρωπος,
2423 3052 2648 3112 τελοῦσα
2679 3054 2778 3129 μὲν
2808 3056 2881 3117 εἰς
2935 3051 3262 3130 Μακεδόνας,
3296 3054 3572 3130 ἡγουμένη
3602 3053 3659 3112 δὲ
3716 3058 3805 3114 καὶ

421 3155 622 3209 autem
670 3156 850 3227 atque
900 3145 1147 3210 Achaiae
1200 3153 1402 3225 caput,
1464 3145 1975 3226 quemadmodum
2008 3157 2070 3207 et

2159 3143 2447 3210 θετταλίας
2489 3144 2578 3201 καὶ
2620 3142 2853 3223 Ἀχαίας
2882 3145 2973 3200 καὶ
3028 3140 3206 3201 ἄλλων
3265 3141 3481 3201 πολλῶν
3510 3146 3668 3201 ὶθνῶν
3698 3143 3798 3201 ὅσα

420 3236 672 3299 aliarum
723 3216 1072 3310 multarum,
1107 3216 1397 3316 quotquot
1428 3216 1831 3314 subjiciuntur
1860 3234 2070 3315 Illyria:

2157 3234 2251 3291 δπὸ
2307 3240 2386 3308 τῷ
2431 3238 2537 3291 τῶν
2581 3216 2850 3311 Ἰλλξριῶν
2890 3233 3121 3312 ὑπάρχῳ
3157 3244 3358 3295 κεῖται.
3394 3233 3643 3298 Στάσεως
3679 3233 3801 3290 τοί-

421 3323 1046 3406 praefecto.Seditione
1064 3322 1244 3403 igitur
1266 3323 1390 3385 illic
1412 3334 1636 3401 exorta,
1665 3324 1907 3405 quidam
1943 3342 2068 3385 ma-

422 3414 777 3494 gistratuum
817 3412 1063 3494 lapidati
1102 3419 1330 3488 sunt,et
1348 3431 1458 3494 per
1479 3413 1603 3476 vias
1632 3415 1825 3490 tracti,
1849 3413 2069 3476 vitam-

421 3522 539 3584 que
571 3502 918 3583 turpissimo
950 3501 1109 3564 exitu
1141 3502 1443 3566 finierunt.
1479 3506 1605 3566 Rex
1647 3502 1830 3583 igitur
1858 3522 2067 3567 eorum

422 3611 554 3674 qum
581 3591 1179 3673 acciderant,nuntiis
1206 3594 1753 3669 excandescens,ea
1783 3613 1900 3656 non
1934 3612 2067 3656 mo-

422 3683 633 3745 derate
655 3682 790 3744 tulit
813 3699 828 3745 :
849 3682 957 3745 sed
976 3700 1216 3745 omnem
1234 3684 1605 3745 stomachum
1629 3691 1839 3745 contra
1858 3702 2068 3747 omnes

420 3771 758 3846 effundens,
792 3781 853 3833 et
892 3771 1148 3852 injustas
1187 3790 1475 3836 exserens
1509 3773 1761 3853 gladios,
1794 3775 2068 3838 insontes

418 3880 555 3925 cum
589 3860 943 3924 nocentibus
976 3861 1302 3939 interfecit,
1350 3854 1639 3924 nimirum
1669 3870 1899 3944 septem
1925 3864 2066 3925 mil-

414 3951 521 4033 lia,
554 3960 618 4013 ut
653 3964 1022 4014 memoratur
1050 3969 1182 4014 cum
1217 3951 1451 4015 nullum
1484 3971 1733 4034 prorsus
1759 3954 1835 4015 ab
1876 3968 1949 4017 eo
1972 3953 2069 4034 ju-

416 4040 642 4103 dicium
676 4041 1055 4122 praemissum
1080 4050 1265 4105 esset.

496 4126 620 4194 XX.
650 4130 1060 4195 Calamitatem
1093 4132 1245 4194 hanc
1291 4132 1442 4195 adeo
1483 4133 1795 4213 lugendam
1830 4132 1930 4197 ubi
1962 4151 2062 4195 re-

415 4217 849 4300 scivitmagnus
865 4219 1514 4303 Ambrosius,venienti
1535 4223 1930 4285 Mediolanum
1955 4222 2064 4283 im-

415 4312 698 4391 peratori,
734 4318 794 4373 et
821 4311 883 4372 in
920 4311 1206 4391 templum
1250 4311 1357 4374 Dei
1390 4332 1460 4374 ex
1494 4332 1659 4375 more
1688 4312 1924 4393 ingredi
1955 4330 2058 4372 cu-

413 4398 628 4480 pienti,
678 4399 916 4461 eminus
964 4399 1197 4461 obviam
1258 4402 1676 4481 progrediens,
1729 4420 1804 4462 ne
1865 4408 2064 4482 portas

414 4489 657 4569 quidem
689 4488 894 4570 templi
951 4490 1176 4552 intrare
1222 4491 1545 4572 permisit:
1612 4512 1636 4548 ε
1670 4488 1899 4569 Nescis,
1964 4489 2061 4549 in-

2150 3346 2238 3381 νυν
2289 3323 2342 3381 ἐν
2386 3326 2521 3399 αὐτῇ
2565 3321 2859 3401 γενομένης
2914 3320 3341 3389 κατελεύσθησάν
3388 3343 3447 3379 τε
3498 3327 3586 3380 καὶ
3629 3342 3800 3382 κατε-

2150 3414 2382 3493 σύρησαν
2437 3418 2546 3470 τῶν
2596 3411 2878 3491 ἀρχόντων
2932 3411 3097 3491 τινὲς,
3149 3412 3238 3469 καὶ
3269 3412 3358 3468 τὸν
3386 3412 3497 3489 βίον
3531 3413 3805 3493 αἴσχιστα

2151 3502 2287 3560 οὕτω
2312 3500 2698 3580 κατέστρεψαν,
2726 3501 2788 3560 Ὀ
2820 3508 2909 3558 οῦν
2938 3499 3186 3578 βασιλεὺς
3219 3514 3344 3565 ταῖς
3395 3504 3502 3559 τῶν
3553 3498 3802 3579 συμϐάν-

2150 3615 2256 3651 των
2316 3591 2598 3671 ἀωγελίαις
2653 3590 2966 3673 ἀναφλεγεὶς
2998 3591 3092 3649 οὒκ
3121 3588 3316 3670 ἤνεγκε
3366 3591 3550 3670 πράως
3586 3582 3635 3626 ·’
3664 3590 3805 3649 ἀλλα

2151 3683 2322 3740 πάντα
2364 3683 2528 3759 θυμὸν
2564 3682 2777 3739 πάντων
2832 3681 2981 3760 ἀφεὶς
3011 3680 3109 3739 καὶ
3139 3679 3295 3739 ἄδικα
3328 3680 3453 3761 ξίφη
3482 3682 3802 3760 γυμνώσας,

2149 3774 2268 3837 τοὺς
2298 3773 2499 3838 ἀθώους
2550 3773 2686 3849 μετὰ
2740 3778 2848 3829 τῶν
2887 3771 3184 3831 ὑπευθύνων
3222 3771 3461 3845 ἀνεῖλεν,
3520 3772 3659 3831 ἑπτὰ
3702 3795 3805 3852 χι-

2151 3862 2332 3929 λιάδας
2365 3863 2666 3945 ὃλέγεται,
2713 3860 2850 3939 μηδὲ
2908 3867 3037 3939 μιᾶς
3089 3865 3235 3939 αὐτῷ
3291 3863 3515 3943 κρίσεως
3573 3864 3803 3940 ἡγησα-

2151 3976 2345 4032 nunc.

2232 4134 2317 4197 [ζ’.
2352 4134 2560 4203 Ταύτην
2591 4134 2770 4209 μαθὼν
2823 4134 2922 4203 τὴν
2950 4132 3188 4213 δακρύων
3220 4132 3489 4214 γέμουσαν
3517 4132 3795 4215 συμφορὰν

2149 4226 2177 4281 ὁ
2220 4224 2390 4303 μέγας
2422 4221 2765 4303 Ἀμϐρόσιος,
2804 4223 3128 4304 ἀφικόμενον
3171 4225 3244 4291 εἷς
3299 4223 3400 4287 τὴν
3458 4221 3802 4285 Μεδιολάνων

2146 4315 2238 4371 τὸν
2291 4312 2515 4389 βασιλέα
2569 4314 2659 4369 καὶ
2719 4315 2955 4384 συνήθως
3001 4314 3138 4373 εἵσω
3180 4321 3274 4372 τοῦ
3320 4316 3459 4372 θείου
3517 4313 3800 4394 παρελθεῖν

2148 4400 2472 4478 βουληθέντα
2528 4409 2677 4475 ναοῦ,
2734 4401 2998 4481 πόῤῥωθεν
3047 4404 3488 4485 προϋπαντήσᾶς,
3541 4403 3661 4465 οὐδὲ
3690 4406 3799 4463 τῶν

2148 4493 2300 4568 ἱερῶν
2346 4488 2498 4547 εἴασε
2543 4490 2726 4550 πυλῶν
2769 4489 3044 4567 ἐπιϐῆναι,
3102 4493 3209 4552 Ούκ
3260 4493 3443 4569 οἶσθα,
3495 4493 3691 4572 λέγων,
3724 4496 3801 4559 ὡς

414 4577 651 4657 quiens,
685 4579 769 4639 uti
803 4577 1056 4655 videtur,
1097 4580 1340 4642 nefariae
1369 4580 1575 4659 caedis,
1640 4598 1773 4659 quae
1824 4588 2064 4659 peracta

2157 4579 2341 4660 ἔοικεν,
2398 4582 2443 4635 ὦ
2499 4579 2744 4663 βασιλεῦ⁵
2804 4583 2903 4648 τῆς
2968 4583 3322 4663 εἰργασμένης
3381 4585 3686 4665 μιαιφονίας
3734 4586 3800 4641 τὸ

415 4674 526 4747 est,
557 4666 1027 4746 magnitudinem
1059 4690 1073 4727 :
1120 4687 1320 4751 neque
1360 4678 1493 4750 post
1515 4668 1710 4747 ipsum
1740 4666 2065 4729 iracundia;

412 4762 535 4818 tum
561 4757 761 4833 finem,
796 4757 1028 4820 ratione
1072 4759 1397 4838 cognovisti
1420 4758 1601 4835 quale
1624 4755 1853 4819 facinus
1885 4775 2065 4819 ausus

411 4846 625 4911 fueris.
657 4845 972 4910 Enimvero
1006 4857 1064 4911 te
1094 4849 1348 4910 fortasse
1401 4867 1523 4909 non
1556 4846 1700 4907 sinit
1739 4847 2066 4929 imperialis

416 4938 681 5017 potentia
723 4940 952 5002 crimen
990 4957 1378 5021 cognoscere,
1412 4936 1517 4999 sed
1564 4936 1781 4999 rationi
1832 4937 2067 5018 objecta

412 5027 785 5092 auctoritatis
846 5031 1048 5091 lumen
1100 5028 1338 5093 adimit.
1399 5030 1827 5093 Verumtamen
1856 5036 2068 5090 natura

416 5134 673 5182 necesse
702 5130 795 5183 est
824 5117 1041 5181 habeat
1093 5118 1224 5199 ipsa
1266 5135 1330 5179 se
1364 5126 1766 5198 perspectam,
1803 5126 1860 5180 et
1889 5118 2063 5181 simul

417 5217 539 5269 tum
572 5210 727 5289 quod
763 5210 922 5271 inest
952 5208 1039 5269 illi
1075 5206 1340 5269 mortalis
1365 5225 1433 5269 ac
1457 5208 1598 5270 ﬂuxi
1626 5217 1745 5269 tum
1780 5210 2062 5288 progeni-

416 5298 631 5361 tricem
659 5299 823 5361 illam
853 5297 1289 5379 glebam,unde
1308 5297 1449 5359 facti
1474 5308 1771 5376 sumus,et
1796 5299 1857 5359 in
1881 5317 2059 5379 quam

417 5387 798 5451 dissolvimur
829 5386 845 5450 ἑ
880 5405 1000 5449 non
1045 5403 1184 5449 vero
1239 5405 1515 5469 purpura;
1573 5389 1720 5451 ﬂore
1749 5387 2056 5466 fascinata,

416 5478 610 5559 operti
632 5477 904 5557 corporis
935 5478 1206 5556 ignorare
1236 5477 1420 5542 debet
1452 5477 2057 5543 infirmitatem.Sub-

414 5566 557 5629 ditis
587 5567 687 5647 qui
708 5567 919 5630 eadem
975 5578 1175 5631 tecum
1204 5576 1411 5632 natura
1440 5576 1738 5646 constant,
1771 5569 2055 5650 imperas,

416 5674 453 5725 0
482 5674 610 5736 rex,
642 5657 764 5720 imo
796 5658 972 5723 etiam
1007 5659 1310 5725 conservis
1359 5659 1475 5725 tuis
1505 5682 1523 5737 ;
1562 5678 1716 5723 unus
1744 5658 1902 5723 enim
1930 5660 2054 5726 Do-

2146 4669 2393 4748 μεγέθος,
2427 4669 2542 4727 οὐδὲ
2586 4673 2723 4747 μετά
2781 4672 2882 4739 τὴν
2940 4681 3033 4730 τοῦ
3059 4677 3226 4749 θυμοῦ
3268 4672 3420 4741 λῆξιν
3474 4676 3501 4730 ὁ
3531 4672 3798 4753 λογισμὸς

2147 4852 2183 4920 ἠ
2213 4850 2486 4910 δυναστεία
2538 4851 2826 4930 ἐπιγνῶναι
2883 4853 2983 4921 τὴν
3031 4854 3318 4934 ἁμαρτίαι,
3383 4850 3506 4911 ἀλλ’
3561 4856 3796 4932 ἔπιπροο

2149 4945 2265 4998 σθεϊ
2320 4943 2355 5010 ἡ
2413 4940 2619 5007 ἐξουσία
2684 4949 2756 5017 τῷ
2814 4941 3081 5021 λογισμῷ,
3126 4944 3236 5023 Χρὴ
3283 4943 3464 5020 μέντοι
3512 4945 3613 5012 τὴν
3642 4946 3796 5026 φύσιν

2148 5029 2363 5103 εἰδέναι,
2422 5031 2518 5089 καί
2559 5032 2621 5088 τὸ
2651 5031 2851 5099 ταύτης
2901 5034 3096 5100 θνητόν
3137 5055 3195 5091 τε
3239 5036 3330 5092 καὶ
3385 5032 3642 5115 διαρρέον,
3706 5036 3800 5095 καὶ

2146 5124 2237 5178 τὸν
2284 5120 2547 5200 πρόγονον
2590 5131 2727 5201 χοῦν
2786 5119 2837 5187 ἐξ
2870 5120 2930 5178 οὗ
2960 5123 3258 5203 γεγόναμεν
3285 5124 3373 5181 καὶ
3404 5125 3479 5189 εἰς
3512 5125 3571 5181 ὃν
3617 5122 3795 5204 ἀποῤ-

2144 5212 2355 5290 ῥέομεν,
2422 5212 2503 5267 (al
2559 5214 2637 5286 μὴ
2666 5215 2743 5286 τῷ
2786 5211 2927 5270 ἄνθει
2977 5216 3078 5282 τῆς
3127 5213 3433 5295 ἀλουργίδος
3488 5210 3795 5272 ἀποϐουκο-

2145 5300 2436 5382 λουμένην,
2475 5300 2711 5382 ἀγνοεῖν
2762 5309 2857 5359 τοῦ
2915 5301 3322 5379 καλυπτομένου
3382 5304 3632 5380 σώματος
3692 5305 3794 5372 τὴν

2143 5390 2433 5452 ἆοθένειαν.
2471 5381 2748 5472 Ὀμοφυῶν
2780 5392 2997 5474 ἄρχεις,
3039 5395 3085 5448 ὦ
3129 5394 3369 5473 βασιλεῦ,
3425 5396 3515 5453 καὶ
3562 5394 3675 5472 μὴν
3729 5393 3797 5463 δὴ

2142 5482 2230 5539 καὶ
2286 5478 2590 5555 ὁμοδούλων
2624 5501 2638 5516 ο
2702 5483 2787 5548 εἷς
2837 5485 2939 5562 γὰρ
2984 5484 3198 5541 πάντων
3227 5482 3493 5554 δεσπότης
3524 5486 3612 5542 καὶ
3640 5485 3797 5563 βασι-

2141 5570 2261 5636 λεὺς
2306 5573 2333 5628 ὁ
2391 5577 2498 5629 τῶν
2555 5570 2697 5630 ὅλων
2755 5572 3107 5655 δημιουργός.
3154 5576 3336 5642 Ποίοις
3387 5577 3560 5635 τοίνυν
3587 5577 3793 5650 ὀφθαλ-

2139 5674 2269 5742 μοῖς
2299 5660 2450 5739 ὄψεις
2492 5662 2584 5722 τὸν
2627 5668 2721 5722 τοῦ
2761 5673 2941 5724 κοινοῦ
2991 5665 3263 5725 Δεσπότου
3306 5667 3439 5725 νεών
3479 5686 3496 5745 ;
3529 5668 3706 5736 Ποίοις
3737 5667 3791 5730 δὲ
