4066 6406
252 342 370 414 873

251 496 374 553 ποσὶ
416 497 477 553 τὸ
520 494 710 576 ἔδαφος
756 495 932 552 ἐκεῖνο
974 498 1232 567 πατήσεις
1295 499 1357 554 τὸ
1416 498 1569 576 ἅγιον
1604 513 1618 571 ;

251 587 345 647 τὰς
377 597 571 667 χεῖρας
602 586 851 648 ἐκτενεῖς
886 588 1081 663 θερμοῦ
1127 584 1203 641 ἔτι
1262 588 1555 658 σταζούσας
1616 588 1841 662 αἰματος
1878 606 1893 664 ;

250 674 321 731 ’Ἥ
380 683 497 740 πῶς
549 677 819 740 τοιαύταις
872 673 1098 753 ὑποδέξῃ
1151 678 1308 756 χερσὶ
1349 687 1443 737 τοῦ
1504 678 1775 735 Δεσπότου
1837 680 1898 735 τὸ

252 765 508 842 πανάγιον
565 772 723 841 σῶμα
758 789 773 838 ;
824 766 942 828 Πῶς
1003 763 1057 820 δὲ
1115 766 1201 821 καὶ
1230 773 1306 828 τῷ
1335 767 1561 842 στόματι
1593 768 1897 835 προσοίσεις

247 856 308 911 τὸ
353 855 495 927 αἷμα
550 857 611 912 τὸ
643 856 841 934 τίμιον,
876 852 1140 911 tertii-cm:
1173 853 1257 912 διὰ
1304 858 1393 913 τὸν
1440 860 1604 932 θυμὸν
1661 857 1897 935 παρανό-

248 965 362 1016 μως
396 945 538 1019 αἷμα
584 945 781 1025 ἐκχέας
819 963 834 1019 ;
871 945 1056 1001 ’Ἄπιθι
1085 944 1279 1026 τοίνυν,
1310 949 1397 1004 καὶ
1428 948 1506 1022 μὴ
1560 968 1727 1026 πειριυ
1778 961 1896 1011 τοῖς

246 1030 504 1112 δευτέροις
570 1035 667 1102 τὴν
740 1033 1002 1110 προτέραν
1055 1033 1228 1101 αὔξειν
1279 1038 1633 1115 παρανομίαν,
1688 1036 1785 1091 καί
1814 1036 1897 1093 δέ-

243 1145 349 1202 χου
404 1126 494 1181 τὸν
525 1121 715 1199 δεσμὸν
749 1125 794 1200 ᾦ
826 1126 956 1189 Θεὸς
1007 1126 1035 1181 6
1065 1132 1169 1181 τῶν
1209 1125 1348 1183 ὅλων
1387 1128 1665 1193 Δεσπότης
1698 1125 1894 1184 ἄνωθεν

245 1212 441 1290 γίνεται
501 1218 814 1295 σύμψηφος.
875 1215 1133 1293 Ἰατρικὸς
1194 1214 1249 1271 δὲ
1326 1219 1476 1280 οὗτος
1536 1218 1624 1272 καὶ
1694 1218 1892 1292 ὑγιείας

245 1323 328 1359 σοι
386 1302 662 1383 πρόξενος,
709 1306 753 1361 εἶ
784 1307 861 1379 μή
894 1326 997 1364 που
1049 1304 1375 1383 ἀθεράπευτα
1426 1307 1662 1387 πάσχειν
1724 1329 1895 1384 προῃ-

247 1393 419 1462 ρήσω,

1581 360 1768 424 VITA
1814 362 1874 425 S.
1922 365 2308 429 AMBROSII.

3513 380 3634 447 8⁸74

1605 513 1621 571 ;
1669 504 1790 561 Πῶς
1848 496 1902 555 δὲ
1926 496 1967 558 ὅ
1989 501 2187 563 minus
2208 511 2266 563 et
2301 521 2402 566 rex
2426 505 2693 568 omnium
2720 516 2832 590 est,
2867 511 3135 575 omnium
3157 513 3433 580 videlicet
3459 534 3635 580 crea-

1982 590 2330 664 tor.Quibus
2355 611 2495 673 ergo
2519 597 2706 658 oculis
2725 603 3063 664 communis
3080 603 3315 667 Domini
3347 607 3637 687 templum

1981 681 2300 762 adspicies,
2359 683 2645 778 quibusve
2699 688 2954 767 pedibus
3004 703 3273 756 sanctum
3327 695 3441 758 hoc
3471 681 3640 778 pavi-

1984 784 2250 833 mentum
2277 774 2565 852 premes?
2614 779 2914 857 quomodo
2952 791 3149 843 autem
3178 802 3388 847 manus
3417 774 3638 850 citen-

1983 860 2336 934 des,calenti
2360 864 2554 926 adhuc
2578 868 2864 946 sanguine
2887 869 3312 950 stillantes,aut
3336 876 3637 953 quomodo

1980 953 2191 1010 talibus
2220 956 2482 1011 manibus
2506 961 2758 1029 excipies
2784 974 3213 1022 sacrosanctum
3247 964 3476 1025 Domini
3501 983 3638 1027 cor-

1982 1057 2114 1115 pus,
2147 1048 2201 1099 et
2225 1056 2311 1100 orn
2340 1041 2516 1102 etiam
2544 1043 2864 1121 pretiosum
2889 1048 3239 1126 sanguinem
3263 1050 3633 1138 admovebis,

1980 1147 2112 1189 cum
2139 1146 2244 1208 per
2265 1129 2367 1190 iras
2394 1130 2802 1210 impotentiam
2831 1144 3057 1197 tantum
3093 1138 3397 1218 sanguinis
3428 1129 3636 1204 contra

1974 1217 2072 1294 jus
2101 1236 2278 1309 omne
2308 1237 2377 1282 ac
2408 1220 2497 1281 fas
2528 1222 2859 1284 effuderis?
2887 1224 3164 1288 Abscede
3192 1217 3394 1309 igitur,
3448 1239 3507 1293 et
3551 1248 3629 1293 ne

1980 1306 2344 1397 aggrediaris
2370 1311 2632 1387 priorem
2668 1313 2899 1393 culpam
2925 1317 3190 1378 secunda
3211 1306 3543 1397 cumulare;
3574 1329 3633 1383 et

1984 1396 2369 1486 excipeillud
2420 1399 2721 1461 vinculum
2770 1405 2927 1483 quod
2980 1405 3211 1466 caelitus
3263 1407 3494 1486 judicio
3523 1396 3631 1472 Suo

252 1481 853 1545 Deusuniversorum
907 1481 1195 1544 Dominus
1229 1482 1697 1546 conﬁrmat.Erit
1725 1492 1921 1546 autem
1976 1485 2122 1546 illud
2157 1485 2263 1547 tibi
2298 1488 2678 1570 medicinale,
2715 1481 3083 1556 acvsanitatis
3111 1481 3483 1579 conciliator,
3519 1498 3635 1564 nisi

249 1572 402 1633 forte
431 1570 769 1635 insanabile
799 1573 1012 1634 vulnus
1041 1573 1272 1654 perpeti
1303 1573 1580 1652 elegeris.

334 1660 465 1721 KA’.
528 1663 746 1726 Τούτοις
806 1663 948 1728 εἴξας
1009 1664 1037 1719 6
1096 1663 1344 1739 βασιλεὺς
1396 1679 1513 1728 τοῖς
1546 1663 1727 1743 λόγοις
1761 1668 1900 1742 (τοῖς

247 1754 349 1831 γὰρ
393 1752 556 1814 θείοις
616 1753 801 1822 νόμοις
861 1752 1279 1831 ἐκτεθραμμένος
1310 1754 1384 1810 ὢν
1415 1752 1529 1831 ᾔδει
1574 1755 1755 1833 σαφῶς
1787 1756 1902 1811 τίνα

247 1844 347 1919 μὲν
405 1847 516 1898 τῶν
575 1843 782 1922 ἱερέων,
835 1846 953 1899 τίνα
993 1840 1048 1898 δὲ
1080 1849 1185 1899 τῶν
1216 1843 1478 1921 βασιλέων
1509 1842 1668 1921 ἴδια),
1705 1844 1901 1900 στένων

244 1934 379 2005 ὁμοῦ
434 1933 523 1988 καὶ
552 1930 791 2008 δακρύων
821 1931 1118 1998 ἐπανῆλθεν
1164 1934 1237 1997 εἰς
1269 1934 1334 1989 τὰ
1381 1931 1647 2010 βασίλεια,
1680 1931 1901 2011 Ὀγδόου

242 2020 293 2078 δὲ
350 2020 705 2097 παρελθόντος
751 2021 802 2087 ἐξ
832 2021 1032 2079 ἐκείνου
1063 2024 1233 2096 μηνὸς
1284 2022 1383 2090 ἧκε
1417 2023 1511 2097 μὲν
1563 2022 1599 2091 ἦ
1648 2024 1741 2078 τοῦ
1772 2030 1897 2079 Σω-

240 2113 403 2190 τῆρος
456 2111 615 2181 ἡμῶν
659 2110 928 2188 γενέθλιος
963 2112 1118 2189 ἑορτή
1147 2129 1163 2144 ⁶
1221 2115 1459 2178 καθῆστο
1491 2111 1544 2167 δὲ
1600 2113 1731 2191 πρὸς
1776 2126 1897 2177 τοῖς

239 2199 532 2276 βασιλείοις
576 2201 840 2277 βαρύτατα
898 2205 1105 2257 πενθῶν
1163 2200 1466 2267 Θεοδόσιος.
1531 2209 1695 2259 Τοῦτο
1745 2203 1897 2259 Ῥου-

240 2303 395 2369 φϊνος
430 2312 512 2352 τις
558 2290 849 2367 μάγιστρος
908 2297 1199 2357 τηνικαῦτα
1249 2290 1392 2363 ἰδὼν,
1445 2290 1751 2369 προσελθὼν
1801 2293 1897 2349 οἶα

243 2379 313 2445 δὴ
360 2381 597 2459 χρηστὸς
659 2383 803 2454 αὐτῷ
859 2381 954 2436 καί
1016 2382 1247 2449 συνήθης
1307 2380 1621 2438 ἐπυνθάνετο
1669 2381 1768 2449 τὴν
1810 2385 1896 2438 αἱ·

248 2470 390 2526 τίαν.
437 2462 493 2526 Ὀ
548 2468 603 2524 δὲ
648 2471 843 2547 πικρὸν
902 2467 1202 2544 ἀνοιμώξας
1251 2472 1341 2527 καὶ
1387 2473 1701 2549 θερμότερον
1758 2494 1894 2549 προ-

253 2560 386 2639 χὲας
420 2561 477 2615 τὸ
506 2557 748 2637 δάκρυον.
786 2559 857 2614 Σὺ
889 2559 1013 2633 μὲν,
1069 2559 1115 2614 ὦ
1162 2557 1427 2639 Ῥουφτνε,
1484 2564 1709 2634 παίζεις,
1768 2560 1895 2641 ἔφη,

248 2654 359 2704 τῶν
388 2649 487 2727 γὰρ
545 2649 690 2723 ἐμῶν
748 2650 845 2705 οὒκ
892 2649 1186 2725 ὲπαισθανῃ
1245 2656 1426 2705 κακῶν
1461 2667 1474 2680 ·
1509 2650 1616 2728 ἐγὼ
1643 2649 1698 2705 δὲ
1731 2651 1900 2707 στένω

2063 1663 2210 1726 XXI.
2246 1668 2579 1748 Imperator
2630 1687 2847 1749 parens
2894 1669 2989 1733 his
3039 1674 3422 1738 sermonibus
3474 1677 3631 1757 (nam

1984 1772 2118 1815 cum
2143 1774 2176 1816 a
2202 1774 2389 1835 puero
2417 1757 2475 1818 in
2506 1757 2739 1838 legibus
2765 1759 2981 1822 divinis
3004 1771 3163 1825 esset
3183 1765 3637 1849 educatus,qum

1982 1844 2054 1904 ad
2088 1845 2430 1908 sacerdotes
2453 1848 3051 1930 pertinerent,quaeve
3073 1853 3144 1914 ad
3168 1872 3363 1933 reges,
3397 1844 3635 1938 perspi-

1982 1951 2085 2018 cue
2107 1940 2641 2018 noverat),gemitus
2663 1956 2728 1997 ac
2753 1940 3034 2014 lacrymas
3061 1945 3232 2002 simul
3253 1949 3631 2018 profundens,

1981 2016 2041 2077 in
2078 2016 2358 2097 palatium
2418 2037 2484 2080 se
2542 2019 2777 2099 recipit.
2816 2020 3033 2085 Octavo
3079 2016 3281 2088 autem
3320 2046 3528 2092 mense
3556 2016 3630 2092 ab

1982 2106 2124 2167 hinc
2155 2107 2553 2188 elapso,venit
2582 2110 2831 2187 quidem
2863 2113 3183 2177 Salvatoris
3213 2118 3402 2179 nostri
3434 2120 3630 2182 natale

1981 2196 2220 2271 festum,
2249 2198 2621 2261 Theodosius
2671 2218 2813 2262 vero
2841 2201 2900 2263 in
2937 2203 3101 2283 regia
3132 2205 3349 2267 sedens
3373 2209 3629 2271 amaris-

1982 2286 2135 2378 sime
2157 2287 2430 2378 ﬁebﬁatJd
2462 2290 2710 2351 Ruﬁnus
2737 2292 2978 2372 quidam
3014 2303 3153 2357 tunc
3175 2297 3467 2378 temporis
3496 2316 3625 2360 ma-

1981 2375 2163 2454 gister
2195 2377 2394 2455 palatii
2428 2397 2564 2440 cum
2614 2379 2989 2459 pervidisset,
3024 2384 3098 2445 ad
3137 2402 3273 2446 eum
3300 2375 3627 2465 accedens,

1983 2465 2161 2525 homo
2184 2466 2459 2529 videlicet
2479 2468 2722 2530 domino
2749 2470 2916 2532 utilis
2941 2490 3009 2534 ac
3032 2473 3366 2552 familiaris,
3392 2494 3630 2540 causam

1980 2553 2250 2631 rogabat.
2282 2555 2429 2618 Tum
2465 2573 2608 2619 vero
2641 2558 2740 2620 ille
2769 2560 2986 2624 acerbe
3009 2573 3348 2641 gemens,et
3374 2566 3633 2629 calidio-

1979 2643 2155 2735 ribus
2179 2662 2424 2735 manans
2481 2647 2765 2709 ﬂetibus:
2812 2647 2905 2712 Tu
2956 2651 3223 2732 quidem,
3257 2653 3474 2735 inquit,
3531 2654 3632 2717 ln-

246 2740 337 2795 καὶ
396 2739 745 2818 ὀλοφύρομαι,
802 2739 902 2805 τὴν
958 2737 1190 2813 ἐμαυτοῦ
1265 2741 1534 2820 συμφορὰν
1589 2738 1899 2818 ἀναλογιζό-

1990 2731 2095 2807 dis,
2121 2731 2358 2809 Ruﬁne;
2385 2754 2516 2798 mea
2540 2738 2699 2798 enim
2724 2738 2879 2801 mala
2900 2731 3016 2802 non
3039 2742 3251 2805 sentis.
3284 2731 3407 2822 Ego
3435 2754 3631 2808 autem

248 2850 437 2908 μενος,
501 2828 646 2890 ὅπως
705 2839 822 2891 τοῖς
884 2828 984 2903 μὲν
1019 2827 1249 2890 οἰκέταις
1294 2832 1381 2884 καὶ
1414 2843 1532 2893 τοῖς
1589 2832 1899 2908 προσαίταις

1990 2840 2155 2901 gemo
2175 2831 2355 2903 atque
2375 2824 2622 2904 deploro
2639 2845 2829 2888 meam
2849 2829 3036 2909 ipsius
3057 2831 3630 2914 calamitatem,dum

244 2920 511 2993 ἔινεῲκται
571 2919 599 2973 6
656 2921 801 2980 θεῖος
862 2919 1017 2989 νεὼς,
1078 2920 1167 2974 καὶ
1198 2919 1423 2974 εἰσίασιν
1467 2918 1655 2992 ἀδεῶς,
1688 2920 1898 2975 καὶτὸν

1990 2930 2221 2973 mecum
2247 2924 2456 2992 reputo
2482 2914 2744 2977 divinum
2773 2919 3055 2998 templum
3081 2919 3320 2983 famulis
3343 2923 3520 2983 etiam
3544 2934 3634 2985 at-

244 3012 452 3066 οἰκεῖον
525 3006 858 3065 ἀντιϐολοὺσι
921 3009 1202 3074 Δεσπότην
1234 3025 1250 3040 ⁵
1311 3007 1429 3082 ἐμοὶ
1486 3006 1540 3063 δὲ
1595 3009 1681 3065 καὶ
1744 3008 1901 3072 αὖτὸς

1990 3020 2100 3082 que
2127 3003 2418 3065 mendicis
2444 3016 2713 3085 apertum
2739 3008 3358 3093 esse,ingressumque
3380 3012 3522 3076 illuc
3545 3023 3632 3077 tu-

245 3098 466 3179 ἅϐατος,
528 3100 789 3175 καὶπρὸς
842 3104 997 3154 τοῦτο
1056 3098 1084 3154 6
1144 3097 1364 3177 οὗρᾳνὸς
1440 3097 1898 3156 ἂποοιὲκλεισταιο

1990 3101 2106 3153 tum
2128 3112 2195 3155 ac
2220 3093 2476 3156 liberum
2507 3104 2707 3175 patere
2731 3096 2868 3172 illis,
2908 3107 2968 3159 ut
2987 3098 3286 3180 proprium
3310 3100 3627 3165 Dominum

245 3190 521 3265 μέμνηται
583 3190 683 3267 γὰρ
727 3193 824 3255 τῆς
859 3189 1192 3254 Δεσποτικῆς
1251 3193 1458 3268 φωνῆς,
1529 3211 1556 3243 ιι
1603 3187 1673 3245 "0
1714 3187 1775 3243 ἂν
1808 3186 1898 3257 δή·

1990 3184 2101 3259 ipsi
2134 3185 2488 3246 conveniant
2526 3205 2540 3246 :
2577 3185 2722 3247 mihi
2749 3198 2947 3249 autem
2974 3189 3086 3249 hoc
3111 3189 3267 3252 inter
3292 3190 3534 3275 dicitur,
3569 3201 3632 3256 et

242 3301 400 3353 σητε,
454 3304 481 3333 γε
546 3276 833 3356 λεγούσης,
876 3278 1016 3336 (ἐπὶ
1073 3281 1171 3344 τῆς
1231 3277 1354 3359 γῆς,
1419 3277 1568 3335 ἔσται
1623 3276 1898 3355 δεδεμένον

1990 3282 2269 3354 praeterea
2298 3274 2517 3335 cmlum
2573 3273 2748 3336 etiam
2804 3276 3195 3340 interclusum
3241 3288 3354 3346 est.
3387 3259 3635 3345 Memini

241 3372 333 3427 καὶ
376 3370 429 3427 ἐν
458 3381 576 3433 τοῖς
614 3371 882 3447 οὐρανοῖς,
924 3391 948 3422 n

328 3550 460 3612 KB’.
518 3546 577 3606 Ὀ
638 3546 694 3604 δὲ
758 3545 1036 3627 Ῥουφϊνος
1096 3548 1426 3627 ὑπουργῆσαι
1458 3551 1534 3621 τῷ
1576 3546 1793 3625 βασιλεῖ
1834 3548 1901 3604 τὰ

243 3642 379 3717 πρὸς
439 3638 720 3718 θεραπείαν
781 3637 1106 3714 βουλόμενος
1136 3639 1223 3693 καὶ
1284 3637 1441 3716 χάριν
1486 3637 1727 3714 εὔκαιρον
1785 3658 1898 3692 πα-

245 3742 507 3810 ρασχεῖν,
573 3734 910 3803 Δραμοῦμαι,
947 3748 994 3783 ει
1056 3749 1138 3783 σοι
1183 3725 1355 3797 δοκεῖ,
1390 3725 1514 3804 ἔφη,
1548 3727 1750 3782 καὶτὸν
1801 3726 1901 3803 ἆρ-

249 3819 446 3900 χιερέα
499 3818 666 3875 πείσω
722 3816 920 3897 πολλὰ⁷
981 3817 1161 3895 φησὶ,
1221 3815 1423 3883 δεηθεὶς
1485 3815 1641 3875 λῦσαί
1697 3836 1756 3871 σε
1798 3819 1904 3871 τῶν

251 3888 492 3985 ἴδεσίιῶν.
554 3905 706 3963 Ἀλλ’
737 3911 795 3966 οὗ
825 3888 1195 3980 πείσθῆσεται,
1231 3904 1329 3985 ἔφη
1386 3907 1414 3961 ὁ
1443 3905 1692 3982 βασιλεύς
1728 3921 1742 3938 ⁶
1779 3902 1906 3960 οῖδα

255 4002 361 4080 γὰρ
404 3999 518 4077 ἐγὼ
545 4002 647 4064 τῆς
678 3993 996 4074 ’Λμϐροσίου
1028 3998 1213 4075 ψήφου
1266 3998 1328 4052 τὸ
1387 3993 1585 4053 δίκαιον
1615 4015 1629 4030 ·
1692 3994 1751 4051 οὗ
1806 3994 1907 4072 γὰρ

255 4091 511 4155 αἰδεσθεὶς
542 4095 641 4157 τῆς
698 4088 968 4166 βασιλείας
1025 4094 1125 4156 τὴν
1184 4087 1416 4154 ἐξουσίαν
1473 4089 1564 4144 τὸν
1612 4091 1759 4144 θετον
1807 4108 1908 4142 πα-

254 4180 550 4262 ραϐήσεται
581 4200 711 4236 ποτε
744 4178 928 4254 νόμον.
981 4176 1203 4245 Ἐπειδή
1238 4175 1291 4233 δὲ
1345 4178 1440 4234 καὶ
1487 4175 1669 4239 ἄλλοις
1701 4177 1908 4233 πλείοσι

263 4271 612 4354 γρησᾰμενος
669 4269 697 4325 6
759 4267 1038 4349 Ῥουφϊνος
1087 4267 1265 4347 λόγοις
1294 4268 1495 4324 πείσειν
1522 4266 1788 4347 ὑπέσχετο
1818 4266 1908 4321 τὸν

254 4345 829 4442 ίίέγανλΛμϐρόσιον,
889 4345 1143 4415 ἆπελθεῖν
1168 4345 1174 4347 Ἴ
1202 4359 1355 4414 αὐτὸν
1388 4358 1416 4413 6
1467 4345 1713 4434 βασιλεὺς
1772 4356 1908 4412 κατὰ

250 4456 432 4535 τάχος
477 4449 710 4525 ἐκέλευε,
769 4450 857 4506 καὶ
900 4448 1057 4510 etB-ch:
1101 4447 1156 4504 δὲ
1197 4449 1298 4505 ὑπὸ
1326 4447 1425 4516 τῆς
1456 4445 1664 4510 ἐλπίδος
1716 4443 1904 4501 δελεα-

250 4548 395 4610 σθεὶς
453 4540 781 4610 ἠκολούθησε
831 4540 968 4615 μετὰ
1026 4539 1203 4619 βραχὺ
1262 4551 1382 4603 ταῖς
1440 4536 1768 4617 ὑποσχέσεσι
1816 4538 1910 4591 τοῦ

249 4634 531 4713 Ῥουφίνου
615 4632 926 4693 πιστεύσας,

250 4728 281 4784 ὁ
312 4730 463 4788 θεῖος
503 4718 847 4799 Ἀμϐρόσιος,
889 4742 917 4775 ι
953 4719 1060 4787 Τὴν
1090 4725 1199 4776 τῶν
1228 4724 1425 4791 κυνῶν,
1458 4716 1585 4796 ἔφη,
1620 4714 1908 4795 ἂναίδειαν,

249 4817 300 4874 ὦ
331 4804 601 4895 Ῥουφτνε,
642 4810 859 4884 ζηλοῖς,
893 4812 983 4867 καὶ
1045 4809 1164 4866 οὔτε
1224 4808 1483 4888 ἐρυθριᾷς,
1533 4808 1653 4863 οὔτε
1698 4805 1908 4895 δέδιας,

252 4893 512 4965 τοσοῦτον
541 4902 677 4959 κατὰ
704 4905 804 4969 τῆς
834 4901 976 4965 θείας
1007 4898 1273 4969 λδττήσας
1330 4897 1534 4958 εἰκόνος
1572 4914 1590 4972 ;
1629 4920 1652 4953 ι
1690 4893 1910 4963 Ἐπειδὴ

254 4997 315 5056 δὲ
375 4998 406 5053 6
464 4995 749 5074 Ῥουφῐνος
793 4988 1088 5065 ἠντιϐόλει,
1142 4990 1230 5046 καὶ
1259 4990 1351 5046 τὸν
1380 4987 1605 5065 βασιλέα
1662 4987 1796 5061 μετὰ
1826 5008 1915 5061 μι-

259 5089 390 5162 χρόν
419 5083 563 5154 ἥξειν
592 5082 797 5162 ἔλεγεν,
829 5081 930 5137 ὕπὸ
959 5088 1053 5137 τοῦ
1082 5080 1221 5137 θείου
1269 5077 1434 5150 ζήλου
1486 5075 1854 5155 πυρποληθείς
1886 5076 1913 5132 ὀ

257 5184 412 5243 θεῖος
472 5171 819 5250 Ἀμϐρόσιος,
864 5193 886 5226 ι
924 5169 1092 5251 Ἐγὼ³
1123 5169 1249 5250 ἔφη,
1286 5171 1331 5223 ὦ
1359 5167 1627 5247 Ῥουφϊνε,
1653 5167 1796 5248 φημί
1834 5165 1914 5222 ὅτι

258 5268 491 5327 κωλύσω
549 5269 656 5321 τῶν
716 5259 872 5342 ἱερῶν
916 5260 1074 5317 αὐτὸν
1153 5255 1402 5325 ἐπιϐῆναι
1434 5257 1703 5335 προθύρων
1738 5275 1753 5290 ⁸
1789 5257 1832 5312 εἰ
1862 5254 1917 5311 δέ

260 5381 324 5441 γε
382 5360 457 5423 εἷς
514 5350 793 5434 τυραννίδα
840 5351 938 5419 τὴν
1012 5348 1285 5428 βασιλείαν
1342 5347 1646 5428 μεθίστησι,
1704 5343 1916 5422 δέξομαι

260 5450 415 5530 κάγὼ
447 5443 567 5524 μεθ’
601 5442 801 5511 ἡδονῆς
832 5442 929 5530 τὴν
962 5441 1262 5530 σφαγήν.)

1981 3367 2193 3438 quippe
2214 3367 2529 3424 Dominicae
2552 3368 2847 3441 vocis,qua
2870 3372 3280 3443 promulgatur:
3307 3373 3635 3447 «Quidquid

1983 3450 2303 3530 ligaveritis
2320 3470 2501 3531 super
2524 3456 2898 3530 terram,erit
2920 3455 3163 3532 ligatum
3196 3458 3343 3521 etin
3378 3460 3568 3522 cmlis.
3603 3480 3633 3520 ε

2064 3540 2239 3605 XXII.
2282 3540 2534 3603 Ruﬁnus
2567 3561 2705 3605 vero
2757 3545 3112 3608 medicinam
3138 3549 3263 3627 regi
3297 3548 3636 3614 ministrare

1986 3630 2219 3711 volens,
2251 3649 2320 3692 ac
2353 3633 2770 3712 tempestivum
2806 3635 3163 3697 beneﬁcium
3200 3637 3286 3698 illi
3319 3638 3588 3720 praebere
3616 3657 3631 3704 :

1985 3718 2254 3799 Curram,
2291 3720 2505 3801 inquit.
2542 3722 2592 3782 si
2624 3722 2731 3783 tibi
2766 3723 3047 3802 placet,et
3077 3718 3359 3807 episcopo
3392 3727 3453 3789 id
3493 3746 3636 3808 per-

1987 3810 2250 3871 suadebo
2278 3810 2481 3870 multis
2513 3812 2888 3890 precibus,ut
2926 3822 2983 3875 te
3013 3833 3045 3874 a
3077 3816 3330 3877 vinculis
3361 3816 3491 3878 istis
3520 3817 3634 3878 ab-

1988 3900 2195 3960 solvat.
2226 3897 2342 3960 Sed
2379 3918 2496 3960 non
2530 3900 2631 3961 ille
2664 3902 3233 3981 persuadebitur,ait
3262 3905 3629 3986 imperator;

1990 4007 2166 4070 quam
2198 3988 2357 4049 enim
2388 3991 2609 4066 justum
2670 3989 2973 4052 Ambrosii
2999 3993 3293 4072 judicium
3329 3997 3430 4076 sit,
3463 4015 3638 4057 com-

1992 4087 2223 4158 pertum
2249 4078 2460 4169 habeo.
2488 4077 2609 4141 Nec
2649 4098 2823 4160 porro
2849 4081 2950 4143 ille
2980 4101 3246 4163 unquam
3278 4087 3636 4169 committet,

1990 4176 2056 4229 ut
2099 4168 2423 4247 imperialis
2481 4170 2760 4249 potentiae
2811 4181 3088 4251 respectu
3147 4174 3406 4237 divinam
3444 4175 3633 4256 legem

1993 4257 2482 4337 transgrediatur.
2522 4263 2594 4321 At
2624 4268 3004 4341 posteaquam
3050 4262 3333 4324 adhibitis
3365 4264 3639 4345 pluribus

1991 4348 2122 4409 aliis
2148 4347 2758 4421 rationibus,Ruﬁuus
2779 4351 3159 4430 promittebat
3181 4371 3215 4414 a
3246 4371 3459 4432 magno
3483 4356 3639 4417 Am-

1992 4438 2196 4501 brosio
2225 4456 2351 4500 rem
2402 4458 2467 4499 se
2529 4439 2685 4500 haud
2750 4440 2928 4502 dubie
2958 4444 3431 4523 impetraturum.
3459 4444 3642 4525 jussit

1992 4530 2318 4609 imperator
2339 4547 2511 4610 quam
2537 4528 2829 4592 citissime
2855 4530 3019 4592 illum
3053 4531 3240 4594 abire.
3276 4532 3410 4614 Ipse
3441 4543 3638 4597 autem

1019 4630 1213 4688 Αὐτίκα
1299 4634 1424 4707 γοῦν
1480 4629 1571 4684 τὸν
1630 4624 1902 4705 Ῥουφῖνον

1993 4638 2098 4699 spe
2121 4620 2440 4693 inescatus,
2475 4627 2605 4699 post
2637 4639 2758 4681 non
2794 4621 3042 4683 multum
3079 4626 3368 4707 temporis
3398 4632 3643 4687 secutus

1994 4718 2109 4783 est,
2144 4710 2334 4789 utqui
2365 4711 2559 4770 Rulini
2596 4711 3094 4789 promissionibus
3130 4706 3308 4775 ﬁdem
3362 4713 3640 4778 haberet.

1994 4798 2319 4863 Confestim
2349 4816 2490 4860 vero
2519 4799 2815 4862 allocutus
2868 4799 3151 4863 Ruﬁnum
3184 4804 3353 4865 divus
3382 4804 3643 4867 Ambro-

1994 4891 2119 4952 sius
2151 4906 2165 4951 :
2208 4911 2232 4946 α
2268 4887 2518 4963 Canum,
2545 4888 2761 4971 inquit,
2788 4891 3240 4970 impudentiam,
3267 4893 3647 4969 Ruﬁne,imi-

1995 4980 2162 5060 taris;
2189 4988 2246 5041 et
2269 4996 2463 5057 neque
2485 4978 2821 5056 erubescis,
2854 4999 3049 5061 neque
3084 4982 3479 5064 pertimescis,
3503 5001 3642 5045 cum

1998 5077 2157 5131 tanta
2176 5069 2340 5130 rabie
2361 5069 2641 5129 adversus
2664 5069 2979 5148 imaginem
3006 5069 3111 5132 Dei
3146 5072 3452 5136 saevieris?
3480 5096 3502 5131 ι
3529 5071 3643 5135 Ubi

1995 5177 2138 5221 vero
2170 5158 2380 5220 institit
2410 5160 2680 5235 Ruﬁnus,
2708 5168 2766 5221 et
2797 5161 3219 5241 imperatorem
3254 5162 3417 5224 brevi
3448 5163 3644 5242 spatio

1998 5249 2313 5330 interjecto
2369 5256 2681 5309 venturum
2736 5248 2905 5324 dixit,
2941 5250 3227 5314 incensus
3283 5252 3486 5315 divino
3515 5253 3645 5316 zelo

2000 5338 2240 5402 divinus
2273 5337 2623 5400 Ambrosius
2656 5356 2669 5398 :
2713 5362 2735 5395 α
2771 5338 2918 5422 Ego,
2954 5341 3212 5422 inquit,o
3250 5344 3647 5424 Ruﬁne,prte-

2000 5430 2134 5491 dico
2166 5445 2264 5491 me
2317 5427 2778 5508 prohibiturum,
2813 5448 2889 5492 ne
2948 5432 3039 5492 vel
3069 5429 3268 5511 ipsum
3303 5432 3509 5513 templi
3541 5449 3646 5494 ve-

258 5518 521 5603 sib'ulnm
572 5532 767 5596 calcet
798 5550 814 5589 :
848 5529 943 5593 sin
972 5518 1170 5591 autem
1204 5527 1254 5590 is
1289 5523 1514 5607 regiam
1555 5531 1907 5608 potestatem
1940 5524 2001 5587 in
2036 5518 2413 5601 tyrannidem
2458 5526 2669 5601 vertat,
2704 5536 2799 5619 me
2844 5537 3054 5584 necem
3086 5528 3475 5603 excepturum
3506 5536 3645 5584 cum

259 5631 588 5714 voluptate.
637 5647 659 5681 ι

713 5732 975 5794 Parnm.
1019 5729 1136 5793 Gn.
1181 5726 1392 5793 CXVI.

3168 5717 3246 5783 28
