4066 6406
294 369 406 438 881

1633 372 1822 437 VITA
1864 371 1924 434 S.
1957 370 2344 435 AMBROSII.

3555 384 3673 452 882

294 531 378 567 σιν
447 508 662 577 πάντως
715 512 750 581 ἡ
818 517 922 570 τῶν
979 509 1267 589 ἀνθρώπω)
1321 508 1768 589 δεδημιούργηται
1833 510 1935 593 φύ-

2025 509 2346 591 imaginem
2365 530 2433 576 ac
2449 512 2905 578 similitudinem
2926 515 3189 581 divinam
3208 517 3454 583 omnino
3477 519 3674 585 efficta

296 623 377 663 σις
413 620 429 636 ⁸
477 601 557 676 μὴ
600 602 770 659 τοὲνυν
812 601 975 676 ὠμῶς
1038 601 1175 659 οὕτω
1236 602 1324 658 ναὶ
1374 601 1597 668 ἀπηνῶς
1650 608 1742 658 τοῦ
1812 609 1935 659 Θεοῦ

2029 611 2159 677 est;
2195 601 2480 681 quocirca
2529 604 2654 667 noli
2688 613 2804 667 tam
2868 607 3198 671 crudeliter
3246 617 3423 691 alque
3452 610 3671 673 imma-

292 691 394 757 τὴν
454 690 633 748 εἰκόνα
689 691 869 748 κέλευε
916 692 1375 771 κατασφάττεσθαι
1412 706 1427 722 ’
1481 689 1785 770 παροξύνεις
1840 692 1942 771 γὰρ

293 778 432 837 οὕτω
474 782 566 836 τὸν
627 783 986 861 Δημιουργὸν,
1047 780 1146 850 τῆν
1206 781 1407 840 ἐκείνου
1463 779 1703 852 κολάζων
1737 780 1937 845 εἰκόνα.

293 870 581 937 Σκὸπησον
624 879 750 948 γοῦν
806 874 880 933 ὼς
935 872 1023 928 καὶ
1067 872 1128 927 σὺ
1184 869 1400 951 χαλκῆς
1454 870 1610 928 ἕνεκα
1652 869 1939 951 δυσχεραί-

293 981 398 1016 νων
456 962 657 1027 εἰκόνος
700 966 867 1018 ταῦτα
910 973 1108 1022 ποιεῖς.
1145 960 1310 1019 ’Ὅσον
1355 958 1411 1016 δὲ
1442 960 1539 1028 τῆς
1584 960 1796 1042 ἀψύχου
1828 959 1939 1018 δια·

291 1047 436 1128 φέρει
494 1051 528 1118 ἡ
582 1049 833 1130 ἔμψυχος
862 1050 952 1107 καὶ
994 1055 1139 1121 ζῶσα
1194 1050 1284 1106 καὶ
1334 1048 1555 1129 λογικὴ,
1584 1047 1744 1118 δῆλον
1774 1048 1938 1107 ἅπασι

289 1151 409 1201 τοῖς
466 1160 526 1195 τε
584 1147 701 1197 νοῦν
760 1139 976 1219 ἔχουσιν
1029 1139 1228 1215 ὁμοίως
1284 1139 1382 1197 καὶ
1410 1139 1684 1206 αἴσθησιν.
1720 1140 1855 1217 Πρὸς
1884 1139 1939 1195 δὲ

236 1254 253 1267 α
289 1229 495 1292 τούτοις
554 1229 854 1306 λογισάσθω
932 1231 1158 1287 κάκεῖνο
1196 1250 1209 1265 θ
1267 1231 1340 1295 ὡς
1399 1231 1537 1303 ἡμῖν
1597 1228 1694 1303 μὲν
1762 1227 1939 1308 ῥᾴδιον

288 1318 405 1374 ἀντὶ
464 1319 561 1386 τῆς
621 1319 822 1382 εἷκόνος
866 1316 1028 1386 τῆσδε
1086 1316 1288 1382 πολλὰς
1341 1317 1729 1396 δημιουργῆσαι
1789 1318 1938 1400 χαλ-

285 1414 384 1472 κᾶς
419 1426 438 1445 ⁶
504 1413 646 1484 αὒτῳ
702 1408 758 1466 δὲ
812 1416 1097 1490 προφανῶς
1155 1408 1407 1466 ἀδύνατον
1451 1408 1575 1486 μίαν
1642 1416 1761 1487 γοῦν
1836 1414 1939 1466 τῶν

286 1496 665 1572 ἀναιρεθέντων
708 1497 1102 1578 δημιουργῆσαι
1132 1499 1315 1579 τρίχα.

366 1767 500 1832 AB',
584 1769 796 1827 Τούτων
873 1766 1196 1832 ἀκούσαντες
1284 1771 1333 1824 οἱ
1388 1771 1679 1843 θαυμαστοὶ
1752 1765 1934 1843 ἅνδρες

2027 690 2190 753 niter
2228 691 2548 772 imaginem
2581 693 2690 757 Dei
2712 695 3109 777 jugulandam
3167 690 3538 780 praecipere;
3587 701 3674 763 sic

2024 780 2184 842 enim
2207 781 2279 843 ad
2311 781 2462 845 iram
2495 783 2762 846 concitas
2788 785 3126 868 Artiﬁcem,
3155 788 3299 850 dum
3331 789 3393 850 in
3424 790 3554 869 ejus
3580 789 3674 853 ef-

2023 869 2219 950 ﬁgiem
2252 872 2696 938 animadvertis.
2724 873 3039 957 Perpende
3063 875 3244 957 igitur
3271 878 3671 959 quemadmo-

2023 959 2162 1021 dum
2199 968 2259 1023 tu
2291 967 2420 1043 ipse
2452 972 2698 1045 propter
2718 964 2968 1043 ﬁguram
2992 983 3209 1028 aeream
3232 967 3490 1047 graviter
3509 986 3673 1030 com-

2025 1057 2221 1112 motus
2249 1051 2365 1114 ista
2392 1053 2689 1133 designas.
2720 1053 2950 1127 Quanto
2984 1064 3182 1118 autem
3211 1057 3405 1137 imago
3437 1059 3675 1138 spirans

2024 1147 2082 1201 et
2109 1140 2239 1202 viva
2300 1150 2357 1203 et
2407 1142 2715 1205 rationalis
2774 1143 2967 1226 potior
3021 1154 3134 1222 est,
3168 1164 3345 1227 quam
3378 1146 3667 1225 inanima,

2026 1230 2404 1311 perspicuum
2439 1241 2526 1293 est
2555 1233 2858 1309 omnibus,
2911 1236 3016 1312 qui
3073 1235 3316 1316 quidem
3370 1246 3571 1300 mente
3601 1256 3672 1299 ac

2023 1334 2202 1380 sensu
2235 1319 2358 1408 sint
2388 1321 2642 1402 praediti.
2681 1320 2976 1386 Praeterea
3006 1333 3066 1387 et
3106 1325 3223 1387 hoc
3251 1343 3455 1388 secum
3484 1344 3669 1408 repu-

2025 1415 2128 1482 tet,
2163 1407 2337 1471 nobis
2367 1410 2575 1488 utique
2600 1411 2941 1492 expeditum
2996 1430 3130 1476 esse
3176 1433 3283 1496 pro
3337 1423 3530 1478 statua
3560 1407 3674 1479 ista

2023 1497 2226 1578 plures
2245 1517 2432 1562 aereas
2455 1499 2600 1562 alias
2630 1501 2893 1564 conﬂare
2928 1523 2943 1561 :
2981 1502 3067 1564 illi
3098 1522 3131 1565 e
3160 1504 3459 1566 contrario
3492 1521 3671 1585 pror-

2018 1605 2119 1649 sus
2138 1587 2536 1668 impossibile,
2572 1591 2917 1673 eorum,qui
2939 1593 3137 1655 necati
3160 1601 3323 1675 sunt,
3357 1594 3456 1657 vel
3486 1613 3668 1657 unum

2017 1676 2243 1739 crinem
2280 1679 2636 1759 procudere.

2096 1764 2322 1831 XXXII.
2358 1765 2466 1831 His
2517 1769 2761 1851 auditis,
2794 1769 3181 1834 admirabiles
3233 1771 3322 1834 illi
3372 1773 3483 1835 viri
3534 1792 3668 1856 quas

282 1856 508 1938 ἐκεῖνοι,
570 1859 827 1933 μηνύουσι
872 1864 949 1932 τῷ
993 1856 1213 1933 βασιλεῖ
1264 1859 1330 1915 τὰ
1381 1857 1634 1938 εἰρημένα
1676 1861 1773 1915 καὶ
1832 1857 1933 1925 τήν

2025 1856 2172 1951 dicta
2207 1858 2462 1934 fuerant,
2488 1859 3221 1951 significantimperatori
3254 1871 3314 1923 et
3344 1863 3672 1927 iracundiae

280 1957 374 2008 τοῦ
430 1951 596 2011 θυμοῦ
638 1946 963 2005 κατέσϐεσαν
1002 1947 1178 2027 φλόγα
1211 1963 1225 1978 ⁶
1261 1949 1333 2010 ὡς
1385 1948 1497 2004 ἀντὶ
1541 1969 1647 2004 των
1696 1945 1933 2005 ἀπειλῶν

2025 1947 2316 2010 ﬂammam
2348 1949 2776 2027 exstinguunt;
2840 1947 2924 2011 ita
2971 1957 3037 2011 ut
3092 1950 3386 2012 minarum
3415 1952 3667 2014 istarum

283 2039 503 2096 ἐκείνων
561 2036 856 2116 ἀπολογίαν
908 2059 967 2093 τε
1012 2039 1198 2095 αὐτίκα
1249 2038 1449 2116 γράψαι
1496 2036 1590 2093 καὶ
1639 2040 1738 2104 τῆς
1769 2038 1932 2115 ὀργῆς

2025 2036 2147 2099 loco
2178 2056 2354 2119 quam
2383 2039 2643 2119 primum
2677 2042 2769 2101 sui
2803 2038 3098 2102 scriberet
3127 2045 3673 2122 excusationem,et

284 2130 385 2196 τὴν
445 2128 616 2185 αἰτίαν
659 2124 919 2195 δηλῶσαι.
957 2129 1064 2187 ῡῦκ
1095 2125 1198 2183 ἔδει
1229 2130 1350 2206 γὰρ,
1389 2125 1515 2208 ἔφη,
1561 2130 1694 2202 ἒμοῦ
1735 2126 1928 2202 πλημ-

2025 2125 2117 2189 ira;
2144 2146 2267 2191 suae
2322 2148 2561 2192 causam
2623 2138 2976 2211 exponeret.
3031 2131 3165 2195 Non
3199 2129 3450 2193 decebat
3481 2135 3668 2208 enim,

284 2217 648 2298 μελῆσαν-«τος,
721 2231 952 2296 γυδαϊκα
1036 2217 1213 2284 πάσης
1300 2221 1559 2298 εὔφημίας
1631 2217 1930 2286 ἀξιωτάτην

2025 2217 2345 2298 inquiebat,
2376 2237 2472 2281 me
2501 2219 2919 2301 delinquente,
2948 2236 3200 2282 uxorem
3229 2238 3422 2282 meam
3455 2221 3674 2302 praedi-

282 2308 548 2374 τοσαύτην
608 2308 743 2382 μετὰ
815 2305 1079 2375 τελευτὴν
1137 2306 1379 2373 δέξασθαι
1449 2308 1767 2386 παροινίαν’
1816 2305 1935 2364 κατ’

2025 2307 2255 2370 satione
2276 2308 2441 2370 omni
2465 2310 2644 2390 longe
2663 2309 3082 2390 dignissimam
3108 2317 3338 2372 tantum
3360 2319 3673 2374 contume-

289 2398 421 2472 ἐμοῦ
473 2397 528 2453 δὲ
573 2396 740 2477 ἐχρῆν
794 2399 887 2453 τὸν
942 2399 1106 2471 θυμὸν
1135 2398 1257 2460 τοὺς
1302 2397 1731 2475 ἀγανακτοῦντας
1775 2396 1935 2454 ὁπλί-

2025 2395 2116 2458 Ιίω
2147 2406 2281 2479 post
2329 2407 2582 2461 mortem
2641 2400 2993 2462 sustinere:
3044 2399 3153 2462 sed
3203 2418 3308 2462 eos
3338 2399 3439 2482 qui
3468 2401 3669 2464 animo

298 2509 408 2547 σαι.
448 2487 744 2564 Προσετίθει
798 2484 852 2541 δὲ
885 2492 1066 2558 τοῦτο,
1129 2488 1202 2548 ὡς
1246 2484 1393 2542 ἀλύει
1456 2489 1541 2544 καὶ
1592 2487 1799 2543 ἀνιᾶται
1847 2509 1935 2543 τι-

2025 2507 2131 2548 suo
2162 2486 2680 2568 obtemperarunt,
2713 2498 2924 2552 contra
2957 2508 3052 2552 me
3081 2490 3398 2571 oportebat
3426 2490 3670 2554 iracun-

295 2599 388 2640 νας
421 2578 518 2632 ὑπὸ
562 2575 667 2632 τῶν
713 2575 992 2655 ἀρχόντων
1021 2575 1315 2652 ἀνῃρῆσθαι
1373 2575 1576 2651 μαθών.
1631 2576 1783 2635 Οὕτω
1838 2577 1935 2651 μὲν

2025 2577 2176 2637 diam
2210 2596 2444 2640 armare
2476 2596 2668 2643 suam.
2699 2578 2808 2653 His
2839 2586 3131 2661 praeterea
3157 2577 3467 2661 subjunxit
3494 2579 3666 2656 illud,

290 2670 383 2723 οὖν
445 2668 472 2723 ὁ
517 2667 869 2747 φιλόχριστος
914 2664 1164 2742 βασιλεὺς
1196 2667 1283 2725 καὶ
1313 2666 1530 2737 τοιαῦτα
1556 2668 1659 2723 ὑπὸ
1689 2675 1784 2725 τοῦ
1807 2670 1935 2723 θαυ-

2025 2666 2154 2745 angi
2213 2686 2280 2730 se
2333 2669 2518 2730 animi
2576 2678 2754 2750 atque
2811 2670 3022 2733 dolere
3081 2669 3241 2750 quod
3293 2668 3673 2750 cognovisset

286 2763 497 2832 μαστοῦ
558 2753 875 2836 Ἀμϐροσίου
932 2754 1275 2833 πεπαίδευτο,
1343 2758 1431 2813 καὶ
1490 2757 1752 2824 τοσαύτης
1809 2756 1935 2835 παρ’

2025 2774 2051 2817 a
2083 2755 2377 2836 praefectis
2411 2767 2603 2820 morte
2658 2759 2902 2822 affectos
2962 2759 3250 2840 quosdam
3304 2759 3509 2822 fuisse.
3544 2758 3672 2823 Hoc

285 2849 449 2904 αὖτού
506 2849 602 2915 τῆς
662 2846 886 2927 χάριτος
948 2847 1034 2903 καὶ
1090 2844 1185 2913 τῆς
1261 2851 1621 2922 πνευματικῆς
1676 2845 1935 2926 ὠφελείας

2025 2845 2219 2926 itaque
2244 2846 2767 2928 modoimperator
2789 2848 3013 2912 Christi
3052 2848 3305 2924 amicus,
3331 2847 3671 2929 talibusque

278 2934 605 2999 ἀπέλαυσεν.
2023 2934 2337 3016 praeceptis
2366 2934 2441 2997 ab
2474 2935 2820 2999 admirabili
2866 2937 3188 3001 Ambrosio
3217 2936 3409 3000 fuerat
3436 2938 3667 3000 institu-

2018 3031 2135 3103 tus,
2171 3030 2516 3103 tantamque
2543 3025 2792 3105 gratiam
2824 3044 2894 3090 ac
2942 3025 3314 3108 spiritualem
3351 3026 3665 3091 utilitatem
3732 3068 3740 3075 -

2017 3113 2090 3175 ab
2124 3132 2196 3176 eo
2229 3123 2607 3196 perceperat.

365 3212 494 3272 Al".
542 3209 604 3266 ’0
660 3206 716 3264 δὲ
771 3209 919 3271 θεῖος
991 3207 1145 3271 οὗτος
1205 3204 1560 3286 Ἀμϐρὸσιος,
1615 3205 1674 3261 ὃν
1717 3203 1930 3281 εἴρηται

2063 3203 2354 3286 ΔΧΧΧΙΙΙ.
2387 3204 2636 3269 Divinus
2688 3213 2886 3269 autem
2933 3207 3030 3269 hic
3082 3207 3434 3270 Ambrosius
3462 3203 3664 3271 in'Ec-

279 3266 506 3379 tpcirtov;
568 3300 624 3355 ἑν
681 3303 751 3374 τῇ
805 3266 1154 3373 τοζῖ-Χριστοιῖ
1203 3266 1593 3369 Ἐκκλησίᾳνέν
1638 3266 1932 3375 ὀρθοδὸξοις

2025 3282 2225 3362 clesia.
2258 3266 3259 3379 ‘quemaaaadaa.’intimis};
3279 3266 3670 3360 Ripaei.

282 3391 517 3469 δόγμασι
576 3384 912 3466 διαλάμψας,
945 3384 1197 3458 ζηλωτής
1231 3407 1289 3443 τε
1319 3387 1404 3442 καὶ
1462 3385 1777 3466 ὺπέρμαχος
1836 3387 1935 3450 τῆς

2025 3383 2316 3464 dogmatis
2352 3385 2586 3466 fulgens
2617 3435 2633 3466 ,
2685 3386 3114 3469 aemulatorque
3163 3387 3429 3450 veritatis
3477 3387 3669 3451 factus

283 3479 537 3548 ἀληθείας
568 3477 874 3555 γενόμενος,
938 3479 1030 3533 καὶ
1077 3474 1508 3545 ἐποικοδομήσας
1558 3475 1651 3532 ἐπῖ
1709 3481 1785 3549 τῷ
1841 3477 1933 3531 θε-

2025 3483 2079 3536 et
2111 3484 2535 3555 pmpuguator,
2562 3494 2697 3538 cum
2731 3494 2915 3558 super
2944 3477 3395 3540 fundamentum
3427 3487 3669 3559 aposto«

288 3570 459 3647 μελίῳ
517 3575 622 3625 τῶν
681 3566 994 3623 ἀποστόλων
1078 3567 1166 3622 καὶ
1254 3571 1566 3646 προφητῶν,
1633 3564 1824 3643 λόγους
1876 3585 1935 3620 τε

2025 3564 2212 3626 lorum
2237 3583 2305 3627 ac
2337 3565 2760 3647 prophetarum
2814 3567 3313 3645 aadiﬁcasset,nec
3344 3588 3460 3630 non
3490 3576 3672 3631 recta)

284 3657 582 3738 δρθοδοξίας
667 3658 756 3714 καὶ
835 3653 1174 3719 διδασκαλίας
1234 3654 1539 3735 ἐκθέμενος,
1600 3656 1688 3711 καὶ
1759 3660 1935 3711 πᾶσαν

2025 3655 2308 3717 doctrina)
2334 3673 2402 3717 ac
2433 3655 2770 3736 disciplinae.
2800 3657 2980 3718 verba
3037 3658 3436 3737 exposuisset,
3470 3659 3671 3739 fugata

285 3753 393 3808 ὑπὸ
456 3748 660 3826 Ἀρείου
702 3748 791 3803 καὶ
848 3742 1254 3823 Ἀπολλιναρίον
1309 3747 1669 3801 καινισθετσαν
1730 3742 1936 3820 αἵρεσιν

287 3838 594 3912 ἀπελάσας,
650 3837 822 3893 πάντα
877 3856 936 3891 τε
983 3836 1050 3892 τὰ
1080 3840 1179 3902 τῆς
1211 3835 1368 3891 αὑτοῦ
1424 3833 1712 3901 ἐκκλησίας
1755 3831 1934 3895 καλῶς

287 3929 616 4003 διαθέμενος,
678 3926 766 3983 καὶ
809 3926 884 3990 εἷς
927 3925 1056 4002 βαθὺ
1115 3930 1285 4003 γῆρας
1342 3924 1564 3999 ἒλάσας,
1621 3921 1833 4002 πλήρης
1876 3943 1936 3979 τε

287 4021 507 4097 ἡμερῶν
563 4016 874 4093 γενόμενος,
933 4015 1268 4071 ἀνεπαύσατο
1355 4014 1411 4070 ἐν
1494 4013 1704 4093 εἰρήνῃ,
1766 4012 1931 4077 τεθεὶς

279 4113 339 4166 ὲν
395 4115 465 4185 τῇ
516 4105 775 4178 ἐκκλησίᾳ
820 4102 1175 4185 Μεδιολάνων,
1231 4105 1452 4179 μνήμην
1503 4102 1678 4171 ἂληθῆ
1711 4103 1802 4159 τὸν
1832 4106 1929 4161 αὖ·

286 4208 384 4258 τοῦ
411 4200 526 4276 βίον
554 4194 870 4254 καταλιπὼν
900 4196 995 4252 καί
1031 4195 1097 4251 τὰ
1128 4195 1514 4274 κατορθώματα
1549 4211 1568 4229 ⁸
1626 4196 1700 4250 ὧν
1743 4190 1934 4264 ζηλω-

288 4290 383 4354 τὰς
432 4289 519 4345 καὶ
557 4289 703 4361 ἡμᾶς
762 4285 1007 4363 γενέσθαι
1064 4284 1431 4358 καταξιῶσειε,
1467 4285 1555 4341 καὶ
1613 4286 1719 4339 τῶν
1763 4285 1937 4341 αὐτῶν

2022 3743 2286 3823 qualibet
2327 3744 2542 3807 haresi
2565 3744 2642 3807 ab
2672 3745 2816 3807 Ario
2840 3752 3019 3827 atque
3048 3747 3420 3828 Apollinario
3455 3764 3670 3811 recens

2018 3832 2275 3912 invecta,
2312 3848 2371 3897 et
2404 3832 2673 3896 Ecclesia
2700 3852 2808 3897 sua
2860 3836 2920 3896 in
2953 3835 3235 3898 omnibus
3265 3836 3491 3917 optime
3519 3855 3669 3900 con-

2022 3923 2245 3995 stituta,
2280 3923 2341 3986 in
2375 3922 2736 4005 profundam
2771 3942 3128 4006 progressus
3167 3933 3559 4003 senectutem,
3586 3922 3669 3990 ac

2021 4011 2255 4074 dierum
2289 4012 2526 4093 plenus,
2561 4014 2621 4075 in
2654 4032 2799 4095 pace
2848 4014 3160 4097 requievit.
3198 4015 3549 4079 Tumulatus
3580 4028 3671 4082 est

2015 4102 2077 4163 in
2110 4102 2365 4166 ecclesia
2421 4103 2880 4181 Mediolanensi,
2939 4123 3134 4167 veram
3190 4107 3540 4168 memoriam
3576 4110 3670 4170 sui

2016 4192 2389 4274 relinquens,
2421 4194 2726 4276 propriam
2759 4194 2967 4272 utique
2994 4194 3172 4256 vitam
3196 4204 3253 4257 et
3277 4205 3440 4258 recte
3474 4197 3664 4260 facta:

2019 4301 2275 4364 quorum
2331 4291 2397 4345 ut
2457 4303 2567 4345 nos
2628 4302 2871 4366 quoque
2933 4284 3252 4347 evadamus
3312 4284 3666 4369 imitatores,

284 4376 526 4455 ἆμοιϐὦν
568 4377 753 4450 ἐκείνῳ
795 4377 882 4432 καὶ
925 4382 1034 4432 τῶν
1097 4377 1366 4453 στεφσίνων
1425 4374 1707 4456 ἐπιτυχεῖν
1750 4374 1935 4453 χάριτι

2025 4373 2354 4455 eademque
2406 4392 2542 4437 cum
2575 4372 2678 4436 illo
2720 4374 2965 4456 praemia
3022 4383 3201 4456 atque
3231 4393 3485 4438 coronas
3515 4375 3673 4439 obti-

278 4472 373 4529 καὶ
431 4466 797 4547 φιλανθρωπίᾳ
838 4473 930 4522 τοῦ
979 4466 1166 4543 Κυρίου
1222 4465 1381 4538 ἡμῶν
1450 4464 1632 4533 Ἰησοῦ
1684 4470 1933 4543 Χριστοῦ,

282 4563 330 4635 ᾧ
383 4556 511 4623 δόξα
566 4558 748 4614 καὶτὸ
802 4556 993 4635 κράτος
1026 4556 1099 4618 εἰς
1143 4554 1264 4618 τοὺς
1315 4555 1511 4619 αἰῶνας
1555 4556 1662 4611 τῶν
1705 4553 1932 4613 αἰώνων.

284 4646 488 4727 Ἀμήν.

2018 4462 2424 4544 neamus,ipse
2445 4463 2938 4544 dignetur,gratia
2962 4472 3020 4526 et
3039 4464 3409 4543 benignitate
3432 4464 3671 4528 Domini

2020 4559 2205 4615 nostri
2233 4554 2374 4617 Jesu
2406 4554 2655 4630 Christi,
2687 4555 2786 4616 cui
2831 4555 3025 4617 bonor
3054 4565 3147 4616 est
3204 4563 3381 4638 atque
3413 4562 3672 4637 potestas

2021 4644 2084 4705 in
2110 4643 2327 4707 saecula
2357 4644 2744 4708 saeculorum.
2778 4644 2994 4709 Amen.
