4066 6408
404 345 514 415 891

1649 354 2033 419 ADUENDA.
2097 386 2171 399 —
2231 355 2531 421 JUNIUS.

3659 353 3776 423 892

404 481 915 570 inimicitiis,quas
943 488 1228 570 gerebant
1256 490 1318 551 in
1350 490 1666 565 athletas,a
1700 508 1764 551 se
1795 489 2050 551 invicem

2146 492 2274 569 πρὸς
2330 494 2451 559 τοὺς
2507 492 2740 561 ἀθλητὰς
2817 494 3015 573 ἔχθρας
3094 487 3374 568 δπὲλεγον,
3438 487 3795 572 διασχίζοντα

410 574 768 639 scinduntur
790 596 804 639 :
826 586 886 641 et
914 599 1046 642 cum
1082 580 1549 661 Philippos,quae
1581 589 1669 641 est
1692 579 2053 641 Macedonia;

2146 581 2229 638 ἔπ’
2291 582 2566 663 ἀλλήλων,
2626 585 2716 640 καὶ
2757 582 2859 649 τὴν
2915 582 2969 638 ἐν
3026 579 3328 638 Μακεδονία
3356 579 3630 637 Φιλίππου
3660 583 3708 638 οἱ
3738 580 3793 648 ἐξ

415 664 644 738 civitas,
705 668 1009 732 venissent
1057 671 1419 743 Orientales,
1471 678 1957 748 congregantur:
1995 678 2054 730 et

416 762 559 817 tunc
601 768 806 839 aperte
861 760 1224 822 anathemati
1282 759 1599 840 subjiciunt
1661 759 2047 822 homousion.

2137 669 2431 749 Ἀνατολῇς
2488 672 2879 735 καταλαϐόντες
2952 672 3375 747 συναθροίζονται
3407 719 3422 743 ,
3484 671 3573 728 καὶ
3632 693 3792 739 τηνι-

2134 769 2302 818 καῦτα
2335 765 2405 824 εἷς
2439 766 2499 821 τὸ
2558 763 2791 843 ἐμφανὲς
2830 764 2889 818 τὸ
2947 762 3231 836 ὁμοούσιον
3263 761 3736 837 ἆναθεματίζουσιν
3771 776 3789 792 ⁸

416 850 524 917 Qui
556 862 743 909 autem
775 854 1214 925 erantSardicze,
1247 870 1344 911 eos
1375 857 1638 913 absentes
1668 856 2054 911 condemnant

2146 851 2184 906 οἱ
2230 852 2286 908 ἐν
2330 853 2563 931 Σαρδικῇ
2622 852 2676 909 δὲ
2720 853 2939 915 τούτους
2986 852 3087 926 μὲν
3119 851 3299 929 ἐρήμῃ
3335 848 3456 929 δίκῃ
3498 848 3802 907 καταδικά-

414 943 472 996 et
502 936 808 1016 deponunt
863 948 1139 1021 tanquam
1189 940 1698 1013 calumniatores;
1751 960 1885 1023 quae
1912 957 2053 1001 vero

411 1024 627 1087 Nicias:
657 1028 1005 1091 confirmata
1035 1031 1246 1108 fuerat,
1301 1032 1477 1093 fidem
1531 1030 1942 1104 corroborant,
1999 1038 2058 1091 et

410 1115 772 1179 anathemati
803 1118 1133 1199 subjiciunt
1183 1124 1493 1195 ὀμοιούσιον
1528 1121 1680 1202 (14).
1718 1122 1774 1182 id
1807 1129 1919 1192 est,
1955 1140 2055 1183 es-

410 1205 619 1267 sentia;
650 1206 1129 1273 similitudinem.
1156 1211 1299 1284 Quae
1319 1230 1453 1274 cum
1491 1212 1865 1289 cognovisset
1896 1214 2055 1273 Con-

410 1304 576 1357 stans
606 1295 933 1377 imperator
962 1299 1442 1381 Occidentis,per
1465 1302 1691 1364 litteras
1723 1302 1901 1363 (locet
1933 1302 2054 1362 fra-

407 1391 561 1445 trem
586 1386 1025 1463 Constantium,
1061 1399 1122 1454 et
1144 1391 1353 1453 suadet
1379 1404 1443 1453 ut
1467 1393 1544 1453 sit
1564 1393 1830 1453 clemens
1863 1400 1921 1451 et
1940 1390 2056 1452 be-

410 1475 707 1552 nignusin
728 1476 976 1541 Paulum
1004 1481 1467 1543 etAthanasium
1496 1500 1511 1557 ;
1536 1490 1689 1543 etne
1729 1482 1907 1542 siteis
1938 1481 2054 1541 im-

412 1564 786 1644 pedimento,
822 1571 1144 1645 quominus
1176 1573 1300 1633 suis
1343 1572 1590 1634 sedibus
1618 1574 2053 1642 restituantur;

413 1653 705 1733 adjiciens
721 1659 877 1738 quod
899 1659 1014 1722 nisi
1033 1662 1238 1723 volens
1258 1663 1483 1725 faveret
1499 1663 1571 1723 iis
1592 1663 1843 1743 quijure
1865 1662 2059 1722 nitun-

416 1750 533 1818 tur,
570 1744 698 1825 ipse
726 1748 943 1829 veniet,
972 1759 1030 1811 et
1051 1769 1119 1812 eo
1146 1750 1451 1832 invitojus
1467 1750 1772 1814 reddetiis
1795 1750 1897 1830 qui
1929 1750 2056 1812 afﬁ—

415 1834 656 1926 ciuntur
682 1836 923 1916 injuria.
956 1841 1178 1902 Fratris
1207 1841 1407 1922 itaque
1432 1843 1626 1903 minas
1658 1840 2058 1902 extimescens
2086 1878 2120 1926 Β

412 1923 817 2003 Constantius,
849 1937 1119 1992 sanctum
1152 1931 1393 2012 quidem
1424 1930 1672 1993 Paulum
1706 1949 1822 1991 non
1860 1930 2062 2011 prohi-

411 2012 538 2075 buit
590 2017 825 2080 restitui
884 2038 992 2082 suo
1051 2023 1421 2102 episcopatui
1484 2022 1607 2103 (15)
1649 2042 1663 2081 :
1700 2023 1830 2099 ejus
1859 2029 2056 2082 autem

409 2106 757 2168 certaminis
812 2110 1043 2171 socium
1102 2111 1493 2175 Athanasium
1555 2110 1809 2173 diversis
1863 2110 1935 2171 ad
1993 2128 2058 2170 se

409 2194 663 2257 accersit
692 2196 929 2273 litteris,
964 2210 1179 2265 etcum
1212 2203 1492 2273 venisset,
1530 2201 1789 2280 benigne
1820 2200 2053 2278 accipit,

415 2291 477 2343 et
504 2302 627 2346 sua;
657 2287 785 2348 sedi
814 2290 1096 2353 restituit.
1130 2290 1228 2353 Sic
1268 2292 1515 2368 quidem
1551 2308 1758 2369 magna
1820 2299 2058 2369 pertur-

412 2370 573 2434 batio
603 2376 844 2439 redacta
874 2380 981 2440 fuit
1012 2384 1086 2443 ad
1147 2380 1672 2462 tranquillitatem,
1710 2390 1769 2442 et
1796 2378 2061 2441 Ecclesia

415 2463 710 2541 gaudebat
739 2485 806 2528 se
838 2468 1060 2530 habere
1090 2470 1439 2532 defensores
1466 2470 1723 2551 pietatis.

486 2557 551 2615 Χ.
574 2558 708 2616 Cum
731 2569 923 2620 aut~~m
951 2566 1303 2637 Magnentius
1349 2568 1650 2621 invasisset
1678 2563 2058 2635 tyrannidem.

414 2649 472 2702 et
491 2642 894 2710 interemisset
914 2650 1294 2712 Constantem
1317 2650 1737 2730 imperatorem
1763 2647 2061 2711 Occiden-

415 2731 510 2806 tis,
542 2752 749 2797 rursus
773 2737 1006 2801 Arianaa
1034 2742 1276 2803 insaniae
1297 2741 1558 2820 procella
1581 2738 1745 2800 orbis
1769 2747 2058 2799 terrarum

414 2824 801 2887 conturbahat
855 2829 1188 2892 ecclesias:
1238 2841 1296 2891 et
1345 2850 1555 2893 rursus
1615 2829 1860 2910 quidem
1915 2828 2061 2908 fugit

411 2912 776 2977 Athanasius
833 2934 847 2979 :
897 2926 1027 2996 ejus
1079 2928 1278 2981 autem
1331 2920 1534 2982 Sedem
1595 2919 1803 2999 arripit
1832 2919 2059 2997 Grego-

409 3001 539 3062 rius
566 3005 716 3081 (16),
753 3017 811 3069 et
836 3008 1144 3089 relegatur
1177 3011 1393 3073 Paulus
1424 3012 1723 3073 Cncusum
1760 3008 2062 3071 Armenim

412 3091 652 3170 pietatis
682 3095 983 3159 defensor.
1019 3100 1144 3173 Quo
1171 3102 1228 3162 in
1258 3102 1389 3162 loco
1425 3120 1531 3181 per
1577 3102 1857 3181 laqueum
1910 3118 2058 3161 con-

414 3192 748 3249 summatur
771 3190 1049 3269 martyrio
1076 3191 1438 3271 (l7),impiis
1460 3200 1636 3253 noctu
1663 3188 2055 3250 irruentibus.

411 3272 1149 3357 Constantinopoliautem
1186 3281 1316 3359 ejus
1354 3283 1481 3341 loco
1514 3279 1914 3340 introducitur
1941 3283 2060 3337 im-

415 3361 549 3440 pius
569 3364 976 3448 Macedonius,
1003 3379 1061 3428 et
1104 3368 1501 3430 extruduntur
1527 3378 1797 3449 pastores
1830 3385 1896 3427 ex
1929 3367 2061 3428 aliis

412 3449 820 3527 ecclesiis,eas
839 3472 973 3517 vero
997 3475 1203 3519 rursus
1236 3459 1522 3519 invadunt
1542 3458 1754 3537 lupi,et
1792 3457 2057 3535 gentium

414 3538 473 3599 in
504 3539 876 3605 Christianos
907 3546 1319 3609 crudelitatem
1375 3549 1688 3610 contendit
1736 3547 2059 3607 obscurare

418 3628 643 3720 insania
663 3630 1098 3700 Macedonii.Et
1117 3639 1424 3699 universus
1441 3638 1681 3720 quidem
1706 3635 1921 3701 Oriens
1940 3656 2059 3699 ma-

414 3716 488 3808 lis
518 3720 1225 3807 affligebatur,pra3cipue
1256 3716 2053 3808 autem-Constantionpolis.

413 3806 541 3899 Quo
573 3819 841 3892 tempore
889 3816 1177 3895 Angelius
1233 3838 1467 3899 quoque
1514 3819 1833 3899 episcopus
1862 3806 2057 3881 Nova-

414 3898 738 4000 tianornm,
771 3913 832 4000 ut
883 3914 980 3987 qui
1038 3908 1167 3987 ipse
1220 3898 1457 3991 quoque
1505 3898 1773 3970 tueretur
1803 3910 2055 3970 homon-

414 3991 572 4080 sion,
635 3991 886 4056 mittitur
944 3995 1002 4056 in
1082 3998 1395 4075 exsilium;
1479 4008 1724 4080 eratque
1807 3998 2053 4070 malum,

411 4079 568 4157 quod
603 4100 720 4143 non
755 4092 948 4169 potest
978 4087 1286 4169 explicari,
1321 4108 1439 4150 non
1496 4079 1690 4151 solum
1727 4089 2058 4168 procedens

407 4186 598 4249 usque
622 4170 695 4232 ad
732 4166 1133 4253 pontiﬁcesvet
1163 4166 1642 4259 sacerdotes,sed
1678 4166 1853 4239 etiam
1878 4179 2053 4240 femi-

408 4276 516 4349 nas
546 4268 604 4321 et
635 4266 984 4346 puerosqui
1019 4268 1352 4329 Macedonii
1379 4268 1756 4349 repellebant
1786 4286 2056 4327 commu-

412 4348 1159 4436 nionem,occupans.Nam
1189 4358 1374 4419 ubera
1396 4348 1641 4436 quidem
1669 4356 2052 4434 feminarum,

410 4456 444 4526 ο
464 4437 789 4501 insaniam!
819 4444 1031 4521 partim
1056 4446 1299 4526 quidem
1335 4447 1392 4505 in
1417 4463 1624 4505 arcaru
1637 4464 1688 4503 ιη
1715 4451 2056 4519 tegumenta

407 4525 630 4606 injecta
651 4539 710 4591 et
725 4525 1837 4613 compressa’exscindehantur,partim
1857 4540 2052 4591 autem

2138 947 2308 1022 ζουσι,
2358 944 2445 1000 καὶ
2501 948 2839 1022 καθαιροῦσιν
2899 945 2973 1007 ὡς
3027 942 3365 1004 συκοφάντας
3400 957 3415 972 ⁶
3473 940 3575 1008 τὴν
3606 940 3661 995 ἒν
3694 951 3804 999 Νι-

2139 1035 2261 1105 καίᾳ
2317 1031 2372 1089 δὲ
2428 1038 2754 1111 κιορωθετσαν
2800 1035 3080 1094 πίστιν.,..
3113 1034 3188 1087 ὦν
3220 1030 3318 1098 τὴν
3367 1036 3566 1109 γνῶσιν
3611 1033 3639 1087 ὁ
3684 1036 3800 1087 τῶν

2141 1123 2396 1202 ἐσπερίων
2454 1123 2701 1202 βασιλεὺς
2766 1124 3016 1187 Κώνστας
3076 1121 3298 1194 λαέῑὼν,
3346 1119 3680 1178 ἀναδιδάσκει
3735 1142 3801 1177 τε

2140 1213 2226 1270 δια
2284 1217 2614 1292 γραμμάτων
2666 1217 2758 1271 τὸν
2815 1213 3039 1293 ἀδελφὸν
3104 1212 3493 1283 Κωνστάντιον,
3527 1215 3616 1268 καὶ
3646 1234 3801 1287 παρ-

2140 1319 2288 1361 αινεϊ
2342 1306 2580 1380 εὔμονῶς
2643 1305 2938 1362 διακεῖσθαι
3000 1304 3131 1381 πρὸς
3173 1301 3383 1360 Παῦλον
3440 1299 3801 1358 καὶἈθανσί-

2141 1416 2278 1475 σιον,
2342 1395 2433 1451 καὶ
2493 1394 2758 1470 μηδαμῶς
2806 1400 2988 1458 αὒτοτς
3050 1391 3294 1469 ἐμποδὼν
3353 1392 3602 1448 ἵστασθαι
3658 1393 3803 1466 πρὸς

2141 1486 2239 1551 τὴν
2297 1492 2403 1541 τῶν
2447 1486 2653 1542 οἰκείων
2713 1484 3148 1542 ἀποκατάστασιν
3204 1484 3426 1557 θρόνων,
3487 1482 3803 1557 προστιθεὶς

2140 1576 2236 1653 ὡς,
2272 1576 2315 1631 εἷ
2346 1577 2422 1649 μὴ
2456 1577 2592 1631 ἑκὼν
2650 1589 2767 1640 τοῖς
2823 1573 3039 1636 δικαίως
3080 1571 3267 1651 ἔχουσι
3322 1572 3655 1645 κατανεύσει,
3693 1572 3804 1626 αὖ-

2143 1666 2231 1724 τὸς
2285 1667 2664 1743 παραγεγονὼς
2723 1666 2814 1721 καὶ
2867 1663 3085 1728 ἄκοντος
3115 1664 3176 1718 τό
3207 1659 3407 1717 δίκαιον
3438 1674 3560 1724 τοῖς
3594 1658 3807 1727 ἠδικη-

2142 1755 2323 1829 μένοις
2381 1753 2632 1822 ἀποδοίη.
2672 1755 2856 1818 Δείσας
2901 1754 2990 1809 οῦν
3034 1754 3129 1819 τὴν
3174 1758 3267 1808 τοῦ
3312 1750 3538 1829 ἀδελφοῦ
3567 1751 3813 1817 ἀπειλὴν

2143 1847 2169 1901 ὁ
2224 1846 2589 1908 Κωνστάντιος
2621 1847 2712 1901 τὸν
2757 1844 2854 1918 μὲν
2888 1843 3033 1899 ὅσιον
3069 1848 3274 1898 Παῦλον
3304 1840 3372 1915 τῇ
3424 1838 3528 1912 ἰδίᾳ
3572 1839 3814 1897 ἐπίσκοο

2143 1934 2218 2009 πῇ
2277 1939 2374 1993 οὒκ
2430 1934 2695 1991 ἐκώλυσεν
2754 1931 3095 2012 ἐνιδρύεσθαι,
3129 1933 3220 1987 τὸν
3252 1929 3307 1986 δὲ
3344 1928 3599 1985 σύναθλον
3631 1930 3813 1986 Ἀθα-

2142 2025 2321 2080 νάσιον
2382 2022 2651 2104 διαφόροις
2711 2023 3026 2085 ἐπιστολαῖς
3081 2020 3205 2098 παρ’
3266 2020 3424 2075 αὺτὸν
3470 2017 3655 2087 καλεῖ,
3702 2019 3816 2075 καῖ

2141 2113 2357 2171 ἐλθόντα
2418 2119 2652 2189 εὖμενῶς
2713 2112 3088 2193 προσδέχεται,
3145 2115 3233 2167 καὶ
3281 2117 3357 2184 τῷ
3401 2110 3579 2183 οἰκείῳ
3629 2112 3813 2187 θρόνῳ

2141 2203 2586 2271 ἀποκαθίστησιν,
2623 2204 2774 2262 Οὕτω
2806 2204 2904 2279 μὲν
2936 2207 2963 2258 ὁ
2994 2202 3159 2264 πολὺς
3212 2199 3451 2279 τάραχος
3511 2197 3806 2276 ἐγαληνία,

2142 2296 2230 2349 καὶ
2281 2297 2312 2361 ἡ
2372 2293 2666 2362 Ἐκκλησία
2714 2295 2836 2357 τοὺς
2890 2299 2988 2360 τῆς
3034 2288 3297 2355 εὐσεϐείας
3328 2288 3562 2369 ἕχαιρειν
3593 2287 3808 2369 ἔχουσα

2143 2384 2482 2463 προμάχοος.

2228 2562 2292 2625 l’.
2354 2565 2678 2641 Μαγνεντίου
2732 2563 2785 2618 δὲ
2819 2557 3087 2639 τυραννίδα
3138 2557 3471 2639 ἐπιθεμένου,
3504 2560 3601 2614 καὶ
3640 2558 3807 2616 Κών-

2147 2675 2343 2710 σταντα
2398 2654 2490 2710 τὸν
2562 2655 2659 2719 τῆς
2719 2650 2978 2729 Ἐσπέρας
3063 2648 3412 2725 βασιλεύοντα
3487 2646 3800 2723 ἀνελόντος,

2145 2742 2306 2799 πάλιν
2336 2745 2369 2811 ἡ
2416 2748 2511 2810 τῆς
2541 2740 2747 2821 Ἀρείου
2791 2740 2991 2806 λύσσης
3036 2742 3291 2817 καταιγὶς
3322 2739 3417 2803 τὰς
3464 2741 3561 2803 τῆς
3609 2738 3806 2795 οἰκου-

2146 2832 2312 2907 μένης
2344 2833 2593 2911 ἐτάραττε
2628 2853 2644 2869 ο
2703 2834 2791 2889 καὶ
2848 2831 3028 2909 φεύγει
3080 2830 3178 2904 μὲν
3231 2827 3391 2884 πάλιν
3454 2826 3801 2907 ’Δθανᾶσιος,

2144 2924 2364 3001 ἁρπάζει
2400 2922 2455 2979 δὲ
2498 2925 2589 2980 τὸν
2649 2927 2805 2981 αὐτοῦ
2862 2921 3046 3000 θρόνον
3106 2919 3425 2997 Γρηγόριος,
3488 2917 3572 2973 καὶ
3630 2918 3808 2995 ὑπερ-

2145 3015 2368 3085 ορίζεται
2405 3014 2608 3079 Παῦλος
2659 3013 2713 3069 ἐν
2774 3018 3061 3085 Κουκουσῴ
3118 3014 3216 3075 τῆς
3278 3007 3585 3086 Ἀρμενίας,
3631 3010 3660 3063 ὁ
3703 3012 3804 3075 τῆς

2146 3103 2407 3170 εὐσεϐείας
2437 3103 2774 3183 ὑπὲρμαχαος.
2826 3102 2988 3160 ’Ἐνθα
3022 3101 3111 3156 καὶ
3140 3105 3218 3174 τῷ
3266 3096 3333 3153 δι’
3387 3098 3633 3177 ἀγχόνης
3688 3102 3793 3152 τῶν

2145 3191 2408 3248 δδσσεϐὠν
2466 3195 2670 3270 νύκτωρ
2755 3188 3176 3250 ὶπισπευδόντων
3245 3186 3540 3244 τελειοῦται
3585 3207 3786 3263 μαρτυ-

2145 3283 2262 3361 ρίῳ.
2324 3282 2723 3359 Ἀντεισείγεται
2780 3279 2835 3337 δὲ
2890 3286 2957 3356 τῇ
3019 3276 3573 3338 Κωνσταντινουπιιὶει
3607 3274 3795 3332 ὀδυσ-

2145 3370 2307 3437 σεϐἠς
2370 3370 2690 3433 Μακεδόνιος
2725 3418 2740 3443 ,
2801 3371 2889 3427 γαὶ
2941 3369 3253 3435 ἐξωθοῦνται
3311 3368 3400 3424 καὶ
3456 3372 3561 3421 τῶν
3616 3362 3800 3421 ἄλλων

2144 3460 2446 3527 ἐκκλησιῶν
2504 3465 2551 3517 οἱ
2610 3461 2902 3535 ποιμένες,
2970 3457 3335 3525 ἔπεια-πηδῶσι
3418 3453 3472 3511 δὲ
3547 3458 3690 3520 αὖθις
3751 3456 3801 3511 οὶ

2143 3550 2314 3619 λύκοι,
2374 3556 2461 3608 καί
2514 3553 2612 3618 τὴν
2656 3553 2792 3607 κατὰ
2843 3554 3175 3628 Χριστιανῶν
3232 3544 3508 3617 Ἐλλήνων
3534 3544 3798 3620 ὡμότητα

2141 3643 2174 3709 ἡ
2240 3641 2561 3698 Μακεδονίου
2605 3643 2766 3718 μανία
2798 3642 3044 3720 κρύπτειν
3088 3640 3429 3718 ἐφιλονείκει,
3482 3640 3582 3693 Καὶ
3645 3642 3796 3693 πᾶσα

2142 3732 2239 3807 μὲν
2285 3734 2318 3799 ἡ
2366 3731 2599 3799 ἀνατολὴ
2644 3745 2762 3795 τοῖς
2796 3730 2991 3790 δεινοῖς
3034 3725 3372 3808 διεφθείρετο,
3419 3727 3454 3794 ἡ
3503 3734 3796 3782 Κωνστανο

2142 3824 2284 3878 τίνου
2336 3820 2390 3878 δὲ
2442 3823 2578 3878 κατὰ
2619 3823 2682 3878 τὸ
2724 3820 3007 3899 ἐξαίρετον,
3070 3816 3159 3873 ὅτε
3188 3819 3278 3873 καὶ
3307 3813 3589 3893 Ἀγγέλιος
3624 3816 3653 3869 ὀ
3685 3819 3797 3870 τῶν

2145 3919 2484 3969 Ναοατιανῶν
2516 3913 2831 3989 ἐπίσκοπος,
2866 3910 2962 3967 οἶα
3015 3906 3080 3976 δὴ
3110 3908 3197 3963 καὶ
3231 3906 3391 3970 αὒτὸς
3418 3907 3480 3961 τὸ
3510 3904 3801 3979 όμοούσιον

2140 4000 2466 4077 πρεσϐεύων,
2502 4001 2889 4078 ὑπερορίζεται,
2950 3999 3048 4056 Καὶ
3102 3996 3170 4064 ἦν
3223 3994 3511 4072 ἀδιήγητον
3569 3994 3632 4049 τὸ
3688 4015 3801 4050 κα-

2139 4093 2256 4162 κὶν,
2288 4094 2346 4148 ού
2375 4091 2571 4171 μέχρις
2600 4091 2897 4170 ἀρχιερέων
2929 4088 3132 4158 ὁδεῦον,
3192 4085 3330 4142 ἀλλὰ
3387 4086 3479 4141 καὶ
3532 4094 3796 4161 γυναῖκας

2140 4185 2227 4236 καὶ
2270 4180 2468 4244 παῖδας
2514 4179 2629 4236 ὅσοι
2687 4180 2786 4247 τὴν
2843 4176 3164 4235 Μακεδονίου
3221 4177 3562 4254 παρωθοῦντο
3589 4195 3796 4230 κοινω-

2141 4272 2273 4339 νίαν,
2324 4272 2741 4343 ἐπιτεινόμενον.
2807 4270 3009 4325 Μαστοὶ
3069 4269 3169 4346 γὰρ
3229 4269 3518 4344 γυναικῶν,
3588 4263 3634 4320 ὢ
3693 4265 3797 4330 τῆς

2141 4360 2378 4433 μανίαςῐ
2431 4363 2478 4418 οἱ
2536 4361 2635 4434 μὲν
2690 4356 2936 4415 κιϐωτῶν
2999 4356 3345 4432 καλύμμασιν
3401 4351 3800 4427 ἐμϐαλλόμενοί

2140 4469 2191 4504 τε
2253 4452 2339 4505 καὶ
2401 4452 2811 4523 συμπιεζόμενοι
2869 4446 3215 4513 ἐξεκόπτςντο
3243 4492 3261 4520 ,
3325 4447 3372 4500 οἱ
3431 4442 3487 4500 δὲ
3564 4441 3791 4522 σιδήρῳ,

2142 4537 2299 4594 ἄλλαι
2338 4559 2395 4593 τε
2456 4539 2573 4594 κατ’
2620 4538 2798 4595 ἄλλων
2853 4538 3093 4618 χαλεπαὶ
3149 4535 3400 4600 κολάσεις
3455 4533 3793 4591 ἐπενοοῦντο⁶

408 4616 594 4691 ferro,
628 4628 684 4678 et
710 4621 825 4682 alia
864 4607 933 4683 in
986 4623 1133 4685 alios
1163 4607 1660 4702 excogitabantur
1690 4620 1886 4701 gravia
1918 4640 2054 4703 sup-

2146 4629 2172 4683 ἃ
2227 4628 2327 4706 γὰρ
2395 4629 2473 4684 ιιαῖ
2518 4629 2638 4692 τοὺς
2690 4607 2895 4692 ἀθέους*
2931 4614 3198 4693 Ἓλληνας
3238 4625 3375 4682 κατὰ
3430 4629 3530 4691 τῆς
3603 4626 3792 4692 κοινῆς

412 4706 766 4786 plicia.Nam
790 4730 928 4791 quae
951 4712 1043 4773 vel
1069 4731 1102 4773 a
1121 4716 1239 4776 Deo
1258 4712 1485 4774 alienos
1503 4712 1755 4792 gentiles
1772 4711 2057 4772 adversus

411 4814 790 4861 communem
833 4811 1105 4863 naturam
1155 4804 1490 4881 excogitare
1532 4801 1894 4884 impediebat
1939 4820 2052 4882 pu-

412 4885 545 4960 dor,
579 4905 649 4948 ea
681 4898 819 4951 tunc
849 4892 1046 4953 facere
1072 4892 1271 4972 impiis
1301 4894 1458 4953 venit
1488 4892 1546 4952 in
1583 4900 1866 4954 mentem.

489 4975 594 5039 XI.
623 4976 1140 5042 Extenditrabiem
1170 4982 1548 5043 Macedonius
1570 4983 1747 5043 etiam
1772 4985 2055 5046 adversus

411 5066 716 5144 regionem
752 5067 1225 5149 Paphlagonum;
1250 5072 1522 5134 audierat
1546 5073 1706 5134 enim
1742 5073 1959 5135 multos
1983 5090 2051 5135 ex

412 5156 763 5218 orthodoxis
793 5170 852 5219 et
883 5159 1226 5222 Novatianis
1258 5162 1316 5223 in
1365 5181 1433 5223 ea
1476 5163 1722 5237 versari,
1760 5171 1821 5222 et
1848 5162 2048 5237 efficit,

413 5261 448 5304 a
482 5254 742 5325 quatuor
776 5247 1053 5312 cohortes
1077 5259 1439 5313 armatorum
1493 5252 1741 5312 militum
1769 5252 2053 5313 adversus

413 5352 517 5395 eos
552 5335 878 5418 mittantur,
927 5347 984 5400 et
1033 5340 1217 5402 armis
1246 5354 1536 5423 cogantur
1563 5343 1634 5405 ad
1666 5342 2057 5422 impietatem.

497 5495 626 5581 (M)
656 5494 841 5558 Error
864 5507 1039 5581 est,et
1071 5500 1389 5581 legendum
1426 5505 1701 5581 ἀνόμοιον,
1738 5502 1794 5563 id
1818 5511 1902 5564 est
1928 5502 2060 5564 Filii

411 5588 441 5629 a
473 5573 631 5631 l'atre
670 5584 924 5636 essentne
956 5573 1508 5642 dissimilitudinem.

484 5649 595 5730 (Ψ)
628 5647 843 5708 Paulus
894 5667 1050 5711 anno
1108 5655 1212 5713 348
1253 5665 1309 5714 et
1366 5655 1710 5715 Athanasius
1752 5667 1905 5712 anno
1954 5654 2062 5713 349

411 5726 816 5783 restituuntur.

2138 4718 2344 4799 φύσεως
2375 4718 2613 4776 ἐπινοεῖν
2643 4718 2800 4781 αἰδὼς
2845 4718 3170 4799 ἀνεχαίτιζε,
3224 4716 3476 4794 πράττειν
3516 4713 3640 4770 τότε
3671 4727 3793 4779 τοῖς

2138 4806 2437 4868 δυσσεϐἑσιν
2468 4809 2555 4866 ἐπὶ
2585 4816 2705 4866 νοῦν
2734 4811 2890 4876 ἧκεν.

2219 4985 2328 5047 ιΑ’.
2371 4989 2624 5046 Ἐκτείνει
2684 4989 2784 5055 τὴν
2831 4987 3029 5044 λύσσαν
3091 4983 3414 5049 Μακεδόνιος
3444 4985 3533 5041 καὶ
3575 4982 3663 5040 ἐπὶ
3694 4986 3796 5053 τὴν

2137 5080 2244 5137 τῶν
2306 5079 2669 5159 Παφλαγόνων
2712 5076 2898 5158 χώραν
2925 5093 2938 5107 ·
2998 5075 3231 5140 πολλοὺς
3274 5077 3375 5153 γὰρ
3427 5074 3660 5142 ἠκηκόει
3709 5078 3797 5133 καὶ

2136 5176 2243 5226 τῶν
2302 5168 2580 5246 ⁴Ῐρθοδόξξὼν
2622 5167 2718 5224 καί
2748 5174 2854 5223 τῶν
2886 5166 2992 5223 ἀπὸ
3024 5177 3064 5226 Ν
3075 5166 3265 5222 uitat)
3296 5165 3350 5221 ἐν
3401 5168 3535 5242 αὐτῇ
3586 5161 3795 5241 διατρί-

2146 5258 2257 5316 ϐειν
2294 5278 2306 5292 ·
2366 5261 2454 5316 καὶ
2510 5259 2768 5335 τέσσαρας
2818 5256 3096 5338 φάλαγγας
3156 5260 3496 5334 στρατιωτων
3553 5254 3795 5312 ἐνόπλων

2147 5350 2533 5428 παρασκευάζει
2579 5347 2839 5415 σταλῆναι
2895 5346 3017 5404 κατ’
3075 5349 3270 5426 αύτῶν,
3323 5348 3410 5406 καὶ
3458 5357 3578 5409 τοῖς
3608 5342 3796 5411 ὅπλοις

2217 5509 2335 5581 (16)
2366 5508 2492 5581 Non
2538 5508 2875 5581 Gregorius,
2917 5506 3019 5565 sed
3070 5505 3374 5579 Georgius.
3419 5503 3559 5563 Vide
3620 5506 3792 5564 vitam

2143 5579 2439 5641 Athanasii
2469 5579 2503 5634 2
2535 5579 2679 5637 Maii.

2216 5653 2332 5725 (ιγ)
2365 5656 2528 5709 Anno
2553 5651 2678 5709 351.
