4066 6394
271 338 388 406 893
1598 343 1786 411 VITA
1832 345 1892 408 S.

1993 345 2174 410 AULI
2203 345 2317 409 GP.
3530 334 3648 404 894

267 477 399 556 πρὸς
442 481 543 547 τὴν
588 475 831 536 ἀσέϐειαν
887 475 1215 551 ἑκϐάζεσθαι.
1249 482 1310 539 Οἱ
1365 478 1419 536 δὲ
1475 481 1611 537 κατὰ
1658 479 1720 536 τὰ
1770 486 1898 537 Μαν-

2006 479 2118 554 Qui
2170 488 2365 544 autem
2397 480 2742 546 habitabant
2770 479 3157 555 Mantineum,
3191 485 3397 542 coacta
3448 473 3646 539 multi-

262 566 461 624 τίνειον
513 569 778 633 οἰκοῦντες
809 570 882 634 εἷς
939 568 1144 636 πλῆθος
1174 570 1456 634 συστάντες
1514 572 1602 627 καὶ
1631 571 1778 642 ζήλῳ
1821 571 1898 638 τῆ‹

2003 569 2238 650 tudine,
2291 590 2425 634 cum
2485 573 2610 635 zelo
2672 571 2908 653 pietatis
2959 571 3138 633 falces
3192 577 3252 632 et
3292 584 3535 631 secures
3584 576 3645 626 et

262 654 548 732 εύσεϐείας,
582 656 813 735 δρέπανα
870 660 960 717 καὶ
992 660 1175 724 ἀξίνας
1229 662 1318 718 καὶ
1348 667 1451 718 πᾶν
1480 660 1542 717 τὰ
1606 661 1898 740 παρατυχὸ·

2000 659 2286 742 quidquid
2332 681 2396 724 se
2426 662 2722 725 obtulerat
2781 680 2886 742 pro
2917 661 3100 724 armis
3135 658 3508 738 accepissent
3533 654 3645 716 ad-

262 744 402 803 ὅπλα
450 748 831 823 ποιησάμενοι,
866 749 1411 826 ἀντιπαρατὰίττονται
1470 764 1588 815 τοτς
1649 750 1898 828 στρατιώ-

1999 767 2205 812 versns
2234 752 2473 827 milites,
2511 752 2808 833 prodeunt
2848 759 2907 814 in
2940 750 3157 813 aciem.
3194 749 3426 812 Deinde
3475 762 3646 833 com-

259 854 397 901 ταις⁶
445 837 575 895 εἶτα
616 836 889 912 συμϐολῆς
934 840 1250 919 γενομένης,
1293 839 1485 898 πολλοὶ
1532 841 1629 915 μὲν
1677 839 1898 919 διαφθεί-

2000 840 2182 901 misso
2240 841 2464 920 praelia,
2513 831 2688 904 'multi
2747 841 2988 921 quidem
3052 836 3431 914 interierunt,
3464 831 3642 896 etiam

259 949 436 1006 ρονται
498 928 584 984 καὶ
643 926 748 984 τῶν
806 927 1169 1008 Παφλαγόνων
1198 979 1215 1003 ,
1273 937 1379 986 τῶν
1450 928 1504 986 δὲ
1574 936 1898 1001 στρατιωτῶν

1995 930 2466 1010 Paphlagonum,
2502 951 2571 995 ex
2605 932 2890 994 militibus
2920 939 3119 993 autem
3174 944 3407 1005 omnes,
3443 921 3647 1002 paucis

258 1016 404 1084 πλὴν
464 1016 662 1095 ὀλίγων
710 1017 965 1081 ἅπαντες.
1015 1020 1156 1087 Αὕτη
1202 1021 1373 1076 τοίνυν
1407 1023 1440 1088 ἦ
1485 1019 1763 1099 μιαιφόνος
1825 1023 1898 1076 κα

1995 1021 2280 1099 exceptis.
2337 1024 2467 1084 Hoc
2496 1040 2636 1099 ergo
2690 1022 2934 1085 crudele
2965 1030 3023 1081 et
3050 1016 3372 1097 impudens
3414 1014 3642 1074 facinus

260 1105 486 1174 ἀναιδὴς
562 1105 747 1184 πρᾶξις
822 1112 881 1167 οὗ
957 1110 1098 1185 παρὰ
1157 1110 1262 1166 τῶν
1311 1108 1649 1185 ἠδικημένων
1722 1113 1898 1184 μόνον,

1998 1127 2115 1169 non
2147 1110 2337 1171 solum
2365 1111 2520 1191 apud
2554 1131 2656 1173 eos
2689 1112 2785 1191 qui
2835 1120 3004 1173 erant
3035 1107 3225 1170 affecti
3257 1105 3495 1183 injuria,
3533 1101 3641 1162 sed

260 1194 404 1251 ἀλλὰ
462 1196 549 1252 καὶ
580 1197 721 1273 παρὰ
755 1204 857 1254 νῶν
916 1199 1120 1263 οἰκείως
1178 1197 1468 1262 δοκούντως
1524 1197 1671 1279 ἔχειν
1728 1205 1898 1255 Μακε-

2001 1198 2178 1260 etiam
2212 1200 2366 1279 apud
2401 1220 2502 1262 eos
2533 1201 2637 1281 qui
2680 1201 3031 1263 videbantur
3060 1198 3214 1259 bene
3244 1193 3396 1256 velle
3441 1191 3640 1254 Mace-

265 1283 425 1356 δονίῳ
481 1298 648 1361 μῖσος
707 1287 958 1366 ἀνήγειρε
1015 1286 1238 1346 δίκαιον·
1298 1287 1434 1345 ἀλλὰ
1482 1290 1567 1346 καὶ
1611 1289 1767 1345 αὐτὸν
1825 1290 1898 1345 τὸε

2001 1287 2204 1365 donio,
2231 1291 2458 1368 justum
2520 1293 2724 1352 odium
2777 1290 3074 1352 excitavit.
3120 1287 3246 1348 Non
3302 1286 3413 1346 hoc
3442 1291 3640 1343 autem

257 1372 484 1432 ϐασιλέα
543 1375 815 1456 παρώξυνε
846 1390 979 1457 πρὸς
1035 1378 1350 1458 ἀπέχθειαν.
1385 1380 1457 1436 Οὒ
1516 1385 1669 1435 τοῦτο
1699 1377 1752 1434 δὲ
1812 1379 1898 1452 μό·

2001 1376 2216 1451 solum,
2255 1381 2357 1440 sed
2420 1381 2593 1441 etiam
2652 1380 2811 1460 quod
2858 1396 3074 1458 corpus
3131 1371 3524 1449 Constantini,
3583 1370 3641 1431 in

258 1487 371 1539 νον,
408 1462 531 1520 ἀλλ’
593 1463 674 1522 ὅτι
703 1467 879 1523 καὶτὸ
933 1473 1090 1544 σῶμα
1127 1468 1521 1527 Κωνσταντίνου
1550 1476 1642 1524 τοὺ
1699 1466 1898 1524 εὖσεϐε·

2002 1466 2231 1547 primis,
2267 1468 2532 1550 inquam,
2570 1468 2650 1548 pii
2693 1466 3070 1551 imperatoris
3104 1463 3434 1539 (videbatur
3482 1460 3639 1521 enim

253 1555 474 1628 στάτου,
539 1557 698 1633 φημὶ,
756 1553 1018 1621 ϐασιλέως
1080 1557 1273 1638 (ἐδόκει
1332 1558 1432 1635 γὰρ
1473 1560 1500 1613 ὁ
1564 1558 1717 1620 οἶκος
1762 1558 1816 1614 ἐν
1873 1562 1898 1632 (ξ

1997 1556 2179 1631 aedes,
2213 1557 2273 1618 in
2314 1578 2431 1639 qua
2458 1568 2584 1622 erat
2630 1562 2830 1639 situm,
2866 1556 3080 1619 minari
3120 1551 3382 1631 ruinam)
3424 1567 3642 1639 accep-

251 1643 537 1703 κατέκειτο
595 1645 753 1723 ἐγγὺς
828 1646 972 1703 εἶναι
1030 1654 1123 1704 τοῦ
1176 1646 1527 1725 καταπεσεῖν)
1574 1646 1751 1703 λαϐὼν
1795 1644 1898 1706 ἄνει

2001 1653 2123 1707 tum
2173 1647 2303 1710 sine
2334 1638 2465 1728 ejus
2495 1650 2795 1712 sententia
2820 1638 2823 1639 ν
2844 1648 3218 1711 transtulerat
3250 1643 3309 1704 in
3357 1638 3641 1728 templum

250 1734 479 1814 γνώμης
546 1734 707 1792 αὗτοῦ
736 1736 809 1800 εἰς
863 1737 954 1793 τὸν
982 1746 1074 1794 τοῦ
1118 1737 1267 1816 ἁγίου
1302 1737 1550 1794 Ἀκακίου
1586 1739 1718 1794 νεὼν
1749 1759 1898 1812 μετε·

1998 1736 2201 1798 Sancti
2236 1727 2463 1802 Acacii.
2497 1739 2568 1801 Et
2596 1743 2878 1821 quoniam
2912 1757 3030 1800 non
3066 1736 3334 1815 placebat
3363 1727 3642 1821 omnibus

247 1824 478 1903 κόμισε,
515 1826 602 1880 καὶ
663 1823 847 1893 ἐπειδὴ
895 1832 1051 1882 πᾶσιν
1096 1829 1130 1895 ἡ
1189 1827 1466 1903 μετάθεσις
1515 1828 1572 1883 οὔ
1622 1827 1898 1900 συνεδόκει1

1998 1827 2328 1908 translatio,
2381 1830 2486 1891 sed
2539 1816 2739 1891 multis
2788 1828 3097 1890 videbatur
3154 1823 3403 1903 impium
3458 1816 3640 1909 eﬂodi

247 1913 392 1970 ἀλλὰ
444 1912 680 1980 πολλοῖς
709 1915 921 1974 ἀνόσιον
952 1916 1222 1991 ἐνομίζετο
1251 1916 1318 1973 τα
1366 1924 1472 1974 τῶν
1502 1917 1898 1997 κατοιχομένου

1994 1934 2245 1994 corpora
2294 1906 2684 1994 mortuorum,
2724 1927 2785 1981 ut
2817 1918 3069 1979 maxime
3096 1909 3497 1994 imperatoris.
3535 1906 3639 1987 qui

246 2004 637 2080 ἆνομόττεσθαι
713 2006 962 2087 σώματα,
1019 2009 1108 2065 καὶ
1150 2007 1271 2065 τότε
1323 2007 1583 2084 βασιλέως
1641 2008 1694 2064 ἐν
1753 2010 1898 2064 εὐσε-

1995 2004 2103 2067 t‘uit
2159 2008 2376 2086 pietate
2423 2007 2700 2088 insignis,
2754 2009 2906 2071 facta
2953 2016 3013 2069 et
3061 2020 3272 2083 magna
3327 1998 3639 2088 czedeyet

242 2091 361 2168 ϐείᾳ
446 2093 879 2171 διαλάμψαντος,
935 2086 1097 2177 φόνος
1177 2097 1332 2176 ὲῤῥύη
1407 2097 1594 2172 πολὺς,
1658 2099 1742 2154 καὶ
1800 2101 1898 2154 τῶν

1995 2096 2313 2158 multorum
2363 2106 2421 2160 et
2448 2086 2716 2178 gravium
2752 2099 3067 2170 malorum,
3101 2111 3231 2175 quae
3260 2090 3481 2153 fecerat
3510 2086 3634 2178 Ma-

242 2182 465 2242 πολλῶν
524 2188 612 2241 καὶ
683 2185 993 2253 ἀνηκέστων
1057 2194 1235 2244 κακῶν
1280 2190 1354 2243 ὧν
1401 2187 1601 2262 ἐτόλμα
1660 2186 1905 2245 Μακεδὸ-

246 2298 387 2350 νιος,
422 2275 617 2353 μικράν
676 2297 795 2333 τινα
826 2273 976 2345 δίκην
1031 2276 1273 2350 ἀπέτισε,
1307 2287 1399 2337 τοῦ
1450 2276 1752 2355 ἀξιώματος
1808 2300 1909 2346 την

242 2367 548 2443 καθαίρεσιν
561 2411 571 2423 .

338 2454 445 2514 IB'.
503 2456 751 2536 Ἐκράτει
815 2454 861 2512 δ’
890 2456 977 2513 οὖν
1035 2456 1184 2533 ὅμως
1240 2456 1307 2514 τέι
1337 2456 1542 2537 Ἀρείου
1570 2456 1635 2514 δι’
1687 2457 1818 2525 ὅλης
1851 2481 1907 2515 τε

249 2549 354 2612 τῆς
389 2546 754 2605 Κωνσταντίου
783 2545 1079 2624 βασιλείας,
1112 2546 1210 2605 καὶ
1263 2547 1340 2605 ἔτι
1371 2547 1573 2624 μᾶλλον
1622 2550 1758 2606 κατὰ
1786 2550 1907 2614 τοὺς

245 2634 551 2701 Οόιίλεντος
609 2639 704 2694 τοῦ
746 2634 1160 2694 δυσσεϐεστάτου
1211 2638 1459 2719 χρόνους,
1509 2638 1610 2703 ἕως
1642 2637 1705 2695 ἂν
1755 2639 1906 2695 ἐκεῖ-

239 2746 334 2781 νον
389 2724 490 2800 μὲν
533 2727 567 2794 ἡ
628 2727 739 2782 θεία
796 2726 1029 2802 μετῆλθε
1088 2728 1231 2800 δίκη,
1278 2727 1557 2785 Θεοδόσιον
1612 2727 1666 2784 δὲ
1710 2742 1801 2785 τὸν
1855 2728 1907 2793 ἒξ

238 2805 515 2879 Ἰσπανίας
575 2814 744 2896 ψάφω
819 2814 995 2884 δικαίᾳ
1053 2824 1338 2894 Γρατιανοῦ
1394 2820 1488 2874 τοῦ
1553 2819 1617 2874 τὰ
1674 2817 1908 2895 Ἐσπέρα

1993 2186 2300 2262 cedonius,
2337 2176 2547 2269 parvas
2597 2191 2882 2272 quaedem
2913 2188 3019 2249 luit
3074 2200 3300 2267 poenas,
3333 2176 3639 2257 dignitatis

1991 2274 2226 2338 scilicet
2253 2277 2687 2359 depositionem
2723 2279 2865 2361 (t8).

2072 2454 2200 2518 XII.
2234 2457 2484 2537 Vigebat
2533 2467 2731 2522 tamen
2765 2478 2863 2522 res
2900 2456 3030 2521 Arii
3072 2472 3176 2534 per
3209 2459 3392 2513 totum
3438 2447 3637 2537 ἰηιρθζῖ

1990 2544 2144 2607 rium
2178 2535 2531 2630 Constantii,
2560 2559 2619 2612 et
2649 2549 2843 2612 adhuc
2866 2540 3440 2626 magistemporibus
3470 2535 3640 2618 impii

1990 2635 2282 2712 Valentis,
2321 2639 2513 2703 donec
2569 2641 2645 2702 de
2677 2641 2779 2702 illo
2821 2639 3066 2720 quidem
3125 2632 3375 2712 sumpsit
3436 2644 3640 2707 poenas

1991 2725 2188 2788 divina
2237 2729 2488 2806 justitia,
2554 2730 2956 2793 Theodosium
3018 2735 3215 2789 autem
3282 2720 3633 2806 Hispanum.

1980 2815 2146 2896 justa
2169 2805 2790 2900 sententiaGratiani,
2820 2825 2917 2901 qui
2971 2805 3632 2901 administrabatAO‘cci-

237 2905 598 2983 περιέποντες
630 2907 701 2967 εἷς
746 2907 838 2963 τὸν
865 2906 1133 2983 βασίλειον
1179 2908 1276 2975 τῆς
1311 2906 1574 2975 ἀνατολῆς
1628 2905 1898 2964 ἀνεϐίϐασε

1990 2905 2254 2975 dentem.
2291 2909 2362 2969 ad
2393 2912 2596 2971 sedem
2630 2898 3070 2991 imperatoriam
3107 2901 3371 2986 provexit
3410 2898 3632 2991 Orien-

232 2997 447 3072 θρόνον,
487 2996 575 3051 καὶ
630 2997 698 3072 τῇ
755 2994 1020 3072 ὀρθοδοξίᾳ
1074 2994 1140 3053 δι’
1186 2999 1344 3058 ἀὺτοῦ
1400 2998 1459 3053 τὸ
1492 2998 1682 3073 κράτος
1743 2996 1898 3075 ἐϐράι

1990 2994 2082 3068 tis,
2120 3005 2176 3056 et
2207 2997 2343 3059 ﬁdei
2378 2987 2730 3061 orthodome
2757 3018 2863 3077 per
2892 2999 3085 3077 ipsum
3118 2993 3303 3056 robur
3332 2987 3628 3077 acquisiit.

235 3084 453 3148 ϐευσεν,
500 3084 657 3148 Ἀλλ’
704 3085 845 3143 οὕτω
890 3086 985 3160 μὲν
1034 3089 1068 3155 ἡ
1103 3087 1303 3163 Ἀρείου
1349 3087 1552 3165 αἵρεσις
1585 3089 1678 3151 τὰς
1713 3086 1878 3153 ἐκκλη

1990 3083 2104 3145 Sed
2157 3086 2240 3146 sic
2272 3088 2511 3167 quidem
2571 3090 2694 3151 Arii
2751 3076 3020 3161 haeresis,
3055 3102 3187 3166 quae
3240 3076 3634 3161 quadraginta

234 3177 354 3237 σίας
401 3174 489 3232 ἐπὶ
546 3176 940 3254 τεσσαράκοντα
990 3177 1085 3244 ἕτη
1148 3181 1603 3255 κατανεμηθεῖσα,
1653 3180 1721 3254 τῇ
1767 3186 1894 3234 Θεο-

1990 3193 2177 3279 annos
2207 3177 2562 3258 depopulata
2620 3180 2809 3241 fuerat
2839 3176 3151 3249 ecclesias,
3186 3171 3402 3279 pietate
3431 3167 3633 3279 Theo:

234 3263 417 3322 δοσίού
467 3263 707 3337 εὐσεϐείᾳ
759 3265 1193 3344 ἐξωστρακίξεκο,
1228 3269 1317 3324 καὶ
1368 3270 1429 3324 τὸ
1462 3266 1730 3339 ὁρθόδοξον
1783 3280 1898 3330 τοῖς

1990 3265 2139 3326 dosii
2193 3267 2301 3328 fuit
2354 3257 2767 3345 exterminata,
2822 3278 2880 3330 et
2927 3268 3072 3330 tides
3140 3263 3470 3325 orthodoxa
3526 3257 3635 3319 fuit

235 3355 452 3416 οἰκείοις
499 3353 954 3427 ἐνεκαλλωπίζετο
1016 3354 1362 3433 δικαιώμασι,
1427 3364 1724 3435 Συγκροτετ
1778 3359 1898 3436 γοῦν

1990 3367 2272 3421 exornata
2304 3366 2428 3420 suis
2451 3361 2629 3440 justis
2660 3358 3009 3422 honoribus.
3069 3359 3402 3432 Congregat
3431 3349 3632 3440 itaque

235 3447 264 3502 6
315 3444 476 3508 αὐτὸς
511 3443 916 3525 θεοφιλέστατος
947 3445 1196 3523 βασιλεὺς
1256 3446 1493 3520 σύνοδον,
1529 3445 1613 3502 διὰ
1668 3445 1898 3522 μελέτης

1990 3444 2143 3508 idem
2198 3451 2330 3527 pius
2360 3436 2683 3531 imperator
2711 3449 3023 3533 synodum,
3059 3446 3307 3508 studens
3366 3436 3635 3533 IIacedo-

236 3532 385 3616 ἔχων
434 3536 673 3595 καὶτοὺς
730 3536 836 3591 ἀπὸ
872 3533 1192 3593 Μακεδονίου
1235 3538 1369 3615 πρὸς
1428 3535 1617 3593 ἕνωσιν
1673 3538 1898 3615 συναγει-

1990 3536 2196 3599 nianos
2229 3539 2288 3600 in
2338 3527 2718 3603 concordiam
2744 3527 3049 3619 vredigere
3103 3553 3236 3596 cum
3284 3527 3630 3593 orthodoxis

237 3637 359 3703 γετν
419 3636 536 3689 τοῖς
589 3623 912 3703 ὀρθοδεξοόσι
972 3627 1060 3683 καὶ
1118 3624 1461 3704 πρεσϐεύουσι
1504 3627 1565 3682 τὸ
1626 3627 1897 3700 ὃμούσιον·

1990 3634 2044 3686 et
2103 3627 2199 3701 iis,
2235 3630 2338 3705 qui
2400 3630 2725 3693 tuebantur
2784 3628 3164 3690 homousion.
3227 3619 3628 3696 Quamobrem

236 3713 317 3771 διὸ
371 3713 537 3771 καλεῖ
565 3716 653 3770 καὶ
711 3717 829 3780 τοὺς
873 3719 1211 3791 προεστῶτας
1264 3717 1433 3772 αὐτῶν
1464 3720 1563 3781 τῆς
1626 3715 1897 3795 αἱρέσεως,

1990 3725 2154 3777 vocat
2184 3735 2308 3791 eos,
2343 3720 2443 3799 qui
2478 3728 2771 3799 praeerant
2824 3732 3031 3781 eorum
3064 3713 3280 3777 haeresi
3318 3730 3333 3787 ;
3386 3719 3445 3772 et
3479 3727 3627 3771 con-

236 3807 326 3862 καὶ
391 3804 648 3871 συνῆλθον
691 3812 798 3861 τῶν
861 3803 1272 3879 ὀρθοδοξούντων
1322 3805 1427 3861 ἀπὸ
1482 3806 1581 3879 μὲν
1642 3802 1893 3870 Ἀλεξαν-

1990 3815 2274 3865 venerunt
2326 3808 2450 3888 (t9)
2490 3827 2558 3870 ex
2593 3809 2939 3870 orthodoxis
2980 3806 3052 3868 ab
3086 3800 3442 3867 Alexandria
3493 3799 3624 3878 qui-

234 3893 408 3971 δρείας
465 3893 743 3968 Τιμόθεος,
779 3894 831 3960 ἐξ
897 3885 1276 3972 Ἰεροσολύμων
1333 3892 1387 3949 δὲ
1453 3892 1733 3973 Κύριλλος,
1784 3901 1894 3950 Με-

1990 3892 2122 3953 dem
2150 3885 2522 3970 Timotheus,
2558 3899 2631 3961 ab
2662 3897 3083 3977 Hierosolymis
3114 3901 3306 3954 autem
3348 3887 3623 3973 Cyrillus,

234 3984 414 4047 λέτιος
446 3980 503 4038 δὲ
548 3979 601 4048 ἐξ
647 3980 1007 4064 Ἀντιοχείας,
1043 3984 1335 4063 Γρηγόριός
1395 4005 1453 4039 τε
1487 3987 1659 4060 παρῆν
1690 3987 1716 4039 6
1765 3992 1901 4040 Θεο-

233 4072 425 4152 λὸγος,
473 4074 559 4129 καὶ
622 4072 912 4153 Ἀσχόλιος
948 4075 976 4129 6
1033 4072 1451 4144 Θεσσαλονίκης,
1491 4074 1577 4129 καὶ
1619 4076 1646 4129 6
1692 4074 1901 4139 Νύσσης

233 4162 555 4242 Γρηγόριος,
604 4164 691 4219 καὶ
742 4161 897 4219 ἄλλοι
970 4161 1184 4220 πολλοί·
1244 4164 1578 4231 πεντήκοντα
1652 4164 1751 4239 γὰρ
1814 4165 1900 4219 καὶ

233 4253 431 4310 ἑκατὸν
485 4252 623 4320 ἦσαν
660 4254 831 4309 αὐτῶν
864 4254 892 4308 6
938 4259 1043 4313 πᾶς
1079 4251 1363 4330 σύλλογος.
1420 4262 1523 4310 Τοῦ
1552 4249 1602 4313 δέ
1641 4254 1902 4331 αἱρετικοῦ

231 4342 450 4424 στίφους
509 4344 699 4420 ἡγεῖτο
752 4343 850 4414 μὲν
911 4345 939 4398 6
1002 4343 1222 4414 Κυζίκου
1280 4341 1573 4414 Ἐλεύσιος,
1608 4345 1695 4398 καὶ
1747 4350 1897 4420 Map-

229 4433 418 4497 κιανὸς
476 4433 504 4488 6
563 4431 891 4513 Λαμψάκου,
951 4434 1038 4489 καὶ
1097 4435 1123 4488 ὁ
1201 4431 1427 4511 Ἐφέσου
1495 4432 1744 4505 Εὒήτιος,
1813 4434 1899 4489 καὶ

231 4521 391 4580 ἄλλοι
446 4522 610 4596 τινὲς,
658 4520 710 4588 ἓξ

228 4612 544 4687 λαιιιύμενοι
555 4657 569 4671 .

313 4701 422 4767 Il".
486 4703 713 4779 Παρῇνει
747 4700 813 4770 δὴ
869 4700 1116 4780 βασιλεύς
1148 4700 1200 4757 ἕε
1245 4700 1400 4766 αὐτὸς
1453 4703 1539 4758 καὶ
1569 4700 1691 4760 ὅσον
1741 4704 1895 4777 ὀρθό-

228 4790 382 4857 δοξον
441 4792 560 4856 τοὺς
593 4798 697 4859 τῆς
746 4797 1015 4870 αίρετικῆς
1076 4793 1261 4867 μοίρας
1320 4790 1589 4848 συνελθεῖν
1622 4793 1694 4854 εἷς
1756 4795 1893 4867 ὁμο-

228 4881 524 4962 φροσύνην,
576 4883 664 4938 καὶ
736 4879 1054 4959 πρεσϐεῦσαι
1109 4883 1171 4938 τὸ
1233 4881 1540 4957 ὁμοούσιον,
1590 4882 1896 4958 ὑπομιμνή-

228 4992 453 5037 σκοντες
509 4973 582 5035 ὡς
613 4972 700 5028 καὶ
760 4972 858 5040 τὴν
916 4972 1022 5028 τῶν
1069 4969 1356 5050 ὀρθοδόξων
1430 4971 1705 5027 κοινωνίαν
1763 4973 1895 5029 αὐτ-

231 5060 559 5140 επάγγελτοι
592 5059 1008 5142 προσεδέχοντο.
1060 5064 1132 5121 Τὸ
1161 5059 1216 5116 δὲ
1250 5061 1508 5139 αἱρετικὸν
1539 5067 1646 5116 τῶν
1679 5060 1891 5118 δικαίων

229 5150 484 5231 ἐλέγχων
535 5173 622 5207 και
652 5150 1036 5232 φιλανθρώπων
1093 5150 1459 5229 παραινέσεων
1491 5148 1674 5207 οὐδένα
1723 5152 1890 5221 ποιή-

228 5263 424 5303 σαστες
488 5238 672 5319 λόγον,
729 5240 827 5307 τῆς
901 5242 1094 5302 οἰκείας
1152 5244 1213 5297 οὗ
1274 5240 1512 5315 μεθίεντο
1591 5239 1890 5307 δυσσεϐείας

226 5329 617 5390 Ἐκϐάλλονται
666 5330 838 5387 τοίνυν
871 5328 956 5387 διὰ
1007 5338 1166 5389 τοῦτο
1214 5332 1300 5387 καὶ
1355 5338 1448 5387 τοῦ
1490 5328 1752 5409 συνεδρίου
1796 5330 1891 5388 καῖ

230 5428 330 5491 τῆς
381 5420 618 5497 πόλεως,
654 5422 739 5480 καὶ
789 5424 824 5490 ἡ
859 5420 1075 5487 σύνοδος
1120 5434 1430 5503 χειροτονεῖ
1464 5422 1543 5478 τὸν
1575 5422 1884 5502 Νεκτάριον,

1987 3979 2260 4045 Meletius
2329 3987 2402 4047 ab
2469 3988 2837 4063 Antiochia;
2917 3989 3238 4063 aderatque
3306 3978 3629 4057 bregorius

1983 4070 2340 4153 Theologus,
2403 4083 2463 4138 et
2530 4078 2852 4141 Ascltolius
2923 4070 3499 4149 Thessalonicensis,
3570 4079 3629 4129 et

1983 4158 2302 4240 Gregorius
2351 4168 2677 4248 Nyssenus,
2713 4176 2769 4228 et
2816 4166 2982 4227 multi
3031 4163 3181 4237 alii;
3233 4169 3408 4223 erant
3464 4158 3625 4221 enim

1985 4261 2220 4312 centum
2254 4262 2312 4317 et
2343 4257 2770 4339 quinquaginta
2816 4264 3000 4318 cretus
3031 4270 3238 4316 eorum
3283 4251 3622 4311 universus.

1982 4339 2285 4405 Haereticaa
2310 4355 2511 4408 autem
2558 4356 2814 4409 catervae
2845 4345 2960 4406 dux
2994 4352 3118 4407 erat
3168 4340 3407 4423 quidem
3438 4339 3622 4401 Eleu-

1983 4429 2110 4492 sius
2165 4432 2506 4514 Cyzirenus,
2544 4446 2601 4499 et
2655 4436 2984 4497 Marcianus
3039 4432 3503 4513 Lampsacenus,
3562 4437 3625 4488 et

779 4524 827 4579 οἱ
903 4523 1098 4586 πάντες
1156 4523 1244 4579 καὶ
1291 4523 1569 4598 τριάκοντα
1627 4543 1895 4602 συγκεφα-

1990 4518 2221 4585 Evetius
2249 4523 2609 4607 Ephesinus,
2644 4534 2701 4588 et
2729 4525 2851 4601 alii,
2878 4524 2981 4602 qui
3009 4531 3179 4586 erant
3209 4538 3416 4594 omnes
3445 4516 3624 4580 simul

1990 4612 2217 4652 Irin-into
2251 4633 2347 4652 οην

1982 4612 2221 4690 triginta
2251 4633 2374 4675 sex.

2064 4704 2223 4767 XIII.
2256 4704 2639 4767 Admonebat
2667 4715 2862 4768 autem
2886 4705 3235 4785 imperator,
3256 4712 3315 4763 et
3340 4708 3628 4782 quotquot

1983 4801 2151 4853 erant
2190 4794 2528 4874 orthodoxi,
2562 4814 2665 4856 eos
2697 4797 2796 4876 qui
2839 4793 3243 4875 sequebantur
3275 4801 3468 4869 partes
3498 4789 3626 4850 has-

1980 4882 2330 4964 reticorum,
2362 4893 2425 4945 ut
2476 4904 2607 4946 cum
2640 4885 2730 4947 eis
2759 4884 3189 4961 consentirent,
3225 4891 3281 4943 et
3314 4888 3625 4942 tuerentur

1979 4971 2356 5047 bomousion,
2379 4974 2442 5035 in
2475 4974 2826 5036 memoriam
2847 4970 3381 5051 revocantes,quod
3413 4969 3623 5030 ortho-

1978 5061 2267 5123 doxo-um
2320 5063 2801 5125 communionem
2836 5083 2939 5125 sua
2984 5071 3196 5142 sponte
3226 5060 3620 5125 admiserunt.

1974 5149 2252 5213 Hzerelici
2282 5164 2478 5215 autem
2504 5155 2805 5234 justarum
2851 5151 3387 5234 reprehensionum
3423 5158 3482 5211 et
3512 5150 3622 5213 bc-

1974 5240 2289 5321 niguarum
2342 5242 2815 5304 admonitionum
2853 5243 3073 5304 nullam
3106 5241 3393 5304 ducentes
3435 5242 3620 5303 ratio-

1975 5349 2136 5406 nem,
2162 5350 2330 5393 suam
2351 5351 2470 5393 non
2488 5331 2871 5395 dimittebant
2901 5332 3292 5414 impietatem.
3326 5333 3618 5418 Propter-

1974 5438 2042 5481 ea
2074 5438 2214 5501 ergo
2237 5421 2557 5501 ejiciuntur
2584 5443 2614 5484 e
2645 5422 2898 5485 concilio
2918 5432 2977 5485 et
3006 5444 3035 5482 e
3056 5421 3312 5485 civitate.
3347 5419 3621 5500 Synodus

227 5511 590 5594 συγκλητικοῦ
632 5511 731 5587 μὲν
790 5511 1022 5589 αἳματος
1083 5511 1234 5590 ὄντα,
1280 5510 1458 5595 ἀρχὴν
1512 5510 1566 5568 δὲ
1636 5513 1735 5581 τὴν
1794 5520 1885 5570 τοῦ

1990 5518 2164 5572 tutem
2184 5511 2344 5590 eligit
2366 5512 2837 5596 Nectarium,qui
2861 5521 2988 5576 erat
3004 5512 3248 5595 quidem
3273 5529 3305 5573 e
3327 5510 3617 5591 sanguine

307 5681 438 5771 (18)
473 5680 653 5744 Anno
683 5678 825 5759 359.

2046 5681 2166 5764 (t9)
2201 5682 2377 5744 Anno
2406 5682 2548 5755 38L
