4066 6404
256 362 372 432 897

1337 365 1525 430 νΙΤΑ
1569 360 1632 425 S.
1676 358 1995 426 ΝΑΖΑΒΠ
2040 357 2139 421 ET
2183 357 2560 423 SOCIORUM

3512 350 3629 431 898

254 523 367 573 νος,
401 498 647 557 πλούσιοι
678 501 775 576 μὲν
806 500 966 581 ἄμφω
994 500 1081 557 καὶ
1111 500 1224 577 βίον
1244 500 1332 555 καὶ
1353 498 1571 578 ἀρετὴν,
1604 498 1706 554 ὑπὸ
1736 498 1900 561 καθηο

1996 509 2122 582 rero
2150 493 2279 573 ipsa
2300 511 2539 575 quoque
2567 503 2694 558 erat
2720 497 2993 560 Romana
3030 513 3276 577 genere,
3302 499 3480 562 ambo
3503 502 3631 582 qui-

251 594 396 672 γητῇ
425 589 479 647 δὲ
525 590 707 669 Πέτρῳ
738 592 813 666 τῷ
866 597 958 647 τοῦ
993 598 1163 671 χοροῦ
1204 591 1472 669 κορυφαίῳ
1501 596 1607 645 τῶν
1645 590 1899 665 μαθητῶν

253 689 329 758 τῷ
361 688 478 756 Θεῷ
507 681 713 756 μᾶλλον
760 682 1118 742 οἷκειωθέντες
1148 681 1239 736 καὶ
1268 679 1637 741 τελειωθέντες
1668 676 1813 734 ὕδατί
1840 698 1897 732 τε

254 774 339 831 καὶ
374 770 632 849 πνεύματι
668 789 682 803 ⁸
729 772 945 838 τούτους
989 771 1168 848 ὥσπερ
1213 767 1479 835 εὐσεϐείας
1514 771 1541 826 ὀ
1574 773 1703 832 Θεὸς
1735 768 1896 843 ἀμει-

250 860 499 939 ϐόμενος,
563 861 796 929 καθάπερ
847 861 1013 923 πάλαι
1063 859 1192 917 ποτὲ
1237 861 1329 917 τὸν
1388 858 1632 938 ’Λϐραὰμ
1664 864 1760 926 τῆς
1804 880 1898 939 φι-

251 950 485 1019 λοξενίας
540 952 674 1025 υἱὸν,
734 952 921 1015 αὒτοϊς
993 950 1088 1007 καί
1150 948 1488 1027 κληρονόμον
1544 955 1646 1017 τῆς
1703 949 1897 1024 ἀρετῆς

254 1042 365 1117 ἅμα
409 1042 498 1097 καὶ
556 1047 656 1110 της
713 1039 1016 1119 περιουσίας
1065 1042 1155 1097 τὸν
1229 1040 1486 1117 Ναζάριον
1542 1037 1773 1098 δίδωσιν.
1839 1029 1897 1097 ε0

250 1131 305 1188 δὲ
335 1133 431 1191 οἷα
474 1133 605 1204 πρὸς
640 1138 772 1188 Θεοῦ
801 1128 1103 1210 δεδομένος,
1133 1129 1259 1188 ὅλον
1322 1137 1439 1203 Θεῷ
1488 1130 1651 1190 πάλιν
1712 1130 1897 1185 ἑαυτὸν

249 1220 572 1281 ἀντιδίδωσι.
608 1223 705 1280 Καὶ
754 1221 1074 1278 υἱοθετετται
1106 1221 1204 1296 μὲν
1237 1221 1391 1286 αὒτὸς
1449 1222 1553 1280 ὕπὸ
1608 1221 1763 1276 Λίνου
1824 1225 1900 1294 τῷ

246 1314 371 1389 θείῳ
426 1313 781 1392 βαπτίσματι,
843 1312 903 1374 ὃς
962 1309 1027 1377 ἧν
1089 1310 1286 1387 Πέτρου
1364 1311 1502 1383 μετὰ
1572 1318 1666 1366 τοῦ
1715 1309 1900 1388 θρόνου

252 1405 344 1460 καὶ
400 1408 498 1470 τῆς
556 1402 750 1479 ἀρετῆς
784 1397 1033 1481 διάδοχος
1069 1420 1085 1435 ·
1120 1400 1444 1480 τελειοτέρας
1498 1400 1553 1457 δὲ
1604 1401 1899 1472 ἁπτόμενος

253 1492 493 1574 ἡλικίας,
524 1492 846 1571 τελεωτέρας
905 1492 992 1547 καὶ
1024 1490 1121 1559 τῆς
1154 1491 1373 1571 χάριτος
1406 1489 1667 1556 ἀξιοῦται.
1702 1490 1902 1557 Συνηύ-

254 1582 375 1650 ξανε
404 1585 506 1663 γὰρ
555 1584 698 1657 αὒτῷ
753 1581 1025 1657 αὖξομένῳ
1075 1582 1174 1648 τὴν
1232 1581 1375 1647 αὗξιν
1417 1581 1515 1649 τὴν
1570 1582 1761 1638 ἑαυτοῦ
1817 1581 1905 1637 καὶ

252 1673 422 1747 πολὺς
454 1675 541 1730 ἐπὶ
587 1675 809 1753 Χριστὸν
842 1672 975 1752 ἔρως
1028 1673 1115 1728 καὶ
1159 1674 1349 1729 πλεῖον
1408 1670 1613 1748 μᾶλλον
1647 1670 1906 1730 ἐδείκνυτο

251 1765 341 1822 καὶ
366 1762 710 1844 θερμότερος.

334 1944 423 2008 Β’.
459 1943 612 2002 Ἐπεὶ
642 1941 696 2000 δὲ
749 1943 778 1999 ό
834 1942 888 1999 ἐν
931 1942 1073 2016 αὒτῷ
1130 1941 1223 2011 τῆς
1268 1940 1531 2008 εὐσεϐείας
1572 1942 1767 2020 πῦρσὸς
1821 1940 1905 1997 ἐπὶ

252 2036 396 2115 μέγα
438 2036 600 2115 ᾕρετο
631 2033 758 2107 ἤδη,
806 2038 892 2090 καὶ
934 2032 1165 2099 πολλοὺς
1210 2033 1305 2091 ἐπὶ
1349 2035 1440 2088 τὸν
1484 2030 1639 2103 ἄνδρα
1698 2030 1901 2101 ἐκάλει,

250 2128 377 2189 τοὺς
434 2121 679 2203 θορύϐους
736 2123 917 2200 ὥσπερ
998 2125 1085 2180 καὶ
1148 2124 1248 2190 τὴν
1305 2127 1510 2202 συνεχῆ
1572 2120 1743 2202 ἄφιξιν
1799 2122 1908 2177 τῶν

252 2218 329 2280 εἷς
388 2215 548 2271 αὖτὸν
610 2210 1061 2293 παραϐαλλόντων
1115 2211 1407 2286 ἐγκλίνων,
1477 2212 1614 2289 ἔγνω
1686 2208 1908 2288 πατρίδα

250 2307 344 2364 καὶ
401 2304 622 2367 οἰκείους
680 2302 994 2378 ἀπολιπεῖν,
1051 2303 1139 2359 καὶ
1202 2303 1255 2358 ἐν
1321 2301 1570 2379 ἀλλοτρίᾳ
1642 2301 1906 2378 γενέσθαι,

260 2396 410 2460 ὅπως
460 2399 535 2464 τῷ
590 2394 902 2468 ποθουμένῳ
956 2415 1012 2450 τε
1069 2394 1205 2451 κατὰ
1254 2393 1422 2468 μόνας
1455 2393 1787 2470 συγγένοιτο,
1822 2393 1908 2447 καὶ

264 2486 563 2561 ἂναιηρύξῃ
608 2483 834 2547 πολλοῒς
880 2486 978 2550 τὴν
1036 2482 1326 2544 εὐσέϐειαν,
1388 2486 1488 2541 Τὸν
1552 2481 1909 2539 ἐπιϐάλλοντα

260 2576 434 2631 τοίνυν
476 2575 619 2647 αὒτῷ
661 2574 857 2652 κλῆρον
890 2574 1031 2650 παρὰ
1076 2579 1181 2629 τῶν
1241 2578 1443 2630 τεκόντι
1491 2600 1503 2623 I
1544 2570 1719 2628 λαϐὼν
1752 2572 1908 2636 ἔξεισι

254 2666 357 2734 τῆς
421 2664 689 2742 πατρίδος,
752 2666 839 2721 καὶ
884 2664 1042 2719 πόλιν
1090 2664 1149 2719 ἐκ
1194 2663 1404 2728 πόλεως
1452 2660 1683 2737 inps-33w;
1728 2662 1816 2726 οἷς
1850 2662 1907 2717 ἂν

254 2756 516 2822 ἐπισταίη
585 2756 643 2810 ἐκ
699 2756 805 2811 τῶν
856 2754 1022 2810 ὄντων
1078 2753 1353 2833 ἐπήρκει·
1408 2753 1590 2809 ἔπειτα
1653 2755 1741 2808 ναὶ
1810 2754 1909 2819 τὴν

252 2847 475 2922 μείζονα
519 2845 784 2924 χορηγίαν
827 2846 913 2900 καὶ
964 2848 1091 2921 πρὸς
1138 2845 1237 2910 τὴν
1309 2844 1483 2910 ἀληθῆ
1537 2845 1635 2908 τῆς
1693 2841 1910 2922 Τρισίδος

251 2942 456 3015 γνῶσιν
503 2936 883 3015 ἐγειραγώγει.
950 2936 1047 2991 Καὶ
1084 2934 1281 2999 δήποτε
1316 2935 1455 3011 παρὰ
1511 2933 1665 2988 πόλιν
1711 2933 1906 3013 ἀφικό-

252 3048 420 3103 μενος
454 3026 809 3082 Πλακεντίναν
854 3026 940 3081 καὶ
984 3031 1050 3096 τῇ
1107 3022 1441 3080 λιενῖιολάνων
1486 3022 1727 3098 ἐπιστὰς,
1762 3029 1908 3099 Προ-

252 3118 426 3191 τασίῳ
492 3117 579 3172 καὶ
641 3112 905 3192 Γερϐασίνρ
976 3127 1095 3177 τοῖς

251 3206 659 3269 κατακλείστοις
708 3206 806 3279 μὲν
849 3205 949 3260 ὑπὸ
992 3203 1083 3260 τοῦ
1118 3202 1378 3283 Ξέρλοκθτος

1178 3119 1504 3189 θαυμαστοῖς
1568 3114 1905 3193 ἐντυγχάνει,

1984 580 2119 643 dem
2152 582 2368 645 divites
2388 595 2444 645 et
2461 585 2844 649 facultatibus
2870 596 2927 648 et
2949 587 3210 653 virtute:
3234 587 3409 652 Petro
3430 580 3628 654 autem

1981 670 2533 748 institutore,chori
2564 676 2994 758 discipulorum
3023 678 3318 761 principe,
3350 683 3474 743 Deo
3495 681 3631 744 red-

1982 762 2090 823 diti
2114 764 2298 843 magis
2323 764 2667 843 familiares,
2700 786 2972 849 aquaque
3004 783 3064 831 et
3095 772 3307 851 spiritu
3337 790 3629 834 consum-

1986 852 2149 916 mati.
2180 853 2401 916 Eorum
2458 859 2735 937 pietatem
2787 859 2945 921 Deus
2998 858 3177 922 veluti
3207 878 3628 939 remunerans,

1982 943 2284 1019 quomodo
2310 944 2454 1006 olim
2510 946 2767 1009 Abrahas
2825 948 3313 1029 hospitalitatem,
3345 951 3436 1014 eis
3467 951 3633 1015 dedit

1983 1031 2171 1093 ﬁlium
2198 1032 2502 1097 haeredem
2533 1037 2712 1098 simul
2746 1037 2980 1101 virtutis
3013 1048 3071 1102 et
3093 1039 3412 1118 bonorum,
3443 1043 3628 1105 Naza-

1983 1120 2295 1185 rium.Ille
2323 1134 2549 1208 autem,
2574 1136 2851 1208 tanquam
2874 1148 2909 1190 a
2942 1131 3065 1192 Deo
3096 1130 3292 1205 datus,
3324 1149 3392 1194 se
3415 1149 3625 1195 rursus

1984 1219 2174 1273 totum
2222 1215 2407 1275 tradit
2438 1215 2583 1279 Deo.
2617 1215 2688 1279 Et
2733 1218 2863 1299 ipse
2895 1219 3137 1300 quidem
3159 1220 3222 1281 in
3254 1220 3455 1284 divino
3484 1222 3628 1285 ado-

1984 1308 2184 1380 ptatur
2226 1302 2587 1383 baptismate
2647 1327 2677 1366 a
2739 1307 2911 1386 Lino,
2966 1312 3067 1390 qui
3101 1324 3226 1373 erat
3254 1311 3443 1392 ipsius
3473 1313 3635 1375 Petri

1984 1392 2147 1482 sedis
2177 1402 2236 1454 et
2288 1395 2514 1457 virtutis
2573 1414 2911 1460 successor.
2974 1403 3123 1461 Cum
3155 1408 3353 1462 autem
3385 1402 3460 1463 ad
3494 1419 3634 1482 per-

1986 1481 2296 1545 fectiorem
2336 1487 2711 1563 pervenisset
2739 1497 2998 1569 aatatem,
3038 1490 3459 1571 perfectiorem
3490 1481 3636 1574 quo-

1990 1590 2112 1649 que
2140 1574 2388 1651 gratiam
2421 1578 2835 1654 consequitur.
2870 1577 3005 1660 Ipse
3050 1580 3212 1642 enim
3249 1580 3428 1643 simul
3456 1600 3637 1661 auge-

1991 1662 2184 1744 batur,
2213 1674 2270 1725 et
2300 1672 2387 1725 sui
2423 1666 2757 1747 accipiebat
2797 1668 3263 1752 incrementum,
3296 1678 3357 1732 et
3386 1689 3638 1752 magnus

1989 1752 2120 1832 ejus
2149 1770 2320 1815 amor
2350 1754 2409 1815 in
2445 1755 2748 1820 Christum
2802 1758 3170 1823 reddebatur
3216 1760 3408 1840 major
3436 1770 3495 1824 et
3523 1762 3641 1825 fer-

1930 1879 1966 1929 B
1987 1843 2248 1906 ventior.

2068 1931 2142 1997 ll.
2179 1930 2321 1996 Cum
2353 1952 2494 1997 vero
2545 1936 2808 2017 pietatis,
2871 1956 3005 2020 qua;
3034 1946 3163 2001 erat
3212 1938 3272 2000 in
3325 1938 3480 2023 ipso,
3539 1943 3637 2010 fax

1989 2022 2163 2085 valde
2191 2033 2348 2085 esset
2374 2025 2436 2086 in
2463 2025 2647 2087 altum
2703 2027 2963 2105 sublata,
3023 2040 3083 2091 et
3140 2029 3358 2092 multos
3385 2022 3632 2096 adeum

1990 2120 2247 2194 vocaret,
2276 2123 2338 2176 et
2369 2114 2657 2177 tumultus
2688 2124 2747 2178 et
2777 2120 3130 2179 continuum
3164 2136 3373 2181 eorum
3406 2121 3508 2202 qui
3556 2124 3633 2186 ad

1990 2203 2186 2284 ipsum
2230 2204 2599 2269 accedebant
2654 2208 2975 2270 adventum
3032 2207 3367 2283 declinans,
3428 2213 3638 2297 statuit

1996 2296 2244 2373 patriam
2277 2303 2338 2357 et
2373 2315 2511 2357 suos
2540 2297 2882 2378 relinquere
2911 2301 3309 2373 necessaries,
3339 2307 3395 2362 et
3417 2303 3642 2365 versari

1994 2384 2054 2445 in
2081 2385 2296 2461 aliena,
2333 2395 2397 2447 ut
2426 2395 2483 2447 et
2514 2407 2651 2449 cum
2685 2406 2779 2462 eo,
2807 2407 2983 2469 quem
3023 2390 3425 2467 desiderabat,
3461 2410 3636 2455 seor-

1993 2494 2125 2534 sum
2160 2476 2694 2556 eolloqueretur,et
2714 2481 2915 2540 multis
2940 2480 3296 2560 praedicaret
3327 2482 3635 2563 pietatem.

1995 2564 2138 2626 Cum
2173 2584 2315 2643 ergo
2344 2567 2778 2643 haereditatem,
2811 2587 2943 2650 quae
2988 2570 3062 2632 ad
3109 2589 3243 2632 eum
3277 2573 3634 2653 pertinebat,

1993 2658 2325 2736 accepisset
2350 2676 2385 2718 a
2416 2658 2787 2741 parentibus,
2816 2659 3125 2741 egreditur
3152 2678 3184 2722 θ
3215 2662 3443 2743 patria:
3477 2670 3537 2725 et
3568 2682 3639 2725 ex

1996 2764 2109 2805 una
2135 2746 2369 2809 civitate
2401 2748 2704 2812 transiens
2759 2750 2821 2811 in
2876 2752 3077 2825 aliam,
3134 2752 3205 2814 ad
3246 2770 3641 2834 quoscunque

1993 2835 2363 2911 accessisset,
2401 2836 2476 2899 iis
2505 2856 2681 2919 opem
2712 2838 2940 2900 ferebat
2967 2858 3043 2901 ex
3073 2840 3198 2903 suis
3230 2841 3637 2909 facultatibus.

1994 2922 2226 3014 Deinde
2257 2926 2433 2987 etiam
2466 2927 2556 2988 eis
2585 2928 2812 3008 majora
2841 2929 3279 3009 suppeditabat,
3318 2940 3384 2994 ut
3412 2932 3640 3014 quieos

1992 3012 2317 3076 deduceret
2369 3016 2443 3077 ad
2495 3035 2693 3078 veram
2743 3017 3047 3081 Trinitatis
3095 3012 3522 3099 cognitionem.
3561 3023 3640 3086 Et

1991 3122 2126 3164 cum
2157 3104 2424 3167 venisset
2457 3107 2842 3182 Placentiam,
2870 3116 2928 3170 et
2957 3111 3312 3173 accessisset
3360 3110 3641 3175 Mediola-

1432 3202 1657 3267 Ἰταλίας
1719 3202 1905 3259 ’Λνου-

1996 3196 2443 3267 num,convenit
2476 3198 2824 3260 Gervasium
2859 3209 2918 3261 et
2971 3202 3305 3263 l’rotasium
3335 3202 3495 3266 viros
3525 3203 3637 3265 ad-

253 3295 402 3353 λίνου
436 3294 521 3352 διὰ
550 3297 646 3363 την
687 3296 760 3357 εἷς
796 3295 1018 3372 Χριστὸν
1066 3293 1357 3372 ὁμολογίαν
1404 3294 1736 3374 γενομένοις,
1784 3306 1906 3357 ταῖς

1996 3284 2323 3360 mirabiles,
2345 3292 2445 3368 qui
2480 3288 2551 3349 ab
2584 3288 2769 3350 Italiae
2806 3290 3051 3371 quidem
3086 3292 3342 3373 praeside
3370 3293 3636 3355 Anulino

256 3384 723 3463 παραδοξοποιίαις
768 3382 822 3440 δὲ
888 3386 973 3439 καὶ
1031 3398 1144 3449 τοῖς
1202 3386 1432 3461 Οαύμασι
1486 3387 1573 3441 καὶ
1629 3387 1761 3462 πρὸς
1814 3385 1907 3448 τὰς

1996 3374 2110 3454 iam
2144 3375 2380 3437 fuerant
2410 3381 2471 3438 in
2506 3397 2807 3442 carcerem
2840 3380 3059 3443 inclusi
3104 3391 3349 3464 propter
3377 3401 3544 3445 suam
3574 3383 3638 3446 in

255 3477 486 3556 ὁμόρους
518 3476 701 3556 χώρας
732 3473 1151 3555 ἐφαπλομένοις,

340 3746 430 3811 I".
479 3744 758 3825 Ἐντυχοὼν
801 3746 889 3801 οὖν
924 3756 1041 3808 τοῖς
1094 3742 1339 3811 ἀνδράσιν
1387 3746 1414 3799 ὁ
1462 3748 1606 3808 θεῖος
1654 3745 1910 3824 Ναζάριος

255 3843 325 3912 τῇ
358 3859 417 3893 τε
461 3840 561 3903 τῆς
606 3836 835 3892 πίστεως
880 3837 967 3890 καὶ
1011 3842 1078 3911 τῇ
1124 3840 1220 3901 τῆς
1266 3834 1458 3912 ἀρετῆς
1490 3836 1736 3907 κοινωνίᾳ
1779 3836 1909 3890 τού-

254 3901 377 3990 τους
439 3927 726 3989 οἷκειωθεῖς
785 3925 1076 4003 (ἐγγίνεται
1135 3926 1238 4004 γάρ
1293 3947 1343 3980 τι
1398 3923 1612 4005 φίλτρον
1658 3936 1774 3987 τοῖς
1806 3931 1910 3979 τῶν

255 4016 395 4074 ἴσων
428 4016 618 4095 ἐρῶσιν
648 4018 753 4096 οὐχ
781 4018 943 4083 ἧττον
974 4014 1010 4083 ἢ
1041 4028 1157 4077 τοῖς
1208 4018 1300 4071 τοῦ
1352 4014 1511 4071 αὖτοῦ
1570 4018 1911 4073 κοινωνοῧσιν

256 4106 547 4187 αἵματος),
602 4107 733 4182 πρὸς
793 4107 890 4173 τὴν
977 4106 1262 4181 μαρτυρίαν
1348 4106 1536 4169 αὖτοὺς
1606 4104 1906 4186 ὑπαλείφει,

256 4200 351 4253 καὶ
394 4197 545 4277 θήγει
602 4199 809 4261 τούτοις
854 4198 949 4252 τὸν
978 4199 1109 4273 πρὸς
1143 4196 1365 4273 Χριστὸν
1398 4194 1589 4275 ἔρωτα,
1641 4197 1909 4252 Ἐντευοεν

259 4293 355 4343 τοῦ
397 4286 580 4367 ἀνδρὸς
639 4289 797 4368 φήμη
856 4286 1170 4366 πανταχόσε
1230 4284 1533 4343 διαδοθεϊσα
1594 4287 1774 4367 φθάνει
1821 4285 1914 4343 καὶ

256 4377 427 4458 μέχρι
485 4384 579 4435 τοῦ
635 4377 899 4457 ἄρχοντος
943 4375 1271 4433 ⁹Ανουλίνου.
1332 4377 1392 4434 Ὃ
1446 4374 1499 4432 δὲ
1559 4377 1913 4455 παραστησά-

256 4490 423 4545 μενος
482 4469 575 4523 τὸν
610 4464 870 4546 Ναζάριον
901 4465 999 4523 οἶα
1029 4462 1324 4537 σύμϐουλός
1369 4486 1427 4521 τε
1461 4466 1603 4541 αὒτῴ
1658 4468 1915 4523 καθίστα-

1992 3463 2290 3527 Christum
2322 3468 2807 3547 confessionem;
2862 3471 2937 3532 iis
2991 3463 3387 3554 autem,quse
3416 3474 3641 3537 ﬁebant

1993 3563 2212 3634 praeter
2242 3558 2507 3619 omnium
2540 3561 2912 3640 opinionem,
2941 3568 3000 3623 et
3031 3563 3333 3625 miraculis
3364 3564 3646 3628 extende-

1992 3643 2211 3707 bantur
2241 3649 2395 3709 fama
2426 3653 2499 3710 ad
2532 3650 2821 3713 ﬁnitimas
2852 3652 3029 3713 etiam
3057 3651 3356 3732 regiones.

2076 3735 2332 3799 llICum
2367 3756 2468 3800 eos
2492 3758 2630 3819 ergo
2664 3741 2899 3802 divinus
2931 3744 3311 3804 convenisset
3331 3745 3640 3821 Nazarius,

1994 3824 2131 3886 tidei
2153 3835 2209 3885 et
2230 3826 2467 3888 virtutis
2491 3832 2919 3891 communione
2940 3831 3029 3892 eis
3067 3833 3313 3893 effectus
3330 3833 3642 3897 familiaris

1998 3914 2410 3994 (ingeneratur
2439 3918 2597 3979 enim
2623 3920 2864 3999 quidam
2897 3937 3067 3982 amor
3096 3921 3154 3983 in
3182 3922 3254 3983 iis
3283 3924 3387 4003 qui
3408 3942 3645 3986 earum-

1994 4004 2129 4065 dem
2163 4023 2367 4067 rerum
2401 4026 2607 4069 amore
2639 4019 2944 4086 tenentur,
2978 4029 3098 4072 non
3142 4011 3341 4073 minus
3372 4033 3548 4095 quam
3577 4016 3635 4077 in

1995 4095 2476 4175 consanguineis)
2506 4097 2923 4180 eosinc1tat,et
2954 4100 3042 4160 eis
3073 4101 3340 4162 animum
3373 4102 3539 4165 addit
3566 4103 3641 4166 ad

1997 4188 2366 4266 martyrium,
2402 4187 2674 4250 etreddit
2695 4191 2988 4251 acriorem
3014 4207 3223 4251 eorum
3248 4190 3308 4251 in
3338 4191 3642 4255 Christum

1998 4293 2287 4337 amorem.
2322 4275 2474 4337 Hinc
2505 4277 2733 4339 Nazarii
2766 4280 2922 4340 fama
2945 4282 3005 4340 in
3022 4298 3262 4343 omnem
3300 4292 3528 4361 partem
3552 4283 3643 4344 di-

1999 4382 2227 4446 Spersa,
2265 4369 2534 4445 pervenit
2564 4369 2742 4430 etiam
2778 4389 2969 4451 usque
2998 4371 3067 4431 ad
3093 4372 3405 4452 praesidem
3437 4371 3646 4433 Anuli-

1999 4474 2165 4519 num.
2199 4455 2306 4520 Ille
2339 4468 2535 4519 autem
2571 4479 2703 4521 cum
2750 4460 2878 4521 sisti
2910 4473 3176 4523 curasset
3206 4460 3544 4545 Nazarium,
3581 4462 3648 4526 ﬁt

253 4579 372 4632 ται,
420 4557 509 4613 καὶ
539 4557 617 4633 μὴ
645 4556 862 4614 ἀσεϐεῖν
907 4553 1042 4629 μηδὲ
1104 4553 1385 4634 ἐνυϐρίζειν
1428 4558 1499 4622 εἰς
1547 4557 1667 4620 τοὺς
1714 4556 1907 4616 ἐκείνου

2002 4546 2058 4607 ei
2083 4554 2361 4629 tanquam
2397 4550 2797 4625 consiliarius,
2833 4560 2891 4613 et
2939 4552 3153 4614 suadet
3186 4570 3259 4613 ne
3290 4553 3367 4613 sit
3395 4551 3641 4634 impius,

253 4649 409 4711 θεοὺς
467 4661 721 4725 παραινεῖ
756 4665 767 4682 ⁸
838 4646 963 4703 εἶτα
1022 4644 1207 4713 ἐπειδὴ
1255 4646 1393 4725 ἔγνω
1447 4649 1538 4703 τὸν
1591 4647 1743 4725 ἅγιον
1798 4646 1915 4704 ουδὲ

2002 4656 2113 4698 nec
2144 4638 2304 4700 illius
2334 4638 2478 4700 deos
2510 4639 2746 4720 probris
2800 4642 3126 4704 insectctur
3156 4650 3215 4704 et
3243 4643 3645 4707 contumeliis.

255 4737 432 4805 ἀκοῆς
470 4736 615 4803 ἀξίαν
646 4737 947 4814 ἡγούμενον
975 4737 1073 4805 τὴν
1119 4737 1277 4793 αὐτοῦ
1329 4736 1656 4812 συμκουλὴν,
1699 4738 1765 4811 (τί
1818 4738 1907 4816 γὰρ

1998 4726 2229 4790 Deinde
2281 4738 2593 4810 postquam
2652 4733 2927 4810 cognovit
2984 4742 3256 4794 sanctum
3290 4751 3366 4795 ne
3398 4732 3646 4813 dignum

255 4827 432 4891 οὕτως
510 4825 816 4898 ἐπιτήδειον
872 4828 947 4892 εἰς
1019 4824 1164 4906 ὕϐριν
1238 4829 1310 4891 ὡς
1367 4828 1435 4882 τὰ
1501 4825 1838 4906 βδελόγματα
1873 4838 1907 4903 ς]

2001 4819 2272 4898 quidem,
2305 4822 2463 4900 quod
2516 4821 2851 4904 audiretur,
2887 4831 3096 4904 putare
3123 4824 3444 4886 consilium
3480 4823 3649 4905 (quid

257 4917 410 4975 παίει
468 4917 607 4973 κατὰ
661 4924 769 4975 τῶν
800 4917 1069 4997 σιαγόνων
1122 4915 1345 4993 πολλὰς,
1380 4919 1468 4974 καί
1499 4918 1677 4996 ὥσπερ
1705 4941 1755 4975 τι
1786 4916 1907 4997 οῗγος

2002 4909 2164 4969 enim
2196 4918 2288 4971 est
2338 4911 2414 4972 ad
2471 4911 2708 4991 probris
2755 4914 3161 4994 appetendum
3214 4914 3435 4995 aptius,
3471 4932 3647 4997 quam

257 5009 288 5065 ὁ
332 5005 688 5085 ἐναγὲστατος
732 5008 939 5083 ἀτίμως
1004 5008 1160 5066 αὐτὸν
1205 5006 1299 5074 τῆς
1349 5005 1559 5070 πόλεως
1603 5006 1914 5072 ἀπελαύνει,

257 5104 431 5156 Τοῦτο
460 5094 517 5153 δὲ
548 5095 660 5171 ὅσῳ
690 5097 829 5177 μέγα
871 5100 944 5162 εἷς
1000 5098 1262 5175 τιμωρίαν
1307 5096 1477 5154 ἐδόκει
1533 5102 1612 5172 τῷ
1667 5095 1914 5179 δικαστῃ,

256 5187 504 5262 τοσούτῳ
537 5194 723 5264 μεῖζον
755 5189 830 5253 εἰς
861 5188 1166 5266 εὐεργεσίαν
1199 5188 1457 5266 ἐλογίσθη
1488 5194 1566 5263 τῷ
1621 5190 1865 5269 Ναζαρίῳ
1896 5205 1912 5221 ⁸

258 5276 342 5335 ὅτι
388 5277 487 5335 καῗ
517 5276 743 5357 πληγῶν
774 5277 859 5335 διὰ
888 5280 980 5335 τὸν
1023 5278 1154 5357 ὑπὲρ
1203 5280 1364 5338 αὐτοῦ
1411 5280 1645 5336 παθόντα
1690 5280 1918 5358 Χριστὸν

256 5367 483 5437 ἠξίωτο.
547 5366 724 5445 Ἐξῂει
765 5368 940 5427 τοίνυν
993 5370 1053 5426 οὗ
1082 5368 1331 5445 σιωπῶν,
1365 5367 1482 5427 οὐδὲ
1532 5369 1632 5438 τὴν
1676 5369 1916 5449 γλῶτταν

259 5455 530 5539 ἅῳθογγος
590 5461 678 5516 καὶ
728 5466 807 5535 τῷ
863 5458 967 5515 δέει
1013 5457 1413 5535 πεπεδημένος,
1459 5457 1598 5517 ἀλλὰ
1642 5465 1740 5526 τῆς
1802 5483 1921 5517 συν-

261 5551 424 5620 ήθους
470 5547 739 5632 ἐχόμενος
769 5547 1132 5626 διδασκαλίας,
1167 5550 1256 5607 καὶ
1288 5549 1520 5615 πολλοὺς
1554 5556 1663 5607 τῶν
1682 5550 1921 5608 ἀπίστων

264 5637 405 5698 εἴσω
460 5639 559 5710 τῆς
620 5642 713 5698 τοῦ
765 5647 996 5720 Χριστοῦ
1069 5639 1309 5721 σαγήνης
1368 5642 1717 5720 ποιούμενος.
1777 5643 1922 5701 Κατὰ

262 5733 396 5815 γοῦν
450 5730 552 5803 τὴν
606 5730 773 5791 νύκτα
841 5733 1054 5800 εκείνην
1119 5730 1289 5793 ἐδόκει
1347 5733 1592 5815 Ναζαρίῳ
1643 5734 1680 5803 ἡ
1741 5732 1922 5815 μήτηρ

1999 5001 2191 5061 multa
2212 5019 2345 5081 quae
2362 5000 2638 5063 coluntur
2660 5003 3039 5084 simulacra?)
3064 5003 3195 5083 ejus
3218 5004 3473 5067 maxillis
3497 5004 3652 5067 mul-

2003 5104 2091 5153 tos
2116 5097 2382 5170 impengit
2405 5097 2757 5170 colaphos,et
2790 5107 3060 5170 tanquam
3089 5099 3321 5169 atzquod
3352 5098 3649 5169 piaculum

2002 5182 2094 5244 vir
2124 5183 2527 5245 exsecranJus
2557 5200 2691 5244 eum
2714 5199 2849 5242 cum
2877 5183 3099 5263 probro
3131 5189 3190 5243 et
3209 5182 3510 5246 dedecore
3542 5201 3641 5246 ex-

2002 5273 2170 5356 pellit
2200 5290 2232 5333 e
2259 5273 2519 5335 civitate.
2554 5269 2681 5334 Hoc
2709 5280 2907 5333 autem
2939 5280 3225 5353 quantum
3250 5272 3443 5353 judici
3474 5274 3648 5336 vide-

2003 5364 2177 5426 batur
2228 5381 2508 5443 magnum
2553 5362 2627 5424 ad
2677 5361 3061 5443 supplicium,
3119 5372 3345 5425 tantum
3398 5363 3651 5427 Nazario

2005 5452 2407 5516 existimatum
2430 5460 2520 5515 est
2544 5453 2734 5533 majus
2756 5453 2829 5513 ad
2854 5452 3409 5534 beneficium,quod
3433 5452 3651 5533 dignus

2005 5544 2244 5608 habitus
2276 5543 2355 5606 sit
2388 5546 2588 5625 plagas
2609 5541 2885 5624 accipere
2918 5552 3160 5627 propter
3187 5545 3515 5620 Christum,
3548 5544 3653 5625 qui

2006 5653 2115 5718 pro
2143 5635 2274 5716 ipso
2306 5653 2517 5717 passus
2546 5633 2957 5714 est.Egressus
2986 5642 3079 5697 est
3107 5650 3249 5713 ergo
3281 5651 3402 5696 non
3433 5632 3645 5708 silens,

2008 5745 2209 5807 neque
2258 5726 2516 5809 elinguis
2550 5743 2621 5789 ac
2665 5733 2886 5807 mutus,
2921 5731 2978 5787 et
3033 5733 3192 5786 metu
3222 5724 3481 5800 vinctus,
3540 5724 3651 5787 sed
