4086 6402
452 344 571 417 899

1691 343 2076 407 ΑΠΠΕΝΠΑ.
2139 376 2219 390 —-
2280 342 2574 408 JUNIUS.

3715 339 3841 411 900

455 499 710 569 pergens
731 481 951 544 docere
975 487 1037 540 ut
1058 485 1468 550 consueverat,
1506 485 1582 569 et_
1584 477 1799 538 multos
1822 475 2076 569 inﬁdele:

2181 476 2442 533 ἐπιστᾶσα
2500 473 2816 553 προτρέπειν
2875 474 3017 547 αὖτῷ
3098 474 3186 531 καὶ
3269 473 3362 538 τὰς
3427 479 3533 530 τῶν
3590 473 3839 532 Γαλλιῶν

454 564 753 639 inducens
782 570 937 632 intra
959 570 1176 632 Christi
1209 585 1510 645 sagenam.
1548 565 1731 627 Porro
1763 575 1957 627 autem
1992 564 2093 625 illa

451 676 626 729 nocte
646 664 767 724 visa
789 671 880 721 est
914 668 1101 720 mater
1139 658 1385 721 Nazario
1411 657 1647 729 adesse,
1684 665 1741 716 et
1774 674 1909 716 eum
1941 656 2086 716 hor-

454 756 589 822 tari.
625 762 688 814 ut
717 750 911 813 obiret
968 748 1172 810 Galliae
1219 748 1509 820 civitates,
1546 754 1605 807 et
1652 746 1712 806 in
1747 746 1837 807 eis
1860 746 2094 825 jaceret

454 844 683 908 semina
711 839 997 911 veritatis,
1034 838 1139 900 Ille
1162 846 1386 909 autem,
1417 853 1476 896 ut
1500 835 1554 898 ei
1583 856 1617 898 ιι
1646 844 1835 898 matre
1865 837 2090 897 dictum

449 929 831 1008 fuerat,venit
858 927 1091 989 Meiiam
1118 936 1446 995 testantem
1470 944 1539 988 ea
1568 945 1683 988 una
1714 925 1918 987 Gallia;
1948 926 2090 987 civi-

448 1032 582 1099 tas),
627 1029 688 1082 et
716 1036 949 1098 omnes,
976 1037 1128 1099 quos
1167 1017 1571 1090 convenisset,
1601 1016 1848 1078 deducit
1877 1017 1947 1077 ad
1985 1017 2090 1079 Dei

446 1110 871 1191 cognitionem,
906 1116 964 1169 et
994 1117 1197 1187 aperte
1227 1107 1508 1188 praedicat
1544 1112 1846 1185 pietatem.

527 1199 625 1264 1V.
651 1196 895 1262 Interim
919 1206 1118 1258 autem
1142 1196 1215 1257 ad
1239 1215 1377 1258 eum
1403 1195 1638 1258 accedit
1668 1196 1889 1257 femina
1921 1215 2090 1273 quaa-

446 1291 582 1355 dam
602 1286 855 1350 illustris
874 1296 934 1348 et
954 1307 1021 1347 ex
1049 1287 1257 1367 primis
1281 1286 1559 1360 civitatis,
1586 1286 1890 1347 adducens
1911 1305 2093 1366 quem

446 1380 701 1444 habebat
738 1377 925 1439 ﬁlium
960 1377 1200 1437 nomine
1247 1375 1535 1450 Celsium,
1590 1376 1714 1455 jam
1748 1385 1869 1436 tres
1900 1395 2090 1438 annos

450 1482 679 1548 natum,
706 1476 764 1529 et
792 1467 1039 1547 deponit
1060 1467 1254 1545 ipsum
1279 1466 1337 1527 in
1362 1466 1492 1546 ejus
1518 1465 1790 1526 manibus
1817 1483 1829 1526 :
1864 1464 2090 1547 Seque-

451 1571 547 1625 tur
579 1569 636 1623 te
664 1557 763 1620 hic
796 1575 968 1637 puer,
1002 1557 1235 1637 dicens,
1283 1556 1341 1617 in
1396 1556 1558 1617 omni
1591 1557 1703 1628 via,
1741 1558 1932 1618 donec
1964 1562 2091 1637 ipso

448 1667 683 1733 quoque
707 1648 928 1726 dignus
953 1649 1339 1722 evaserit,qui
1365 1648 1612 1707 sistatur
1643 1655 1780 1707 ante
1808 1647 2085 1708 thronum

442 1739 681 1805 Domini
707 1735 953 1800 Christi.
992 1737 1062 1798 Et
1088 1737 1187 1796 illa
1212 1736 1455 1813 quidem
1494 1737 1773 1798 discedit.
1804 1738 2087 1800 Nazarius

2177 569 2475 644 περιελθεῖν
2541 562 2749 643 πόλεις,
2825 564 2911 620 καὶ
2996 563 3211 627 ταύταις
3266 565 3333 619 τὰ
3395 563 3674 642 σπέρματα
3733 569 3838 632 τῆς

2176 656 2424 723 ἀληθείας
2481 653 2828 714 καταϐαλεῖν.
2882 645 2939 711 Ὀ
3012 652 3065 709 δὲ
3124 655 3227 710 ὑπὸ
3284 656 3382 721 τῆς
3440 656 3646 731 μητρὸς
3690 656 3841 728 αῦτῷ

2176 747 2456 824 εἰρημένον
2501 745 2554 799 ἐν
2600 749 2668 819 τῇ
2712 742 2880 817 Mali;
2942 741 3119 821 (πόλις
3164 740 3219 798 δὲ
3263 742 3399 809 αῦτη
3430 747 3537 799 των
3568 742 3840 816 Γαλλιῶν)

2177 838 2401 914 γίνεται,
2434 835 2636 898 πάντας
2679 854 2736 888 τε
2767 834 2855 897 οἷς
2900 832 2964 888 ἄν
3008 833 3352 912 συνενεχθεέη
3403 835 3535 911 πρὸς
3594 836 3841 911 θεογνω-

2178 928 2293 980 σίαν
2349 921 2667 1001 καθοδηγεϊ,
2728 923 2815 978 καὶ
2876 921 3229 999 ἀνακηρύττει
3273 923 3476 1001 τρανῶς
3535 923 3630 991 τὴν
3676 921 3840 980 εὗσέ-

2179 1012 2349 1077 ϐειαν,

2261 1192 2340 1249 Δ¹.
2396 1193 2486 1249 Ἐν
2543 1194 2714 1266 τούτῳ
2766 1194 2821 1249 δὲ
2877 1192 3118 1269 πρόσεισί
3175 1213 3256 1255 τις
3322 1194 3470 1265 αῦτῷ
3519 1192 3655 1267 γυνη
3722 1193 3836 1250 τῶν

2176 1283 2444 1363 ἐπιφανῶν
2503 1300 2557 1338 τε
2616 1286 2707 1339 καὶ
2765 1284 2992 1361 πρώτων
3053 1287 3121 1358 τῇ
3164 1281 3342 1359 πόλει,
3396 1283 3451 1337 ὃν
3496 1285 3622 1361 εἶχε
3655 1281 3832 1340 παῖδα

2178 1373 2397 1430 Κέλσιον
2428 1373 2789 1451 προσάγουσα,
2851 1374 3024 1450 τρίτον
3069 1372 3184 1434 ἔτος
3228 1370 3332 1439 ἤδη
3393 1376 3677 1449 γεγονότα,
3738 1373 3830 1429 καὶ

2174 1476 2296 1525 ταῖς
2360 1464 2515 1518 αὒτοῦ
2568 1466 2723 1541 χερσὶ
2782 1462 3144 1537 παρατίθεται,
3208 1460 3584 1532 Ἀκολουθήσω
3651 1484 3737 1519 σοι
3797 1465 3828 1519 ὃ

2170 1567 2301 1617 πινς
2345 1553 2494 1612 οὗτος
2529 1552 2583 1607 ἐν
2615 1554 2764 1628 πάσῃ
2801 1550 2925 1625 ὁδῷ,
2961 1554 3205 1623 εἰποῦσα,
3247 1553 3347 1614 ἕως
3378 1553 3466 1607 καὶ
3498 1553 3653 1616 αὐτὸς
3684 1552 3827 1618 ἄξιος

2170 1642 2391 1719 γένηται
2466 1650 2541 1716 τῷ
2599 1650 2690 1700 τοῦ
2754 1646 3026 1698 ,δεσπότου
3086 1648 3308 1719 Χριστοῦ
3364 1643 3535 1717 θρόνῳ
3604 1665 3831 1717 συμπα-

2168 1738 2448 1806 ραστῆναι,
2514 1742 2545 1789 li
2564 1734 2607 1787 2i
2664 1735 2699 1800 ἡ
2746 1732 2844 1805 μὲν
2876 1730 3317 1787 ἀπαλλάττεται·
3366 1735 3393 1787 ὁ
3441 1730 3493 1786 δὲ
3524 1729 3695 1800 ἡδέως
3738 1734 3836 1789 τὸν

442 1839 640 1893 autem
665 1825 1229 1888 infantemlibentcr
1276 1825 1512 1904 accipit,
1551 1844 1723 1905 quem
1758 1844 2076 1906 propemo-

2171 1821 2337 1877 παῖδα
2376 1820 2592 1901 δέχεται
2625 1826 2710 1877 καὶ
2742 1824 2906 1895 μονον
2938 1820 3032 1877 οὒκ
3060 1822 3146 1876 ἐπὶ
3191 1820 3296 1876 τῶν
3338 1820 3591 1898 ἀγκαλῶν
3640 1822 3832 1900 περιέ-

444 1921 584 1981 dum
616 1920 671 1978 in
694 1917 852 1978 ulnis
876 1914 1635 1995 circninferebat.Cumque
1662 1933 1868 1995 preces
1894 1916 2082 1977 dixis-

440 2018 531 2073 set
562 2015 903 2079 consuetas,
955 2024 1090 2066 cum
1146 2022 1250 2086 per
1305 2007 1662 2083 baptismum
1725 2005 1909 2066 efﬁcit
1962 2006 2083 2067 Deo

436 2098 787 2161 familiarem
825 2117 839 2156 :
875 2094 1155 2176 quoniam
1190 2112 1301 2157 nec
1367 2095 1545 2155 alium
1603 2104 1843 2155 noverat
1876 2114 2080 2156 verum

438 2189 751 2262 honorem,
785 2186 898 2246 nisi
920 2204 1054 2247 cum
1080 2184 1202 2246 Deo
1226 2185 1714 2265 conjunctionem
1739 2195 1794 2245 et
1820 2185 2078 2249 familia-

434 2280 693 2341 ritatem.
719 2275 816 2339 Sic
839 2294 978 2355 ergo
999 2293 1064 2336 se
1089 2274 1316 2336 habens
1342 2276 1646 2354 Nazarius,
1673 2283 1726 2334 et
1750 2273 2074 2337 Galliarum

435 2370 697 2432 civitates
721 2368 804 2428 sic
826 2366 1098 2428 doctrina
1113 2365 1544 2445 complectens,
1584 2385 1657 2425 ne
1690 2365 1925 2426 illarum
1949 2368 2079 2447 qni~

434 2460 569 2522 dem
602 2458 915 2539 praesidem
949 2454 1719 2531 latuitDinobaum.ltaque
1749 2457 2077 2517 accersitus

432 2552 505 2612 ad
529 2568 691 2623 eum,
722 2548 883 2608 venit
904 2565 1038 2608 cum
1067 2564 1252 2625 puero
1275 2544 1475 2607 Celsio
1507 2555 1651 2606 :ete
1683 2564 1804 2622 quo
1836 2544 2075 2625 quidem

432 2657 652 2720 genere
684 2646 844 2699 esset
874 2636 1441 2716 natus,quihusnam
1470 2644 1665 2697 autem
1706 2635 2074 2715 parentibus,

433 2744 495 2793 et
523 2731 830 2808 cuiusnam
870 2728 951 2787 sit
981 2726 1310 2807 religionis,
1343 2729 1715 2806 perenntanti
1756 2724 2021 2788 Dinobao
2056 2745 2071 2787 :

428 2818 552 2900 Ego
583 2818 851 2900 quidem,
890 2815 1099 2898 inquit,
1129 2834 1352 2894 genere
1374 2833 1502 2875 sum
1526 2813 1866 2892 Romanus;
1898 2815 2074 2878 Chri-

430 2913 681 2971 stianam
702 2914 898 2968 autem
924 2923 1145 2985 sequor
1165 2904 1544 2982 religionem,
1581 2912 1643 2965 et
1667 2902 1851 2964 Deum
1885 2904 2072 2965 conﬁ-

2168 1932 2345 1991 φερεν,
2408 1912 2574 1990 εὒχάς
2643 1933 2702 1966 τε
2772 1910 2914 1983 αὒτῷ
2971 1911 3063 1975 τας
3124 1911 3363 1980 συνήθεις
3441 1910 3677 1989 ἐπιλέγει
3736 1913 3829 1968 καὶ

2170 2004 2361 2057 nixam!
2420 2002 2535 2075 Θεῷ
2595 2000 2680 2056 διὰ
2728 2002 2821 2057 τοῦ
2875 2001 3213 2076 βιπτίματος
3257 2021 3266 2031 ·
3314 1998 3429 2055 ἐπεὶ
3489 1998 3627 2075 μηδὲ
3657 2001 3830 2076 τιμὴν

2168 2090 2349 2166 ἑτέραν
2396 2090 2512 2167 ⁹ᾔδει
2561 2089 2815 2158 ἀληθινὴν
2848 2089 2928 2145 ὅτι
2961 2089 3039 2164 μὴ
3072 2092 3198 2166 πρὸς
3230 2092 3291 2146 τὸ
3342 2097 3499 2146 Θεῖον
3532 2091 3824 2154 οἰκείωσιν,

2168 2181 2318 2239 Οὕτω
2375 2189 2651 2259 τοιγαροῦν
2712 2179 2856 2259 ἔχων
2919 2180 3174 2257 Ναζαίριος
3229 2185 3319 2237 καὶ
3362 2179 3502 2235 οὕτω
3560 2181 3654 2245 τὰς
3715 2181 3827 2237 τῶν

2164 2270 2406 2326 Γαλλιυῦν
2464 2270 2646 2335 πόλεις
2710 2278 2776 2344 τῇ
2835 2268 3144 2343 διδασκαλίᾳ
3201 2269 3636 2348 περιλαμϐάνων,
3697 2270 3822 2330 οὐδὲ

2160 2364 2251 2417 τὸν
2308 2362 2543 2441 ἄρχοντα
2590 2368 2776 2418 τοῦτον
2840 2358 3124 2416 Δεινόὸαον
3182 2358 3446 2431 ἐλελήθει,
3506 2358 3645 2417 ἀλλᾶ
3709 2383 3815 2436 με-

2162 2451 2472 2527 ταπεμπτός
2507 2472 2563 2507 τε
2608 2450 2750 2523 αὒτῷ
2808 2452 2942 2524 μετᾶ
2991 2457 3081 2506 τοῦ
3141 2448 3327 2513 παιδὸς
3368 2449 3494 2516 ἥκει
3558 2449 3811 2525 Κελσίου,

2161 2543 2248 2596 καὶ
2308 2540 2428 2596 οἴου
2486 2540 2586 2616 μὲν
2644 2539 2828 2617 γένους
2891 2537 3007 2618 ἔφυ,
3059 2540 3213 2595 τίνων
3272 2537 3326 2594 δὲ
3372 2539 3638 2619 πατέρων,
3674 2544 3821 2607 τίνος

2161 2632 2215 2689 δὲ
2272 2634 2554 2711 θρησκείας
2633 2632 2744 2689 ἐστὶ
2822 2633 3199 2706 πυνθανομένῳ
3279 2629 3570 2714 Δεινοιϐαῳ,
3643 2633 3819 2712 Ἐγὼ,

2161 2723 2286 2803 ἔφη,
2336 2725 2396 2779 τὸ
2453 2724 2550 2798 μὲν
2606 2723 2756 2798 γένος
2804 2724 2910 2798 εἰμὶ
2958 2714 3252 2797 Ῥωμαῖος,
3316 2721 3590 2801 πρεσϐεύω
3650 2722 3706 2780 δὲ
3754 2727 3826 2781 τὰ

2159 2819 2511 2893 Χριστιανῶν,
2568 2815 2654 2869 καὶ
2718 2814 2848 2868 Θεὸν
2921 2810 3176 2889 ὁμολογῶ
3240 2814 3331 2868 τὸν
3388 2812 3820 2892 ἐσταυρωμένον,

2157 2906 2288 2963 Τότε
2348 2902 2563 2981 λέγεται
2618 2904 2749 2978 πρὸς
2808 2903 2971 2980 ὀργὴν
3025 2902 3306 2968 κινηθέντα
3341 2902 3646 2976 Δεινὸϐαον,
3691 2914 3821 2961 Δαι-

2159 2996 2343 3071 μόνιον
2398 2994 2570 3073 ἔχεις,
2604 2994 2786 3072 φάναι.
2828 2993 2899 3048 ’Ἡ
2956 2994 3006 3048 τί
3036 3014 3097 3071 γε
3132 2990 3262 3050 ἄλλο
3296 2994 3328 3060 ἡ
3358 2994 3591 3061 τοσαύτη
3623 2996 3817 3070 βούλε-

430 3009 561 3061 teor
589 3016 748 3077 eum,
780 2994 882 3078 qui
925 2995 1033 3058 fuit
1063 2996 1410 3057 cruciﬁxus.
1459 2992 1629 3055 Tune
1664 2993 1856 3055 fertur
1888 2995 2075 3055 Dino-

430 3089 603 3161 bans,
635 3086 707 3148 ad
741 3087 889 3148 iram
924 3085 1417 3166 motus,dixisse:
1456 3083 1653 3147 Habes
1685 3083 2070 3148 daemonium.

2167 3085 2243 3140 ταί
2278 3106 2355 3140 σοι
2391 3083 2614 3161 φλυαρία
2652 3098 2666 3155 ;
2703 3086 2809 3141 Οὐκ
2840 3081 2954 3136 ἔστι
2987 3103 3070 3136 σοι
3124 3083 3304 3161 πατήρ
3340 3103 3356 3154 ;
3409 3083 3503 3138 οὐκ
3533 3084 3644 3139 ἔστι
3696 3087 3813 3159 p.15-

427 3178 580 3251 Quid
599 3177 758 3238 enim
798 3174 958 3237 aliud
983 3174 1099 3236 sibi
1129 3164 1332 3236 volunt
1365 3174 1456 3235 hae
1489 3184 1666 3234 tanta:
1692 3189 1864 3251 nugae
1885 3173 1916 3233 ?
1945 3174 2073 3235 Non

2346 3164 2359 3184 ⁸
2451 3171 2491 3190 κς
2655 3171 2677 3190 κ
2796 3172 2806 3193 ,
3748 3177 3759 3192 ἱ

2167 3192 2310 3252 "ip;
2364 3182 2403 3231 Ο
2446 3192 2524 3252 οε,
2562 3175 2619 3228 Εἰ
2650 3192 2923 3247 οαιμονιον
2977 3171 3165 3251 εἶχον,
3206 3172 3388 3248 εἶπεν,
3450 3177 3545 3232 οὐχ
3601 3175 3655 3229 ἂν
3715 3174 3803 3239 οὓς

428 3278 524 3331 est
554 3266 661 3327 tibi
693 3269 910 3345 pater?
965 3282 1082 3324 non
1135 3273 1227 3325 est
1252 3262 1357 3323 tibi
1393 3261 1753 3324 mater?llla
1788 3279 1926 3323 vero
1962 3278 1975 3319 :
2013 3261 2076 3325 Si

2167 3261 2331 3326 σέϐεις
2391 3261 2640 3337 δαίμονας
2697 3262 2760 3315 σὺ
2808 3260 2987 3332 αῦτὸς,
3042 3263 3279 3340 ᾑσχυνον
3334 3265 3421 3318 καὶ
3480 3260 3811 3342 καθύϐριζον,

428 3357 791 3420 daemonium
838 3352 1149 3427 haberem,
1203 3352 1419 3432 inquit,
1453 3370 1571 3413 non
1602 3368 1753 3432 quos
1808 3359 1867 3412 tu
1901 3351 2072 3426 colis,

2167 3354 2260 3411 Καὶ
2317 3354 2344 3407 ὁ
2406 3349 2714 3430 Δεινόϐαος,
2751 3350 2828 3426 μὴ
2861 3352 3152 3430 κατασχὼν
3198 3352 3296 3418 τὴν
3328 3354 3543 3433 μανίαν,
3589 3356 3680 3409 τὸν
3713 3354 3816 3429 μὲν

427 3446 732 3509 daemones
764 3444 1093 3504 insectarer
1118 3442 1362 3523 probris
1392 3450 1448 3503 et
1474 3441 2072 3505 contumeliis.Dino-

2167 3439 2327 3501 παῖδα
2388 3440 2609 3499 Κέλσιον
2659 3446 2766 3497 τῶν
2822 3439 3021 3497 ἐκείνου
3085 3448 3284 3521 χειρῶν
3314 3441 3630 3508 ἀποσπάσας
3660 3443 3813 3511 πλη-

428 3534 577 3596 bans
603 3541 798 3594 autem
835 3531 1096 3594 furorem
1129 3552 1245 3593 non
1279 3532 1480 3593 valens
1538 3533 1875 3607 continere,
1936 3551 2070 3594 cum

2167 3545 2281 3610 γατς
2341 3528 2617 3588 ἐπιϐάλλει
2675 3529 2734 3586 οὒ
2795 3544 3085 3610 φορηταῖς,
3135 3533 3162 3586 ὁ
3216 3545 3347 3595 παῖς
3378 3544 3501 3596 ταῖς
3532 3534 3687 3612 φρεσὶ
3719 3535 3813 3590 τὸν

426 3642 678 3706 puerum
698 3622 937 3703 quidem
967 3620 1226 3685 Celsium
1260 3621 1731 3683 abstraxissetex
1758 3622 1915 3685 illius
1949 3642 2068 3685 ma-

2167 3620 2341 3678 πολιὸν
2392 3623 2491 3687 τὴν
2550 3622 2756 3677 σύνεσιν
2800 3641 2813 3659 ·
2869 3625 2987 3677 εἶτα
3042 3621 3129 3677 καὶ
3188 3626 3255 3697 τῇ
3312 3623 3491 3698 sip/scf.
3520 3619 3810 3704 ἐμϐάλλει,

423 3702 623 3794 nibus,
684 3702 1080 3774 intolerandis
1136 3730 1271 3774 eum
1338 3712 1522 3793 plagis
1570 3712 1771 3794 afﬁcit,
1826 3712 2067 3793 ingenio

2167 3712 2532 3788 ταμιευόμενος
2566 3713 2639 3775 εἷς
2691 3712 2791 3778 τὴν
2833 3712 3132 3788 ὑστεραίαν.
3187 3702 3246 3767 ’Π
3305 3710 3405 3790 γάρ
3438 3710 3614 3778 πολλὴ
3644 3702 3811 3785 ὠμόέ

416 3822 568 3884 puer
599 3822 762 3880 eum,
798 3802 899 3883 qui
934 3811 1267 3864 eratcanus
1292 3802 1633 3883 prudentia.
1664 3803 1891 3866 Deinde
1928 3822 2062 3865 eum

2167 3825 2246 3871 της
2305 3806 2391 3861 καὶ
2445 3803 2810 3881 ἀπάνθρωπον
2873 3802 2988 3859 οὐδὲ
3066 3801 3279 3868 ἡλικίας
3356 3804 3496 3875 αῦτῷ
3555 3805 3813 3871 τοιαύτης

414 3893 658 3974 conjicit
688 3893 747 3954 in
774 3892 1199 3973 carcerem,,in
1229 3904 1582 3974 sequentem
1606 3893 1764 3955 diem
1799 3911 1933 3956 eum
1960 3912 2061 3955 re-

2167 3894 2203 3950 ῖλ
2384 3892 2465 3949 ρδλ
2593 3892 2698 3914 ,να
2852 3893 2877 3913 α
2926 3916 2945 3926 ρ
3052 3892 3076 3911 η
3233 3893 3246 3912 1
3384 3894 3410 3949 ὸ
3499 3891 3557 3949 ,ιλ
3733 3894 3765 3904 ..

2167 3916 2295 3952 ,εον
2351 3916 2411 3951 ο)
2447 3917 2535 3949 ινα
2596 3914 2783 3972 εοιοου,
2850 3914 2981 3971 οπερ
3041 3915 3103 3948 αν
3161 3914 3249 3948 και
3308 3914 3379 3970 πρ
3417 3915 3442 3957 ς
3492 3915 3523 3947 α
3560 3916 3661 3973 ογα
3693 3902 3811 3965 ζωα

415 4000 678 4045 servans.
713 3981 920 4061 Magna
951 3981 1109 4042 enim
1146 3982 1469 4044 crudelitas
1501 3992 1558 4043 et
1608 3983 1668 4044 in
1723 3983 2063 4044 humanitas

2167 3986 2229 4041 Lai
2278 3986 2410 4064 πρὸς
2469 3985 2629 4060 νεαρὰ
2659 3985 2794 4064 φυτᾶ
2852 3982 3224 4063 φιλάνθρωπος
3282 3983 3441 4040 πάθοι
3486 3985 3667 4062 ψυχὴ,
3712 3985 3811 4042 καί

417 4090 491 4134 ne
513 4072 755 4134 tantulae
774 4072 1016 4153 quidem
1037 4072 1225 4133 aetatis
1246 4072 1593 4134 movebatur
1616 4072 2052 4135 misericordia.

2167 4073 2351 4153 ιειδοῦς
2385 4074 2515 4130 αὐτὰ
2544 4073 2837 4139 ἀξιώσειεν.
2874 4071 3133 4154 Ἰἰδὲχετο
3186 4073 3284 4147 μὲν
3335 4072 3425 4129 οῦν
3477 4072 3574 4138 τας
3632 4074 3807 4131 ἀνυπο

416 4161 586 4235 Quod
617 4161 859 4244 quidem
905 4162 1083 4224 etiam
1136 4162 1193 4223 in
1230 4163 1403 4225 bruta
1434 4162 1760 4224 animantia
1793 4173 1849 4224 et
1883 4183 2061 4226 novas

2167 4166 2351 4228 μίστους
2382 4163 2595 4242 πληγὰς
2641 4160 2724 4219 διὰ
2772 4165 3001 4242 Χριστὸν
3046 4161 3214 4230 ἡδέως
3277 4165 3304 4219 ὁ
3359 4176 3494 4226 παῖς
3555 4163 3805 4239 Κέλσιος,

415 4254 644 4335 plantas
672 4252 955 4314 clementi
982 4261 1044 4315 et
1092 4252 1364 4329 benigna:
1413 4255 1679 4315 evenerit
1702 4252 1956 4330 animae;
1991 4272 2061 4314 ea

2167 4260 2298 4310 ςοῦτο
2330 4254 2491 4330 μόνον
2522 4252 2849 4329 ψελλιζούση
2913 4252 3134 4332 γλώσσῃ
3198 4253 3683 4334 ἐπιφθεγγόμενος,
3744 4246 3805 4313 Ὀ

412 4362 669 4426 namque
700 4344 901 4422 digna,
928 4341 1152 4422 quibus
1185 4351 1482 4420 precatur,
1511 4343 1839 4406 censuerit.
1866 4344 2058 4423 Atque

2167 4345 2296 4421 956;,
2352 4346 2396 4417 ᾧ
2454 4343 2561 4421 ἐγὼ
2613 4342 2879 4419 λατρεύω,
2943 4342 3097 4409 αὒτὸς
3154 4365 3213 4399 σε
3273 4357 3467 4423 κρινεῖ,
3529 4343 3799 4402 δικαστασ

410 4431 818 4495 intolerabiles
835 4432 1077 4511 quidem
1100 4432 1299 4512 plagas
1320 4444 1563 4514 propter
1583 4432 1888 4495 Christum
1915 4450 2064 4511 puer

2167 4435 2231 4488 ιαί
2290 4435 2622 4508 παρακνίζων
2666 4434 2761 4489 καί
2821 4436 2973 4495 αδτὸς
3055 4431 3338 4492 Δεινόϐαον
3396 4435 3474 4510 τῷ
3530 4436 3650 4513 περὶ
3709 4437 3804 4492 τὸν

409 4523 670 4586 libenter
688 4520 1020 4601 accipiebat
1052 4520 1688 4603 Celsius,balbutientc
1720 4522 1917 4598 lingua
1949 4521 2060 4581 hoc

2167 4523 2367 4597 [ριστὸν
2419 4522 2589 4601 πόθῳ,
2654 4524 2892 4603 καθάπερ
2949 4522 3135 4597 πολλῴ
3194 4524 3451 4604 πρότερον
3513 4522 3800 4590 Ἰουδαίους

412 4613 604 4675 solum
632 4611 879 4673 dicens:
932 4610 1111 4685 Deus,
1140 4613 1239 4674 cui
1264 4632 1374 4694 ego
1396 4615 1615 4684 servio,
1646 4614 1775 4693 ipse
1808 4620 1863 4672 te
1885 4611 2057 4692 judi-

2226 4613 2332 4667 τῶν
2382 4611 2584 4679 ηλίκων
2654 4612 2851 4670 παίδων
2909 4615 3104 4693 χορὸς,
3165 4615 3448 4689 ὑμνοῦντες
3507 4616 3599 4673 τὸν
3670 4618 3802 4693 ὲμὸν

413 4701 594 4777 cabit,
636 4720 669 4762 ο
711 4701 917 4783 judex,
972 4701 1215 4765 irritans
1267 4704 1394 4784 ipse
1438 4721 1683 4784 quoque
1717 4700 2052 4763 Dinobaum

2167 4709 2372 4777 Ιησοῦν,
2403 4704 2490 4759 καὶ
2526 4703 2681 4760 αἶνον
2714 4704 2855 4779 αὐτῷ
2886 4705 3311 4782 καταρτίζοντες.

413 4800 657 4873 prapter
703 4810 876 4854 suum
922 4793 982 4853 in
1014 4794 1272 4856 Cristum
1317 4792 1710 4870 desiderium,
1747 4792 1905 4854 sicut
1945 4795 2045 4855 diu
2091 4803 2228 4858 ante
2285 4791 2525 4855 Judaaos
2572 4794 2895 4876 aequalium
2947 4810 3270 4874 puerorum
3325 4796 3566 4874 chorus,
3597 4814 3800 4861 meum

413 4886 613 4947 Jesum
640 4882 870 4963 hymnis
901 4882 1277 4946 celebrantes
1308 4893 1364 4945 et
1401 4883 1639 4945 laudem
1672 4883 1725 4944 ei
1760 4884 2163 4963 perﬁcientes.

494 4971 566 5034 V.
601 4972 877 5044 Qumdam
908 4982 1107 5037 autem
1136 4972 1390 5053 insignis
1421 4972 1668 5054 femina,
1696 4972 1943 5037 nomine
1962 4975 2061 5039 Di-

411 5062 960 5145 nomeda,consnlit
991 5064 1229 5143 conjugi
1252 5061 1532 5144 Dinobai,
1556 5072 1619 5124 ut
1646 5063 1895 5127 suadeat
1928 5084 2059 5127 ma-

408 5155 618 5228 rito,ut
652 5164 956 5217 moveatur
988 5152 1408 5214 misericordia
1439 5155 1606 5234 pueri
1645 5152 1855 5229 aetatis,
1881 5166 1942 5216 et
1972 5154 2059 5215 si-

412 5243 531 5305 mul
562 5241 738 5307 etiam
796 5243 1068 5307 absolvat
1124 5241 1463 5305 Nazarium.
1499 5240 1606 5306 Illa
1659 5252 1863 5306 autem
1930 5245 2058 5307 haec

411 5335 620 5397 marito
661 5333 1091 5405 communicat,
1120 5332 1423 5413 quomodo
1471 5333 1611 5396 olim
1647 5352 1794 5395 uxor
1848 5334 2056 5398 Pilato.

414 5425 710 5489 Postridie
728 5426 931 5504 itaque
952 5440 1086 5485 cum
1109 5422 1315 5485 sedem
1335 5423 1715 5503 iudiciariam
1747 5426 2060 5487 ascendis-

410 5525 503 5578 set
534 5515 856 5586 Dinobaus,
897 5525 958 5573 et
1000 5512 1351 5574 adduxisset
1398 5512 1733 5590 Nazarium,
1775 5516 2064 5577 suadebat

412 5625 518 5689 pro
550 5605 793 5681 viribus,
854 5613 919 5667 ut
977 5605 1373 5667 assentiretur
1423 5604 1743 5688 impietati.
1802 5607 1890 5669 Ne
1921 5624 2057 5667 eum

412 5698 571 5763 enim
598 5704 739 5758 tunc
769 5694 1031 5778 puniret,
1074 5694 1473 5779 prohibebant
1494 5695 1697 5761 uxoris
1717 5696 2054 5760 suasiones.

2229 4975 2309 5036 E’.
2345 4976 2482 5044 Γυνὴ
2511 4973 2566 5031 δέ
2596 4994 2676 5040 τις
2705 4980 2808 5032 τῶν
2842 4972 3230 5055 περιϐλέπτων,
3266 4976 3434 5052 ὄνομα
3481 4978 3800 5055 Δεινομέδα,

2144 5066 2489 5143 συμϐουλεύει
2518 5071 2589 5141 τῇ
2638 5063 2906 5139 Δεινοϐάῳ
2965 5067 3154 5123 οἶκτον
3191 5072 3290 5135 τῆς
3320 5076 3414 5126 τοῦ
3458 5067 3646 5135 παιδὸς
3677 5070 3805 5139 ἡλι-

2142 5158 2260 5220 κίας
2304 5159 2392 5213 καὶ
2449 5159 2610 5215 αὐτοῦ
2660 5156 2924 5231 Ναζαρίου
2953 5152 3165 5232 λαϐεῖν,
3212 5158 3300 5214 καὶ
3332 5157 3445 5234 ἅμα
3503 5157 3559 5215 δέ
3620 5159 3803 5231 Nazi-

2144 5268 2252 5327 ριον
2307 5245 2591 5306 ἀπολῦσαι.
2629 5235 2693 5301 Ἠ
2723 5242 2776 5301 δὲ
2806 5246 2886 5321 τῷ
2918 5244 3062 5325 ἀνδρί
3088 5268 3145 5303 τε
3176 5258 3341 5308 ταῦτα
3376 5255 3799 5328 κοινολογετται,
3848 5256 3859 5273 ⁸

2147 5337 2242 5398 οἷά
2286 5358 2416 5394 ποτε
2472 5336 2620 5415 τάχα
2678 5336 2713 5403 ἡ
2772 5337 2987 5415 γαμετὴ
3031 5343 3107 5411 τῷ
3153 5336 3398 5417 Φιλάτῳ,
3432 5340 3517 5396 καὶ
3549 5345 3616 5416 τῇ
3642 5340 3805 5397 ὑστε-

2146 5428 2267 5506 ραία
2326 5426 2423 5488 ἐπὶ
2474 5427 2565 5483 τὸν
2620 5422 2924 5482 δικαστικὸν
2986 5426 3171 5507 θρόνον
3248 5425 3449 5491 ἀναϐὰς
3515 5428 3805 5497 Δεινόϐαος

2141 5519 2235 5573 τὸν
2293 5516 2552 5592 Ναζάριόν
2616 5537 2673 5572 τε
2738 5516 2956 5595 ἀγαγὼν
3020 5518 3243 5596 παρῄνει
3306 5517 3379 5583 ὡς
3423 5520 3545 5578 οἶόν
3588 5542 3643 5576 τε
3675 5543 3803 5577 συν-

2140 5607 2317 5664 θέσθαι
2374 5608 2441 5679 τῇ
2475 5603 2709 5679 ἀσεϐείᾳ,
2748 5606 3001 5679 Κολαζειν
3031 5609 3131 5688 γὰρ
3186 5608 3321 5673 τέως
3355 5612 3514 5669 αὐτὸν
3566 5610 3804 5669 ἐκώλυον

2140 5701 2193 5756 αἱ
2253 5696 2593 5779 παραινέσεις
2634 5701 2735 5767 τῆς
2791 5701 3063 5777 γτναικός.
3122 5699 3271 5758 Ἐπεὶ
3329 5698 3382 5758 δὲ
3443 5702 3645 5761 πείθειν
3703 5701 3799 5760 οὐκ
