  <div class='ocr_page' id='page_1' title='image "/cluster/home/n/w/nwhite01/storage/ocr_20150623/116:no.3/coo.31924054870203/458.png"; bbox 0 0 4086 6440; ppageno 0'>
   <div class='ocr_carea' id='block_1_1' title="bbox 284 350 378 425">
    <p class='ocr_par' dir='ltr' id='par_1_1' title="bbox 284 350 378 425">
     <span class='ocr_line' id='line_1_1' title="bbox 284 350 378 425; baseline -0.032 0"><span class='ocrx_word' id='word_1_1' title='bbox 284 350 378 425; x_wconf 74' lang='grc'><strong>901</strong></span> 
     </span>
    </p>
   </div>
   <div class='ocr_carea' id='block_1_2' title="bbox 1315 354 2609 425">
    <p class='ocr_par' dir='ltr' id='par_1_2' title="bbox 1315 354 2609 425">
     <span class='ocr_line' id='line_1_2' title="bbox 1315 354 2609 425; baseline -0.002 -1"><span class='ocrx_word' id='word_1_2' title='bbox 1315 354 1505 425; x_wconf 85' lang='lat' dir='ltr'><strong>VITA</strong></span> <span class='ocrx_word' id='word_1_3' title='bbox 1564 356 1628 423; x_wconf 89' lang='lat' dir='ltr'><strong>S.</strong></span> <span class='ocrx_word' id='word_1_4' title='bbox 1675 356 1996 424; x_wconf 82' lang='lat' dir='ltr'><strong>NAZARII</strong></span> <span class='ocrx_word' id='word_1_5' title='bbox 2040 359 2141 423; x_wconf 90' lang='lat' dir='ltr'><strong>ET</strong></span> <span class='ocrx_word' id='word_1_6' title='bbox 2199 355 2609 424; x_wconf 81' lang='lat' dir='ltr'><strong>SOCIORUM.</strong></span> 
     </span>
    </p>
   </div>
   <div class='ocr_carea' id='block_1_3' title="bbox 3533 356 3652 432">
    <p class='ocr_par' dir='ltr' id='par_1_3' title="bbox 3533 356 3652 432">
     <span class='ocr_line' id='line_1_3' title="bbox 3533 356 3652 432; baseline 0.008 -1"><span class='ocrx_word' id='word_1_7' title='bbox 3533 356 3652 432; x_wconf 73' lang='lat'><strong>902</strong></span> 
     </span>
    </p>
   </div>
   <div class='ocr_carea' id='block_1_4' title="bbox 290 491 1948 580">
    <p class='ocr_par' dir='ltr' id='par_1_4' title="bbox 290 491 1948 574">
     <span class='ocr_line' id='line_1_4' title="bbox 290 491 1948 574; baseline 0.002 -24"><span class='ocrx_word' id='word_1_8' title='bbox 290 494 436 574; x_wconf 78' lang='grc' dir='ltr'>εἶχε,</span> <span class='ocrx_word' id='word_1_9' title='bbox 477 494 578 560; x_wconf 65' lang='grc' dir='ltr'>τῆς</span> <span class='ocrx_word' id='word_1_10' title='bbox 614 492 817 557; x_wconf 82' lang='grc' dir='ltr'>πόλεως</span> <span class='ocrx_word' id='word_1_11' title='bbox 863 491 1145 553; x_wconf 76' lang='grc' dir='ltr'>ἄπελαύνὲι</span> <span class='ocrx_word' id='word_1_12' title='bbox 1191 495 1284 551; x_wconf 82' lang='grc' dir='ltr'>τὸν</span> <span class='ocrx_word' id='word_1_13' title='bbox 1331 493 1512 574; x_wconf 74' lang='grc' dir='ltr'>ἄνδρα,</span> <span class='ocrx_word' id='word_1_14' title='bbox 1558 495 1740 570; x_wconf 75' lang='grc' dir='ltr'>πράως</span> <span class='ocrx_word' id='word_1_15' title='bbox 1789 496 1948 553; x_wconf 53' lang='grc' dir='ltr'>οὕτως</span> 
     </span>
    </p>
   </div>
   <div class='ocr_carea' id='block_1_5' title="bbox 2035 491 3657 580">
    <p class='ocr_par' dir='ltr' id='par_1_5' title="bbox 2035 497 3657 580">
     <span class='ocr_line' id='line_1_5' title="bbox 2035 497 3657 580; baseline 0.007 -24"><span class='ocrx_word' id='word_1_16' title='bbox 2035 499 2325 576; x_wconf 71' lang='lat' dir='ltr'><strong>’oslquam</strong></span> <span class='ocrx_word' id='word_1_17' title='bbox 2356 505 2555 559; x_wconf 89' lang='lat' dir='ltr'><strong>autem</strong></span> <span class='ocrx_word' id='word_1_18' title='bbox 2591 517 2709 560; x_wconf 78' lang='lat' dir='ltr'><strong>non</strong></span> <span class='ocrx_word' id='word_1_19' title='bbox 2763 497 2955 580; x_wconf 86' lang='lat' dir='ltr'><strong>potuit</strong></span> <span class='ocrx_word' id='word_1_20' title='bbox 2983 498 3368 579; x_wconf 83' lang='lat' dir='ltr'><strong>persuadere,</strong></span> <span class='ocrx_word' id='word_1_21' title='bbox 3393 519 3526 565; x_wconf 87' lang='lat' dir='ltr'><strong>eum</strong></span> <span class='ocrx_word' id='word_1_22' title='bbox 3561 521 3657 567; x_wconf 85' lang='lat' dir='ltr'><strong>ex-</strong></span> 
     </span>
    </p>
   </div>
   <div class='ocr_carea' id='block_1_6' title="bbox 285 580 1921 663">
    <p class='ocr_par' dir='ltr' id='par_1_6' title="bbox 285 580 1921 663">
     <span class='ocr_line' id='line_1_6' title="bbox 285 580 1921 663; baseline 0.002 -23"><span class='ocrx_word' id='word_1_23' title='bbox 285 585 405 663; x_wconf 78' lang='grc' dir='ltr'>πρὸς</span> <span class='ocrx_word' id='word_1_24' title='bbox 457 584 614 640; x_wconf 65' lang='grc' dir='ltr'>αὐτὸν</span> <span class='ocrx_word' id='word_1_25' title='bbox 657 580 1010 662; x_wconf 77' lang='grc' dir='ltr'>φθεγξάμενος</span> <span class='ocrx_word' id='word_1_26' title='bbox 1046 603 1064 619; x_wconf 77' lang='grc' dir='ltr'><strong><em>ο</em></strong></span> <span class='ocrx_word' id='word_1_27' title='bbox 1097 586 1160 642; x_wconf 71' lang='grc' dir='ltr'>Αἰ</span> <span class='ocrx_word' id='word_1_28' title='bbox 1206 590 1307 652; x_wconf 79' lang='grc' dir='ltr'>τῆς</span> <span class='ocrx_word' id='word_1_29' title='bbox 1357 585 1577 663; x_wconf 75' lang='grc' dir='ltr'>συζύγου</span> <span class='ocrx_word' id='word_1_30' title='bbox 1618 605 1722 660; x_wconf 91' lang='grc' dir='ltr'><strong>μου</strong></span> <span class='ocrx_word' id='word_1_31' title='bbox 1780 609 1921 660; x_wconf 88' lang='grc' dir='ltr'>συμ-</span> 
     </span>
    </p>
   </div>
   <div class='ocr_carea' id='block_1_7' title="bbox 2008 587 3657 668">
    <p class='ocr_par' dir='ltr' id='par_1_7' title="bbox 2008 587 3657 668">
     <span class='ocr_line' id='line_1_7' title="bbox 2008 587 3657 668; baseline 0.006 -20"><span class='ocrx_word' id='word_1_32' title='bbox 2008 587 2174 666; x_wconf 76' lang='lat' dir='ltr'><strong>pellit</strong></span> <span class='ocrx_word' id='word_1_33' title='bbox 2204 605 2238 649; x_wconf 88' lang='lat' dir='ltr'><strong>e</strong></span> <span class='ocrx_word' id='word_1_34' title='bbox 2268 588 2528 661; x_wconf 87' lang='lat' dir='ltr'><strong>civitate,</strong></span> <span class='ocrx_word' id='word_1_35' title='bbox 2560 589 2647 651; x_wconf 92' lang='lat' dir='ltr'><strong>sic</strong></span> <span class='ocrx_word' id='word_1_36' title='bbox 2680 607 2815 651; x_wconf 92' lang='lat' dir='ltr'><strong>eum</strong></span> <span class='ocrx_word' id='word_1_37' title='bbox 2863 588 3095 668; x_wconf 79' lang='lat' dir='ltr'><strong>placide</strong></span> <span class='ocrx_word' id='word_1_38' title='bbox 3120 590 3415 654; x_wconf 75' lang='lat' dir='ltr'><strong>allocutus</strong></span> <span class='ocrx_word' id='word_1_39' title='bbox 3449 613 3462 655; x_wconf 93' lang='lat'><strong>:</strong></span> <span class='ocrx_word' id='word_1_40' title='bbox 3496 592 3657 657; x_wconf 70' lang='grc' dir='ltr'>Πτοι-</span> 
     </span>
    </p>
   </div>
   <div class='ocr_carea' id='block_1_8' title="bbox 286 669 1948 754">
    <p class='ocr_par' dir='ltr' id='par_1_8' title="bbox 286 669 1924 754">
     <span class='ocr_line' id='line_1_8' title="bbox 286 669 1924 754; baseline 0 -23"><span class='ocrx_word' id='word_1_41' title='bbox 286 669 480 731; x_wconf 78' lang='grc' dir='ltr'>6ουλίαι</span> <span class='ocrx_word' id='word_1_42' title='bbox 506 673 684 739; x_wconf 80' lang='grc' dir='ltr'>πάσης</span> <span class='ocrx_word' id='word_1_43' title='bbox 713 670 983 748; x_wconf 76' lang='grc' dir='ltr'>ἐλεύθερον</span> <span class='ocrx_word' id='word_1_44' title='bbox 1034 674 1219 754; x_wconf 77' lang='grc' dir='ltr'>ἆφιᾶσί</span> <span class='ocrx_word' id='word_1_45' title='bbox 1269 696 1329 732; x_wconf 79' lang='grc' dir='ltr'><strong>σε</strong></span> <span class='ocrx_word' id='word_1_46' title='bbox 1384 676 1669 753; x_wconf 79' lang='grc' dir='ltr'>τιμωρίας.</span> <span class='ocrx_word' id='word_1_47' title='bbox 1721 674 1924 733; x_wconf 68' lang='grc' dir='ltr'>’Ἄπει-</span> 
     </span>
    </p>
   </div>
   <div class='ocr_carea' id='block_1_9' title="bbox 2035 669 3661 754">
    <p class='ocr_par' dir='ltr' id='par_1_9' title="bbox 2035 676 3661 747">
     <span class='ocr_line' id='line_1_9' title="bbox 2035 676 3661 747; baseline 0.006 -11"><span class='ocrx_word' id='word_1_48' title='bbox 2035 676 2091 738; x_wconf 88' lang='lat' dir='ltr'><strong>is</strong></span> <span class='ocrx_word' id='word_1_49' title='bbox 2142 695 2287 738; x_wconf 57' lang='lat' dir='ltr'><strong>mea;</strong></span> <span class='ocrx_word' id='word_1_50' title='bbox 2318 677 2561 740; x_wconf 87' lang='lat' dir='ltr'><strong>consilia</strong></span> <span class='ocrx_word' id='word_1_51' title='bbox 2620 686 2679 740; x_wconf 91' lang='lat' dir='ltr'><strong>te</strong></span> <span class='ocrx_word' id='word_1_52' title='bbox 2730 678 2984 741; x_wconf 91' lang='lat' dir='ltr'><strong>liberum</strong></span> <span class='ocrx_word' id='word_1_53' title='bbox 3038 678 3347 742; x_wconf 81' lang='lat' dir='ltr'><strong>dimittunt</strong></span> <span class='ocrx_word' id='word_1_54' title='bbox 3374 684 3449 744; x_wconf 85' lang='lat' dir='ltr'><strong>ab</strong></span> <span class='ocrx_word' id='word_1_55' title='bbox 3495 687 3661 747; x_wconf 90' lang='lat' dir='ltr'><strong>omni</strong></span> 
     </span>
    </p>
   </div>
   <div class='ocr_carea' id='block_1_10' title="bbox 288 761 1948 847">
    <p class='ocr_par' dir='ltr' id='par_1_10' title="bbox 288 761 1923 843">
     <span class='ocr_line' id='line_1_10' title="bbox 288 761 1923 843; baseline 0.002 -23"><span class='ocrx_word' id='word_1_56' title='bbox 288 785 361 820; x_wconf 88' lang='grc' dir='ltr'><strong>σιν</strong></span> <span class='ocrx_word' id='word_1_57' title='bbox 413 761 505 819; x_wconf 77' lang='grc' dir='ltr'>οὖν</span> <span class='ocrx_word' id='word_1_58' title='bbox 550 763 757 819; x_wconf 75' lang='grc' dir='ltr'>ἐκεῖθεν</span> <span class='ocrx_word' id='word_1_59' title='bbox 816 764 1075 839; x_wconf 79' lang='grc' dir='ltr'>Ναζάριος</span> <span class='ocrx_word' id='word_1_60' title='bbox 1132 765 1277 843; x_wconf 77' lang='grc' dir='ltr'>παρὰ</span> <span class='ocrx_word' id='word_1_61' title='bbox 1328 765 1429 833; x_wconf 77' lang='grc' dir='ltr'>τὴν</span> <span class='ocrx_word' id='word_1_62' title='bbox 1460 767 1671 841; x_wconf 88' lang='grc' dir='ltr'>γείτονα</span> <span class='ocrx_word' id='word_1_63' title='bbox 1701 769 1923 842; x_wconf 86' lang='grc' dir='ltr'>Τίμερον</span> 
     </span>
    </p>
   </div>
   <div class='ocr_carea' id='block_1_11' title="bbox 2035 761 3666 847">
    <p class='ocr_par' dir='ltr' id='par_1_11' title="bbox 2035 766 3666 847">
     <span class='ocr_line' id='line_1_11' title="bbox 2035 766 3666 847; baseline 0.008 -23"><span class='ocrx_word' id='word_1_64' title='bbox 2035 766 2294 829; x_wconf 67' lang='grc' dir='ltr'>ιτυοίθιιι.</span> <span class='ocrx_word' id='word_1_65' title='bbox 2341 767 2511 830; x_wconf 92' lang='lat' dir='ltr'><strong>lllinc</strong></span> <span class='ocrx_word' id='word_1_66' title='bbox 2540 786 2682 847; x_wconf 83' lang='lat' dir='ltr'><strong>ergo</strong></span> <span class='ocrx_word' id='word_1_67' title='bbox 2712 767 2837 829; x_wconf 91' lang='lat' dir='ltr'><strong>abit</strong></span> <span class='ocrx_word' id='word_1_68' title='bbox 2864 766 3143 831; x_wconf 88' lang='lat' dir='ltr'><strong>Nazarius</strong></span> <span class='ocrx_word' id='word_1_69' title='bbox 3168 769 3229 832; x_wconf 90' lang='lat' dir='ltr'><strong>in</strong></span> <span class='ocrx_word' id='word_1_70' title='bbox 3262 770 3515 834; x_wconf 79' lang='lat' dir='ltr'><strong>vicinam</strong></span> <span class='ocrx_word' id='word_1_71' title='bbox 3548 773 3666 837; x_wconf 84' lang='lat' dir='ltr'><strong>Te-</strong></span> 
     </span>
    </p>
   </div>
   <div class='ocr_carea' id='block_1_12' title="bbox 287 850 1923 934">
    <p class='ocr_par' dir='ltr' id='par_1_12' title="bbox 287 850 1923 934">
     <span class='ocr_line' id='line_1_12' title="bbox 287 850 1923 934; baseline 0.002 -24"><span class='ocrx_word' id='word_1_72' title='bbox 287 853 412 930; x_wconf 82' lang='grc' dir='ltr'>μετὰ</span> <span class='ocrx_word' id='word_1_73' title='bbox 468 859 560 909; x_wconf 81' lang='grc' dir='ltr'>τοῦ</span> <span class='ocrx_word' id='word_1_74' title='bbox 607 850 796 919; x_wconf 71' lang='grc' dir='ltr'>παιδὸς</span> <span class='ocrx_word' id='word_1_75' title='bbox 855 854 1076 911; x_wconf 73' lang='grc' dir='ltr'>Κελσίοιι</span> <span class='ocrx_word' id='word_1_76' title='bbox 1109 870 1123 884; x_wconf 88' lang='grc'>⁶</span> <span class='ocrx_word' id='word_1_77' title='bbox 1172 853 1328 918; x_wconf 82' lang='grc' dir='ltr'>πόλις</span> <span class='ocrx_word' id='word_1_78' title='bbox 1358 853 1413 911; x_wconf 81' lang='grc' dir='ltr'><strong>δὲ</strong></span> <span class='ocrx_word' id='word_1_79' title='bbox 1445 858 1478 923; x_wconf 81' lang='grc' dir='ltr'><strong>ἡ</strong></span> <span class='ocrx_word' id='word_1_80' title='bbox 1520 856 1744 934; x_wconf 87' lang='grc' dir='ltr'>Τίμερος</span> <span class='ocrx_word' id='word_1_81' title='bbox 1788 857 1923 924; x_wconf 73' lang='grc' dir='ltr'>αὕτη</span> 
     </span>
    </p>
   </div>
   <div class='ocr_carea' id='block_1_13' title="bbox 284 943 1926 1022">
    <p class='ocr_par' dir='ltr' id='par_1_13' title="bbox 284 943 1926 1022">
     <span class='ocr_line' id='line_1_13' title="bbox 284 943 1926 1022; baseline 0.003 -24"><span class='ocrx_word' id='word_1_82' title='bbox 284 944 362 999; x_wconf 83' lang='grc' dir='ltr'><strong>καὶ</strong></span> <span class='ocrx_word' id='word_1_83' title='bbox 414 947 524 999; x_wconf 86' lang='grc' dir='ltr'><strong>τῶν</strong></span> <span class='ocrx_word' id='word_1_84' title='bbox 581 943 882 1022; x_wconf 77' lang='grc' dir='ltr'><strong>προσοίκων</strong></span> <span class='ocrx_word' id='word_1_85' title='bbox 950 948 1020 1020; x_wconf 78' lang='grc' dir='ltr'>τῇ</span> <span class='ocrx_word' id='word_1_86' title='bbox 1080 945 1270 1016; x_wconf 78' lang='grc' dir='ltr'>Μελίᾳ,</span> <span class='ocrx_word' id='word_1_87' title='bbox 1359 945 1491 1021; x_wconf 82' lang='grc' dir='ltr'>Παρ⁹</span> <span class='ocrx_word' id='word_1_88' title='bbox 1552 946 1685 1022; x_wconf 69' lang='grc' dir='ltr'>αὐτῇ</span> <span class='ocrx_word' id='word_1_89' title='bbox 1759 948 1926 1003; x_wconf 80' lang='grc' dir='ltr'>τοίνυν</span> 
     </span>
    </p>
   </div>
   <div class='ocr_carea' id='block_1_14' title="bbox 284 1033 1930 1110">
    <p class='ocr_par' dir='ltr' id='par_1_14' title="bbox 284 1033 1930 1110">
     <span class='ocr_line' id='line_1_14' title="bbox 284 1033 1930 1110; baseline 0.004 -22"><span class='ocrx_word' id='word_1_90' title='bbox 284 1033 496 1109; x_wconf 76' lang='grc' dir='ltr'><strong>διῃτᾶτο</strong></span> <span class='ocrx_word' id='word_1_91' title='bbox 556 1045 681 1097; x_wconf 79' lang='grc' dir='ltr'>ταῖς</span> <span class='ocrx_word' id='word_1_92' title='bbox 742 1034 863 1110; x_wconf 86' lang='grc' dir='ltr'>περὶ</span> <span class='ocrx_word' id='word_1_93' title='bbox 914 1039 1048 1092; x_wconf 78' lang='grc' dir='ltr'>Θεοῦ</span> <span class='ocrx_word' id='word_1_94' title='bbox 1097 1034 1189 1091; x_wconf 83' lang='grc' dir='ltr'><strong>καί</strong></span> <span class='ocrx_word' id='word_1_95' title='bbox 1222 1034 1386 1098; x_wconf 81' lang='grc' dir='ltr'>θείαις</span> <span class='ocrx_word' id='word_1_96' title='bbox 1429 1034 1652 1100; x_wconf 73' lang='grc' dir='ltr'><strong>ἐκείναις</strong></span> <span class='ocrx_word' id='word_1_97' title='bbox 1685 1034 1930 1094; x_wconf 83' lang='grc' dir='ltr'>διδασκα-</span> 
     </span>
    </p>
   </div>
   <div class='ocr_carea' id='block_1_15' title="bbox 284 1121 1929 1199">
    <p class='ocr_par' dir='ltr' id='par_1_15' title="bbox 284 1121 1929 1199">
     <span class='ocr_line' id='line_1_15' title="bbox 284 1121 1929 1199; baseline 0.003 -20"><span class='ocrx_word' id='word_1_98' title='bbox 284 1121 415 1187; x_wconf 83' lang='grc' dir='ltr'>λίαις</span> <span class='ocrx_word' id='word_1_99' title='bbox 464 1122 564 1189; x_wconf 84' lang='grc' dir='ltr'>τὴν</span> <span class='ocrx_word' id='word_1_100' title='bbox 616 1123 708 1178; x_wconf 73' lang='grc' dir='ltr'>τοῦ</span> <span class='ocrx_word' id='word_1_101' title='bbox 766 1125 994 1199; x_wconf 77' lang='grc' dir='ltr'>Χριστοῦ</span> <span class='ocrx_word' id='word_1_102' title='bbox 1024 1124 1255 1198; x_wconf 80' lang='grc' dir='ltr'>ποίμνην</span> <span class='ocrx_word' id='word_1_103' title='bbox 1301 1123 1468 1188; x_wconf 71' lang='grc' dir='ltr'>αὔξων</span> <span class='ocrx_word' id='word_1_104' title='bbox 1499 1127 1588 1181; x_wconf 79' lang='grc' dir='ltr'><strong>καὶ</strong></span> <span class='ocrx_word' id='word_1_105' title='bbox 1630 1127 1749 1192; x_wconf 85' lang='grc' dir='ltr'>τοὺς</span> <span class='ocrx_word' id='word_1_106' title='bbox 1788 1126 1929 1184; x_wconf 83' lang='grc' dir='ltr'>πολ-</span> 
     </span>
    </p>
   </div>
   <div class='ocr_carea' id='block_1_16' title="bbox 286 1210 1930 1294">
    <p class='ocr_par' dir='ltr' id='par_1_16' title="bbox 286 1210 1930 1294">
     <span class='ocr_line' id='line_1_16' title="bbox 286 1210 1930 1294; baseline 0.002 -27"><span class='ocrx_word' id='word_1_107' title='bbox 286 1210 405 1273; x_wconf 76' lang='grc' dir='ltr'>λοὺς</span> <span class='ocrx_word' id='word_1_108' title='bbox 466 1212 600 1289; x_wconf 81' lang='grc' dir='ltr'>πρὸς</span> <span class='ocrx_word' id='word_1_109' title='bbox 631 1211 918 1290; x_wconf 72' lang='grc' dir='ltr'>ἐπίγνωσιν</span> <span class='ocrx_word' id='word_1_110' title='bbox 958 1214 1315 1290; x_wconf 66' lang='grc' dir='ltr'>ἑπαγόμενος.</span> <span class='ocrx_word' id='word_1_111' title='bbox 1348 1218 1455 1274; x_wconf 81' lang='grc' dir='ltr'>Οὐκ</span> <span class='ocrx_word' id='word_1_112' title='bbox 1486 1212 1639 1294; x_wconf 77' lang='grc' dir='ltr'>ἔφερε</span> <span class='ocrx_word' id='word_1_113' title='bbox 1687 1214 1742 1271; x_wconf 81' lang='grc' dir='ltr'><strong>δὲ</strong></span> <span class='ocrx_word' id='word_1_114' title='bbox 1789 1218 1930 1273; x_wconf 60' lang='grc' dir='ltr'>πάτ-</span> 
     </span>
    </p>
   </div>
   <div class='ocr_carea' id='block_1_17' title="bbox 286 1300 1936 1384">
    <p class='ocr_par' dir='ltr' id='par_1_17' title="bbox 286 1300 1936 1384">
     <span class='ocr_line' id='line_1_17' title="bbox 286 1300 1936 1384; baseline 0.003 -26"><span class='ocrx_word' id='word_1_115' title='bbox 286 1322 390 1364; x_wconf 87' lang='grc' dir='ltr'><strong>τως</strong></span> <span class='ocrx_word' id='word_1_116' title='bbox 450 1302 480 1356; x_wconf 79' lang='grc' dir='ltr'>ὸ</span> <span class='ocrx_word' id='word_1_117' title='bbox 522 1301 620 1369; x_wconf 75' lang='grc' dir='ltr'>τὴν</span> <span class='ocrx_word' id='word_1_118' title='bbox 647 1301 938 1378; x_wconf 74' lang='grc' dir='ltr'>βασκανίαν</span> <span class='ocrx_word' id='word_1_119' title='bbox 970 1300 1172 1360; x_wconf 80' lang='grc' dir='ltr'>ὠδίνων</span> <span class='ocrx_word' id='word_1_120' title='bbox 1226 1300 1473 1366; x_wconf 78' lang='grc' dir='ltr'>διάϐολος</span> <span class='ocrx_word' id='word_1_121' title='bbox 1515 1306 1582 1360; x_wconf 82' lang='grc' dir='ltr'>τὰ</span> <span class='ocrx_word' id='word_1_122' title='bbox 1636 1312 1727 1363; x_wconf 82' lang='grc' dir='ltr'>τοῦ</span> <span class='ocrx_word' id='word_1_123' title='bbox 1755 1307 1936 1384; x_wconf 83' lang='grc' dir='ltr'>πράγ-</span> 
     </span>
    </p>
   </div>
   <div class='ocr_carea' id='block_1_18' title="bbox 2011 856 3667 938">
    <p class='ocr_par' dir='ltr' id='par_1_18' title="bbox 2011 856 3667 938">
     <span class='ocr_line' id='line_1_18' title="bbox 2011 856 3667 938; baseline 0.007 -23"><span class='ocrx_word' id='word_1_124' title='bbox 2011 874 2239 918; x_wconf 88' lang='lat' dir='ltr'><strong>merum</strong></span> <span class='ocrx_word' id='word_1_125' title='bbox 2298 875 2433 918; x_wconf 91' lang='lat' dir='ltr'><strong>cum</strong></span> <span class='ocrx_word' id='word_1_126' title='bbox 2468 876 2656 938; x_wconf 89' lang='lat' dir='ltr'><strong>puero</strong></span> <span class='ocrx_word' id='word_1_127' title='bbox 2710 856 2931 919; x_wconf 89' lang='lat' dir='ltr'><strong>Celsio.</strong></span> <span class='ocrx_word' id='word_1_128' title='bbox 2965 856 3071 919; x_wconf 89' lang='lat' dir='ltr'><strong>Est</strong></span> <span class='ocrx_word' id='word_1_129' title='bbox 3115 868 3309 921; x_wconf 86' lang='lat' dir='ltr'><strong>autem</strong></span> <span class='ocrx_word' id='word_1_130' title='bbox 3342 861 3471 925; x_wconf 67' lang='lat' dir='ltr'><strong>haec</strong></span> <span class='ocrx_word' id='word_1_131' title='bbox 3520 862 3667 926; x_wconf 82' lang='lat' dir='ltr'><strong>urbs</strong></span> 
     </span>
    </p>
   </div>
   <div class='ocr_carea' id='block_1_19' title="bbox 2010 944 3664 1030">
    <p class='ocr_par' dir='ltr' id='par_1_19' title="bbox 2010 944 3664 1030">
     <span class='ocr_line' id='line_1_19' title="bbox 2010 944 3664 1030; baseline 0.005 -23"><span class='ocrx_word' id='word_1_132' title='bbox 2010 944 2304 1007; x_wconf 89' lang='lat' dir='ltr'><strong>Temerus</strong></span> <span class='ocrx_word' id='word_1_133' title='bbox 2361 947 2697 1028; x_wconf 86' lang='lat' dir='ltr'><strong>propinqua</strong></span> <span class='ocrx_word' id='word_1_134' title='bbox 2756 947 2966 1009; x_wconf 68' lang='lat' dir='ltr'><strong>Melite.</strong></span> <span class='ocrx_word' id='word_1_135' title='bbox 3028 947 3095 1009; x_wconf 86' lang='lat' dir='ltr'><strong>lu</strong></span> <span class='ocrx_word' id='word_1_136' title='bbox 3157 966 3226 1010; x_wconf 88' lang='lat' dir='ltr'><strong>ea</strong></span> <span class='ocrx_word' id='word_1_137' title='bbox 3277 967 3418 1030; x_wconf 70' lang='lat' dir='ltr'><strong>ergo</strong></span> <span class='ocrx_word' id='word_1_138' title='bbox 3485 953 3664 1015; x_wconf 90' lang='lat' dir='ltr'><strong>vitam</strong></span> 
     </span>
    </p>
   </div>
   <div class='ocr_carea' id='block_1_20' title="bbox 2011 1033 3666 1121">
    <p class='ocr_par' dir='ltr' id='par_1_20' title="bbox 2011 1033 3666 1121">
     <span class='ocr_line' id='line_1_20' title="bbox 2011 1033 3666 1121; baseline 0.005 -24"><span class='ocrx_word' id='word_1_139' title='bbox 2011 1033 2241 1112; x_wconf 78' lang='lat' dir='ltr'><strong>agebat,</strong></span> <span class='ocrx_word' id='word_1_140' title='bbox 2305 1035 2522 1098; x_wconf 86' lang='lat' dir='ltr'><strong>divinis</strong></span> <span class='ocrx_word' id='word_1_141' title='bbox 2595 1036 2721 1098; x_wconf 89' lang='lat' dir='ltr'><strong>suis</strong></span> <span class='ocrx_word' id='word_1_142' title='bbox 2791 1035 3083 1098; x_wconf 80' lang='lat' dir='ltr'><strong>doctrinis</strong></span> <span class='ocrx_word' id='word_1_143' title='bbox 3134 1055 3358 1118; x_wconf 80' lang='lat' dir='ltr'><strong>augens</strong></span> <span class='ocrx_word' id='word_1_144' title='bbox 3423 1058 3666 1121; x_wconf 78' lang='lat' dir='ltr'><strong>gregem</strong></span> 
     </span>
    </p>
   </div>
   <div class='ocr_carea' id='block_1_21' title="bbox 2013 1125 3667 1205">
    <p class='ocr_par' dir='ltr' id='par_1_21' title="bbox 2013 1125 3667 1205">
     <span class='ocr_line' id='line_1_21' title="bbox 2013 1125 3667 1205; baseline 0.004 -19"><span class='ocrx_word' id='word_1_145' title='bbox 2013 1125 2261 1199; x_wconf 77' lang='lat' dir='ltr'><strong>Christi,</strong></span> <span class='ocrx_word' id='word_1_146' title='bbox 2298 1133 2358 1187; x_wconf 91' lang='lat' dir='ltr'><strong>et</strong></span> <span class='ocrx_word' id='word_1_147' title='bbox 2412 1128 2631 1187; x_wconf 90' lang='lat' dir='ltr'><strong>multos</strong></span> <span class='ocrx_word' id='word_1_148' title='bbox 2659 1125 2953 1188; x_wconf 89' lang='lat' dir='ltr'><strong>inducens</strong></span> <span class='ocrx_word' id='word_1_149' title='bbox 2981 1128 3052 1188; x_wconf 90' lang='lat' dir='ltr'><strong>ad</strong></span> <span class='ocrx_word' id='word_1_150' title='bbox 3111 1128 3501 1205; x_wconf 74' lang='lat' dir='ltr'><strong>agnitionem.</strong></span> <span class='ocrx_word' id='word_1_151' title='bbox 3535 1130 3667 1195; x_wconf 88' lang='lat' dir='ltr'><strong>Non</strong></span> 
     </span>
    </p>
   </div>
   <div class='ocr_carea' id='block_1_22' title="bbox 2018 1213 3664 1300">
    <p class='ocr_par' dir='ltr' id='par_1_22' title="bbox 2018 1213 3664 1300">
     <span class='ocr_line' id='line_1_22' title="bbox 2018 1213 3664 1300; baseline 0.006 -26"><span class='ocrx_word' id='word_1_152' title='bbox 2018 1213 2249 1276; x_wconf 86' lang='lat' dir='ltr'><strong>ferebat</strong></span> <span class='ocrx_word' id='word_1_153' title='bbox 2276 1221 2476 1276; x_wconf 84' lang='lat' dir='ltr'><strong>autem</strong></span> <span class='ocrx_word' id='word_1_154' title='bbox 2510 1218 2781 1290; x_wconf 88' lang='lat' dir='ltr'><strong>omnino,</strong></span> <span class='ocrx_word' id='word_1_155' title='bbox 2816 1217 2914 1296; x_wconf 89' lang='lat' dir='ltr'><strong>qui</strong></span> <span class='ocrx_word' id='word_1_156' title='bbox 2960 1215 3241 1278; x_wconf 87' lang='lat' dir='ltr'><strong>invidiam</strong></span> <span class='ocrx_word' id='word_1_157' title='bbox 3276 1220 3664 1300; x_wconf 86' lang='lat' dir='ltr'><strong>parturiebat,</strong></span> 
     </span>
    </p>
   </div>
   <div class='ocr_carea' id='block_1_23' title="bbox 2020 1303 3667 1388">
    <p class='ocr_par' dir='ltr' id='par_1_23' title="bbox 2020 1303 3667 1388">
     <span class='ocr_line' id='line_1_23' title="bbox 2020 1303 3667 1388; baseline 0.005 -24"><span class='ocrx_word' id='word_1_158' title='bbox 2020 1304 2292 1365; x_wconf 85' lang='lat' dir='ltr'><strong>diabolus</strong></span> <span class='ocrx_word' id='word_1_159' title='bbox 2340 1320 2441 1365; x_wconf 91' lang='lat' dir='ltr'><strong>res</strong></span> <span class='ocrx_word' id='word_1_160' title='bbox 2472 1303 2553 1366; x_wconf 88' lang='lat' dir='ltr'><strong>ita</strong></span> <span class='ocrx_word' id='word_1_161' title='bbox 2604 1322 2668 1366; x_wconf 91' lang='lat' dir='ltr'><strong>se</strong></span> <span class='ocrx_word' id='word_1_162' title='bbox 2694 1303 3009 1369; x_wconf 87' lang='lat' dir='ltr'><strong>habentes.</strong></span> <span class='ocrx_word' id='word_1_163' title='bbox 3045 1304 3355 1377; x_wconf 85' lang='lat' dir='ltr'><strong>Quomodo</strong></span> <span class='ocrx_word' id='word_1_164' title='bbox 3398 1310 3582 1388; x_wconf 90' lang='lat' dir='ltr'><strong>enim,</strong></span> <span class='ocrx_word' id='word_1_165' title='bbox 3616 1313 3667 1372; x_wconf 91' lang='lat' dir='ltr'><strong>si</strong></span> 
     </span>
    </p>
   </div>
   <div class='ocr_carea' id='block_1_24' title="bbox 289 1390 1948 1474">
    <p class='ocr_par' dir='ltr' id='par_1_24' title="bbox 289 1390 1935 1473">
     <span class='ocr_line' id='line_1_24' title="bbox 289 1390 1935 1473; baseline 0.005 -28"><span class='ocrx_word' id='word_1_166' title='bbox 289 1412 458 1464; x_wconf 74' lang='grc' dir='ltr'>ματος</span> <span class='ocrx_word' id='word_1_167' title='bbox 490 1390 691 1471; x_wconf 77' lang='grc' dir='ltr'>ἔχοντα</span> <span class='ocrx_word' id='word_1_168' title='bbox 721 1390 914 1455; x_wconf 73' lang='grc' dir='ltr'>οὕτως.</span> <span class='ocrx_word' id='word_1_169' title='bbox 948 1397 1072 1456; x_wconf 81' lang='grc' dir='ltr'>Πῶς</span> <span class='ocrx_word' id='word_1_170' title='bbox 1116 1393 1238 1473; x_wconf 76' lang='grc' dir='ltr'>γάρ,</span> <span class='ocrx_word' id='word_1_171' title='bbox 1298 1395 1344 1448; x_wconf 83' lang='grc' dir='ltr'><strong>εἰ</strong></span> <span class='ocrx_word' id='word_1_172' title='bbox 1399 1391 1641 1457; x_wconf 75' lang='grc' dir='ltr'>διάϐολος</span> <span class='ocrx_word' id='word_1_173' title='bbox 1687 1395 1752 1463; x_wconf 80' lang='grc' dir='ltr'><strong>ἧν</strong></span> <span class='ocrx_word' id='word_1_174' title='bbox 1783 1397 1935 1453; x_wconf 80' lang='grc' dir='ltr'>ἐκεῖ·</span> 
     </span>
    </p>
   </div>
   <div class='ocr_carea' id='block_1_25' title="bbox 2035 1390 3669 1474">
    <p class='ocr_par' dir='ltr' id='par_1_25' title="bbox 2035 1392 3669 1474">
     <span class='ocr_line' id='line_1_25' title="bbox 2035 1392 3669 1474; baseline 0.007 -23"><span class='ocrx_word' id='word_1_175' title='bbox 2035 1393 2122 1454; x_wconf 75' lang='grc' dir='ltr'>ιιιθ</span> <span class='ocrx_word' id='word_1_176' title='bbox 2174 1402 2301 1454; x_wconf 89' lang='lat' dir='ltr'><strong>erat</strong></span> <span class='ocrx_word' id='word_1_177' title='bbox 2345 1392 2643 1471; x_wconf 88' lang='lat' dir='ltr'><strong>diabolus,</strong></span> <span class='ocrx_word' id='word_1_178' title='bbox 2676 1403 2736 1454; x_wconf 90' lang='lat' dir='ltr'><strong>et</strong></span> <span class='ocrx_word' id='word_1_179' title='bbox 2788 1394 2890 1474; x_wconf 87' lang='lat' dir='ltr'><strong>qui</strong></span> <span class='ocrx_word' id='word_1_180' title='bbox 2922 1395 2995 1455; x_wconf 90' lang='lat' dir='ltr'><strong>ab</strong></span> <span class='ocrx_word' id='word_1_181' title='bbox 3042 1394 3216 1456; x_wconf 90' lang='lat' dir='ltr'><strong>initio</strong></span> <span class='ocrx_word' id='word_1_182' title='bbox 3247 1395 3422 1460; x_wconf 89' lang='lat' dir='ltr'><strong>bonis</strong></span> <span class='ocrx_word' id='word_1_183' title='bbox 3461 1401 3669 1463; x_wconf 85' lang='lat' dir='ltr'><strong>adver-</strong></span> 
     </span>
    </p>
   </div>
   <div class='ocr_carea' id='block_1_26' title="bbox 291 1481 1948 1570">
    <p class='ocr_par' dir='ltr' id='par_1_26' title="bbox 291 1481 1939 1562">
     <span class='ocr_line' id='line_1_26' title="bbox 291 1481 1939 1562; baseline 0.004 -25"><span class='ocrx_word' id='word_1_184' title='bbox 291 1501 380 1544; x_wconf 93' lang='grc' dir='ltr'><strong>νος</strong></span> <span class='ocrx_word' id='word_1_185' title='bbox 411 1481 506 1537; x_wconf 84' lang='grc' dir='ltr'><strong>καί</strong></span> <span class='ocrx_word' id='word_1_186' title='bbox 535 1481 626 1538; x_wconf 82' lang='grc' dir='ltr'><strong>ἀπ’</strong></span> <span class='ocrx_word' id='word_1_187' title='bbox 663 1481 844 1561; x_wconf 78' lang='grc' dir='ltr'>ἀρχῆς</span> <span class='ocrx_word' id='word_1_188' title='bbox 876 1494 995 1547; x_wconf 75' lang='grc' dir='ltr'>τοῖς</span> <span class='ocrx_word' id='word_1_189' title='bbox 1027 1482 1252 1562; x_wconf 77' lang='grc' dir='ltr'>ἀγαθοῖς</span> <span class='ocrx_word' id='word_1_190' title='bbox 1282 1483 1645 1557; x_wconf 81' lang='grc' dir='ltr'>ἀντικείμενος</span> <span class='ocrx_word' id='word_1_191' title='bbox 1671 1503 1689 1561; x_wconf 86' lang='grc'><strong>;</strong></span> <span class='ocrx_word' id='word_1_192' title='bbox 1719 1485 1939 1560; x_wconf 80' lang='grc' dir='ltr'><strong>Ἀμέλει</strong></span> 
     </span>
    </p>
   </div>
   <div class='ocr_carea' id='block_1_27' title="bbox 2035 1481 3672 1570">
    <p class='ocr_par' dir='ltr' id='par_1_27' title="bbox 2035 1481 3672 1570">
     <span class='ocr_line' id='line_1_27' title="bbox 2035 1481 3672 1570; baseline 0.005 -27"><span class='ocrx_word' id='word_1_193' title='bbox 2035 1482 2269 1544; x_wconf 80' lang='lat' dir='ltr'><strong>sabatur</strong></span> <span class='ocrx_word' id='word_1_194' title='bbox 2297 1484 2323 1543; x_wconf 84' lang='lat'><strong>&#39;?</strong></span> <span class='ocrx_word' id='word_1_195' title='bbox 2381 1481 2624 1544; x_wconf 84' lang='lat' dir='ltr'><strong>Blandis</strong></span> <span class='ocrx_word' id='word_1_196' title='bbox 2653 1481 2853 1564; x_wconf 89' lang='lat' dir='ltr'><strong>itaque</strong></span> <span class='ocrx_word' id='word_1_197' title='bbox 2883 1482 3082 1546; x_wconf 85' lang='lat' dir='ltr'><strong>verbis</strong></span> <span class='ocrx_word' id='word_1_198' title='bbox 3106 1485 3484 1566; x_wconf 85' lang='lat' dir='ltr'><strong>aggrediens,</strong></span> <span class='ocrx_word' id='word_1_199' title='bbox 3517 1509 3672 1570; x_wconf 67' lang='lat' dir='ltr'><strong>prae-</strong></span> 
     </span>
    </p>
   </div>
   <div class='ocr_carea' id='block_1_28' title="bbox 290 1570 1948 1658">
    <p class='ocr_par' dir='ltr' id='par_1_28' title="bbox 290 1570 1943 1651">
     <span class='ocr_line' id='line_1_28' title="bbox 290 1570 1943 1651; baseline 0.003 -24"><span class='ocrx_word' id='word_1_200' title='bbox 290 1573 378 1628; x_wconf 85' lang='grc' dir='ltr'><strong>καὶ</strong></span> <span class='ocrx_word' id='word_1_201' title='bbox 424 1571 517 1627; x_wconf 82' lang='grc' dir='ltr'>τὸν</span> <span class='ocrx_word' id='word_1_202' title='bbox 592 1570 833 1651; x_wconf 73' lang='grc' dir='ltr'>ἄρχοντα</span> <span class='ocrx_word' id='word_1_203' title='bbox 914 1576 1013 1639; x_wconf 77' lang='grc' dir='ltr'>τῆς</span> <span class='ocrx_word' id='word_1_204' title='bbox 1072 1571 1284 1639; x_wconf 82' lang='grc' dir='ltr'>πόλεως</span> <span class='ocrx_word' id='word_1_205' title='bbox 1356 1573 1594 1631; x_wconf 73' lang='grc' dir='ltr'>δπελθὼν</span> <span class='ocrx_word' id='word_1_206' title='bbox 1655 1576 1819 1632; x_wconf 84' lang='grc' dir='ltr'>πείθει</span> <span class='ocrx_word' id='word_1_207' title='bbox 1877 1577 1943 1632; x_wconf 79' lang='grc' dir='ltr'>τὰ</span> 
     </span>
    </p>
   </div>
   <div class='ocr_carea' id='block_1_29' title="bbox 2035 1570 3678 1658">
    <p class='ocr_par' dir='ltr' id='par_1_29' title="bbox 2035 1572 3678 1658">
     <span class='ocr_line' id='line_1_29' title="bbox 2035 1572 3678 1658; baseline 0.005 -24"><span class='ocrx_word' id='word_1_208' title='bbox 2035 1572 2216 1634; x_wconf 78' lang='lat' dir='ltr'><strong>sidem</strong></span> <span class='ocrx_word' id='word_1_209' title='bbox 2268 1573 2543 1646; x_wconf 84' lang='lat' dir='ltr'><strong>civitatis,</strong></span> <span class='ocrx_word' id='word_1_210' title='bbox 2579 1574 2919 1653; x_wconf 86' lang='lat' dir='ltr'><strong>persuadet,</strong></span> <span class='ocrx_word' id='word_1_211' title='bbox 2952 1584 3018 1634; x_wconf 87' lang='lat' dir='ltr'><strong>ut</strong></span> <span class='ocrx_word' id='word_1_212' title='bbox 3069 1574 3290 1637; x_wconf 88' lang='lat' dir='ltr'><strong>Neroni</strong></span> <span class='ocrx_word' id='word_1_213' title='bbox 3322 1577 3678 1658; x_wconf 75' lang='lat' dir='ltr'><strong>imperatori</strong></span> 
     </span>
    </p>
   </div>
   <div class='ocr_carea' id='block_1_30' title="bbox 290 1658 1948 1743">
    <p class='ocr_par' dir='ltr' id='par_1_30' title="bbox 290 1658 1943 1740">
     <span class='ocr_line' id='line_1_30' title="bbox 290 1658 1943 1740; baseline 0.003 -22"><span class='ocrx_word' id='word_1_214' title='bbox 290 1662 408 1740; x_wconf 79' lang='grc' dir='ltr'>περὶ</span> <span class='ocrx_word' id='word_1_215' title='bbox 471 1662 728 1740; x_wconf 78' lang='grc' dir='ltr'>Ναζαρίου</span> <span class='ocrx_word' id='word_1_216' title='bbox 791 1661 991 1740; x_wconf 80' lang='grc' dir='ltr'>Νέρωνι</span> <span class='ocrx_word' id='word_1_217' title='bbox 1034 1664 1112 1737; x_wconf 81' lang='grc' dir='ltr'><strong>τῷ</strong></span> <span class='ocrx_word' id='word_1_218' title='bbox 1154 1662 1379 1721; x_wconf 76' lang='grc' dir='ltr'>Βασιλεῖ</span> <span class='ocrx_word' id='word_1_219' title='bbox 1422 1667 1679 1738; x_wconf 76' lang='grc' dir='ltr'>μηνῦσαι.</span> <span class='ocrx_word' id='word_1_220' title='bbox 1716 1658 1809 1730; x_wconf 76' lang='grc' dir='ltr'>Ὠς</span> <span class='ocrx_word' id='word_1_221' title='bbox 1854 1667 1943 1723; x_wconf 81' lang='grc' dir='ltr'>οὖν</span> 
     </span>
    </p>
   </div>
   <div class='ocr_carea' id='block_1_31' title="bbox 2035 1658 3677 1743">
    <p class='ocr_par' dir='ltr' id='par_1_31' title="bbox 2035 1661 3677 1743">
     <span class='ocr_line' id='line_1_31' title="bbox 2035 1661 3677 1743; baseline 0.006 -22"><span class='ocrx_word' id='word_1_222' title='bbox 2035 1661 2325 1740; x_wconf 82' lang='lat' dir='ltr'><strong>signiﬁcet</strong></span> <span class='ocrx_word' id='word_1_223' title='bbox 2377 1662 2452 1723; x_wconf 91' lang='lat' dir='ltr'><strong>de</strong></span> <span class='ocrx_word' id='word_1_224' title='bbox 2481 1661 2750 1726; x_wconf 88' lang='lat' dir='ltr'><strong>Nazario.</strong></span> <span class='ocrx_word' id='word_1_225' title='bbox 2806 1664 2952 1726; x_wconf 87' lang='lat' dir='ltr'><strong>Cum</strong></span> <span class='ocrx_word' id='word_1_226' title='bbox 3009 1680 3150 1743; x_wconf 87' lang='lat' dir='ltr'><strong>ergo</strong></span> <span class='ocrx_word' id='word_1_227' title='bbox 3193 1664 3271 1726; x_wconf 91' lang='lat' dir='ltr'><strong>de</strong></span> <span class='ocrx_word' id='word_1_228' title='bbox 3323 1664 3572 1731; x_wconf 89' lang='lat' dir='ltr'><strong>Nazario</strong></span> <span class='ocrx_word' id='word_1_229' title='bbox 3618 1669 3677 1731; x_wconf 91' lang='lat' dir='ltr'><strong>ei</strong></span> 
     </span>
    </p>
   </div>
   <div class='ocr_carea' id='block_1_32' title="bbox 291 1750 1948 1834">
    <p class='ocr_par' dir='ltr' id='par_1_32' title="bbox 291 1750 1944 1833">
     <span class='ocr_line' id='line_1_32' title="bbox 291 1750 1944 1833; baseline 0.003 -26"><span class='ocrx_word' id='word_1_230' title='bbox 291 1750 479 1824; x_wconf 76' lang='grc' dir='ltr'>ἐκείνῳ</span> <span class='ocrx_word' id='word_1_231' title='bbox 534 1752 602 1806; x_wconf 80' lang='grc' dir='ltr'>τὰ</span> <span class='ocrx_word' id='word_1_232' title='bbox 662 1753 781 1829; x_wconf 81' lang='grc' dir='ltr'><strong>περί</strong></span> <span class='ocrx_word' id='word_1_233' title='bbox 838 1758 932 1808; x_wconf 82' lang='grc' dir='ltr'>τοῦ</span> <span class='ocrx_word' id='word_1_234' title='bbox 1013 1750 1199 1830; x_wconf 82' lang='grc' dir='ltr'>ἀνδρὸς</span> <span class='ocrx_word' id='word_1_235' title='bbox 1274 1752 1590 1833; x_wconf 67' lang='grc' dir='ltr'>ἐγνωρίσθη,</span> <span class='ocrx_word' id='word_1_236' title='bbox 1653 1777 1944 1833; x_wconf 82' lang='grc' dir='ltr'>γραμματα</span> 
     </span>
    </p>
   </div>
   <div class='ocr_carea' id='block_1_33' title="bbox 2035 1750 3680 1834">
    <p class='ocr_par' dir='ltr' id='par_1_33' title="bbox 2035 1752 3680 1834">
     <span class='ocr_line' id='line_1_33' title="bbox 2035 1752 3680 1834; baseline 0.005 -22"><span class='ocrx_word' id='word_1_237' title='bbox 2035 1760 2191 1813; x_wconf 85' lang='lat' dir='ltr'><strong>esset</strong></span> <span class='ocrx_word' id='word_1_238' title='bbox 2218 1752 2639 1830; x_wconf 83' lang='lat' dir='ltr'><strong>signiﬁcatum,</strong></span> <span class='ocrx_word' id='word_1_239' title='bbox 2677 1754 2872 1814; x_wconf 70' lang='lat' dir='ltr'><strong>missae</strong></span> <span class='ocrx_word' id='word_1_240' title='bbox 2897 1761 3036 1814; x_wconf 91' lang='lat' dir='ltr'><strong>sunt</strong></span> <span class='ocrx_word' id='word_1_241' title='bbox 3063 1754 3273 1816; x_wconf 60' lang='lat' dir='ltr'><strong>littera</strong></span> <span class='ocrx_word' id='word_1_242' title='bbox 3296 1774 3402 1834; x_wconf 90' lang='lat' dir='ltr'><strong>per</strong></span> <span class='ocrx_word' id='word_1_243' title='bbox 3432 1758 3680 1822; x_wconf 81' lang='lat' dir='ltr'><strong>univer-</strong></span> 
     </span>
    </p>
   </div>
   <div class='ocr_carea' id='block_1_34' title="bbox 293 1839 1948 1923">
    <p class='ocr_par' dir='ltr' id='par_1_34' title="bbox 293 1839 1947 1923">
     <span class='ocr_line' id='line_1_34' title="bbox 293 1839 1947 1923; baseline 0.002 -26"><span class='ocrx_word' id='word_1_244' title='bbox 293 1841 431 1897; x_wconf 79' lang='grc' dir='ltr'>κατὰ</span> <span class='ocrx_word' id='word_1_245' title='bbox 491 1839 670 1906; x_wconf 70' lang='grc' dir='ltr'>πάσης</span> <span class='ocrx_word' id='word_1_246' title='bbox 728 1840 911 1920; x_wconf 71' lang='grc' dir='ltr'>ἐφοίτα</span> <span class='ocrx_word' id='word_1_247' title='bbox 987 1845 1086 1909; x_wconf 81' lang='grc' dir='ltr'><strong>τῆς</strong></span> <span class='ocrx_word' id='word_1_248' title='bbox 1153 1842 1395 1910; x_wconf 70' lang='grc' dir='ltr'>ὑπηκόου</span> <span class='ocrx_word' id='word_1_249' title='bbox 1460 1843 1721 1923; x_wconf 81' lang='grc' dir='ltr'>Ναζάριον</span> <span class='ocrx_word' id='word_1_250' title='bbox 1795 1845 1947 1920; x_wconf 77' lang='grc' dir='ltr'>ἐρευ-</span> 
     </span>
    </p>
   </div>
   <div class='ocr_carea' id='block_1_35' title="bbox 2035 1839 3679 1923">
    <p class='ocr_par' dir='ltr' id='par_1_35' title="bbox 2035 1840 3679 1923">
     <span class='ocr_line' id='line_1_35' title="bbox 2035 1840 3679 1923; baseline 0.005 -20"><span class='ocrx_word' id='word_1_251' title='bbox 2035 1860 2155 1903; x_wconf 82' lang='lat' dir='ltr'><strong>sam</strong></span> <span class='ocrx_word' id='word_1_252' title='bbox 2215 1841 2379 1902; x_wconf 90' lang='lat' dir='ltr'><strong>illam</strong></span> <span class='ocrx_word' id='word_1_253' title='bbox 2438 1841 2769 1923; x_wconf 81' lang='lat' dir='ltr'><strong>regionem,</strong></span> <span class='ocrx_word' id='word_1_254' title='bbox 2823 1840 3106 1922; x_wconf 90' lang='lat' dir='ltr'><strong>jubentes</strong></span> <span class='ocrx_word' id='word_1_255' title='bbox 3173 1861 3408 1906; x_wconf 85' lang='lat' dir='ltr'><strong>summo</strong></span> <span class='ocrx_word' id='word_1_256' title='bbox 3478 1849 3679 1912; x_wconf 89' lang='lat' dir='ltr'><strong>studio</strong></span> 
     </span>
    </p>
   </div>
   <div class='ocr_carea' id='block_1_36' title="bbox 290 1932 1945 2017">
    <p class='ocr_par' dir='ltr' id='par_1_36' title="bbox 290 1932 1945 2017">
     <span class='ocr_line' id='line_1_36' title="bbox 290 1932 1945 2017; baseline 0.002 -27"><span class='ocrx_word' id='word_1_257' title='bbox 290 1935 478 1990; x_wconf 82' lang='grc' dir='ltr'>νᾶσθαι</span> <span class='ocrx_word' id='word_1_258' title='bbox 532 1934 671 1990; x_wconf 79' lang='grc' dir='ltr'>κατὰ</span> <span class='ocrx_word' id='word_1_259' title='bbox 728 1932 962 2001; x_wconf 77' lang='grc' dir='ltr'>σπουδὴν</span> <span class='ocrx_word' id='word_1_260' title='bbox 1006 1933 1382 2015; x_wconf 75' lang='grc' dir='ltr'>ἐπιτρέποδτα,</span> <span class='ocrx_word' id='word_1_261' title='bbox 1430 1937 1515 1994; x_wconf 76' lang='grc' dir='ltr'><strong>καὶ</strong></span> <span class='ocrx_word' id='word_1_262' title='bbox 1585 1938 1676 1993; x_wconf 82' lang='grc' dir='ltr'>τὸν</span> <span class='ocrx_word' id='word_1_263' title='bbox 1728 1938 1945 2017; x_wconf 77' lang='grc' dir='ltr'>εὑρόντα</span> 
     </span>
    </p>
   </div>
   <div class='ocr_carea' id='block_1_37' title="bbox 289 2020 848 2101">
    <p class='ocr_par' dir='ltr' id='par_1_37' title="bbox 289 2020 848 2101">
     <span class='ocr_line' id='line_1_37' title="bbox 289 2020 848 2101; baseline 0.004 -22"><span class='ocrx_word' id='word_1_264' title='bbox 289 2043 353 2099; x_wconf 80' lang='grc' dir='ltr'><strong>γε</strong></span> <span class='ocrx_word' id='word_1_265' title='bbox 383 2024 460 2084; x_wconf 77' lang='grc' dir='ltr'>ὡς</span> <span class='ocrx_word' id='word_1_266' title='bbox 486 2022 642 2079; x_wconf 71' lang='grc' dir='ltr'>αὐτὸν</span> <span class='ocrx_word' id='word_1_267' title='bbox 674 2020 848 2101; x_wconf 77' lang='grc' dir='ltr'>ἄγειν.</span> 
     </span>
    </p>
   </div>
   <div class='ocr_carea' id='block_1_38' title="bbox 372 2110 1945 2193">
    <p class='ocr_par' dir='ltr' id='par_1_38' title="bbox 372 2110 1945 2193">
     <span class='ocr_line' id='line_1_38' title="bbox 372 2110 1945 2193; baseline 0 -21"><span class='ocrx_word' id='word_1_268' title='bbox 372 2110 479 2187; x_wconf 78' lang='grc' dir='ltr'><strong>ς’.</strong></span> <span class='ocrx_word' id='word_1_269' title='bbox 512 2110 672 2169; x_wconf 75' lang='grc' dir='ltr'>Ἐπεί</span> <span class='ocrx_word' id='word_1_270' title='bbox 701 2110 756 2168; x_wconf 81' lang='grc' dir='ltr'><em>δὲ</em></span> <span class='ocrx_word' id='word_1_271' title='bbox 799 2114 1119 2190; x_wconf 83' lang='grc' dir='ltr'>κρύπτεσθαι</span> <span class='ocrx_word' id='word_1_272' title='bbox 1152 2116 1242 2171; x_wconf 82' lang='grc' dir='ltr'>τὸν</span> <span class='ocrx_word' id='word_1_273' title='bbox 1287 2113 1446 2193; x_wconf 79' lang='grc' dir='ltr'>ἄνδρα</span> <span class='ocrx_word' id='word_1_274' title='bbox 1478 2119 1574 2173; x_wconf 75' lang='grc' dir='ltr'>οὐκ</span> <span class='ocrx_word' id='word_1_275' title='bbox 1621 2118 1689 2183; x_wconf 79' lang='grc' dir='ltr'>ἦν</span> <span class='ocrx_word' id='word_1_276' title='bbox 1741 2120 1834 2173; x_wconf 81' lang='grc' dir='ltr'>οἶα</span> <span class='ocrx_word' id='word_1_277' title='bbox 1891 2116 1945 2173; x_wconf 81' lang='grc' dir='ltr'>ἐν</span> 
     </span>
    </p>
   </div>
   <div class='ocr_carea' id='block_1_39' title="bbox 288 2204 1943 2282">
    <p class='ocr_par' dir='ltr' id='par_1_39' title="bbox 288 2204 1943 2282">
     <span class='ocr_line' id='line_1_39' title="bbox 288 2204 1943 2282; baseline 0.001 -23"><span class='ocrx_word' id='word_1_278' title='bbox 288 2208 370 2277; x_wconf 83' lang='grc' dir='ltr'>τῷ</span> <span class='ocrx_word' id='word_1_279' title='bbox 426 2216 712 2282; x_wconf 73' lang='grc' dir='ltr'>περιφανεῖ</span> <span class='ocrx_word' id='word_1_280' title='bbox 755 2208 852 2272; x_wconf 79' lang='grc' dir='ltr'><strong>τῆς</strong></span> <span class='ocrx_word' id='word_1_281' title='bbox 880 2204 1071 2282; x_wconf 79' lang='grc' dir='ltr'>ἀρετῆς</span> <span class='ocrx_word' id='word_1_282' title='bbox 1106 2206 1312 2262; x_wconf 79' lang='grc' dir='ltr'>ἑστῶτα</span> <span class='ocrx_word' id='word_1_283' title='bbox 1356 2206 1452 2263; x_wconf 78' lang='grc' dir='ltr'><strong>καί</strong></span> <span class='ocrx_word' id='word_1_284' title='bbox 1481 2206 1571 2262; x_wconf 74' lang='grc' dir='ltr'><strong>ὑπ’</strong></span> <span class='ocrx_word' id='word_1_285' title='bbox 1617 2208 1781 2273; x_wconf 73' lang='grc' dir='ltr'>αὐτῆς</span> <span class='ocrx_word' id='word_1_286' title='bbox 1842 2227 1943 2280; x_wconf 82' lang='grc' dir='ltr'>με-</span> 
     </span>
    </p>
   </div>
   <div class='ocr_carea' id='block_1_40' title="bbox 293 2289 1947 2376">
    <p class='ocr_par' dir='ltr' id='par_1_40' title="bbox 293 2289 1947 2376">
     <span class='ocr_line' id='line_1_40' title="bbox 293 2289 1947 2376; baseline 0.001 -27"><span class='ocrx_word' id='word_1_287' title='bbox 293 2289 448 2368; x_wconf 74' lang='grc' dir='ltr'>γάλῳ</span> <span class='ocrx_word' id='word_1_288' title='bbox 504 2291 732 2367; x_wconf 86' lang='grc' dir='ltr'>στόματι</span> <span class='ocrx_word' id='word_1_289' title='bbox 790 2295 1225 2370; x_wconf 83' lang='grc' dir='ltr'>κηρυττόμενον,</span> <span class='ocrx_word' id='word_1_290' title='bbox 1290 2296 1432 2376; x_wconf 86' lang='grc' dir='ltr'>ταχὺ</span> <span class='ocrx_word' id='word_1_291' title='bbox 1489 2309 1606 2361; x_wconf 76' lang='grc' dir='ltr'>τοῖς</span> <span class='ocrx_word' id='word_1_292' title='bbox 1668 2294 1947 2374; x_wconf 75' lang='grc' dir='ltr'>ἐρευνῶσιν</span> 
     </span>
    </p>
   </div>
   <div class='ocr_carea' id='block_1_41' title="bbox 295 2380 1948 2464">
    <p class='ocr_par' dir='ltr' id='par_1_41' title="bbox 295 2380 1948 2464">
     <span class='ocr_line' id='line_1_41' title="bbox 295 2380 1948 2464; baseline 0.002 -28"><span class='ocrx_word' id='word_1_293' title='bbox 295 2380 617 2457; x_wconf 70' lang='grc' dir='ltr'>εὑρίσκεται,</span> <span class='ocrx_word' id='word_1_294' title='bbox 675 2382 736 2438; x_wconf 81' lang='grc' dir='ltr'><strong>Οἱ</strong></span> <span class='ocrx_word' id='word_1_295' title='bbox 793 2381 872 2457; x_wconf 72' lang='grc' dir='ltr'><strong>δὲ,</strong></span> <span class='ocrx_word' id='word_1_296' title='bbox 932 2382 1046 2439; x_wconf 80' lang='grc' dir='ltr'>ἐπεὶ</span> <span class='ocrx_word' id='word_1_297' title='bbox 1105 2382 1265 2450; x_wconf 73' lang='grc' dir='ltr'>δῆλος</span> <span class='ocrx_word' id='word_1_298' title='bbox 1321 2388 1507 2447; x_wconf 70' lang='grc' dir='ltr'>αὐτοῖς</span> <span class='ocrx_word' id='word_1_299' title='bbox 1566 2386 1810 2464; x_wconf 85' lang='grc' dir='ltr'>γέγονεν,</span> <span class='ocrx_word' id='word_1_300' title='bbox 1844 2384 1948 2453; x_wconf 72' lang='grc' dir='ltr'>ἤδη</span> 
     </span>
    </p>
   </div>
   <div class='ocr_carea' id='block_1_42' title="bbox 302 2469 1945 2551">
    <p class='ocr_par' dir='ltr' id='par_1_42' title="bbox 302 2469 1945 2551">
     <span class='ocr_line' id='line_1_42' title="bbox 302 2469 1945 2551; baseline 0.005 -28"><span class='ocrx_word' id='word_1_301' title='bbox 302 2469 587 2549; x_wconf 81' lang='grc' dir='ltr'>χαίροντες</span> <span class='ocrx_word' id='word_1_302' title='bbox 619 2473 882 2551; x_wconf 78' lang='grc' dir='ltr'>χαίροντα</span> <span class='ocrx_word' id='word_1_303' title='bbox 912 2471 1114 2551; x_wconf 78' lang='grc' dir='ltr'>Νέρωνι</span> <span class='ocrx_word' id='word_1_304' title='bbox 1147 2482 1472 2551; x_wconf 82' lang='grc' dir='ltr'>παριστῶσι.</span> <span class='ocrx_word' id='word_1_305' title='bbox 1506 2478 1565 2532; x_wconf 88' lang='grc' dir='ltr'>Τί</span> <span class='ocrx_word' id='word_1_306' title='bbox 1595 2475 1681 2531; x_wconf 82' lang='grc' dir='ltr'>οὖν</span> <span class='ocrx_word' id='word_1_307' title='bbox 1715 2474 1945 2548; x_wconf 55' lang='grc' dir='ltr'>ἐκεῖνος</span> 
     </span>
    </p>
   </div>
   <div class='ocr_carea' id='block_1_43' title="bbox 310 2558 1954 2641">
    <p class='ocr_par' dir='ltr' id='par_1_43' title="bbox 310 2558 1954 2641">
     <span class='ocr_line' id='line_1_43' title="bbox 310 2558 1954 2641; baseline 0.003 -27"><span class='ocrx_word' id='word_1_308' title='bbox 310 2564 429 2614; x_wconf 77' lang='grc' dir='ltr'><strong>Τῶν</strong></span> <span class='ocrx_word' id='word_1_309' title='bbox 508 2558 875 2639; x_wconf 82' lang='grc' dir='ltr'>κολαστηρίων</span> <span class='ocrx_word' id='word_1_310' title='bbox 964 2564 1106 2636; x_wconf 72' lang='grc' dir='ltr'>αὐτῷ</span> <span class='ocrx_word' id='word_1_311' title='bbox 1197 2564 1561 2641; x_wconf 71' lang='grc' dir='ltr'>προκειμένων</span> <span class='ocrx_word' id='word_1_312' title='bbox 1647 2564 1954 2628; x_wconf 84' lang='grc' dir='ltr'>κολακείαις</span> 
     </span>
    </p>
   </div>
   <div class='ocr_carea' id='block_1_44' title="bbox 303 2648 1957 2733">
    <p class='ocr_par' dir='ltr' id='par_1_44' title="bbox 303 2648 1957 2733">
     <span class='ocr_line' id='line_1_44' title="bbox 303 2648 1957 2733; baseline 0.004 -31"><span class='ocrx_word' id='word_1_313' title='bbox 303 2648 583 2728; x_wconf 49' lang='grc' dir='ltr'>ὑπήρχετο</span> <span class='ocrx_word' id='word_1_314' title='bbox 640 2650 730 2705; x_wconf 84' lang='grc' dir='ltr'>τὸν</span> <span class='ocrx_word' id='word_1_315' title='bbox 788 2650 1072 2727; x_wconf 82' lang='grc' dir='ltr'>Ναζάριον,</span> <span class='ocrx_word' id='word_1_316' title='bbox 1103 2651 1196 2709; x_wconf 75' lang='grc' dir='ltr'>’ίνα</span> <span class='ocrx_word' id='word_1_317' title='bbox 1225 2668 1340 2719; x_wconf 74' lang='grc' dir='ltr'>τοῖς</span> <span class='ocrx_word' id='word_1_318' title='bbox 1372 2654 1469 2728; x_wconf 78' lang='grc' dir='ltr'>μὲν</span> <span class='ocrx_word' id='word_1_319' title='bbox 1513 2652 1697 2733; x_wconf 78' lang='grc' dir='ltr'>φόϐον,</span> <span class='ocrx_word' id='word_1_320' title='bbox 1734 2667 1857 2718; x_wconf 81' lang='grc' dir='ltr'>ταῖς</span> <span class='ocrx_word' id='word_1_321' title='bbox 1901 2652 1957 2709; x_wconf 81' lang='grc' dir='ltr'>δὲ</span> 
     </span>
    </p>
   </div>
   <div class='ocr_carea' id='block_1_45' title="bbox 303 2736 1956 2820">
    <p class='ocr_par' dir='ltr' id='par_1_45' title="bbox 303 2736 1956 2820">
     <span class='ocr_line' id='line_1_45' title="bbox 303 2736 1956 2820; baseline 0.004 -27"><span class='ocrx_word' id='word_1_322' title='bbox 303 2736 578 2813; x_wconf 85' lang='grc' dir='ltr'>μαλακιαν</span> <span class='ocrx_word' id='word_1_323' title='bbox 631 2739 791 2803; x_wconf 83' lang='grc' dir='ltr'>ἐνθεὶς</span> <span class='ocrx_word' id='word_1_324' title='bbox 828 2740 996 2798; x_wconf 87' lang='grc' dir='ltr'>πείσοι</span> <span class='ocrx_word' id='word_1_325' title='bbox 1030 2744 1161 2813; x_wconf 75' lang='grc' dir='ltr'>πρὸς</span> <span class='ocrx_word' id='word_1_326' title='bbox 1220 2745 1281 2799; x_wconf 78' lang='grc' dir='ltr'>τὸ</span> <span class='ocrx_word' id='word_1_327' title='bbox 1331 2747 1488 2800; x_wconf 79' lang='grc' dir='ltr'>αὐτοῦ</span> <span class='ocrx_word' id='word_1_328' title='bbox 1545 2745 1796 2820; x_wconf 85' lang='grc' dir='ltr'>βούλημα</span> <span class='ocrx_word' id='word_1_329' title='bbox 1853 2767 1956 2820; x_wconf 88' lang='grc' dir='ltr'>με-</span> 
     </span>
    </p>
   </div>
   <div class='ocr_carea' id='block_1_46' title="bbox 306 2829 1954 2910">
    <p class='ocr_par' dir='ltr' id='par_1_46' title="bbox 306 2829 1954 2910">
     <span class='ocr_line' id='line_1_46' title="bbox 306 2829 1954 2910; baseline 0.004 -27"><span class='ocrx_word' id='word_1_330' title='bbox 306 2829 577 2890; x_wconf 83' lang='grc' dir='ltr'>ταθέσθαι,</span> <span class='ocrx_word' id='word_1_331' title='bbox 636 2830 896 2908; x_wconf 78' lang='grc' dir='ltr'>Ναζάριος</span> <span class='ocrx_word' id='word_1_332' title='bbox 942 2829 995 2886; x_wconf 78' lang='grc' dir='ltr'><strong>δὲ</strong></span> <span class='ocrx_word' id='word_1_333' title='bbox 1062 2832 1120 2887; x_wconf 78' lang='grc' dir='ltr'><strong>τὰ</strong></span> <span class='ocrx_word' id='word_1_334' title='bbox 1172 2832 1423 2910; x_wconf 78' lang='grc' dir='ltr'>παράπαν</span> <span class='ocrx_word' id='word_1_335' title='bbox 1481 2833 1806 2909; x_wconf 78' lang='grc' dir='ltr'>ἀμετάθετος</span> <span class='ocrx_word' id='word_1_336' title='bbox 1863 2836 1954 2907; x_wconf 77' lang='grc' dir='ltr'><strong>ἦν,</strong></span> 
     </span>
    </p>
   </div>
   <div class='ocr_carea' id='block_1_47' title="bbox 303 2916 1956 3001">
    <p class='ocr_par' dir='ltr' id='par_1_47' title="bbox 303 2916 1956 3001">
     <span class='ocr_line' id='line_1_47' title="bbox 303 2916 1956 3001; baseline 0.001 -26"><span class='ocrx_word' id='word_1_337' title='bbox 303 2916 490 2988; x_wconf 78' lang='grc' dir='ltr'>ὥσπερ</span> <span class='ocrx_word' id='word_1_338' title='bbox 547 2921 650 2975; x_wconf 80' lang='grc' dir='ltr'><strong>ὑπὸ</strong></span> <span class='ocrx_word' id='word_1_339' title='bbox 681 2924 879 2977; x_wconf 80' lang='grc' dir='ltr'>τούτων</span> <span class='ocrx_word' id='word_1_340' title='bbox 911 2920 1111 2996; x_wconf 78' lang='grc' dir='ltr'>μᾶλλον</span> <span class='ocrx_word' id='word_1_341' title='bbox 1146 2943 1273 3001; x_wconf 89' lang='grc' dir='ltr'>προς</span> <span class='ocrx_word' id='word_1_342' title='bbox 1333 2923 1429 2989; x_wconf 78' lang='grc' dir='ltr'>τὴν</span> <span class='ocrx_word' id='word_1_343' title='bbox 1483 2923 1769 3001; x_wconf 80' lang='grc' dir='ltr'>μαρτυρίαν</span> <span class='ocrx_word' id='word_1_344' title='bbox 1826 2945 1956 2978; x_wconf 83' lang='grc' dir='ltr'>στο-</span> 
     </span>
    </p>
   </div>
   <div class='ocr_carea' id='block_1_48' title="bbox 306 3009 1955 3091">
    <p class='ocr_par' dir='ltr' id='par_1_48' title="bbox 306 3009 1955 3091">
     <span class='ocr_line' id='line_1_48' title="bbox 306 3009 1955 3091; baseline 0.002 -25"><span class='ocrx_word' id='word_1_345' title='bbox 306 3010 606 3089; x_wconf 84' lang='grc' dir='ltr'>μούμενος,</span> <span class='ocrx_word' id='word_1_346' title='bbox 652 3012 711 3066; x_wconf 77' lang='grc' dir='ltr'>οὒ</span> <span class='ocrx_word' id='word_1_347' title='bbox 741 3011 1126 3091; x_wconf 73' lang='grc' dir='ltr'>χαυνούμενος,</span> <span class='ocrx_word' id='word_1_348' title='bbox 1162 3011 1257 3067; x_wconf 72' lang='grc' dir='ltr'><strong>καί</strong></span> <span class='ocrx_word' id='word_1_349' title='bbox 1289 3009 1375 3069; x_wconf 81' lang='grc' dir='ltr'><strong>διὰ</strong></span> <span class='ocrx_word' id='word_1_350' title='bbox 1403 3019 1559 3069; x_wconf 78' lang='grc' dir='ltr'>τοῦτο</span> <span class='ocrx_word' id='word_1_351' title='bbox 1611 3015 1699 3070; x_wconf 86' lang='grc' dir='ltr'>καὶ</span> <span class='ocrx_word' id='word_1_352' title='bbox 1752 3010 1955 3072; x_wconf 81' lang='grc' dir='ltr'>πλείονι</span> 
     </span>
    </p>
   </div>
   <div class='ocr_carea' id='block_1_49' title="bbox 305 3100 1956 3182">
    <p class='ocr_par' dir='ltr' id='par_1_49' title="bbox 305 3100 1956 3182">
     <span class='ocr_line' id='line_1_49' title="bbox 305 3100 1956 3182; baseline 0.002 -26"><span class='ocrx_word' id='word_1_353' title='bbox 305 3104 380 3176; x_wconf 77' lang='grc' dir='ltr'><strong>τῇ</strong></span> <span class='ocrx_word' id='word_1_354' title='bbox 438 3100 678 3157; x_wconf 73' lang='grc' dir='ltr'>ὲνστάσει</span> <span class='ocrx_word' id='word_1_355' title='bbox 736 3102 1041 3179; x_wconf 74' lang='grc' dir='ltr'>γρώμενος.</span> <span class='ocrx_word' id='word_1_356' title='bbox 1106 3100 1284 3180; x_wconf 83' lang='grc' dir='ltr'>Νέρων</span> <span class='ocrx_word' id='word_1_357' title='bbox 1338 3102 1428 3158; x_wconf 78' lang='grc' dir='ltr'>οὖν</span> <span class='ocrx_word' id='word_1_358' title='bbox 1485 3106 1581 3161; x_wconf 75' lang='grc' dir='ltr'><strong>οὒκ</strong></span> <span class='ocrx_word' id='word_1_359' title='bbox 1631 3102 1777 3182; x_wconf 59' lang='grc' dir='ltr'>ἔχων</span> <span class='ocrx_word' id='word_1_360' title='bbox 1820 3102 1848 3158; x_wconf 78' lang='grc' dir='ltr'>ὅ</span> <span class='ocrx_word' id='word_1_361' title='bbox 1906 3126 1956 3159; x_wconf 82' lang='grc' dir='ltr'><strong>τι</strong></span> 
     </span>
    </p>
   </div>
   <div class='ocr_carea' id='block_1_50' title="bbox 2027 1929 3678 2021">
    <p class='ocr_par' dir='ltr' id='par_1_50' title="bbox 2027 1929 3678 2021">
     <span class='ocr_line' id='line_1_50' title="bbox 2027 1929 3678 2021; baseline 0.004 -29"><span class='ocrx_word' id='word_1_362' title='bbox 2027 1930 2214 2012; x_wconf 68' lang='lat' dir='ltr'><strong>quaeri</strong></span> <span class='ocrx_word' id='word_1_363' title='bbox 2262 1929 2600 2002; x_wconf 89' lang='lat' dir='ltr'><strong>Nazarium,</strong></span> <span class='ocrx_word' id='word_1_364' title='bbox 2641 1942 2698 1993; x_wconf 91' lang='lat' dir='ltr'><strong>et</strong></span> <span class='ocrx_word' id='word_1_365' title='bbox 2729 1951 2893 2008; x_wconf 85' lang='lat' dir='ltr'><strong>eum,</strong></span> <span class='ocrx_word' id='word_1_366' title='bbox 2926 1931 3027 2012; x_wconf 92' lang='lat' dir='ltr'><strong>qui</strong></span> <span class='ocrx_word' id='word_1_367' title='bbox 3079 1932 3426 2015; x_wconf 80' lang='lat' dir='ltr'><strong>invenisset,</strong></span> <span class='ocrx_word' id='word_1_368' title='bbox 3456 1938 3531 1999; x_wconf 75' lang='lat' dir='ltr'><strong>ad</strong></span> <span class='ocrx_word' id='word_1_369' title='bbox 3580 1939 3678 2021; x_wconf 86' lang='lat' dir='ltr'><strong>ip-</strong></span> 
     </span>
    </p>
   </div>
   <div class='ocr_carea' id='block_1_51' title="bbox 2029 2022 2441 2083">
    <p class='ocr_par' dir='ltr' id='par_1_51' title="bbox 2029 2022 2441 2083">
     <span class='ocr_line' id='line_1_51' title="bbox 2029 2022 2441 2083; baseline -0.002 -1"><span class='ocrx_word' id='word_1_370' title='bbox 2029 2040 2159 2082; x_wconf 75' lang='lat' dir='ltr'><strong>sum</strong></span> <span class='ocrx_word' id='word_1_371' title='bbox 2192 2022 2441 2083; x_wconf 85' lang='lat' dir='ltr'><strong>ducere.</strong></span> 
     </span>
    </p>
   </div>
   <div class='ocr_carea' id='block_1_52' title="bbox 2114 2110 3679 2198">
    <p class='ocr_par' dir='ltr' id='par_1_52' title="bbox 2114 2110 3679 2198">
     <span class='ocr_line' id='line_1_52' title="bbox 2114 2110 3679 2198; baseline 0.006 -27"><span class='ocrx_word' id='word_1_372' title='bbox 2114 2110 2209 2173; x_wconf 91' lang='lat' dir='ltr'><strong>Vl.</strong></span> <span class='ocrx_word' id='word_1_373' title='bbox 2245 2115 2387 2174; x_wconf 80' lang='lat' dir='ltr'><strong>Cum</strong></span> <span class='ocrx_word' id='word_1_374' title='bbox 2441 2120 2642 2173; x_wconf 87' lang='lat' dir='ltr'><strong>autem</strong></span> <span class='ocrx_word' id='word_1_375' title='bbox 2675 2111 2725 2173; x_wconf 91' lang='lat' dir='ltr'><strong>is</strong></span> <span class='ocrx_word' id='word_1_376' title='bbox 2769 2111 2953 2172; x_wconf 89' lang='lat' dir='ltr'><strong>latere</strong></span> <span class='ocrx_word' id='word_1_377' title='bbox 2985 2130 3103 2174; x_wconf 89' lang='lat' dir='ltr'><strong>non</strong></span> <span class='ocrx_word' id='word_1_378' title='bbox 3140 2122 3359 2193; x_wconf 87' lang='lat' dir='ltr'><strong>posset,</strong></span> <span class='ocrx_word' id='word_1_379' title='bbox 3393 2125 3456 2178; x_wconf 93' lang='lat' dir='ltr'><strong>ut</strong></span> <span class='ocrx_word' id='word_1_380' title='bbox 3484 2118 3586 2198; x_wconf 90' lang='lat' dir='ltr'><strong>qui</strong></span> <span class='ocrx_word' id='word_1_381' title='bbox 3616 2118 3679 2181; x_wconf 89' lang='lat' dir='ltr'><strong>in</strong></span> 
     </span>
    </p>
   </div>
   <div class='ocr_carea' id='block_1_53' title="bbox 2032 2201 3681 2289">
    <p class='ocr_par' dir='ltr' id='par_1_53' title="bbox 2032 2201 3681 2289">
     <span class='ocr_line' id='line_1_53' title="bbox 2032 2201 3681 2289; baseline 0.005 -27"><span class='ocrx_word' id='word_1_382' title='bbox 2032 2201 2249 2263; x_wconf 89' lang='lat' dir='ltr'><strong>illustri</strong></span> <span class='ocrx_word' id='word_1_383' title='bbox 2298 2210 2487 2265; x_wconf 85' lang='lat' dir='ltr'><strong>staret</strong></span> <span class='ocrx_word' id='word_1_384' title='bbox 2518 2201 2650 2263; x_wconf 93' lang='lat' dir='ltr'><strong>loco</strong></span> <span class='ocrx_word' id='word_1_385' title='bbox 2682 2202 2939 2283; x_wconf 90' lang='lat' dir='ltr'><strong>virtutis,</strong></span> <span class='ocrx_word' id='word_1_386' title='bbox 2971 2211 3030 2262; x_wconf 91' lang='lat' dir='ltr'><strong>et</strong></span> <span class='ocrx_word' id='word_1_387' title='bbox 3073 2221 3284 2282; x_wconf 84' lang='lat' dir='ltr'><strong>magno</strong></span> <span class='ocrx_word' id='word_1_388' title='bbox 3315 2223 3419 2268; x_wconf 92' lang='lat' dir='ltr'><strong>ore</strong></span> <span class='ocrx_word' id='word_1_389' title='bbox 3449 2208 3521 2268; x_wconf 90' lang='lat' dir='ltr'><strong>ab</strong></span> <span class='ocrx_word' id='word_1_390' title='bbox 3552 2208 3681 2289; x_wconf 91' lang='lat' dir='ltr'><strong>ipsa</strong></span> 
     </span>
    </p>
   </div>
   <div class='ocr_carea' id='block_1_54' title="bbox 2033 2291 3680 2376">
    <p class='ocr_par' dir='ltr' id='par_1_54' title="bbox 2033 2291 3680 2376">
     <span class='ocr_line' id='line_1_54' title="bbox 2033 2291 3680 2376; baseline 0.004 -24"><span class='ocrx_word' id='word_1_391' title='bbox 2033 2291 2479 2371; x_wconf 63' lang='lat' dir='ltr'><strong>praedicaretur,</strong></span> <span class='ocrx_word' id='word_1_392' title='bbox 2514 2292 2630 2352; x_wconf 90' lang='lat' dir='ltr'><strong>cito</strong></span> <span class='ocrx_word' id='word_1_393' title='bbox 2692 2291 2993 2353; x_wconf 84' lang='lat' dir='ltr'><strong>invenitur</strong></span> <span class='ocrx_word' id='word_1_394' title='bbox 3045 2294 3118 2353; x_wconf 91' lang='lat' dir='ltr'><strong>ab</strong></span> <span class='ocrx_word' id='word_1_395' title='bbox 3166 2294 3263 2371; x_wconf 90' lang='lat' dir='ltr'><strong>iis,</strong></span> <span class='ocrx_word' id='word_1_396' title='bbox 3301 2296 3404 2376; x_wconf 83' lang='lat' dir='ltr'><strong>qui</strong></span> <span class='ocrx_word' id='word_1_397' title='bbox 3446 2308 3680 2359; x_wconf 89' lang='lat' dir='ltr'><strong>scruta-</strong></span> 
     </span>
    </p>
   </div>
   <div class='ocr_carea' id='block_1_55' title="bbox 2035 2379 3686 2463">
    <p class='ocr_par' dir='ltr' id='par_1_55' title="bbox 2035 2379 3686 2463">
     <span class='ocr_line' id='line_1_55' title="bbox 2035 2379 3686 2463; baseline 0.005 -21"><span class='ocrx_word' id='word_1_398' title='bbox 2035 2382 2272 2443; x_wconf 89' lang='lat' dir='ltr'><strong>bantur.</strong></span> <span class='ocrx_word' id='word_1_399' title='bbox 2306 2379 2400 2441; x_wconf 93' lang='lat' dir='ltr'><strong>Illi</strong></span> <span class='ocrx_word' id='word_1_400' title='bbox 2421 2389 2796 2463; x_wconf 88' lang='lat' dir='ltr'><strong>autem,cum</strong></span> <span class='ocrx_word' id='word_1_401' title='bbox 2829 2380 2881 2442; x_wconf 90' lang='lat' dir='ltr'><strong>is</strong></span> <span class='ocrx_word' id='word_1_402' title='bbox 2897 2381 3021 2461; x_wconf 90' lang='lat' dir='ltr'><strong>jam</strong></span> <span class='ocrx_word' id='word_1_403' title='bbox 3054 2383 3142 2443; x_wconf 91' lang='lat' dir='ltr'><strong>eis</strong></span> <span class='ocrx_word' id='word_1_404' title='bbox 3173 2385 3458 2448; x_wconf 86' lang='lat' dir='ltr'><strong>evasisset</strong></span> <span class='ocrx_word' id='word_1_405' title='bbox 3489 2387 3686 2449; x_wconf 37' lang='lat' dir='ltr'><strong>mauis</strong></span> 
     </span>
    </p>
   </div>
   <div class='ocr_carea' id='block_1_56' title="bbox 2036 2470 3683 2558">
    <p class='ocr_par' dir='ltr' id='par_1_56' title="bbox 2036 2470 3683 2558">
     <span class='ocr_line' id='line_1_56' title="bbox 2036 2470 3683 2558; baseline 0.006 -28"><span class='ocrx_word' id='word_1_406' title='bbox 2036 2470 2367 2542; x_wconf 73' lang='lat' dir='ltr'><strong>lestus,la3ti</strong></span> <span class='ocrx_word' id='word_1_407' title='bbox 2390 2471 2591 2531; x_wconf 85' lang='lat' dir='ltr'><strong>laetum</strong></span> <span class='ocrx_word' id='word_1_408' title='bbox 2613 2470 2830 2531; x_wconf 90' lang='lat' dir='ltr'><strong>sistunt</strong></span> <span class='ocrx_word' id='word_1_409' title='bbox 2850 2478 2987 2532; x_wconf 88' lang='lat' dir='ltr'><strong>ante</strong></span> <span class='ocrx_word' id='word_1_410' title='bbox 3011 2470 3333 2535; x_wconf 90' lang='lat' dir='ltr'><strong>Neronem.</strong></span> <span class='ocrx_word' id='word_1_411' title='bbox 3353 2474 3505 2546; x_wconf 86' lang='lat' dir='ltr'><strong>Quid</strong></span> <span class='ocrx_word' id='word_1_412' title='bbox 3539 2495 3683 2558; x_wconf 79' lang='lat' dir='ltr'><strong>ergo</strong></span> 
     </span>
    </p>
   </div>
   <div class='ocr_carea' id='block_1_57' title="bbox 2038 2558 3688 2647">
    <p class='ocr_par' dir='ltr' id='par_1_57' title="bbox 2038 2558 3688 2647">
     <span class='ocr_line' id='line_1_57' title="bbox 2038 2558 3688 2647; baseline 0.005 -27"><span class='ocrx_word' id='word_1_413' title='bbox 2038 2560 2139 2622; x_wconf 89' lang='lat' dir='ltr'><strong>ille</strong></span> <span class='ocrx_word' id='word_1_414' title='bbox 2165 2559 2195 2619; x_wconf 83' lang='lat'>?</span> <span class='ocrx_word' id='word_1_415' title='bbox 2246 2558 2573 2640; x_wconf 85' lang='lat' dir='ltr'><strong>Propositis</strong></span> <span class='ocrx_word' id='word_1_416' title='bbox 2604 2560 2656 2620; x_wconf 91' lang='lat' dir='ltr'><strong>ei</strong></span> <span class='ocrx_word' id='word_1_417' title='bbox 2690 2561 3023 2637; x_wconf 89' lang='lat' dir='ltr'><strong>tormentis,</strong></span> <span class='ocrx_word' id='word_1_418' title='bbox 3050 2564 3552 2628; x_wconf 89' lang='lat' dir='ltr'><strong>assentationibus</strong></span> <span class='ocrx_word' id='word_1_419' title='bbox 3579 2585 3688 2647; x_wconf 83' lang='lat' dir='ltr'><strong>ag-</strong></span> 
     </span>
    </p>
   </div>
   <div class='ocr_carea' id='block_1_58' title="bbox 2036 2648 3685 2733">
    <p class='ocr_par' dir='ltr' id='par_1_58' title="bbox 2036 2648 3685 2733">
     <span class='ocr_line' id='line_1_58' title="bbox 2036 2648 3685 2733; baseline 0.005 -23"><span class='ocrx_word' id='word_1_420' title='bbox 2036 2667 2279 2728; x_wconf 83' lang='lat' dir='ltr'><strong>gressus</strong></span> <span class='ocrx_word' id='word_1_421' title='bbox 2309 2658 2399 2709; x_wconf 89' lang='lat' dir='ltr'><strong>est</strong></span> <span class='ocrx_word' id='word_1_422' title='bbox 2430 2648 2765 2724; x_wconf 89' lang='lat' dir='ltr'><strong>Nazarium,</strong></span> <span class='ocrx_word' id='word_1_423' title='bbox 2801 2658 2865 2711; x_wconf 88' lang='lat' dir='ltr'><strong>ut</strong></span> <span class='ocrx_word' id='word_1_424' title='bbox 2896 2669 3028 2711; x_wconf 92' lang='lat' dir='ltr'><strong>cum</strong></span> <span class='ocrx_word' id='word_1_425' title='bbox 3054 2651 3170 2712; x_wconf 87' lang='lat' dir='ltr'><strong>illis</strong></span> <span class='ocrx_word' id='word_1_426' title='bbox 3200 2652 3442 2733; x_wconf 89' lang='lat' dir='ltr'><strong>quidem</strong></span> <span class='ocrx_word' id='word_1_427' title='bbox 3475 2657 3527 2718; x_wconf 91' lang='lat' dir='ltr'><strong>ei</strong></span> <span class='ocrx_word' id='word_1_428' title='bbox 3560 2666 3685 2719; x_wconf 91' lang='lat' dir='ltr'><strong>ter-</strong></span> 
     </span>
    </p>
   </div>
   <div class='ocr_carea' id='block_1_59' title="bbox 2040 2740 3685 2827">
    <p class='ocr_par' dir='ltr' id='par_1_59' title="bbox 2040 2740 3685 2827">
     <span class='ocr_line' id='line_1_59' title="bbox 2040 2740 3685 2827; baseline 0.006 -28"><span class='ocrx_word' id='word_1_429' title='bbox 2040 2758 2235 2800; x_wconf 83' lang='lat' dir='ltr'><strong>rorem</strong></span> <span class='ocrx_word' id='word_1_430' title='bbox 2269 2741 2584 2817; x_wconf 86' lang='lat' dir='ltr'><strong>attulisset,</strong></span> <span class='ocrx_word' id='word_1_431' title='bbox 2612 2740 2705 2800; x_wconf 86' lang='lat' dir='ltr'><strong>liis</strong></span> <span class='ocrx_word' id='word_1_432' title='bbox 2735 2748 2931 2800; x_wconf 89' lang='lat' dir='ltr'><strong>autem</strong></span> <span class='ocrx_word' id='word_1_433' title='bbox 2965 2760 3100 2802; x_wconf 92' lang='lat' dir='ltr'><strong>eum</strong></span> <span class='ocrx_word' id='word_1_434' title='bbox 3142 2743 3507 2818; x_wconf 89' lang='lat' dir='ltr'><strong>emolliisset,</strong></span> <span class='ocrx_word' id='word_1_435' title='bbox 3545 2765 3685 2827; x_wconf 91' lang='lat' dir='ltr'><strong>per-</strong></span> 
     </span>
    </p>
   </div>
   <div class='ocr_carea' id='block_1_60' title="bbox 2040 2827 3686 2901">
    <p class='ocr_par' dir='ltr' id='par_1_60' title="bbox 2040 2827 3686 2901">
     <span class='ocr_line' id='line_1_60' title="bbox 2040 2827 3686 2901; baseline 0.005 -12"><span class='ocrx_word' id='word_1_436' title='bbox 2040 2827 2319 2890; x_wconf 81' lang='lat' dir='ltr'><strong>suaderet</strong></span> <span class='ocrx_word' id='word_1_437' title='bbox 2349 2829 2430 2901; x_wconf 90' lang='lat' dir='ltr'><strong>ei,</strong></span> <span class='ocrx_word' id='word_1_438' title='bbox 2466 2841 2525 2889; x_wconf 91' lang='lat' dir='ltr'><strong>ut</strong></span> <span class='ocrx_word' id='word_1_439' title='bbox 2561 2828 2840 2889; x_wconf 68' lang='lat' dir='ltr'><strong>transiret</strong></span> <span class='ocrx_word' id='word_1_440' title='bbox 2860 2831 2931 2890; x_wconf 89' lang='lat' dir='ltr'><strong>ad</strong></span> <span class='ocrx_word' id='word_1_441' title='bbox 2964 2848 3130 2891; x_wconf 90' lang='lat' dir='ltr'><strong>suam</strong></span> <span class='ocrx_word' id='word_1_442' title='bbox 3164 2835 3686 2899; x_wconf 78' lang='lat' dir='ltr'><strong>voluntatezn.Na-</strong></span> 
     </span>
    </p>
   </div>
   <div class='ocr_carea' id='block_1_61' title="bbox 2037 2917 3687 3003">
    <p class='ocr_par' dir='ltr' id='par_1_61' title="bbox 2037 2917 3687 3003">
     <span class='ocr_line' id='line_1_61' title="bbox 2037 2917 3687 3003; baseline 0.005 -26"><span class='ocrx_word' id='word_1_443' title='bbox 2037 2920 2233 2979; x_wconf 90' lang='lat' dir='ltr'><strong>zarius</strong></span> <span class='ocrx_word' id='word_1_444' title='bbox 2292 2935 2427 2977; x_wconf 90' lang='lat' dir='ltr'><strong>vero</strong></span> <span class='ocrx_word' id='word_1_445' title='bbox 2473 2926 2600 2977; x_wconf 72' lang='lat' dir='ltr'><strong>erat</strong></span> <span class='ocrx_word' id='word_1_446' title='bbox 2657 2935 2905 2978; x_wconf 83' lang='lat' dir='ltr'><strong>omnino</strong></span> <span class='ocrx_word' id='word_1_447' title='bbox 2967 2917 3316 2996; x_wconf 88' lang='lat' dir='ltr'><strong>immobilis,</strong></span> <span class='ocrx_word' id='word_1_448' title='bbox 3351 2934 3413 2983; x_wconf 89' lang='lat' dir='ltr'><strong>ut</strong></span> <span class='ocrx_word' id='word_1_449' title='bbox 3460 2923 3560 3003; x_wconf 90' lang='lat' dir='ltr'><strong>qui</strong></span> <span class='ocrx_word' id='word_1_450' title='bbox 3613 2925 3687 2987; x_wconf 90' lang='lat' dir='ltr'><strong>ab</strong></span> 
     </span>
    </p>
   </div>
   <div class='ocr_carea' id='block_1_62' title="bbox 2040 3006 3684 3090">
    <p class='ocr_par' dir='ltr' id='par_1_62' title="bbox 2040 3006 3684 3090">
     <span class='ocr_line' id='line_1_62' title="bbox 2040 3006 3684 3090; baseline 0.005 -22"><span class='ocrx_word' id='word_1_451' title='bbox 2040 3007 2135 3068; x_wconf 89' lang='lat' dir='ltr'><strong>his</strong></span> <span class='ocrx_word' id='word_1_452' title='bbox 2180 3006 2255 3067; x_wconf 86' lang='lat' dir='ltr'><strong>ad</strong></span> <span class='ocrx_word' id='word_1_453' title='bbox 2308 3007 2648 3087; x_wconf 79' lang='lat' dir='ltr'><strong>martyrium</strong></span> <span class='ocrx_word' id='word_1_454' title='bbox 2701 3012 2886 3085; x_wconf 83' lang='lat' dir='ltr'><strong>magis</strong></span> <span class='ocrx_word' id='word_1_455' title='bbox 2941 3016 3277 3090; x_wconf 85' lang='lat' dir='ltr'><strong>acueretur,</strong></span> <span class='ocrx_word' id='word_1_456' title='bbox 3314 3030 3430 3073; x_wconf 91' lang='lat' dir='ltr'><strong>non</strong></span> <span class='ocrx_word' id='word_1_457' title='bbox 3483 3022 3684 3076; x_wconf 85' lang='lat' dir='ltr'><strong>autem</strong></span> 
     </span>
    </p>
   </div>
   <div class='ocr_carea' id='block_1_63' title="bbox 2040 3094 3682 3176">
    <p class='ocr_par' dir='ltr' id='par_1_63' title="bbox 2040 3094 3682 3176">
     <span class='ocr_line' id='line_1_63' title="bbox 2040 3094 3682 3176; baseline 0.005 -18"><span class='ocrx_word' id='word_1_458' title='bbox 2040 3097 2436 3159; x_wconf 83' lang='lat' dir='ltr'><strong>emolliretur.</strong></span> <span class='ocrx_word' id='word_1_459' title='bbox 2472 3094 2538 3156; x_wconf 89' lang='lat' dir='ltr'><strong>Et</strong></span> <span class='ocrx_word' id='word_1_460' title='bbox 2585 3095 2719 3158; x_wconf 93' lang='lat' dir='ltr'><strong>ideo</strong></span> <span class='ocrx_word' id='word_1_461' title='bbox 2770 3097 2979 3176; x_wconf 85' lang='lat' dir='ltr'><strong>majori</strong></span> <span class='ocrx_word' id='word_1_462' title='bbox 3013 3097 3287 3160; x_wconf 86' lang='lat' dir='ltr'><strong>utebatur</strong></span> <span class='ocrx_word' id='word_1_463' title='bbox 3331 3105 3682 3167; x_wconf 88' lang='lat' dir='ltr'><strong>constantia.</strong></span> 
     </span>
    </p>
   </div>
   <div class='ocr_carea' id='block_1_64' title="bbox 303 3186 1948 3269">
    <p class='ocr_par' dir='ltr' id='par_1_64' title="bbox 303 3187 1948 3269">
     <span class='ocr_line' id='line_1_64' title="bbox 303 3187 1948 3269; baseline 0.003 -25"><span class='ocrx_word' id='word_1_464' title='bbox 303 3187 541 3269; x_wconf 71' lang='grc' dir='ltr'>δράσειε,</span> <span class='ocrx_word' id='word_1_465' title='bbox 600 3188 809 3269; x_wconf 78' lang='grc' dir='ltr'>φυλακῇ</span> <span class='ocrx_word' id='word_1_466' title='bbox 868 3191 1001 3256; x_wconf 85' lang='grc' dir='ltr'>τέως</span> <span class='ocrx_word' id='word_1_467' title='bbox 1061 3192 1152 3248; x_wconf 78' lang='grc' dir='ltr'><strong>τὸν</strong></span> <span class='ocrx_word' id='word_1_468' title='bbox 1209 3190 1369 3266; x_wconf 80' lang='grc' dir='ltr'>ἄνδρα</span> <span class='ocrx_word' id='word_1_469' title='bbox 1429 3193 1566 3268; x_wconf 80' lang='grc' dir='ltr'>μετὰ</span> <span class='ocrx_word' id='word_1_470' title='bbox 1621 3200 1712 3249; x_wconf 82' lang='grc' dir='ltr'>τοῦ</span> <span class='ocrx_word' id='word_1_471' title='bbox 1771 3190 1948 3256; x_wconf 76' lang='grc' dir='ltr'>παιδὸς</span> 
     </span>
    </p>
   </div>
   <div class='ocr_carea' id='block_1_65' title="bbox 2035 3186 3687 3269">
    <p class='ocr_par' dir='ltr' id='par_1_65' title="bbox 2044 3186 3687 3268">
     <span class='ocr_line' id='line_1_65' title="bbox 2044 3186 3687 3268; baseline 0.004 -19"><span class='ocrx_word' id='word_1_472' title='bbox 2044 3191 2191 3249; x_wconf 77' lang='lat' dir='ltr'><strong>Cum</strong></span> <span class='ocrx_word' id='word_1_473' title='bbox 2247 3187 2515 3249; x_wconf 89' lang='lat' dir='ltr'><strong>nesciret</strong></span> <span class='ocrx_word' id='word_1_474' title='bbox 2544 3203 2684 3265; x_wconf 85' lang='lat' dir='ltr'><strong>ergo</strong></span> <span class='ocrx_word' id='word_1_475' title='bbox 2733 3188 2887 3248; x_wconf 85' lang='lat' dir='ltr'><strong>Nero</strong></span> <span class='ocrx_word' id='word_1_476' title='bbox 2921 3186 3061 3267; x_wconf 89' lang='lat' dir='ltr'><strong>quid</strong></span> <span class='ocrx_word' id='word_1_477' title='bbox 3107 3198 3330 3268; x_wconf 78' lang='lat' dir='ltr'><strong>ageret,</strong></span> <span class='ocrx_word' id='word_1_478' title='bbox 3368 3200 3506 3254; x_wconf 91' lang='lat' dir='ltr'><strong>tunc</strong></span> <span class='ocrx_word' id='word_1_479' title='bbox 3549 3212 3687 3256; x_wconf 90' lang='lat' dir='ltr'><strong>eum</strong></span> 
     </span>
    </p>
   </div>
   <div class='ocr_carea' id='block_1_66' title="bbox 302 3275 1948 3361">
    <p class='ocr_par' dir='ltr' id='par_1_66' title="bbox 302 3276 1948 3361">
     <span class='ocr_line' id='line_1_66' title="bbox 302 3276 1948 3361; baseline 0.001 -26"><span class='ocrx_word' id='word_1_480' title='bbox 302 3276 509 3337; x_wconf 78' lang='grc' dir='ltr'>δίδωσι.</span> <span class='ocrx_word' id='word_1_481' title='bbox 560 3286 746 3360; x_wconf 70' lang='grc' dir='ltr'>Βραχὺ</span> <span class='ocrx_word' id='word_1_482' title='bbox 788 3281 848 3336; x_wconf 85' lang='grc' dir='ltr'>τὸ</span> <span class='ocrx_word' id='word_1_483' title='bbox 906 3281 959 3337; x_wconf 84' lang='grc' dir='ltr'>ἐν</span> <span class='ocrx_word' id='word_1_484' title='bbox 1019 3281 1188 3358; x_wconf 80' lang='grc' dir='ltr'>μέσῳ,</span> <span class='ocrx_word' id='word_1_485' title='bbox 1242 3283 1332 3338; x_wconf 79' lang='grc' dir='ltr'><strong>καὶ</strong></span> <span class='ocrx_word' id='word_1_486' title='bbox 1383 3282 1599 3361; x_wconf 82' lang='grc' dir='ltr'>Νέρωνα</span> <span class='ocrx_word' id='word_1_487' title='bbox 1643 3284 1740 3357; x_wconf 78' lang='grc' dir='ltr'>μὲν</span> <span class='ocrx_word' id='word_1_488' title='bbox 1802 3284 1948 3340; x_wconf 56' lang='lat' dir='ltr'><strong>mihi</strong></span> 
     </span>
    </p>
   </div>
   <div class='ocr_carea' id='block_1_67' title="bbox 2035 3275 3692 3361">
    <p class='ocr_par' dir='ltr' id='par_1_67' title="bbox 2041 3275 3692 3357">
     <span class='ocr_line' id='line_1_67' title="bbox 2041 3275 3692 3357; baseline 0.005 -19"><span class='ocrx_word' id='word_1_489' title='bbox 2041 3295 2177 3339; x_wconf 91' lang='lat' dir='ltr'><strong>cum</strong></span> <span class='ocrx_word' id='word_1_490' title='bbox 2211 3293 2398 3357; x_wconf 89' lang='lat' dir='ltr'><strong>puero</strong></span> <span class='ocrx_word' id='word_1_491' title='bbox 2431 3275 2610 3336; x_wconf 89' lang='lat' dir='ltr'><strong>tradit</strong></span> <span class='ocrx_word' id='word_1_492' title='bbox 2638 3275 2699 3336; x_wconf 91' lang='lat' dir='ltr'><strong>in</strong></span> <span class='ocrx_word' id='word_1_493' title='bbox 2738 3277 3092 3341; x_wconf 89' lang='lat' dir='ltr'><strong>custodiam.</strong></span> <span class='ocrx_word' id='word_1_494' title='bbox 3115 3277 3329 3340; x_wconf 90' lang='lat' dir='ltr'><strong>Parum</strong></span> <span class='ocrx_word' id='word_1_495' title='bbox 3352 3279 3692 3346; x_wconf 87' lang='lat' dir='ltr'><strong>intercessit</strong></span> 
     </span>
    </p>
   </div>
   <div class='ocr_carea' id='block_1_68' title="bbox 301 3364 1948 3452">
    <p class='ocr_par' dir='ltr' id='par_1_68' title="bbox 301 3366 1948 3452">
     <span class='ocr_line' id='line_1_68' title="bbox 301 3366 1948 3452; baseline 0.004 -28"><span class='ocrx_word' id='word_1_496' title='bbox 301 3369 332 3424; x_wconf 85' lang='grc' dir='ltr'>ὁ</span> <span class='ocrx_word' id='word_1_497' title='bbox 377 3366 687 3433; x_wconf 82' lang='grc' dir='ltr'>δικαστικὸς</span> <span class='ocrx_word' id='word_1_498' title='bbox 735 3370 865 3450; x_wconf 69' lang='grc' dir='ltr'>εἶχε</span> <span class='ocrx_word' id='word_1_499' title='bbox 911 3371 1116 3449; x_wconf 73' lang='grc' dir='ltr'>θρόνος,</span> <span class='ocrx_word' id='word_1_500' title='bbox 1167 3372 1427 3451; x_wconf 79' lang='grc' dir='ltr'>Ναζάριος</span> <span class='ocrx_word' id='word_1_501' title='bbox 1459 3370 1513 3427; x_wconf 80' lang='grc' dir='ltr'><strong>δὲ</strong></span> <span class='ocrx_word' id='word_1_502' title='bbox 1546 3372 1791 3452; x_wconf 80' lang='grc' dir='ltr'>εἰσήγετο</span> <span class='ocrx_word' id='word_1_503' title='bbox 1823 3374 1948 3448; x_wconf 75' lang='grc' dir='ltr'>μετὰ</span> 
     </span>
    </p>
   </div>
   <div class='ocr_carea' id='block_1_69' title="bbox 2035 3364 3692 3452">
    <p class='ocr_par' dir='ltr' id='par_1_69' title="bbox 2043 3364 3692 3447">
     <span class='ocr_line' id='line_1_69' title="bbox 2043 3364 3692 3447; baseline 0.006 -21"><span class='ocrx_word' id='word_1_504' title='bbox 2043 3366 2355 3447; x_wconf 85' lang='lat' dir='ltr'><strong>temporis,</strong></span> <span class='ocrx_word' id='word_1_505' title='bbox 2385 3374 2445 3427; x_wconf 92' lang='lat' dir='ltr'><strong>et</strong></span> <span class='ocrx_word' id='word_1_506' title='bbox 2464 3364 2764 3427; x_wconf 88' lang='lat' dir='ltr'><strong>Neronem</strong></span> <span class='ocrx_word' id='word_1_507' title='bbox 2797 3365 3039 3442; x_wconf 88' lang='lat' dir='ltr'><strong>quidem</strong></span> <span class='ocrx_word' id='word_1_508' title='bbox 3061 3386 3268 3430; x_wconf 85' lang='lat' dir='ltr'><strong>rursus</strong></span> <span class='ocrx_word' id='word_1_509' title='bbox 3289 3371 3465 3434; x_wconf 89' lang='lat' dir='ltr'><strong>sedes</strong></span> <span class='ocrx_word' id='word_1_510' title='bbox 3484 3372 3692 3436; x_wconf 86' lang='lat' dir='ltr'><strong>habuit</strong></span> 
     </span>
    </p>
   </div>
   <div class='ocr_carea' id='block_1_70' title="bbox 300 3458 1958 3538">
    <p class='ocr_par' dir='ltr' id='par_1_70' title="bbox 300 3458 1958 3538">
     <span class='ocr_line' id='line_1_70' title="bbox 300 3458 1958 3538; baseline 0.002 -22"><span class='ocrx_word' id='word_1_511' title='bbox 300 3468 397 3517; x_wconf 82' lang='grc' dir='ltr'>τοῦ</span> <span class='ocrx_word' id='word_1_512' title='bbox 454 3458 642 3525; x_wconf 82' lang='grc' dir='ltr'>παιδός</span> <span class='ocrx_word' id='word_1_513' title='bbox 671 3476 684 3489; x_wconf 88' lang='grc'>⁶</span> <span class='ocrx_word' id='word_1_514' title='bbox 746 3464 835 3517; x_wconf 88' lang='grc' dir='ltr'>καὶ</span> <span class='ocrx_word' id='word_1_515' title='bbox 895 3461 1058 3518; x_wconf 82' lang='grc' dir='ltr'>πάλιν</span> <span class='ocrx_word' id='word_1_516' title='bbox 1114 3463 1310 3537; x_wconf 86' lang='grc' dir='ltr'>ὁμοίως</span> <span class='ocrx_word' id='word_1_517' title='bbox 1370 3470 1458 3519; x_wconf 81' lang='grc' dir='ltr'>νῦν</span> <span class='ocrx_word' id='word_1_518' title='bbox 1505 3463 1601 3538; x_wconf 80' lang='grc' dir='ltr'>μὲν</span> <span class='ocrx_word' id='word_1_519' title='bbox 1632 3462 1797 3526; x_wconf 80' lang='grc' dir='ltr'>πολὺς</span> <span class='ocrx_word' id='word_1_520' title='bbox 1830 3464 1894 3531; x_wconf 76' lang='grc' dir='ltr'>ἦν</span> <span class='ocrx_word' id='word_1_521' title='bbox 1930 3467 1958 3520; x_wconf 87' lang='grc' dir='ltr'>ὁ</span> 
     </span>
    </p>
   </div>
   <div class='ocr_carea' id='block_1_71' title="bbox 302 3548 1958 3633">
    <p class='ocr_par' dir='ltr' id='par_1_71' title="bbox 302 3548 1958 3633">
     <span class='ocr_line' id='line_1_71' title="bbox 302 3548 1958 3633; baseline 0.001 -25"><span class='ocrx_word' id='word_1_522' title='bbox 302 3550 488 3629; x_wconf 79' lang='grc' dir='ltr'>Νέρων</span> <span class='ocrx_word' id='word_1_523' title='bbox 544 3564 667 3615; x_wconf 75' lang='grc' dir='ltr'>ταῖς</span> <span class='ocrx_word' id='word_1_524' title='bbox 722 3549 1003 3633; x_wconf 76' lang='grc' dir='ltr'>ἀπειλαῖς,</span> <span class='ocrx_word' id='word_1_525' title='bbox 1062 3561 1149 3633; x_wconf 83' lang='grc' dir='ltr'>νῦν</span> <span class='ocrx_word' id='word_1_526' title='bbox 1209 3548 1261 3607; x_wconf 76' lang='grc' dir='ltr'>δὲ</span> <span class='ocrx_word' id='word_1_527' title='bbox 1320 3565 1443 3617; x_wconf 78' lang='grc' dir='ltr'>ταῖς</span> <span class='ocrx_word' id='word_1_528' title='bbox 1503 3552 1802 3616; x_wconf 80' lang='grc' dir='ltr'>κολακείαις</span> <span class='ocrx_word' id='word_1_529' title='bbox 1834 3551 1958 3621; x_wconf 77' lang='grc' dir='ltr'>ἡδὺς</span> 
     </span>
    </p>
   </div>
   <div class='ocr_carea' id='block_1_72' title="bbox 304 3631 1957 3722">
    <p class='ocr_par' dir='ltr' id='par_1_72' title="bbox 304 3631 1957 3722">
     <span class='ocr_line' id='line_1_72' title="bbox 304 3631 1957 3722; baseline 0.001 -25"><span class='ocrx_word' id='word_1_530' title='bbox 304 3642 394 3697; x_wconf 84' lang='grc' dir='ltr'><strong>καὶ</strong></span> <span class='ocrx_word' id='word_1_531' title='bbox 455 3653 579 3705; x_wconf 76' lang='grc' dir='ltr'>ταῖς</span> <span class='ocrx_word' id='word_1_532' title='bbox 639 3631 1020 3722; x_wconf 74' lang='grc' dir='ltr'>ὑποσχέσεσιν.</span> <span class='ocrx_word' id='word_1_533' title='bbox 1059 3631 1150 3704; x_wconf 72' lang='grc' dir='ltr'>Ὠς</span> <span class='ocrx_word' id='word_1_534' title='bbox 1181 3639 1235 3697; x_wconf 79' lang='grc' dir='ltr'>δὲ</span> <span class='ocrx_word' id='word_1_535' title='bbox 1270 3644 1355 3699; x_wconf 71' lang='grc' dir='ltr'>ἐπὶ</span> <span class='ocrx_word' id='word_1_536' title='bbox 1386 3646 1481 3711; x_wconf 77' lang='grc' dir='ltr'>τῆς</span> <span class='ocrx_word' id='word_1_537' title='bbox 1538 3644 1704 3711; x_wconf 74' lang='grc' dir='ltr'>αὐτῆς</span> <span class='ocrx_word' id='word_1_538' title='bbox 1763 3643 1957 3700; x_wconf 81' lang='grc' dir='ltr'>ἐνστά-</span> 
     </span>
    </p>
   </div>
   <div class='ocr_carea' id='block_1_73' title="bbox 307 3730 1958 3811">
    <p class='ocr_par' dir='ltr' id='par_1_73' title="bbox 307 3730 1958 3811">
     <span class='ocr_line' id='line_1_73' title="bbox 307 3730 1958 3811; baseline 0.001 -23"><span class='ocrx_word' id='word_1_539' title='bbox 307 3753 447 3795; x_wconf 84' lang='grc' dir='ltr'>σεως</span> <span class='ocrx_word' id='word_1_540' title='bbox 506 3734 598 3788; x_wconf 74' lang='grc' dir='ltr'><strong>τὸν</strong></span> <span class='ocrx_word' id='word_1_541' title='bbox 656 3730 814 3810; x_wconf 77' lang='grc' dir='ltr'>ἄνδρα</span> <span class='ocrx_word' id='word_1_542' title='bbox 871 3732 1036 3809; x_wconf 78' lang='grc' dir='ltr'>ἑώρα,</span> <span class='ocrx_word' id='word_1_543' title='bbox 1068 3732 1333 3811; x_wconf 80' lang='grc' dir='ltr'>ἀπογνοὺς</span> <span class='ocrx_word' id='word_1_544' title='bbox 1390 3732 1467 3807; x_wconf 83' lang='grc' dir='ltr'>τῷ</span> <span class='ocrx_word' id='word_1_545' title='bbox 1521 3733 1687 3798; x_wconf 60' lang='grc' dir='ltr'>οὖτως</span> <span class='ocrx_word' id='word_1_546' title='bbox 1744 3735 1958 3811; x_wconf 80' lang='grc' dir='ltr'>ὑπαγα-</span> 
     </span>
    </p>
   </div>
   <div class='ocr_carea' id='block_1_74' title="bbox 304 3821 1958 3903">
    <p class='ocr_par' dir='ltr' id='par_1_74' title="bbox 304 3821 1958 3903">
     <span class='ocr_line' id='line_1_74' title="bbox 304 3821 1958 3903; baseline 0.001 -26"><span class='ocrx_word' id='word_1_547' title='bbox 304 3821 494 3900; x_wconf 84' lang='grc' dir='ltr'>γέσθαι</span> <span class='ocrx_word' id='word_1_548' title='bbox 552 3825 834 3902; x_wconf 79' lang='grc' dir='ltr'>Ναζάριον,</span> <span class='ocrx_word' id='word_1_549' title='bbox 895 3826 972 3896; x_wconf 76' lang='grc' dir='ltr'><strong>τῷ</strong></span> <span class='ocrx_word' id='word_1_550' title='bbox 1040 3829 1138 3890; x_wconf 77' lang='grc' dir='ltr'>τῆς</span> <span class='ocrx_word' id='word_1_551' title='bbox 1219 3821 1489 3889; x_wconf 77' lang='grc' dir='ltr'>θαλάσσης</span> <span class='ocrx_word' id='word_1_552' title='bbox 1543 3821 1958 3903; x_wconf 73' lang='grc' dir='ltr'>ἔναποῤῥιφῆναι</span> 
     </span>
    </p>
   </div>
   <div class='ocr_carea' id='block_1_75' title="bbox 304 3910 1961 3993">
    <p class='ocr_par' dir='ltr' id='par_1_75' title="bbox 304 3910 1961 3993">
     <span class='ocr_line' id='line_1_75' title="bbox 304 3910 1961 3993; baseline 0.001 -25"><span class='ocrx_word' id='word_1_553' title='bbox 304 3913 455 3990; x_wconf 83' lang='grc' dir='ltr'>βυθῷ</span> <span class='ocrx_word' id='word_1_554' title='bbox 511 3913 646 3989; x_wconf 76' lang='grc' dir='ltr'>μετὰ</span> <span class='ocrx_word' id='word_1_555' title='bbox 701 3918 795 3969; x_wconf 84' lang='grc' dir='ltr'>τοῦ</span> <span class='ocrx_word' id='word_1_556' title='bbox 853 3910 1042 3977; x_wconf 80' lang='grc' dir='ltr'>παιδὸς</span> <span class='ocrx_word' id='word_1_557' title='bbox 1107 3911 1428 3991; x_wconf 71' lang='grc' dir='ltr'>προστάσσει</span> <span class='ocrx_word' id='word_1_558' title='bbox 1509 3912 1753 3993; x_wconf 73' lang='grc' dir='ltr'>Κελσίου,</span> <span class='ocrx_word' id='word_1_559' title='bbox 1814 3912 1961 3978; x_wconf 78' lang='grc' dir='ltr'>ὅπως</span> 
     </span>
    </p>
   </div>
   <div class='ocr_carea' id='block_1_76' title="bbox 306 4000 1961 4082">
    <p class='ocr_par' dir='ltr' id='par_1_76' title="bbox 306 4000 1961 4082">
     <span class='ocr_line' id='line_1_76' title="bbox 306 4000 1961 4082; baseline 0 -24"><span class='ocrx_word' id='word_1_560' title='bbox 306 4002 452 4079; x_wconf 75' lang='grc' dir='ltr'>μηδὲ</span> <span class='ocrx_word' id='word_1_561' title='bbox 512 4004 638 4079; x_wconf 77' lang='grc' dir='ltr'>ὸρᾷν</span> <span class='ocrx_word' id='word_1_562' title='bbox 694 4001 817 4082; x_wconf 79' lang='grc' dir='ltr'>ἔχοι</span> <span class='ocrx_word' id='word_1_563' title='bbox 890 4005 978 4067; x_wconf 75' lang='grc' dir='ltr'>οὓς</span> <span class='ocrx_word' id='word_1_564' title='bbox 1041 4000 1178 4078; x_wconf 79' lang='grc' dir='ltr'>μηδὲ</span> <span class='ocrx_word' id='word_1_565' title='bbox 1254 4008 1350 4079; x_wconf 75' lang='grc' dir='ltr'>ζῇν</span> <span class='ocrx_word' id='word_1_566' title='bbox 1403 4001 1542 4059; x_wconf 65' lang='grc' dir='ltr'>οὕτω</span> <span class='ocrx_word' id='word_1_567' title='bbox 1598 4001 1961 4077; x_wconf 65' lang='grc' dir='ltr'>διακειμένοος</span> 
     </span>
    </p>
   </div>
   <div class='ocr_carea' id='block_1_77' title="bbox 307 4090 1964 4171">
    <p class='ocr_par' dir='ltr' id='par_1_77' title="bbox 307 4090 1964 4171">
     <span class='ocr_line' id='line_1_77' title="bbox 307 4090 1964 4171; baseline -0.002 -21"><span class='ocrx_word' id='word_1_568' title='bbox 307 4090 585 4154; x_wconf 75' lang='grc' dir='ltr'>ἐϐούλετο,</span> <span class='ocrx_word' id='word_1_569' title='bbox 621 4091 771 4150; x_wconf 81' lang='grc' dir='ltr'>Ἀλλ’</span> <span class='ocrx_word' id='word_1_570' title='bbox 824 4094 962 4161; x_wconf 74' lang='grc' dir='ltr'>ἦσαν</span> <span class='ocrx_word' id='word_1_571' title='bbox 1009 4092 1229 4159; x_wconf 74' lang='grc' dir='ltr'>ἀληθεῖς</span> <span class='ocrx_word' id='word_1_572' title='bbox 1284 4095 1495 4155; x_wconf 83' lang='grc' dir='ltr'>πάντως</span> <span class='ocrx_word' id='word_1_573' title='bbox 1542 4094 1590 4149; x_wconf 82' lang='grc' dir='ltr'>οἱ</span> <span class='ocrx_word' id='word_1_574' title='bbox 1619 4104 1711 4152; x_wconf 79' lang='grc' dir='ltr'>τοῦ</span> <span class='ocrx_word' id='word_1_575' title='bbox 1738 4094 1964 4171; x_wconf 81' lang='grc' dir='ltr'>θεόφρο-</span> 
     </span>
    </p>
   </div>
   <div class='ocr_carea' id='block_1_78' title="bbox 306 4173 1956 4263">
    <p class='ocr_par' dir='ltr' id='par_1_78' title="bbox 306 4173 1956 4263">
     <span class='ocr_line' id='line_1_78' title="bbox 306 4173 1956 4263; baseline -0.001 -22"><span class='ocrx_word' id='word_1_576' title='bbox 306 4205 403 4247; x_wconf 87' lang='grc' dir='ltr'><strong>νος</strong></span> <span class='ocrx_word' id='word_1_577' title='bbox 462 4173 693 4240; x_wconf 72' lang='grc' dir='ltr'>Ἠσαίου</span> <span class='ocrx_word' id='word_1_578' title='bbox 751 4182 927 4263; x_wconf 81' lang='grc' dir='ltr'>λόγοι,</span> <span class='ocrx_word' id='word_1_579' title='bbox 986 4183 1167 4259; x_wconf 77' lang='grc' dir='ltr'>ὥσπερ</span> <span class='ocrx_word' id='word_1_580' title='bbox 1223 4185 1353 4261; x_wconf 80' lang='grc' dir='ltr'>πρὸς</span> <span class='ocrx_word' id='word_1_581' title='bbox 1412 4184 1598 4248; x_wconf 77' lang='grc' dir='ltr'>αὐτοὺς</span> <span class='ocrx_word' id='word_1_582' title='bbox 1658 4184 1956 4260; x_wconf 71' lang='grc' dir='ltr'>εἰρημένοι*</span> 
     </span>
    </p>
   </div>
   <div class='ocr_carea' id='block_1_79' title="bbox 318 4270 1963 4355">
    <p class='ocr_par' dir='ltr' id='par_1_79' title="bbox 318 4270 1963 4355">
     <span class='ocr_line' id='line_1_79' title="bbox 318 4270 1963 4355; baseline 0.001 -25"><span class='ocrx_word' id='word_1_583' title='bbox 318 4292 349 4330; x_wconf 71' lang='grc' dir='ltr'>ι</span> <span class='ocrx_word' id='word_1_584' title='bbox 411 4270 537 4329; x_wconf 70' lang='grc' dir='ltr'><strong>Ἐὰθ</strong></span> <span class='ocrx_word' id='word_1_585' title='bbox 593 4270 866 4351; x_wconf 75' lang='grc' dir='ltr'>διαϐαίνῃς</span> <span class='ocrx_word' id='word_1_586' title='bbox 926 4270 993 4330; x_wconf 78' lang='grc' dir='ltr'>δι’</span> <span class='ocrx_word' id='word_1_587' title='bbox 1053 4272 1263 4352; x_wconf 67' lang='grc' dir='ltr'>ὕδατος,</span> <span class='ocrx_word' id='word_1_588' title='bbox 1327 4274 1461 4344; x_wconf 83' lang='grc' dir='ltr'>μετὰ</span> <span class='ocrx_word' id='word_1_589' title='bbox 1520 4281 1614 4330; x_wconf 85' lang='grc' dir='ltr'>σοῦ</span> <span class='ocrx_word' id='word_1_590' title='bbox 1673 4276 1807 4355; x_wconf 79' lang='grc' dir='ltr'>εἰμι,</span> <span class='ocrx_word' id='word_1_591' title='bbox 1873 4276 1963 4331; x_wconf 85' lang='grc' dir='ltr'><strong>καὶ</strong></span> 
     </span>
    </p>
   </div>
   <div class='ocr_carea' id='block_1_80' title="bbox 2035 3455 3691 3536">
    <p class='ocr_par' dir='ltr' id='par_1_80' title="bbox 2035 3455 3691 3536">
     <span class='ocr_line' id='line_1_80' title="bbox 2035 3455 3691 3536; baseline 0.005 -19"><span class='ocrx_word' id='word_1_592' title='bbox 2035 3456 2373 3536; x_wconf 83' lang='lat' dir='ltr'><strong>judiciaria.</strong></span> <span class='ocrx_word' id='word_1_593' title='bbox 2408 3455 2789 3518; x_wconf 84' lang='lat' dir='ltr'><strong>Introductus</strong></span> <span class='ocrx_word' id='word_1_594' title='bbox 2841 3465 3039 3518; x_wconf 91' lang='lat' dir='ltr'><strong>autem</strong></span> <span class='ocrx_word' id='word_1_595' title='bbox 3090 3458 3199 3519; x_wconf 83' lang='lat' dir='ltr'><strong>fuit</strong></span> <span class='ocrx_word' id='word_1_596' title='bbox 3227 3461 3505 3524; x_wconf 82' lang='lat' dir='ltr'><strong>Nazarius</strong></span> <span class='ocrx_word' id='word_1_597' title='bbox 3555 3482 3691 3525; x_wconf 92' lang='lat' dir='ltr'><strong>cum</strong></span> 
     </span>
    </p>
   </div>
   <div class='ocr_carea' id='block_1_81' title="bbox 2042 3544 3693 3628">
    <p class='ocr_par' dir='ltr' id='par_1_81' title="bbox 2042 3544 3693 3628">
     <span class='ocr_line' id='line_1_81' title="bbox 2042 3544 3693 3628; baseline 0.005 -21"><span class='ocrx_word' id='word_1_598' title='bbox 2042 3564 2251 3626; x_wconf 90' lang='lat' dir='ltr'><strong>quero.</strong></span> <span class='ocrx_word' id='word_1_599' title='bbox 2303 3544 2374 3606; x_wconf 85' lang='lat' dir='ltr'><strong>Et</strong></span> <span class='ocrx_word' id='word_1_600' title='bbox 2420 3564 2634 3607; x_wconf 87' lang='lat' dir='ltr'><strong>rursus</strong></span> <span class='ocrx_word' id='word_1_601' title='bbox 2663 3545 2967 3628; x_wconf 85' lang='lat' dir='ltr'><strong>similiter,</strong></span> <span class='ocrx_word' id='word_1_602' title='bbox 3005 3565 3164 3609; x_wconf 88' lang='lat' dir='ltr'><strong>nunc</strong></span> <span class='ocrx_word' id='word_1_603' title='bbox 3213 3550 3454 3628; x_wconf 89' lang='lat' dir='ltr'><strong>quidem</strong></span> <span class='ocrx_word' id='word_1_604' title='bbox 3514 3553 3693 3614; x_wconf 87' lang='lat' dir='ltr'><strong>minis</strong></span> 
     </span>
    </p>
   </div>
   <div class='ocr_carea' id='block_1_82' title="bbox 2044 3635 3692 3715">
    <p class='ocr_par' dir='ltr' id='par_1_82' title="bbox 2044 3635 3692 3715">
     <span class='ocr_line' id='line_1_82' title="bbox 2044 3635 3692 3715; baseline 0.006 -19"><span class='ocrx_word' id='word_1_605' title='bbox 2044 3636 2368 3697; x_wconf 86' lang='lat' dir='ltr'><strong>vehemens</strong></span> <span class='ocrx_word' id='word_1_606' title='bbox 2384 3648 2513 3698; x_wconf 85' lang='lat' dir='ltr'><strong>erat</strong></span> <span class='ocrx_word' id='word_1_607' title='bbox 2534 3635 2714 3715; x_wconf 89' lang='lat' dir='ltr'><strong>Nero,</strong></span> <span class='ocrx_word' id='word_1_608' title='bbox 2747 3655 2907 3697; x_wconf 88' lang='lat' dir='ltr'><strong>nunc</strong></span> <span class='ocrx_word' id='word_1_609' title='bbox 2938 3646 3135 3699; x_wconf 87' lang='lat' dir='ltr'><strong>autem</strong></span> <span class='ocrx_word' id='word_1_610' title='bbox 3160 3642 3359 3702; x_wconf 86' lang='lat' dir='ltr'><strong>suavis</strong></span> <span class='ocrx_word' id='word_1_611' title='bbox 3385 3640 3692 3706; x_wconf 87' lang='lat' dir='ltr'><strong>blanditiis</strong></span> 
     </span>
    </p>
   </div>
   <div class='ocr_carea' id='block_1_83' title="bbox 2044 3724 3696 3805">
    <p class='ocr_par' dir='ltr' id='par_1_83' title="bbox 2044 3724 3696 3805">
     <span class='ocr_line' id='line_1_83' title="bbox 2044 3724 3696 3805; baseline 0.006 -19"><span class='ocrx_word' id='word_1_612' title='bbox 2044 3734 2103 3787; x_wconf 90' lang='lat' dir='ltr'><strong>et</strong></span> <span class='ocrx_word' id='word_1_613' title='bbox 2135 3725 2469 3804; x_wconf 88' lang='lat' dir='ltr'><strong>promissis.</strong></span> <span class='ocrx_word' id='word_1_614' title='bbox 2487 3728 2805 3805; x_wconf 87' lang='lat' dir='ltr'><strong>Postquam</strong></span> <span class='ocrx_word' id='word_1_615' title='bbox 2829 3724 3031 3787; x_wconf 84' lang='lat' dir='ltr'><strong>autem</strong></span> <span class='ocrx_word' id='word_1_616' title='bbox 3055 3727 3202 3787; x_wconf 86' lang='lat' dir='ltr'><strong>vidit</strong></span> <span class='ocrx_word' id='word_1_617' title='bbox 3220 3748 3354 3790; x_wconf 90' lang='lat' dir='ltr'><strong>eum</strong></span> <span class='ocrx_word' id='word_1_618' title='bbox 3381 3740 3538 3795; x_wconf 84' lang='lat' dir='ltr'><strong>tanta</strong></span> <span class='ocrx_word' id='word_1_619' title='bbox 3560 3750 3696 3796; x_wconf 86' lang='lat' dir='ltr'><strong>esse</strong></span> 
     </span>
    </p>
   </div>
   <div class='ocr_carea' id='block_1_84' title="bbox 2045 3814 3689 3899">
    <p class='ocr_par' dir='ltr' id='par_1_84' title="bbox 2045 3814 3689 3899">
     <span class='ocr_line' id='line_1_84' title="bbox 2045 3814 3689 3899; baseline 0.004 -22"><span class='ocrx_word' id='word_1_620' title='bbox 2045 3819 2402 3890; x_wconf 86' lang='lat' dir='ltr'><strong>constantia,</strong></span> <span class='ocrx_word' id='word_1_621' title='bbox 2436 3814 2762 3894; x_wconf 88' lang='lat' dir='ltr'><strong>desperans</strong></span> <span class='ocrx_word' id='word_1_622' title='bbox 2793 3814 2879 3874; x_wconf 91' lang='lat' dir='ltr'><strong>sic</strong></span> <span class='ocrx_word' id='word_1_623' title='bbox 2912 3834 3085 3895; x_wconf 90' lang='lat' dir='ltr'><strong>posse</strong></span> <span class='ocrx_word' id='word_1_624' title='bbox 3116 3816 3319 3879; x_wconf 89' lang='lat' dir='ltr'><strong>induci</strong></span> <span class='ocrx_word' id='word_1_625' title='bbox 3352 3817 3689 3899; x_wconf 85' lang='lat' dir='ltr'><strong>Nazarium,</strong></span> 
     </span>
    </p>
   </div>
   <div class='ocr_carea' id='block_1_85' title="bbox 2041 3902 3695 3992">
    <p class='ocr_par' dir='ltr' id='par_1_85' title="bbox 2041 3902 3695 3992">
     <span class='ocr_line' id='line_1_85' title="bbox 2041 3902 3695 3992; baseline 0.005 -27"><span class='ocrx_word' id='word_1_626' title='bbox 2041 3902 2210 3985; x_wconf 88' lang='lat' dir='ltr'><strong>jubet</strong></span> <span class='ocrx_word' id='word_1_627' title='bbox 2241 3922 2376 3965; x_wconf 91' lang='lat' dir='ltr'><strong>eum</strong></span> <span class='ocrx_word' id='word_1_628' title='bbox 2412 3904 2580 3981; x_wconf 87' lang='lat' dir='ltr'><strong>injici</strong></span> <span class='ocrx_word' id='word_1_629' title='bbox 2610 3905 2671 3965; x_wconf 91' lang='lat' dir='ltr'><strong>in</strong></span> <span class='ocrx_word' id='word_1_630' title='bbox 2718 3905 3078 3984; x_wconf 79' lang='lat' dir='ltr'><strong>profundum</strong></span> <span class='ocrx_word' id='word_1_631' title='bbox 3114 3906 3294 3968; x_wconf 88' lang='lat' dir='ltr'><strong>maris</strong></span> <span class='ocrx_word' id='word_1_632' title='bbox 3324 3927 3459 3970; x_wconf 90' lang='lat' dir='ltr'><strong>cum</strong></span> <span class='ocrx_word' id='word_1_633' title='bbox 3510 3928 3695 3992; x_wconf 82' lang='lat' dir='ltr'><strong>puero</strong></span> 
     </span>
    </p>
   </div>
   <div class='ocr_carea' id='block_1_86' title="bbox 2046 3994 3698 4081">
    <p class='ocr_par' dir='ltr' id='par_1_86' title="bbox 2046 3994 3698 4081">
     <span class='ocr_line' id='line_1_86' title="bbox 2046 3994 3698 4081; baseline 0.002 -22"><span class='ocrx_word' id='word_1_634' title='bbox 2046 3994 2265 4071; x_wconf 81' lang='lat' dir='ltr'><strong>Celsio,</strong></span> <span class='ocrx_word' id='word_1_635' title='bbox 2300 4002 2363 4055; x_wconf 92' lang='lat' dir='ltr'><strong>ut</strong></span> <span class='ocrx_word' id='word_1_636' title='bbox 2391 4011 2502 4054; x_wconf 87' lang='lat' dir='ltr'><strong>nec</strong></span> <span class='ocrx_word' id='word_1_637' title='bbox 2533 4011 2637 4055; x_wconf 87' lang='lat' dir='ltr'><strong>eos</strong></span> <span class='ocrx_word' id='word_1_638' title='bbox 2667 3996 3143 4076; x_wconf 84' lang='lat' dir='ltr'><strong>quidemposset</strong></span> <span class='ocrx_word' id='word_1_639' title='bbox 3173 3996 3405 4079; x_wconf 90' lang='lat' dir='ltr'><strong>videre,</strong></span> <span class='ocrx_word' id='word_1_640' title='bbox 3438 4019 3588 4081; x_wconf 91' lang='lat' dir='ltr'><strong>quos</strong></span> <span class='ocrx_word' id='word_1_641' title='bbox 3620 4020 3698 4064; x_wconf 88' lang='lat' dir='ltr'><strong>ne</strong></span> 
     </span>
    </p>
   </div>
   <div class='ocr_carea' id='block_1_87' title="bbox 2047 4088 3698 4159">
    <p class='ocr_par' dir='ltr' id='par_1_87' title="bbox 2047 4088 3698 4159">
     <span class='ocr_line' id='line_1_87' title="bbox 2047 4088 3698 4159; baseline 0.005 -16"><span class='ocrx_word' id='word_1_642' title='bbox 2047 4088 2272 4145; x_wconf 78' lang='lat' dir='ltr'><strong>Volebat</strong></span> <span class='ocrx_word' id='word_1_643' title='bbox 2294 4088 2521 4159; x_wconf 82' lang='lat' dir='ltr'><strong>quidem</strong></span> <span class='ocrx_word' id='word_1_644' title='bbox 2555 4088 2745 4144; x_wconf 88' lang='lat' dir='ltr'><strong>vivere</strong></span> <span class='ocrx_word' id='word_1_645' title='bbox 2776 4089 2861 4143; x_wconf 83' lang='lat' dir='ltr'><strong>sic</strong></span> <span class='ocrx_word' id='word_1_646' title='bbox 2892 4089 3146 4147; x_wconf 72' lang='lat' dir='ltr'><strong>allectos.</strong></span> <span class='ocrx_word' id='word_1_647' title='bbox 3179 4090 3287 4147; x_wconf 87' lang='lat' dir='ltr'><strong>Sed</strong></span> <span class='ocrx_word' id='word_1_648' title='bbox 3318 4105 3481 4153; x_wconf 86' lang='lat' dir='ltr'><strong>erant</strong></span> <span class='ocrx_word' id='word_1_649' title='bbox 3512 4095 3698 4152; x_wconf 89' lang='lat' dir='ltr'><strong>omni-</strong></span> 
     </span>
    </p>
   </div>
   <div class='ocr_carea' id='block_1_88' title="bbox 2048 4171 3700 4258">
    <p class='ocr_par' dir='ltr' id='par_1_88' title="bbox 2048 4171 3700 4258">
     <span class='ocr_line' id='line_1_88' title="bbox 2048 4171 3700 4258; baseline 0.004 -23"><span class='ocrx_word' id='word_1_650' title='bbox 2048 4191 2125 4235; x_wconf 92' lang='lat' dir='ltr'><strong>no</strong></span> <span class='ocrx_word' id='word_1_651' title='bbox 2152 4191 2309 4248; x_wconf 90' lang='lat' dir='ltr'><strong>vera,</strong></span> <span class='ocrx_word' id='word_1_652' title='bbox 2337 4191 2468 4253; x_wconf 63' lang='lat' dir='ltr'><strong>quae</strong></span> <span class='ocrx_word' id='word_1_653' title='bbox 2497 4171 2644 4233; x_wconf 81' lang='lat' dir='ltr'><strong>dixit</strong></span> <span class='ocrx_word' id='word_1_654' title='bbox 2676 4172 2909 4234; x_wconf 88' lang='lat' dir='ltr'><strong>divinus</strong></span> <span class='ocrx_word' id='word_1_655' title='bbox 2940 4174 3141 4251; x_wconf 90' lang='lat' dir='ltr'><strong>lsaias,</strong></span> <span class='ocrx_word' id='word_1_656' title='bbox 3174 4183 3458 4258; x_wconf 87' lang='lat' dir='ltr'><strong>tanquam</strong></span> <span class='ocrx_word' id='word_1_657' title='bbox 3503 4179 3579 4241; x_wconf 92' lang='lat' dir='ltr'><strong>de</strong></span> <span class='ocrx_word' id='word_1_658' title='bbox 3611 4180 3700 4242; x_wconf 90' lang='lat' dir='ltr'><strong>eis</strong></span> 
     </span>
    </p>
   </div>
   <div class='ocr_carea' id='block_1_89' title="bbox 2046 4262 3695 4346">
    <p class='ocr_par' dir='ltr' id='par_1_89' title="bbox 2046 4262 3695 4346">
     <span class='ocr_line' id='line_1_89' title="bbox 2046 4262 3695 4346; baseline 0.005 -22"><span class='ocrx_word' id='word_1_659' title='bbox 2046 4264 2465 4343; x_wconf 71' lang='lat' dir='ltr'><strong>praenuntiata:</strong></span> <span class='ocrx_word' id='word_1_660' title='bbox 2493 4264 2552 4323; x_wconf 88' lang='lat' dir='ltr'><strong>Si</strong></span> <span class='ocrx_word' id='word_1_661' title='bbox 2588 4262 2900 4324; x_wconf 85' lang='lat' dir='ltr'><strong>transieris</strong></span> <span class='ocrx_word' id='word_1_662' title='bbox 2925 4281 3030 4344; x_wconf 77' lang='lat' dir='ltr'><strong>per</strong></span> <span class='ocrx_word' id='word_1_663' title='bbox 3050 4276 3490 4346; x_wconf 87' lang='lat' dir='ltr'><strong>aquam,tecum</strong></span> <span class='ocrx_word' id='word_1_664' title='bbox 3522 4286 3652 4330; x_wconf 89' lang='lat' dir='ltr'><strong>sum</strong></span> <span class='ocrx_word' id='word_1_665' title='bbox 3680 4288 3695 4332; x_wconf 90' lang='lat'>:</span> 
     </span>
    </p>
   </div>
   <div class='ocr_carea' id='block_1_90' title="bbox 306 4351 1948 4443">
    <p class='ocr_par' dir='ltr' id='par_1_90' title="bbox 306 4351 1948 4443">
     <span class='ocr_line' id='line_1_90' title="bbox 306 4351 1948 4443; baseline -0.001 -21"><span class='ocrx_word' id='word_1_666' title='bbox 306 4364 551 4440; x_wconf 81' lang='grc' dir='ltr'>ποταμοὶ</span> <span class='ocrx_word' id='word_1_667' title='bbox 605 4365 665 4420; x_wconf 70' lang='grc' dir='ltr'>οὗ</span> <span class='ocrx_word' id='word_1_668' title='bbox 715 4363 1080 4443; x_wconf 84' lang='grc' dir='ltr'>συγκλείσουσί</span> <span class='ocrx_word' id='word_1_669' title='bbox 1139 4386 1198 4421; x_wconf 85' lang='grc' dir='ltr'><strong>σε</strong></span> <span class='ocrx_word' id='word_1_670' title='bbox 1232 4351 1255 4401; x_wconf 11' lang='grc' dir='ltr'><strong>οῖ</strong></span> <span class='ocrx_word' id='word_1_671' title='bbox 1313 4365 1401 4420; x_wconf 81' lang='grc' dir='ltr'><strong>καὶ</strong></span> <span class='ocrx_word' id='word_1_672' title='bbox 1477 4364 1568 4420; x_wconf 79' lang='grc' dir='ltr'>ἐὰν</span> <span class='ocrx_word' id='word_1_673' title='bbox 1625 4360 1832 4441; x_wconf 74' lang='grc' dir='ltr'>διέλθῃς</span> <span class='ocrx_word' id='word_1_674' title='bbox 1879 4363 1948 4421; x_wconf 74' lang='grc' dir='ltr'>διε</span> 
     </span>
    </p>
   </div>
   <div class='ocr_carea' id='block_1_91' title="bbox 2035 4351 3702 4443">
    <p class='ocr_par' dir='ltr' id='par_1_91' title="bbox 2046 4351 3702 4443">
     <span class='ocr_line' id='line_1_91' title="bbox 2046 4351 3702 4443; baseline 0.004 -30"><span class='ocrx_word' id='word_1_675' title='bbox 2046 4361 2257 4414; x_wconf 88' lang='lat' dir='ltr'><strong>etnon</strong></span> <span class='ocrx_word' id='word_1_676' title='bbox 2306 4363 2362 4413; x_wconf 90' lang='lat' dir='ltr'><strong>te</strong></span> <span class='ocrx_word' id='word_1_677' title='bbox 2390 4351 2755 4443; x_wconf 76' lang='lat' dir='ltr'><strong>concludant</strong></span> <span class='ocrx_word' id='word_1_678' title='bbox 2794 4353 2986 4443; x_wconf 79' lang='lat' dir='ltr'><strong>ﬂuvii.</strong></span> <span class='ocrx_word' id='word_1_679' title='bbox 3031 4352 3100 4414; x_wconf 88' lang='lat' dir='ltr'><strong>Et</strong></span> <span class='ocrx_word' id='word_1_680' title='bbox 3134 4356 3184 4416; x_wconf 90' lang='lat' dir='ltr'><strong>si</strong></span> <span class='ocrx_word' id='word_1_681' title='bbox 3239 4358 3545 4420; x_wconf 88' lang='lat' dir='ltr'><strong>transieris</strong></span> <span class='ocrx_word' id='word_1_682' title='bbox 3594 4376 3702 4439; x_wconf 88' lang='lat' dir='ltr'><strong>per</strong></span> 
     </span>
    </p>
   </div>
   <div class='ocr_carea' id='block_1_92' title="bbox 303 4441 1948 4533">
    <p class='ocr_par' dir='ltr' id='par_1_92' title="bbox 303 4441 1948 4533">
     <span class='ocr_line' id='line_1_92' title="bbox 303 4441 1948 4533; baseline 0 -22"><span class='ocrx_word' id='word_1_683' title='bbox 303 4455 500 4533; x_wconf 82' lang='grc' dir='ltr'>πυρὸς,</span> <span class='ocrx_word' id='word_1_684' title='bbox 535 4454 595 4510; x_wconf 79' lang='grc' dir='ltr'><strong>ού</strong></span> <span class='ocrx_word' id='word_1_685' title='bbox 636 4453 713 4529; x_wconf 78' lang='grc' dir='ltr'>μὴ</span> <span class='ocrx_word' id='word_1_686' title='bbox 742 4441 1101 4529; x_wconf 75' lang='grc' dir='ltr'>κατακαυθῇς.</span> <span class='ocrx_word' id='word_1_687' title='bbox 1141 4477 1169 4508; x_wconf 85' lang='grc'>››</span> <span class='ocrx_word' id='word_1_688' title='bbox 1205 4456 1355 4511; x_wconf 73' lang='grc' dir='ltr'>Ἐπεὶ</span> <span class='ocrx_word' id='word_1_689' title='bbox 1384 4454 1484 4532; x_wconf 78' lang='grc' dir='ltr'>γὰρ</span> <span class='ocrx_word' id='word_1_690' title='bbox 1515 4454 1703 4517; x_wconf 75' lang='grc' dir='ltr'>αὐτοὺς</span> <span class='ocrx_word' id='word_1_691' title='bbox 1749 4458 1776 4510; x_wconf 85' lang='grc' dir='ltr'>ὁ</span> <span class='ocrx_word' id='word_1_692' title='bbox 1807 4456 1948 4532; x_wconf 74' lang='grc' dir='ltr'>βυθὸς</span> 
     </span>
    </p>
   </div>
   <div class='ocr_carea' id='block_1_93' title="bbox 2035 4441 3699 4533">
    <p class='ocr_par' dir='ltr' id='par_1_93' title="bbox 2043 4441 3699 4525">
     <span class='ocr_line' id='line_1_93' title="bbox 2043 4441 3699 4525; baseline 0.005 -22"><span class='ocrx_word' id='word_1_693' title='bbox 2043 4442 2268 4521; x_wconf 78' lang='lat' dir='ltr'><strong>ignem,</strong></span> <span class='ocrx_word' id='word_1_694' title='bbox 2305 4461 2424 4504; x_wconf 90' lang='lat' dir='ltr'><strong>non</strong></span> <span class='ocrx_word' id='word_1_695' title='bbox 2466 4441 2860 4503; x_wconf 87' lang='lat' dir='ltr'><strong>combureris.</strong></span> <span class='ocrx_word' id='word_1_696' title='bbox 2892 4442 3038 4505; x_wconf 85' lang='lat' dir='ltr'><strong>Nam</strong></span> <span class='ocrx_word' id='word_1_697' title='bbox 3072 4463 3207 4505; x_wconf 88' lang='lat' dir='ltr'><strong>cum</strong></span> <span class='ocrx_word' id='word_1_698' title='bbox 3253 4445 3380 4525; x_wconf 87' lang='lat' dir='ltr'><strong>jam</strong></span> <span class='ocrx_word' id='word_1_699' title='bbox 3408 4458 3611 4511; x_wconf 87' lang='lat' dir='ltr'><strong>essent</strong></span> <span class='ocrx_word' id='word_1_700' title='bbox 3636 4449 3699 4511; x_wconf 85' lang='lat' dir='ltr'><strong>in</strong></span> 
     </span>
    </p>
   </div>
   <div class='ocr_carea' id='block_1_94' title="bbox 306 4533 1948 4625">
    <p class='ocr_par' dir='ltr' id='par_1_94' title="bbox 306 4540 1948 4623">
     <span class='ocr_line' id='line_1_94' title="bbox 306 4540 1948 4623; baseline 0.001 -23"><span class='ocrx_word' id='word_1_701' title='bbox 306 4543 477 4623; x_wconf 76' lang='grc' dir='ltr'>εἶχεν</span> <span class='ocrx_word' id='word_1_702' title='bbox 536 4540 663 4619; x_wconf 73' lang='grc' dir='ltr'>ἤδη,</span> <span class='ocrx_word' id='word_1_703' title='bbox 709 4547 796 4601; x_wconf 80' lang='grc' dir='ltr'><strong>καὶ</strong></span> <span class='ocrx_word' id='word_1_704' title='bbox 826 4545 875 4599; x_wconf 82' lang='grc' dir='ltr'>οἱ</span> <span class='ocrx_word' id='word_1_705' title='bbox 922 4548 991 4619; x_wconf 77' lang='grc' dir='ltr'>τῇ</span> <span class='ocrx_word' id='word_1_706' title='bbox 1030 4541 1274 4619; x_wconf 75' lang='grc' dir='ltr'>θαλάσσῃ</span> <span class='ocrx_word' id='word_1_707' title='bbox 1322 4543 1572 4621; x_wconf 78' lang='grc' dir='ltr'>ῥίψαντες</span> <span class='ocrx_word' id='word_1_708' title='bbox 1626 4542 1948 4623; x_wconf 60' lang='grc' dir='ltr'>προσεδόκωη</span> 
     </span>
    </p>
   </div>
   <div class='ocr_carea' id='block_1_95' title="bbox 2035 4533 3700 4625">
    <p class='ocr_par' dir='ltr' id='par_1_95' title="bbox 2047 4533 3700 4614">
     <span class='ocr_line' id='line_1_95' title="bbox 2047 4533 3700 4614; baseline 0.004 -20"><span class='ocrx_word' id='word_1_709' title='bbox 2047 4533 2432 4614; x_wconf 86' lang='lat' dir='ltr'><strong>profundo,et</strong></span> <span class='ocrx_word' id='word_1_710' title='bbox 2453 4533 2553 4614; x_wconf 92' lang='lat' dir='ltr'><strong>qui</strong></span> <span class='ocrx_word' id='word_1_711' title='bbox 2593 4550 2697 4593; x_wconf 90' lang='lat' dir='ltr'><strong>eos</strong></span> <span class='ocrx_word' id='word_1_712' title='bbox 2714 4533 3017 4611; x_wconf 87' lang='lat' dir='ltr'><strong>jecerant,</strong></span> <span class='ocrx_word' id='word_1_713' title='bbox 3042 4535 3361 4598; x_wconf 88' lang='lat' dir='ltr'><strong>crederent</strong></span> <span class='ocrx_word' id='word_1_714' title='bbox 3387 4536 3535 4610; x_wconf 81' lang='lat' dir='ltr'><strong>fore,</strong></span> <span class='ocrx_word' id='word_1_715' title='bbox 3571 4546 3700 4601; x_wconf 87' lang='lat' dir='ltr'><strong>uta</strong></span> 
     </span>
    </p>
   </div>
   <div class='ocr_carea' id='block_1_96' title="bbox 303 4625 1948 4714">
    <p class='ocr_par' dir='ltr' id='par_1_96' title="bbox 303 4634 1948 4714">
     <span class='ocr_line' id='line_1_96' title="bbox 303 4634 1948 4714; baseline 0.001 -24"><span class='ocrx_word' id='word_1_716' title='bbox 303 4634 452 4690; x_wconf 80' lang='grc' dir='ltr'>πολὺ</span> <span class='ocrx_word' id='word_1_717' title='bbox 479 4639 587 4691; x_wconf 66' lang='grc' dir='ltr'>τῶι</span> <span class='ocrx_word' id='word_1_718' title='bbox 615 4634 814 4711; x_wconf 77' lang='grc' dir='ltr'>ἰγθύων</span> <span class='ocrx_word' id='word_1_719' title='bbox 871 4635 1059 4712; x_wconf 85' lang='grc' dir='ltr'>βρῶμα</span> <span class='ocrx_word' id='word_1_720' title='bbox 1117 4634 1496 4713; x_wconf 51' lang='grc' dir='ltr'>περιμάχητον</span> <span class='ocrx_word' id='word_1_721' title='bbox 1554 4636 1742 4699; x_wconf 72' lang='grc' dir='ltr'>αὖτοὺς</span> <span class='ocrx_word' id='word_1_722' title='bbox 1806 4635 1948 4714; x_wconf 84' lang='grc' dir='ltr'>γενέ-</span> 
     </span>
    </p>
   </div>
   <div class='ocr_carea' id='block_1_97' title="bbox 2035 4625 3698 4714">
    <p class='ocr_par' dir='ltr' id='par_1_97' title="bbox 2051 4625 3698 4706">
     <span class='ocr_line' id='line_1_97' title="bbox 2051 4625 3698 4706; baseline 0.002 -20"><span class='ocrx_word' id='word_1_723' title='bbox 2051 4625 2252 4686; x_wconf 91' lang='lat' dir='ltr'><strong>multis</strong></span> <span class='ocrx_word' id='word_1_724' title='bbox 2286 4625 2548 4704; x_wconf 87' lang='lat' dir='ltr'><strong>piscibus</strong></span> <span class='ocrx_word' id='word_1_725' title='bbox 2591 4625 3021 4687; x_wconf 86' lang='lat' dir='ltr'><strong>devorarentur</strong></span> <span class='ocrx_word' id='word_1_726' title='bbox 3046 4644 3255 4705; x_wconf 78' lang='lat' dir='ltr'><strong>magna</strong></span> <span class='ocrx_word' id='word_1_727' title='bbox 3289 4629 3698 4706; x_wconf 87' lang='lat' dir='ltr'><strong>contentione,</strong></span> 
     </span>
    </p>
   </div>
   <div class='ocr_carea' id='block_1_98' title="bbox 306 4714 1948 4803">
    <p class='ocr_par' dir='ltr' id='par_1_98' title="bbox 306 4722 1948 4803">
     <span class='ocr_line' id='line_1_98' title="bbox 306 4722 1948 4803; baseline 0.002 -24"><span class='ocrx_word' id='word_1_728' title='bbox 306 4726 437 4781; x_wconf 83' lang='grc' dir='ltr'>σθαι</span> <span class='ocrx_word' id='word_1_729' title='bbox 466 4771 486 4799; x_wconf 88' lang='grc'><strong>,</strong></span> <span class='ocrx_word' id='word_1_730' title='bbox 551 4723 819 4803; x_wconf 76' lang='grc' dir='ltr'>ἆγγελική</span> <span class='ocrx_word' id='word_1_731' title='bbox 881 4746 963 4789; x_wconf 84' lang='grc' dir='ltr'><strong>τις</strong></span> <span class='ocrx_word' id='word_1_732' title='bbox 1022 4722 1240 4799; x_wconf 83' lang='grc' dir='ltr'>δύναμις</span> <span class='ocrx_word' id='word_1_733' title='bbox 1293 4722 1492 4781; x_wconf 82' lang='grc' dir='ltr'>ἄνωθεν</span> <span class='ocrx_word' id='word_1_734' title='bbox 1552 4723 1831 4782; x_wconf 80' lang='grc' dir='ltr'>καταϐᾶσα</span> <span class='ocrx_word' id='word_1_735' title='bbox 1872 4748 1948 4783; x_wconf 86' lang='grc' dir='ltr'><strong>τοι</strong></span> 
     </span>
    </p>
   </div>
   <div class='ocr_carea' id='block_1_99' title="bbox 2035 4714 3703 4803">
    <p class='ocr_par' dir='ltr' id='par_1_99' title="bbox 2048 4714 3703 4800">
     <span class='ocr_line' id='line_1_99' title="bbox 2048 4714 3703 4800; baseline 0.002 -23"><span class='ocrx_word' id='word_1_736' title='bbox 2048 4714 2315 4793; x_wconf 85' lang='lat' dir='ltr'><strong>angelica</strong></span> <span class='ocrx_word' id='word_1_737' title='bbox 2346 4716 2620 4794; x_wconf 68' lang='lat' dir='ltr'><strong>quaedam</strong></span> <span class='ocrx_word' id='word_1_738' title='bbox 2655 4715 2837 4776; x_wconf 87' lang='lat' dir='ltr'><strong>virtus</strong></span> <span class='ocrx_word' id='word_1_739' title='bbox 2898 4714 3164 4796; x_wconf 80' lang='lat' dir='ltr'><strong>desuper</strong></span> <span class='ocrx_word' id='word_1_740' title='bbox 3209 4716 3529 4800; x_wconf 86' lang='lat' dir='ltr'><strong>advolavit,</strong></span> <span class='ocrx_word' id='word_1_741' title='bbox 3573 4727 3633 4781; x_wconf 85' lang='lat' dir='ltr'><strong>et</strong></span> <span class='ocrx_word' id='word_1_742' title='bbox 3669 4737 3703 4781; x_wconf 90' lang='lat' dir='ltr'><strong>e</strong></span> 
     </span>
    </p>
   </div>
   <div class='ocr_carea' id='block_1_100' title="bbox 304 4804 1948 4896">
    <p class='ocr_par' dir='ltr' id='par_1_100' title="bbox 304 4811 1948 4896">
     <span class='ocr_line' id='line_1_100' title="bbox 304 4811 1948 4896; baseline 0.001 -26"><span class='ocrx_word' id='word_1_743' title='bbox 304 4813 474 4890; x_wconf 80' lang='grc' dir='ltr'>βυθοῦ</span> <span class='ocrx_word' id='word_1_744' title='bbox 529 4813 836 4874; x_wconf 78' lang='grc' dir='ltr'>ἀνεσώσατο</span> <span class='ocrx_word' id='word_1_745' title='bbox 868 4863 885 4896; x_wconf 84' lang='grc'><strong>,</strong></span> <span class='ocrx_word' id='word_1_746' title='bbox 942 4813 1040 4872; x_wconf 81' lang='grc' dir='ltr'>καῖ</span> <span class='ocrx_word' id='word_1_747' title='bbox 1096 4818 1165 4890; x_wconf 80' lang='grc' dir='ltr'><strong>τῇ</strong></span> <span class='ocrx_word' id='word_1_748' title='bbox 1219 4813 1405 4894; x_wconf 83' lang='grc' dir='ltr'>χέρσῳ</span> <span class='ocrx_word' id='word_1_749' title='bbox 1459 4811 1717 4882; x_wconf 78' lang='grc' dir='ltr'>ἀϐλαϐεῖς</span> <span class='ocrx_word' id='word_1_750' title='bbox 1775 4818 1948 4874; x_wconf 67' lang='grc' dir='ltr'>αὐτοὺς</span> 
     </span>
    </p>
   </div>
   <div class='ocr_carea' id='block_1_101' title="bbox 2035 4804 3698 4896">
    <p class='ocr_par' dir='ltr' id='par_1_101' title="bbox 2049 4804 3698 4896">
     <span class='ocr_line' id='line_1_101' title="bbox 2049 4804 3698 4896; baseline 0.002 -30"><span class='ocrx_word' id='word_1_751' title='bbox 2049 4806 2344 4896; x_wconf 79' lang='lat' dir='ltr'><strong>profundo</strong></span> <span class='ocrx_word' id='word_1_752' title='bbox 2405 4804 2683 4885; x_wconf 88' lang='lat' dir='ltr'><strong>servavit,</strong></span> <span class='ocrx_word' id='word_1_753' title='bbox 2717 4816 2775 4866; x_wconf 93' lang='lat' dir='ltr'><strong>et</strong></span> <span class='ocrx_word' id='word_1_754' title='bbox 2823 4806 3042 4867; x_wconf 68' lang='lat' dir='ltr'><strong>illaesos</strong></span> <span class='ocrx_word' id='word_1_755' title='bbox 3072 4824 3176 4868; x_wconf 90' lang='lat' dir='ltr'><strong>eos</strong></span> <span class='ocrx_word' id='word_1_756' title='bbox 3207 4814 3379 4869; x_wconf 60' lang='lat' dir='ltr'><strong>terra;</strong></span> <span class='ocrx_word' id='word_1_757' title='bbox 3412 4810 3698 4887; x_wconf 84' lang='lat' dir='ltr'><strong>reddidit,</strong></span> 
     </span>
    </p>
   </div>
   <div class='ocr_carea' id='block_1_102' title="bbox 306 4894 1948 4986">
    <p class='ocr_par' dir='ltr' id='par_1_102' title="bbox 306 4894 1948 4986">
     <span class='ocr_line' id='line_1_102' title="bbox 306 4894 1948 4986; baseline 0.002 -26"><span class='ocrx_word' id='word_1_758' title='bbox 306 4900 649 4986; x_wconf 74' lang='grc' dir='ltr'>ἀποδέδωκε,</span> <span class='ocrx_word' id='word_1_759' title='bbox 690 4913 782 4963; x_wconf 82' lang='grc' dir='ltr'>τοῦ</span> <span class='ocrx_word' id='word_1_760' title='bbox 837 4894 1027 4969; x_wconf 79' lang='grc' dir='ltr'>παιδὸς</span> <span class='ocrx_word' id='word_1_761' title='bbox 1076 4904 1299 4964; x_wconf 79' lang='grc' dir='ltr'>Κελσίου</span> <span class='ocrx_word' id='word_1_762' title='bbox 1354 4901 1441 4962; x_wconf 83' lang='grc' dir='ltr'><strong>διὰ</strong></span> <span class='ocrx_word' id='word_1_763' title='bbox 1501 4907 1562 4961; x_wconf 74' lang='grc' dir='ltr'>τὸ</span> <span class='ocrx_word' id='word_1_764' title='bbox 1612 4911 1710 4973; x_wconf 79' lang='grc' dir='ltr'><strong>τῆς</strong></span> <span class='ocrx_word' id='word_1_765' title='bbox 1754 4905 1948 4973; x_wconf 75' lang='grc' dir='ltr'>ἡλικίας</span> 
     </span>
    </p>
   </div>
   <div class='ocr_carea' id='block_1_103' title="bbox 2035 4894 3702 4986">
    <p class='ocr_par' dir='ltr' id='par_1_103' title="bbox 2051 4894 3702 4982">
     <span class='ocr_line' id='line_1_103' title="bbox 2051 4894 3702 4982; baseline 0.004 -26"><span class='ocrx_word' id='word_1_766' title='bbox 2051 4913 2235 4978; x_wconf 83' lang='lat' dir='ltr'><strong>puero</strong></span> <span class='ocrx_word' id='word_1_767' title='bbox 2263 4894 2458 4957; x_wconf 86' lang='lat' dir='ltr'><strong>Celsio</strong></span> <span class='ocrx_word' id='word_1_768' title='bbox 2493 4905 2735 4975; x_wconf 85' lang='lat' dir='ltr'><strong>propter</strong></span> <span class='ocrx_word' id='word_1_769' title='bbox 2767 4904 3000 4957; x_wconf 75' lang='lat' dir='ltr'><strong>aetatem</strong></span> <span class='ocrx_word' id='word_1_770' title='bbox 3031 4897 3227 4959; x_wconf 86' lang='lat' dir='ltr'><strong>adhuc</strong></span> <span class='ocrx_word' id='word_1_771' title='bbox 3263 4896 3702 4982; x_wconf 86' lang='lat' dir='ltr'><strong>imperfectam,</strong></span> 
     </span>
    </p>
   </div>
   <div class='ocr_carea' id='block_1_104' title="bbox 308 4986 1948 5072">
    <p class='ocr_par' dir='ltr' id='par_1_104' title="bbox 308 4993 1948 5072">
     <span class='ocr_line' id='line_1_104' title="bbox 308 4993 1948 5072; baseline 0.001 -21"><span class='ocrx_word' id='word_1_772' title='bbox 308 4993 506 5060; x_wconf 79' lang='grc' dir='ltr'>ἀτελὲς</span> <span class='ocrx_word' id='word_1_773' title='bbox 556 4994 632 5052; x_wconf 79' lang='grc' dir='ltr'>ἔτι</span> <span class='ocrx_word' id='word_1_774' title='bbox 688 4995 921 5071; x_wconf 87' lang='grc' dir='ltr'>ναυτίος,</span> <span class='ocrx_word' id='word_1_775' title='bbox 986 4994 1167 5072; x_wconf 78' lang='grc' dir='ltr'>ὥσπερ</span> <span class='ocrx_word' id='word_1_776' title='bbox 1222 4995 1394 5067; x_wconf 79' lang='grc' dir='ltr'>εἰκὸς,</span> <span class='ocrx_word' id='word_1_777' title='bbox 1461 4996 1549 5053; x_wconf 80' lang='grc' dir='ltr'><strong>καὶ</strong></span> <span class='ocrx_word' id='word_1_778' title='bbox 1592 4994 1780 5063; x_wconf 75' lang='grc' dir='ltr'>ἀηδίας</span> <span class='ocrx_word' id='word_1_779' title='bbox 1837 4998 1948 5053; x_wconf 73' lang='grc' dir='ltr'>ὑποι</span> 
     </span>
    </p>
   </div>
   <div class='ocr_carea' id='block_1_105' title="bbox 2035 4986 3704 5072">
    <p class='ocr_par' dir='ltr' id='par_1_105' title="bbox 2059 4986 3704 5066">
     <span class='ocr_line' id='line_1_105' title="bbox 2059 4986 3704 5066; baseline 0.005 -20"><span class='ocrx_word' id='word_1_780' title='bbox 2059 5004 2281 5048; x_wconf 88' lang='lat' dir='ltr'><strong>nausea</strong></span> <span class='ocrx_word' id='word_1_781' title='bbox 2340 4995 2398 5048; x_wconf 90' lang='lat' dir='ltr'><strong>et</strong></span> <span class='ocrx_word' id='word_1_782' title='bbox 2428 4986 2668 5048; x_wconf 85' lang='lat' dir='ltr'><strong>fastidio</strong></span> <span class='ocrx_word' id='word_1_783' title='bbox 2720 4986 2919 5066; x_wconf 90' lang='lat' dir='ltr'><strong>pleno,</strong></span> <span class='ocrx_word' id='word_1_784' title='bbox 2955 4993 3023 5047; x_wconf 90' lang='lat' dir='ltr'><strong>ut</strong></span> <span class='ocrx_word' id='word_1_785' title='bbox 3074 4996 3163 5048; x_wconf 92' lang='lat' dir='ltr'><strong>est</strong></span> <span class='ocrx_word' id='word_1_786' title='bbox 3209 4998 3704 5054; x_wconf 88' lang='lat' dir='ltr'><strong>consentaneum.</strong></span> 
     </span>
    </p>
   </div>
   <div class='ocr_carea' id='block_1_106' title="bbox 307 5073 1948 5166">
    <p class='ocr_par' dir='ltr' id='par_1_106' title="bbox 307 5081 1948 5166">
     <span class='ocr_line' id='line_1_106' title="bbox 307 5081 1948 5166; baseline 0.001 -24"><span class='ocrx_word' id='word_1_787' title='bbox 307 5083 678 5152; x_wconf 81' lang='grc' dir='ltr'>πλησθέντος.</span> <span class='ocrx_word' id='word_1_788' title='bbox 732 5081 881 5143; x_wconf 85' lang='grc' dir='ltr'>Ἀλλ’</span> <span class='ocrx_word' id='word_1_789' title='bbox 944 5088 1085 5166; x_wconf 78' lang='grc' dir='ltr'><strong>εὖχῇ</strong></span> <span class='ocrx_word' id='word_1_790' title='bbox 1112 5091 1296 5142; x_wconf 82' lang='grc' dir='ltr'>τοῦτον</span> <span class='ocrx_word' id='word_1_791' title='bbox 1338 5083 1428 5142; x_wconf 74' lang='grc' dir='ltr'>καὶ</span> <span class='ocrx_word' id='word_1_792' title='bbox 1456 5084 1604 5159; x_wconf 84' lang='grc' dir='ltr'>τύπῳ</span> <span class='ocrx_word' id='word_1_793' title='bbox 1634 5093 1859 5165; x_wconf 82' lang='grc' dir='ltr'>σταυροῦ</span> <span class='ocrx_word' id='word_1_794' title='bbox 1887 5109 1948 5144; x_wconf 82' lang='grc' dir='ltr'><strong>κα</strong></span> 
     </span>
    </p>
   </div>
   <div class='ocr_carea' id='block_1_107' title="bbox 2035 5073 3706 5166">
    <p class='ocr_par' dir='ltr' id='par_1_107' title="bbox 2058 5073 3706 5166">
     <span class='ocr_line' id='line_1_107' title="bbox 2058 5073 3706 5166; baseline 0.004 -28"><span class='ocrx_word' id='word_1_795' title='bbox 2058 5073 2179 5139; x_wconf 89' lang='lat' dir='ltr'><strong>Sed</strong></span> <span class='ocrx_word' id='word_1_796' title='bbox 2230 5075 2503 5156; x_wconf 87' lang='lat' dir='ltr'><strong>precibus</strong></span> <span class='ocrx_word' id='word_1_797' title='bbox 2557 5084 2616 5166; x_wconf 85' lang='lat' dir='ltr'><strong>et</strong></span> <span class='ocrx_word' id='word_1_798' title='bbox 2664 5077 2835 5156; x_wconf 83' lang='lat' dir='ltr'><strong>signo</strong></span> <span class='ocrx_word' id='word_1_799' title='bbox 2892 5078 3109 5154; x_wconf 89' lang='lat' dir='ltr'><strong>crucis,</strong></span> <span class='ocrx_word' id='word_1_800' title='bbox 3144 5088 3203 5139; x_wconf 90' lang='lat' dir='ltr'><strong>et</strong></span> <span class='ocrx_word' id='word_1_801' title='bbox 3250 5078 3449 5142; x_wconf 89' lang='lat' dir='ltr'><strong>divino</strong></span> <span class='ocrx_word' id='word_1_802' title='bbox 3500 5082 3706 5146; x_wconf 79' lang='lat' dir='ltr'><strong>osculo</strong></span> 
     </span>
    </p>
   </div>
   <div class='ocr_carea' id='block_1_108' title="bbox 305 5165 1948 5255">
    <p class='ocr_par' dir='ltr' id='par_1_108' title="bbox 305 5165 1498 5255">
     <span class='ocr_line' id='line_1_108' title="bbox 305 5165 1498 5255; baseline 0 -23"><span class='ocrx_word' id='word_1_803' title='bbox 305 5175 441 5247; x_wconf 76' lang='grc' dir='ltr'>θείῳ</span> <span class='ocrx_word' id='word_1_804' title='bbox 472 5173 736 5255; x_wconf 65' lang='grc' dir='ltr'>φιλήματι</span> <span class='ocrx_word' id='word_1_805' title='bbox 769 5176 890 5255; x_wconf 70' lang='grc' dir='ltr'><strong>ὅγιᾶ</strong></span> <span class='ocrx_word' id='word_1_806' title='bbox 919 5165 1183 5255; x_wconf 77' lang='grc' dir='ltr'>Ναζᾶριος</span> <span class='ocrx_word' id='word_1_807' title='bbox 1212 5172 1498 5239; x_wconf 84' lang='grc' dir='ltr'>δείκνυσιν.</span> 
     </span>
    </p>
   </div>
   <div class='ocr_carea' id='block_1_109' title="bbox 2035 5165 3076 5255">
    <p class='ocr_par' dir='ltr' id='par_1_109' title="bbox 2058 5165 3076 5230">
     <span class='ocr_line' id='line_1_109' title="bbox 2058 5165 3076 5230; baseline 0.001 -2"><span class='ocrx_word' id='word_1_808' title='bbox 2058 5185 2195 5229; x_wconf 91' lang='lat' dir='ltr'><strong>eum</strong></span> <span class='ocrx_word' id='word_1_809' title='bbox 2219 5166 2443 5228; x_wconf 90' lang='lat' dir='ltr'><strong>salvum</strong></span> <span class='ocrx_word' id='word_1_810' title='bbox 2474 5165 2741 5227; x_wconf 86' lang='lat' dir='ltr'><strong>reddidit</strong></span> <span class='ocrx_word' id='word_1_811' title='bbox 2767 5166 3076 5230; x_wconf 86' lang='lat' dir='ltr'><strong>Nazarius.</strong></span> 
     </span>
    </p>
   </div>
   <div class='ocr_carea' id='block_1_110' title="bbox 393 5254 1948 5348">
    <p class='ocr_par' dir='ltr' id='par_1_110' title="bbox 393 5254 1948 5348">
     <span class='ocr_line' id='line_1_110' title="bbox 393 5254 1948 5348; baseline 0.001 -27"><span class='ocrx_word' id='word_1_812' title='bbox 393 5254 493 5329; x_wconf 63' lang='lat' dir='ltr'><strong>Z’,</strong></span> <span class='ocrx_word' id='word_1_813' title='bbox 524 5263 767 5348; x_wconf 82' lang='grc' dir='ltr'>Ἀγρεύει</span> <span class='ocrx_word' id='word_1_814' title='bbox 804 5254 866 5323; x_wconf 81' lang='grc' dir='ltr'>τὸ</span> <span class='ocrx_word' id='word_1_815' title='bbox 921 5268 1096 5341; x_wconf 80' lang='grc' dir='ltr'>θαῦμα</span> <span class='ocrx_word' id='word_1_816' title='bbox 1151 5266 1307 5323; x_wconf 78' lang='grc' dir='ltr'>τοῦτο</span> <span class='ocrx_word' id='word_1_817' title='bbox 1357 5265 1594 5346; x_wconf 85' lang='grc' dir='ltr'>καθάπερ</span> <span class='ocrx_word' id='word_1_818' title='bbox 1646 5266 1835 5346; x_wconf 78' lang='grc' dir='ltr'>ἰχθύας</span> <span class='ocrx_word' id='word_1_819' title='bbox 1888 5289 1948 5324; x_wconf 82' lang='grc' dir='ltr'><strong>κα</strong></span> 
     </span>
    </p>
   </div>
   <div class='ocr_carea' id='block_1_111' title="bbox 2035 5254 3704 5348">
    <p class='ocr_par' dir='ltr' id='par_1_111' title="bbox 2135 5254 3704 5339">
     <span class='ocr_line' id='line_1_111' title="bbox 2135 5254 3704 5339; baseline 0.005 -21"><span class='ocrx_word' id='word_1_820' title='bbox 2135 5254 2746 5337; x_wconf 87' lang='lat' dir='ltr'><strong>Vll.Capit,tanquam</strong></span> <span class='ocrx_word' id='word_1_821' title='bbox 2773 5256 3111 5339; x_wconf 87' lang='lat' dir='ltr'><strong>pisces,hoc</strong></span> <span class='ocrx_word' id='word_1_822' title='bbox 3136 5260 3488 5322; x_wconf 91' lang='lat' dir='ltr'><strong>miraculum</strong></span> <span class='ocrx_word' id='word_1_823' title='bbox 3510 5259 3704 5325; x_wconf 87' lang='lat' dir='ltr'><strong>Nero-</strong></span> 
     </span>
    </p>
   </div>
   <div class='ocr_carea' id='block_1_112' title="bbox 302 5348 1948 5437">
    <p class='ocr_par' dir='ltr' id='par_1_112' title="bbox 302 5354 1948 5437">
     <span class='ocr_line' id='line_1_112' title="bbox 302 5354 1948 5437; baseline -0.001 -23"><span class='ocrx_word' id='word_1_824' title='bbox 302 5356 438 5422; x_wconf 80' lang='grc' dir='ltr'>τοὺς</span> <span class='ocrx_word' id='word_1_825' title='bbox 496 5355 583 5414; x_wconf 77' lang='grc' dir='ltr'>ἰπὶ</span> <span class='ocrx_word' id='word_1_826' title='bbox 641 5361 742 5426; x_wconf 77' lang='grc' dir='ltr'><strong>τῆς</strong></span> <span class='ocrx_word' id='word_1_827' title='bbox 795 5354 1068 5425; x_wconf 79' lang='grc' dir='ltr'>θαλάσσης</span> <span class='ocrx_word' id='word_1_828' title='bbox 1096 5357 1284 5422; x_wconf 75' lang='grc' dir='ltr'>αὐτοὺς</span> <span class='ocrx_word' id='word_1_829' title='bbox 1316 5354 1570 5419; x_wconf 82' lang='grc' dir='ltr'>καθέντας</span> <span class='ocrx_word' id='word_1_830' title='bbox 1603 5362 1696 5413; x_wconf 84' lang='grc' dir='ltr'>τοῦ</span> <span class='ocrx_word' id='word_1_831' title='bbox 1730 5357 1948 5437; x_wconf 63' lang='grc' dir='ltr'>Νέρωνος</span> 
     </span>
    </p>
   </div>
   <div class='ocr_carea' id='block_1_113' title="bbox 2035 5348 3702 5437">
    <p class='ocr_par' dir='ltr' id='par_1_113' title="bbox 2053 5348 3702 5437">
     <span class='ocr_line' id='line_1_113' title="bbox 2053 5348 3702 5437; baseline 0.005 -28"><span class='ocrx_word' id='word_1_832' title='bbox 2053 5348 2146 5409; x_wconf 89' lang='lat' dir='ltr'><strong>nis</strong></span> <span class='ocrx_word' id='word_1_833' title='bbox 2176 5365 2414 5428; x_wconf 81' lang='lat' dir='ltr'><strong>quoque</strong></span> <span class='ocrx_word' id='word_1_834' title='bbox 2440 5365 2665 5437; x_wconf 88' lang='lat' dir='ltr'><strong>servos,</strong></span> <span class='ocrx_word' id='word_1_835' title='bbox 2693 5366 2795 5429; x_wconf 91' lang='lat' dir='ltr'><strong>qu,</strong></span> <span class='ocrx_word' id='word_1_836' title='bbox 2830 5348 2995 5428; x_wconf 84' lang='lat' dir='ltr'><strong>ipsos</strong></span> <span class='ocrx_word' id='word_1_837' title='bbox 3028 5348 3087 5410; x_wconf 91' lang='lat' dir='ltr'><strong>in</strong></span> <span class='ocrx_word' id='word_1_838' title='bbox 3122 5366 3286 5412; x_wconf 89' lang='lat' dir='ltr'><strong>mare</strong></span> <span class='ocrx_word' id='word_1_839' title='bbox 3312 5351 3702 5418; x_wconf 72' lang='lat' dir='ltr'><strong>demiserunt.</strong></span> 
     </span>
    </p>
   </div>
   <div class='ocr_carea' id='block_1_114' title="bbox 302 5435 1948 5528">
    <p class='ocr_par' dir='ltr' id='par_1_114' title="bbox 302 5435 1942 5528">
     <span class='ocr_line' id='line_1_114' title="bbox 302 5435 1942 5528; baseline 0.001 -24"><span class='ocrx_word' id='word_1_840' title='bbox 302 5445 608 5528; x_wconf 76' lang='grc' dir='ltr'>ὑπηρέτας.</span> <span class='ocrx_word' id='word_1_841' title='bbox 665 5448 738 5506; x_wconf 81' lang='grc' dir='ltr'><strong>Τὸ</strong></span> <span class='ocrx_word' id='word_1_842' title='bbox 795 5449 897 5528; x_wconf 79' lang='grc' dir='ltr'>γὰρ</span> <span class='ocrx_word' id='word_1_843' title='bbox 953 5445 1060 5504; x_wconf 82' lang='grc' dir='ltr'><strong>ἀπὸ</strong></span> <span class='ocrx_word' id='word_1_844' title='bbox 1125 5446 1316 5507; x_wconf 79' lang='grc' dir='ltr'>τούτου</span> <span class='ocrx_word' id='word_1_845' title='bbox 1378 5445 1659 5505; x_wconf 79' lang='grc' dir='ltr'>ἀκόλουθοι</span> <span class='ocrx_word' id='word_1_846' title='bbox 1716 5435 1942 5527; x_wconf 85' lang='grc' dir='ltr'>γεγόνασ</span> 
     </span>
    </p>
   </div>
   <div class='ocr_carea' id='block_1_115' title="bbox 2035 5435 3708 5528">
    <p class='ocr_par' dir='ltr' id='par_1_115' title="bbox 2052 5435 3708 5522">
     <span class='ocr_line' id='line_1_115' title="bbox 2052 5435 3708 5522; baseline 0.004 -23"><span class='ocrx_word' id='word_1_847' title='bbox 2052 5435 2335 5500; x_wconf 91' lang='lat' dir='ltr'><strong>Sanctum</strong></span> <span class='ocrx_word' id='word_1_848' title='bbox 2370 5436 2528 5499; x_wconf 88' lang='lat' dir='ltr'><strong>enim</strong></span> <span class='ocrx_word' id='word_1_849' title='bbox 2584 5437 2870 5518; x_wconf 87' lang='lat' dir='ltr'><strong>deinceps</strong></span> <span class='ocrx_word' id='word_1_850' title='bbox 2900 5446 3040 5500; x_wconf 91' lang='lat' dir='ltr'><strong>sunt</strong></span> <span class='ocrx_word' id='word_1_851' title='bbox 3083 5441 3300 5522; x_wconf 89' lang='lat' dir='ltr'><strong>secuti,</strong></span> <span class='ocrx_word' id='word_1_852' title='bbox 3329 5449 3388 5504; x_wconf 90' lang='lat' dir='ltr'><strong>et</strong></span> <span class='ocrx_word' id='word_1_853' title='bbox 3416 5443 3498 5503; x_wconf 92' lang='lat' dir='ltr'><strong>ita</strong></span> <span class='ocrx_word' id='word_1_854' title='bbox 3552 5461 3618 5505; x_wconf 90' lang='lat' dir='ltr'><strong>se</strong></span> <span class='ocrx_word' id='word_1_855' title='bbox 3649 5443 3708 5506; x_wconf 89' lang='lat' dir='ltr'><strong>ei</strong></span> 
     </span>
    </p>
   </div>
   <div class='ocr_carea' id='block_1_116' title="bbox 302 5528 1948 5621">
    <p class='ocr_par' dir='ltr' id='par_1_116' title="bbox 302 5535 1948 5621">
     <span class='ocr_line' id='line_1_116' title="bbox 302 5535 1948 5621; baseline -0.001 -25"><span class='ocrx_word' id='word_1_856' title='bbox 302 5544 389 5619; x_wconf 70' lang='grc' dir='ltr'><strong>τῷ</strong></span> <span class='ocrx_word' id='word_1_857' title='bbox 444 5538 606 5621; x_wconf 79' lang='grc' dir='ltr'>ἁγίῳ,</span> <span class='ocrx_word' id='word_1_858' title='bbox 665 5538 758 5596; x_wconf 86' lang='grc' dir='ltr'>καὶ</span> <span class='ocrx_word' id='word_1_859' title='bbox 809 5535 953 5595; x_wconf 75' lang='grc' dir='ltr'>οὕτω</span> <span class='ocrx_word' id='word_1_860' title='bbox 1004 5536 1151 5611; x_wconf 73' lang='grc' dir='ltr'><strong>αὒτῷ</strong></span> <span class='ocrx_word' id='word_1_861' title='bbox 1205 5538 1600 5616; x_wconf 82' lang='grc' dir='ltr'>προσετέθησαν</span> <span class='ocrx_word' id='word_1_862' title='bbox 1630 5540 1703 5601; x_wconf 85' lang='grc' dir='ltr'>ὡς</span> <span class='ocrx_word' id='word_1_863' title='bbox 1732 5539 1821 5596; x_wconf 76' lang='grc' dir='ltr'><strong>καὶ</strong></span> <span class='ocrx_word' id='word_1_864' title='bbox 1876 5545 1948 5596; x_wconf 67' lang='grc' dir='ltr'>τοὶ</span> 
     </span>
    </p>
   </div>
   <div class='ocr_carea' id='block_1_117' title="bbox 2035 5528 3708 5621">
    <p class='ocr_par' dir='ltr' id='par_1_117' title="bbox 2052 5528 3708 5611">
     <span class='ocr_line' id='line_1_117' title="bbox 2052 5528 3708 5611; baseline 0.004 -22"><span class='ocrx_word' id='word_1_865' title='bbox 2052 5528 2474 5609; x_wconf 79' lang='lat' dir='ltr'><strong>adjunxerunt,</strong></span> <span class='ocrx_word' id='word_1_866' title='bbox 2509 5538 2568 5590; x_wconf 93' lang='lat' dir='ltr'><strong>ut</strong></span> <span class='ocrx_word' id='word_1_867' title='bbox 2629 5528 2846 5609; x_wconf 87' lang='lat' dir='ltr'><strong>prioris</strong></span> <span class='ocrx_word' id='word_1_868' title='bbox 2894 5529 3027 5592; x_wconf 84' lang='lat' dir='ltr'><strong>vitae</strong></span> <span class='ocrx_word' id='word_1_869' title='bbox 3081 5549 3294 5611; x_wconf 83' lang='lat' dir='ltr'><strong>magna</strong></span> <span class='ocrx_word' id='word_1_870' title='bbox 3340 5531 3708 5596; x_wconf 86' lang='lat' dir='ltr'><strong>ducerentur</strong></span> 
     </span>
    </p>
   </div>
   <div class='ocr_carea' id='block_1_118' title="bbox 306 5614 1948 5712">
    <p class='ocr_par' dir='ltr' id='par_1_118' title="bbox 306 5614 1945 5712">
     <span class='ocr_line' id='line_1_118' title="bbox 306 5614 1945 5712; baseline -0.002 -23"><span class='ocrx_word' id='word_1_871' title='bbox 306 5614 602 5712; x_wconf 57' lang='grc' dir='ltr'>προτέρου’</span> <span class='ocrx_word' id='word_1_872' title='bbox 654 5628 774 5709; x_wconf 87' lang='grc' dir='ltr'>βίου</span> <span class='ocrx_word' id='word_1_873' title='bbox 850 5625 1025 5686; x_wconf 86' lang='grc' dir='ltr'>πολλὰ</span> <span class='ocrx_word' id='word_1_874' title='bbox 1083 5614 1408 5705; x_wconf 51' lang='grc' dir='ltr'>μεταμέλειν</span> <span class='ocrx_word' id='word_1_875' title='bbox 1466 5640 1677 5706; x_wconf 76' lang='grc' dir='ltr'>αυτοῖς,</span> <span class='ocrx_word' id='word_1_876' title='bbox 1735 5631 1823 5686; x_wconf 85' lang='grc' dir='ltr'><strong>καὶ</strong></span> <span class='ocrx_word' id='word_1_877' title='bbox 1888 5628 1945 5686; x_wconf 83' lang='grc' dir='ltr'>ὅτ</span> 
     </span>
    </p>
   </div>
   <div class='ocr_carea' id='block_1_119' title="bbox 2035 5614 3708 5712">
    <p class='ocr_par' dir='ltr' id='par_1_119' title="bbox 2051 5617 3708 5712">
     <span class='ocr_line' id='line_1_119' title="bbox 2051 5617 3708 5712; baseline 0.002 -30"><span class='ocrx_word' id='word_1_878' title='bbox 2051 5619 2491 5712; x_wconf 66' lang='lat' dir='ltr'><strong>paenitentia,et</strong></span> <span class='ocrx_word' id='word_1_879' title='bbox 2512 5637 2668 5699; x_wconf 66' lang='lat' dir='ltr'><strong>aegre</strong></span> <span class='ocrx_word' id='word_1_880' title='bbox 2688 5617 3094 5712; x_wconf 78' lang='lat' dir='ltr'><strong>ferrentquod</strong></span> <span class='ocrx_word' id='word_1_881' title='bbox 3120 5639 3250 5712; x_wconf 77' lang='lat' dir='ltr'><strong>non</strong></span> <span class='ocrx_word' id='word_1_882' title='bbox 3276 5620 3378 5712; x_wconf 67' lang='lat' dir='ltr'><strong>diu</strong></span> <span class='ocrx_word' id='word_1_883' title='bbox 3411 5630 3570 5699; x_wconf 91' lang='lat' dir='ltr'><strong>ante,</strong></span> <span class='ocrx_word' id='word_1_884' title='bbox 3602 5641 3708 5686; x_wconf 90' lang='lat' dir='ltr'><strong>re-</strong></span> 
     </span>
    </p>
   </div>
   <div class='ocr_carea' id='block_1_120' title="bbox 306 5707 1948 5809">
    <p class='ocr_par' dir='ltr' id='par_1_120' title="bbox 306 5707 1943 5809">
     <span class='ocr_line' id='line_1_120' title="bbox 306 5707 1943 5809; baseline -0.003 -28"><span class='ocrx_word' id='word_1_885' title='bbox 306 5707 393 5809; x_wconf 62' lang='grc' dir='ltr'><strong>μὴ</strong></span> <span class='ocrx_word' id='word_1_886' title='bbox 438 5707 504 5781; x_wconf 61' lang='grc' dir='ltr'><strong>ιλ</strong></span> <span class='ocrx_word' id='word_1_887' title='bbox 532 5707 745 5781; x_wconf 75' lang='grc' dir='ltr'>πολλοῦ</span> <span class='ocrx_word' id='word_1_888' title='bbox 767 5716 1010 5802; x_wconf 76' lang='grc' dir='ltr'>Νέρωνος</span> <span class='ocrx_word' id='word_1_889' title='bbox 1041 5717 1369 5786; x_wconf 79' lang='grc' dir='ltr'>ἀποστάντες</span> <span class='ocrx_word' id='word_1_890' title='bbox 1413 5716 1600 5798; x_wconf 68' lang='grc' dir='ltr'>ἐκείνῳ</span> <span class='ocrx_word' id='word_1_891' title='bbox 1646 5731 1943 5803; x_wconf 76' lang='grc' dir='ltr'>προσεῖχον</span> 
     </span>
    </p>
   </div>
   <div class='ocr_carea' id='block_1_121' title="bbox 2035 5707 3704 5809">
    <p class='ocr_par' dir='ltr' id='par_1_121' title="bbox 2053 5707 3704 5796">
     <span class='ocr_line' id='line_1_121' title="bbox 2053 5707 3704 5796; baseline 0.003 -23"><span class='ocrx_word' id='word_1_892' title='bbox 2053 5709 2192 5775; x_wconf 91' lang='lat' dir='ltr'><strong>licto</strong></span> <span class='ocrx_word' id='word_1_893' title='bbox 2214 5707 2478 5795; x_wconf 87' lang='lat' dir='ltr'><strong>Nerone,</strong></span> <span class='ocrx_word' id='word_1_894' title='bbox 2495 5712 2764 5775; x_wconf 75' lang='lat' dir='ltr'><strong>animum</strong></span> <span class='ocrx_word' id='word_1_895' title='bbox 2782 5708 2868 5772; x_wconf 89' lang='lat' dir='ltr'><strong>illi</strong></span> <span class='ocrx_word' id='word_1_896' title='bbox 2889 5708 3535 5779; x_wconf 82' lang='lat' dir='ltr'><strong>adbibuissent.Terrae</strong></span> <span class='ocrx_word' id='word_1_897' title='bbox 3563 5731 3704 5796; x_wconf 81' lang='lat' dir='ltr'><strong>ergo</strong></span> 
     </span>
    </p>
   </div>
  </div>
