4086 6432
476 342 593 419 903

1742 356 2123 421 ADDENDA.
2179 390 2245 400 —
2292 350 2580 419 JUNIUS.

3700 356 3799 426 904

470 510 607 555 cum
653 510 837 573 puero
866 492 1094 561 reditus
1151 492 1453 575 Nazarius,
1489 494 1701 556 transit
1752 511 1886 555 cum
1920 511 1987 555 eo
2042 490 2110 553 ad

2198 491 2384 555 δεινῶς
2444 490 2724 571 ἄχθεσθαι.
2788 487 3091 554 Ἀποδοθεὶς
3134 491 3305 548 τοίνυν
3339 492 3469 567 μετά
3516 502 3602 553 τοῦ
3643 493 3804 560 παιδὺς

472 582 793 653 civitatem,
817 603 949 665 quae
981 584 1197 646 dicitur
1227 583 1490 661 Tenusa;
1517 593 1574 645 et
1604 584 1765 645 illinc
1792 583 2115 664 profectus,

2201 588 2270 659 τῇ
2314 582 2496 662 χέρσῳ
2550 579 2807 657 Ναζάριοτ
2866 582 2940 643 εἷς
2997 579 3177 637 ’πόλιν
3236 581 3486 640 Τένουσαν
3534 582 3807 661 λεγομένην

476 672 636 735 venit
661 673 1300 749 Mediolanum,rnrsus
1322 693 1558 754 quoque
1576 675 1833 756 priorem
1862 690 2110 754 pergens

2200 673 2291 728 σὺν
2350 672 2494 745 αὖτῷ
2563 668 2893 744 μεταϐαίνει,
2944 670 3192 729 κάκεῖθεν
3249 672 3451 748 ἀπάρας
3521 675 3573 729 ἒν
3639 672 3803 731 Μεδιο-

472 762 615 824 dare
645 763 999 837 doctrinam,
1038 772 1096 825 et
1135 762 1296 825 dulci
1331 772 1532 841 potare
1587 774 1826 826 nectare
1858 781 1982 843 eos,
2016 762 2116 843 qui

473 861 645 914 erant
677 870 815 913 vere
845 852 947 912 iilii
972 852 1288 930 regni.Sed
1321 854 1479 914 cives
1509 872 1716 915 rursus
1747 855 1799 914 ei
1835 871 1950 913 non
1987 869 2117 933 per-

475 941 784 1003 mittebant
817 941 1005 1002 libere
1034 942 1358 1022 prtedicare
1389 962 1582 1004 veram
1608 943 1983 1023 religionem,
2011 941 2114 1002 sed

469 1048 603 1091 eum
653 1031 1262 1110 comprehenderunt,
1294 1043 1353 1093 et
1383 1052 1517 1095 eum
1567 1034 1803 1113 pimsidi
1834 1032 2115 1113 Anulino,

468 1120 571 1200 qui
601 1121 654 1181 ei
687 1120 851 1200 prius
883 1120 1100 1183 multas
1132 1124 1459 1203 impegerat
1486 1124 2111 1202 alapastratliderunt,

465 1210 556 1271 vel
592 1227 694 1290 per
726 1210 879 1288 illos,
916 1220 980 1272 ut
1011 1211 1206 1271 verius
1242 1213 1461 1286 dicam,
1493 1212 1543 1272 is
1572 1215 1669 1292 qui
1702 1214 1811 1274 fuit
1836 1213 1909 1274 ab
1940 1211 2113 1274 initio

465 1298 723 1373 invidus,
754 1310 814 1362 et
846 1299 983 1361 odio
1030 1299 1235 1362 habuit
1267 1301 1561 1362 homines.
1596 1301 1701 1362 Ille
1732 1312 1925 1363 autem
1944 1301 2110 1380 jubet

2199 1298 2548 1363 συλλαϐόντες
2621 1297 2989 1376 παραδιδοῦσιν
3020 1348 3035 1371 ,

466 1407 604 1451 eum
650 1408 861 1450 rursus
910 1389 1133 1450 includi
1187 1390 1245 1450 in
1294 1390 1474 1469 priori
1528 1392 1812 1452 custodia.
1870 1391 2114 1452 Nazario

464 1488 665 1541 autem
690 1480 817 1559 ipsa
855 1480 1122 1540 custodia
1158 1490 1285 1541 erat
1317 1480 1517 1540 multis
1562 1482 1745 1559 regiis
1775 1482 2114 1562 pretiosior,

465 1578 696 1649 pratum
746 1568 1050 1649 ﬂoridum,
1083 1588 1266 1630 novus
1327 1570 1633 1650 paradisus
1696 1566 1757 1632 In
1792 1591 1920 1632 eam
1954 1572 2113 1633 enim

2199 760 2377 823 λάνοις
2441 761 2666 839 γίνεται,
2707 759 2805 826 τῆς
2856 761 3116 839 προτέρας
3168 762 3255 818 καὶ
3312 762 3451 819 αὖθις
3502 761 3807 827 διδασιαλίας

2201 851 2489 931 ἐχόμενος,
2525 852 2612 906 καὶ
2670 849 2859 925 νέκταρ
2914 848 3004 917 ίιδυ
3062 853 3179 916 τοὺς
3218 852 3359 915 υἱοὺς
3408 849 3566 913 ὅντως
3606 853 3810 921 ποτίζων

2201 942 2296 1008 τῆς
2352 940 2649 1017 βασιλείας.
2700 936 2868 995 Ἀλλᾶ
2925 938 3083 996 παλίν
3117 942 3272 997 αὐτὸν
3321 943 3366 997 οἱ
3409 945 3502 1007 τῆς
3538 939 3731 1003 πόλεως
3758 941 3811 997 τὸ

2200 1039 2298 1097 τῆς
2358 1028 2623 1092 ε’δττεϐείαιι
2710 1030 2963 1107 κήρυγμα
3047 1028 3379 1108 διαγγέλλειν
3457 1030 3513 1086 οὗ
3567 1043 3811 1109 παρεῖχον

2201 1121 2528 1196 ἐλευθερίως,
2591 1118 2729 1174 ἀλλά
2774 1126 2850 1191 τῷ
2899 1118 3121 1199 ἄρχοντι
3164 1118 3455 1192 Ἀνουλίνιρ
3509 1127 3577 1193 τῷ
3631 1118 3813 1184 πολλὰς

2200 1211 2342 1285 αὗτῷ
2398 1212 2482 1265 καὶ
2543 1209 2798 1285 πρότερον
2880 1211 3018 1264 κατά
3094 1215 3201 1265 τῶν
3273 1215 3501 1285 παρειῶν
3568 1207 3812 1287 παίσαντι,

3111 1301 3146 1367 ἡ
3223 1298 3290 1355 δι’
3341 1300 3571 1376 ἐκείνων,
3632 1296 3812 1373 μᾶλλον

2199 1389 2505 1470 φιλαληθῶς
2540 1390 2733 1460 εἰπεῖν,
2769 1391 2796 1444 ὁ
2844 1388 2895 1453 ἐξ
2948 1389 3127 1468 ἀρχῆς
3184 1389 3446 1465 βάσκανος
3496 1389 3587 1444 διαί
3640 1387 3812 1463 μισάν-

2197 1469 2427 1559 θρωπος.
2469 1469 2526 1535 Ὀ
2557 1477 2611 1532 δὲ
2670 1480 2743 1543 είς
2801 1478 2900 1545 τὴν
2946 1484 3207 1557 προτερκν
3262 1478 3355 1534 ni
3414 1478 3554 1539 αὖθις
3611 1477 3811 1557 ιρρουρὶιν

2198 1568 2585 1625 κατάκλειστον
2677 1567 2991 1645 προστάττει
3103 1567 3367 1645 γενέσθαι.
3462 1567 3692 1644 Νκζιρίου
3767 1563 3812 1620 δὲ

468 1659 776 1737 ingressus
828 1657 1176 1721 versabatur
1227 1678 1358 1720 cum
1413 1658 1695 1723 Gcrvasio
1742 1669 1802 1723 at
1852 1660 2110 1723 Protasia

2198 1661 2232 1727 ἡ
2287 1660 2486 1738 φρουρά
2540 1656 2672 1733 aii-un
2718 1657 2934 1715 πολλῶν
2978 1658 3264 1735 βασιλείων
3298 1658 3582 1735 τιμιωτέρα
3612 1657 3812 1734 γίνεται,

468 1749 648 1810 sociis
674 1747 1021 1810 certaminis
1051 1768 1065 1812 :
1100 1768 1133 1809 a
1164 1749 1376 1830 quibus
1400 1750 1640 1813 assidue
1674 1750 1797 1831 ille,
1836 1758 2113 1832 tanquam

2198 1747 2400 1823 λειμὼν
2432 1747 2675 1822 εὐανθὴς,
2726 1747 2842 1810 νέος
2887 1746 3230 1825 παράδεισος.
3267 1747 3475 1805 Ἐκεῐσε
3534 1748 3629 1824 γαρ
3658 1744 3815 1801 εἰσελ-

465 1838 539 1899 ab
571 1836 870 1919 aliquibus
902 1836 1268 1913 ﬂuminibus,
1299 1839 1600 1918 irrigatus,
1639 1840 1923 1920 carpebat
1972 1859 2110 1902 sua-

2197 1840 2300 1894 θὼν
2335 1836 2600 1912 Γερϐασίῳ
2627 1858 2684 1892 τε
2713 1842 2800 1893 καὶ
2834 1837 3107 1915 Προτασίῳ
3171 1851 3284 1902 τοῖς
3334 1835 3601 1893 συνάθλοις
3643 1837 3813 1907 συνῆν,

465 1928 743 1991 vissimos
767 1930 945 1991 ﬂores
963 1928 1199 1990 illorum
1223 1930 1772 2011 consuetudinis,ut
1806 1950 2115 2011 propemo-

465 2019 605 2080 dum
657 2021 874 2099 gratias
902 2018 1149 2080 haberet
1200 2020 1489 2094 Anulino,
1527 2021 1683 2102 quod
1719 2040 1855 2083 eum
1905 2040 2113 2083 rursus

464 2109 871 2189 conjunxisset
901 2128 1033 2171 cum
1092 2109 1165 2171 iis
1196 2128 1346 2190 quos
1378 2110 1782 2173 desiderabat.
1829 2111 1973 2173 Cum
2026 2113 2112 2174 eis

461 2217 604 2278 ergo
625 2217 1004 2278 congressus,
1032 2209 1090 2261 et
1114 2217 1386 2277 magnam
1420 2202 1650 2280 accepit
1683 2200 2021 2275 utilitatem,
2049 2209 2114 2262 ut

465 2289 594 2367 ipse
621 2290 798 2351 etiam
833 2289 1089 2351 vicissim
1118 2289 1316 2351 intulit
1340 2308 1408 2351 ea
1438 2309 1571 2363 quas
1599 2298 1769 2351 erant
1800 2291 1968 2352 utilia
2004 2309 2020 2367 ;
2056 2296 2115 2352 et

464 2397 569 2441 eos
620 2380 766 2441 satis
795 2379 867 2440 ad
902 2380 1251 2461 certamina,
1290 2389 1346 2441 et
1375 2398 1621 2461 puerum
1658 2380 1926 2441 incitavit
1972 2379 2111 2441 Cel-

462 2468 618 2529 sium
648 2490 661 2532 :
696 2488 873 2550 quem
907 2487 1157 2550 puerum
1215 2468 1454 2550 quidem
1502 2487 1724 2546 sermo,
1781 2469 2108 2551 perfectum

459 2566 657 2622 autem
690 2559 951 2621 ostendit
981 2558 1157 2624 actio.

544 2738 693 2802 VIII.
727 2737 1023 2803 Anulinus
1068 2746 1261 2801 autem
1309 2757 1443 2801 cum
1478 2739 1553 2802 de
1601 2737 1847 2802 Nazario
1880 2739 2112 2820 singula

459 2842 652 2891 exacte
683 2833 998 2899 didicisset,
1033 2832 1348 2890 mirabatur
1370 2833 1851 2904 quemadmodum
1892 2837 2113 2907 potuis-

458 2926 550 2981 set
579 2918 843 2999 effugere
871 2916 1169 2980 Neronem
1222 2918 1483 2996 (sciebat
1514 2918 1704 2994 enim,
1736 2938 1912 2997 quam
1949 2928 2108 3001 esset

458 3013 709 3070 furiosus
741 3022 796 3069 et
823 3026 994 3083 quam
1028 3011 1183 3068 ferus
1208 3010 1601 3082 Nero),lupum
1628 3016 1901 3085 agnuam
1922 3015 2102 3071 aiunt.

455 3094 608 3160 Ilinc
635 3098 815 3159 etiam
850 3098 924 3158 de
971 3107 1178 3159 sancto
1214 3095 1458 3158 Nazario
1491 3110 1550 3159 et
1585 3096 1715 3176 eius
1761 3098 1940 3159 sociis
1971 3117 2104 3160 cum

454 3188 593 3249 facit
614 3188 826 3249 litteris
846 3188 1193 3267 certiorem,
1219 3204 1435 3265 rogans
1462 3186 1743 3266 quidnam
1755 3186 2017 3265 juberet,
2043 3199 2109 3249 ut

454 3285 665 3339 Iaceret
693 3280 927 3336 sanctis.
967 3279 1071 3335 Ille
1089 3252 1438 3335 aut'em‘i'um
1469 3252 1780 3336 audivisset
1812 3252 2169 3337 Nazariumc

456 3365 654 3428 adhuc
685 3381 818 3425 esse
857 3363 1263 3443 superstitem,
1285 3362 1508 3424 caedem
1534 3362 1798 3442 spirabat
1826 3364 2110 3427 adversus

458 3454 722 3528 lictores,
741 3452 957 3533 quibus
980 3452 1266 3530 jusserat,
1293 3459 1356 3512 nt
1385 3469 1519 3512 eum
1558 3451 1618 3512 in
1653 3452 1834 3513 maris
1865 3454 2107 3533 profun-

457 3545 597 3607 dum
634 3543 950 3623 injicerent
983 3558 999 3615 ;
1030 3549 1090 3602 et
1124 3558 1245 3621 prie
1271 3542 1360 3602 ira
1391 3559 1423 3601 e
1476 3540 1620 3603 sede
1654 3541 1943 3605 exsiliens
1972 3563 2107 3607 cum

456 3632 879 3696 vociferatione
893 3629 1173 3692 currebat
1196 3648 1300 3712 per
1321 3627 1846 3711 regiam,clamans
1869 3633 2111 3695 insidia-

456 3735 638 3805 tores,
672 3729 954 3802 ingratos,
990 3721 1278 3782 adversus
1302 3721 1446 3782 deos
1478 3720 1720 3801 impios,
1758 3729 1815 3783 et
1838 3722 2113 3804 cupiebat

455 3835 553 3879 eos
585 3821 867 3881 invenire,
896 3826 958 3873 ut
987 3819 1143 3887 ipsos
1183 3816 1353 3872 etiam
1387 3815 1744 3873 interimeret
1773 3817 1945 3874 simul
1979 3832 2109 3875 cum

455 3902 839 3985 martyribus,
867 3902 1146 3982 ignorans
1195 3899 1471 3976 stolidus,
1506 3901 1661 3981 quod
1704 3900 1861 3963 Deus
1915 3912 2111 3984 potest

450 4013 566 4056 non
601 3996 788 4054 solum
821 4011 848 4052 a
884 3994 1027 4052 mari
1061 4008 1292 4051 servare
1311 4008 1443 4050 eum
1475 3994 1574 4065 qui
1598 3996 1655 4051 in
1688 3996 1811 4066 ipso
1843 3996 2111 4056 habuerit

464 4081 874 4159 litluciam,sed
896 4080 1071 4141 etiam
1098 4080 1291 4159 ipsum
1317 4097 1481 4140 mare
1509 4079 2110 4143 exsiccare.Testalur

460 4182 656 4234 autem
689 4172 859 4232 divus
886 4169 1067 4232 David
1100 4170 1331 4249 dicens,
1355 4188 1488 4230 eum
1512 4169 1784 4249 posuisse
1814 4171 2021 4232 ﬂuvios
2047 4173 2108 4233 in

459 4264 997 4336 desertum,ccntra
1014 4260 1475 4345 autem,deserta
1495 4261 1552 4319 in
1576 4260 1739 4321 locus
1756 4280 2040 4341 aquarum
2059 4264 2104 4320 ι.

460 4356 605 4417 Cum
648 4371 754 4414 eos
784 4370 924 4429 ergo
980 4349 1229 4411 multum
1284 4348 1673 4429 quaesivisset,
1708 4359 1766 4409 et
1806 4368 1924 4409 non
1955 4351 2114 4411 inve-

460 4444 673 4524 nisset,
705 4441 795 4503 sic
825 4441 1039 4501 litteris
1089 4438 1332 4520 esponit
1360 4455 1527 4498 suam
1559 4437 1845 4498 adversus
1874 4448 2114 4501 sanctos

460 4531 846 4596 sententiam:
881 4529 1166 4601 Quoniam
1198 4528 1262 4602 ii,
1285 4527 1386 4607 qui
1422 4534 1559 4587 ante
1582 4544 1690 4588 nos
1712 4527 2115 4589 ascenderunt

2201 1925 2283 2007 ὕφ’
2315 1931 2389 1983 ὧν
2433 1927 2558 1982 ὅσαι
2591 1930 2722 2005 ὧραι
2756 1929 2990 2005 καθάπερ
3022 1929 3122 1984 ὅπό
3180 1948 3342 1983 τινων
3388 1928 3636 2001 ποταμῶν
3689 1924 3815 1980 ἐκεί-

2196 2041 2294 2085 νης
2339 2015 2695 2095 ἀρδευομένης
2739 2018 2806 2074 τὰ
2852 2015 3042 2083 ἥδιστα
3090 2017 3190 2085 τῆς
3221 2017 3436 2073 ἐκείνων
3468 2014 3671 2091 ὁμιλίας
3700 2011 3814 2080 ἄνθη

2196 2105 2515 2185 δρεπόμενος
2546 2106 2638 2181 ἦν,
2672 2108 2744 2161 ὡς
2778 2114 2969 2182 μικροῦ
3012 2106 3109 2162 καί
3142 2112 3307 2185 χάριν
3336 2103 3621 2183 ὁμολογεῖν
3651 2104 3816 2160 Ἀνου-

2196 2198 2323 2268 λίνῳ
2374 2195 2454 2252 ὅτι
2513 2198 2601 2251 καὶ
2654 2197 2815 2252 πάλιν
2873 2198 3028 2252 at")th
3085 2201 3293 2272 συνῆψε
3323 2208 3441 2259 τοῖς
3470 2192 3809 2266 ποθουμένοις.

2198 2286 2593 2365 Συγγενόμενος
2663 2291 2945 2364 τοιγαρούν
3016 2299 3136 2348 τοϊς
3213 2283 3429 2363 ἀνδράσι
3492 2281 3691 2347 πολλῆς
3763 2300 3813 2336 τε

2197 2376 2495 2435 ἀπέλαυσεν
2542 2374 2826 2456 ὠφελείας,
2873 2378 2961 2432 καὶ
3022 2375 3175 2441 αὒτὸς
3218 2376 3271 2431 ὲν
3304 2382 3383 2449 τῷ
3414 2373 3581 2454 μέρει,
3614 2374 3674 2428 τὰ
3700 2371 3814 2448 πρὸς

2194 2466 2456 2546 ὠφέλειαν
2482 2466 2891 2545 ἀντεισήγαγεν,
2922 2467 3118 2528 ἱκανῶς
3172 2487 3229 2521 τε
3292 2467 3481 2528 αὐτοὺς
3544 2464 3668 2541 πρὸς
3709 2462 3813 2521 τοὺς

2194 2557 2406 2634 ἀγῶνας
2463 2558 2549 2611 καὶ
2608 2558 2700 2611 τὸν
2758 2554 2929 2613 παῒδα
2991 2555 3211 2613 Κέλσιον
3268 2554 3497 2631 ὤλειψε,
3534 2552 3739 2611 Κέλσιον
3764 2547 3815 2604 ὃν

2195 2644 2364 2702 παῖδα
2397 2646 2494 2719 μὲν
2524 2648 2550 2701 ὁ
2582 2645 2762 2724 λόγος,
2797 2644 2997 2701 τέλειον
3028 2643 3082 2701 δὲ
3113 2646 3149 2712 ἠ
3180 2643 3368 2719 πρᾶξις
3400 2644 3723 2723 παρίστησιν.

2278 2736 2369 2797 Η’.
2403 2733 2711 2800 Ἀνουλῐνος
2755 2733 2809 2790 δὲ
2847 2735 2957 2815 (καὶ
3015 2737 3114 2813 γὰρ
3143 2736 3204 2790 τὸ
3252 2736 3482 2807 μανικὸν
3539 2733 3703 2789 ἐκεῖνο
3740 2727 3815 2784 καὶ

2193 2822 2450 2905 θηριῶδες
2481 2823 2597 2901 ᾔδει
2628 2832 2720 2881 τοῦ
2768 2826 3009 2903 Νέρωνος
3062 2820 3329 2904 ἀκριϐῶς)
3382 2825 3447 2880 τὰ
3503 2823 3615 2901 περὶ
3668 2825 3816 2905 Ναζα-

2189 2904 2301 2994 ρίου
2353 2914 2536 2989 μαθὼν
2596 2912 2650 2969 ἐν
2693 2913 2921 2988 θαύματι
2979 2913 3244 2982 ἐποιεῖτο,
3295 2916 3416 2974 πῶς
3476 2909 3573 2990 ἄρα
3616 2904 3814 2964 minii-

2190 3027 2331 3084 ρωνα
2390 3016 2580 3083 φυγεῖν
2639 3000 2901 3077 ἠδυνήθη,
2963 3016 3051 3059 τον
3098 3000 3283 3077 λύκον,
3348 2999 3541 3081 φασίν,
3584 3002 3607 3055 ί,
3650 2994 3812 3071 ἀμνός.

2192 3093 2461 3150 Ἐντεῦθεν
2520 3093 2606 3148 καὶ
2666 3094 2972 3171 γράμμασιν
3032 3091 3175 3163 αὐτῷ
3244 3092 3311 3147 τὰ
3385 3092 3498 3169 περὶ
3555 3095 3641 3146 τοῦ
3692 3085 3811 3163 ἁγίου

2192 3184 2281 3240 καὶ
2333 3190 2439 3238 τῶν
2491 3183 2763 3238 συνάθλων
2819 3183 3062 3259 γνώριμα
3137 3184 3371 3253 καθιστᾷ
3399 3230 3415 3263 ,
3475 3180 3698 3260 προσθεὶς
3741 3174 3806 3228 ὅτι

2193 3274 2281 3330 καὶ
2338 3281 2452 3335 πῶς
2489 3273 2632 3346 αὖτῷ
2664 3273 2723 3327 τὸ
2752 3270 2945 3328 λοιπὸν
2992 3272 3311 3351 προστάττει
3378 3273 3677 3352 χρήσασθαι
3714 3268 3810 3328 τοῖς

2194 3362 2382 3440 ἁγίοις.
2427 3353 2485 3418 Ὀ
2516 3360 2570 3416 δὲ
2615 3360 2864 3428 ἀκηκοὼς
2922 3360 2997 3417 ἔτι
3039 3362 3300 3441 Ναζάριον
3358 3361 3646 3439 περιεῖναι,
3701 3354 3817 3412 πολὺ

2192 3452 2330 3507 κατὰ
2376 3456 2481 3506 τῶν
2511 3451 2870 3529 ὲπιταγὲντων
2901 3442 3058 3509 atiith
3089 3450 3294 3527 δημίων
3333 3459 3416 3527 τῷ
3446 3452 3586 3529 βυθῷ
3614 3453 3707 3515 τῆς
3734 3449 3821 3503 θα·

2193 3540 2398 3608 λάσσης
2428 3543 2704 3621 ἒναφεϊναι
2735 3543 2796 3598 τὸ
2827 3544 3044 3622 φονικὸν
3076 3541 3275 3614 ἐπνὲει,
3308 3543 3417 3600 ὑπὸ
3449 3548 3549 3609 τῆς
3591 3543 3742 3618 ὀργῆς
3770 3554 3819 3590 τε

2195 3633 2282 3688 καὶ
2328 3640 2421 3691 τοῦ
2470 3630 2654 3710 Θρόνου
2683 3629 2918 3708 ἀνέθορε,
2973 3635 3060 3689 καὶ
3109 3632 3247 3707 μετά
3302 3632 3442 3709 βοῆς
3502 3633 3566 3689 τὰ
3605 3628 3822 3707 βασίλεια

2173 3720 2374 3802 ιδιέθει,
2432 3722 2555 3784 τοὺς
2614 3718 2927 3784 ἐπιϐούλους
2971 3723 3279 3799 κεκραγὼς,
3338 3724 3466 3789 τοὺς
3498 3721 3820 3801 ἀχαρίστους,

2195 3814 2315 3877 τοὺς
2349 3814 2469 3890 περὶ
2497 3812 2620 3874 τοὺς
2665 3812 2811 3877 θεοὺς
2869 3810 3112 3887 ἀσεϐεῖς,
3170 3812 3344 3882 ἐζήτει
3377 3834 3437 3869 τε
3469 3810 3652 3873 αὐτοὺς
3683 3808 3825 3890 ἐφευ-

2194 3915 2309 3982 ρετν
2340 3900 2432 3958 ἵνα
2462 3904 2552 3959 καὶ
2596 3901 2855 3979 συνανὲλῃ
2913 3914 3033 3967 τοῖς
3078 3902 3356 3981 μάρτυσιν,
3407 3902 3616 3981 ἀγνοῶν
3658 3902 3684 3955 ὁ
3723 3897 3823 3973 μά-

2190 4013 2339 4058 ταιος
2381 3990 2462 4049 ὅτι
2507 3991 2725 4049 δυνατὸν
2759 3999 2875 4065 Θεῴ
2907 3991 2984 4063 μὴ
3016 3991 3096 4047 ὅτι
3127 4014 3189 4071 τρε
3218 3993 3496 4060 θαλάσσης
3542 3996 3705 4048 σῶσαι
3746 3986 3826 4042 τὸν

2193 4085 2365 4155 ἑαυτῷ
2438 4083 2755 4156 πεποιθότα,
2815 4081 2954 4139 ἀλλὰ
3009 4086 3096 4138 καὶ
3158 4080 3320 4148 alt-iw
3394 4080 3570 4149 δήπου
3626 4077 3825 4157 ξηράναι

2191 4171 2292 4241 τὴν
2345 4169 2638 4229 θάλασσαν.
2706 4176 2800 4227 Καὶ
2832 4184 3091 4249 μαρτυρεῖ
3142 4168 3313 4229 Δια-[ιδ
3365 4173 3392 4227 ὁ
3452 4175 3623 4250 θεῖος,
3674 4171 3827 4226 θεῖναι

2193 4260 2365 4340 λέγων
2424 4263 2582 4317 αὐτὸν
2640 4261 2913 4334 ποταμοὺς
2977 4263 3051 4323 εἰς
3109 4260 3335 4341 ἔρημον,
3373 4260 3611 4337 ἔμπαλιν
3654 4257 3706 4315 δὲ
3753 4254 3828 4312 καὶ

2192 4351 2291 4416 τὴν
2351 4351 2549 4427 ἔρημον
2607 4351 2681 4413 εἷς
2740 4348 2928 4426 λίμνας
2976 4350 3203 4413 ὑδάτων.
3253 4351 3437 4407 Πολλὰ
3479 4352 3650 4409 τοίνυν
3678 4348 3827 4419 ἐκζη-

2192 4442 2385 4514 τήσας,
2449 4441 2564 4495 ἐπεὶ
2631 4439 2710 4515 μὴ
2762 4440 2984 4520 ἐφεῦρε,
3048 4442 3323 4519 γράμμασι
3385 4444 3488 4510 τὴν
3547 4442 3684 4498 κατά
3744 4442 3829 4494 τῶν

2194 4530 2358 4608 ἁγίων
2415 4528 2683 4609 ἀπόφασιν
2754 4530 3015 4587 ἐκτίθεται
3075 4530 3244 4597 οὕτως
3279 4550 3296 4567 ⁶
3384 4530 3714 4609 Ἐπειδήπερ
3786 4524 3828 4582 οἱ

459 4624 522 4685 in
556 4623 711 4684 hanc
744 4620 1035 4681 excelsam
1069 4618 1309 4698 imperii
1341 4616 1573 4696 sedem,
1609 4634 1725 4676 non
1758 4615 1945 4677 solum
1981 4635 2107 4695 eos,

2196 4621 2297 4697 πρὸ
2345 4620 2503 4693 ἡμῶν
2568 4620 2653 4677 ἐπὶ
2709 4622 2798 4676 τὸν
2878 4620 3086 4698 ὑψηλὸν
3162 4628 3350 4679 τοῦτον
3412 4623 3513 4688 τῆς
3573 4617 3830 4698 βασιλείας

462 4711 564 4793 qui
589 4711 652 4772 in
684 4710 977 4771 maximos
999 4708 1143 4770 deos
1175 4714 1344 4769 erant
1372 4705 1562 4786 impii,
1594 4714 1782 4765 morte
1808 4724 1912 4767 sua
1943 4711 2110 4769 datm

2196 4707 2479 4773 ἀναϐάντες
2561 4711 2740 4788 θρόνον
2823 4713 2882 4769 οὗ
2951 4714 3073 4779 τοὺς
3145 4713 3264 4790 περὶ
3329 4712 3613 4790 μεγίστους
3682 4709 3828 4787 μόνον

462 4809 686 4865 nabant
715 4802 1030 4875 sententia,
1066 4798 1172 4861 sed
1223 4799 1425 4871 etiam,
1460 4794 1509 4855 si
1539 4794 1948 4859 invenirentur
1995 4798 2110 4861 ali-

2196 4796 2570 4864 δυσσεϐοὖντας
2629 4803 2775 4865 θεοὺς
2837 4804 3003 4883 ψήφῳ
3057 4804 3285 4863 θανάτου
3332 4804 3668 4875 κατέκρινον,
3720 4794 3830 4854 ἀλλ’

461 4893 586 4975 qui,
610 4896 708 4973 qui
741 4890 1051 4953 maleﬁciis
1079 4897 1139 4951 et
1162 4885 1476 4969 praestigiis
1508 4886 1723 4975 multos
1752 4906 2110 4969 corrumpe-

461 4972 633 5059 rent,
658 4999 765 5064 par
816 4998 1054 5063 quoque
1099 4980 1159 5039 in
1191 4994 1294 5039 eos
1335 4972 1676 5036 statuebant
1724 4979 2107 5059 supplicium,

461 5084 663 5137 nostra
693 5091 935 5155 quoque
967 5072 1240 5131 decernit
1269 5066 1551 5147 potentia,
1583 5066 1737 5148 quod
1768 5067 1866 5129 isti
1898 5088 2111 5150 quam-

461 5164 719 5246 primum
752 5163 871 5224 vita
926 5158 1255 5241 priventur,
1292 5156 1494 5235 gladio
1552 5156 1844 5236 capitibus
1900 5178 2105 5222 eorum

459 5256 799 5336 amputatis:
824 5250 1044 5314 deinde
1069 5266 1273 5310 eorum
1308 5264 1559 5327 corpora
1590 5247 1949 5328 objiciantur
1966 5251 2110 5313 feris

459 5347 533 5409 ad
550 5346 1053 5416 devorandum,ut
1077 5355 1152 5399 ne
1171 5338 1438 5400 omnium
1463 5338 1702 5417 quidem
1727 5357 2108 5402 communem

459 5440 908 5515 consequantur
957 5429 1349 5511 sepulturam.
1383 5426 1472 5491 Sit
1502 5446 1644 5508 ergo
1697 5428 1804 5491 tibi
1834 5449 1990 5493 curae
2021 5432 2103 5508 id,

460 5526 618 5606 quod
651 5525 711 5584 in
745 5521 1061 5604 praesentia
1100 5520 1274 5600 jussi,
1311 5517 1579 5599 exsequi.
1616 5520 1719 5583 Est
1751 5521 1910 5583 enim
1962 5522 2110 5584 mihi

537 5712 558 5757 1
592 5711 891 5794 Psal.cx1,
926 5711 1021 5778 35.

2192 4893 2236 4948 εἰ
2283 4890 2374 4946 καί
2419 4911 2555 4957 τινες
2604 4892 2924 4968 εδρίσκοιντο
2977 4894 3329 4971 μαγγανείαις
3392 4892 3493 4971 ἄρα
3552 4892 3643 4948 καὶ
3699 4909 3829 4967 γοη-

2190 4982 2354 5046 τείαις
2410 4983 2533 5045 τοὺς
2579 4980 2811 5048 πολλοὺς
2869 4984 3300 5063 ἀποφθείροντες,
3335 4985 3424 5040 καὶ
3468 4982 3662 5044 αὐτοῖς
3713 4977 3833 5043 ἴσην

2189 5074 2290 5139 τὴν
2332 5074 2590 5150 τιμωρίαν
2643 5071 3059 5154 ἐπεψηφίζοντο,
3118 5075 3348 5146 θεσπίζει
3407 5074 3594 5130 καὶτὸ
3638 5069 3831 5147 ἡμέτε-

2193 5183 2282 5234 ρον
2326 5163 2518 5240 κράτος
2577 5160 2658 5218 ὅτι
2734 5163 2903 5244 τάχος
2956 5164 3141 5226 αὐτοὺς
3195 5171 3288 5221 τοῦ
3336 5169 3432 5241 ζῇν
3491 5165 3832 5241 στερηθῆναι,

2192 5250 2323 5333 ξίφει
2379 5253 2475 5315 τὰς
2550 5251 2785 5333 κεφαλάς
2848 5255 3209 5329 ἐκτμηθέντα(
3245 5303 3262 5335 ,
3319 5255 3444 5312 εἶτα
3508 5254 3668 5331 θηρσὶ
3721 5248 3833 5308 τοὺς

2193 5343 2408 5421 νεκροὺς
2466 5343 2639 5400 αὐτῶν
2697 5344 2769 5408 εἰς
2829 5345 2988 5424 βορὰν
3044 5349 3391 5425 προτεθῆναι,
3457 5346 3533 5406 ὡς
3593 5341 3661 5399 ἂν
3709 5335 3839 5416 μηδέ

2193 5433 2290 5501 τῆς
2336 5437 2521 5501 κοινῆς
2549 5434 2797 5493 ἁπάντων
2827 5434 3102 5502 ἀξιωθεῖεν
3148 5440 3347 5517 ταφῆς.
3409 5432 3710 5508 Ἐπιμελές
3756 5427 3838 5485 οὖν

2192 5526 2254 5582 τὸ
2310 5524 2478 5606 παρόν
2532 5548 2614 5582 σοι
2673 5532 2827 5583 τοῦτο
2885 5526 3117 5606 γενέσθω
3171 5528 3487 5609 πρόσταγμα
3545 5524 3621 5588 εἷς
3685 5519 3843 5601 πέρας
