4086 6412
252 345 363 412 905

1291 346 1480 412 VITA
1526 347 1584 408 S.
1650 347 1968 409 NAZARII
2014 343 2112 408 ET
2165 343 2569 410 SOCIORUM.

3504 340 3624 414 906

251 480 563 558 ἐξενεγκεῖν·
624 481 772 555 μέλει
822 482 923 560 γάρ
977 504 1070 557 μοι
1105 487 1200 548 τῆς
1245 483 1317 546 εἰς
1349 482 1470 545 τοὺς
1519 481 1666 546 θεοὺς
1694 482 1882 556 τιμῆς,

1981 477 2180 557 majori
2213 496 2373 540 curae
2402 478 2702 541 honorare
2729 475 2900 555 deos,
2935 495 3119 555 quam
3173 495 3379 542 curam
3410 497 3625 560 gerere

253 573 398 646 μέλει
432 568 598 626 πλέον
621 570 656 638 ἢ
688 576 795 626 τῶν
825 577 917 627 τοῦ
946 578 1127 627 κοινοῦ
1166 569 1473 650 φροντίδων.

327 659 411 723 ϐ’,
476 666 647 718 Ταῦτα
689 659 876 728 ἐπειδὴ
931 659 1219 733 Ἀνουλίνῳ
1274 661 1342 718 τὰ
1391 660 1681 738 γράμματα
1735 660 1894 734 ἧκεν,

250 751 390 814 εὐθὺς
475 749 578 816 τὴν
660 747 746 805 ἐπὶ
828 748 1051 806 θάνατον
1133 748 1349 828 ἄγεσθαι
1433 749 1554 811 τοὺς
1629 749 1898 828 μάρτυρας

250 833 538 897 ἐπιτάττει.
590 838 650 896 Οἱ
701 835 756 893 δὲ
817 844 894 911 τῷ
949 844 1041 894 τοῦ
1097 845 1320 916 σταυροῦ
1375 837 1525 912 τύπῳ
1575 835 1894 916 φραξάμενοι

250 926 468 1004 ἐξῄεσαν
519 925 656 984 οὕτω
702 924 954 1007 φαιδρῶς,
986 927 1168 1006 ὥσπερ
1197 932 1258 987 οὗ
1287 929 1417 1007 πρὸς
1459 928 1705 1000 θάνατον,
1757 926 1894 984 ἀλλὰ

247 1019 373 1094 πρὸς
423 1018 567 1088 ζωὴν
598 1014 824 1092 μᾶλλον,
857 1016 988 1094 ὅπερ
1017 1019 1104 1073 καὶ
1153 1016 1350 1084 ἀληθὲς
1407 1017 1499 1093 ἦν,
1535 1016 1635 1084 τὴν
1680 1017 1892 1072 αἰωνίαν

249 1105 584 1181 καλούμενοι,
630 1106 718 1162 καὶ
762 1103 923 1168 ἄλλος
958 1104 1121 1163 ἄλλον
1178 1107 1480 1186 προφθάσαι
1531 1105 1890 1184 φιλονεικοῦν-

245 1218 327 1260 τες
374 1198 463 1251 καὶ
513 1195 613 1262 τὴν
661 1194 833 1262 καλὴν
887 1193 1121 1271 ἅμιλλαν
1172 1194 1561 1270 ἁπιλλῶμενοι,
1594 1193 1884 1258 δεδοικότες

244 1289 317 1362 μὴ
390 1282 592 1363 Νέρωνι
655 1282 1007 1360 μεταμελήσῃ
1067 1292 1162 1355 τῆς
1231 1283 1572 1364 ἀποφάσεως,
1637 1286 1724 1340 καὶ
1793 1290 1885 1340 τοῦ

248 1375 503 1454 μακαρίου
585 1373 762 1436 τέλους
830 1372 1243 1454 ἀπολειφθῶσιν.
1307 1373 1525 1442 Ἐπειδὴ
1581 1372 1633 1430 δὲ
1714 1376 1884 1453 Κυρίῳ

245 1464 715 1540 ἐξομολογούμενοι
762 1463 854 1519 τὸν
908 1464 1007 1529 τῆς
1053 1461 1374 1528 τελειώσεως
1428 1460 1720 1521 κατέλαϐον
1783 1465 1882 1520 τό-

246 1578 364 1634 πον,
399 1555 662 1633 φθονήσας
717 1554 746 1608 ὁ
795 1553 1027 1630 πονηρὸς
1076 1559 1415 1630 Χριστιανοτς
1445 1557 1543 1620 τῆς
1590 1554 1885 1632 εὐεργεσίας

245 1644 406 1702 πείθει
480 1642 605 1706 τοὺς
658 1639 874 1716 δημίους
935 1641 1196 1698 ἀπελάσαι
1267 1641 1521 1720 πρότερον
1574 1644 1695 1706 τοὺς
1771 1642 1886 1700 ἐκεῖ

245 1733 509 1812 παρόντας
568 1728 860 1805 θεοσεϐεῖς,
907 1730 1000 1787 ἵνα
1069 1731 1148 1806 μὴ
1205 1731 1296 1789 τοῦ
1359 1732 1623 1809 ἁγιασμοῦ
1679 1733 1886 1797 πάντως

1979 566 2343 646 reipublicae.

2061 655 2162 717 IX.
2190 656 2510 737 Postquam
2529 658 2620 719 ha:
2644 656 2857 720 litterae
2878 657 3254 722 veneruntad
3267 657 3622 739 Anulinum,

1979 744 2145 825 iubet
2173 745 2369 808 statim
2393 746 2466 809 ad
2498 754 2752 810 mortem
2787 747 2923 810 duci
2956 755 3266 830 martyres.
3301 747 3392 810 llli
3421 757 3624 813 autem

1981 835 2196 896 muniti
2225 835 2412 915 ﬁgura
2463 836 2686 918 crucis,
2717 836 3038 900 admodum
3085 837 3205 901 laeti
3233 837 3529 916 exierunt,
3561 847 3630 903 ut

1979 925 2079 1004 qui
2113 943 2232 986 non
2277 924 2349 986 ad
2383 938 2658 1007 mortem,
2693 927 2798 988 sed
2839 926 2912 988 ad
2961 928 3138 990 vitam
3189 925 3386 1008 potius
3438 928 3626 1010 (quod

1976 1031 2181 1076 verum
2207 1020 2641 1090 erat)zeternam
2673 1025 3070 1079 vocarentur:
3105 1024 3164 1079 et
3183 1017 3627 1082 contendebant

1975 1103 2128 1165 alius
2177 1104 2358 1166 alium
2410 1106 2770 1182 praevenire,
2824 1115 2884 1168 et
2935 1107 3184 1186 pulchro
3239 1107 3628 1172 decertabant

1973 1194 2327 1273 certamine,
2369 1196 2652 1256 timentes
2683 1213 2758 1255 ne
2791 1197 3092 1258 Neronem
3128 1213 3250 1257 sum
3301 1197 3628 1277 paeniteret

1967 1282 2300 1354 sententias,
2345 1290 2405 1344 et
2458 1283 2695 1344 beatum
2740 1285 2919 1345 ﬁnem
2978 1304 3096 1346 non
3137 1295 3622 1367 assequerentur.

1967 1369 2286 1451 Postquam
2309 1378 2510 1434 autem
2546 1371 2802 1434 Domino
2826 1374 3200 1450 conﬁtentes,
3227 1386 3630 1456 pervenerunt

1965 1461 2039 1522 ad
2094 1461 2288 1522 locum
2340 1461 2895 1536 consummationis,
2945 1463 3222 1526 invidens
3271 1465 3628 1529 Christianis

1969 1549 2266 1630 malignus
2298 1550 3016 1632 beneﬁcium,persuadet
3037 1552 3442 1632 lictoribus,ut
3463 1557 3629 1637 prius

1967 1637 2277 1719 abigerent
2305 1640 2458 1720 pios,
2494 1643 2596 1721 qui
2621 1641 2740 1702 illic
2770 1643 3044 1717 aderant,
3081 1660 3159 1705 ne
3189 1642 3436 1707 omnino
3464 1644 3629 1708 frue-

1969 1736 2180 1790 rentur
2237 1730 2706 1791 sanctiﬁcatione
2755 1732 3062 1811 sanguinis
3122 1739 3492 1812 sanctorum,
3527 1736 3631 1816 qui

243 1824 333 1880 τοῦ
393 1820 774 1895 ἐκκενουμένου
830 1819 1066 1896 α’ίματος
1123 1827 1229 1878 τῶν
1313 1821 1476 1899 ἁγίων
1533 1820 1885 1899 παραπολαύ-

1981 1817 2483 1898 etiundebatur,et
2514 1819 2601 1880 sic
2633 1827 2962 1897 martyrum
2996 1820 3190 1901 capita
3222 1830 3626 1904 amputarent.

245 1932 410 1986 σαιεν,
468 1912 556 1968 καὶ
600 1909 738 1968 οὕτω
792 1909 888 1974 τὰς
945 1910 1052 1966 τῶν
1109 1910 1391 1989 μαρτύρων
1450 1910 1742 1987 ἀποτεμεῖν
1787 1933 1884 1969 κε-

241 2001 434 2075 φαλάς.
495 1999 647 2058 Ἀλλ’
679 1999 884 2079 ἐσφάλη
937 1999 1034 2067 τῆς
1066 1997 1304 2078 ἐλπίδος,
1339 1999 1433 2056 κᾶν
1477 2003 1640 2057 ταῦτα
1690 2003 1717 2057 ὁ
1750 2024 1884 2077 μια-

241 2096 334 2172 ρὸς
385 2092 472 2147 καὶ
502 2090 654 2167 ὀλίγα
709 2089 804 2157 τῆς
864 2089 1119 2165 πονηρίας
1167 2089 1440 2151 ἀπώνατο.
1503 2090 1579 2148 Τὰ
1621 2091 1722 2168 γὰρ
1776 2095 1882 2147 τῶν

245 2183 409 2258 ἁγίων
464 2178 612 2254 τίμια
671 2177 918 2256 λείψανα,
977 2180 1232 2256 Ναζαρίου
1280 2179 1418 2256 φημὶ
1465 2179 1550 2235 καὶ
1605 2177 1884 2257 Γερϐασίου

243 2273 333 2328 σὺν
388 2282 510 2332 τοῖς
571 2266 873 2347 συνάθλοις,
917 2269 1219 2347 Χριστιανοί
1268 2289 1410 2332 τινες
1466 2269 1561 2326 οὐκ
1595 2269 1732 2326 ἀθεεὶ
1789 2270 1887 2345 μὲν

241 2359 565 2430 κινηθέντες,
625 2357 789 2435 λάθρα
838 2356 893 2412 δὲ
951 2355 1267 2436 ὑφελόμενοι
1316 2358 1460 2437 παρὰ
1515 2364 1583 2434 τῇ
1636 2362 1733 2427 τῆς
1782 2360 1886 2416 πό-

1971 1906 2089 1970 Sed
2145 1910 2231 1968 sic
2288 1926 2526 1988 quoque
2582 1927 2616 1968 a
2672 1925 2782 1987 spe
2831 1908 3058 1971 dedicit
3103 1913 3534 1989 exsecrandus,
3569 1923 3630 1976 et

1971 2014 2178 2076 parum
2203 1997 2498 2058 commodi
2520 1997 2752 2077 accepit
2781 2015 2850 2059 ex
2883 1997 3284 2080 improbitate.
3347 2003 3631 2066 Pretiosa!

1971 2085 2131 2146 enim
2181 2089 2541 2147 sanctorum‘
2573 2084 2866 2166 reliquiae,
2921 2086 3186 2162 Nazarii,
3239 2093 3509 2169 inquam,
3565 2097 3630 2153 et

1971 2173 2236 2238 Gervasii
2259 2193 2392 2238 cum
2419 2175 2621 2249 sociis,
2645 2194 2680 2237 a
2709 2175 3060 2238 Christianis
3091 2174 3474 2257 quibusdam,
3507 2196 3630 2242 non

1971 2264 2104 2326 sine
2153 2263 2262 2326 Dei
2317 2264 2566 2326 numine
2610 2263 2809 2344 motis,
2861 2264 3015 2327 clam
3063 2265 3295 2341 ablatas,
3345 2267 3632 2348 depositae

1971 2361 2109 2414 sunt
2140 2353 2472 2416 honoriﬁce
2501 2353 2659 2434 apud
2692 2361 2924 2434 portam
2978 2354 3254 2432 civitatis,
3287 2373 3422 2438 quae
3450 2355 3628 2420 etiam

243 2451 381 2516 λεως
409 2448 546 2526 πύλῃ
575 2447 612 2515 ἠ
641 2447 728 2503 καὶ
782 2445 1017 2523 Ῥωμαία
1049 2443 1316 2526 καλεϊναι,
1349 2447 1538 2526 τιμίως
1580 2448 1882 2522 κατέθεντο,

1981 2450 2217 2505 vocatur
2233 2445 2528 2518 Romana,
2559 2450 2772 2524 quarto
2802 2443 3040 2507 decimo
3073 2445 3302 2507 mensis
3329 2443 3630 2510 Octobris.

245 2525 818 2608 τεσσαρεσκαιδεκάτην
908 2526 1030 2584 τότε
1105 2535 1196 2585 τοῦ
1282 2525 1602 2605 Ὀκτωϐρίου
1659 2527 1886 2608 ἐπέχον-

1981 2529 2150 2593 Paulo
2185 2541 2320 2613 post
2371 2540 2565 2596 autem
2600 2532 2785 2595 divini
2813 2541 3102 2614 martyres
3147 2533 3208 2596 in
3265 2535 3494 2598 somnis
3520 2553 3632 2618 ap-

241 2643 356 2684 τος.
424 2617 619 2696 Ὀλίγῳ
647 2616 702 2674 δὲ
759 2615 972 2696 ὕστερον
1025 2618 1074 2674 οἱ
1117 2619 1253 2674 θεῖοι
1307 2617 1562 2696 μάρτυρες
1608 2615 1732 2696 ὄναρ
1788 2619 1891 2674 τινὶ

1981 2631 2188 2701 parent
2240 2621 2478 2686 cuidam
2513 2620 2689 2685 exiis
2719 2621 2819 2704 qui
2870 2632 3045 2684 erant
3074 2622 3249 2686 amici
3280 2615 3632 2708 martyrum,

236 2717 343 2766 τῶν
429 2707 832 2788 φιλομαρτύρων
902 2705 1212 2768 ἐπιστάντες
1278 2706 1380 2773 τὴν
1447 2709 1554 2762 τῶν
1625 2706 1888 2781 σωμάτων

1981 2709 2279 2792 iubentes,
2310 2718 2374 2774 ut
2403 2729 2617 2774 eorum
2649 2729 2902 2793 corpora
2933 2720 3290 2776 assumeret.
3311 2705 3631 2795 Proprium

235 2798 509 2874 ἀνάληψιν
563 2797 889 2875 ἐγγυώμενοι
945 2795 1112 2872 ἁγίων
1167 2794 1340 2868 τούτῳ
1369 2796 1456 2851 καὶ
1505 2793 1891 2874 φιλανθρώπων

1981 2809 2068 2864 est
2096 2800 2211 2864 hoc
2241 2809 2578 2864 sanctarum
2614 2809 2676 2864 et
2714 2802 3104 2882 benignarum
3137 2793 3476 2865 animarum
3510 2821 3631 2866 non

235 2895 431 2968 ψυχῶν
488 2884 625 2944 ἴδιον
681 2885 782 2966 οὔχ
830 2883 925 2942 ἵνα
979 2886 1127 2942 αὐτοὶ
1158 2883 1470 2959 δοξασθῶσι,
1503 2891 1618 2950 πῶς
1649 2901 1749 2962 γαρ
1783 2905 1800 2958 ς
1833 2885 1886 2943 οἳ

1981 2897 2037 2952 ut
2066 2889 2180 2971 ipsi
2208 2891 2644 2970 gloriﬁcentur,
2674 2891 2995 2972 (quomodo
3041 2891 3226 2968 enim,
3261 2893 3360 2973 qui
3391 2903 3634 2976 propter

233 2999 294 3056 γε
352 2975 440 3033 διὰ
496 2975 596 3043 τὴν
639 2975 814 3033 ἐκεϊθε
860 2975 1231 3052 μακαριότητα
1282 2975 1461 3042 πάσης
1515 2977 1614 3042 τῆς
1671 2973 1890 3031 ἐνταῦθα

1981 2995 2128 3053 eam,
2162 2997 2294 3059 quae
2329 2979 2450 3042 illic
2499 2987 2612 3062 est,
2645 2979 3102 3056 beatitudinem,
3139 2973 3636 3062 contempserunt

233 3067 392 3134 δόξης
446 3062 800 3145 ὅπεριδόντες,
833 3062 952 3120 ἀλλ’
986 3063 1076 3121 ἵνα
1132 3068 1200 3140 τῇ
1231 3061 1428 3134 εὒρὲσει
1464 3063 1584 3127 τοὺς
1638 3062 1888 3142 φιλευσε-

1981 3087 2236 3150 omnem,
2265 3086 2397 3150 quae
2418 3077 2508 3130 est
2533 3069 2651 3144 hic,
2674 3067 2924 3148 gloriam
2939 3067 2987 3149 ?)
3013 3069 3118 3131 sed
3148 3077 3213 3131 ut
3242 3068 3356 3149 piis
3384 3061 3452 3132 ac
3480 3071 3634 3134 reli-

233 3156 352 3221 ϐεῐς
384 3144 765 3235 ὠφεμήσωσιν.
827 3144 889 3211 Ὀ
923 3150 978 3208 δὲ
1030 3157 1097 3230 τῇ
1127 3152 1249 3228 ὄψει
1279 3151 1393 3210 λίαδ
1449 3153 1628 3221 ἡσθεὶς
1660 3154 1888 3218 ἀναστὰς

1981 3157 2162 3237 giosis
2217 3144 2574 3240 prodessent
2604 3144 2977 3221 inventione.
3029 3157 3137 3223 Ille
3165 3144 3365 3221 autem
3409 3159 3645 3226 visione

234 3215 383 3312 εὐθυς
415 3215 511 3302 τά.
541 3215 598 3301 τέ
625 3242 754 3323 ἅγια
801 3241 1026 3318 λείψανα
1057 3215 1356 3318 όεϐάσμίως
1391 3215 1592 3300 ἕκεῑϊθεδ
1616 3215 1625 3218 ν
1645 3215 1892 3319 ἂναΛαμέ

1981 3215 2158 3313 Sitio;
2176 3215 2667 3326 latissima;
2684 3215 2972 3324 signa
2998 3215 3638 3314 etcum—veneratione

232 3335 414 3412 Gz'vst,
470 3335 558 3391 καὶ
615 3341 690 3410 τῷ
731 3331 842 3408 ἱδίῳ
885 3333 1224 3412 παρατίθεται
1276 3332 1438 3407 οἴκῳ.
1473 3330 1632 3391 Οἶδεν
1659 3333 1694 3401 ἡ
1751 3332 1893 3390 ἐκεί-

1981 3340 2144 3403 illinc
2175 3346 2410 3401 sanctas
2435 3337 2683 3400 assumit
2733 3337 3042 3418 reliquias,
3078 3344 3136 3399 et
3163 3337 3328 3400 domi
3373 3340 3636 3404 suade-

233 3449 325 3484 νου
375 3424 664 3503 παρημένη
689 3423 922 3502 θυγάτηρ
977 3422 1040 3478 τὸ
1091 3421 1312 3511 γεγονὸς
1354 3428 1423 3500 τῇ
1465 3423 1572 3479 τῶν
1617 3423 1893 3511 μαρτύρων

1981 3430 2166 3511 ponit.
2201 3427 2330 3490 Non
2355 3429 2514 3510 quod
2547 3429 2764 3490 factum
2797 3427 2993 3490 fuerat
3019 3427 3150 3507 ejus
3181 3427 3323 3504 ﬁlia,
3347 3447 3484 3506 quas
3507 3441 3638 3493 erat
3677 3429 3680 3432 ’

233 3515 526 3588 ἓπεστασίᾳ
585 3513 685 3581 τὴν
741 3511 999 3592 προτέραν
1058 3510 1203 3576 εὐθὺς
1273 3511 1449 3589 ῥεῦσιν
1520 3510 1888 3572 ἀπολαϐοῦσα.

1981 3510 2322 3600 paralytica;
2359 3535 2493 3580 nam
2517 3518 2586 3579 ad
2598 3525 2771 3580 ventu
2795 3524 3122 3596 martyrum
3157 3518 3420 3598 priorem
3441 3536 3634 3583 recu-

231 3605 522 3665 Ἐλάνθανε
576 3603 674 3680 μὲν
705 3601 794 3660 οὗν
835 3605 863 3660 ὁ
909 3608 1014 3659 τῶν
1049 3606 1395 3692 μαρτυρικῶν.
1424 3599 1641 3659 ἐκείνων
1691 3600 1890 3692 λειψάο

1981 3599 2211 3690 peravit
2240 3607 2670 3670 valetudinem.
2705 3609 2904 3684 Atque
2927 3607 3099 3668 latuit
3129 3608 3374 3689 quidem
3408 3618 3636 3692 marty—

231 3719 339 3753 νων
395 3695 685 3774 θησαυρὸς,
715 3691 769 3748 ἐν
825 3696 902 3766 τῷ
957 3713 1050 3748 του
1106 3690 1289 3771 ἀνδρὸς
1338 3689 1478 3780 οἴκω
1530 3691 1890 3770 κρυπτόμενος

1981 3689 2236 3760 ricartim
2285 3697 2673 3778 reliquiarum
2709 3697 3022 3759 thesaurus
3049 3696 3378 3760 absconsus
3415 3698 3480 3760 in
3511 3689 3641 3780 ejus

231 3793 336 3854 ἕως
385 3787 472 3844 ἐπὶ
501 3785 594 3842 τὸν
648 3783 818 3863 μέγαν
874 3781 1176 3861 Θεοδόσιον,
1208 3782 1266 3847 ὃς
1318 3780 1371 3848 ἐξ
1401 3778 1628 3862 Ἰϐηρίας
1673 3789 1770 3851 τῆς
1803 3793 1893 3844 νῦν

1981 3786 2219 3861 aedibus,
2261 3786 2456 3849 donec
2505 3785 2577 3848 ad
2612 3804 2890 3864 magnum
2949 3784 3378 3865 Theodosium,
3412 3788 3510 3869 qui
3544 3778 3640 3852 ex

231 3877 510 3942 Ἱσπανίας
565 3872 901 3952 καλουμένης
956 3872 1109 3932 εἷλκε
1155 3873 1217 3930 τὸ
1270 3870 1444 3952 γένος,
1491 3873 1557 3930 τὰ
1612 3870 1888 3950 Ῥωμαίων

1981 3875 2193 3951 lberia,
2226 3893 2362 3952 quae
2392 3893 2550 3937 nunc
2599 3873 2892 3954 Hispania
2922 3874 3162 3956 dicitur,
3198 3875 3368 3939 duxit
3421 3895 3632 3957 genus,

229 3970 498 4050 μετέπεσε
528 3965 800 4044 σκῆπτρα.

1981 3971 2379 4046 pervenerunt
2409 3973 2644 4044 sceptra
2675 3963 2926 4026 Romani
2957 3963 3226 4046 imperii.

313 4057 381 4124 ι’,
446 4053 596 4113 Ἐπεὶ
628 4051 684 4110 δὲ
738 4052 890 4118 οὗτος
925 4051 1061 4128 μετᾶ
1092 4053 1188 4121 τήν
1237 4049 1532 4117 Οὐάλεντος
1561 4059 1654 4112 τοῦ
1701 4053 1890 4130 θεομά-

2053 4053 2126 4115 Χ.
2160 4053 2304 4117 Cum
2335 4061 2530 4116 autem
2563 4054 2614 4115 is
2662 4063 2792 4134 post
2825 4052 2928 4119 Dei
2959 4053 3195 4116 hostem
3228 4054 3573 4134 Valentem,
3605 4075 3642 4120 a

236 4164 348 4231 χοι)
399 4143 539 4205 κατᾶ
588 4145 688 4212 τὴν
739 4142 951 4222 Θρᾴκην
1001 4143 1103 4199 ὑπὸ
1154 4147 1259 4199 τῶν
1302 4139 1577 4221 βαρϐάρων
1628 4143 1890 4223 ἀναίρεσιν

1981 4142 2244 4206 barbaris
2273 4142 2336 4204 in
2385 4142 2594 4206 Tracia
2624 4141 3032 4218 interfectum,
3069 4150 3236 4205 esset
3277 4147 3641 4210 constitutus

235 4241 331 4296 επὶ
377 4240 476 4305 τῆς
504 4236 683 4314 ἀρχῆς
736 4231 992 4306 κατέστη,
1028 4231 1092 4289 τὰ
1139 4253 1259 4310 περι
1290 4233 1350 4288 τὸ
1403 4231 1560 4289 Θεϊόν
1590 4253 1648 4290 τε
1692 4232 1886 4311 ἀγαθὸς

1981 4232 2328 4314 imperator,
2367 4242 2427 4294 et
2460 4232 2521 4295 in
2555 4233 2744 4296 Deum
2778 4241 2905 4295 erat
2935 4233 3095 4313 pius,
3129 4233 3181 4294 si
3211 4233 3372 4297 ullus
3396 4235 3642 4312 alius,et

234 4329 400 4407 εἴπερ
456 4347 537 4388 τις
596 4323 776 4404 ’ἕτερος
834 4321 926 4402 ἢν,
976 4322 1061 4378 καὶ
1107 4319 1174 4388 δὴ
1231 4322 1320 4378 καὶ
1377 4321 1653 4401 μαρτύρων
1706 4333 1893 4399 τιμαῖς

1982 4337 2309 4403 martyrum
2343 4323 2652 4385 laetabatur
2682 4320 3038 4398 honoribus,
3075 4330 3216 4384 tunc
3259 4342 3501 4407 quoque
3532 4342 3638 4387 sa-

239 4415 675 4500 εὖφραινόμενος’
736 4412 856 4469 τότε
886 4413 980 4468 καί
1028 4411 1095 4467 τὰ
1131 4407 1244 4487 ἱερά
1285 4411 1488 4469 τούτων
1545 4410 1770 4489 λείψανα
1826 4417 1893 4489 τῇ

1981 4431 2098 4476 cras
2126 4431 2334 4476 eorum
2385 4413 2683 4494 reliquiae,
2719 4421 2998 4493 tanquam
3031 4413 3386 4490 thesaurus,
3420 4432 3642 4477 recon-

239 4498 584 4568 Μεδιολάνων
638 4503 1007 4582 θησαυρίζεται
1065 4498 1344 4577 ἐκκλησίᾳ,
1396 4501 1679 4581 Ναζαρίου,
1733 4503 1893 4582 φημὶ,

1981 4503 2205 4565 duntur
2233 4503 2294 4564 in
2324 4503 2580 4565 ecclesia
2600 4501 3055 4576 Mediolanensi,
3089 4499 3341 4580 Nazarii,
3370 4505 3637 4584 inquam,

236 4601 333 4660 καὶ
390 4592 696 4675 Γερὸασίου,
731 4592 1020 4672 Προτασίου
1048 4611 1106 4648 τε
1152 4591 1248 4648 καῖ
1309 4590 1557 4671 Κελσίου,
1583 4596 1689 4648 τῶν
1745 4613 1893 4672 περι-

1984 4601 2042 4655 et
2069 4591 2355 4668 Gervasii,
2393 4592 2675 4654 Prostasii
2707 4601 2766 4654 et
2797 4590 3388 4674 Celsii,inclytorum
3421 4593 3646 4663 Christi

235 4688 494 4746 ϐλέπτῶν
569 4690 662 4742 τοῦ
714 4688 938 4762 Χριστοῦ
1015 4684 1313 4760 μαρτύρων,
1375 4681 1522 4744 Τίνες
1597 4678 1653 4737 δὲ
1707 4683 1796 4738 καὶ
1854 4682 1893 4738 οἳ

1983 4690 2324 4763 martyrum.
2361 4679 2612 4754 Quinam
2663 4687 2860 4744 autem
2920 4682 3166 4744 fuerunt
3213 4682 3553 4745 administri
3579 4683 3641 4748 in

235 4781 364 4853 περὶ
434 4777 535 4844 τὴν
608 4769 974 4849 μετακομιδὴν
1030 4769 1233 4827 τούτων
1291 4767 1386 4827 καῖ
1442 4771 1542 4838 τὴν
1617 4771 1893 4828 κατάθεσιν

1981 4771 2416 4834 transferendis
2439 4779 2498 4832 et
2522 4770 2898 4853 deponendis
2927 4771 3020 4833 bis
3039 4770 3356 4852 reliquiis?
3377 4770 3643 4835 Ambro-

237 4843 719 4948 ὓπουργὴσαντεςς
780 4843 1099 4940 ’Ᾰμϐρόσιος
1135 4861 1160 4916 ὃ
1207 4859 1306 4948 τὴν
1334 4857 1525 4937 ἀρετὴν
1584 4857 1893 4939 περιϐόητος

1983 4859 2108 4921 sius
2138 4859 2242 4922 ille
2272 4859 2490 4922 virtute
2539 4843 2759 4936 clarus,
2795 4866 2855 4923 et
2883 4860 2999 4948 qui,
3019 4843 3512 4923 tunc-decorabat
3543 4879 3646 4924 se-

239 4960 334 5016 καὶ
390 4947 494 5025 τῆς
549 4959 669 5011 τῶν
733 4949 1076 5010 Μεδιολάνων
1137 4947 1459 5016 Ἐκκλησίας
1512 4949 1632 5006 τότε
1701 4950 1893 5029 θρόνοις

1984 4948 2122 5012 dem
2152 4949 2435 5012 Ecclesiae
2457 4949 2942 5013 Mediolanensis.
2976 4947 3035 5012 Is
3086 4950 3324 5031 primus
3352 4959 3443 5013 est
3471 4969 3650 5014 exse-

242 5047 566 5130 ἐμπρέπων.
602 5043 766 5108 Οὗτος
814 5039 880 5109 δὴ
911 5046 1120 5121 πρῶτος
1164 5037 1488 5130 ἐλειτούργει
1525 5043 1592 5116 τῇ
1621 5039 1901 5130 μεναθέσει

242 5128 665 5209 οὒκήᾶνίπτοις,
724 5135 753 5189 ὃ
805 5131 1039 5211 λέγεται,
1075 5131 1261 5211 χερσὶν
1313 5128 1453 5185 ἀλλὰ
1500 5131 1588 5186 καὶ
1631 5128 1750 5185 λίαν
1805 5151 1908 5187 κα..

241 5234 442 5310 θαρατς
479 5226 544 5283 τὰ
582 5223 788 5303 καθαρὰ
846 5223 1269 5310 πιστευόμενοςοῄ
1290 5221 1424 5310 πρὸς
1473 5215 1528 5274 δὲ
1553 5217 1652 5275 καῖ
1691 5221 1908 5310 ,κλῆρον

241 5307 390 5383 ἅπας
445 5318 536 5374 καὶ
568 5319 616 5373 οἱ
671 5314 729 5371 ἐν
757 5311 900 5370 τέλει
950 5311 1222 5390 γλώσσαις
1249 5307 1519 5388 ᾀδούσαις,
1553 5309 1707 5388 χερσὶ
1761 5309 1908 5386 λαμ-

241 5408 420 5473 πάδας
452 5406 756 5490 φορούσαις,
791 5403 858 5459 τὰ
885 5401 1076 5476 πολλῷ
1116 5391 1279 5458 πλέον
1307 5405 1414 5490 τῶν
1462 5396 1758 5476 λαμπάδων
1787 5413 1905 5466 τοῖς

241 5489 480 5577 θαύμασι
538 5493 939 5571 διαλάμποντα·
1001 5490 1204 5571 Τυφλοί
1277 5489 1374 5564 μὲν
1431 5490 1532 5569 γὰρ
1591 5490 1692 5554 ἓως
1749 5491 1905 5549 αὐτὸν

243 5585 755 5672 χειραγωγηθὲντες
814 5583 926 5662 φῶς
969 5603 1026 5638 τε
1083 5581 1227 5645 εὐθὺς
1285 5581 1455 5656 εἶδον,
1496 5580 1583 5635 καὶ
1645 5581 1751 5660 οὐχ
1808 5582 1907 5639 ὑπὸ

241 5670 584 5766 χειραγωγῷ
635 5673 844 5732 ἔϐαινον
905 5671 1006 5748 ἔτι,
1067 5670 1206 5730 ἀλλὰ
1269 5670 1386 5736 τοὺς
1438 5670 1636 5730 ἑαυτῶν
1691 5670 1908 5751 ἔχοντες

580 5813 843 5878 Parnm.
876 5812 989 5878 Gn.
1028 5808 1235 5874 CXVI.

1991 5048 2165 5101 cutus
2207 5039 2605 5106 ministerium
2641 5039 3068 5115 translationis,
3103 5047 3168 5101 ut
3197 5041 3293 5102 cui
3315 5059 3436 5103 non
3469 5040 3650 5105 illotis

1996 5129 2178 5210 (quod
2209 5129 2455 5207 dicitur)
2475 5127 2776 5204 manibus,
2809 5129 2914 5190 sed
2947 5128 3118 5191 valde
3150 5128 3393 5191 mundis
3423 5131 3649 5194 munda

1992 5218 2221 5282 fuerint
2250 5219 2505 5282 credita.
2551 5221 2850 5282 Praeterea
2872 5229 3074 5280 autem
3106 5217 3422 5282 universus
3450 5221 3652 5284 clerus

1995 5318 2052 5373 et
2074 5326 2284 5372 omnes
2307 5311 2711 5388 magistratus,
2743 5307 2962 5386 linguis
2978 5307 3228 5390 hymnos
3257 5320 3566 5386 canentes,
3589 5322 3652 5378 et

1990 5418 2136 5481 quas
2161 5399 2438 5461 manibus
2465 5397 2801 5480 gestabant,
2834 5399 3212 5481 lampadibus
3243 5418 3314 5464 ea
3343 5399 3653 5465 illustran-

1991 5501 2092 5558 tes,
2117 5508 2240 5566 quae
2264 5501 2455 5551 tamen
2479 5494 2663 5565 magis
2694 5492 2987 5551 miraculis
3010 5495 3652 5568 resplendebant.quam

1992 5576 2388 5660 lampadibus.
2435 5575 2583 5640 Nam
2616 5576 2758 5640 caeci
2791 5578 3036 5659 quidem
3092 5595 3274 5641 manu
3302 5577 3548 5642 deducti
3573 5580 3650 5643 ad

1993 5685 2094 5732 eas
2124 5684 2314 5748 usque
2341 5665 2654 5748 reliquias,
2687 5667 2878 5730 lucem
2908 5665 3106 5730 statim
3126 5675 3512 5750 aSpexeruut,
3535 5686 3650 5735 nec

3289 5802 3365 5868 29
