4086 6404
464 337 579 403 907

1670 327 2060 398 ADDENDA.
2150 367 2203 378 -
2276 331 2643 397 OCTOBER.

3727 322 3843 388 908

463 490 616 556 opus
637 469 893 552 amplius
920 468 1220 532 habebant
1243 464 1583 547 aliquo,qni
1607 481 1710 526 eos
1725 483 1916 556 manu
1941 465 2121 528 dedu-

2227 466 2510 547 ἰφθαλμοὺς
2569 465 2816 542 ὁδηγους.
2879 462 3073 556 χωλοὶ,
3107 459 3261 536 μόλις
3304 460 3390 540 ὑφ’
3427 458 3663 556 Αὲτέρων-
3688 478 3851 556 κεκο-

467 555 652 635 ceret,
692 562 796 624 sed
853 579 994 622 suos
1025 557 1326 621 habebant
1373 556 1557 617 duces
1606 555 1832 618 oculos.
1887 556 2121 633 Claudi,

469 654 572 734 qui
623 652 715 714 vix
743 653 976 713 fuerant
1006 647 1218 729 portati
1251 645 1324 708 ab
1379 645 1540 725 aliis,
1577 644 1837 725 propriis
1866 646 1992 706 suis
2023 663 2124 707 re-

469 733 852 806 vertebantur
876 738 1151 820 pedibus,
1187 734 1531 816 pernicibus
1551 733 1623 795 ad
1647 736 2034 815 currendum,
2070 741 2130 796 et

471 833 624 913 aptis
652 830 723 892 ad
756 827 1114 898 saltandum,
1146 827 1462 905 Leprosos,
1486 823 1588 905 qui
1619 823 1678 884 in
1712 825 1998 905 templum
2023 840 2128 885 ve-

473 930 710 994 nerant,
744 919 956 981 domus
1008 916 1238 995 aspexit
1290 913 1569 987 mundos,
1601 921 1660 974 et
1705 913 2050 993 quicunque
2094 930 2128 973 a

475 1013 743 1086 malignis
771 1011 1181 1069 detinebantur
1211 1008 1636 1078 spiritibus,eos
1667 1020 1896 1080 quoque
1921 1007 2131 1068 licebat

474 1103 676 1164 videre
710 1099 994 1161 liberatos
1011 1096 1085 1158 ab
1117 1097 1189 1157 iis
1211 1097 1310 1176 qui
1343 1095 1506 1176 ipsos
1537 1093 2126 1167 vexabant,furiosa-

472 1209 589 1272 que
617 1197 677 1252 et
702 1187 962 1252 amentia
991 1204 1199 1247 eorum
1237 1185 1442 1254 verba,
1475 1198 1772 1244 conversa
1816 1184 1879 1244 in
1909 1187 2130 1262 gratia-

473 1298 605 1344 rum
654 1279 978 1352 actionem,
1014 1284 1074 1337 et
1121 1273 1520 1336 communiter
1550 1272 1767 1335 Christi
1821 1284 2134 1356 martyres.

475 1369 752 1433 laudibus
801 1363 1102 1430 celebrari
1157 1371 1222 1425 et
1257 1361 1576 1442 gloriﬁcari
1630 1360 1704 1422 ab
1733 1364 2034 1426 omnibus.
2071 1364 2136 1427 In

480 1470 586 1522 eos
617 1475 752 1520 cum
778 1471 1029 1533 magnus
1061 1449 1755 1514 incidiset'l‘heodosius
1786 1454 1945 1527 (tunc
1976 1453 2136 1516 enim

480 1547 694 1626 agebat
742 1541 1060 1608 Mediolani
1090 1541 1374 1604 adversus
1431 1548 1764 1620 tyrannum,
1794 1540 2138 1618 Maximum,

479 1639 750 1718 inquam,
779 1635 1138 1707 decertans),
1172 1650 1308 1693 cum
1341 1631 1674 1712 accepisset
1705 1639 1905 1710 partes
1934 1651 2140 1696 sacra-

2209 545 2480 632 μισμένοι,
2537 567 2654 618 τοῖς
2713 554 2867 609 ποσὶν
2919 550 3159 631 ἐχρῶντο
3217 561 3338 613 τοῖς
3398 547 3548 610 ἰδίοις
3580 545 3850 624 εὒδρόμοις

2208 647 2297 702 καὶ
2337 645 2607 706 ἄλτικοῖς·
2658 643 2879 720 λεπροὺς
2927 647 3006 714 τῷ
3048 643 3158 714 ναῷ
3211 637 3596 718 προσελθόντας
3627 640 3655 694 ὁ
3699 636 3855 698 οἶκος

2210 734 2469 814 καθαροὺς
2542 733 2816 792 ἐθεάσατο·
2877 729 2991 787 ὅσοι
3045 751 3103 787 τε
3157 731 3259 786 ί)πῦ
3301 728 3616 803 πνευμάτων
3672 725 3859 782 κατεί-

2212 847 2380 906 χοντο
2435 829 2706 903 πονηρῶν,
2729 821 2826 878 καί
2869 821 3082 886 τούτους
3111 823 3236 896 ὁρᾷν
3263 818 3327 885 ἦν
3358 825 3464 875 τῶν
3494 815 3862 898 ἐνοχλούντων

2213 913 2681 992 ἀπηλλαγμένους,
2727 913 2794 968 τὰ
2845 909 3125 990 παράφορά
3177 931 3234 966 τε
3293 910 3478 971 αὐτοῖς
3533 911 3619 966 καί
3664 908 3866 982 μανικὰ

2213 1006 2428 1083 ῥήματα
2511 1005 2585 1068 εἷς
2667 1003 3010 1082 εὐχαριστίαν
3093 997 3492 1073 μεταϐληθεντα
3566 1000 3654 1054 καὶ
3707 1004 3870 1073 κοινῇ

2215 1096 2336 1156 τοὺς
2391 1101 2483 1150 τοῦ
2546 1099 2773 1166 Χριστοῦ
2847 1091 3112 1169 μάρτυρας
3167 1089 3270 1144 ὑπὸ
3318 1087 3532 1143 πάντων
3585 1085 3874 1157 δοξαζομέο

2217 1205 2362 1246 νους.
2411 1183 2625 1246 Τούτοις
2658 1184 2687 1238 ὁ
2744 1180 2911 1259 μέγας
2973 1179 3278 1258 περιτυχὼν
3311 1174 3585 1237 Θεοδόσιος
3645 1173 3871 1252 (ἐνεδήο

2219 1294 2306 1347 μει
2351 1273 2450 1352 γὰρ
2506 1273 2628 1329 τότε
2685 1277 2754 1348 τῇ
2807 1267 3143 1326 Μεδιολάνων
3197 1267 3328 1344 πρός
3402 1287 3461 1322 τε
3505 1265 3708 1330 Σκύθας
3775 1265 3874 1320 καὶ

2218 1365 2310 1419 τὸν
2372 1361 2618 1440 τύραννόν
2690 1381 2830 1440 φημι
2899 1355 3136 1432 Μάξιμον
3199 1353 3662 1434 διαγωνιζόμενος)
3724 1353 3875 1432 μέρη

2220 1458 2326 1508 τῶν
2381 1455 2535 1529 ἱερῶν
2602 1451 2802 1506 τούτων
2854 1448 3121 1523 λειψάνων
3175 1443 3288 1501 ἄνεί
3364 1446 3557 1505 παντὸς
3633 1443 3876 1523 λαφύρου

2219 1543 2364 1606 τινὸς
2422 1542 2456 1608 ἢ
2513 1539 2656 1604 λείας
2723 1539 2759 1607 ἢ
2803 1537 3004 1613 μᾶλλον
3055 1549 3226 1592 ειπειν
3293 1533 3406 1592 ἀντὶ
3454 1535 3653 1598 παντὸς
3696 1533 3878 1590 ὅπλου

2221 1632 2309 1686 καὶ
2367 1629 2652 1708 ασφαλείας
2708 1634 2774 1704 τῇ
2843 1623 3071 1704 βασιλίδι
3140 1624 3368 1699 κομίζει,
3431 1627 3516 1684 οἷς
3573 1643 3632 1680 τε
3708 1622 3879 1685 αὐτὸς

481 1715 616 1790 rum
657 1727 865 1787 harum
913 1723 1328 1802 reliquiarum,
1367 1739 1474 1801 pro
1525 1720 1893 1800 quibuslibet
1939 1723 2140 1804 spoliis

2227 1718 2337 1776 εἶδε
2389 1721 2666 1780 πιστωθεὶς
2715 1718 2943 1791 θαύμασι
2988 1717 3076 1771 καὶ
3107 1715 3422 1794 συμμάχοῦς
3461 1715 3598 1770 κατὰ
3652 1716 3880 1770 Σκυθῶν

485 1825 588 1880 aut
619 1815 941 1887 manubiis,
976 1792 1079 1874 aut
1110 1792 1444 1892 potiusp'ro
1471 1792 1840 1886 quibuslibet
1871 1792 2054 1874 armis
2083 1821 2140 1873 et

2227 1807 2592 1887 ἀπροσμάχως
2623 1806 2927 1875 πλουτήσας
2961 1805 3081 1867 τοὺς
3111 1792 3398 1882 μάρτυρας,

481 1904 888 1977 munimentis,
923 1902 986 1963 in
1025 1891 1232 1962 urbem
1264 1899 1480 1961 detulit
1506 1899 1758 1979 regiam,
1781 1900 1858 1962 iis
1885 1921 2020 1982 quae
2049 1901 2180 1982 ipse
2209 1897 2378 1972 vidit,
2416 1895 2721 1958 miraculis
2753 1895 3162 1973 conﬁrmatus,
3189 1899 3248 1954 et
3275 1891 3564 1954 adversus
3595 1891 3880 1971 Scythas,

479 1995 675 2058 socios
703 1989 1197 2072 inexpugnabiles
1218 1997 1536 2051 assecutus
1571 1997 1878 2069 martyres.

560 2083 659 2147 XI.
685 2083 839 2144 Ante
869 2081 1021 2142 hanc
1049 2096 1324 2158 magnam
1360 2079 1559 2158 itaque
1590 2078 1889 2142 civitatem
1923 2080 2012 2141 eis
2043 2097 2137 2141 ex-

481 2173 624 2237 citat
653 2171 966 2253 pulchrum
999 2175 1060 2230 et
1092 2168 1334 2248 elegans
1394 2167 1708 2248 templum,
1743 2178 1799 2231 et
1829 2170 1890 2231 in
1936 2188 2008 2231 eo
2039 2186 2138 2230 sa-

483 2281 617 2327 cras
644 2267 970 2338 martyrum
1000 2257 1289 2336 reliquias
1318 2256 1878 2338 deponit,tanquam
1905 2259 2141 2320 thesau-

483 2369 618 2414 rum
668 2368 848 2430 super
879 2346 1063 2408 millia
1112 2347 1375 2428 (divinus
1407 2345 1551 2408 dicit
1606 2347 1791 2408 David
1821 2347 1870 2428 9)
1905 2348 2029 2409 auri
2081 2356 2140 2409 et

487 2439 745 2520 argenti.
777 2437 879 2499 Eae
909 2444 1123 2516 praeter
1151 2436 1270 2497 alia
1299 2443 1734 2514 unguentorum
1753 2455 1992 2518 quoque
2013 2437 2138 2498 fon-

492 2536 582 2590 tes
633 2528 920 2590 emittunt
948 2525 1345 2606 abundantes,
1401 2544 1518 2585 non
1573 2526 1764 2587 solum
1787 2525 2140 2607 corporibus

491 2618 804 2689 salutares,
837 2614 941 2677 sed
969 2633 1175 2677 eorum
1208 2613 1410 2690 etiam,
1445 2614 1546 2694 qui
1575 2615 1876 2690 hauriunt,
1909 2617 2138 2676 animas

491 2712 908 2788 expurgantes:
945 2713 1008 2767 ut
1036 2723 1152 2766 non
1183 2703 1375 2765 solum
1408 2702 1666 2766 habeant
1694 2705 1849 2785 apud
1881 2723 1946 2767 se
1973 2722 2135 2768 mar—

491 2805 648 2876 tyres
697 2814 768 2856 ea
820 2813 951 2876 quaa
993 2801 1383 2873 acceperunt,
1423 2793 1527 2853 sed
1575 2793 1708 2855 aliis
1739 2812 1979 2875 quoque
2037 2813 2144 2857 sua

496 2886 652 2947 bona
681 2883 1151 2946 communicent.
1212 2881 1311 2944 Sic
1341 2882 1612 2944 Christus
1643 2883 1740 2944 hic
1769 2901 2007 2966 quoque
2041 2903 2144 2947 eos

493 2975 807 3056 gloriﬁcat,
841 2974 943 3054 qui
977 2973 1142 3034 illum
1174 2981 1542 3034 amaverunt.
1581 2973 1806 3034 Talium
1859 2974 2143 3036 certami-

491 3083 633 3127 num
668 3063 815 3125 tales
865 3063 966 3124 dat
997 3063 1538 3132 remunerationes,
1576 3062 1847 3142 quaedam
1899 3063 2144 3125 omnino

493 3153 782 3236 prooemia
811 3152 973 3214 illius
1002 3169 1279 3232 supernae
1309 3150 1716 3212 beatitudinis.
1763 3152 1944 3232 Cujus
1973 3151 2149 3214 nobis

494 3261 734 3324 quoque
767 3242 942 3303 liceat
975 3258 1110 3302 esse
1138 3239 1462 3320 participes
1489 3240 1676 3317 gratia
1705 3240 2061 3303 sanctissimi
2094 3251 2153 3304 et

2305 2077 2413 2140 lA’,
2470 2075 2690 2152 Ἀμέλει
2735 2076 2823 2132 καὶ
2879 2075 3004 2130 ναὸν
3063 2072 3244 2137 αδτοΐς
3283 2072 3385 2149 πρὸ
3429 2071 3522 2139 τῆς
3569 2069 3888 2149 μεγαλοστό-

2223 2167 2356 2233 λεως
2416 2169 2613 2233 ταύτης
2660 2165 2913 2245 χαρίεντά
2970 2184 3027 2220 τε
3086 2165 3174 2220 καὶ
3237 2161 3536 2241 περικαλλῆ
3586 2161 3882 2240 ἀνεγείρει,

2223 2260 2310 2314 καὶ
2341 2258 2512 2330 τούτῳ
2543 2277 2606 2311 τα
2649 2255 2761 2329 ἱερὰ
2809 2253 3038 2329 λείψανα
3065 2260 3176 2309 τῶν
3227 2252 3502 2330 μαρτύρων
3531 2253 3606 2313 ὡς
3663 2255 3880 2318 θησαυ-

2225 2349 2345 2425 ροὺς
2405 2347 2745 2412 κατττίθησιν
2792 2345 2922 2421 ὑπὲρ
2977 2341 3252 2421 χιλιάδας,
3313 2345 3341 2398 ὁ
3401 2345 3544 2403 θεῖος
3619 2339 3681 2397 ἂν
3743 2342 3882 2397 εἶπε

2225 2435 2414 2516 Δαυ“ιδ,
2449 2436 2666 2516 χρυσίου
2694 2435 2790 2490 καί
2833 2434 3101 2511 ἀργυρίου.
3136 2434 3211 2490 Τὰ
3238 2431 3290 2488 δὲ
3351 2431 3476 2511 πρός
3505 2431 3625 2496 τοῖς
3682 2430 3882 2496 ἄλλοις

2218 2525 2313 2583 καί
2395 2527 2570 2604 μύρων
2627 2524 2864 2603 ἀφθόνως
2921 2519 3215 2579 ἀναδιδοῦσι
3293 2542 3474 2598 πηγας
3544 2521 3602 2577 οὺ
3661 2520 3883 2594 σώματι

2220 2618 2382 2692 μόνον
2443 2616 2758 2693 σωτηρίους,
2806 2614 2944 2670 ἄλλα
2999 2614 3088 2670 καὶ
3135 2618 3346 2692 ψυχαῖς
3406 2617 3512 2668 τῶν
3565 2611 3883 2690 ἀρυομένων

2225 2707 2602 2784 καθαρτηρίους
2632 2750 2649 2777 ,
2723 2705 2813 2760 ’ἕνα
2897 2703 2974 2780 μὴ
3062 2704 3245 2778 μόνοις
3331 2701 3455 2777 παρ’
3545 2701 3757 2766 ἑαυτοῖς
3837 2703 3883 2757 οἱ

2227 2796 2482 2874 μάρτυρες
2543 2793 2678 2872 ἅπερ
2749 2793 3028 2872 εἰλήφασιν
3110 2791 3336 2870 ἔχωσιν,
3399 2790 3538 2847 ἀλλὰ
3597 2791 3685 2846 καὶ
3757 2805 3882 2856 τοῖς

2226 2884 2389 2949 ἄλλος
2473 2884 2573 2940 ὦσι
2652 2881 2757 2938 τῶν
2827 2882 3037 2960 ἀγαθῶν
3091 2881 3359 2942 κοινωνοί.
3444 2877 3595 2936 Οὕτω
3672 2878 3882 2953 δοξάζει

2226 2976 2488 3033 κάνταῦθα
2549 2973 2773 3050 Χριστὸς
2816 2971 2939 3035 τοὺς
2993 2970 3201 3028 ἐκεῖνον
3255 2969 3631 3048 ἠγαπηκόταςο
3693 2971 3882 3027 τοιού-

2227 3088 2332 3123 των
2412 3061 2634 3142 ἀγώνων
2713 3061 2957 3124 τοιαύτας
3027 3058 3235 3116 δίδωσιν
3295 3056 3562 3137 ιᾶμοιόὰς,
3623 3062 3878 3136 προοίμιά

2231 3177 2348 3212 τινα
2425 3153 2639 3214 πάντως
2692 3155 2791 3220 τῆς
2863 3150 3065 3208 ἐκεῖθεν
3145 3149 3564 3229 μακαριότητος·
3637 3152 3708 3206 ὧν
3774 3155 3876 3217 τῆς

2234 3241 2442 3324 μερίδος
2495 3242 2584 3297 καί
2638 3242 2783 3316 ἡμᾶς
2841 3239 3050 3318 γένοιτο
3119 3240 3320 3304 πάντας
3377 3237 3640 3307 ἀξωθῆναι
3697 3239 3880 3320 χάριτι

495 3332 710 3426 viviﬁci
761 3328 1020 3426 Spiritus
1069 3345 1230 3389 nunc
1286 3337 1346 3388 et
1391 3345 1656 3408 semper,
1717 3337 1774 3391 et
1818 3330 1879 3391 in
1932 3330 2140 3394 saecula

2234 3334 2326 3393 τοῦ
2381 3329 2640 3408 παναγίου
2695 3331 2780 3387 καὶ
2835 3336 3102 3401 ζωοποιοῦ
3159 3329 3488 3410 Πνεύματος,
3523 3337 3613 3389 νῦν
3656 3329 3755 3385 καῖ
3806 3329 3887 3388 ἀεὶ

498 3419 787 3482 saculoru
797 3437 876 3480 m.
912 3419 1124 3481 Amen.

2237 3425 2321 3481 καὶ
2350 3423 2425 3487 εἷς
2454 3421 2575 3484 τοὺς
2607 3419 2797 3485 αἰῶνας
2825 3421 2931 3476 τῶν
2968 3419 3197 3479 αἰώνων.
3232 3417 3431 3496 Ἀμήν.

1326 3735 2025 3885 MENSIS
2133 3733 3064 3982 QCTOBER.

1621 4090 1876 4177 ΒΙοΣ
1950 4090 2139 4176 ΚΑΙ
2210 4088 2750 4177 ΠΟΛΙΤΕΙΑ

1089 4318 1466 4484 ΤΗΣ
1623 4317 2177 4483 ΟΣΙΑΣ
2332 4310 3296 4482 ΠΕΛΑΓΙΑΣ

1845 4558 1976 4610 ms
2042 4561 2127 4610 EN
2188 4558 2576 4624 ANTtoxsts.

1525 4833 1784 4918 VITA
1872 4836 2006 4920 ET
2091 4833 2880 4922 CONVERSATIO

514 5053 1287 5242 SANCTZE
1498 5055 2361 5236 PELAGLE
2558 5057 3896 5241 ANTIOCHENE.

1583 5329 1787 5400 (Surins
1814 5331 1874 5389 ad
1907 5333 1940 5389 8
1971 5331 2202 5402 Octobr.,
2233 5332 2347 5391 cod.
2389 5334 2514 5406 Reg.
2550 5349 2604 5389 n.
2645 5331 2833 5402 l5l2.)

589 5594 635 5656 Ι.
669 5593 1024 5657 Muliebrem
1057 5596 1338 5660 virtutem
1387 5591 1733 5656 fortitudine
1763 5592 2028 5655 virorum
2060 5593 2147 5655 ni-
2185 5601 2230 5654 D

510 5685 589 5749 hil
627 5683 981 5748 inferiorem
1013 5683 1294 5748 omnibus
1324 5699 1570 5747 narrare
1602 5690 1691 5747 est
1733 5684 1900 5761 utile,
1937 5702 2154 5763 eoque,

586 5820 613 5866 9
639 5819 796 5888 Psal.
832 5836 1032 5903 cxvm,
1063 5824 1158 5884 71.

2329 5593 2419 5656 At.
2499 5594 2804 5652 Γυναικείαν
2877 5596 3068 5677 ἀρετὴν
3143 5602 3241 5668 τῆς
3313 5601 3419 5656 τῶν
3491 5597 3690 5680 ἀνδρῶν
3753 5597 3909 5658 ο-ἶιδὲν

2240 5683 2658 5769 ἀπολειφθεῖσαν
2689 5691 2818 5744 πᾶσι
2865 5684 3104 5754 διεξιέναι
3152 5690 3428 5773 γυσιτεγὲς
3482 5690 3568 5747 καὶ
3599 5689 3905 5772 ὠφέλιμον²
