4086 6418
297 346 405 417 909

1606 345 1793 416 VITA
1855 354 1914 417 S.
1958 344 2350 417 ’PELAGUE.

3549 346 3670 414 910

296 492 377 545 καὶ
435 488 670 560 τοσούτῳ
702 486 935 561 μᾶλλον,
968 487 1181 564 ὅσῳπερ
1226 486 1491 564 ἀναλόγου
1518 487 1772 567 πρότερον
1814 491 1937 547 ἄντ-

2039 487 2240 565 nagis,
2278 480 2435 563 quod
2474 478 2694 540 femina
2725 477 2853 539 haac
2876 476 3136 567 Pelagia,
3161 476 3237 539 de
3258 493 3374 559 qua
3404 476 3671 541 scribere

297 580 582 656 ιισηνέχθη
643 576 857 639 κακίας.
919 577 1071 635 Οὕτω
1129 578 1229 653 γὰρ
1280 575 1343 632 ἂν
1372 577 1432 632 τό
1465 576 1564 651 μὲν
1613 584 1720 634 τῶν
1778 578 1932 657 ἆῤῥέσ-

296 690 393 724 νων
444 667 595 744 γένος
640 667 738 734 τὴν
802 675 897 725 τοῦ
953 665 1146 733 θήλεος
1196 664 1577 735 ὑπερϐαλέσθαι
1633 669 1783 745 φύσιν
1839 691 1934 747 φι-

294 756 641 831 λοτιμήσαιτο
673 772 685 784 ·
754 768 1007 832 γυναῖκες
1050 753 1106 811 δὲ
1164 760 1261 827 τῆς
1304 760 1412 811 τῶν
1445 764 1714 832 συγγενῶν
1744 758 1933 836 ἀρετῆς

295 846 368 921 μὴ
400 843 789 922 ἀπολειφθῆναι
821 842 905 901 διὰ
936 843 1171 911 σπουδῆς
1221 844 1282 899 ἃν
1337 844 1653 914 ποιήσαιντο
1687 862 1700 875 ⁸
1742 846 1935 904 ἐκατέ-

292 956 391 1012 ρων
452 933 509 988 δὲ
557 931 915 1011 ὅπεξαιρεθείη
969 936 1034 991 τὸ
1087 932 1185 1001 τῆς
1241 939 1478 1010 πονηρᾶς
1529 933 1686 999 ἕξεως
1738 940 1811 999 ὼς
1872 937 1937 992 τὰ

291 1022 464 1080 πολλὰ
487 1019 902 1080 δυσαπόνιπτον.
937 1021 1005 1080 ”Ο
1036 1019 1101 1089 δὴ
1159 1023 1247 1078 καὶ
1303 1021 1458 1085 αὒτὸς
1487 1024 1591 1100 πρὸ
1619 1028 1726 1079 τῶν
1756 1023 1934 1080 ἄλλων

292 1110 441 1175 εἰδὼς
473 1111 539 1167 τὰ
580 1112 719 1168 κατὰ
768 1111 869 1177 τὴν
923 1113 1185 1190 μακαρίαν
1230 1110 1429 1177 ταύτην
1488 1110 1777 1190 Πελαγίαν,
1809 1112 1846 1180 ἢ
1876 1114 1938 1168 τὸ

291 1206 388 1267 τῆς
446 1206 579 1257 Θεοῦ
663 1198 1055 1278 φιλανθρωπίας
1135 1202 1274 1273 ἡμῖν
1333 1200 1590 1277 ἐγνώρισε
1680 1199 1936 1279 πέλαγος,

294 1289 494 1346 ἄνωθεν
538 1288 703 1360 εἴπω,
732 1290 820 1344 καὶ
850 1286 1205 1366 διηγήσομαι.

381 1560 466 1620 B'.
528 1556 672 1623 Αὕτη
718 1554 942 1635 πατρίδα
995 1556 1091 1631 μὲν
1154 1555 1285 1636 ἔσχε
1342 1560 1429 1614 καὶ
1479 1556 1634 1614 πόλιν
1665 1558 1764 1625 τὴν
1825 1558 1948 1614 Ἀνο

297 1649 493 1727 τιόχου
525 1662 538 1675 ⁸
598 1645 814 1718 πλούτῳ
861 1644 917 1701 δὲ
960 1646 1226 1723 γενομένη
1285 1650 1583 1726 περιφανής
1630 1648 1719 1703 καὶ
1760 1646 1945 1707 κάλλει

297 1737 599 1815 διαπρεπὴς
657 1734 753 1792 οὒκ
805 1737 876 1800 εἰς
931 1735 1098 1792 καλὸν
1151 1743 1226 1811 τῷ
1257 1735 1470 1809 πλούτῳ
1521 1736 1820 1814 ἐχρήσατο,
1852 1737 1946 1792 οὐ·

2016 592 2175 637 nunc
2207 569 2610 650 aggredimur,
2673 575 2787 628 tam
2848 566 3154 628 excellens
3185 574 3388 646 postea
3421 568 3667 644 exstitit,

2017 681 2192 744 quam
2224 670 2402 724 antea
2432 658 2573 720 vitio
2606 655 2858 733 insignis
2907 656 3120 720 fuerat.
3154 656 3256 718 Sic
3287 656 3446 717 enim
3480 674 3670 736 genus

2017 752 2256 833 quidem
2287 747 2707 817 masculorum,
2740 746 2986 806 honoris
3008 745 3536 820 causa,mulierum
3568 764 3671 809 na.

2019 851 2210 904 turam
2237 856 2522 918 superare
2553 834 2971 911 contenderit;
3006 834 3293 897 mulieres
3317 848 3513 898 autem
3534 844 3669 899 stu-

2018 931 2260 992 duerint
2290 925 2636 1007 hujusmodi
2667 924 2904 985 feminas
2935 925 3154 987 virtute
3200 924 3522 987 inferiores
3547 944 3671 988 non

2018 1037 2174 1082 esse.
2209 1018 2474 1098 Uterque
2504 1033 2644 1076 vero
2677 1032 2856 1076 sexus
2888 1013 2989 1075 tali
3014 1014 3312 1095 exemplo,
3357 1014 3430 1076 ab
3461 1032 3667 1078 earnm

2019 1126 2220 1170 rerum
2248 1125 2379 1188 quae
2411 1122 2604 1185 parm
2634 1102 3007 1183 sunt,habitu
3036 1103 3462 1167 removebitur.
3497 1103 3666 1178 Quod

2025 1198 2199 1276 plane
2232 1215 2365 1259 cum
2398 1195 2530 1275 ipse
2581 1209 2703 1273 pm
2760 1194 2990 1255 caeteris
3040 1195 3446 1271 cognoverim,
3482 1193 3674 1273 ipsius

2026 1286 2275 1366 Pelagia;
2299 1287 2495 1359 vitam,
2532 1301 2668 1360 quae
2696 1282 2802 1344 Dei
2828 1300 2970 1360 erga
2991 1283 3267 1344 homines
3292 1282 3673 1362 benignitatis

2027 1378 2267 1455 pelagus
2298 1373 2471 1436 nobis
2530 1371 2866 1453 explicavit,
2926 1370 3101 1432 altius
3152 1372 3474 1434 exordiens
3531 1389 3676 1434 nar-

2032 1464 2201 1527 rabo.

2117 1557 2190 1616 ll.
2225 1552 2307 1615 Ea
2327 1552 2581 1633 patriam
2635 1551 2882 1627 quidem
2912 1557 2970 1610 et
2988 1550 3291 1613 civitatem
3317 1550 3524 1615 habuit
3544 1552 3677 1614 An~

2031 1643 2339 1705 tiochiam.
2375 1641 2519 1704 Cum
2546 1649 2705 1702 esset
2735 1649 2931 1702 autem
2968 1648 3028 1700 et
3061 1639 3280 1701 divitiis
3310 1639 3584 1721 insignis,
3621 1648 3681 1702 et

2032 1733 2248 1795 eximia
2277 1730 2745 1811 pulchritudine,
2779 1748 2899 1790 non
2930 1739 3099 1791 recte
3131 1748 3241 1791 usa
3287 1738 3377 1792 est
3427 1731 3676 1808 divitiis,

298 1825 355 1883 δὲ
417 1834 671 1884 τοσοῦτον
726 1831 803 1899 τῷ
861 1823 1048 1880 κάλλει
1101 1832 1197 1880 τοὺ
1254 1825 1502 1899 σώματος
1559 1824 1792 1900 ἔνειμεν,
1823 1825 1944 1881 ὅσον

2039 1839 2223 1903 neque
2245 1819 2751 1898 pulchritudinem
2776 1818 3046 1899 corporis
3068 1818 3149 1880 ita
3166 1820 3530 1899 possedit,ut
3559 1840 3680 1883 non

297 1916 379 1990 μὴ
438 1917 500 1972 τὸ
544 1914 641 1983 τῆς
701 1919 887 1993 ψυχῆς
957 1911 1451 1990 παραϐλάπτεσθαι.
1514 1913 1680 1970 Ἀλλὰ
1729 1917 1788 1971 τὸ
1847 1915 1944 1990 μὲν

296 2003 511 2073 ἐπήνθει
555 2005 722 2080 ταύτῃ
752 2003 912 2083 πολὺ,
946 2003 1131 2078 πολλῷ
1160 2004 1259 2078 μὲν
1302 2003 1526 2079 κομώσῃ
1579 2009 1656 2076 τῷ
1714 2011 1942 2084 φυσικῷ,

297 2093 503 2153 πλείονι
537 2092 592 2150 δὲ
623 2092 886 2173 χρωμένη
932 2100 1010 2167 τῷ
1051 2101 1302 2172 τεχνητῷ
1337 2111 1354 2129 °
1402 2094 1463 2150 τὸ
1507 2092 1560 2149 δὲ
1616 2094 1713 2161 τῆς
1759 2099 1946 2173 ψυχῆς

294 2185 525 2254 ἀπήνθει
587 2184 674 2239 καὶ
735 2182 1075 2260 ἐμαραίνετο,
1129 2185 1330 2261 Χρυσὸς
1385 2180 1436 2238 δὲ
1482 2187 1548 2251 ἦν
1596 2183 1731 2258 αὗτῇ
1780 2183 1946 2247 πολὺς

297 2273 403 2348 μὲν
448 2276 476 2328 ὁ
505 2272 570 2328 τὸ
632 2273 790 2346 σῶμα
849 2277 1088 2346 κοσμῶν,
1121 2269 1288 2336 πολὺς
1331 2270 1387 2327 δὲ
1417 2274 1502 2328 καὶ
1531 2275 1561 2327 δ
1590 2275 1713 2336 ταῖς
1744 2273 1951 2353 χρείαις

298 2361 601 2437 ὑπηρετῶν,
662 2361 752 2416 καὶ
808 2358 1011 2428 πλῆθος
1054 2359 1358 2417 ἀκολούθων
1415 2366 1520 2417 τῶν
1549 2361 1646 2436 μὲν
1675 2383 1949 2439 προηγου-

308 2453 506 2526 μένων,
551 2456 659 2507 τῶν
714 2447 770 2503 δὲ
830 2453 919 2505 καὶ
978 2449 1340 2530 ἐφεπομένων.
1380 2455 1480 2516 Οἷς
1510 2448 1575 2518 δή
1600 2452 1686 2507 καὶ
1720 2450 1954 2525 μάλιστα

310 2541 376 2596 τὸ
430 2541 534 2597 τῶν
610 2542 791 2596 παθῶν
847 2537 1051 2618 ἔχοδσα
1103 2539 1204 2617 πῦρ
1264 2539 1630 2615 ἀναπτόμενον
1689 2541 1777 2597 καὶ
1835 2542 1953 2605 τοὺς

307 2629 532 2706 ἐραστὰς
563 2627 879 2707 ὑπαγομένη
916 2649 972 2683 νε
1021 2630 1108 2685 καὶ
1138 2628 1444 2701 ἐκκαίουσα,
1479 2629 1535 2684 ἐν
1565 2627 1806 2707 πόρναις,
1860 2629 1954 2686 οῗ-

306 2718 450 2794 μοιί
512 2717 680 2775 ἐτέλει
737 2718 825 2773 καὶ
880 2718 1069 2793 πρώτη
1117 2723 1221 2774 τῶν
1267 2719 1321 2774 ἐν
1373 2724 1443 2794 τῇ
1484 2717 1639 2775 πόλει
1676 2718 1955 2776 Μαινάδων

303 2809 723 2887 ὲπεγινώσκετο.
786 2803 955 2864 Ἀλλὰ
1008 2808 1110 2886 γαρ
1167 2808 1264 2865 οὒκ
1322 2806 1517 2886 ἤνεγκε
1581 2809 1767 2888 Κύριος
1805 2809 1956 2888 φύσιν

303 2899 397 2954 καὶ
448 2897 637 2977 ψυχὴν
705 2896 951 2974 γενναίαν
1008 2895 1430 2973 τυραννουμένην
1476 2898 1579 2953 ὑπὸ
1627 2906 1721 2956 τοῦ
1777 2920 1955 2965 πονηδ

305 2995 429 3067 ροῦ,
461 2988 522 3043 τό
552 3008 611 3042 τε
639 2984 836 3062 μέλλον
867 2986 1001 3056 ὀρῶν
1045 2986 1119 3048 ὡς
1150 2984 1252 3054 ἤδη
1285 2987 1475 3065 παρὸν,
1519 2986 1606 3041 καὶ
1649 2986 1743 3043 οἵα
1784 2986 1846 3042 ἂν
1902 2986 1955 3052 ἐξ

307 3078 437 3141 οἵας
492 3075 704 3155 γένοιτο
763 3074 1046 3154 προειδὼς,
1128 3076 1216 3130 καί
1271 3097 1322 3131 τι
1387 3076 1481 3132 καί
1532 3074 1712 3132 δοῦναι
1788 3075 1956 3133 θέλων

2028 1912 2350 1974 laederetur
2381 1908 2763 1989 pulchritudo
2793 1908 3033 1969 animm.
3085 1906 3202 1970 Sed
3236 1926 3369 1970 cum
3404 1909 3503 1970 illa
3538 1910 3679 1991 qui-

2029 2001 2166 2062 dem
2199 2000 2284 2061 illi
2316 1997 2678 2060 nainraliter
2707 1996 2878 2058 valde
2900 1997 3164 2077 ﬂoreret,
3202 1997 3462 2077 plurimo
3496 1999 3677 2061 etiam

2030 2098 2301 2153 uteretur
2327 2087 2602 2163 artiﬁcio,
2640 2086 3020 2168 pulchritudo
3070 2088 3287 2149 animae
3336 2105 3680 2152 marcesce-

2033 2178 2130 2241 bat
2163 2189 2222 2241 et
2250 2176 2661 2241 ﬂaccessebat.
2693 2174 2835 2237 Erat
2881 2192 3020 2237 vero
3071 2176 3125 2238 ei
3158 2176 3407 2238 multum
3438 2177 3680 2259 quidem

2031 2268 2202 2348 auri,
2263 2266 2418 2349 quod
2480 2284 2697 2347 corpus
2756 2264 3103 2346 exornabat,
3165 2266 3415 2328 multum
3476 2275 3680 2330 autem

2034 2359 2237 2435 etiam,
2292 2358 2451 2439 quod
2511 2356 2645 2435 ejus
2675 2355 2972 2418 serviebat
2999 2355 3234 2429 usibus,
3270 2363 3328 2417 et
3361 2356 3681 2420 multitudo

2037 2448 2461 2530 comitum,qui
2495 2445 2711 2525 partim
2741 2446 2983 2526 quidem
3017 2446 3682 2527 praecedebant,partim

2037 2546 2232 2600 autem
2263 2537 2690 2615 sequebantur.
2726 2534 2967 2609 Quibus
3011 2536 3252 2617 quidem
3284 2535 3467 2598 rebus
3496 2536 3681 2599 animi

2040 2627 2553 2706 perturbationum
2581 2626 2811 2687 habens
2832 2626 3029 2703 ignem
3053 2626 3309 2688 maxime
3337 2644 3682 2708 accensum,

2038 2717 2420 2796 illiciensque
2451 2725 2509 2778 et
2538 2732 2721 2776 urens
2776 2723 3105 2795 amatores,
3144 2714 3304 2777 inter
3334 2721 3685 2778 meretrices

2042 2807 2215 2886 (proh
2248 2805 2421 2867 dolor
2441 2807 2494 2886 l)
2524 2805 2700 2866 vitam
2726 2805 2939 2882 agebat
2961 2812 3021 2866 et
3037 2803 3475 2883 agnoscebatur
3493 2805 3690 2886 prima

2041 2895 2399 2967 Maenadum,
2435 2912 2570 2975 quae
2599 2902 2768 2955 erant
2811 2893 2874 2954 in
2918 2893 3180 2955 civitate.
3217 2891 3334 2956 Sed
3367 2894 3529 2957 enim
3565 2913 3685 2957 non

2039 2984 2176 3047 sivit
2204 2983 2363 3045 Deus
2390 3001 2742 3063 generosam
2773 2983 3035 3044 animam
3076 2990 3137 3045 et
3158 2989 3430 3046 naturam
3455 3002 3490 3045 a
3513 2984 3689 3046 mali-

2037 3081 2136 3154 gni
2169 3073 2429 3154 opprimi
2479 3073 2809 3155 tyrannide,
2846 3071 3112 3135 futurum
3163 3072 3374 3134 videns
3404 3081 3684 3152 tanquam

304 3180 428 3232 τοῖς
511 3166 667 3223 αὺτὸν
748 3162 1057 3239 σεϐομένοις
1135 3163 1471 3242 παράδειγμα
1546 3167 1621 3228 ὡς
1679 3166 1837 3245 ἀρκεῖ
1894 3168 1950 3223 τὸ

2039 3163 2201 3240 quod
2225 3163 2351 3243 jam
2384 3163 2643 3242 adesset,
2679 3170 2739 3224 et
2769 3162 3092 3264 praisciens
3143 3161 3334 3263 qualis
3390 3180 3464 3225 ex
3522 3164 3691 3242 quali

303 3255 533 3323 θελῆσαι
564 3257 728 3331 μόνον
757 3254 889 3331 πρὸς
930 3255 993 3310 τὸ
1022 3253 1261 3333 γενέσθαι
1291 3254 1558 3334 χρηστόν,

391 3525 480 3589 A’.
516 3524 613 3583 Καὶ
641 3521 706 3594 δή
737 3544 869 3581 ποτε
899 3529 992 3581 τοῦ
1022 3521 1076 3577 ἐν
1104 3520 1416 3602 Ἀντιοχείᾳ
1444 3523 1567 3581 τότε
1616 3525 1706 3581 τὸν
1758 3526 1960 3603 ἱερατι-

307 3619 407 3675 κόν
464 3612 735 3676 διέποντος
791 3610 972 3691 θρόνον
1003 3611 1139 3668 κατά
1167 3633 1285 3669 τινα
1323 3612 1512 3692 χρείαν
1541 3613 1664 3675 τοὺς
1690 3611 1780 3670 ὑπ’
1809 3613 1965 3671 αὐτὸν

312 3705 642 3767 ἐπισκόπους
702 3703 1094 3781 συναγαγόντος
1124 3701 1181 3757 ἐν
1208 3701 1297 3764 οἷς
1330 3700 1481 3760 ἄλλοι
1511 3723 1567 3758 τε
1595 3701 1786 3759 πολλοὶ
1828 3725 1966 3782 προ-

317 3795 547 3876 έχοντες
601 3798 708 3849 τῶν
738 3791 951 3849 πολλῶν
984 3794 1123 3860 ἦσαν
1171 3791 1260 3848 καὶ
1308 3788 1374 3859 δὴ
1415 3792 1503 3848 καὶ
1559 3792 1753 3857 Νόννος
1810 3792 1965 3872 ἀνὴρ,

316 3882 495 3943 τᾶλλα
532 3903 591 3938 τε
621 3882 921 3957 θαυμαστὸς
980 3881 1068 3938 καὶ
1111 3882 1202 3937 τὸν
1241 3880 1439 3956 τρόπον
1487 3880 1798 3960 ἆγγελικὸς.
1833 3883 1971 3940 Τού-

319 3996 429 4033 των
472 3972 567 4029 οὖν
607 3968 711 4038 ἤδη
749 3968 1170 4049 συνειλεγμένων
1199 3970 1289 4027 καί
1330 3991 1474 4035 τινος
1522 3977 1627 4027 τῶν
1684 3970 1740 4026 ἐν
1769 3977 1837 4049 τῇ
1866 3972 1968 4028 πό-

320 4065 405 4122 λει
456 4062 613 4137 νεῶν,
651 4061 944 4118 Ἰουλιανοῦ
974 4058 1031 4115 δὲ
1078 4060 1173 4116 τοῦ
1218 4060 1481 4139 μάρτυρος
1523 4061 1594 4128 ἦν
1640 4060 1817 4140 οὗτος,
1871 4063 1975 4141 πρὸ

325 4154 435 4212 τῶν
518 4150 699 4209 πυλῶν
782 4149 1152 4226 γαθεζομένων
1233 4153 1322 4207 καὶ
1399 4149 1828 4229 φιλοσοφούντων
1909 4153 1976 4208 τὰ

2041 3260 2200 3315 esset
2250 3270 2523 3327 evasura,
2581 3260 2640 3314 et
2696 3252 2907 3313 anens
2957 3250 3055 3327 iis,
3141 3251 3244 3331 qui
3316 3251 3515 3333 ipsum
3578 3271 3689 3317 co-

2041 3344 2193 3417 lunt,
2225 3342 2372 3404 dare
2403 3341 2639 3422 aliquod
2691 3340 3056 3422 exemplum,
3114 3341 3277 3422 quod
3308 3342 3503 3405 solum
3539 3344 3691 3407 velle

2044 3434 2218 3497 alicui
2250 3434 2512 3496 sufficiat
2539 3433 2612 3494 ad
2650 3434 2786 3510 hoc,
2819 3442 2886 3496 ut
2915 3434 3020 3497 ﬁat
3047 3433 3245 3496 bonus
3279 3437 3377 3509 (1).

2126 3523 2223 3586 lli.
2259 3523 2402 3587 Cum
2437 3524 2636 3605 itaque
2664 3524 2716 3584 is
2747 3524 2846 3604 qui
2886 3533 3025 3586 tunc
3068 3524 3405 3591 Antiochiae
3427 3525 3691 3589 admini-

2050 3614 2280 3676 strabut
2306 3613 2511 3675 sedem
2546 3613 2969 3693 pontificalem,
3005 3632 3115 3676 usu
3159 3614 3358 3697 aliquo
3382 3616 3460 3678 ita
3485 3626 3696 3697 postu-

2052 3704 2237 3780 lante,
2273 3720 2382 3764 eos
2412 3703 2510 3783 qui
2542 3702 2653 3763 sub
2687 3720 2753 3764 se
2783 3712 2979 3779 erant,
3010 3716 3426 3784 congregasset
3453 3707 3697 3787 episcoo

2056 3811 2185 3874 pos,
2237 3792 2396 3854 inter
2424 3810 2574 3872 quos
2634 3800 2831 3869 erant,
2864 3793 2967 3873 qui
3001 3796 3199 3857 multis
3229 3794 3606 3875 praestabant,
3641 3804 3701 3860 et

2056 3893 2183 3945 erat
2221 3888 2397 3944 etiam
2433 3882 2679 3943 Nonnus
2705 3882 2799 3943 vir
2830 3892 2890 3945 et
2917 3885 2980 3944 in
3013 3884 3245 3946 caeteris
3298 3884 3696 3960 admirabilis,

2055 3981 2116 4035 et
2146 3970 2410 4034 moribus
2465 3970 2789 4050 angelicus.
2824 3972 2969 4034 Cum
3030 3973 3072 4033 ii
3121 3982 3316 4037 autem
3342 3975 3467 4055 jam
3498 3984 3703 4038 essent

2054 4061 2393 4141 congregati
2411 4069 2469 4122 et
2489 4062 2775 4124 sederent
2795 4080 2902 4141 pro
2919 4062 3147 4124 foribus
3167 4064 3370 4145 templi
3385 4064 3701 4145 cujusdam

2056 4170 2126 4215 ex
2157 4155 2232 4213 iis
2261 4169 2395 4232 qua;
2428 4159 2595 4213 erant
2628 4150 2687 4212 in
2721 4151 2981 4227 civitate,
3016 4153 3077 4213 id
3108 4162 3302 4215 autem
3332 4163 3458 4217 erat
3483 4155 3704 4217 Juliani

329 4242 549 4320 θεοφιλῆ
595 4262 653 4299 τε
701 4241 791 4297 καὶ
831 4238 943 4298 ἅνω
994 4239 1223 4320 φέροντα
1278 4243 1376 4296 καὶ
1437 4240 1531 4298 τοῦ
1581 4241 1724 4321 ἱεροῦ
1781 4242 1949 4299 Νόννο

2064 4243 2358 4322 martyris,
2381 4240 2950 4323 philosopharentur
2970 4250 3165 4305 autem
3192 4242 3267 4305 de
3297 4243 3371 4306 iis
3406 4263 3537 4327 qua:
3568 4253 3706 4306 sunt

329 4331 633 4413 ψυχωφελῆ
683 4353 805 4388 τινα
854 4327 1194 4386 διδασκαλίαν
1252 4331 1384 4410 πρὸς
1436 4329 1627 4394 αὖτοὺς
1678 4331 1950 4397 μετιόντος

2063 4332 2160 4413 pia
2190 4341 2249 4393 et
2306 4348 2541 4392 sursum
2603 4330 2828 4407 ferunt,
2866 4340 2924 4394 et
2980 4342 3395 4396 sacrosanctus
3452 4335 3706 4398 Nonnus

324 4423 524 4502 παρῇει
576 4418 812 4498 Πελαγία
869 4423 936 4494 τῇ
994 4419 1210 4489 συνήθει
1245 4418 1509 4497 χρωμένη
1566 4420 1656 4476 καὶ
1698 4425 1864 4497 σιιευῇ
1893 4442 1950 4476 και

2063 4420 2378 4502 quamdam
2411 4421 2629 4482 animae
2667 4421 2872 4483 utilem
2925 4422 3078 4503 apud
3113 4443 3215 4486 eos
3245 4431 3710 4506 persequeretur

324 4511 498 4589 στολῇ
549 4510 637 4568 ἐπί
701 4530 846 4572 τινος
913 4508 1195 4587 ὀχήματος
1255 4508 1560 4589 καθημένη,
1636 4507 1866 4573 πολλοῖς
1924 4508 1950 4565 δ

2039 4510 2421 4596 ,doctrinam,
2447 4510 2703 4573 accessit
2732 4511 2976 4591 Pelagia
3005 4522 3185 4575 utens
3213 4523 3502 4577 consueto
3532 4530 3709 4596 appa-

324 4569 797 4681 παραπεμπομένη
833 4569 987 4655 tu!“
1004 4569 1096 4655 τὸν
1152 4569 1408 4664 πλησίον..
1457 4569 1588 4678 ἀέρια
1645 4569 1950 4679 καταχρωνι

2039 4569 3639 4684 ⁵ἕέιίιὶῖιῖᾇιῖίὦξέέέιὲηὲᾴίιῖἷη’τέᾷὂῖιεῖιὶὖὲιῖἰὲιιῖὅῗ
3652 4569 3711 4667 λ

324 4692 457 4751 νῧσά
484 4712 543 4747 τε
584 4691 674 4748 καὶ
730 4688 1043 4768 μυρίζουσα,
1080 4689 1143 4744 τὸ
1174 4688 1276 4762 μὲν
1324 4688 1394 4757 τῆ
1443 4693 1552 4744 τῶν
1596 4689 1774 4768 μύρων
1832 4691 1950 4766 όσμὶ

2063 4690 2265 4751 multis
2292 4699 2488 4751 autem
2521 4688 2934 4754 deducebatur
2962 4700 3022 4754 et
3074 4694 3474 4775 propinquum
3506 4711 3711 4757 aerem

324 4783 392 4841 τὺ
446 4779 503 4837 δὲ
557 4785 627 4856 τῇ
668 4779 773 4837 τῶν
839 4777 999 4835 λίθων
1061 4779 1150 4834 καὶ
1208 4778 1497 4858 μαργάρων
1548 4777 1710 4856 αὐγῇ,
1770 4780 1949 4845 Ταύτη

2063 4779 2371 4842 colorabat
2388 4787 2447 4841 et
2467 4779 2871 4860 perfundebat
2889 4789 3012 4844 tum
3033 4783 3218 4846 odore
3242 4792 3711 4866 unguentorum,

323 4880 418 4931 οὖν
475 4876 768 4948 παριοῦσαν
821 4867 1240 4945 ἆνερυθριάστως
1285 4866 1427 4924 οὕτω
1482 4868 1571 4924 καὶ
1635 4868 1841 4943 ἰταμῶς
1907 4871 1950 4926 ὡ

2064 4876 2189 4931 tum
2225 4869 2549 4950 splendore
2580 4871 3057 4948 margaritarum.
3086 4875 3252 4938 Hanc
3285 4893 3428 4955 ergo
3464 4882 3580 4936 tam
3616 4873 3715 4936 in-

329 4963 361 5018 ό
410 4960 520 5017 τῶν
570 4959 841 5035 ποιμένων
871 4955 1016 5015 εἶδεν
1048 4958 1215 5036 χορὸς
1247 4958 1295 5014 οἱ
1327 4958 1427 5033 μὲν
1452 4956 1628 5031 ἄλλοι,
1661 4956 1755 5014 εἴτε
1784 4955 1848 5025 δὴ
1880 4981 1950 5035 μη

2064 4958 2427 5033 verecunde,
2466 4969 2523 5021 et
2554 4969 2670 5021 tam
2697 4961 3081 5043 impudenter
3099 4964 3486 5027 accedentem
3506 4963 3718 5027 vidcns

329 5050 424 5109 δέν
477 5071 530 5106 τι
571 5048 734 5106 πλέον
787 5055 894 5105 τῶν
955 5047 1241 5127 ὁρωμένων
1303 5046 1523 5127 ἔχοντες
1599 5046 1804 5127 ἐνορᾷο,
1866 5049 1950 5137 θέα

2076 5058 2379 5130 pastorum
2407 5050 2650 5126 chorus,
2674 5051 2774 5112 alii
2799 5051 3140 5134 quidem,ut
3165 5054 3266 5133 qui
3298 5054 3449 5117 nihil
3480 5064 3722 5137 possent

331 5132 505 5199 αὐτῆς
558 5130 949 5210 κατεγίνωσκον
992 5126 1300 5208 πορνικὴν,
1336 5126 1470 5186 πκαὶ
1525 5126 1643 5185 οὐδὲ
1712 5126 1950 5206 προσιδει

2069 5126 2291 5201 intueri
2326 5144 2544 5218 praeter
2572 5156 2642 5201 ea
2696 5126 2839 5220 quae
2874 5126 3298 5226 cernebantur,
3354 5126 3724 5206 daninabant

333 5220 475 5287 ὅλως
529 5220 813 5297 ὑπέμενον,
872 5216 993 5275 ἀλλ’
1069 5217 1324 5296 ἠρυθρίων
1379 5220 1470 5275 καὶ
1517 5216 1934 5317 κᾶπεστρέφοντο

2070 5216 2377 5309 aspectum
2404 5230 2537 5309 ejus
2567 5216 2997 5310 meretricium,
3018 5241 3170 5296 etne
3192 5216 3564 5296 sustinebant
3584 5235 3723 5317 qui-

333 5310 535 5376 Νόννος
565 5308 620 5367 δε
646 5308 748 5385 ἄρα
777 5306 893 5385 ᾔδει
941 5307 1031 5365 καὶ
1085 5308 1151 5363 τὰ
1197 5307 1407 5365 ἐναντία
1445 5305 1709 5372 πολλάκις
1760 5310 1823 5365 ita.
1877 5309 1950 5367 τῶ

2071 5305 2210 5381 δέω
2234 5305 2483 5382 omnino
2512 5319 2806 5400 aspicere,
2867 5305 2990 5384 sed
3034 5322 3474 5387 erubescebant
3501 5331 3562 5385 et
3591 5305 3725 5387 eam

331 5401 589 5459 ἐναντίων
653 5399 1002 5477 κνρποῦσθαι,
1089 5397 1175 5453 καὶ
1260 5394 1326 5452 δι’
1405 5398 1469 5453 οὗ
1532 5395 1744 5476 κέντρον
1790 5395 1950 5465 ἡδονῆ

2073 5407 2528 5472 aversabantur.
2561 5394 2812 5473 Nonnus
2842 5420 3038 5474 autem
3073 5414 3174 5495 qui
3206 5414 3437 5478 sciebat
3483 5431 3558 5478 ex
3587 5432 3730 5479 cou-

329 5488 496 5557 ἄλλος
526 5492 591 5547 ἂν
619 5489 756 5552 ἴσως
787 5484 994 5553 ἐδέξατο
1024 5490 1094 5563 τῇ
1123 5489 1302 5565 ψυχῇ,
1336 5493 1491 5545 τοῦτο
1532 5484 1599 5554 δὴ
1644 5485 1797 5551 οὗτος
1829 5486 1950 5571 ἔσχε

2078 5498 2280 5561 trariis
2310 5517 2469 5581 saepe
2519 5499 2810 5580 colligere
2867 5484 3188 5584 contraria,
3248 5523 3357 5587 per
3383 5505 3541 5588 quod
3575 5505 3727 5570 alius

418 5663 1572 5812 δρῢξιὲξξὲίῇξὲἐἙοέεθέξξυιέοδῑτυω
1623 5684 1741 5730 non
1771 5673 2112 5754 pmveniat,
2144 5680 2253 5743 sed
2311 5688 2595 5762 sequatur
2627 5680 2879 5761 gratiam
2914 5682 3047 5762 Dei,
3082 5681 3215 5745 sine
3242 5702 3361 5765 qua
3390 5699 3502 5745 nec
3528 5682 3726 5766 ipsum

329 5741 497 5819 velle'
517 5746 745 5812 bonum
764 5741 1000 5809 habere
1033 5762 1368 5827 possumus.
