4086 6408
399 337 509 404 911
1598 329 1985 396 ΑΒΒΕΝΒΑ.
2058 359 2082 372 -

2201 323 2565 390 OCTOBER.
3651 319 3759 383 91?

397 473 554 537 forte
573 470 780 535 animo
801 468 1137 550 accepisset.
1167 468 1474 531 stimulum
1497 464 1954 546 voluptatis,hoc
1986 463 2036 524 is
2057 481 2082 521 Α

2173 463 2431 538 πέκκαυμά
2478 483 2530 518 τι
2589 463 2719 539 πρὸς
2773 459 2987 538 ἀρετὴν,
3036 457 3144 516 ἄνθ’
3201 461 3276 513 ὧν
3319 459 3407 514 καὶ
3437 458 3533 526 τῆς
3567 457 3764 536 πόρνης

401 560 608 624 habuit
629 547 965 641 quemdam
994 557 1261 622 fomitem
1293 557 1366 620 ad
1399 557 1700 619 virtutem.
1737 553 2044 628 Quamob-

2173 554 2223 609 ix
2271 553 2465 630 ἀφίστη
2524 558 2629 607 τῶν
2686 548 2996 630 ὀφθαλμῶν,
3043 547 3181 604 ἀλλὰ
3215 550 3303 604 καὶ
3340 548 3605 626 παρούσης
3638 549 3767 622 πρὸς

401 669 534 714 rem
554 648 607 714 is
621 636 666 711 a
676 647 992 712 meretrice
1011 666 1131 710 non
1151 644 1846 720 dimovebatoculos,sed
1866 643 2045 706 etiam
2062 710 2066 717 ,

2173 643 2292 710 ὒτὴν
2338 641 2478 718 ἐώρα
2508 640 2709 713 ἀτενὲς,
2745 640 2833 696 καὶ
2864 639 3131 705 ἀπιούσης
3163 639 3316 703 αὐτος
3367 637 3443 693 ἔτι
3495 641 3594 703 τῆς
3652 636 3772 698 θέας

407 759 541 803 cum
575 739 678 802 illa
703 738 943 801 adesset
983 738 1099 800 fixo
1151 736 1360 800 obtutu
1382 735 1573 818 ipsam
1603 733 1956 816 aspiciebat,
1991 740 2049 794 et
2131 731 2342 811 εἴχετο.

409 847 541 893 cum
563 826 914 909 abiret,ipse
933 827 1127 890 adhuc
1148 845 1281 890 eam
1311 825 1603 908 pergebat
1628 821 2042 904 contemplari.

488 918 590 981 IV.
621 902 850 980 Deinde
877 917 1048 979 valde
1072 902 1474 995 ingemiscens
1505 921 1565 977 et
1586 914 1844 978 suffusus
1867 902 2051 991 lacry-

2217 909 2300 968 Δ’.
2365 909 2500 966 Εἶτα
2555 909 2639 963 καὶ
2693 907 2830 986 μέγα
2893 905 3142 972 στενάξας
3195 909 3281 963 καὶ
3335 905 3571 984 δακρύων
3629 902 3781 969 πλη-

410 1008 523 1070 mis
543 1007 810 1087 seipsum
838 1005 1098 1070 deﬂebat
1118 1008 1207 1070 vir
1228 1005 1460 1086 beatus,
1493 1013 1552 1066 et
1580 1004 1743 1067 illius
1778 1009 2049 1064 ornatum

2173 1001 2272 1064 θεὶς
2359 999 2546 1054 ἑαυτὸν
2635 1001 2662 1054 ὁ
2748 998 3007 1075 μακάριος
3107 996 3446 1076 ἀπεκλαίετο,
3519 996 3607 1050 καὶ
3691 995 3787 1049 τὸν

410 1083 834 1160 ἀίοεῢσίευοω
862 1115 994 1160 esse
1018 1083 1604 1170 condemnationem,
1633 1091 1928 1173 siquidem
1949 1090 2055 1151 illa

2173 1090 2343 1155 κείνης
2399 1087 2783 1162 καλλωπισμὸν
2843 1088 3150 1160 κατάκρισιν
3194 1086 3375 1163 ἔλεγεν
3434 1086 3643 1154 ἑαυτοῦ,
3701 1083 3789 1138 εἴ·

410 1205 617 1250 amans
645 1187 887 1268 quidem
919 1187 1265 1269 corpora,in
1289 1204 1421 1267 quae
1441 1185 1599 1248 cadit
1619 1183 1921 1260 interitus,
1955 1180 2053 1241 id-

2173 1199 2238 1256 εερ
2292 1177 2466 1243 ἐγείνη
2499 1177 2595 1252 μὲν
2629 1177 2890 1252 σωμάτων
2935 1176 3108 1255 ἐρῶσα
3156 1180 3396 1256 φθαρτῶν
3450 1175 3543 1230 καί
3617 1173 3791 1228 ταῦτα

412 1295 530 1358 que
558 1276 633 1338 ad
655 1261 744 1337 sui
768 1261 1078 1338 interitum
1097 1261 1424 1353 veramque
1456 1293 1524 1336 ac
1557 1288 1902 1353 germanam
1947 1269 2056 1330 ha-

2173 1269 2226 1324 πὶ
2256 1266 2399 1342 λύμη
2432 1273 2500 1342 τῇ
2544 1267 2736 1332 ἑαυτῆς
2793 1267 2882 1322 καί
2941 1287 2990 1321 τι
3049 1268 3267 1341 γνήσιον
3333 1265 3535 1344 ἔχουσα
3591 1261 3797 1326 κάλλος

411 1349 562 1429 hens
593 1365 1098 1448 pulchritudinem
1130 1364 1194 1427 in
1223 1349 1348 1427 suis
1399 1349 1687 1427 membris
1718 1363 2056 1448 ﬂorentem,

2175 1368 2258 1418 οῖς
2319 1356 2530 1430 μέλεσιν
2580 1354 2857 1433 ἐπανθοῦν,
2921 1353 3068 1427 ὅμως
3128 1357 3221 1412 οὒκ
3303 1353 3531 1410 ἀποκνεῖ
3602 1349 3796 1416 ἐπιδη-

411 1475 534 1518 non
563 1441 874 1517 dubitabat
922 1462 1123 1517 tamen
1173 1454 1430 1516 naturali
1481 1448 1913 1534 pulchritudini
1946 1447 2059 1509 ali-

2173 1453 2468 1524 ιιουργοῦσα
2499 1450 2575 1516 τῷ
2617 1445 2822 1523 φυσικῷ
2862 1442 3044 1499 κάλλει
3095 1445 3183 1500 καὶ
3238 1441 3647 1521 ἐπιτεχνωμένη
3703 1441 3802 1496 καί

415 1544 561 1628 quid
593 1542 974 1607 architectari
1030 1551 1090 1606 et
1143 1543 1394 1607 artiﬁcio
1452 1532 1807 1623 adjungere,
1841 1546 1902 1602 et
1932 1556 2060 1629 eam

2173 1557 2252 1591 ‘t‘Jt
2310 1542 2464 1592 τοῦτο
2524 1547 2808 1612 μηχαναῖς
2868 1532 3333 1611 ἐπιλαμπρύνουσα
3404 1535 3490 1589 καὶ
3547 1533 3796 1608 ὑπογρα-

417 1618 776 1717 quibusdam
811 1634 1102 1697 machinis
1160 1642 1220 1696 et
1264 1618 1777 1714 descriptionibus
1809 1628 2066 1691 reddere

2173 1637 2275 1684 ut:
2305 1624 2398 1679 ’ίνα
2440 1622 2617 1698 κλέψῃ
2648 1620 2843 1687 δούλην
2877 1623 3064 1700 πικρὰν
3097 1620 3315 1691 ἡδονήν,
3355 1618 3543 1696 Ἠμεῖς
3590 1618 3670 1698 δέ,
3704 1621 3805 1680 οἷς

419 1709 914 1805 splendidiorem,
949 1731 1017 1786 ut
1071 1741 1332 1786 amaram
1366 1709 1626 1801 aliquam
1655 1719 1772 1781 sibi
1801 1718 2062 1780 sulfure—

2173 1715 2248 1770 ιὲν
2305 1713 2559 1776 ἀθάνατος
2645 1712 2672 1767 ὀ
2759 1711 3048 1790 ἐρωμενος,
3125 1714 3410 1790 προσθήσω
3467 1709 3511 1765 δ’
3569 1711 3649 1766 ὅτι
3710 1711 3809 1765 καὶ

422 1798 519 1876 tur
563 1798 945 1893 voluptatem.
1005 1811 1125 1876 Nos
1187 1821 1384 1876 autem
1447 1798 1666 1893 quibus
1717 1807 2066 1900 immortalis

2173 1803 2402 1881 ραστὴς,
2434 1802 2692 1865 ἀθάνατος
2724 1799 2778 1857 δὲ
2811 1803 2837 1857 ὁ
2871 1802 3108 1880 νυμφὼν,
3144 1803 3178 1868 ἡ
3209 1799 3262 1856 δὲ
3295 1801 3454 1880 χάρις
3479 1813 3594 1862 τοῖς
3626 1798 3805 1862 ὅντως

421 1901 663 1980 quidem
698 1889 787 1964 est
815 1903 866 1963 is
914 1901 1016 1984 qui
1047 1910 1299 1979 amatur,
1333 1889 1649 1982 adju—ngam
1683 1898 1860 1961 etiam
1895 1915 2064 1959 ama-

2173 1891 2683 1965 ιεκαλλωπισμένοις
2743 1890 2881 1966 μηδὲ
2956 1893 3298 1969 γηράσκουσι
3359 1900 3608 1948 τοσοῦτον
3664 1889 3812 1944 ἀπέ-

421 2002 516 2055 tor
546 1991 961 2073 thalamusque
987 1991 1370 2075 immortalis,
1402 1999 1461 2053 et
1490 1989 1680 2071 gratia
1700 1989 1774 2050 iis
1797 1987 1897 2070 qui
1928 2003 2067 2048 vere

420 2089 561 2146 sunt
581 2080 775 2143 ornati
800 2099 919 2143 non
943 2099 1404 2157 consenescens,
1425 2088 1652 2143 tantum
1672 2077 1840 2140 abest
1869 2079 1934 2140 ut
1961 2094 2066 2138 or-

422 2188 638 2235 nemus
664 2169 950 2246 animam,
984 2183 1047 2234 ut
1103 2190 1224 2233 non
1256 2170 1683 2234 erubescamus
1712 2168 1890 2230 etiam
1925 2183 2068 2248 pro-

423 2259 535 2324 bro
565 2259 811 2323 afﬁcere
842 2263 1171 2325 naturalem
1217 2261 1346 2340 ejus
1380 2258 1912 2342 pulchritudinem.
1950 2255 2067 2319 Sed

428 2349 796 2415 contumelia
823 2369 932 2412 nos
962 2355 1125 2432 ipsos
1155 2350 1477 2426 efficimus,
1513 2356 1572 2411 et
1617 2347 1691 2410 ab
1724 2347 1828 2410 illa
1856 2345 2070 2408 ineffa-

426 2439 537 2502 bili
565 2447 626 2500 et
653 2438 996 2502 admirabili
1027 2459 1136 2504 nos
1187 2439 1613 2502 miserabiliter
1664 2454 1938 2499 arcemus
1968 2453 2072 2495 vo-

431 2529 681 2610 luptate,
711 2527 892 2610 idque
949 2547 1085 2591 cum
1137 2547 1258 2592 non
1303 2529 1676 2609 ignoremus,
1707 2526 1868 2608 quod
1903 2522 2077 2586 nobis

431 2617 741 2699 impendet
768 2617 1127 2699 supplicium
1159 2626 1220 2682 et
1249 2636 1382 2700 qua;
1409 2625 1548 2679 sunt
1577 2616 1699 2678 illic
1753 2621 2072 2676 tormenta.

432 2707 534 2770 Sic
564 2706 664 2770 ille
694 2705 963 2789 quidem,
997 2726 1116 2770 non
1158 2707 1379 2788 solum,
1434 2714 1498 2769 ut
1526 2705 1805 2778 arbitror,
1837 2703 2078 2765 intuens

435 2795 510 2859 ad
540 2796 621 2872 id,
655 2796 813 2877 quod
845 2795 1073 2878 aderat,
1099 2797 1205 2861 sed
1242 2798 1368 2877 jam
1392 2797 1568 2858 etiam
1593 2795 1853 2857 futurum
1879 2799 2079 2854 mente

435 2884 792 2969 prmvidens,
823 2893 882 2948 et
911 2889 1108 2950 sciens
1138 2887 1295 2968 quod
1359 2904 1478 2948 non
1511 2885 1696 2947 multo
1731 2890 1862 2965 post
1891 2899 2077 2963 supe-

434 2975 727 3039 rabuntur
747 2976 928 3040 etiam
947 2977 1020 3040 ab
1042 2978 1174 3058 ejus
1191 2977 1409 3040 animai
1431 2974 1896 3057 pulchritudine,
1921 2983 1984 3035 et
2006 2973 2080 3035 ad

440 3070 770 3129 certamina
791 3067 1081 3148 spiritalia
1101 3067 1460 3130 videbuntur
1499 3065 1719 3129 cedere
1749 3063 2077 3127 meretrici.

439 3156 598 3239 quod
631 3156 872 3237 quidem
906 3157 963 3218 ei
991 3155 1483 3238 praesignificabat
1511 3154 1709 3217 divina
1738 3154 1863 3216 haec
1894 3160 1956 3214 et
1983 3153 2084 3215 ad-

441 3244 736 3308 mirabilis
765 3262 802 3307 a
832 3248 956 3308 Deo
985 3247 1157 3311 visio.

528 3337 602 3398 V.
635 3333 1004 3396 Videbantur
1032 3334 1446 3407 Nonnus,cum
1479 3335 1742 3398 divinum
1776 3349 2088 3416 peragere-

441 3434 540 3488 tur
572 3422 992 3496 ministerium,
1027 3423 1157 3502 ipse
1187 3423 1430 3504 quidem
1483 3434 1641 3488 stare
1669 3423 1742 3486 ad
1775 3422 2086 3486 sinistrum

445 3530 631 3576 cornu
661 3512 886 3589 altaris,
921 3512 1189 3592 quaedam
1219 3521 1415 3576 autem
1443 3513 1723 3578 columba
1772 3513 1892 3575 luto
1940 3510 2089 3574 illita

446 3621 581 3666 eum
609 3602 1065 3682 circumvolare,
1096 3617 1157 3665 et
1209 3623 1330 3666 non
1382 3604 1552 3668 facile
1609 3603 1920 3677 recedere,
1981 3600 2084 3664 sed

447 3711 633 3776 prope
668 3691 863 3754 volare
894 3701 948 3754 et
1008 3692 1063 3754 ei
1119 3693 1454 3757 molestiam
1508 3693 1822 3775 exhibere,
1849 3700 1909 3756 et
1937 3699 2088 3754 tetro

447 3782 632 3846 odore
667 3782 979 3844 maximam
1009 3781 1227 3846 afferre
1260 3784 1584 3858 tristitiam,
1615 3792 1674 3846 et
1723 3785 1849 3846 haec
1898 3782 2090 3844 donec

450 3871 865 3936 catechumeni
889 3881 1242 3936 vocarentur
1273 3893 1309 3936 a
1338 3873 1669 3938 sacerdote.
1705 3873 1855 3946 Quid
1889 3880 2088 3934 autem

447 3970 653 4045 postea
675 3971 763 4024 est
783 3970 1170 4024 consecutum
1195 3962 1219 4026 ἲ
1266 3962 1398 4044 Ipsa
1419 3964 1659 4046 quidem
1690 3983 1809 4027 non
1834 3979 2091 4044 appare-

447 4051 571 4128 bat,
599 4050 860 4131 quandiu
900 4051 1129 4115 duravit
1183 4061 1417 4135 tempus
1449 4055 1871 4134 mysteriorum
1906 4059 1965 4114 et
1997 4061 2091 4112 to-

451 4141 565 4203 tius
589 4140 1024 4203 ministerii.Eo
1055 4150 1251 4205 autem
1279 4143 1402 4222 jam
1439 4151 1704 4224 peracto,
1731 4142 1845 4224 ipsi
1875 4160 1910 4202 a
1935 4150 2087 4202 tem-

449 4230 548 4312 plo
571 4230 923 4310 egredienti,
956 4251 1090 4294 cum
1123 4232 1331 4294 fuisset
1353 4233 1414 4293 in
1448 4233 1676 4307 limine,
1706 4233 1915 4294 eadem
1948 4248 2086 4291 rur-

449 4339 550 4383 sus
580 4319 858 4382 columba
887 4321 1271 4402 apparuit,ita
1295 4321 1539 4400 quidem
1573 4338 1639 4384 se
1667 4320 1895 4383 habens
1925 4327 1984 4379 et
2011 4318 2091 4380 ita

449 4410 693 4489 faciens,
727 4411 919 4472 donec
951 4418 1227 4490 porrecta
1254 4411 1519 4486 dextera,
1545 4428 1676 4473 eam
1708 4427 1891 4471 manu
1911 4425 2089 4470 acce-

452 4509 635 4582 ptam,
661 4499 903 4563 demisit
929 4498 991 4560 in
1019 4499 1315 4561 lavacrum
1343 4517 1496 4578 aqua
1533 4500 1797 4579 plenum.
1825 4497 1931 4560 Illa
1955 4514 2090 4558 vero

2151 2004 2324 2063 χομεν
2380 1984 2480 2037 τὴν
2537 1982 2793 2037 ἀθάνατον
2853 1979 3207 2051 καλλωπίζειν
3271 1983 3478 2060 ψυχὴν,
3530 1979 3668 2036 ὥστε
3702 1981 3808 2034 καί

2154 2075 2212 2129 τὸ
2268 2073 2482 2152 φυτικὸν
2545 2075 2706 2136 αὐτῆς
2765 2069 2962 2134 κᾶλλος
3023 2071 3365 2148 αἰσχύνοντες
3399 2071 3494 2125 οὒκ
3522 2073 3812 2148 inualu-

2156 2164 2374 2236 νόμεθα,
2435 2159 2555 2215 ἀλλ’
2599 2157 2936 2237 ἐφυϐρίζομεν
2997 2161 3236 2234 ἑαυτοὺς,
3297 2161 3385 2216 καὶ
3441 2164 3539 2228 τῆς
3601 2157 3811 2228 ἡδονῆς

2154 2251 2361 2316 ὲκεινης
2435 2255 2532 2314 τῆς
2619 2247 2917 2326 ἂπορῤήτου
2988 2250 3074 2304 καὶ
3163 2253 3469 2323 θαυμαστῆς
3558 2247 3813 2313 ἐλεεινῶς

2156 2339 2540 2417 ἀπειργόμεθα,
2589 2339 2869 2394 καὶταῦτα
2902 2336 3039 2413 μηδὲ
3089 2339 3188 2405 τὴν
3239 2338 3616 2412 ἔπηρτημένην
3665 2341 3815 2413 ἡμῖν

2158 2431 2465 2508 ἀγνοοῦντες
2556 2427 2774 2484 κόλασιν
2859 2430 2946 2484 καὶ
3033 2429 3098 2484 τὰ
3173 2429 3376 2484 ἐκεῖθεν
3425 2426 3809 2506 δικαιωτήρια,

2161 2519 2313 2578 Οὕτω
2373 2519 2470 2594 μὲν
2531 2517 2736 2583 ἐκεῖνος
2781 2519 2841 2574 οὗ
2874 2517 3035 2592 μόνον
3077 2519 3209 2595 πρός
3256 2539 3317 2595 γε
3359 2519 3420 2574 τὸ
3461 2521 3628 2596 παρὸν
3659 2519 3813 2575 ἀπο-

2158 2605 2392 2687 ϐλέπων,
2425 2610 2498 2671 ὡς
2531 2609 2801 2680 πείθομαι,
2848 2605 2968 2663 ἀλλ’
2998 2606 3101 2674 ἤδη
3133 2609 3219 2664 καὶ
3250 2609 3310 2664 τὸ
3360 2607 3557 2684 μέλλον
3599 2615 3677 2682 τῷ
3737 2616 3818 2683 νῷ

2161 2704 2424 2777 προορῶν,
2485 2699 2574 2752 καὶ
2630 2695 2778 2762 εἰδὼς
2821 2699 2894 2760 ὡς
2947 2701 3005 2756 οὗ
3062 2698 3198 2772 μετὰ
3254 2696 3390 2753 πολὺ
3436 2701 3521 2755 καὶ
3561 2706 3656 2755 τοῦ
3709 2699 3818 2767 τῆς

2162 2792 2348 2868 ψυχῆς
2407 2790 2572 2854 αὐτῆς
2620 2788 3011 2857 ἡττηθήσονται
3055 2786 3283 2851 κάλλους
3325 2787 3424 2844 καί
3468 2791 3669 2867 πόρνης
3720 2793 3819 2846 θα-

2164 2886 2370 2936 νοϋνται
2414 2878 2545 2955 πρὸς
2591 2877 2805 2954 ἀγῶνας
2859 2878 3248 2952 πνευματικοὺς
3324 2875 3577 2957 δεύτεροι.
3615 2879 3686 2937 “Ο
3743 2877 3814 2946 δὴ

2163 2971 2261 3024 καὶ
2322 2966 2600 3046 ὀνειράτων
2659 2965 2781 3040 ὄψις
2827 2967 2970 3038 αὒτῷ
3013 2964 3335 3041 προεδείκνυ,
3397 2970 3482 3023 καὶ
3535 2969 3569 3036 ἡ
3629 2967 3815 3046 ὅρασις

2164 3055 2339 3114 τοιάδε
2372 3078 2451 3121 τις
2480 3055 2592 3112 θεία
2621 3056 2707 3111 καὶ
2734 3055 3011 3131 θαυμαστὴ
3039 3058 3126 3112 καὶ
3156 3057 3298 3134 παρὰ
3331 3063 3484 3114 Θεοῦ.

2250 3323 2331 3384 Ε⁹.
2394 3321 2604 3382 Ἐδόκει
2662 3325 2761 3393 τῆς
2821 3327 2961 3388 θείας
3019 3323 3347 3406 λειτουργίας
3416 3326 3742 3406 τελόυμένης
3788 3331 3817 3386 ὃ

2171 3414 2366 3480 Νόννος
2411 3414 2564 3480 αὒτὸς
2620 3413 2716 3490 μὲν
2777 3422 2856 3489 τῷ
2903 3421 3039 3489 λαιῷ
3089 3415 3266 3493 κέρατι
3311 3426 3404 3476 τοῦ
3445 3421 3821 3497 θυσιαστηρίου

2173 3504 2603 3582 παρεστηκέναι,
2664 3507 2976 3585 περιστερὰν
3026 3503 3080 3561 δὲ
3132 3503 3602 3587 βεϐορϐορωμένην
3655 3508 3825 3566 αὐτὸν

2175 3594 2541 3674 περιπέτεσθαι
2571 3596 2659 3651 καὶ
2689 3594 2825 3671 μηδὲ
2881 3593 3065 3672 ῥᾳδίως
3112 3597 3451 3678 ἀφίστασθαι,
3499 3598 3636 3655 ἀλλὰ
3666 3597 3823 3667 πλη-

2174 3685 2284 3741 σίον
2332 3681 2585 3742 ίπτασθαι
2643 3686 2729 3742 καὶ
2779 3682 3031 3764 διοχλεῖν
3074 3687 3161 3742 καὶ
3213 3689 3398 3766 μυρίαν
3441 3689 3687 3766 ἐμποιεῖν
3755 3697 3827 3768 τῇ

2174 3772 2396 3848 δυσωδίᾳ
2425 3775 2524 3841 τὴν
2555 3772 2766 3846 ἀηδίαν,
2799 3776 2887 3831 καὶ
2915 3781 3080 3832 ταῦτα
3128 3775 3291 3857 μέχρι
3339 3783 3436 3846 τῆς
3491 3785 3598 3835 τῶν
3640 3802 3827 3848 κατη-

2175 3863 2458 3946 χουμένων
2495 3865 2632 3944 παρὰ
2662 3871 2756 3921 τοῦ
2784 3865 2964 3943 ἱερέως
3017 3865 3423 3944 προσκλήσεως.
3457 3870 3527 3926 Τὸ
3579 3867 3632 3925 δὲ
3686 3873 3831 3946 μετὰ

2175 3965 2341 4015 ταῦτα
2371 3954 2421 4010 τί
2452 3973 2469 4034 ;
2505 3954 2743 4032 Ἀφανης
2803 3964 2901 4030 μὲν
2961 3953 3094 4023 αὕτη
3140 3957 3265 4013 ὅσον
3307 3958 3336 4014 ὀ
3382 3961 3488 4016 τῶν
3517 3962 3831 4040 μυστηρίων

2175 4046 2262 4101 καὶ
2293 4045 2472 4111 πάσης
2530 4048 2628 4111 τῆς
2688 4045 3013 4122 λειτουργίας
3079 4045 3276 4127 ἐπεῖχε
3320 4050 3504 4128 καιρός
3539 4069 3554 4086 ·
3605 4047 3712 4117 ἤδη
3771 4049 3832 4107 δὲ

2173 4134 2371 4200 ταύτης
2429 4131 2765 4200 τελεσθείσης
2815 4131 3153 4213 ὲΞερχομένῳ
3199 4144 3292 4194 τοῦ
3350 4141 3487 4213 ιεροῦ
3517 4140 3602 4196 καὶ
3658 4161 3824 4217 γενο-

2174 4223 2318 4298 μένῳ
2345 4223 2477 4303 πρὸς
2519 4227 2587 4298 τῇ
2617 4221 2765 4302 φλιᾷ,
2801 4222 2961 4279 πάλιν
2989 4225 3090 4293 τὴν
3153 4227 3315 4295 σῦτὴν
3371 4233 3600 4307 φανῆναι
3658 4252 3822 4306 περι-

2176 4314 2362 4390 στερὰν
2413 4311 2551 4371 οὕτω
2615 4312 2712 4388 μὲν
2771 4311 3024 4394 ἔχουσαν,
3086 4315 3224 4372 οὕτω
3283 4315 3336 4373 δὲ
3394 4319 3482 4374 καὶ
3540 4329 3824 4396 ποιοῦσαν,

2175 4403 2368 4481 μέχρις
2427 4404 2488 4459 οὗ
2540 4402 2711 4468 τείνας
2763 4402 2859 4470 τὴν
2903 4401 3071 4470 δεξιὰν
3126 4407 3212 4463 καὶ
3266 4408 3463 4476 ταύτης
3523 4407 3821 4485 λαϐόμενος
3865 4477 3876 4481 _

2173 4496 2243 4566 τῇ
2301 4492 2449 4570 χειρί
2511 4495 2740 4559 καθῆκεν
2809 4495 2974 4561 αὐτὴν
3031 4495 3116 4552 ἐπὶ
3175 4498 3266 4552 τὸν
3341 4497 3574 4579 λουτῆρα
3632 4499 3822 4566 ὕδατος

452 4579 737 4670 deinceps
762 4588 988 4649 alarum
1017 4588 1228 4668 ejectis
1256 4587 1559 4663 sordibus,
1584 4587 1800 4652 volavit
1830 4595 1888 4648 in
1915 4587 2082 4648 aethe-

2176 4579 2300 4637 ὄντα
2358 4579 2802 4660 πεπληρωμένον.
2875 4583 3102 4652 Κάκείνη
3171 4585 3358 4644 λοιπὸν
3435 4596 3542 4646 τῶν
3613 4597 3824 4669 πτερῶν

450 4696 520 4740 ra
547 4685 606 4739 et
633 4679 707 4738 ad
739 4683 961 4738 tantam
1024 4676 1292 4758 pervenit
1323 4675 1721 4754 altitudinem,
1757 4685 1822 4740 ut
1856 4695 1932 4739 ne
1961 4676 2090 4758 ipse

453 4766 696 4847 quidem
725 4773 927 4846 posset
953 4767 1026 4827 ad
1085 4785 1215 4830 eam
1263 4767 1604 4849 pertingere
1634 4767 1842 4832 oculis.
1875 4766 2000 4830 Hoc
2030 4766 2090 4828 id

455 4857 613 4938 quod
643 4857 905 4918 futurum
940 4863 1087 4932 erat,
1122 4857 1286 4939 prius
1317 4858 1657 4941 descripsit,
1675 4866 1732 4922 et
1761 4857 1922 4938 quod
1953 4876 2093 4920 noc-

456 4955 515 5008 tu
544 4945 764 5008 factum
798 4953 908 5026 est,
943 4947 1332 5028 praeﬁguravit
1355 4947 1439 5029 id,
1475 4949 1636 5030 quod
1669 4957 1796 5012 erat
1823 4948 2090 5011 futurum

452 5035 735 5098 interdiu.

537 5123 632 5184 Vl.
667 5124 812 5187 Cum
846 5143 1019 5190 mane
1047 5145 1186 5208 ergo
1229 5129 1612 5203 surrexisset,
1647 5134 1705 5190 et
1735 5126 2092 5208 quibusdam

455 5218 938 5278 communicasset
959 5223 1257 5291 visionem,
1290 5224 1446 5280 venit
1467 5222 1698 5294 quidem
1723 5223 1780 5279 in
1813 5221 2092 5293 templum

455 5301 632 5365 simul
663 5321 798 5366 cum
825 5305 958 5367 aliis
987 5306 1348 5388 pastoribus,
1380 5324 1516 5369 cum
1543 5312 1739 5368 autem
1769 5305 1997 5369 Novum
2031 5307 2091 5370 in

455 5409 668 5454 manus
715 5394 1065 5476 sumpsisset
1113 5393 1583 5473 Testamentum,
1643 5394 1935 5469 divinum,
1993 5397 2092 5458 in-

456 5499 654 5564 quam,
687 5482 1093 5563 Evangelium,
1129 5503 1262 5546 cum
1294 5484 1354 5546 id
1401 5485 1456 5546 ei
1500 5484 1781 5566 jussisset
1812 5487 2092 5568 princeps

453 5579 676 5653 pastor,
711 5572 787 5635 ob
812 5592 943 5636 eam
967 5591 1096 5654 qua:
1118 5573 1181 5634 in
1204 5573 1331 5654 ipso
1354 5583 1483 5636 erat
1527 5572 1786 5656 Spiritus
1815 5577 2088 5656 gratiam,

453 5661 674 5748 populo
707 5671 802 5729 est
825 5661 1281 5730 sermocinatus.
1312 5663 1408 5733 Fit
1439 5683 1580 5746 ergo
1623 5664 1705 5745 id,
1740 5665 1900 5749 quod
1931 5686 2090 5731 nun-

2175 4668 2518 4729 ἀπολαόοὖσα
2593 4672 2684 4728 τὸν
2757 4670 3054 4749 μολυσμὸν,
3119 4676 3342 4755 αἱθέριος
3412 4677 3634 4756 ἵπτατο,
3720 4668 3821 4738 καί

2178 4761 2305 4838 πρὸς
2335 4763 2582 4818 τοσοῦτον
2625 4759 2761 4838 ὕψος
2797 4761 3034 4843 ἐφέρετο,
3068 4768 3197 4842 πρὸς
3227 4766 3255 4822 8
3307 4767 3442 4844 μηδὲ
3500 4773 3654 4836 αὐτὸς
3702 4771 3824 4836 οἶός

2175 4871 2232 4906 τε
2295 4851 2358 4918 ἦν
2399 4850 2714 4916 ἐξικνεῖσθαι
2743 4860 2866 4916 τοὺς
2917 4853 3247 4934 ὀφθαλμοὺς.
3301 4863 3466 4916 Τοῦτο
3521 4861 3583 4916 τὸ
3614 4860 3824 4936 μᾶλλον

2176 4941 2596 5023 προεζωγράφει,
2657 4943 2744 4998 καὶ
2793 4943 2854 4998 τὸ
2905 4943 3196 5020 γενόμενον
3253 4946 3308 5004 ἐν
3367 4953 3508 5006 νυκτὶ
3559 4957 3652 5007 τοῦ
3702 4952 3822 5028 μεθ’

2177 5032 2377 5110 ἡμέραν
2407 5032 2472 5100 ἧν
2500 5031 2859 5109 γενησομένου
2888 5033 3248 5111 προτύπωσις.

2253 5120 2358 5196 ς’.
2411 5122 2616 5180 ’Ἐωθεν
2658 5121 2745 5179 οὖν
2794 5125 2821 5178 ὁ
2865 5123 3002 5203 ἱερὸς
3035 5124 3168 5205 ἀνὴρ
3205 5126 3434 5194 ἀναστὰς
3465 5131 3554 5187 καί
3587 5153 3689 5189 τισι
3723 5133 3824 5201 τὴν

2175 5213 2360 5292 ὅρασιν
2415 5213 2809 5287 κοινωσάμενος
2869 5213 3171 5292 ἀγικνεῖται
3231 5217 3329 5293 μὲν
3391 5219 3475 5277 ἐπὶ
3547 5223 3637 5279 τὸυ
3698 5225 3822 5280 ναὸν

2175 5303 2288 5379 ἅμα
2327 5315 2446 5368 τοῖς
2497 5299 2683 5364 ἄλλοις
2740 5304 2981 5378 ποιμέσι,
3023 5301 3145 5372 ’τὴν
3187 5304 3241 5361 δὲ
3271 5309 3460 5376 καινὴν
3506 5312 3592 5368 επὶ
3623 5326 3822 5393 χεῖρας

2181 5392 2479 5464 Διαθῆκην,
2540 5392 2602 5447 τὸ
2660 5393 2830 5471 θεῖον,
2891 5394 3052 5472 φημὶ,
3111 5393 3290 5454 λαϐὼν
3349 5392 3672 5479 Εὖαγγέλιον
3739 5410 3824 5460 τοῦ

2175 5482 2564 5562 ἆρχιποιμένος
2594 5483 2736 5555 αὐτῷ
2789 5481 3192 5560 ἐπιτρέψαντος,
3228 5485 3313 5543 διὰ
3340 5488 3437 5557 τῆς
3471 5491 3524 5544 ἐν
3555 5491 3698 5565 αυτῷ
3730 5500 3822 5550 τοῦ

2178 5572 2484 5647 Πνεύματος
2537 5570 2759 5650 χάριτος
2812 5584 2928 5636 τοῖς
2961 5572 3119 5633 λαοῖς
3150 5575 3371 5652 ὡμίλει,
3408 5580 3610 5639 Γίνεται
3643 5585 3754 5652 οὗ),
3793 5583 3821 5637 ὃ

2174 5662 2252 5738 μὴ
2310 5631 2579 5739 πρότερος
2618 5631 2708 5717 λαὶ
2746 5631 2970 5741 πρᾶγμα
2998 5631 3114 5720 τῶν
3148 5631 3820 5747 ςὲᾲιιλέτιξρέᾷέ’ξιζ›ν”ῥξ›δὲ
