4086 6408
303 361 420 427 913

1623 365 1808 429 VITA
1853 366 1912 429 S.
1968 365 2346 430 PELAGI/E.

3572 371 3688 438 914

301 493 565 566 συνήθων,
625 497 732 550 τῶν
786 493 938 573 ἱερών
989 495 1253 574 ακροατὴς
1309 494 1508 574 λογων,
1569 495 1663 553 καῖ
1719 496 1771 554 τί
1839 499 1938 575 μὲν

2037 516 2195 594 luam
2217 497 2630 594 priusiesque
2657 497 2982 594 erat_pla_ne
3004 500 3310 584 insperata
3345 511 3403 566 et
3423 503 3679 594 insueta,

299 584 572 640 ακούσασα
619 585 683 640 τὰ
733 585 987 665 παρόντα,
1021 586 1073 641 τί
1121 584 1175 641 δὲ
1219 586 1286 642 τὰ
1316 584 1602 666 μέλλοντα,
1635 588 1723 644 καὶ
1765 588 1816 646 τί
1845 589 1944 664 μὲν

298 674 334 740 ἡ
368 676 545 751 ψυχὴ,
595 675 671 738 τίς
723 671 778 730 δὲ
836 677 864 731 ὁ
894 675 1093 742 ταύτης
1141 673 1356 754 δεσμὸς,
1390 677 1477 732 καὶ
1520 675 1662 743 ὅπως
1692 684 1784 735 τοῦ
1834 680 1945 736 σώ-

301 785 472 838 ματος
530 760 912 842 διαζεύγνυται,
960 767 1048 821 καὶ
1110 763 1270 821 πάλιν
1325 766 1620 841 ἀνίσταται,
1671 769 1759 823 καὶ
1821 768 1941 846 κρί-

298 873 468 932 νεται,
513 853 600 909 καὶ
637 855 775 911 τίσιν
824 855 1156 934 αἰσχύνεται,
1190 853 1234 912 ὢ
1286 863 1378 913 τοῦ
1428 857 1693 922 θαύματος
1729 861 1741 915 ι
1777 857 1945 935 γινώ-

302 963 420 998 σκει
452 943 517 998 τὰ
571 943 788 1018 ἑαυτῆς,
823 946 911 1001 καὶ
959 945 1174 1001 πάντων
1218 946 1599 1024 καταγινώσκει
1657 952 1762 1003 τῶν
1805 947 1946 1026 πρὶν,

299 1033 389 1088 καὶ
435 1029 762 1089 συσταλεῖσα
817 1034 947 1110 πρὸς
981 1034 1194 1107 ἑαυτὴν,
1228 1033 1330 1102 ὅλη
1389 1041 1478 1092 τοῦ
1526 1033 1692 1091 καλοῦ
1735 1038 1819 1092 καὶ
1850 1040 1948 1104 τῆς

300 1122 586 1196 μετανοίας
639 1123 860 1202 γίνεται,
892 1123 980 1179 καὶ
1031 1121 1227 1202 δάκρυα
1275 1124 1393 1204 χέει
1442 1127 1560 1190 τοῖς
1589 1127 1710 1202 πρὶν
1769 1124 1948 1203 γέλω-

299 1233 386 1267 σιν
430 1212 806 1287 ἀντισούμενα·
855 1212 980 1271 εἶτα
1023 1212 1116 1270 καῖ
1161 1213 1362 1280 τούτοις
1415 1217 1615 1294 χρῆται
1645 1217 1777 1293 πρὸς
1836 1236 1946 1273 σω·-

297 1303 486 1376 τηρίαν
536 1305 621 1366 οἷς
653 1301 856 1381 ἐχρῆτο
905 1300 1158 1382 πρότερον
1217 1305 1291 1365 εἷς
1349 1302 1646 1377 ἀπώλειαν,
1677 1307 1766 1361 καί
1809 1324 1949 1362 τισιν

296 1389 570 1469 ἐπιτρέπει
655 1398 763 1460 τῷν
819 1393 1012 1458 ἑαυτῆς
1090 1391 1445 1459 συνεξελθοῦσι
1503 1401 1596 1450 τοῦ
1661 1396 1802 1474 ἱεροῦ
1871 1400 1947 1468 τῷ

299 1479 482 1555 Νὸννῳ
537 1483 626 1538 καὶ
657 1480 1142 1552 συνακολουθήσασι
1195 1483 1284 1540 καὶ
1337 1481 1403 1550 δὴ
1434 1484 1521 1540 καὶ
1570 1483 1942 1559 θεασαμένοις,

295 1575 356 1628 οἷ
403 1573 505 1638 τὴν
539 1573 847 1638 κατοίκησιν
891 1585 1148 1644 ποιεῖται,
1184 1572 1419 1652 τάχιστα
1471 1573 1800 1653 ἀπαγγέλλει
1860 1575 1952 1632 αὒ-

293 1666 366 1736 τῇ
395 1663 488 1717 καί
521 1661 598 1736 μὴ
631 1659 846 1719 μέλλειν
877 1663 1005 1739 πρὸς
1034 1667 1134 1729 τῆν
1178 1661 1431 1728 ἐπίταξιν,

379 1751 459 1824 Ζ’,
525 1750 720 1808 Τούτου
773 1749 839 1819 δὴ
881 1751 1167 1828 γενομένου
1229 1753 1317 1808 καὶ
1370 1759 1478 1809 τῶν
1539 1753 1948 1834 ἓκπεμφθὲντων

2029 588 2119 668 ﬁt,
2159 587 2377 668 inquit,
2411 587 2647 666 Pelagia
2691 587 2949 651 auditrix
2979 608 3284 654 sacrorum
3341 587 3682 661 verborum.

2029 675 2174 766 Quae
2224 694 2358 737 cum
2393 675 2658 766 audisset
2705 675 2850 754 quid
2881 678 3001 740 sint
3047 681 3291 761 quidem
3342 689 3682 766 praesentia,

2029 763 2171 846 quid
2199 773 2397 828 autem
2431 765 2648 842 futura,
2675 773 2736 828 et
2765 766 2908 847 quid
2940 777 3142 832 nostra
3168 763 3410 853 quidem
3461 763 3682 854 anima,

2034 854 2336 935 quodnam
2359 863 2556 917 autem
2578 856 2712 936 ejus
2736 856 3065 935 vinculum,
3099 868 3157 921 et
3186 863 3688 942 quemadmodum

2033 951 2348 1042 separatur
2361 963 2410 1042 _a
2439 953 2784 1042 corpore,et
2812 964 3020 1009 rursus
3049 949 3242 1042 surgit
3272 960 3330 1012 et
3355 952 3686 1042 iudicatur,

2039 1031 2098 1123 (ο
2132 1032 2485 1123 miraculum
2518 1033 2555 1109 ε)
2605 1034 2862 1115 seipsam
2895 1041 3220 1116 cognoscit,
3255 1047 3316 1102 et
3360 1060 3490 1122 quae
3521 1031 3688 1123 prius

2035 1121 2282 1196 fecerat,
2316 1121 2559 1184 damnat
2585 1124 2810 1199 omnia,
2843 1125 2916 1188 ad
2971 1144 3038 1189 se
3067 1121 3586 1206 conversa,itotalm
3618 1151 3686 1196 se

2034 1211 2285 1302 honesto
2311 1210 2410 1302 dat
2431 1218 2489 1274 et
2511 1213 2968 1302 pmnitentiaa,et
2989 1216 3180 1279 fundit
3201 1218 3489 1302 lacrymas
3510 1241 3683 1302 pares

2029 1301 2282 1383 pristino
2304 1301 2476 1382 risui,
2505 1301 2728 1365 deinde
2746 1303 2832 1366 eis
2855 1306 3041 1367 utitur
3062 1307 3135 1368 ad
3159 1301 3433 1385 salutem,
3461 1301 3683 1391 quibus

2031 1393 2189 1464 prius
2217 1409 2317 1451 usa
2349 1395 2532 1451 fuerat
2553 1394 2626 1452 ad
2648 1395 2965 1463 interitum,
2989 1397 3584 1472 etjubetquibusdam
3613 1419 3688 1462 ex

2033 1477 2180 1554 suis,
2215 1485 2280 1539 ut
2308 1495 2444 1540 cum
2477 1476 2691 1540 Nonno
2722 1498 2756 1541 e
2788 1482 3009 1562 templo
3039 1484 3434 1561 egredientes,
3460 1495 3523 1549 et
3547 1505 3683 1550 eum

2033 1574 2494 1657 consequentes,
2528 1587 2664 1657 cum
2694 1568 2953 1631 viderint
2981 1569 3083 1632 ubi
3113 1571 3361 1649 habitet,
3396 1576 3452 1638 ei
3481 1593 3689 1657 quam-

2033 1656 2293 1737 primum
2317 1655 2758 1731 renuntient,et
2778 1677 2901 1721 non
2925 1659 3199 1724 diﬂ'erant
3215 1663 3385 1742 jussa
3411 1655 3681 1744 exsequi.

2112 1746 2240 1809 VII.
2275 1746 2426 1807 Cum
2453 1745 2568 1807 hoc
2589 1754 2788 1808 autem
2819 1746 3042 1810 factum
3077 1760 3237 1813 esset
3259 1760 3319 1814 et
3336 1753 3562 1816 reversi
3582 1772 3685 1816 es-

295 1839 697 1898 ἐπανε).θόντων
753 1847 839 1898 καί
882 1842 944 1899 τὸ
1003 1843 1340 1922 προσταχθὲν
1382 1840 1770 1922 ἀγγειλάντων,
1817 1844 1945 1920 βου-

2037 1843 2186 1907 sent,
2221 1841 2320 1916 qui
2356 1833 2524 1896 missi
2553 1834 2812 1912 fuerant,
2847 1843 2908 1898 et
2948 1838 3393 1902 renuntiassent
3423 1840 3498 1902 id.
3522 1843 3686 1922 quod

295 1932 399 1999 λὴν
456 1927 762 2008 βουλεύεται
821 1930 1066 2009 γενναίαν
1107 1934 1192 1988 καί
1254 1929 1500 2011 ἀνδρικὴν
1553 1933 1638 1989 καὶ
1669 1933 1800 2010 πρὸς
1855 1933 1946 1989 τὸν

2037 1923 2223 1986 luerat
2243 1924 2624 2006 imperatum,
2649 1941 3005 2004 generosum
3028 1935 3088 1990 et
3106 1927 3278 1990 virile
3294 1929 3451 2012 capit
3477 1932 3686 1994 consi-

291 2021 438 2098 ἱερὸν
513 2018 925 2098 παρῤησιάξεται
1007 2019 1225 2095 Νόννον,
1287 2022 1373 2076 καὶ
1430 2020 1495 2083 δὴ
1553 2023 1640 2078 καὶ
1713 2019 1946 2080 λαϐοῦσα

2037 2013 2200 2085 lium,
2263 2023 2323 2076 et
2379 2033 2516 2076 cum
2585 2015 2921 2095 accepisset
2949 2016 3240 2092 chartam,
3300 2029 3679 2082 sacrosancto

291 2110 511 2188 χάρτην
567 2107 877 2188 διεχάραξεν
935 2107 1124 2175 οὕτως’
1186 2110 1430 2168 Ἤκουσά
1499 2132 1592 2168 σου
1648 2117 1755 2167 τῶν
1825 2117 1950 2189 Χριο

293 2204 552 2268 στιανῶν,
586 2204 810 2276 Χριστοῦ
863 2199 1099 2274 μαθητὰ,
1157 2199 1230 2262 ὥς
1279 2201 1409 2278 φησι
1455 2221 1558 2258 που
1602 2204 1708 2256 τῶν
1765 2201 1951 2257 ἑαυτοῦ

295 2287 474 2365 λόγων
533 2291 561 2344 ὁ
627 2309 718 2350 σος
781 2289 1082 2354 Δεσπότης·
1157 2309 1181 2345 α
1216 2289 1322 2347 Οὔκ
1379 2288 1543 2355 ἦλθον
1598 2287 1819 2346 καλέσαι
1863 2287 1948 2346 δι-

294 2378 503 2451 καίους,
559 2375 696 2433 ἀλλὰ
753 2377 1099 2456 ἁμαρτωλοὺς
1171 2379 1215 2434 εἷ
1275 2379 1579 2454 μετάνοιαν·
1619 2401 1648 2435 ι
1706 2378 1803 2436 καί
1875 2381 1949 2442 ὡς

302 2465 372 2533 δὴ
429 2467 513 2523 καὶ
568 2466 802 2533 τελώνας
875 2466 1244 2548 συνανεκλίθη,
1293 2470 1383 2524 καὶ
1436 2468 1655 2545 πόρναις
1727 2489 1946 2525 συνανε-

304 2556 533 2634 στρέφη,
581 2557 668 2612 καὶ
740 2555 1080 2635 Σαμαρείτιδι
1135 2559 1268 2635 πρὸς
1339 2558 1402 2614 τὸ
1464 2557 1625 2637 φρέαρ
1680 2557 1945 2634 ὡμίλησε.

295 2648 390 2702 καὶ
432 2645 595 2724 λόγου
649 2645 885 2725 μετέσχε
941 2667 999 2703 τε
1043 2647 1131 2703 καὶ
1190 2644 1487 2722 μετέδωκεν
1545 2647 1604 2703 ὃν
1645 2646 1823 2724 τρέμει
1882 2649 1951 2704 τὰ

2033 2105 2248 2167 Νοιιιιο
2280 2102 2472 2166 libere
2497 2103 2583 2166 sic
2614 2103 2826 2166 scribit
2856 2124 2870 2168 :
2916 2103 3153 2180 Audivi,
3188 2125 3222 2168 ο
3255 2106 3548 2190 discipule
3579 2108 3689 2172 Dei

2036 2192 2702 2275 Christianorum,quod
2734 2193 2954 2256 alicubi
2975 2194 3037 2256 in
3067 2195 3146 2258 iis
3170 2215 3302 2277 quae
3332 2196 3408 2259 de
3437 2215 3509 2260 eo
3531 2200 3684 2260 scri-

2035 2291 2134 2366 pta
2167 2292 2329 2358 sunt,
2363 2283 2509 2346 dicit
2541 2291 2676 2345 tuus
2704 2282 2993 2346 Dominus
3023 2305 3037 2349 :
3081 2307 3103 2341 ι
3137 2284 3270 2348 Non
3295 2287 3433 2349 veni
3471 2305 3688 2351 vocare

2033 2372 2354 2454 justos,sed
2378 2381 2720 2453 peccatores
2741 2373 2812 2436 ad
2839 2373 3254 2455 pmnitentiam
3275 2377 3429 2453 l,net
3452 2377 3690 2454 quodin

2036 2480 2245 2524 mensa
2291 2461 2570 2524 accubuit
2601 2480 2719 2524 una
2747 2480 2884 2526 cum
2941 2462 3301 2546 publicanis,
3333 2472 3393 2528 et
3421 2474 3690 2528 versatus

2035 2552 2141 2619 fuit
2168 2551 2345 2614 simul
2378 2569 2511 2613 cum
2563 2551 3006 2628 meretricibus,
3037 2560 3096 2615 et
3144 2571 3280 2616 cum
3316 2553 3692 2619 Samaritana

2034 2637 2272 2704 locutus
2301 2650 2392 2703 est
2415 2641 2487 2704 ad
2519 2641 2592 2704 ad
2627 2649 2870 2722 puteum
2887 2641 3002 2723 3,et
3031 2643 3210 2706 verba
3231 2643 3397 2706 dedit
3422 2645 3692 2708 vicissim

294 2733 572 2815 χερουϐἰν,
615 2735 703 2792 καὶ
753 2734 867 2794 οὐδὲ
909 2733 1124 2792 ϐλέπειν
1183 2735 1357 2814 στέγει
1401 2737 1466 2792 τὰ
1512 2737 1761 2815 σεραφίμ,
1795 2726 1946 2793 Ἀλλ’

2037 2741 2091 2794 et
2123 2737 2374 2811 accepit,
2399 2748 2577 2812 quem
2606 2730 2818 2794 timent
2847 2731 3245 2807 Cberubin,et
3276 2751 3388 2796 nec
3413 2735 3686 2816 aspicere

293 2824 350 2880 εἴ
409 2846 461 2880 τι
532 2824 594 2879 σὺ
650 2825 890 2882 τοιούτου
939 2825 1038 2898 μὲν
1101 2823 1286 2888 δοῦλος
1371 2823 1650 2904 δεσπότου,
1708 2825 1946 2882 τοιούτου

2037 2820 2270 2895 quidem
2296 2821 2593 2881 sustinent
2629 2818 2950 2899 Seraphin.
2984 2820 3190 2903 Itaque
3213 2821 3264 2883 si
3287 2830 3347 2884 tu
3374 2840 3439 2885 es
3468 2840 3686 2885 servus

291 2911 348 2970 δὲ
411 2913 654 2988 μαθητὴς
714 2907 1056 2994 διδασκάλου,
1103 2911 1275 2978 δεῖξον
1332 2926 1451 2977 τοῖς
1502 2912 1698 2992 ἔργοις,
1729 2913 1817 2969 καὶ
1863 2913 1942 2989 μὴ

2037 2909 2162 2970 talis
2180 2907 2442 2984 Domini,
2479 2917 2539 2971 et
2560 2908 2894 2989 discipulus
2919 2908 3048 2971 talis
3073 2911 3358 2989 magistri,
3404 2910 3466 2972 id
3486 2917 3692 2973 osten-

296 3003 526 3080 βδελὺξῃ
598 3003 799 3081 πόρνην
871 3005 1106 3081 ὁμογενῇ
1164 3007 1262 3060 καὶ
1307 3000 1617 3077 ὁμόδουλον,
1665 3001 1802 3058 ἀλλὰ
1857 3003 1945 3060 καὶ

2037 2999 2105 3060 de
2133 2998 2393 3072 factis,et
2424 3017 2536 3060 nec
2563 2997 2891 3059 abhorreas
2921 2997 3193 3078 ejusdem
3223 3008 3420 3061 tecum
3453 2999 3694 3079 generis

293 3093 560 3168 δεομένην
618 3097 713 3159 νῆς
771 3094 870 3160 σῆς
928 3094 1066 3171 ἱερᾶς
1099 3092 1315 3158 ἀξίωσον
1370 3091 1517 3169 θέας,
1547 3093 1636 3149 καὶ
1685 3090 1945 3167 ἐξομολο-

2037 3087 2415 3150 meretricem
2471 3094 2531 3149 et
2580 3102 2952 3162 conservam,
2985 3087 3090 3150 sed
3145 3087 3323 3150 etiam
3376 3095 3692 3169 rogantem

290 3185 563 3264 γουμένην
643 3183 807 3264 δέξαι,
861 3186 948 3242 καὶ
1008 3190 1182 3242 σῶσον
1263 3182 1649 3258 ὑπολλυλένην,
1709 3185 1798 3241 καὶ
1854 3191 1946 3242 σοῦ

354 3278 364 3289 .
505 3273 548 3289 υ
715 3274 724 3289 .
927 3275 940 3289 .
1035 3275 1049 3289 .
1115 3275 1128 3289 ς
1202 3272 1245 3289 ,κ
1309 3272 1350 3289 ..ι
1505 3272 1524 3289 ς
1580 3273 1593 3289 .

2037 3175 2279 3256 dignare
2308 3195 2485 3239 sacro
2515 3184 2614 3238 tuo
2644 3183 2986 3256 aspectu,et
3007 3177 3254 3289 suqcipe
3277 3177 3690 3289 cojnﬁtentem,

2031 3275 2091 3330 et
2125 3285 2293 3329 serva
2343 3274 2716 3347 pereuntem,
2751 3274 2810 3328 et
2838 3285 2872 3328 a
2917 3273 2975 3328 te
3023 3266 3156 3329 solo
3215 3267 3600 3347 pendentem,
3633 3276 3693 3330 et

2029 3374 2196 3436 spem
2229 3362 2291 3418 iu
2325 3365 2382 3418 te
2405 3355 2829 3419 collocantem.

373 3451 472 3515 H'.
537 3458 712 3510 Ταῦτα
765 3448 1046 3525 δεξάμενος
1112 3454 1140 3508 ὁ
1183 3452 1321 3529 ἱερὸς
1379 3448 1595 3526 ᾐδέσθη,
1650 3451 1808 3527 ἀνὴρ,
1857 3445 1946 3506 καὶ

2114 3445 2267 3510 Vlll.
2301 3443 2441 3509 Haec
2473 3464 2608 3509 cum
2642 3445 2980 3526 accepisset
3010 3445 3102 3506 vir
3145 3453 3576 3530 sacrosanctus,
3604 3455 3694 3510 est

290 3543 444 3618 μόνῳ
505 3541 604 3616 μὲν
661 3538 1062 3598 ἀντεπιστέλλει
1103 3541 1180 3616 μὴ
1241 3539 1581 3619 προσελθεῖν,
1611 3538 1714 3607 ἤδη
1773 3537 1828 3596 δέ
1889 3560 1946 3595 τε

2037 3535 2420 3611 reveritus,et
2441 3533 2724 3598 rescribit
2745 3553 2822 3596 ne
2846 3534 2915 3596 ad
2941 3535 3135 3595 solum
3157 3533 3400 3615 quidem
3424 3536 3691 3614 accedat,

289 3632 388 3688 καί
448 3637 557 3687 τῶν
630 3629 831 3688 λοιπῶν
886 3631 1272 3707 συμπαρόντων
1327 3630 1622 3709 ἀρχιερέων
1692 3638 1946 3708 φανεροῦν

2037 3625 2138 3687 sed
2173 3644 2307 3688 cum
2329 3627 2454 3706 jam
2485 3625 2660 3687 simul
2695 3624 2914 3705 reliqui
2947 3623 3228 3686 affuerint
3256 3623 3595 3705 pontifices,
3629 3645 3697 3690 se

288 3723 487 3789 ἑαυτὴν
543 3721 637 3776 καῖ
697 3723 724 3775 ὁ
779 3717 1022 3777 ϐούλοιτο
1085 3718 1261 3798 λέγειν
1319 3720 1407 3775 καὶ
1463 3716 1815 3774 ἐκκαλύπτειν
1877 3719 1943 3774 τὰ

2037 3716 2202 3778 sistat
2255 3723 2316 3776 et
2343 3714 2504 3777 dicat
2533 3713 2692 3794 quod
2745 3713 2910 3788 velit,
2948 3720 3007 3774 et
3035 3731 3105 3775 ea
3135 3731 3275 3790 quae
3321 3721 3590 3794 spectant
3617 3715 3694 3779 ad

287 3815 511 3877 ἑαυτῆς.
573 3813 638 3867 Ἦ
670 3807 722 3865 δέ
772 3818 956 3866 τούτου
1015 3815 1256 3888 τυχοῦσα
1313 3809 1405 3864 τὸν
1458 3808 1637 3885 καιρὸν
1696 3803 1940 3886 ἆρπάξει,

2037 3805 2218 3884 ipsam
2266 3803 2520 3883 aperiat.
2574 3801 2681 3864 Illa
2709 3809 2907 3864 autem
2939 3820 3076 3864 cum
3127 3802 3242 3864 hoc
3285 3802 3688 3882 impetrasset,

291 3903 379 3958 καὶ
424 3899 606 3956 διώκει
645 3901 738 3956 τὸν
767 3901 1022 3970 σώζοντα.
1063 3901 1164 3956 Καί
1197 3894 1566 3954 καταλαϐοῦσα
1597 3897 1696 3962 τὴν
1740 3894 1944 3962 ἐκκλη-

2037 3892 2244 3974 arripit
2287 3891 2662 3953 occasionem
2698 3901 2760 3954 et
2789 3891 3066 3968 sequitur
3099 3908 3234 3952 eum
3281 3893 3381 3971 qui
3412 3891 3510 3952 dat
3538 3893 3694 3954 salu-

293 3278 460 3352 μόνου
500 3273 828 3354 ἐξεχομέντ,ν
857 3275 944 3331 καὶ
973 3275 1054 3331 σοὶ
1077 3275 1172 3338 τὰς
1198 3272 1412 3337 ἐλπίδας
1435 3272 1782 3337 σαλεύουσαν,

287 3993 435 4063 aia»,
483 3990 651 4068 πόρνη
715 4011 794 4052 τις
847 3991 914 4057 ἦν
970 3987 1108 4054 ἄλλη
1168 3987 1300 4044 κατὰ
1357 3986 1458 4064 γῆς
1518 3984 1804 4064 ἐῤῥιμμένη
1863 3987 1952 4042 καὶ

288 4081 546 4136 κλίνουσα
597 4082 658 4135 τὸ
691 4079 815 4156 γόνυ
868 4080 953 4134 καὶ
983 4079 1083 4144 τὴν
1114 4076 1299 4157 ψυχὴν
1342 4077 1431 4131 καὶ
1461 4073 1625 4138 πόδας
1684 4075 1952 4152 βρέχουσα

291 4171 394 4225 κᾶν
430 4171 508 4244 μὴ
539 4167 904 4243 δεσποτικοὺς,
954 4165 1074 4223 ἀλλ’
1119 4169 1208 4223 οῦν
1265 4165 1557 4236 ἱερατικοὺς
1586 4164 1678 4220 καὶ
1729 4163 1951 4241 ὡραίους

294 4260 385 4313 καὶ
429 4263 614 4337 ψυχῆς
669 4259 883 4333 εἰρήνην
943 4255 1156 4322 ἀληθῶς
1201 4257 1372 4311 εἰπεῖν
1417 4252 1944 4332 εύαγγελιζυμὲνους,

289 4349 380 4404 καὶ
438 4345 543 4406 οὔδ’
577 4350 638 4403 ἂν
688 4345 742 4402 εἴ
772 4370 820 4402 τι
879 4345 1086 4424 γένοιτο
1139 4346 1388 4418 μεθήσειν
1447 4343 1700 4420 πρότερον
1752 4341 1947 4422 ἔφασκε

285 4440 413 4514 πρὶν
471 4436 506 4504 ἢ
537 4438 636 4495 τὶν
680 4435 745 4493 δι’
795 4435 981 4500 ὕδατος
1027 4433 1166 4510 λάϐῃ
1229 4435 1316 4489 καὶ
1347 4432 1654 4507 Πνεύματος
1717 4433 1946 4511 ὰναγέν-

291 4550 470 4594 νησιν.
535 4527 630 4584 Καὶ
659 4529 727 4593 ἦν
782 4527 927 4604 ἀγὼν
958 4523 1274 4604 ἀμφοτέροις
1318 4529 1394 4597 τῷ
1447 4523 1546 4598 μὲν
1578 4535 1761 4579 πεῖσαι
1814 4523 1947 4580 ταύ-

293 4640 393 4683 την
453 4622 558 4672 τῶν
589 4614 763 4672 ποδῶν
795 4613 1066 4696 ἀφιεμένην
1120 4613 1487 4684 ἐξαναστῆναι,
1535 4610 1691 4688 τῇδὲ
1748 4613 1946 4669 τούτων

293 4707 522 4785 ἔχεσθαι
583 4704 809 4778 μᾶλλον,
873 4705 975 4763 Καὶ
1024 4705 1125 4783 πρὸ
1188 4709 1279 4758 τοῦ
1323 4700 1543 4778 λουτροῦ
1585 4701 1834 4780 κάθαρσις
1878 4701 1944 4769 ἦν

288 4795 434 4861 ἄλλη
506 4795 601 4851 καὶ
661 4792 895 4871 δακρύων
955 4792 1210 4870 λουτρὼν,
1277 4799 1370 4848 τοῦ
1452 4791 1944 4868 πνευματικωτὲροο

287 4883 498 4952 δηλαδὴ
526 4885 588 4940 τὸ
650 4883 1062 4961 ἐπιπονώτερον.
1095 4885 1270 4939 Ταῦτα
1301 4881 1387 4936 καὶ
1439 4879 1580 4958 παρὰ
1607 4880 1713 4936 τῶν
1772 4880 1942 4958 ὁρών-

284 4998 396 5031 των
452 4972 673 5052 διίκρυον
718 4973 1050 5044 ἐξεκαλεῖτο,
1107 4975 1196 5027 καὶ
1253 4971 1318 5038 ἧν
1380 4973 1563 5032 αὐτοῖς
1637 4967 1780 5037 λύπη
1837 4991 1941 5048 τις,

286 5063 550 5134 ἐκπλήξει
623 5065 708 5119 καὶ
766 5061 931 5131 ἡδονῆ
990 5066 1306 5143 σύγκρατος,
1375 5059 1485 5116 τῶν
1551 5056 1786 5138 δακρύων
1849 5059 1946 5134 μὲν

289 5159 426 5230 αὖτῇ
511 5153 906 5210 κοινωνούντων
996 5157 1081 5210 καὶ
1175 5149 1600 5227 συναλγούντων,
1688 5149 1777 5203 καὶ
1847 5149 1948 5215 τὴν

287 5247 467 5302 πίστιν
527 5243 998 5318 ἐκπληττομένων,
1053 5242 1354 5323 χαιρόντων
1414 5236 1467 5294 δὲ
1523 5236 1621 5293 καῖ
1673 5235 1948 5306 ἡδομένων

287 5342 356 5411 τῇ
392 5334 655 5412 σωτηρίᾳ,

373 5512 458 5572 Θ’.
498 5513 634 5569 Εἶτα
678 5509 833 5586 μόλις
885 5511 1183 5578 πεισθείσης
1241 5509 1327 5565 καὶ
1371 5506 1675 5575 ἀναστάσης
1705 5508 1794 5566 καὶ
1857 5512 1943 5563 τοῦ

369 5695 388 5736 1
423 5689 632 5756 Matth.
667 5689 876 5769 ιι,13.
966 5689 996 5738 ‘2
1025 5689 1360 5766 Joan.1x,t
1402 5704 1494 5768 sq.

2037 3990 2179 4043 tem.
2214 3979 2284 4042 Et
2315 3999 2449 4042 cum
2477 3981 2745 4043 venisset
2772 3980 2848 4042 ad
2879 3979 3224 4052 ecclesiam,
3263 3988 3389 4042 erat
3417 3981 3690 4062 quaedam

2036 4070 2149 4133 alia
2173 4071 2455 4134 meretrix
2488 4069 2654 4132 humi
2677 4071 2908 4150 jacens,
2938 4074 3002 4132 et
3031 4088 3188 4147 genu
3217 4071 3464 4133 flectens
3485 4079 3539 4133 et
3561 4073 3694 4135 ani-

2037 4179 2220 4235 mam,
2253 4170 2309 4223 et
2339 4160 2520 4242 pedes
2540 4159 2826 4236 rigans,si
2857 4177 2976 4221 non
3009 4159 3374 4235 Dominicos,
3400 4169 3463 4222 at
3489 4179 3696 4224 sacer-

2038 4250 2264 4312 dotales
2286 4249 2532 4331 quidem
2561 4255 2813 4324 certe,et
2834 4249 3152 4329 episcopos
3173 4256 3234 4310 et
3259 4265 3460 4327 pacem
3486 4250 3699 4312 animai

2033 4342 2115 4413 (ut
2139 4355 2277 4400 vere
2299 4338 2521 4416 dicam)
2551 4337 3047 4417 evangelizantes.
3085 4335 3224 4408 Quae
3245 4335 3504 4412 dicebat,
3532 4335 3698 4399 nulla

2033 4427 2282 4490 omnino
2324 4427 2451 4490 fore
2505 4428 2758 4502 ratione,
2809 4433 2875 4490 ut
2923 4425 3146 4506 aliquid
3205 4426 3458 4501 diceret,
3495 4425 3694 4506 prius-

2033 4536 2208 4597 quam
2254 4519 2772 4596 regenerationem
2804 4516 3142 4594 accepisset
3193 4533 3300 4597 per
3356 4534 3570 4597 aquam
3624 4524 3685 4577 et

2033 4605 2347 4688 Spiritum.
2383 4607 2458 4669 Et.
2505 4616 2634 4669 erat
2666 4605 2941 4684 utrisque
2971 4614 3300 4679 certamen,
3334 4605 3421 4666 illi
3450 4605 3694 4686 quidem

2031 4705 2093 4757 ut
2113 4697 2168 4758 ei
2192 4697 2584 4777 persuaderet
2609 4713 2855 4776 surgere
2887 4695 3153 4757 dimissis
3181 4712 3386 4758 eorum
3413 4693 3693 4774 pedibus,

2031 4785 2166 4847 huic
2189 4797 2390 4848 autem
2415 4795 2480 4847 ut
2503 4786 2591 4849 eis
2614 4784 2800 4864 magis
2823 4785 3196 4847 hmrerct.Et
3223 4791 3362 4845 ante
3386 4783 3694 4846 lavacrum

2031 4885 2160 4937 erat
2190 4875 2309 4936 alia
2341 4876 2640 4956 purgatio,
2666 4882 2726 4935 et
2755 4875 3054 4936 lavacrum
3091 4873 3482 4953 lacrymarum
3509 4873 3695 4954 spiri-

2032 4964 2225 5026 taliori
2270 4964 2504 5026 scilicet
2556 4964 2911 5026 laboriosus.
2945 4962 3082 5024 Haec
3135 4980 3239 5024 eos
3271 4963 3369 5040 qui
3414 4961 3696 5024 videbant

2034 5052 2433 5133 provocabaut
2485 5072 2554 5116 ac
2614 5054 2936 5131 lacrymas,
2980 5059 3229 5131 eratque
3279 5051 3367 5112 eis
3419 5050 3693 5130 quaedam

2034 5142 2298 5218 tristitia,
2329 5153 2578 5224 stupore
2601 5152 2659 5206 et
2694 5141 2992 5222 voluptate
3026 5148 3568 5221 contemperata,ut
3588 5142 3688 5222 qui

2031 5251 2168 5295 cum
2214 5234 2394 5295 flente
2425 5233 2666 5315 quidem
2713 5249 2850 5295 suas
2881 5233 3170 5312 lacrymas
3219 5231 3683 5311 conjungerent,

2032 5331 2090 5385 et
2139 5341 2273 5384 cum
2327 5323 2569 5387 dolente
2627 5322 2924 5401 dolerent,
2961 5321 3260 5403 ﬁdemque
3291 5321 3421 5400 ejus
3473 5327 3682 5400 stupe-

2034 5421 2192 5484 rent,
2223 5411 2414 5474 salute
2441 5421 2638 5476 autem
2674 5411 2806 5493 ejus
2835 5410 3188 5490 gauderent.

2111 5500 2215 5566 IX.
2269 5501 2500 5568 Deinde
2529 5521 2664 5566 cum
2719 5501 2814 5564 vix
2866 5519 3150 5583 persuasa
3198 5499 3573 5580 surrexisset,
3623 5506 3683 5564 et
