4086 6402
478 335 597 407 915

1681 342 2064 409 ADDENDA.
2093 378 2170 393 —-
2198 344 2642 411 NOVEMBER.

3700 350 3804 419 9l6

478 485 896 546 sacrosanctus
924 478 1172 546 Nonnus
1207 490 1507 564 quareret;
1565 481 2037 561 ﬁdejussionem,
2073 489 2131 543 et

2215 484 2350 561 ἱερώ
2407 483 2603 542 Νόννου
2672 481 2867 561 ἐγγύας
2944 488 3226 554 ζητοῦντος
3280 484 3364 540 καὶ
3426 482 3819 561 ἀναϐαλλομένου

480 570 753 635 diﬂ’erret
783 573 1202 653 expiationem,
1230 572 1331 634 illa
1352 590 1561 633 rursus
1592 572 1848 651 procidit
1877 572 1948 631 ad
1998 573 2129 649 eius

482 659 691 742 pedes,
717 662 1033 724 eteasdem
1062 660 1275 723 emittit
1303 678 1501 723 voces.
1536 659 1628 734 Et,
1655 659 1743 721 Tu
1775 680 1979 722 eorum
1999 679 2130 741 quae

479 748 600 813 feci
628 749 846 812 reddes
880 750 1193 828 rationem,
1228 747 1484 823 dicebat,
1519 768 1553 810 o
1610 750 1718 813 Dei
1752 749 2040 831 pontifex,
2073 757 2132 811 et

481 854 750 900 mearum
780 837 1158 917 iniquitatum
1191 837 1301 900 tibi
1328 839 1661 899 ascribetur
1708 840 2045 916 multitudo,
2079 842 2130 901 si

477 925 977 989 illuminationem
1012 926 1254 989 diﬂ'eras
1275 935 1333 988 et
1363 927 1814 1007 baptismum,et
1839 928 1910 989 ad
1939 947 2128 989 meam

477 1032 598 1077 non
631 1033 920 1096 properes
954 1016 1233 1096 salutem,
1263 1016 1359 1078 vel
1394 1035 1492 1078 me
1521 1016 1912 1097 spiritualiter
1941 1019 2133 1097 parias

476 1112 539 1167 et
565 1122 911 1184 regeneres,
938 1114 1038 1168 aut
1073 1124 1168 1167 me
1189 1105 1370 1168 hodie
1403 1107 1683 1167 mundam
1723 1125 1999 1187 sponsam
2056 1105 2131 1167 ad

477 1194 765 1257 mundum
828 1195 1092 1257 adducas
1150 1213 1434 1277 sponsum
1497 1205 1557 1257 et
1609 1196 1844 1260 Christo
1898 1198 2131 1258 offeras.

475 1279 744 1345 Tandem
777 1283 1206 1362 persuadet;et
1233 1302 1370 1345 cum
1405 1289 1789 1364 surrexisset,
1821 1286 2137 1345 conﬁtetur

477 1378 542 1434 et
590 1370 855 1433 divinam
887 1374 1120 1435 invocat
1168 1373 1576 1447 clementiam,
1611 1382 1668 1434 et
1698 1374 1856 1453 quod
1889 1383 2048 1434 esset
2079 1374 2132 1434 ei

476 1478 702 1523 nomen
731 1479 766 1523 a
786 1461 1100 1540 juventute
1128 1469 1337 1543 rogata
1366 1461 1439 1524 ab
1471 1462 1936 1543 episcopo,dixit
1968 1482 2031 1523 se
2058 1462 2131 1525 ab

2210 574 2310 639 τὴν
2370 574 2621 650 κάθαρσιν
2675 571 2838 628 πάλιν
2893 570 3069 638 ἐκείνη
3127 572 3231 629 τῶν
3279 572 3435 630 αὖτοῦ
3487 572 3654 630 ποδῶν
3691 578 3819 653 γίνε-

2211 683 2321 735 ται,
2381 663 2469 718 καὶ
2503 663 2596 725 τας
2657 660 2817 727 αὐτὰς
2873 661 3138 737 ὲκπὲμπει
3197 662 3398 742 φωνὰς,
3425 664 3531 735 καὶ,
3565 665 3633 719 Σὺ
3684 662 3822 743 λόγον

2215 751 2289 807 ὧν
2361 750 2559 824 ἔπραξα
2620 750 2827 822 δώσεις,
2892 750 3093 829 ἔλεγεν,
3139 750 3387 831 ἀρχιερεῦ
3425 759 3517 809 τοῦ
3567 758 3711 825 Θεοῦ,
3750 753 3827 809 καὶ

2214 840 2296 896 σοὶ
2325 842 2430 897 τῶν
2476 840 2620 914 ἐμῶν
2667 840 2904 914 ἀνομιῶν
2957 839 3373 917 ἑπιγραφήσεται
3419 842 3453 908 ἡ
3495 839 3708 919 πληθὺς,
3747 841 3826 898 ἰὰν

2213 930 2412 1007 ὑπέρϐη
2481 931 2572 985 τὸν
2651 931 2926 1008 φωτισμὸν
2983 934 3070 985 καὶ
3127 925 3367 1005 ἂναόάλη
3438 931 3500 985 τὸ
3554 930 3822 1004 βάπτισμα,

2214 1022 2301 1076 καὶ
2361 1021 2438 1094 μὴ
2488 1019 2721 1094 σπεύσῃς
2769 1016 2896 1085 μηδ’
2938 1018 3197 1098 ἐπειχθῇς
3253 1021 3385 1096 πρὸς
3435 1020 3529 1087 τὴν
3558 1019 3688 1093 ἐμὴν
3728 1041 3829 1076 σω-

2215 1108 2432 1188 τηφίαν,
2493 1110 2580 1164 καὶ
2656 1115 3025 1183 πνευματικῶς
3081 1106 3350 1183 ὠδινήσῃς
3409 1108 3495 1163 καὶ
3561 1107 3829 1184 ἆναγεννή·

2220 1219 2338 1274 σης,
2398 1200 2486 1253 καὶ
2543 1198 2751 1275 νύμφην
2812 1218 2880 1269 με
2933 1198 3167 1270 σήμεὼν
3246 1198 3472 1275 καθαρὰν
3526 1203 3601 1266 τῷ
3643 1199 3834 1273 καθαρῷ

2219 1288 2564 1364 προσαγάγῃς
2631 1286 2860 1363 νυμφίω,
2906 1288 2995 1342 καὶ
3050 1287 3399 1362 παραστὴσης
3452 1287 3673 1362 Χριστῷ.
3740 1283 3831 1340 Τό-

2217 1374 2309 1437 λος
2383 1374 2583 1453 πείθει,
2649 1376 2738 1430 καὶ
2804 1374 3075 1431 ἀναστᾶσα
3130 1373 3552 1452 ἐξομολογεϊται,
3609 1376 3690 1428 καὶ
3749 1372 3836 1433 τὴν

2214 1465 2356 1522 θείαν
2411 1463 2721 1521 ἐκκαλεῖται
2788 1462 3204 1543 φιλανθρωπίαν.
3269 1466 3368 1523 Καὶ
3424 1465 3473 1519 τί
3525 1463 3653 1529 αὗτῆ
3691 1462 3748 1517 τὸ
3783 1460 3835 1516 ἐκ

477 1548 654 1612 initio
696 1550 938 1629 quidem
974 1550 1159 1613 fuisse
1204 1552 1276 1613 ab
1307 1553 1590 1612 omnibus
1618 1560 1876 1613 vocatam
1909 1562 1968 1613 et
2018 1572 2130 1613 no-

2216 1554 2463 1621 νεότητος
2542 1554 2709 1627 ὄνομα
2786 1575 2927 1631 παρα
2992 1563 3085 1612 τοῦ
3139 1553 3434 1610 ἐπισκόπου
3511 1552 3831 1624 ἐρωτηθεῖσα,

479 1644 755 1705 minutam
780 1646 1110 1719 Pelagiam;
1143 1649 1528 1705 Antiochenos
1557 1658 1744 1704 autem
1769 1663 2128 1718 gemmarum

2216 1641 2448 1719 Πελαγία
2506 1642 2614 1717 μὲν
2687 1642 2803 1698 ἕλεν
2861 1640 2912 1707 ἐξ
2970 1644 3220 1722 ὕπαρχῆς
3280 1641 3557 1700 καλεῖσθαι
3612 1645 3731 1696 πᾶσι
3777 1659 3835 1694 κα

479 1738 540 1792 et
564 1732 1036 1812 margaritarum,
1070 1750 1202 1812 quae
1231 1731 1292 1793 in
1324 1732 1453 1812 ipsa
1481 1740 1652 1793 erant
1684 1732 2125 1793 multitudinem

2215 1733 2586 1811 ὀνομάζεσθαι,
2632 1731 2953 1811 Ἀντιοχέας
2997 1730 3079 1806 δὲ,
3111 1734 3174 1789 τό
3201 1753 3260 1787 τε
3302 1730 3506 1798 πλῆθος
3533 1731 3618 1785 καὶ
3662 1726 3833 1788 κάλλος

476 1818 803 1882 admiratos
831 1828 890 1882 et
917 1820 1420 1900 pulchritudinem
1453 1839 1696 1882 vocasse
1727 1823 2121 1899 Margaritam,

2215 1827 2317 1877 τῶν
2376 1821 2433 1876 ἐν
2506 1824 2641 1897 αὖτῇ
2714 1820 2871 1877 λίθων
2927 1823 3014 1877 καὶ
3072 1823 3361 1899 μαργάρων
3449 1817 3841 1893 τεθαυμακότας,

480 1906 723 1970 inventa
767 1909 1168 1990 appellatione
1225 1928 1294 1972 ex
1353 1909 1597 1971 nomine
1650 1928 1854 1972 eorum
1915 1912 2130 1991 quibus

2215 1913 2534 1990 Μαργαριτὼ
2607 1910 2802 1968 καλεῖν
2876 1916 2963 1976 οἷς
3028 1914 3319 1987 ὶκοσμεῖτο
3382 1909 3571 1975 κλῆσιν
3643 1903 3840 1984 πριξευ·

479 1995 826 2061 ornabatur.
877 2000 983 2060 Hic
1013 2000 1262 2080 primam
1315 2000 1531 2079 recipit
1559 2000 2023 2079 appellationem
2072 2010 2130 2062 et

2215 2003 2399 2079 ρόντας
2457 2000 2792 2079 φερώνυμον.
2850 2000 3105 2059 Ἐνταῦθα
3167 2003 3266 2068 τὴν
3348 1998 3564 2075 πρώτην
3623 1996 3840 2083 ἀναλαμ-

475 2094 726 2150 vocatur
756 2087 1015 2166 Pelagia,
1042 2096 1102 2149 et
1131 2088 1428 2151 lavacrum
1460 2090 1715 2168 suscipit
1744 2096 1806 2152 et
1837 2092 2125 2170 expiatur,

2215 2089 2358 2147 ϐαίνει
2424 2089 2639 2164 κλῆσιν,
2699 2092 2787 2147 καὶ
2848 2089 3086 2167 Πελαγία
3154 2090 3437 2169 καλεῖται,
3494 2088 3581 2144 καὶ
3646 2083 3841 2161 δέχεται

477 2185 537 2239 et
561 2186 866 2257 unguento
898 2182 1156 2256 ungitur,
1180 2178 1363 2258 (itque
1389 2180 1683 2258 particeps
1715 2179 2049 2240 intemerati
2073 2188 2131 2241 et

2215 2181 2276 2236 τὸ
2333 2179 2577 2258 λουτρὸν,
2641 2183 2728 2237 καὶ
2788 2181 3116 2260 καθαίρεται,
3163 2182 3253 2237 καὶ
3316 2181 3466 2256 μύρῳ
3506 2176 3727 2255 χρίεται,
3772 2171 3845 2227 καὶ

477 2264 781 2329 incruenti
811 2266 1111 2329 sacriﬁcii.
1143 2265 1218 2327 Et
1244 2275 1371 2328 erat
1417 2276 1560 2329 tunc
1590 2268 1983 2330 Antiochenis
2015 2289 2128 2348 pu—

2217 2270 2454 2349 μᾶτοχος
2514 2269 2606 2335 τῆς
2667 2269 2938 2349 ἆχράντου
2988 2271 3075 2326 καὶ
3129 2270 3463 2344 ἂναιμάκτου
3490 2264 3662 2326 θυσίας
3715 2260 3841 2337 γίνε-

478 2352 638 2416 blica
660 2361 719 2417 et
741 2362 1079 2417 communis
1103 2355 1333 2433 laetitia,
1363 2374 1499 2417 cum
1533 2357 1873 2418 communis
1893 2357 2131 2437 quidam

2216 2380 2327 2420 ται.
2393 2360 2488 2416 Καὶ
2526 2358 2592 2426 ἧν
2650 2381 2731 2423 τις
2787 2358 3156 2438 Ἀντιοχεῦσιν
3211 2357 3508 2438 rumpas-5m
3564 2355 3679 2410 τότε
3719 2350 3836 2408 πάν-

477 2441 669 2506 hostis
685 2443 811 2522 jam
836 2443 1152 2506 cecidisset
1172 2455 1231 2507 et
1254 2454 1494 2508 essetsu
1506 2447 2131 2525 peratus,essultnrent

2220 2447 2392 2522 δημος
2450 2451 2548 2504 καὶ
2607 2448 2785 2528 κοινὴ,
2818 2455 2911 2504 τοῦ
2955 2449 3053 2522 μὲν
3110 2469 3289 2506 κοινου
3334 2444 3588 2518 πολεμίου
3616 2440 3837 2498 πεσόντος

479 2541 681 2595 autem
707 2532 939 2605 ﬁdeles,
971 2543 1029 2595 et
1059 2534 1221 2596 illius
1251 2534 1506 2596 salutem
1538 2553 1709 2597 suam
1733 2535 2131 2616 unusquisque

2223 2536 2327 2612 ᾔδη
2373 2539 2461 2593 καὶ
2493 2527 2834 2611 ἡττηθέντος,
2869 2542 2977 2593 τῶν
3007 2535 3062 2593 δὲ
3109 2543 3316 2594 πιστῶν
3346 2531 3740 2613 ὰγαλλιωμένων
3767 2527 3839 2582 καὶ

480 2621 784 2703 propriam
814 2622 1045 2686 diceret
1074 2633 1133 2685 et
1166 2631 1423 2705 putaret.

2218 2628 2315 2693 τὴν
2368 2626 2575 2693 ἐκείνης
2651 2626 2918 2703 σωτηρίαν
2979 2625 3109 2682 ἰδίαν
3168 2626 3401 2684 ἑκάστου
3457 2624 3543 2681 καὶ
3606 2619 3839 2696 λεγόντων

2220 2716 2309 2771 καὶ
2350 2715 2696 2790 νομιζόντων.
3878 2709 3885 2718 ’

559 2800 633 2865 Χ.
686 2798 805 2865 Sed
837 2802 998 2865 enim
1032 2802 1189 2865 solet
1240 2803 1445 2866 nescio
1477 2804 1777 2884 quomodo
1826 2813 2131 2884 superatus

2305 2803 2365 2866 ι’.
2432 2803 2599 2862 Ἀλλὰ
2656 2806 2757 2882 γὰρ
2817 2804 2966 2885 φιλεῖ
3018 2810 3135 2869 πῶς
3194 2807 3222 2863 δ
3266 2803 3504 2881 πονηρὸς
3561 2798 3835 2871 ἡττώμενος

475 2888 758 2953 inimicus
810 2892 947 2954 ﬂeri
973 2891 1407 2972 impudentior.
1438 2892 1837 2965 Quamobrem
1875 2898 1989 2973 pati
2022 2912 2131 2955 non

2224 2891 2590 2974 ἀναιδέστερος
2649 2895 2903 2972 γίνεσθαι’
2981 2893 3097 2951 ὅθεν
3156 2898 3251 2953 οὒκ
3307 2894 3501 2971 ἤνεγκε
3553 2890 3646 2957 τὴν
3684 2888 3840 2942 ἑαυτώ

475 2986 662 3056 potuit
680 2993 901 3043 tantum
927 2996 1104 3044 suum
1128 2986 1401 3050 dedecus,
1429 3001 1618 3058 neque
1643 2994 1855 3045 tantam
1884 2988 2131 3044 ﬁdelium

2223 2984 2487 3050 τοσαύτην
2548 2985 2835 3063 αἰσχύνην,
2869 2983 2986 3042 οὐδὲ
3032 2985 3133 3051 τὴν
3190 2985 3459 3050 τοσαύτην
3514 2986 3616 3037 τῶν
3666 2979 3838 3033 πιστῶν

475 3070 814 3151 spiritalem
845 3071 1234 3152 voluptatem.
1274 3070 1399 3135 Sed
1435 3073 1889 3135 transformatus
1918 3074 1973 3132 in
2024 3072 2131 3133 bu-

2221 3074 2585 3146 πνευματικὴν
2634 3061 2857 3153 ἡδονὴν,
2888 3073 3027 3131 ἆλλὰ
3085 3072 3149 3141 δῆ
3204 3072 3593 3153 σχηματισθεὶς
3643 3069 3707 3130 εἰς
3755 3061 3835 3153 ἄν·

477 3158 701 3262 min‘em
734 3158 804 3238 is,
835 3159 935 3259 qui
956 3151 1094 3221 odio
1123 3161 1306 3262 habet
1333 3160 1638 3262 homines,
1669 3168 1728 3221 et
1749 3179 2047 3261 apparens
2077 3160 2131 3262 in

2219 3166 2428 3239 θρωπον
2461 3164 2487 3219 ὁ
2534 3164 2924 3242 μισάνθρωπος,
2964 3166 3052 3219 καὶ
3090 3163 3251 3237 μέσος
3283 3164 3500 3219 πάντων
3546 3157 3733 3239 φανείς,
3758 3151 3835 3255 τᾲς

2478 3250 2500 3262 .,
2685 3250 2699 3262 .
2750 3253 2761 3262 .
2847 3258 2870 3262 ι
3105 3253 3165 3262 ...
3337 3254 3348 3262 .
3464 3250 3473 3262 .
3688 3244 3701 3262 ι
3765 3258 3835 3262 ____

476 3245 677 3308 medio
708 3247 1003 3336 omnium,
1036 3248 1290 3310 cadillos
1320 3248 1571 3321 vellens,
1611 3259 1670 3310 et
1699 3238 1965 3328 seipsum
2002 3249 2131 3327 pul-

2223 3238 2414 3329 χεῖρας
2477 3250 2625 3331 ἔχων
2681 3238 2766 3307 ἐπὶ
2810 3238 2921 3318 τῆς-
2964 3253 3201 3333 κεφαλῆς
3260 3254 3353 3308 καὶ
3411 3238 3621 3308 κόπτων
3685 3238 3839 3336 ἑαυτὸν

476 3351 617 3396 sans
666 3352 735 3397 ac
787 3334 1060 3397 lacerans
1118 3336 1399 3397 omnibus
1458 3336 1820 3409 videntibus,
1875 3340 2131 3416 primum

2221 3340 2434 3395 πάντων
2507 3340 2774 3415 ὁρώντων,
2843 3342 3055 3414 πρῶτον
3125 3343 3224 3416 μὲν
3294 3339 3529 3397 κατεϐόα
3585 3336 3671 3391 τοῦ
3727 3332 3845 3416 ἱείσοῆ

475 3424 708 3496 quidem
738 3424 1161 3483 vociterabatur
1198 3427 1481 3483 adversus
1516 3411 1951 3484 sacrosanctum
1984 3427 2131 3483 Non.

2224 3429 2416 3486 Νόννου
2477 3411 2564 3486 καὶ
2621 3411 2922 3487 ἆδικετσθαι
2993 3411 3274 3488 διετείνετο
3340 3432 3411 3489 τὰ
3467 3429 3682 3505 μέγιστα
3741 3411 3844 3505 παρῗ

476 3526 644 3597 num,
670 3516 730 3571 et
758 3509 1089 3571 aﬂirmabat
1114 3516 1183 3573 3e
1204 3512 1278 3572 ab
1319 3530 1390 3571 eo
1412 3512 1437 3571 l
1441 3513 1599 3573 uisse
1625 3530 1836 3587 magna
1859 3512 2131 3572 allectum

2224 3518 2382 3575 αὐτοῦ
2413 3517 2504 3573 καί
2564 3519 2655 3579 τὰς
2692 3518 2848 3579 οὔσας
2910 3523 3054 3594 αὐτῷ
3104 3521 3351 3594 δυνάμεις
3406 3515 3725 3597 ἄφαιρεϊσθαι
3774 3502 3845 3560 καὶ

472 3596 719 3686 injuria,
753 3610 813 3661 et
842 3598 1133 3678 privatum
1186 3600 1260 3661 iis
1288 3619 1422 3681 qua;
1470 3600 1531 3661 in
1563 3620 1627 3662 se
1657 3609 1824 3661 erant
1883 3601 2131 3661 viribus.

2218 3604 2653 3675 περικόπτεσθαι·
2714 3608 2837 3663 εἶτα
2886 3611 2974 3665 καὶ
3025 3615 3094 3685 τῇ
3160 3608 3398 3686 Πελαγίᾳ
3455 3596 3665 3669 ἆναιδὴς
3703 3614 3845 3686 προς·

474 3684 707 3751 Deinde
733 3688 910 3751 etiam
944 3688 1327 3770 impudenter
1366 3691 1667 3752 accedens
1694 3690 1766 3750 ad
1804 3692 2129 3769 Pelagiani,

2217 3694 2382 3752 ελῦὼν
2440 3696 2704 3775 προδότην
2762 3698 2929 3765 αὐτὴν
2989 3701 3078 3756 καὶ
3140 3697 3367 3756 ἄπιστον
3426 3692 3701 3767 ἀπεκάλει,
3747 3683 3843 3756 κ²ἷν

471 3794 603 3840 eam
625 3776 1007 3859 proditricem
1024 3778 1270 3841 vocabat
1289 3787 1348 3841 et
1373 3780 1703 3844 inﬁdelem.
1741 3779 1836 3851 Et,
1862 3781 2002 3854 Cur,
2036 3780 2133 3842 in-

470 3866 625 3948 quit,
665 3879 832 3929 tuum
884 3867 1196 3948 abnegasti
1247 3876 1307 3931 et
1341 3888 1404 3932 es
1452 3888 1700 3933 assensa
1726 3870 1983 3932 alieno?
2030 3870 2135 3933 llla
2223 3876 2388 3955 eoo»;

470 3965 671 4049 autem
704 3956 973 4020 extendit
1003 3976 1245 4049 manum
1268 3968 1330 4022 et
1359 3960 1682 4049 malignum
1709 3960 1903 4041 pulsat
1931 3979 2131 4022 cruce.

2220 3968 2310 4045 ρὸν
2374 3952 2460 4039 ’τῷ
2524 3970 2755 4044 σταυρῷ,
2801 3964 2898 4022 καί
2958 3952 3185 4042 παρευθὺ
3243 3968 3271 4023 δ
3327 3952 3587 4040 πολέμιος
3643 3952 3847 4049 ἀφινῆεε

470 4043 673 4134 ῌοειὶε
718 4063 857 4108 vero
910 4047 1184 4129 protinus
1239 4055 1498 4112 evanuit.
1548 4048 1619 4111 Et
1651 4067 1728 4112 ne
1778 4049 1864 4112 sic
1893 4050 2131 4129 quidem

2222 4043 2321 4114 Καὶ
2394 4053 2512 4111 οὒδὲ
2571 4054 2710 4111 οὕτω
2743 4043 2750 4044 7
2783 4059 2883 4122 τῆς
2957 4052 3219 4121 ἀναιδείας
3294 4054 3577 4134 ἀφίσταται
3632 4047 3709 4106 καὶ
3772 4043 3848 4134 τρὖ

469 4132 694 4197 desinit
740 4153 878 4199 esse
923 4136 1246 4218 impudens
1300 4145 1357 4200 et
1404 4157 1437 4200 a
1492 4146 1687 4220 cmpto
1738 4138 1997 4218 desistit,
2029 4140 2131 4201 sed

2222 4143 2647 4223 ἐγχειρήματος,
2689 4141 2828 4198 ἀλλά
2879 4144 2966 4200 καὶ
3026 4143 3178 4207 αὖθις
3236 4132 3539 4224 ἐπιχειρεῖ,
3571 4139 3655 4197 καὶ
3694 4133 3847 4209 πειρᾶ-

468 4240 601 4317 eam
632 4241 844 4288 rursus
900 4232 1089 4289 tentat
1118 4234 1187 4317 et
1225 4227 1586 4308 aggreditur,
1618 4238 1676 4290 et
1706 4228 1906 4289 media
1962 4237 2131 4317 nocte

2220 4254 2333 4312 ται,
2397 4236 2477 4290 «αἱ
2528 4230 2848 4307 καθευδούσῃ
2908 4234 3027 4310 περὶ
3070 4232 3238 4308 μέσας
3287 4234 3479 4297 νύκτας
3535 4233 3663 4304 αὐτῇ
3703 4240 3850 4317 προσζ

467 4313 717 4403 adeam
746 4317 1048 4379 accedens
1076 4316 1299 4380 assistit
1334 4331 1390 4379 et
1442 4335 1573 4380 eam
1606 4317 1843 4391 excitat,
1880 4325 1936 4376 et
1996 4316 2131 4383 dicit

2221 4319 2408 4395 ελθὼν,
2471 4321 2772 4400 ἐφίσταται,
2833 4323 2922 4378 καὶ
2993 4319 3270 4403 διυπνίζει,
3328 4324 3417 4379 καὶ
3459 4321 3604 4399 λέγει
3658 4314 3749 4390 μὲν
3795 4313 3849 4403 ξιά

466 4402 702 4467 eadem.
736 4404 970 4467 Rursus
994 4412 1190 4468 autem
1215 4405 1428 4468 feritur
1451 4423 1653 4479 cruce,
1685 4414 1743 4466 et
1764 4404 1970 4465 statim
1994 4423 2131 4466 eva-

2220 4410 2375 4485 αὖτὰ,
2433 4398 2594 4466 πάλιν
2668 4407 2720 4464 δὲ
2757 4398 3029 4485 βάλλεται
3090 4418 3167 4486 τῷ
3224 4398 3456 4488 σταυρῷ,
3513 4407 3607 4465 καῖ
3664 4398 3845 4482 ἀφανὴς

465 4491 797 4556 nescitJlla
822 4509 966 4556 vero
990 4512 1129 4557 cum
1153 4494 1540 4574 surrexisset,
1579 4493 1874 4571 signiﬁcat
1895 4493 2131 4573 quidem

2221 4499 2366 4561 εὐθὺς
2427 4500 2648 4574 γίνεται,
2715 4490 2776 4553 Ἠ
2835 4497 2889 4555 δὲ
2959 4498 3282 4558 διαναστᾶσα
3343 4501 3581 4579 γνωρίζει
3638 4492 3730 4550 πέν
3789 4488 3847 4579 τῇ

463 4580 545 4656 ei,
577 4599 711 4662 qum
761 4582 951 4664 ipsam
983 4600 1018 4645 e
1066 4592 1273 4646 sancto
1309 4591 1666 4663 susceperat
1695 4581 1992 4662 baptismo
2039 4579 2131 4643 cui

2221 4589 2327 4643 ἀπὸ
2367 4589 2461 4644 τοῦ
2511 4587 2661 4665 ἁγίου
2718 4589 2913 4655 ταύτην
2974 4576 3367 4666 ἀναδεξαμένῃν
3396 4576 3775 4667 βαπτίσματος,
3815 4576 3844 4649 ᾗ

463 4688 689 4734 nomen
719 4680 848 4735 erat
869 4672 1389 4745 Romana,luctam
1426 4671 1772 4733 adversarii.
1809 4668 2131 4735 Conﬁrma-

2218 4674 2283 4743 δὴ
2356 4678 2443 4733 καὶ
2520 4677 2770 4752 Ῥωμάνα
2845 4677 3101 4754 τοῦνομα,
3133 4678 3233 4745 τὴν
3294 4678 3473 4747 πάλην
3527 4685 3619 4734 τοῦ
3682 4668 3848 4754 δυσμεέ

463 4766 562 4824 tur
593 4772 800 4824 autem
832 4760 1036 4824 verbis
1066 4761 1257 4838 illius,
1291 4770 1349 4823 et
1402 4760 1686 4822 adversus
1718 4761 1952 4824 hostem
1982 4762 2131 4824 diri-

2218 4774 2358 4845 νοῦς,
2449 4766 2789 4847 ἑπιρῤώνυται
2882 4765 2939 4824 δὲ
3004 4753 3143 4833 τοῖς
3231 4768 3436 4837 ἐκείνης
3521 4768 3695 4844 λόγοις
3773 4753 3846 4847 uti

462 4849 551 4931 git
578 4850 797 4925 aciem,
833 4859 895 4913 et
924 4850 1184 4933 imponit
1214 4849 1479 4928 maligno
1515 4850 1670 4912 hanc
1705 4850 2030 4913 secundam
2075 4859 2131 4914 et

2219 4844 2359 4922 ππὸς
2458 4844 2747 4936 παράταξιν
2832 4856 3201 4914 ἀντιτάττεται
3305 4860 3394 4915 καὶ
3475 4854 3695 4925 πλήττει
3764 4844 3847 4936 ,τῆν

461 4930 687 5004 eertam
738 4930 1180 5022 plagam—Nam
1240 4957 1374 5002 cum
1407 4957 1441 5001 a
1484 4940 1610 5002 suis
1645 4942 1837 5002 servis
1868 4952 2131 5006 vocasset

2215 4947 2450 5025 πονηρὸν
2507 4930 2719 5023 δευτέρᾳ
2788 4948 2876 5004 καὶ
2945 4948 3122 5026 καιρία
3177 4947 3346 5024 ταύτῃ
3405 4946 3617 5025 πληγῇ.
3691 4930 3842 5026 Καλέν

462 5045 629 5107 eum,
661 5021 765 5112 qui
794 5036 923 5092 erat
954 5028 1214 5091 maxime
1267 5026 1592 5091 benevolus
1622 5041 1681 5092 et
1711 5029 2131 5093 obEdientissi-

2215 5058 2349 5093 σασα
2395 5036 2496 5115 γὰρ
2553 5042 2658 5092 τῶν
2703 5037 2897 5104 ἑαυτῆς
2975 5037 3314 5114 θεραπόντων
3374 5039 3465 5093 τὸν
3519 5021 3838 5091 εὗνουστστόν

460 5136 617 5197 mus,
643 5119 817 5200 jubet
864 5125 932 5180 ut
964 5117 1039 5180 ab
1072 5136 1145 5179 eo
1195 5116 1695 5182 describerentur
1744 5137 1955 5182 omnes
1998 5138 2130 5200 qua

2215 5146 2267 5182 τε
2314 5127 2402 5182 καὶ
2460 5124 2885 5199 εὔπειθὲστατον,
2940 5130 3117 5182 πᾶσαν
3181 5125 3278 5199 μὲν
3338 5127 3473 5202 αὐτῇ
3529 5122 3628 5189 τὴν
3684 5119 3735 5174 ἓν

455 5217 628 5273 erant
647 5199 811 5271 domi
834 5225 958 5269 suae
976 5206 1310 5289 facultates,
1338 5217 1572 5290 quantae
1604 5218 1808 5273 essent
1831 5216 1891 5272 et
1916 5199 2123 5290 quales

2215 5214 2347 5287 οἴκῳ
2403 5216 2581 5273 οὐσίαν
2636 5213 3009 5294 ἀπογραφῆναι
3075 5212 3307 5287 κελεύει,
3352 5214 3454 5281 ὅση
3512 5234 3570 5269 τε
3614 5208 3702 5273 εἴη
3756 5199 3836 5257 καί

452 5297 519 5361 in
547 5315 717 5379 auro,
751 5296 817 5359 in
845 5305 1121 5375 argento,
1158 5298 1216 5360 in
1249 5299 1526 5377 gemmis,
1562 5299 1623 5360 in
1673 5299 2035 5378 margaritis,
2060 5300 2117 5361 in

2215 5302 2296 5360 ›’ία
2355 5303 2408 5360 ἐν
2463 5309 2670 5383 χρυσῷ,
2723 5301 2778 5357 ἐν
2830 5303 3061 5380 ἀργύρῳ,
3105 5301 3159 5358 ἐν
3212 5302 3399 5382 λίθοις,
3433 5306 3489 5359 ὲν
3540 5295 3836 5383 μαργάροιςιν

451 5385 630 5467 vasis,
683 5376 745 5449 in
798 5385 1086 5467 vestibus,
1138 5395 1198 5449 et
1245 5376 1392 5448 nihil
1442 5376 1830 5468 praetermitti
1870 5376 2116 5452 omnino

2215 5393 2254 5449 ἰν
2304 5376 2566 5465 σκεύεσιν,
2601 5392 2655 5447 ἐν
2715 5376 3084 5465 occisia-xui
3122 5387 3252 5467 μηδ’
3310 5376 3485 5452 ὁτίοῦν
3537 5376 3674 5450 ὅλως
3723 5376 3837 5453 ὂμῆ

451 5475 609 5557 quod
662 5493 781 5539 non
812 5474 1278 5539 describeretur.
1317 5475 1486 5549 Quod
1514 5476 1758 5557 quidem
1822 5475 1912 5537 illi
1943 5496 1976 5539 e
2007 5497 2115 5541 sua

2215 5481 2570 5562 ἱπογραφῆναι
2647 5479 2997 5561 καταλείφθῇ,
3075 5483 3164 5539 καὶ
3234 5483 3335 5550 τὴν
3406 5475 3719 5557 ἀπογραφήν
3772 5469 3836 5528 ὡς

450 5564 1060 5647 proceditsententia.
1100 5565 1324 5629 Etcum
1351 5575 1798 5628 sacrosanctum
1834 5564 2108 5629 Nonnum

2215 5573 2364 5652 τάχος
2430 5573 2564 5647 αὒτῇ
2622 5574 2969 5646 κομισθῆναι.
3030 5570 3101 5629 "0
3169 5570 3235 5640 δὴ
3296 5573 3387 5629 καὶ
3442 5569 3578 5626 κατὰ
3632 5562 3835 5652 γνώμην

442 5645 816 5731 accersisset,
844 5655 896 5719 ei
928 5655 1169 5737 quidem
1193 5654 1350 5718 cedit
1387 5653 1663 5717 omnibus
1687 5655 2105 5735 facultatibus,

2215 5645 2369 5737 κείνῃ
2423 5645 2629 5739 χωρεῖ.
2692 5645 2790 5719 Καὶ
2848 5663 2937 5718 τὸν
2995 5662 3131 5738 ἱερὸν
3193 5658 3685 5741 προσκαλεσαμένη,
3719 5645 3836 5708 Νάκ-

2214 3784 2330 3843 Ἵνα
2356 3787 2426 3860 τί,
2476 3787 2631 3864 φησὶ,
2676 3789 2768 3843 τὸν
2802 3789 2893 3843 σὸν
2939 3788 3163 3865 ἠρνήσω
3198 3790 3283 3845 καὶ
3330 3795 3411 3861 τῷ
3439 3782 3691 3859 ἀλλοτρίῳ
3738 3792 3845 3832 συν·

2223 3876 2339 3933 έθου
2372 3896 2388 3955 ;
2453 3866 2516 3933 Ἠ
2572 3875 2627 3931 δὲ
2685 3877 2841 3933 τείνει
2871 3878 2970 3944 τὴν
3027 3890 3217 3956 χεῖρα,
3253 3878 3341 3933 καὶ
3378 3874 3565 3953 βάλλει
3592 3873 3679 3928 τὸν
3704 3883 3846 3956 πονη-
