4086 6390
287 326 400 392 917

1613 328 1800 394 VITA
1844 327 1906 390 S.
1952 328 2327 396 I'ELAGIxE.

3538 338 3656 407 918

286 487 396 532 νον,
429 466 610 534 πάσης
643 467 741 541 μὲν
779 467 922 542 αύτῷ
971 468 1068 533 τῆς
1128 464 1306 529 οὐσίας
1358 476 1704 543 παραχωρεῖ,
1736 463 1922 540 ἀρκεῖν

2025 461 2211 526 licens
2239 465 2359 529 sibi
2388 467 2671 532 sufﬁcere
2703 488 2849 552 opes
2874 488 3008 552 qua;
3037 471 3219 534 habet
3251 491 3320 534 ex
3350 473 3569 536 virtute
3597 485 3658 536 et

287 556 506 613 είποῦτα
535 559 628 613 τὸν
660 555 711 623 ἐξ
754 557 946 635 ἀρετῆς
979 560 1112 634 αὐτῇ
1166 553 1395 614 πλυῦτον
1444 555 1532 610 καί
1582 553 1702 618 ὅσος
1749 556 1778 610 ὁ
1835 562 1928 612 τοῦ

2025 570 2144 628 [uas
2173 564 2310 616 sunt
2339 556 2432 619 sui
2465 558 2671 637 sponsi
2701 566 2760 621 et
2789 559 3030 622 Domini
3080 562 3330 641 Christi,
3363 580 3504 624 suos
3547 581 3656 625 auo

287 646 484 712 ταύτης
539 647 759 726 νυμφίου
815 648 900 704 καὶ
984 645 1256 702 Δεσπότου
1328 651 1551 720 Χριστοῦ
1586 662 1599 676 ·
1674 644 1800 706 τοὺς
1872 641 1928 698 δὲ

285 736 480 802 ἑαυτῆς
536 736 743 800 οἰκέτας
775 743 867 794 τοῦ
909 741 1008 803 τῆς
1037 733 1277 796 δουλείας
1311 733 1474 801 ἀνῆκε
1537 731 1715 810 ζυγοῦ,
1776 729 1926 788 Ἀλλ’

287 824 438 888 ὅπως
495 827 582 882 καὶ
630 832 707 901 μη
766 825 1036 904 παρούσης
1079 825 1152 888 ὡς
1210 823 1286 881 ἔτι
1345 822 1615 899 παρούσης
1677 822 1927 900 προνοίας

285 920 387 982 τῆς
418 914 472 980 ἐξ
499 915 663 983 αὐτῆς
706 913 1051 995 ἀπολαύοιεν,
1096 911 1223 988 μηδ’
1254 914 1310 970 ἐν
1355 919 1523 984 στενῷ
1581 913 1764 975 αὐτοῖς
1793 933 1929 968 κατ-

285 1005 496 1081 αντήσῃ
553 1005 618 1060 τὰ
667 1010 766 1071 τῆς
819 1009 989 1078 ζωῆς,
1047 1004 1140 1059 καὶ
1193 1003 1452 1083 χρήματα
1508 1000 1714 1063 τούτοις
1765 1003 1801 1069 ἦ
1831 1022 1926 1080 φι-

285 1091 595 1172 λάνθρωπος
626 1091 946 1155 ἐπιδίδωσιν.

371 1195 488 1259 IA'.
525 1195 642 1254 Εἶθ’
667 1195 804 1252 οὕτω
847 1196 1061 1252 πάντων
1090 1195 1224 1267 αὖτῇ
1277 1196 1414 1252 κατὰ
1459 1202 1578 1252 νοῦν
1637 1195 1932 1273 χωρησάν-

283 1310 393 1345 των
448 1293 518 1362 τῇ
574 1287 724 1364 κυρίᾳ
781 1287 886 1342 τῶν
941 1286 1156 1361 ἡμερῶν
1219 1284 1318 1350 τὴν
1374 1284 1668 1362 ἐμφώτειον
1727 1281 1931 1339 ἀποδυ-

284 1376 496 1449 σαμένη
539 1375 740 1443 στολὴν
780 1375 870 1432 καὶ
928 1373 1163 1453 τρίχινόν
1218 1394 1277 1430 τε
1332 1376 1420 1430 καὶ
1483 1371 1716 1452 ῥακῶδες
1773 1393 1930 1449 περι.

284 1467 594 1541 ϐαλλομένη
672 1466 926 1546 χιτώνιον
1016 1464 1278 1541 ἐπείγεται
1365 1465 1496 1541 πρὸς
1560 1455 1926 1534 Ἱεροσόλυμα,

287 1559 470 1614 καὶτὸ
501 1556 622 1633 ὅρος
682 1551 1080 1628 καταλαμϐάνει
1138 1556 1244 1608 τιῦν
1293 1551 1546 1624 Ἐλαιῶν,
1593 1552 1704 1626 ἅμα
1733 1550 1788 1608 δὲ
1841 1553 1930 1608 καὶ

287 1653 398 1703 τῶν
449 1647 676 1724 ἀρετῶν,
739 1642 932 1720 μηδενῖ
988 1643 1086 1711 τήν
1144 1641 1365 1720 γνώμην
1395 1640 1766 1715 κοινωσαμένη
1794 1640 1930 1716 μηδὲ

285 1733 586 1810 μεταδοῦσα
613 1733 705 1790 τοῧ
733 1733 1043 1809 μυστηρίου.
1107 1733 1211 1789 Καὶ
1265 1731 1331 1787 τὰ
1384 1730 1481 1805 μὲν
1529 1731 1736 1796 ἐκείνης
1793 1729 1932 1788 οὕτω

2011 647 2128 702 tem
2161 660 2366 706 servos
2421 648 2774 710 manumisit
2823 667 2859 712 e
2899 652 3047 730 jugo
3078 651 3402 714 servitutis.
3437 651 3559 714 Sed
3595 662 3660 713 ut

2011 731 2244 794 etiamsi
2272 751 2389 796 non
2419 735 2682 810 adesset,
2716 757 2891 819 quam
2925 757 3136 803 eorum
3169 741 3420 820 gerebat
3451 758 3658 802 curam

2011 821 2324 903 sentirent,
2370 843 2569 906 neque
2624 827 2805 890 eisin
2833 836 3062 891 erctum
3101 839 3416 909 cogeretur
3447 847 3656 894 eorum

2013 915 2152 992 vita,
2183 912 2272 975 eis
2301 914 2558 995 benigna
2589 917 2806 980 mulier
2833 919 2932 981 dat
2962 919 3268 1001 pecunias.

2093 1191 2190 1284 ΧΙ.
2227 1193 2454 1258 Deinde
2477 1216 2611 1260 cum
2645 1199 2734 1263 sic
2766 1209 2823 1262 et
2852 1202 3052 1264 omnia
3105 1203 3537 1284 processissent
3584 1219 3653 1263 ex

2013 1281 2106 1344 sui
2134 1284 2316 1344 animi
2366 1288 2664 1350 sententia
2712 1289 2814 1352 die
2871 1281 3182 1354 Dominico
3231 1311 3365 1354 cum
3426 1300 3652 1353 vestem

2014 1377 2268 1435 exuisset
2296 1379 2681 1450 splendidam,
2704 1397 2736 1439 e
2759 1382 2893 1453 pilis
2912 1384 3227 1449 confectam
3260 1394 3316 1442 et
3344 1399 3658 1457 pannosam

2012 1459 2270 1550 induens
2295 1464 2862 1540 tunicam,coucedit
2885 1465 3381 1550 Hierosolymam,
3418 1479 3480 1531 et
3501 1469 3664 1531 venit

2013 1548 2076 1641 in
2107 1562 2371 1614 montem
2402 1551 2637 1631 Oliveti,
2689 1558 2793 1638 qui
2845 1568 2972 1620 erat
3024 1548 3186 1620 idem
3219 1577 3457 1641 quoque
3489 1577 3661 1620 mons

2011 1638 2321 1722 virtutum,
2361 1662 2494 1705 cum
2534 1663 2705 1707 suum
2743 1647 3008 1709 animum
3041 1667 3174 1710 cum
3205 1638 3374 1711 nullo
3393 1667 3663 1711 commu-

2014 1729 2274 1815 nicasset
2305 1749 2502 1811 neque
2523 1735 2857 1815 aperuisset
2877 1738 3272 1802 arcanum.Et
3294 1757 3391 1799 res
3413 1737 3660 1815 quidem

287 1826 491 1901 κρυπτὰ
533 1825 619 1879 καὶ
650 1824 798 1898 μόνῳ
827 1821 960 1890 δῆλα
990 1829 1068 1895 τῷ
1095 1822 1160 1877 τὰ
1207 1821 1382 1900 ἀφανῆ
1443 1819 1723 1910 βλέποντι.
1787 1817 1930 1910 Ἤδη

2025 1813 2175 1879 illius
2201 1831 2369 1882 erant
2389 1812 2656 1895 occultae,
2695 1833 2754 1886 et
2777 1826 2832 1888 ei
2849 1826 2960 1888 soli
2986 1828 3334 1902 manifestas,
3368 1812 3469 1910 qui
3500 1827 3662 1890 videt

282 1913 340 1970 δὲ
397 1920 505 1970 τῶν
564 1912 618 1969 ἑν
675 1911 983 1990 Ἀντιοχείᾳ
1032 1908 1460 1986 συνειλεγμένων
1505 1908 1836 1978 ἐπισκόπων,
1881 1907 1934 1964 ἐν

285 2005 378 2066 οἶς
409 2003 476 2070 ἦν
505 2001 602 2057 καΐ
637 2002 852 2071 Νόννος,
885 2001 1013 2064 ταῖς
1048 2001 1220 2056 αὐτῶν
1274 1997 1580 2065 ἐκκλησίαις
1615 1998 1762 2063 αὖθις
1792 1998 1934 2053 ἆπο-

287 2092 570 2164 δοθέντων,
631 2091 880 2156 κάκείνης
927 2090 1213 2168 ἂγνώστως
1273 2087 1409 2145 οὕτω
1452 2100 1571 2151 τοῖς
1618 2090 1782 2164 ἱεροτς
1838 2088 1932 2142 τό-

285 2203 412 2244 ποις
468 2178 960 2260 προσεδρευούσης,
1031 2177 1128 2234 καί
1210 2177 1405 2258 χρόνου
1479 2183 1714 2249 τριετοῦς
1801 2175 1936 2251 αὐτῇ

285 2269 664 2347 διαγενομένου
718 2272 864 2332 θεῖος
923 2279 1062 2345 αἱρεῖ
1119 2269 1280 2329 πόθος
1331 2267 1449 2323 τινὰ
1510 2269 1615 2322 τῶν
1675 2272 1753 2339 τῷ
1811 2264 1935 2321 ἐπι-

293 2362 480 2433 σκόπῳ
513 2361 696 2432 Νάννῳ
725 2360 990 2415 συνόντων
1029 2353 1310 2434 (Ἰάκωϐος
1341 2356 1491 2420 οὗτος
1530 2355 1638 2433 ἦν),
1686 2356 1774 2411 καὶ
1829 2361 1937 2410 τῶν

291 2451 446 2527 ἱερῶν
471 2450 559 2530 ἐρᾷ
589 2449 792 2528 τόπων,
831 2449 1024 2514 θεατὴς
1054 2447 1166 2522 ἆίμα
1202 2447 1289 2504 καὶ
1319 2447 1690 2526 προσκυνητὴς
1721 2444 1934 2501 ἐκείνω-ι

294 2542 438 2597 εἶναι
468 2538 788 2615 βουλόμενος
827 2555 840 2570 ⁸
875 2537 971 2592 καῖ
1002 2535 1066 2604 δὴ
1098 2536 1400 2614 προσελθὼν
1429 2540 1506 2608 τῷ
1557 2534 1806 2614 ἀρχιερεῖ
1836 2535 1934 2596 τὴν

289 2632 377 2687 ἐπὶ
434 2631 501 2685 τὰ
546 2621 884 2706 Ἰεροσόλυμα
945 2626 1144 2691 ταύτην
1197 2622 1316 2681 ὁδὸν
1365 2623 1589 2704 ἐξαιτεῖ,
1621 2626 1708 2680 καὶ
1764 2621 1934 2679 δεῖται

287 2727 449 2778 τοῦτο
508 2721 648 2790 αύτῷ
703 2716 1046 2796 χαρίσασθαι,
1091 2715 1152 2772 Ὀ
1211 2711 1263 2769 δὲ
1322 2713 1387 2782 ἦν
1446 2715 1546 2792 γὰρ
1603 2712 1935 2792 προφητικὸς

290 2814 319 2866 ὃ
363 2809 502 2886 ἀνὴρ
562 2809 650 2863 καὶ
707 2805 1012 2878 Πνεύματος
1069 2801 1304 2882 πλήρης,
1363 2803 1452 2859 καὶ
1507 2804 1568 2858 τὸ
1625 2801 1801 2878 πόρῥω
1849 2801 1937 2857 καὶ

284 2897 486 2976 μέλλον
541 2895 674 2953 ἰδεῖν
729 2896 960 2968 ἱκανὸς),
1021 2891 1320 2967 Ἀπελεύσῃ
1381 2893 1504 2971 μὲν,
1575 2891 1678 2970 ἔφη
1711 2905 1726 2921 ⁹
1775 2891 1934 2968 εὑρή-

287 3010 404 3051 σεις
448 2986 505 3043 δέ
555 3007 672 3042 τινα
728 2985 966 3055 ζητήσας
1027 2981 1282 3060 εὐνοῦχον
1350 2979 1612 3058 Πελάγιον
1667 2980 1932 3059 μοναχὸν,

289 3081 392 3144 τὴν
437 3075 702 3152 μακαρίαν
753 3070 957 3140 δηλαδὴ
1009 3070 1272 3148 Πελαγίαν
1300 3077 1454 3127 τοῦτο
1507 3068 1686 3126 καλῶν
1720 3087 1732 3100 ·
1771 3070 1940 3140 τούτῳ

2018 1925 2088 1969 ea
2107 1909 2284 1970 etiam
2308 1929 2442 1991 quin
2461 1920 2600 1974 sunt
2622 1913 3151 1980 abscondita.Cum
3174 1926 3370 1979 autem
3395 1918 3665 1997 episcopi

2019 1998 2119 2077 qui
2139 2001 2480 2079 congregati
2497 2001 2734 2066 fuerant
2767 2004 3123 2080 Antiochiae,
3161 2006 3318 2068 inter
3349 2023 3499 2086 quos
3529 2013 3660 2067 erat

2019 2088 2286 2162 Nonnus,
2314 2089 2374 2150 in
2406 2108 2542 2152 suas
2563 2091 2888 2155 rediissent
2915 2093 3300 2170 Ecclesias,et
3329 2095 3431 2157 illa
3461 2095 3662 2173 ignota

2018 2175 2079 2236 in
2104 2177 2292 2238 sacris
2315 2178 2462 2242 locis
2482 2181 2567 2242 sic
2599 2182 2898 2245 resideret
2920 2194 2979 2246 et
2994 2184 3118 2265 jam
3141 2183 3465 2246 triennium
3490 2184 3550 2244 in
3575 2182 3663 2244 eis

2019 2267 2427 2346 transegisset,
2451 2271 2769 2350 quemdam
2803 2289 2878 2336 ex
2908 2274 2981 2335 iis
3003 2273 3276 2335 diaconis
3301 2273 3402 2354 qui
3432 2273 3666 2334 fuerant

2017 2373 2151 2416 cum
2177 2357 2392 2419 Nonno
2414 2358 2679 2421 divinum
2705 2361 2954 2424 incessit
2975 2362 3340 2425 desiderium
3369 2363 3444 2444 (is
3463 2367 3662 2425 autem

2017 2453 2144 2506 erat
2163 2444 2530 2529 Jacobus),et
2549 2449 2784 2529 capitur
2808 2469 3015 2514 amore
3039 2470 3343 2514 sacrorum
3369 2453 3662 2524 locorum,

2017 2535 2221 2595 volens
2251 2535 2493 2599 illorum
2527 2539 2707 2601 simul
2741 2540 2867 2601 ﬁeri
2929 2550 3230 2622 spectator
3275 2551 3332 2604 et
3361 2543 3662 2604 adorator.

2019 2625 2228 2712 itaque
2264 2627 2556 2688 accedens
2589 2629 2659 2689 ad
2722 2630 3058 2709 pontiﬁcem
3122 2633 3374 2712 postulat
3429 2640 3496 2693 ut
3551 2629 3666 2691 sibi

2018 2710 2195 2798 liceat
2214 2713 2301 2774 ire
2327 2712 2829 2795 Hierosolyma,et
2845 2729 3016 2798 rogat
3039 2728 3104 2780 ut
3123 2710 3236 2781 hoc
3262 2719 3317 2781 ei
3349 2717 3662 2781 concedat.

2018 2797 2124 2862 Ille
2148 2810 2342 2862 autem
2379 2807 2525 2876 (erat
2553 2805 2714 2866 enim
2769 2807 2853 2867 vir
2904 2797 3291 2887 propheticus
3350 2819 3409 2870 et
3452 2809 3666 2888 plenus

2017 2888 2267 2970 Spiritu,
2302 2898 2362 2952 et
2391 2892 2448 2952 id
2478 2894 2634 2973 quod
2669 2895 2874 2974 procul
2906 2905 3113 2957 eratet
3142 2898 3429 2976 futurum,
3459 2896 3665 2956 videre

2023 2986 2285 3061 potens),
2322 2980 2439 3041 Ibis
2471 2981 2739 3062 quidem,
2762 2983 2992 3066 inquit;
3026 2986 3075 3047 si
3106 2985 3412 3066 quaesieris
3441 2993 3663 3064 autem,

2021 3067 2293 3130 invenies
2355 3070 2675 3150 quemdam
2727 3076 3069 3136 eunuchum
3127 3075 3426 3154 Pelagium
3465 3093 3667 3136 mona-

289 3166 576 3247 πρόσελθε,
627 3166 714 3220 καὶ
769 3162 1231 3240 συναναστρέφου,
1289 3164 1377 3218 καὶ
1432 3159 1638 3226 πολλῆς
1687 3157 1937 3239 ὠφελείας

2025 3157 2227 3232 chum,
2264 3159 2496 3223 beatam
2530 3161 2618 3223 sic
2646 3179 2864 3224 vocans
2897 3165 3217 3244 Pelagiam.
3266 3165 3360 3228 Ad
3401 3182 3538 3226 eum
3569 3183 3662 3226 ac.

292 3257 491 3329 ὄντως,
529 3250 741 3331 ἆδελφὲ,
803 3248 1035 3325 μεθέξεις
1095 3250 1488 3325 πνευματικῆς,
1532 3247 1786 3311 Ἰάκωϐος
1841 3247 1939 3321 μὲν

292 3345 383 3402 οὖν
443 3346 520 3405 ὡς
576 3342 736 3421 εἶχεν
795 3341 1024 3414 ἑτοίμως
1085 3341 1217 3414 πρὸς
1261 3340 1382 3402 τοὺς
1434 3339 1614 3416 ἁγίους
1675 3335 1939 3415 ἐπείγεται

293 3435 516 3511 τόπους,
577 3433 662 3486 καὶ
745 3430 1118 3506 προσκυνητὴς
1205 3427 1420 3484 ἐκείνων
1511 3427 1800 3504 γενόμενος
1858 3425 1944 3481 ἐπὶ

294 3527 397 3591 τὴν
453 3524 677 3594 ζήτησιν
720 3521 858 3597 ὁρμᾷ
903 3517 1161 3596 Πελαγίου
1189 3515 1344 3584 δῆθεν
1380 3533 1394 3546 '
1443 3516 1539 3572 καί
1571 3515 1634 3584 δὴ
1677 3513 1940 3592 Πελαγίας

294 3613 519 3671 ἐπιστὰς
567 3616 636 3686 τῇ
691 3607 881 3685 κέλλῃ,
941 3608 1163 3683 κρούσας
1221 3605 1423 3664 ἐκάλει.
1487 3605 1746 3670 Κάκείνης
1789 3603 1941 3669 ἐξελ-

295 3703 490 3769 θούσης
549 3702 642 3776 ὁρᾷ
700 3698 1002 3772 Πελαγίαν,
1091 3695 1228 3770 μήτε
1288 3693 1437 3758 εἰδὼς
1497 3693 1616 3760 ἥτις
1674 3695 1740 3762 ἧν
1799 3695 1938 3767 μήτε

301 3791 400 3848 κᾶν
429 3813 510 3854 τις
543 3802 800 3866 προεῖπεν
860 3785 920 3841 ’ἐκ
975 3807 1034 3861 γε
1095 3791 1200 3841 τῶν
1247 3784 1530 3864 δρωμένων
1589 3782 1734 3863 ἔχων
1787 3781 1940 3838 τοῦτο

296 3879 532 3938 συνιδεῖν
587 3881 623 3946 ἢ
654 3873 970 3947 συμϐαλεῖν.
1005 3873 1076 3934 Τό
1107 3896 1164 3930 τε
1192 3875 1291 3953 γὰρ
1339 3878 1538 3953 χρῶμα
1595 3874 1759 3948 ταύτῃ
1815 3893 1939 3941 μετ·

297 3969 569 4047 ἤλλακτο,
629 3969 715 4024 καὶ
783 3967 831 4021 οἱ
917 3964 1177 4045 ὀφθαλμοὶ
1235 3965 1567 4035 κεκοίλα-οτο,
1614 3962 1710 4018 καῖ
1767 3961 1940 4017 πάντα

291 4067 364 4136 τῇ
415 4059 693 4136 ἐγκρατείᾳ
751 4055 1012 4124 ἡλλοίωτό
1066 4076 1121 4110 τε
1188 4056 1275 4109 καὶ
1331 4049 1719 4127 μεταϐέϐλητο,
1791 4047 1944 4106 Ἀλλ’

295 4148 416 4206 atat
473 4155 578 4206 τῶν
637 4146 814 4202 ἄλλων
859 4145 964 4202 τῶν
1019 4143 1072 4199 ἐν
1123 4141 1513 4219 Ἰεροσολύμοις
1550 4139 1710 4202 οὐδεὶς
1746 4140 1944 4206 ταύτην

296 4237 510 4316 βλέπων
533 4250 762 4316 γυναῖκα
783 4233 919 4308 ᾤετο
951 4237 1202 4312 καθορᾷν.

385 4505 492 4565 ιΒ’.
553 4497 610 4562 Ὀ
656 4505 754 4579 μὲν
787 4502 876 4560 οὖν
923 4503 998 4564 ὡς
1029 4500 1172 4577 παρὰ
1200 4497 1384 4577 ἀνδρὸς
1413 4501 1513 4565 τῆς
1547 4498 1788 4576 εὖλογίας
1845 4518 1943 4553 τυ-

301 4595 423 4674 χὼν
481 4594 713 4662 εἱστήκει
772 4593 906 4668 πρὸς
987 4590 1086 4656 τὴν
1157 4588 1217 4644 ἐκ
1283 4591 1379 4654 τῆς
1467 4588 1774 4665 ἐγκρατείας
1822 4585 1944 4642 θέαν

2025 3248 2195 3321 cede,
2232 3256 2288 3309 et
2311 3267 2448 3310 eum
2477 3267 2549 3310 eo
2579 3270 2836 3333 versare,
2873 3262 2931 3314 et
2957 3273 3248 3334 magnam,
3277 3274 3310 3316 ο
3342 3256 3544 3328 frater,
3570 3272 3666 3315 re-

2023 3355 2162 3398 vera
2191 3338 2561 3418 spiritualem
2591 3342 2889 3422 percipies
2918 3344 3460 3424 ntilitatcm.Atque
3489 3347 3667 3406 Jaco-

2023 3430 2136 3487 bus
2167 3426 2409 3506 quidem
2445 3448 2618 3510 quam
2673 3437 2860 3510 potuit
2889 3433 3202 3495 celerrime
3256 3433 3566 3496 contendit
3593 3433 3664 3494 ad

2024 3514 2156 3575 loca
2185 3533 2376 3590 sacra,
2411 3526 2468 3578 et
2503 3537 2638 3580 cum
2671 3519 2771 3581 illa
2801 3519 3474 3600 adorasset,aggreditur
3499 3540 3664 3600 quin-

2026 3622 2160 3665 rere
2195 3605 2753 3684 Pelagium.Etcum
2782 3611 3136 3672 accessisset
3166 3613 3237 3672 ad
3266 3612 3479 3673 cellam
3507 3612 3668 3672 Pela-

2021 3693 2151 3771 gize.
2190 3695 2440 3774 pulsavit
2473 3709 2535 3758 et
2563 3715 2694 3758 eam
2749 3700 2994 3762 vocavit.
3030 3702 3302 3780 Cumque
3353 3700 3453 3760 illa
3512 3708 3669 3761 esset

2023 3783 2456 3859 egressa,videt
2486 3786 2807 3868 Pelagiam,
2832 3804 3030 3867 neque
3061 3791 3259 3850 sciens
3281 3807 3551 3869 quaenam
3576 3806 3670 3848 es-

2023 3879 2134 3950 set,
2172 3891 2367 3952 neque
2399 3874 2637 3935 etiamsi
2669 3876 2800 3956 quis
2833 3877 3000 3956 prius
3033 3877 3307 3951 dixisset,
3343 3896 3411 3938 ex
3437 3877 3510 3937 iis
3536 3895 3670 3956 quae

2022 3960 2322 4036 videntur,
2365 3963 2478 4024 hoc
2512 3972 2718 4043 potens
2749 3965 2992 4026 omnino
3025 3966 3360 4044 intelligere
3402 3975 3501 4027 aut
3529 3984 3669 4027 con-

2019 4049 2214 4128 jicere
2241 4074 2254 4119 ;
2295 4069 2428 4110 nam
2472 4061 2529 4112 et
2557 4052 2726 4114 color
2755 4061 2882 4114 erat
2913 4053 2973 4116 ei
3005 4063 3284 4133 mutatus,
3335 4063 3393 4116 et
3425 4056 3670 4116 concavi

2027 4149 2194 4200 erant
2212 4141 2342 4218 ejus
2364 4141 2612 4214 oculi,et
2631 4141 2992 4205 abstinentia
3013 4152 3181 4206 erant
3207 4145 3406 4206 omnia
3419 4145 3671 4206 alterata

2029 4237 2088 4290 et
2123 4237 2368 4293 mutata.
2404 4230 2521 4291 Sed
2582 4249 2693 4292 nec
2746 4231 2906 4293 ullus
2963 4233 3115 4293 alius
3139 4252 3208 4294 ex
3240 4234 3334 4314 iis,
3370 4233 3471 4314 qui
3505 4241 3674 4294 erant

2029 4317 2458 4399 Hierosolymis
2481 4321 2632 4383 hanc
2652 4321 3050 4400 aspiciens,se
3085 4322 3322 4402 putabat
3357 4321 3668 4382 mulierem

2029 4409 2320 4490 aspicere.

2108 4497 2444 4580 Xl[.Atque
2467 4500 2570 4561 ille
2590 4502 2832 4582 quidem
2857 4509 3142 4583 tanquam
3163 4520 3193 4563 a
3218 4501 3342 4562 viro
3367 4507 3673 4563 assecutus

2027 4589 2530 4662 benedictionem,
2586 4593 2752 4654 stetit
2798 4592 3080 4654 attonitus
3133 4601 3192 4654 et
3252 4592 3428 4653 veluti
3459 4599 3674 4653 emota;

294 4668 722 4750 ἐξεστηκὼς.⁶Η
755 4680 810 4736 δὲ
841 4688 1036 4758 γνοῦσα
1065 4677 1181 4735 ὅθεν
1239 4681 1325 4734 καὶ
1383 4675 1528 4740 ὅστις
1586 4677 1651 4743 ἦν
1713 4678 1741 4732 ὁ
1798 4697 1937 4751 παρ-

2029 4684 2242 4740 mentis
2271 4680 2342 4739 ad
2367 4682 2772 4761 spectaculum
2795 4683 2924 4762 ejus
2940 4681 3448 4744 abstinentiaallla
3475 4688 3674 4743 autem

301 4772 574 4849 εστηκὼς,
637 4771 680 4826 εί
737 4772 829 4826 τοῦ
884 4766 1188 4848 ἀρχιερέως
1246 4765 1384 4822 ἐστὶν
1441 4766 1756 4822 ἐπάνθυνετο
1804 4764 1944 4822 Νόν-

299 4883 420 4932 νου,
484 4860 675 4915 ἑκοῦσα
733 4857 902 4928 δήπου
950 4855 1317 4930 πυνθανομένη
1378 4857 1437 4911 τὸ
1494 4855 1662 4930 ταύτῃ
1714 4854 1801 4910 καὶ
1843 4853 1946 4928 πρὸ

297 4955 403 5016 τῆς
437 4949 746 5026 ἐρωτήσεως
779 4947 1070 5026 γνώριμον,
1125 4951 1228 5003 Τοῦ
1285 4943 1340 5000 δὲ
1369 4949 1526 5000 τοῦτο
1577 4941 1944 5011 συνειπόντος,

300 5037 660 5109 Ἀπόστολος,
709 5039 891 5116 φησὶν,
945 5039 972 5093 ὁ
1030 5035 1186 5114 ἀνὴρ,
1246 5036 1342 5090 καί
1382 5033 1514 5112 ὑπὲρ
1543 5038 1649 5088 τῶν
1679 5031 1822 5098 ἐμῶν
1853 5030 1945 5086 εὖ-

301 5130 477 5194 ξάσθω
507 5128 765 5201 ἀνομιῶν.
822 5127 918 5184 Καὶ
977 5125 1138 5204 μέχρι
1198 5121 1347 5180 τουδε
1404 5125 1494 5179 τὸν
1551 5120 1712 5198 λόγον
1769 5120 1944 5177 ἐκτεί-

302 5241 440 5274 νασα
487 5217 650 5272 κλείει
709 5216 808 5282 τὴν
861 5216 1015 5293 θύραν
1047 5215 1211 5286 αὖθις,
1245 5216 1340 5270 καί
1397 5215 1490 5278 τὰς
1550 5211 1784 5274 εἰωθυίας
1846 5208 1950 5286 ἥρ-

303 5310 430 5374 ξατο
487 5307 713 5383 ψάλλειν
767 5304 926 5380 ᾠδάς.
991 5302 1241 5368 ἰδίκωῖος
1287 5303 1340 5359 δὲ
1374 5301 1509 5360 πολὺ
1541 5303 1601 5357 τὸ
1652 5298 1835 5378 κέρδος
1897 5298 1951 5354 ἐν

301 5402 507 5477 βραχεῖ
563 5402 732 5474 καιρῷ
787 5395 1134 5472 περισάμενος
1193 5395 1278 5450 οιαὶ
1339 5391 1403 5460 δὴ
1460 5391 1549 5449 καὶ
1593 5388 1757 5465 μέτρα
1799 5387 1951 5444 διδα-

304 5489 455 5568 χθές
514 5487 678 5564 λόγου
760 5495 1055 5560 μοναστατς
1140 5485 1422 5558 ἀρκοῦντος
1481 5482 1572 5536 καὶ
1628 5478 1947 5556 πρέποντος,

303 5577 667 5659 ἀναχωρήσας
698 5574 781 5630 ἐπὶ
813 5575 876 5631 τὰ
927 5571 1045 5640 ἐξῆς
1097 5571 1291 5652 ἐχώρει
1350 5582 1574 5646 σεμνεϊα
1634 5570 1721 5625 καὶ
1781 5591 1947 5648 φρον-

2031 4786 2166 4829 cum
2198 4768 2468 4830 scivisset
2487 4778 2546 4831 et
2568 4772 2874 4851 cujasnam
2910 4779 3088 4846 esset,
3119 4780 3178 4833 et
3207 4771 3486 4848 quisnam
3520 4779 3680 4832 esset

2031 4857 2082 4918 is
2113 4858 2213 4938 qui
2244 4857 2472 4933 aderat,
2496 4860 2720 4939 rogavit
2743 4868 2941 4923 tamen
2972 4879 3045 4922 an
3074 4870 3234 4923 esset
3264 4860 3464 4925 Nonni
3489 4860 3680 4942 ponti-

2032 4947 2182 5022 ﬁcis,
2215 4947 2327 5008 hoc
2356 4965 2462 5009 sua
2487 4957 2698 5028 sponte
2727 4950 3292 5030 interrogans,quod
3327 4958 3456 5011 erat
3487 4949 3542 5010 ei
3574 4967 3678 5011 no-

2035 5045 2154 5097 tum
2190 5045 2328 5098 ante
2361 5037 2916 5116 interrogationem.
2979 5040 3125 5102 Cum
3186 5038 3289 5101 ille
3319 5046 3519 5100 autem
3565 5039 3680 5100 hoc

2033 5127 2387 5188 affirmasset
2421 5148 2433 5189 :
2468 5125 2592 5202 Est,
2623 5127 2816 5209 inquit
2843 5128 2966 5202 illa,
3012 5129 3100 5188 vir
3130 5128 3514 5209 apostolicus,
3551 5129 3682 5208 ipse

2037 5234 2141 5296 pro
2167 5215 2314 5276 meis
2341 5223 2614 5295 precetur
2636 5217 3068 5298 iniquitatibus.
3109 5217 3173 5278 Et
3197 5236 3329 5278 cum
3365 5217 3682 5296 hucusque

2035 5323 2204 5368 suam
2222 5306 2587 5368 extendisset
2602 5307 3175 5381 orationem,rursus
3190 5307 3416 5369 claudit
3435 5305 3676 5380 ostium,

2034 5404 2098 5455 et
2127 5403 2411 5456 consueta
2437 5395 2614 5476 coepit
2643 5396 2901 5476 psallere
2928 5395 3449 5459 canticaJacobus
3477 5403 3676 5455 autem

2033 5502 2169 5546 cum
2194 5485 2354 5546 brevi
2377 5492 2646 5566 tempore
2672 5487 2857 5548 multa
2901 5487 3314 5563 lucrifecisset,
3343 5494 3400 5546 et
3428 5483 3683 5546 didicis-

2033 5583 2126 5636 set
2159 5592 2498 5637 mensuram
2533 5579 2831 5640 sermonis
2865 5576 2967 5658 qui
3027 5576 3336 5638 monachis
3366 5572 3586 5636 suflicit
3627 5580 3684 5634 et
