4086 6418
487 320 605 390 919

1695 323 2077 390 ADDENDA.
2107 354 2176 370 -
2211 324 2650 390 NOVEMBER.

3719 332 3826 400 920

487 459 771 522 convenit
800 459 1096 523 recedens
1141 459 1215 522 ad
1244 460 1477 542 reliqua
1521 459 1785 541 perrexit
1843 458 2128 540 deinceps

2217 463 2460 540 τιστήρια
2514 461 2726 533 πολλήν
2779 485 2899 520 τινα
2954 463 3040 520 καὶ
3121 463 3262 544 παρᾶ
3319 463 3530 524 πολλῶν
3583 467 3829 548 συλλέγων

490 550 875 626 monasteria,
911 549 1235 631 plurimam
1272 569 1340 612 ex
1376 551 1575 613 multis
1603 549 1891 628 colligens
1919 549 2135 612 animae

491 638 838 706 utilitatem.

561 729 700 790 XIII.
731 731 857 791 Non
899 732 1143 792 multum
1189 733 1505 792 intercessit
1530 732 1804 802 temporis
1826 748 1957 791 cum
1986 733 2131 790 fama

489 815 601 879 fuit
621 815 913 897 insignem
932 817 1252 899 quemdam
1275 818 1464 880 virum
1490 817 1736 880 nomine
1764 817 2070 898 Pelagium
2097 836 2130 880 e

487 906 633 968 vivis
661 911 1014 983 excessisse,
1041 907 1144 988 qui
1174 908 1236 969 in
1267 908 1383 969 vita
1415 925 1562 970 usus
1592 915 1684 970 est
1715 926 1926 986 magna
1956 926 2129 972 exer-

489 994 771 1058 citatione
808 1007 862 1058 et
883 1001 1126 1059 virtute.
1163 995 1235 1058 Et
1261 997 1455 1058 statim
1488 997 1732 1077 quidem
1768 1006 2131 1074 congregata

485 1085 594 1144 fuit
615 1087 921 1146 multitudo
949 1089 1365 1147 monachorum
1391 1108 1404 1154 ;
1459 1097 1804 1159 congregata
1830 1099 1912 1146 est
1942 1098 2131 1146 autem

487 1188 697 1234 eorum
723 1191 963 1254 quoque
984 1173 1084 1254 qui
1106 1182 1279 1236 erant
1318 1173 1542 1255 alioqui
1579 1172 1658 1253 pii
1691 1180 1750 1235 et
1782 1173 1981 1254 mites,
2016 1182 2132 1234 tam

484 1259 886 1338 habitantium
913 1281 1100 1343 prope
1122 1261 1475 1344 Iordanem,
1517 1280 1696 1342 quam
1720 1261 1935 1324 civium
1959 1261 2137 1325 Nico-

485 1351 640 1432 polis
661 1359 720 1413 et
740 1350 1466 1429 Hierichuntis,omnibus
1487 1351 1731 1413 demum
1758 1353 1861 1431 qui
1883 1351 2136 1414 circum-

484 1439 648 1503 circa
663 1449 838 1504 erant
857 1441 1442 1522 convenientibus,et
1461 1439 1852 1502 decedentem
1879 1441 1952 1502 de
1971 1460 2137 1505 more

487 1528 1020 1610 prosequentibus.
1055 1529 1170 1604 Qui
1197 1549 1332 1594 cum
1364 1529 1438 1592 ad
1469 1547 1687 1610 corpus
1717 1532 2133 1607 accessissent,

489 1624 548 1679 et
567 1617 629 1679 id
661 1628 967 1698 unguento
992 1639 1222 1700 ungere
1251 1619 1516 1700 aggressi
1539 1625 1762 1694 essent,
1799 1618 2001 1681 vident
2028 1641 2133 1682 no-

485 1724 623 1769 vum
656 1715 716 1770 et
743 1708 1008 1771 alienum
1067 1709 1503 1791 spectaculum,
1564 1729 1784 1793 nempe
1818 1715 2130 1777 mulierem

2217 550 2479 630 ὠφέλειαν
2520 555 2788 634 ψυχικήν.

2299 731 2407 791 ll".
2444 736 2517 792 Οὐ
2566 732 2703 790 πολὺ
2732 735 2794 790 τὸ
2823 734 2878 792 ὲν
2942 734 3112 810 μέσῳ,
3159 735 3244 791 καὶ
3300 735 3582 811 φημίζεται
3609 757 3693 801 τις
3740 758 3836 804 ση-

2217 822 2501 901 μειοφόρος
2560 823 2693 901 ἀνὴρ
2759 823 3020 902 Πελάγιος
3093 820 3333 898 ἑκϐιοὺς,
3397 823 3573 900 πολλῇ
3628 847 3727 882 τινι
3778 827 3839 895 τῇ

2209 914 2353 990 παρὰ
2399 914 2490 970 τὸν
2548 913 2661 988 βίον
2716 915 3062 992 χρησάμενος
3120 913 3348 982 ἀσκήσει
3408 915 3497 970 καὶ
3541 914 3720 992 ἀρετῇ.
3754 922 3838 975 Καὶ

2212 1003 2397 1058 αὐτίκα
2455 1003 2796 1080 συνήθροιστο
2878 1003 2976 1078 μὲν
3061 1001 3268 1070 πλῆθος
3329 1010 3614 1083 μοναχῶν,
3681 1006 3835 1074 cuni-

2211 1093 2419 1168 θροιστο
2475 1089 2530 1147 δὲ
2596 1099 2703 1149 τῶν
2763 1091 2935 1155 ἄλλως
2995 1091 3246 1148 ἐπιεικῶν
3293 1091 3391 1150 καὶ
3453 1091 3707 1167 εὖλαϐὦν,
3760 1097 3837 1151 καὶ

2217 1179 2340 1236 ὅσον
2397 1180 2494 1256 μὲν
2550 1183 2787 1260 παρῴκει
2844 1184 2934 1238 τόν
2979 1179 3266 1258 Ἰορδάνην,
3307 1180 3432 1238 ὅσον
3483 1179 3538 1238 δὲ
3587 1181 3652 1250 ἦν
3681 1194 3834 1242 Νικο-

2216 1268 2426 1335 πόλεως
2456 1271 2544 1327 καῖ
2587 1270 2935 1352 Ἱεριχοῦντος
2967 1272 3056 1328 καὶ
3078 1277 3186 1328 τῶν
3211 1269 3359 1348 πέριξ
3390 1270 3636 1327 ἁπάντων
3664 1293 3834 1351 συνερ-

2218 1361 2466 1440 χομένων
2524 1363 2612 1418 καὶ
2669 1361 3038 1441 χαριζομένων
3109 1361 3174 1417 τὰ
3255 1362 3691 1440 πρυπεμπτήρια.
3751 1362 3836 1420 Καὶ

2218 1447 2284 1518 δὴ
2340 1456 2418 1524 τῷ
2474 1450 2688 1525 σώματι
2735 1449 3114 1529 προσελθόντες
3156 1451 3244 1507 καὶ
3304 1450 3490 1529 χρίσαι
3553 1451 3699 1529 μύρῳ
3750 1451 3834 1513 τὰς

2219 1552 2413 1618 χεῖρας
2445 1538 2808 1613 ἐπιλαϐόντες,
2842 1542 3002 1619 ὁρῶσι
3031 1539 3202 1615 θέαμα
3257 1538 3428 1612 ξένον,
3492 1552 3715 1616 γυναῖκα
3743 1537 3834 1596 λα-

2217 1632 2406 1687 θοῦσαν
2459 1630 2558 1697 τὴν
2615 1631 2788 1709 φύσιν,
2822 1633 2910 1686 καὶ
2937 1627 3326 1707 ἀνδρισαμένην
3369 1630 3436 1686 τὰ
3493 1635 3596 1686 τῶν
3628 1627 3831 1705 ἀνδρῶν.

2217 1721 2305 1776 καὶ
2362 1726 2470 1776 τῶν
2521 1737 2580 1796 γε
2639 1719 2815 1776 πόνων
2849 1718 3042 1776 πλεῖον
3088 1718 3530 1796 ἆπενεγκαμένην
3555 1719 3615 1774 τὸ
3645 1716 3830 1796 κέρδος.

489 1815 621 1878 quin
649 1816 856 1861 sexum
887 1800 1206 1873 celaverat,
1241 1807 1302 1862 et
1359 1807 1637 1880 tanquam
1673 1804 1758 1865 vir
1787 1804 2022 1866 fortiter
2064 1823 2128 1866 se

2217 1808 2344 1868 Τότε
2401 1809 2599 1886 γίνεται
2658 1815 2818 1865 πᾶσιν
2860 1807 2992 1872 ἴσως
3025 1807 3192 1886 ἂγὼν,
3227 1807 3394 1865 ἄλλον
3423 1805 3586 1863 ἄλλου
3613 1807 3833 1885 προφθά-

485 1895 774 1966 gesserat,
803 1896 862 1950 et
884 1907 916 1951 e
938 1887 1239 1952 laboribus
1263 1887 1512 1950 multum
1540 1889 1938 1954 lucrifecerat.
1968 1895 2133 1956 Tunc

483 1976 558 2041 ab
583 1976 864 2041 omnibus
901 1979 1132 2060 pariter
1160 1977 1727 2056 decertabatur,alio
1755 1981 1942 2044 alium
1977 2002 2133 2065 quaa-

482 2073 660 2131 rente
690 2068 1044 2151 praevenire,
1076 2075 1135 2131 et
1173 2086 1244 2130 eo
1293 2067 1582 2132 accedere
1613 2072 2042 2153 contendente,
2075 2083 2133 2135 et

483 2157 944 2238 magnifaciente
971 2159 1061 2220 vel
1090 2158 1219 2221 solo
1271 2159 1509 2240 corpori
1557 2160 2042 2242 appropinquare
2074 2171 2132 2226 et

481 2247 616 2328 ejus
639 2247 867 2325 aliquid
887 2254 1156 2326 tangere.
1189 2249 1408 2330 Sicque
1434 2249 1636 2311 multis
1664 2250 2041 2330 lampadibus
2073 2261 2130 2316 et

485 2355 702 2418 magno
733 2337 963 2400 honore
995 2337 1273 2418 pretiosae
1301 2337 1556 2418 Pelagiae
1606 2339 1772 2401 elatae
1810 2350 1950 2402 sunt
1979 2341 2127 2404 reli-

482 2429 684 2503 quiem
708 2430 844 2487 viris
865 2430 1081 2488 sanctis
1102 2438 1158 2490 et
1178 2431 1294 2502 piis
1311 2430 1485 2489 simul
1522 2431 1780 2488 deductae
1802 2442 1855 2488 et
1875 2443 2127 2503 portata.

562 2511 869 2578 XIV/llaec
891 2522 982 2578 est
1009 2514 1124 2578 vita
1157 2514 1665 2578 meretricisﬂaec
1689 2515 1821 2595 ejus
1842 2536 1978 2595 quas
2002 2527 2131 2581 erat

478 2603 797 2684 desperata
826 2610 966 2667 sunt
993 2611 1415 2686 stratagemata
1453 2604 1746 2667 adversus
1793 2606 2126 2674 inimicum.

476 2692 644 2756 Talis
663 2693 774 2757 fuit
799 2693 1055 2773 Peleglaa
1073 2694 1147 2757 ad
1178 2695 1238 2756 id
1271 2694 1432 2776 quod
1459 2707 1549 2757 est
1584 2695 1819 2772 melius,
1850 2698 2123 2774 mutatio,

477 2801 606 2860 qua
629 2787 706 2844 lts
729 2787 902 2845 etiam
923 2787 1092 2845 nobis
1113 2787 1296 2846 facilis
1319 2798 1401 2846 est
1423 2789 1496 2846 ad
1516 2787 1569 2844 id
1591 2787 1744 2860 quod
1768 2799 1844 2846 est
1866 2800 2130 2862 praestan-

477 2869 822 2946 tius.Quare
844 2872 1104 2935 conﬁdat
1132 2873 1533 2954 quilibet,etsi
1557 2891 1621 2935 se
1644 2873 1837 2953 primo
1862 2896 1980 2939 non
2012 2877 2125 2940 bo-

477 2969 652 3024 neste
671 2961 938 3041 gessisse
968 2962 1048 3024 sit
1077 2962 1194 3024 sibi
1224 2964 1714 3038 eonscius,modo
1736 2966 1874 3028 velit
1904 2977 2129 3046 postre-

475 3049 591 3113 mis
622 3049 826 3132 priora
851 3051 1119 3116 abluere.
1157 3053 1304 3116 Cum
1337 3073 1454 3136 qua
1488 3057 1588 3119 det
1634 3056 1807 3118 nobis
1835 3056 2126 3118 Dominus

2213 1919 2300 1954 σαι
2349 1897 2636 1969 ζητοῦντος
2696 1899 2781 1954 καὶ
2825 1898 2952 1976 πρὸς
2998 1897 3098 1965 τὴν
3150 1895 3411 1972 ἐκδημίαν
3466 1893 3832 1972 ἁμιλλωμένων

2212 1989 2300 2046 καὶ
2350 1988 2500 2062 μόνῳ
2558 1986 2856 2054 πλησιάσαι
2901 1994 2976 2060 τῷ
3017 1985 3227 2058 σώματι
3261 1985 3833 2066 φιλοτιμουμένων,κιὶ

2212 2079 2397 2135 τούτου
2429 2099 2479 2133 τι
2530 2078 2993 2158 προσεφᾶψασθαι.
3035 2076 3139 2134 Καέ
3167 2075 3307 2132 οὕτω
3337 2073 3565 2139 πολλαῖς
3600 2073 3693 2150 μὲν
3721 2075 3830 2130 ταῖς

2211 2167 2476 2242 λαμπάσι,
2525 2165 2731 2225 πλείονι
2762 2164 2817 2222 δὲ
2851 2173 2915 2242 τῇ
2945 2171 3079 2241 τιμῇ
3125 2165 3186 2222 τὸ
3229 2164 3406 2239 τίμιον
3456 2163 3710 2242 Πελαγίας
3737 2162 3831 2228 ἱξε-

2211 2256 2436 2328 κομίσθη
2496 2255 2766 2332 λείψανον,
2841 2255 2944 2312 ὑπὸ
2991 2254 3156 2331 ἁγίων
3219 2256 3312 2311 καὶ
3369 2251 3603 2314 εὖλαϐῶν
3648 2251 3827 2329 ἀνδρῶν

2209 2345 2591 2425 παραπεμφθὲν
2620 2343 2732 2421 ἅμα
2761 2344 2848 2401 καὶ
2877 2342 3205 2424 βασταχθέν.

2296 2522 2404 2588 IA'.
2438 2526 2602 2586 Οὗτος
2661 2525 2690 2579 ὁ
2721 2522 2815 2590 τῆς
2845 2523 3045 2600 πόρνης
3075 2522 3187 2598 βίος
3222 2538 3235 2551 ⁸
3273 2529 3443 2578 ταῦτα
3473 2523 3569 2588 τῆς
3602 2522 3826 2598 ἀπεγνω-

2211 2614 2412 2690 σμένης
2456 2614 2522 2672 τὰ
2552 2611 2668 2669 atat’
2702 2611 2896 2692 ἐχθροῦ
2926 2612 3355 2689 στρατηγήματα
3389 2627 3403 2642 ⁸
3457 2611 3669 2675 τοιαύτη
3713 2609 3824 2664 ταύ-

2209 2726 2307 2772 της
2360 2704 2394 2772 ἡ
2453 2704 2580 2781 πρὸς
2635 2703 2696 2758 τὸ
2749 2701 2957 2778 βέλτιον
3007 2699 3304 2776 μεταϐολὴ,
3373 2703 3458 2758 καὶ
3515 2699 3648 2756 οὕτω
3699 2695 3826 2776 ῥᾳδία

2208 2795 2347 2868 ἡμῖν
2401 2794 2473 2856 εἰς
2531 2789 2748 2869 ὁδηγίαν
2805 2790 2898 2846 τοῦ
2926 2790 3248 2870 κρείττονος.
3286 2785 3355 2862 ᾜ
3390 2789 3634 2870 θαῤῥείτω
3661 2809 3756 2867 τις,
3783 2789 3820 2842 εἰ

2209 2883 2296 2940 καὶ
2353 2882 2417 2938 τὰ
2459 2886 2642 2958 πρῶτα
2701 2877 2933 2937 σύνοιδεν
2995 2881 3164 2954 ἐαυτῷ
3222 2881 3301 2955 μὴ
3363 2879 3541 2957 καλὰ,
3604 2877 3750 2953 μόνον
3789 2877 3824 2930 εἰ

2207 2984 2322 3034 τοῖς
2381 2969 2698 3032 τελευταίοις
2781 2971 3142 3046 προθυμηθείη
3205 2971 3272 3026 τὰ
3355 2969 3602 3049 πρότερον
3657 2966 3820 3022 ἀπονί-

2207 3064 2402 3136 ψασθαι
2439 3077 2452 3090 ⁸
2519 3061 2635 3134 μεθ’
2669 3061 2731 3128 ἧς
2763 3059 2875 3134 δῷη
2940 3061 3124 3139 Κύριος
3171 3060 3258 3116 καὶ
3298 3060 3440 3134 ἡμῖν
3500 3059 3594 3126 τὴν
3646 3055 3819 3113 ἐκεῖθεν

468 3138 859 3223 ineffabilem,
892 3161 1025 3223 qua;
1055 3142 1178 3205 illic
1231 3152 1321 3204 est
1349 3145 1626 3225 accipere
1660 3145 2039 3226 voluptatem,
2067 3156 2124 3210 et

2217 3149 2432 3229 ’έῤῥητον
2462 3147 2755 3206 ἀπολαϐεῖν
2787 3138 3022 3221 ἡδονὴν,
3057 3149 3144 3207 καὶ
3195 3153 3301 3205 τῶν
3357 3149 3560 3206 ἐκεῖθεν
3613 3143 3809 3210 ἀξιωθῆ-

471 3230 760 3310 consequi
781 3248 916 3310 quae
934 3231 1055 3293 illic
1076 3240 1217 3308 sunt
1238 3250 1507 3296 coronas.
1537 3233 1826 3306 Quoniam
1851 3235 1906 3296 ei
1928 3235 2118 3314 gloria

472 3335 610 3380 cum
640 3320 816 3380 Patre
870 3326 928 3380 et
971 3329 1181 3382 sancto
1225 3340 1295 3382 ac
1326 3321 1553 3383 νὶνὶῆου
1587 3321 1838 3401 Spiritu,
1874 3342 2033 3386 nunc
2061 3335 2118 3387 et

470 3424 736 3487 semper,
770 3418 827 3468 et
856 3406 916 3469 in
948 3409 1166 3471 saecula
1195 3409 1582 3475 saeculorum.
1617 3413 1829 3474 Amen.

471 3563 1316 3597 Μ

2200 3261 2284 3296 ναι
2318 3239 2589 3317 στεφάνων
2629 3255 2640 3268 ·
2682 3235 2762 3292 ὅτι
2795 3240 2938 3310 αὐτῷ
2982 3238 3016 3305 ἡ
3065 3234 3188 3302 δόξα
3243 3238 3338 3292 ob:
3399 3244 3474 3311 τῷ
3530 3232 3690 3311 Πιτρί
3740 3237 3814 3286 καὶ

2199 3335 2275 3399 τῷ
2328 3327 2461 3403 ἁγίῳ
2519 3327 2780 3399 Πνεόματι
2834 3327 2920 3382 νῦν
2979 3328 3063 3384 καὶ
3124 3328 3197 3390 εἰς
3259 3326 3390 3392 τοὺς
3471 3327 3658 3386 αἰῶνας
3733 3324 3821 3375 τῶν

2202 3419 2430 3478 αἰώνων.
2467 3415 2665 3491 Ἀμήν.

1026 3713 1836 3888 MENSIS
1990 3721 2136 3890 Ν
2155 3720 3292 3895 OVEMBER.

1188 4113 1442 4200 ΒΙοΣ
1518 4116 1705 4200 ΚΑΙ
1779 4116 2314 4202 ΠΟΛΙΤΕΙΑ
2402 4117 2588 4200 ΚΑΙ
2656 4116 3130 4202 ΑΣΚΗΣΙΣ

1710 4281 1840 4332 ΤΗΣ
1876 4279 2075 4333 ΟΣΙΑΣ
2121 4281 2390 4332 ΜΗΤΡΟΣ
2422 4280 2616 4331 ΗΜΩΝ

1581 4428 2716 4562 ΜΑΤΡΩΝΗΣ.

900 4791 1163 4880 VITA
1260 4793 1396 4879 ET
1493 4733 2276 4882 CONVERSATIO
2370 4795 2508 4880 ET
2603 4797 3349 4888 EXERCITATIO

1630 4925 1942 4990 SANCTIE
1997 4924 2278 4990 MATRIS
2321 4924 2638 4993 NOSTRE

555 5071 1619 5252 MATRONAE,
1711 5072 2704 5222 MARTYRIS
2810 5067 3720 5224 CHIENSIS.

702 5286 903 5360 (Latine
922 5287 1053 5360 apud
1083 5285 1288 5344 Surium
1315 5285 1379 5341 ad
1406 5286 1536 5343 diem
1570 5287 1604 5344 8
1631 5285 1944 5352 Novembris;
1973 5285 2144 5344 Greca
2171 5287 2535 5362 descripsimus
2562 5305 2626 5346 ex
2644 5289 2758 5348 cod.
2790 5307 2888 5348 ms.
2911 5289 3040 5364 Reg.
3065 5308 3118 5348 n.
3152 5291 3312 5361 M81,
3339 5308 3460 5350 szec.
3485 5283 3587 5355 χι.)

533 5565 578 5626 1.
608 5563 725 5628 Eos
753 5563 858 5648 qui
879 5572 1018 5628 sunt
1058 5567 1120 5628 in
1149 5562 1270 5627 vita
1299 5570 1709 5649 temperantes
1738 5571 1798 5630 et
1843 5566 2099 5631 studiosi

2263 5567 2348 5630 A’.
2407 5569 2540 5634 Τοὺς
2629 5569 2904 5651 σώφρονας
2983 5574 3075 5630 τὸν
3159 5571 3270 5648 βίον
3311 5572 3429 5651 ¹ναὶ
3515 5553 3809 5651 φθαρέτους

443 5655 700 5738 virtutis,
733 5638 836 5736 pro
863 5654 1088 5719 viribus
1119 5652 1389 5732 laudare,
1423 5638 1601 5722 simul
1653 5664 1745 5722 est
1793 5665 2088 5736 sanctum,

2217 5658 2312 5716 ατὰ
2343 5656 2559 5736 δύναμιν
2594 5638 2832 5720 ἐπαινεῖν
2887 5661 3032 5720 ὅσιόν
3079 5638 3169 5724 τε.
3197 5640 3356 5742 ὁμοῦ³
3387 5661 3474 5720 καὶ
3526 5638 3798 5733 ὧφελιμῶο
