4086 6432
304 364 414 432 921

1591 367 1779 433 VITA
1832 365 1892 429 S.
1957 362 2377 430 MATRON/E.

3553 366 3673 432 922

300 529 483 566 τατον.
523 505 680 565 Δῦτοί
734 527 793 564 τε
836 505 936 586 γὰρ
989 504 1220 564 ἐπαίνων
1259 505 1418 578 ἄξιοι,
1473 507 1558 563 καὶ
1602 506 1630 563 ὁ
1674 504 1792 583 περὶ
1841 504 1936 561 αῦ-

2028 502 2086 558 et
2110 494 2285 586 longe
2312 496 2724 561 utilissimum.
2759 497 2910 562 Nam
2943 506 3004 564 et
3052 497 3169 581 ipsi
3191 507 3328 563 sunt
3367 500 3544 564 laude
3573 501 3672 564 di-

298 603 408 653 τῶν
462 594 626 674 λόγος
682 599 790 653 τῶν
849 597 1046 672 ὁμοίιον
1099 595 1428 674 εφάπτεσθαι
1478 597 1566 653 καὶ
1595 596 1716 659 τοὺς
1748 592 1941 655 Ξὶὶλους

299 672 652 764 διαθερμαίνει
712 686 845 763 πρὸς
902 685 1096 764 ἔρωτα.
1147 672 1315 742 ν”Οταν
1387 683 1440 740 δὲ
1517 688 1605 742 καὶ
1665 685 1727 740 τὸ
1783 682 1942 739 ἰπαι-

297 775 552 850 νούμενον
602 775 738 854 γυνὴ
765 777 824 851 ᾗ,
866 797 928 852 το
976 773 1188 838 ἂσθενὲς
1219 778 1320 841 τῆς
1369 773 1659 852 ἀνθρώπων
1708 773 1940 852 φύσεως,

293 865 382 920 καὶ
431 863 562 939 πρὸς
619 865 681 920 τὸ
739 869 847 919 τῶν
899 863 1078 920 πόνων
1133 863 1308 940 τραχὺ
1377 865 1464 918 καὶ
1521 862 1936 936 μαλακωτατον,

291 957 410 1016 πῶς
464 954 526 1008 οῦ
580 950 862 1020 λυσιτελὴς
920 953 949 1010 ὁ
1033 951 1250 1017 ἔπαινος
1334 949 1580 1029 ἀνδράσιν
1656 951 1771 1026 ἅμα
1851 950 1940 1006 καὶ

290 1041 521 1119 γυναιξὶν
549 1087 569 1113 ,
651 1041 978 1120 ἀμφοτέρους
1075 1044 1208 1122 πρὸς
1287 1042 1354 1098 τὰ
1446 1040 1586 1098 καλὰ
1666 1039 1938 1118 διεγείρειν

290 1131 604 1207 δυνάμενος,
682 1132 776 1194 τὰς
851 1130 948 1204 μὲν
1027 1131 1123 1188 ’ίνα
1172 1138 1267 1188 τοῦ
1317 1129 1478 1188 αὑτοῦ
1544 1131 1938 1200 κοινωνήσασαι

290 1219 478 1298 γένους
533 1221 622 1277 καὶ
663 1226 769 1277 τῶν
814 1221 986 1278 αὖτὼν
1015 1220 1130 1278 εἶεν
1162 1219 1552 1294 ἑπειλημμέναι
1614 1218 1794 1276 πόνων
1851 1219 1941 1275 καὶ

290 1307 560 1389 ἆμοιϐὧν,
630 1309 752 1373 τοὺς
825 1306 882 1364 δὲ
952 1309 1044 1366 ἵνα
1116 1310 1195 1380 μὴ
1253 1307 1434 1388 ἄνδρες
1490 1308 1638 1375 ὄντες
1705 1306 1937 1386 δεύτεροι

290 1404 560 1477 γυναικῶν
614 1399 830 1476 ὀφθεῖεν
894 1399 980 1456 καὶ
1021 1400 1152 1478 πρὸς
1209 1399 1272 1456 τὸ
1327 1411 1517 1474 μονετν
1573 1397 1932 1476 ἀγενέστεροι.

291 1487 502 1547 τούτων
547 1487 635 1544 οὖν
687 1487 795 1544 τῶν
848 1489 1141 1545 ἱπαινετῶν
1169 1489 1300 1566 βίων
1352 1488 1442 1546 καὶ
1498 1485 1796 1566 φιλαρέτων
1851 1487 1940 1544 καὶ

289 1579 320 1634 ὁ
378 1575 677 1654 Ματρώνης
758 1576 1112 1652 καθέστηκεν,
1177 1574 1392 1653 ἀνδράσι
1451 1575 1548 1650 μὲν
1618 1573 1937 1651 ἁμιλληθεί-

287 1688 391 1733 σης
462 1667 561 1734 τὴν
622 1665 840 1744 ἀρετὴν,
901 1665 1336 1744 παρενεγκούσης
1395 1663 1452 1721 δὲ
1499 1665 1718 1730 τούτους
1771 1665 1938 1743 ὑπερ·-

286 1755 439 1836 φυέσι
493 1769 613 1822 τοῖς
657 1753 1092 1834 κατορθώμασιν,
1140 1757 1216 1820 ὡς
1265 1755 1527 1834 προϊόντα
1585 1753 1818 1823 δηλώσει
1876 1753 1942 1812 τὰ

287 1843 692 1926 λεχθησόμενα,

365 2112 450 2176 Β’.
513 2113 673 2190 Χώρα
729 2114 809 2178 τίς
866 2112 1008 2168 ἐστιν
1057 2111 1469 2190 ὑποτεταγμὲνη
1527 2117 1597 2188 τῇ
1660 2101 1938 2184 Ῥωμαίων

279 2203 433 2282 ἀρχῇ
461 2203 517 2258 ἐν
545 2203 810 2280 μεθορίοις
847 2200 1078 2260 Κιλίκων
1127 2223 1184 2257 τε
1231 2202 1318 2258 καὶ
1373 2199 1625 2276 ἰσαύρων
1682 2199 1932 2274 κειμένη,

283 2292 516 2367 τοῦνομα
575 2291 879 2372 Παμφυλία,
917 2291 950 2358 ἢ
976 2291 1062 2347 καὶ
1095 2288 1180 2346 διὰ
1223 2291 1285 2346 τὸ
1336 2291 1689 2369 κουροτρόφον
1737 2289 1935 2356 ταύτης

282 2383 372 2438 καὶ
430 2380 842 2458 πολυάνθρωπον
901 2382 988 2438 καὶ
1039 2381 1101 2437 τὸ
1165 2379 1217 2445 ἐξ
1297 2379 1514 2436 ἁπασῶν
1573 2385 1680 2436 τῶν
1727 2377 1938 2436 πόλεων

285 2473 571 2548 οἰκήτορας
633 2470 807 2551 ἔχειν,
864 2471 1114 2538 τοιαύτης
1174 2468 1335 2550 ἔτυχε
1401 2468 1499 2536 τῆς
1551 2469 1932 2548 προσηγορίας.

290 2561 398 2618 Μία
448 2559 503 2617 δὲ
544 2566 650 2617 τῶν
703 2558 791 2616 ὁπ’
837 2560 1005 2629 αὐτὴν
1070 2558 1280 2617 πόλεων
1334 2559 1513 2636 Πέργη
1570 2559 1936 2634 κατονομάζε-

285 2673 400 2725 ται,
466 2649 534 2719 ἢν
590 2650 930 2729 θρεψαμένην
1011 2648 1174 2730 ἔσχεν
1240 2650 1276 2717 ἡ
1332 2649 1567 2727 μακαρία
1624 2648 1756 2714 αὕτη
1826 2655 1938 2705 Μα-

286 2741 482 2819 τρώνα,
529 2739 650 2808 ἥτις
691 2741 796 2797 ὑπὸ
838 2746 944 2796 τῶν
992 2739 1323 2818 γειναμένων
1367 2736 1658 2816 ελευθερίου
1699 2745 1938 2818 τυχοῦσα

286 2828 526 2892 παιδείας
567 2831 659 2887 καὶ
697 2830 918 2907 ἀγωγῆς
976 2830 1050 2893 εἷς
1109 2827 1252 2904 ὥραν
1309 2849 1365 2883 τε
1403 2829 1580 2905 γάμου
1627 2834 1936 2884 καταστᾶσα

286 2920 380 3000 (ἦν
425 2921 526 2998 γὰρ
554 2921 643 2976 καὶ
673 2925 750 2993 τῷ
795 2917 981 2974 κάλλει
1039 2916 1436 2996 περίϐλεπτος),
1472 2915 1615 2995 ἀνδρὶ
1673 2918 1937 2974 συνάπτε-

282 3032 370 3067 ται
415 3014 478 3070 οὒ
535 3015 642 3066 τῶν
699 3007 912 3066 πολλῶν
945 3009 1022 3064 ἐνὶ
1078 3009 1166 3064 καὶ
1225 3013 1328 3064 τῶν
1374 3006 1675 3086 τυχόντων,
1707 3004 1937 3082 τοῦνομα

288 3105 627 3176 Δομετιανῷ,
685 3105 813 3175 μιᾶς
869 3119 928 3155 τε
981 3096 1168 3160 παιδὸς
1227 3098 1428 3174 γίνεται
1474 3097 1679 3170 μήτηρ,
1741 3100 1778 3172 ᾖ
1841 3096 1938 3164 τὴν

2024 585 2151 664 gni,
2178 595 2236 648 et
2265 605 2398 666 quas
2451 586 2525 649 de
2557 588 2644 650 eis
2695 588 2950 651 habetur
3006 590 3220 671 oratio,
3252 590 3459 652 incitat
3490 597 3549 654 et
3577 592 3673 653 in~

2026 676 2292 737 ﬂammat
2316 676 2466 740 alios
2496 677 2566 740 ad
2601 697 2864 741 amorem
2912 679 3300 758 aggrediendi
3328 680 3487 744 talia.
3524 681 3674 745 Cum

2026 774 2223 828 autem
2250 773 2308 827 et
2329 766 2581 848 id,quod
2621 768 2918 845 laudatur,
2951 769 3135 832 fuerit
3171 769 3406 844 mulier,
3460 769 3519 832 id
3550 773 3672 834 sci-

2026 854 2188 935 licet,
2222 855 2380 936 quod
2412 865 2502 918 est
2531 858 2806 920 humana;
2855 868 3087 920 natura;
3117 858 3374 921 maxime
3404 858 3674 922 imbecil-

2023 942 2175 1025 lum,
2211 953 2268 1006 et
2297 945 2369 1007 ad
2402 964 2648 1026 asperos
2678 947 3095 1029 suscipiendos
3128 946 3366 1010 labores
3397 949 3674 1012 mollissi-

2025 1051 2208 1109 mum,
2247 1036 2748 1114 quemadmodum
2808 1056 2928 1099 non
2985 1047 3076 1098 est
3107 1037 3241 1100 laus
3271 1037 3674 1102 conducibilis

2023 1122 2171 1185 viris
2198 1120 2377 1184 simul
2411 1133 2469 1186 et
2496 1124 2761 1207 feminis,
2796 1146 2928 1207 qua;
2961 1135 3154 1208 potest
3187 1137 3471 1210 utrosque
3504 1129 3672 1191 exci-

2023 1221 2148 1276 tare
2171 1213 2246 1275 ad
2274 1232 2344 1275 ea
2373 1233 2504 1295 qua;
2537 1223 2676 1278 sunt
2701 1216 2950 1296 pulchra
2976 1230 3036 1278 et
3064 1217 3364 1280 honesta?
3393 1217 3672 1280 Feminas

2020 1300 2521 1383 quidem,ut,cum
2547 1305 2667 1366 sint
2689 1305 2960 1385 ejusdem
2985 1305 3502 1386 generis,eosdem
3528 1326 3672 1388 quo-

2021 1409 2136 1471 que
2161 1391 2398 1454 labores
2424 1393 2759 1474 suscipiant
2779 1405 2838 1456 et
2863 1395 3104 1458 easdem
3129 1395 3667 1472 remunerationes;

2025 1481 2182 1542 viros
2209 1489 2432 1557 autem,
2466 1501 2565 1557 ne,
2601 1502 2737 1545 cum
2771 1483 2892 1545 sint
2941 1485 3070 1565 viri,
3104 1493 3426 1546 cernantur
3455 1485 3673 1547 cedere

2026 1569 2402 1645 mulieribus,
2452 1579 2511 1633 et
2541 1572 2612 1634 ad
2666 1571 2902 1636 labores
2932 1572 3351 1654 suscipiendos
3399 1573 3486 1635 eis
3539 1592 3673 1636 esse

2023 1657 2379 1740 ignaviores.
2395 1659 2481 1722 Ex
2508 1660 2580 1724 iis
2603 1680 2745 1741 ergo
2769 1682 2901 1744 quae
2923 1663 3097 1726 vitam
3121 1661 3498 1726 laudabiliter
3526 1682 3671 1743 ege-

2023 1758 2162 1810 runt
2187 1757 2246 1810 et
2276 1769 2346 1810 ex
2376 1751 2610 1826 virtute,
2646 1751 2754 1813 fuit
2804 1753 2982 1814 etiam
3046 1752 3338 1825 Matrona,
3371 1771 3505 1831 quae
3535 1772 3671 1814 cum

1963 1863 2001 1916 Β
2025 1837 2166 1899 viris
2197 1838 2442 1916 quidem
2474 1840 2689 1902 virtute
2721 1841 3058 1920 contendit,
3093 1841 3397 1922 praeclaris
3447 1860 3582 1904 vero
3615 1850 3673 1904 et

2021 1926 2389 1989 admirandis
2415 1928 2582 1990 factis
2613 1948 2717 1991 eos
2767 1930 3092 2010 superavit,
3135 1938 3202 1993 ut
3263 1929 3324 1992 in
3386 1949 3669 2011 processu

2023 2017 2343 2079 ostendent
2374 2036 2444 2080 ea
2473 2037 2602 2099 quae
2632 2017 2928 2083 dicentur.

2102 2105 2284 2170 lI.Est
2302 2108 2572 2186 quaedam
2597 2108 2764 2188 regio
2788 2107 3055 2188 subjecta
3078 2109 3330 2190 imperio
3361 2111 3670 2172 Romano-

2021 2199 2301 2269 rum,sita
2327 2197 2384 2259 in
2407 2198 2668 2259 confinio
2688 2197 2941 2263 Cilicum
2971 2210 3031 2262 et
3057 2199 3672 2273 Isaurorum,nomine

2021 2285 2389 2367 Pamphylia,
2427 2306 2558 2367 quae
2590 2299 2907 2369 propterea
2955 2289 3116 2367 quod
3176 2289 3250 2350 sit
3294 2288 3513 2370 populo
3543 2289 3668 2350 fre-

2021 2393 2234 2456 quens,
2267 2385 2326 2438 et
2347 2377 2560 2439 habeat
2595 2376 2958 2440 habitatores
3001 2397 3070 2440 ex
3094 2377 3374 2440 omnibus
3405 2377 3668 2440 civitati-

2021 2463 2153 2541 bus,
2179 2464 2267 2526 sic
2301 2465 2409 2526 fuit
2439 2467 2752 2547 appellata.
2791 2467 2918 2532 Una
2944 2477 3140 2531 autem
3168 2487 3240 2531 ex
3271 2468 3342 2528 iis
3375 2487 3506 2548 qua:
3534 2476 3673 2529 sunt

2022 2553 2082 2616 in
2116 2572 2213 2636 ea,
2247 2555 2582 2619 civitatibus
2617 2566 2858 2633 vocatur
2907 2561 3112 2639 Perge,
3148 2558 3207 2620 in
3239 2577 3354 2639 qua
3384 2558 3491 2620 fuit
3520 2556 3668 2619 edu-

2022 2653 2154 2706 cata
2187 2644 2315 2708 haec
2346 2645 2520 2708 beata
2553 2648 2984 2729 Matrona,quae
3012 2666 3046 2709 a
3076 2646 3425 2729 parentibus
3457 2646 3672 2726 adepta

2021 2733 2332 2797 liberalem
2378 2735 2757 2816 disciplinam
2817 2749 2874 2798 et
2905 2736 3348 2810 educationem,
3382 2756 3517 2799 cum
3543 2736 3668 2817 jam

2023 2833 2177 2888 esset
2212 2824 2432 2887 nubilis
2468 2826 2620 2907 (erat
2671 2827 2829 2888 enim
2889 2827 3110 2907 insigni
3166 2827 3664 2908 pulchritudine),

2013 2913 2286 2994 jungitur
2341 2915 2722 2978 matrimonio
2775 2917 2984 2978 marito
3060 2937 3177 2978 non
3236 2916 3480 2996 vulgari,
3544 2935 3664 2977 non

2023 3002 2280 3082 plebeio,
2317 3005 2558 3066 nomine
2607 3004 2965 3081 Domitiano,
3028 3008 3208 3086 ﬁtque
3269 3013 3457 3066 mater
3489 3005 3664 3067 unius

2027 3092 2187 3173 ﬁliae,
2221 3093 2320 3155 cui
2349 3095 2547 3155 statim
2581 3112 2654 3156 ex
2687 3094 2899 3157 futuris
2941 3095 3150 3158 tribuit
3180 3094 3662 3175 appellationem,

284 3194 649 3270 προσηγορίαν
701 3190 763 3247 ἐκ
815 3195 920 3246 τῶν
971 3187 1238 3264 ἐσομένων
1289 3187 1433 3252 εὐθὺς
1463 3185 1767 3260 ⁴ἦρμόσατο,
1807 3193 1934 3242 Θεο-

2024 3188 2087 3242 ut
2118 3200 2249 3280 quae
2283 3201 2435 3280 eam
2499 3184 2819 3280 nominarit
2849 3183 3223 3280 Theodoten,
3287 3182 3410 3246 Deo
3467 3192 3666 3245 autem

284 3280 446 3347 δότην
503 3281 602 3356 μὲν
630 3279 962 3354 ὀνομάσασα,
997 3284 1111 3351 Θεῷ
1141 3274 1196 3332 δὲ
1226 3273 1382 3334 δοῦσα
1426 3276 1623 3343 ταύτην
1670 3275 1730 3332 ἐκ
1760 3297 1936 3350 σπαρ-

282 3371 462 3447 γάνων
511 3371 705 3429 αὐτῶν.
769 3367 955 3431 ’Ὅπως
1009 3365 1108 3441 μὲν
1165 3367 1255 3421 οὖν
1319 3365 1456 3440 μετὰ
1508 3366 1599 3420 τὸν
1649 3364 1822 3440 γάμον
1854 3364 1938 3420 καὶ

283 3460 384 3527 τὴν
435 3459 742 3525 συνοίκησιν
801 3457 862 3513 τὸ
919 3454 1133 3532 μέτριόν
1177 3475 1234 3509 τε
1293 3455 1381 3511 καὶ
1413 3453 1609 3534 ἄτυφον
1667 3457 1801 3529 αὐτῇ
1834 3473 1936 3529 με-

287 3548 558 3626 μελέτητο
615 3550 706 3604 καὶ
733 3548 795 3604 τὸ
825 3544 1156 3626 φιλόκοσμον
1188 3542 1285 3600 οὐκ
1318 3541 1374 3598 ἐν
1414 3556 1532 3607 τοϊς
1583 3542 1936 3605 ἔπιπλάστοις

289 3640 377 3695 καὶ
424 3649 800 3714 κομμωτικοῐς
856 3633 1133 3710 κάλλεσιν,
1192 3631 1312 3688 ἀλλ’
1359 3634 1432 3698 εἱς
1490 3634 1582 3688 τὸν
1643 3633 1791 3696 ἐντὸς
1835 3637 1934 3698 τῆς

288 3733 476 3808 ψυχῆς
544 3726 817 3805 ἄνθρωπον
899 3722 1120 3802 ἤσκετο,
1199 3723 1446 3794 τιθεμένη
1524 3719 1609 3808 διὰ
1700 3719 1934 3787 σπουδῆς

286 3807 606 3896 σωφροσύνη
628 3837 686 3873 τε
717 3817 802 3872 καὶ
831 3817 900 3891 τῇ
931 3813 1066 3870 κατὰ
1095 3814 1205 3887 βίον
1237 3810 1528 3884 σεμνότητι
1560 3807 1772 3884 διαζῇν,

371 3905 464 3966 Γ’.
513 3904 828 3964 Ἐπαινετὸν
885 3903 982 3979 μὲν
1033 3903 1119 3958 καὶ
1177 3898 1354 3963 ἄλλως
1413 3899 1693 3976 ἀγαπητὸν
1724 3899 1783 3954 τὸ
1817 3899 1934 3974 περὶ

286 3998 492 4056 τούτων
549 3994 837 4073 ἑπεξιέναι,
880 3992 1130 4070 περιττὸν
1189 3988 1243 4045 δὲ
1286 3986 1449 4054 δόξειε
1507 3987 1721 4052 πάντως
1768 3989 1812 4043 εἰ
1869 3988 1935 4044 τὰ

286 4087 506 4164 μείζονα
564 4085 818 4164 παρέντες
876 4083 965 4139 καὶ
1035 4078 1331 4158 τελεώτερα
1405 4079 1522 4155 περὶ
1581 4078 1680 4144 τὴν
1736 4077 1934 4133 τούτων

288 4177 514 4252 μνήμην
572 4171 916 4252 ἀπασχολεϊν
977 4171 1099 4232 τοὺς
1158 4169 1421 4247 ἀκροατὰς
1453 4166 1720 4242 ἑλώμεθα.
1754 4167 1823 4225 ’Ὀ
1879 4164 1932 4222 δὲ

289 4271 400 4321 τῶν
450 4263 627 4322 ἄλλων
676 4262 810 4330 αῦτη
855 4261 1240 4342 προτετίμηκε,
1301 4265 1457 4314 τοῦτο
1513 4259 1604 4313 καὶ
1659 4260 1934 4334 προθεῖναι

289 4359 392 4420 τῆς
449 4352 753 4432 διηγήσεως
817 4352 1049 4431 ἁρμόζον
1111 4347 1276 4409 ἐστιν,
1325 4345 1542 4422 ’Έιιρινε
1585 4347 1685 4424 γὰρ
1741 4345 1802 4401 τὰ
1843 4347 1938 4402 τοῦ

289 4442 624 4502 Ἀποστόλου
667 4445 742 4508 εἰς
792 4442 952 4519 ἄκρον
1014 4438 1150 4515 αύτῇ
1219 4433 1585 4516 φυλαχθῆναι.
1651 4447 1778 4492 Δεῖν
1836 4436 1936 4514 γὰρ

285 4533 496 4597 ικεϊνός
522 4555 652 4612 φησι
709 4533 831 4595 τοὺς
891 4529 1120 4610 ³ἔχοντας
1175 4537 1433 4605 γυναῖκας
1482 4525 1556 4588 ὡς
1589 4525 1666 4592 μὴ
1711 4524 1937 4605 ἔχοντας

283 4622 606 4682 διακεῖσθαι.
666 4621 828 4681 ’Ὅθεν
883 4620 1074 4678 ἰκοῦσα
1128 4620 1227 4683 τῆς
1286 4613 1648 4692 ἆνεγκαμὲνης
1705 4617 1937 4670 ἔκστᾶσα

283 4714 425 4769 κατὰ
478 4711 620 4769 θείαν
679 4714 818 4791 φημὶ
867 4709 1146 4786 πρόνοιαν,
1203 4704 1271 4773 ἣν
1331 4702 1462 4783 ἔσχε
1517 4706 1604 4760 καὶ
1651 4704 1934 4782 συμπράτ-

284 4823 483 4859 τουσαν
536 4807 614 4875 τῷ
669 4799 1016 4878 βουλεύματι,
1075 4797 1148 4860 εἰς
1182 4795 1283 4861 τὴν
1311 4791 1778 4870 προκαθεζομὲνην
1830 4796 1935 4848 τῶν

283 4890 502 4949 ’πόλεων
544 4898 605 4948 τὸ
664 4891 947 4962 Βυζάντιον
994 4887 1094 4954 τὴν
1152 4881 1457 4958 ἀποδημίαν
1512 4882 1625 4956 ἅμα
1675 4889 1752 4956 τῷ
1810 4903 1933 4937 συν·

286 4985 521 5036 οικοῦντι
577 4980 911 5052 πεποίηται,
999 4975 1058 5032 ὃν
1117 4973 1246 5051 εἶχε
1304 4970 1404 5046 μὲν
1459 4967 1936 5045 συναποδημοῦντα

286 5071 377 5126 καὶ
428 5065 566 5144 μηδὲ
607 5069 670 5124 τὸ
708 5069 876 5148 τυχὸν
931 5063 1312 5145 ἀφιστάμενον,
1365 5063 1427 5118 οὗ
1483 5057 1592 5148 μην
1633 5064 1741 5115 τῶν
1771 5058 1935 5134 μελε-

283 5156 545 5234 τωμένων
597 5145 878 5232 οῦνίστορα
925 5154 1044 5212 οὐδὲ
1100 5151 1232 5219 ὅπερ
1291 5149 1448 5229 εἶχεν
1483 5145 1618 5215 αὕτη
1651 5148 1790 5204 κατὰ
1818 5155 1938 5206 νοῦν

283 5245 668 5322 ἐπιστάμενον.
754 5250 891 5304 Εἶτα
973 5247 1074 5312 τὴν
1165 5238 1550 5318 βασιλεύουσαν
1633 5235 1936 5295 εἰσελθοῦσα

282 5349 404 5399 τοῖς
492 5349 646 5401 ναοῖς
724 5335 823 5392 ἀνὰ
916 5340 1094 5391 πᾶσαν
1165 5329 1366 5407 ἡμέραν
1433 5323 1758 5404 προσήδρευε
1828 5332 1934 5384 τῶν

283 5427 451 5505 ἁγίων
515 5423 679 5483 νύκτα
733 5424 822 5482 καὶ
878 5423 996 5492 μεθ’
1047 5419 1252 5500 ἡμέραν
1309 5416 1483 5478 αὖτῶν
1549 5417 1646 5474 οὒκ
1702 5416 1934 5497 ἀφιστα-

283 5503 449 5596 μένη,
487 5515 736 5583 νηστείας
764 5535 823 5571 τε
853 5515 938 5570 κτὶ
965 5508 1274 5590 προσευχῆς
1319 5503 1685 5596 ἐπιμελομένη
1715 5507 1802 5562 καὶ
1831 5511 1936 5562 τῶν

281 5594 450 5664 ὄντων
477 5609 808 5663 κοινωνοῦσα
836 5617 957 5670 τοῖς
1013 5599 1284 5676 δεομένοις
1346 5603 1480 5655 Θεοῦ
1520 5617 1578 5652 τε
1613 5594 1698 5656 διὰ
1739 5596 1935 5660 παντὸς

280 5692 512 5778 δεομένη
568 5696 984 5764 κατευνασθῆναι
1046 5689 1208 5768 ταύτῃ
1267 5687 1361 5743 τὸν
1411 5685 1641 5766 ἔμφυτον
1693 5682 1932 5761 πόλεμον

2021 3289 2150 3332 eam
2185 3271 2420 3333 dederit
2451 3291 2520 3334 ex
2551 3273 2695 3353 ipsis
2725 3273 2944 3338 fasciis.
2992 3277 3192 3356 Atque
3251 3284 3315 3333 ut
3349 3281 3481 3353 post
3511 3292 3667 3354 nup-

2022 3361 2132 3422 tias
2185 3359 2426 3441 quidem
2490 3371 2548 3423 et
2605 3361 3134 3437 cohabitationem,
3193 3361 3667 3424 moderationem

2021 3459 2353 3525 exerceret,
2389 3459 2445 3512 et
2477 3469 2510 3512 a
2533 3450 2685 3513 fastu
2714 3469 2781 3514 ac
2812 3451 3094 3532 superbia
3127 3451 3571 3525 alienationem,
3608 3460 3670 3513 et

2021 3551 2347 3603 ornaretur
2380 3560 2498 3602 non
2526 3549 2758 3615 ornatu,
2796 3541 2894 3622 qui
2927 3541 3199 3604 consistit
3233 3542 3292 3603 in
3325 3542 3462 3603 ficta
3491 3550 3550 3602 et
3570 3541 3665 3602 fu-

2018 3639 2147 3690 cata
2173 3629 2644 3710 pulchritudine,
2673 3630 2776 3692 sed
2805 3631 2866 3691 in
2899 3631 3133 3694 interno
3164 3631 3380 3692 animae
3396 3630 3663 3708 homine,

2017 3717 2337 3780 adhibebat
2361 3719 2647 3798 studium,
2670 3729 2726 3781 et
2757 3728 2822 3780 ut
2846 3721 2908 3780 in
2932 3719 3326 3800 temperantia
3359 3718 3536 3780 vitam
3565 3719 3668 3780 de-

2018 3815 2190 3884 geret
2220 3815 2282 3870 et
2307 3809 2640 3870 honestate.

2099 3893 2199 3959 Ill.
2231 3895 2550 3958 Laudabile
2613 3897 2883 3978 quidem,
2953 3906 3012 3959 et
3066 3896 3287 3978 alioqui
3318 3905 3548 3976 gratum
3577 3905 3667 3959 est

2017 3983 2143 4046 haec
2187 3985 2494 4065 persequi.
2525 3987 3047 4066 Supervacaneum
3083 3994 3282 4048 autem
3320 3985 3505 4047 visum
3529 4006 3666 4048 om-

2016 4073 2157 4134 nino
2186 4074 2390 4151 t'uerit,
2428 4073 2477 4134 si
2505 4075 2822 4154 praeteritis
2847 4073 3174 4156 majoribus
3197 4083 3258 4136 et
3291 4075 3663 4154 perfectiori-

2017 4160 2152 4242 bus,
2187 4162 2550 4225 voluerimus
2574 4174 2896 4244 occupatos
2921 4174 3128 4226 tenere
3145 4163 3448 4226 auditores
3471 4166 3528 4225 in
3555 4166 3665 4227 ho-

2018 4270 2150 4312 rum
2175 4252 2614 4316 recordatione.
2641 4253 2810 4326 Quod
2833 4264 3031 4315 autem
3055 4257 3187 4334 ipsa
3225 4253 3356 4314 aliis
3386 4254 3662 4332 praetulit,

2019 4341 2134 4402 hoc
2165 4342 2341 4402 etiam
2369 4342 2645 4404 convenit
2669 4361 3020 4424 praeponere
3045 4343 3104 4404 in
3137 4343 3496 4404 narratione.
3531 4341 3666 4405 Sta-

2021 4435 2211 4493 tuebat
2231 4437 2387 4493 enim
2409 4437 2647 4508 id,quod
2669 4438 3190 4506 dicitApostqus,a
3217 4451 3276 4493 se
3297 4451 3520 4493 summe
3541 4452 3667 4493 esse

2021 4522 2395 4584 servandum.
2434 4519 2544 4584 Ille
2573 4525 2735 4584 enim
2769 4521 2936 4589 dicit.
2986 4534 3266 4600 oportere
3297 4539 3401 4583 eos
3433 4520 3534 4601 qui
3559 4520 3665 4582 ha-

2021 4609 2164 4672 bent
2194 4629 2432 4693 uxores,
2463 4613 2623 4675 allici
2685 4611 2935 4692 perinde
2987 4631 3056 4675 ac
3112 4613 3161 4675 si
3216 4632 3332 4673 non
3385 4611 3665 4676 habeant.

2017 4698 2416 4772 Quamobrem
2450 4721 2580 4764 cum
2644 4721 2752 4764 sua
2803 4711 3018 4782 sponte
3093 4702 3448 4764 excessisset
3493 4700 3566 4764 ab
3601 4720 3670 4762 ea

2019 4807 2151 4871 quae
2177 4789 2337 4851 illam
2373 4791 2506 4854 tulit
2533 4795 2740 4872 patria,
2777 4791 3002 4868 divina,
3043 4791 3306 4873 inquam,
3347 4790 3667 4870 providen-

2020 4878 2122 4953 tia,
2156 4897 2329 4960 quam
2367 4881 2496 4960 ejus
2546 4881 2867 4942 consilium
2930 4880 3134 4941 habuit
3174 4879 3575 4960 adjuvantem.
3606 4877 3668 4941 in

2019 4985 2153 5028 eam
2205 4987 2336 5048 qua
2367 4969 2627 5050 primam
2663 4969 2869 5031 sedem
2925 4969 3158 5030 obtinet
3187 4969 3346 5030 inter
3374 4969 3662 5043 civitates,

2020 5075 2238 5138 nempe
2257 5059 2766 5139 Byzantium,cum
2795 5059 3006 5120 marito
3028 5059 3456 5138 proﬁciscitur:
3485 5077 3663 5138 quem

2019 5146 2276 5208 habebat
2309 5146 2550 5228 quidem
2580 5148 2758 5210 simul
2793 5149 3370 5229 peregrinantem,et
3397 5167 3472 5209 ne
3493 5146 3668 5209 mini-

2019 5254 2178 5298 mum
2213 5235 2456 5318 quidem
2493 5237 3035 5318 recedentem,non
3059 5247 3257 5300 tamen
3281 5255 3487 5299 eorum
3513 5255 3668 5297 con-

2017 5325 2234 5402 scium,
2270 5345 2402 5408 quae
2430 5327 2630 5389 animo
2677 5326 2960 5410 agitabat,
2994 5346 3190 5409 neque
3233 5326 3525 5389 scientem
3559 5326 3669 5386 ali-

2022 5415 2188 5498 quid,
2224 5417 2381 5496 quod
2434 5436 2501 5479 ea
2566 5424 2766 5480 mente
2823 5417 3113 5480 versabat.
3173 5416 3404 5480 Deinde
3453 5413 3664 5478 urbem

2019 5505 2287 5585 ingressa
2313 5506 2696 5588 regiam,toto
2722 5507 2820 5571 die
2841 5507 3140 5571 assidebat
3171 5508 3234 5568 in
3267 5505 3500 5586 templis
3521 5523 3665 5565 san-

2018 5605 2278 5672 ctorum,
2313 5615 2424 5658 nec
2455 5595 2558 5658 diu
2591 5616 2699 5661 nec
2729 5605 2906 5660 noctu
2939 5597 3014 5659 ab
3045 5597 3136 5660 eis
3167 5595 3484 5674 recedens,
3503 5593 3661 5673 jeju-

2017 5683 2225 5765 niique
2256 5693 2313 5748 et
2344 5703 2592 5767 precum
2623 5705 2828 5752 curam
2887 5704 3102 5776 gerens
3131 5694 3188 5750 et
3217 5683 3524 5750 facultates
3558 5683 3664 5743 im-
