4086 6418
473 339 590 407 923

1644 344 2033 409 ADDENDA.
2100 375 2174 389 -
2237 344 2684 411 NOVEMBER.

3694 351 3795 419 924

471 477 740 562 pertiens
781 477 1113 560 egentibus,
1166 490 1223 544 et
1273 481 1453 544 Deum
1501 481 1745 544 assidue
1775 497 2015 560 rogans,
2050 489 2104 541 ut

2198 485 2294 547 τῆς
2339 480 2557 559 σαρκός.
2610 479 2705 538 Καὶ
2735 477 2834 555 γὰρ
2884 477 2950 546 ἧν
2997 478 3120 535 τότε
3171 477 3292 536 νέαν
3321 478 3515 560 ἄγουσα
3556 483 3646 551 τὴν
3697 484 3800 553 ἧλι.

473 572 772 651 sopiretur
800 578 860 633 in
886 591 957 634 ea
988 575 1253 635 innatum
1299 572 1520 635 bellum
1552 573 1770 645 carnis,
1798 579 1921 632 erat
1953 569 2113 632 enim

471 667 613 721 tunc
644 671 816 722 aetate
839 662 1103 741 juvenis,
1140 668 1204 723 ut
1267 681 1402 742 quae
1467 680 1587 722 non
1619 667 1778 723 esset
1810 667 1947 721 nata
1982 660 2114 740 plus

471 767 646 830 quam
683 751 880 828 viginti
907 750 1172 832 quinque
1203 770 1419 814 annos.

549 836 652 903 IV.
679 839 945 920 Rogabat
975 839 1303 920 ergo,sicut
1346 841 1628 915 diximus,
1662 849 1726 901 ut
1756 838 2114 901 liberaretur

469 944 504 988 a
534 928 728 989 carnis
754 929 1064 1005 molestiis,
1098 937 1329 1011 ut,cnm
1362 939 1558 1011 posset
1588 931 1786 992 vivere
1819 929 1948 990 sine
1983 947 2112 989 ma-

465 1015 602 1089 rito,
639 1017 830 1080 libere
877 1028 1111 1082 vacaret
1167 1020 1536 1101 spiritalibus
1591 1029 1649 1082 et
1682 1017 2110 1081 divinioribus.

465 1105 609 1177 Quae
629 1116 824 1169 autem
848 1126 978 1171 eam
1003 1109 1075 1171 ad
1103 1129 1194 1191 ea,
1228 1128 1361 1191 quae
1393 1118 1532 1172 sunt
1579 1110 1860 1189 honesta,
1894 1107 2108 1170 incita-

465 1193 587 1268 bat,
621 1206 751 1258 erat
773 1199 1042 1279 qumdam
1069 1198 1356 1279 Eugenia,
1377 1219 1508 1280 quae
1538 1199 1968 1261 convenienter
2001 1216 2113 1259 no-

466 1284 615 1346 mini
647 1294 772 1347 erat
805 1288 1073 1351 moribus
1108 1289 1404 1368 ingenuis,
1460 1300 1519 1352 et
1577 1307 1714 1362 una,
1766 1306 1899 1369 quae
1933 1295 2112 1349 totam

464 1374 648 1437 vitam
673 1378 1065 1439 consumebat
1087 1379 1145 1440 in
1172 1379 1481 1440 nocturnis
1507 1377 1862 1440 stationibus
1889 1385 1951 1440 et
1973 1396 2112 1440 ora-

466 1462 753 1526 tionibus.
782 1467 927 1528 Cum
963 1486 1080 1544 qua
1111 1467 1238 1548 ipsa
1287 1487 1526 1549 quoque
1576 1468 1730 1529 bona
1771 1467 2113 1529 decertabat

468 1553 856 1616 contentione
889 1558 1357 1632 exercitationis,
1385 1577 1452 1619 ea
1478 1557 1693 1637 quibus
1749 1566 2113 1620 exercentur

472 1644 1103 1725 monachi,diligenter
1123 1647 1579 1710 exercens.Hzec
1600 1665 1904 1726 vero,quae
1920 1647 2111 1724 quoti-

471 1732 568 1794 die
599 1733 838 1805 ﬁebant,
872 1754 1025 1815 aegre
1056 1735 1285 1798 terebat
1315 1737 1707 1813 Domitianus,
1745 1745 1807 1799 et
1836 1737 2112 1798 absurdae

2197 571 2340 646 κίαν,
2399 571 2458 626 οὐ
2487 568 2656 626 πλείω
2711 574 2820 624 τῶν
2865 567 3042 626 εἴκοσι
3087 568 3216 646 πρὸς
3255 583 3371 634 τοῖς
3419 569 3569 627 πέντε
3609 573 3801 653 χρόνοις

2197 657 2462 738 γενομένη
2475 705 2487 719 .

2279 828 2362 900 Δ’,
2418 836 2625 896 Ἐδεῖτο
2676 844 2824 916 γοῦν,
2855 837 3036 915 ὤσπερ
3079 837 3317 918 εἴρηται,
3349 844 3454 894 τῶν
3484 837 3542 895 ἐκ
3569 845 3662 907 τῆς
3689 863 3807 914 σαρ-

2195 927 2288 990 κὸς
2342 928 2628 1008 όχλήσεων
2680 927 2955 1008 ἀνεθῆναι,
3017 928 3111 985 ’ίνα
3168 927 3262 984 καί
3337 935 3430 986 τοῦ
3488 927 3663 1008 ἄνδρδς
3704 928 3811 987 ἄνευ

2196 1022 2291 1093 ζῇν
2336 1015 2600 1093 δυναμένη
2646 1016 2941 1097 σχολάζειν
2985 1016 3290 1097 ἆλευθερίως
3363 1018 3468 1098 ἔχῃ
3521 1031 3634 1082 τοῖς
3675 1040 3814 1075 πνευ-

2197 1120 2448 1182 ματικοῖς
2509 1128 2566 1163 τε
2625 1109 2712 1164 καὶ
2763 1105 3072 1186 θειοτέροις.
3137 1107 3204 1164 Ἢ
3265 1106 3321 1164 δί
3378 1109 3508 1186 πρὸς
3561 1109 3626 1164 τᾶ
3690 1108 3815 1164 καλᾶ

2196 1197 2399 1264 ταύτην
2475 1194 2825 1276 διερεθίζουσα
2912 1196 3134 1274 Εὗγενία
3216 1219 3298 1260 τις
3356 1197 3446 1276 ἦν,
3516 1198 3814 1277 φερωνύμως

2196 1287 2534 1366 ὑπάρχουσα,
2588 1287 2682 1360 μία
2739 1306 2798 1342 τε
2847 1285 2956 1342 τῶν
2998 1287 3054 1344 ἒν
3111 1299 3235 1350 ταῖς
3286 1287 3578 1366 παννύχοις
3620 1288 3814 1343 στάσεσι

2195 1377 2284 1432 καὶ
2328 1375 2584 1442 ἐντεύξεσι
2627 1377 2719 1432 τὸν
2775 1375 2948 1432 πάντα
2992 1376 3106 1451 βίον
3162 1374 3640 1434 καταναλίσκουσα·
3699 1376 3815 1452 πρὸς

2193 1465 2260 1534 ἣν
2309 1463 2454 1541 ἤριζε
2511 1467 2600 1521 καὶ
2659 1463 2790 1531 αὕτη
2850 1464 2948 1532 τὴν
3003 1465 3211 1542 ἀγαθὴν
3265 1464 3370 1544 ἔριν
3403 1470 3503 1530 τῆς
3533 1464 3812 1539 ἀσκήσεως,

2194 1555 2259 1610 τὰ
2317 1560 2422 1611 τῶν
2480 1553 2730 1620 ἀσκητῶν
2792 1551 3094 1632 φιλοπόνως
3151 1554 3548 1632 γυμναζομένη.
3620 1555 3815 1617 Τούτοις

2194 1643 2314 1700 ὅσαι
2372 1643 2567 1720 ἡμέραι
2625 1665 3013 1720 πραττομενοις
3059 1646 3086 1700 ὁ
3154 1646 3482 1718 Δομετιανὸς
3538 1643 3814 1724 ἀχθόμενος

2193 1733 2281 1808 ἧν,
2329 1739 2417 1791 καὶ
2465 1735 2537 1795 εἰς
2581 1732 2812 1796 ἀτόπους
2854 1733 3055 1796 ἐννοίας
3110 1732 3413 1813 ἓξὲπιπτεν,
3447 1733 3541 1790 οὒκ
3571 1733 3660 1790 ἐπὶ
3686 1730 3818 1804 καλῷ

468 1823 734 1902 quaedam
769 1831 828 1885 et
865 1835 1066 1906 turpes
1127 1827 1514 1905 cogitationes
1564 1825 1620 1887 ei
1677 1826 2000 1888 veniebant
2051 1834 2104 1888 in

2194 1824 2366 1902 λέγων
2424 1824 2484 1879 τὸ
2525 1823 2621 1890 τῆς
2666 1821 2892 1901 προόδου
2936 1823 3169 1900 γίνεσθαι
3215 1823 3466 1901 συνεχὲς,
3528 1820 3660 1877 ἀλλὰ
3697 1819 3818 1877 κατά

471 1923 757 1989 mentem,
785 1915 1039 1978 dicendo
1068 1935 1081 1979 :
1107 1916 1235 1979 Non
1258 1926 1418 1980 recte
1443 1918 1622 1980 habet
1666 1917 1983 1980 continUus

2193 1937 2313 1970 τινα
2368 1912 2592 1991 γνώμην
2650 1913 2723 1976 εἰς
2782 1910 2981 1989 φαύλας
3039 1919 3324 1991 χωροῦσαν
3407 1912 3696 2014 ἐπιθυμίαις,
3766 1911 3819 1964 τὸ

469 2020 845 2086 progressus,
878 2006 983 2067 sed
1019 2007 1083 2068 ﬁt
1140 2007 1361 2080 animo,
1423 2009 1524 2088 qui
1568 2009 1641 2070 ad
1703 2008 1885 2070 malas
1917 2006 2104 2068 tendit

2195 2003 2291 2060 ἀπ’
2341 2003 2542 2058 ἐκείνου
2598 2021 2656 2056 τε
2712 2007 2885 2059 πᾶσαν
2929 1999 3169 2080 φυλακὴν
3227 1999 3491 2075 ἐποιεῖτο,
3558 1998 3685 2074 μηδὲ
3739 2003 3820 2055 τοῦ

466 2092 899 2198 cupiditates,et
917 2097 1131 2159 exhinc
1147 2116 1240 2158 om
1254 2115 1389 2198 nem
1409 2097 1732 2198 adhibebat
1749 2097 2104 2198 custodiam,

2197 2093 2465 2169 δωματίου
2527 2092 2719 2158 ταύτην
2779 2093 3098 2170 προκύπτειν
3157 2095 3262 2149 Ιεῶν
3290 2112 3306 2127 ο
3364 2093 3511 2169 ἁγών
3553 2113 3608 2147 τε
3658 2091 3820 2198 ἀμφοῖ-

467 2199 545 2242 ne
568 2201 694 2244 eam
721 2183 962 2264 quidem
989 2187 1189 2247 sinens
1213 2187 1456 2266 prodire
1476 2196 1640 2248 extra
1662 2187 2104 2250 domunculam.

2197 2185 2368 2262 τέροις
2425 2182 2732 2260 καθίστατο,
2790 2187 2867 2254 τῷ
2943 2183 3042 2256 μὲν
3112 2183 3192 2256 μὴ
3253 2182 3466 2262 ἄφιέναι
3520 2181 3714 2247 ταύτην
3767 2181 3821 2234 τὰ

469 2283 525 2332 et
546 2277 792 2332 ambobu
808 2293 832 2333 s
854 2287 976 2336 erat
996 2283 1370 2337 constitutum
1393 2290 1680 2338 certamen
1708 2299 1721 2338 :
1748 2279 1832 2337 illi
1856 2281 2104 2353 quidem1

2198 2275 2398 2343 συνήθη
2447 2284 2651 2342 ποιεῖν,
2683 2277 2750 2347 τῇ
2791 2269 2846 2326 δὲ
2876 2277 2982 2327 τῶν
3038 2272 3192 2348 ἱερῶν
3237 2271 3504 2337 συνάξεων
3565 2270 3641 2346 μὴ
3699 2269 3824 2374 duo:

471 2377 550 2420 ne
576 2360 904 2424 dimitteret
935 2381 1062 2424 eam
1120 2363 1318 2425 facere
1375 2382 1444 2426 ea
1494 2383 1628 2444 quae
1681 2375 2104 2442 consueverat;

2197 2363 2573 2438 λιμπάνεσθαι,
2633 2359 2800 2418 Ἀλλὰ
2861 2361 2960 2439 γὰρ
2990 2361 3309 2418 ἀπειθοῦντα
3366 2368 3551 2418 τοῦτον
3610 2358 3704 2434 ὀψὲ
3744 2358 3821 2413 καῖ

469 2448 608 2509 huic
631 2458 937 2525 autem,ne
963 2453 1196 2513 abesset
1228 2472 1260 2514 ε
1289 2454 1474 2515 sacris
1505 2453 1786 2516 cmiibus.
1821 2455 1937 2518 Sed
1970 2475 2104 2517 cum

2195 2451 2352 2528 μόλις
2411 2450 2526 2507 λίαν
2584 2450 2879 2529 ἐγκειμένη
2961 2463 3083 2512 ταῖς
3162 2449 3534 2529 παρακλήσεσι
3587 2445 3824 2524 λαμϐάνει

460 2535 514 2597 is
545 2538 711 2599 valde
745 2553 1130 2621 repugnaret,
1168 2560 1237 2602 ea
1270 2542 1472 2603 multis
1530 2561 1751 2622 urgens
1804 2543 2104 2626 precibus,

2191 2544 2487 2607 καταπειθῆ
2524 2542 2768 2618 πράττειν
2799 2539 2827 2595 ὅ
2858 2561 2907 2596 τι
2948 2538 3044 2596 καί
3073 2538 3346 2616 βούλοιτο.

460 2626 554 2688 vix
585 2628 822 2689 tandem
860 2630 1178 2710 persuadet
1210 2639 1273 2691 ut
1324 2629 1441 2692 sibi
1497 2631 1670 2694 liceat
1721 2633 1916 2696 facere
1947 2635 2104 2715 quod

2273 2631 2360 2690 E'.
2398 2629 2609 2706 Σπουδῇ
2649 2631 2821 2686 τοίνυν
2849 2629 2940 2685 τὸν
2988 2635 3095 2685 τῶν
3131 2632 3285 2705 ἱερῶν
3354 2627 3695 2686 Ἀποστόλων
3733 2649 3824 2684 κα-

463 2715 664 2777 vellet.
2189 2719 2516 2795 ταλαμϐάνει
2551 2722 2700 2793 ναὸν,
2732 2718 2816 2800 ἐφ’
2873 2719 2934 2775 οὗ
2983 2719 3248 2796 γενομένη
3302 2719 3404 2776 καὶ
3462 2717 3824 2795 συντονωτέραν

544 2803 827 2887 V.Magno
859 2809 1059 2888 itaque
1083 2810 1276 2871 studio
1309 2811 1472 2872 venit
1504 2811 1563 2872 in
1594 2813 1878 2892 templum
1907 2831 2104 2875 sacro-

2190 2810 2480 2884 ποιουμένη
2539 2810 2637 2876 τὴν
2706 2807 2888 2876 δέησιν
2941 2809 3116 2879 ἐζήτει
3169 2807 3338 2884 μηδὲν
3405 2807 3647 2882 ἐμποδὼν
3708 2807 3823 2882 αὑτῇ

462 2911 595 2955 rum
615 2895 1059 2975 Apostolorum.
1087 2899 1148 2962 In
1175 2919 1290 2980 quo
1314 2920 1446 2962 cum
1474 2901 1701 2976 fuisset,
1734 2921 1836 2964 eos
1861 2921 2104 2982 precans

2192 2899 2434 2977 γενέσθαι
2493 2900 2620 2967 πρὸς
2679 2899 2778 2965 τὴν
2832 2897 2940 2954 ἀπὸ
2993 2904 3086 2954 τοῦ
3164 2898 3380 2972 κόσμου
3459 2899 3650 2978 φυγὴν,
3703 2893 3822 2952 ἀλλὰ

467 2986 1103 3068 intensius,petebatut
1132 2989 1246 3052 sibi
1272 2991 1420 3051 nihil
1455 3000 1613 3052 esset
1646 2991 2104 3073 impedimento,

2193 2996 2401 3066 Χριστῷ
2458 2989 2545 3044 καὶ
2601 2988 2798 3054 ταύτην
2845 2999 3230 3066 προσενεγκεῖν
3277 2988 3424 3060 μετὰ
3456 2994 3547 3044 τοῦ
3575 2985 3674 3054 ἤδη
3700 2987 3821 3062 πρό-

460 3090 578 3153 quo
610 3077 806 3138 minus
827 3077 1057 3158 fugeret
1081 3080 1504 3160 mundum,sed
1531 3100 1659 3142 eam
1683 3101 1916 3162 quoque
1945 3081 2104 3144 Chri-

2191 3100 2341 3156 τερον
2399 3076 2486 3134 ὑπ’
2547 3080 2718 3136 αὒτὼν
2774 3075 3229 3154 προσενεχθέντος
3287 3074 3680 3155 πληρώματος.
3732 3073 3821 3132 Οὖ-

461 3171 550 3224 ειο
577 3166 860 3228 oﬂ‘errent
902 3187 1038 3229 cum
1070 3187 1140 3230 eo
1173 3184 1350 3236 coetu.
1386 3171 1490 3250 qni
1539 3172 1664 3249 jam
1720 3170 1793 3231 ab
1827 3173 1913 3232 eis
1945 3173 2104 3250 prius

2193 3190 2298 3231 τως
2358 3167 2523 3232 αὒτῆς
2580 3165 2882 3240 δεηθείσης,
2957 3165 3184 3237 ἑσπέρας
3268 3164 3381 3233 ἤδη
3442 3163 3819 3228 καταλαϐούσης

461 3253 517 3315 ei
548 3254 657 3315 fuit
687 3255 944 3318 oblatus.
978 3258 1124 3320 Cum
1174 3278 1244 3319 ea
1298 3259 1384 3319 sic
1417 3269 1575 3320 esset
1607 3267 1868 3340 precata,
1903 3269 1962 3322 et
1991 3263 2102 3332 jam

2193 3258 2278 3312 καὶ
2336 3263 2440 3312 τῶν
2503 3256 2602 3323 τὴν
2657 3253 2898 3334 φυλακὴν
2948 3261 3042 3311 τοῦ
3101 3261 3228 3311 ναοῦ
3283 3256 3626 3332 ποιουμένων
3655 3252 3821 3320 ἐξιέναι

461 3343 1138 3424 adventassetveSpera,
1174 3356 1231 3406 et
1264 3349 1360 3426 qui
1388 3347 1442 3407 id
1481 3348 1768 3426 templum
1803 3350 2104 3410 custodie-

2190 3349 2394 3408 πάντας
2449 3342 2934 3424 διακελευομένων,
2991 3343 3129 3411 αὕτη
3185 3345 3272 3401 Eni
3344 3368 3471 3403 τινα
3528 3351 3632 3402 τῶν
3673 3343 3830 3399 ἐκεῖσε

461 3431 1141 3510 bantjuberentomnes
1166 3435 1391 3512 egredi,
1426 3435 1554 3514 ipsa
1586 3455 1721 3497 cum
1757 3438 1818 3497 in
1853 3438 2104 3516 quodam

2190 3440 2361 3491 στοῶν
2449 3435 2739 3501 Σωσάννης
2815 3435 2956 3499 τινὸς
3041 3433 3204 3490 πάλαι
3287 3438 3551 3505 συνήθους
3637 3436 3832 3511 εὑροῦσα

462 3521 690 3601 porticu
723 3539 792 3584 ex
821 3523 897 3586 iis
930 3530 1028 3603 qui
1061 3524 1184 3584 illic
1223 3533 1410 3596 erant,
1441 3524 1728 3586 Susanna:
1761 3527 2103 3606 cujusdam,

461 3610 516 3672 ei
535 3611 657 3690 jam
683 3611 824 3672 olim
849 3613 1515 3688 iamiliaris,invenisset
1542 3614 2109 3696 habitaculum,quze

457 3699 530 3760 ab
564 3701 809 3763 ineunte
839 3709 1008 3763 aetate
1039 3702 1432 3780 virginitatem
1479 3723 1837 3767 conservare
1870 3711 2101 3768 consti-

461 3797 675 3865 tuerat,
714 3800 770 3852 et
795 3809 866 3853 ex
901 3794 1023 3855 Deo
1065 3794 1240 3853 vitam
1277 3812 1474 3869 agere,
1509 3812 1644 3856 cum
1672 3814 1740 3855 ea
1771 3804 1949 3858 totam
1985 3815 2104 3858 no-

462 3887 619 3940 ctem
657 3881 900 3959 peragit.
971 3883 1074 3944 Die
1124 3901 1261 3944 vero
1303 3885 1427 3962 jam
1461 3893 1808 3964 apparente,
1847 3891 2105 3949 Matrona

456 3969 703 4029 ventitat
723 3970 794 4029 ad
821 3971 1158 4048 magistram
1188 3970 1535 4049 Eugeniam,
1563 3974 1637 4034 de
1670 3973 1849 4035 rebus
1883 3994 2101 4054 propo-

460 4057 588 4118 sitis
619 4077 753 4118 cum
788 4079 856 4121 ea
911 4063 1444 4126 communicatura.
1481 4061 1622 4126 Cum
1686 4073 1883 4126 autem
1919 4069 2102 4128 multa

460 4147 616 4207 ultro
650 4149 916 4230 citroque
964 4151 1124 4212 dicta
1155 4159 1378 4231 essent,
1415 4153 1692 4231 magistra
1725 4153 1959 4216 dicebat
1989 4157 2102 4218 hoc

457 4246 596 4298 ante
615 4238 726 4298 alia
745 4257 875 4300 esse
897 4240 1729 4322 consideranduin,quomodo
1746 4262 1808 4304 se
1826 4243 2102 4305 habitura

458 4337 617 4388 esset
646 4328 765 4388 ﬁlia
793 4328 1120 4392 Theodote.
1157 4333 1424 4394 Matrona
1453 4341 1675 4405 autem,
1711 4351 1843 4412 quae
1877 4333 2100 4394 nullam

457 4415 638 4477 alinm
671 4435 913 4498 scopum
943 4419 1056 4480 sibi
1107 4421 1478 4498 paoponebat
1529 4429 1743 4499 praeter
1776 4420 1987 4495 Deum,
2045 4432 2103 4483 et

453 4524 692 4566 omnem
726 4507 899 4567 aliam
931 4507 1262 4587 negligebat
1292 4509 1757 4570 sollicitudinem
1795 4529 1808 4570 :
1853 4513 1965 4590 Me,
2011 4511 2101 4572 in-

459 4595 862 4675 quit,accipiat
891 4597 1156 4658 solitaria
1184 4599 1297 4658 vita
1327 4607 1387 4658 et
1411 4598 1741 4660 monastica
1775 4616 1788 4661 :
1826 4597 2098 4662 Theodo-

456 4692 555 4744 ten
587 4695 782 4746 autem
817 4688 1099 4748 Sosannm
1132 4696 1188 4747 et
1243 4687 1363 4748 Deo
1414 4687 1581 4748 trado
1616 4708 1629 4746 :
1690 4697 1747 4748 et
1777 4688 1851 4748 de
1885 4690 2098 4769 eajam

458 4774 620 4834 omni
655 4793 800 4836 cura
835 4775 1077 4838 liberer.
1133 4774 1324 4836 Verba
1379 4793 1476 4837 res
1539 4776 1665 4856 ipsa
1693 4795 1934 4858 quoque
1967 4799 2101 4840 mox

459 4876 548 4923 est
571 4874 911 4928 consecuta.

538 5045 872 5105 VLRursus
893 5051 1089 5104 autem
1113 5042 1412 5121 quomodo
1438 5052 1709 5123 oporteat
1740 5046 1983 5108 silentio
2016 5049 2102 5109 Vi-

453 5140 680 5203 vere,et
706 5134 825 5193 Deo
851 5132 1089 5211 placere
1112 5150 1385 5211 quaerens
1407 5136 1696 5210 Matrona,
1729 5155 1834 5216 per
1860 5137 2096 5198 eviden-

459 5229 577 5281 tem
611 5221 670 5280 in
704 5222 930 5282 somnis
961 5219 1249 5281 visionem
1307 5223 1557 5285 docetur
1588 5243 1621 5285 a
1653 5225 1928 5288 Domino.
1965 5225 2097 5288 Fuit

455 5319 652 5370 autem
685 5310 815 5370 haec
849 5309 991 5370 visio
1025 5311 1416 5374 admirabilis.
1453 5313 1780 5376 Videbatur
1817 5318 1973 5377 enim
2008 5318 2095 5376 vir

459 5399 698 5476 quidam
724 5416 852 5458 eam
889 5401 1324 5482 persequi,ipsa
1352 5413 1547 5465 autem
1584 5405 1838 5485 fugiens,
1871 5413 2096 5468 servata

459 5506 590 5549 esse
620 5506 650 5549 a
684 5487 1040 5564 quibusdam
1093 5493 1422 5572 monachis,
1452 5495 1604 5574 quod
1641 5494 1883 5574 quidem
1919 5497 1973 5556 ei
2007 5496 2094 5557 si-

455 5576 793 5656 gniﬁcabat,
819 5581 973 5660 quod
1012 5583 1071 5642 in
1099 5583 1458 5645 monasterio
1483 5591 1787 5664 oporteret
1808 5603 1936 5646 eam
1971 5605 2094 5648 sus-

454 5672 657 5750 cipere
709 5671 880 5734 vitam
952 5672 1210 5734 virorum
1275 5673 1730 5739 monachorum.
1788 5672 1884 5737 Sic
1932 5675 2091 5740 enim

2189 3524 2515 3602 καταγωγὴν
2561 3521 2678 3590 ἥτις
2723 3525 2784 3580 ὲκ
2824 3529 3013 3603 νεαρᾶς
3076 3522 3154 3579 ἔτι
3211 3523 3308 3591 τῆς
3371 3525 3588 3593 ἡλικίας
3633 3525 3688 3580 τὸ
3718 3542 3833 3598 παρ-

2190 3613 2415 3668 θενεύειν
2461 3615 2596 3687 ὁμου
2671 3613 2756 3668 καὶ
2799 3612 2899 3680 τὴν
2970 3613 3107 3669 κατὰ
3165 3613 3294 3668 Θεὸν
3346 3613 3624 3670 πολιτείαν
3666 3609 3836 3690 προεί-

2188 3700 2332 3775 λετο,
2383 3703 2476 3757 σὺν
2519 3704 2653 3778 αὗτῇ
2711 3702 2812 3768 τὴν
2867 3702 3029 3758 νύκτα
3087 3708 3264 3758 πᾶσαν
3308 3701 3577 3762 διατελεῖ.
3619 3695 3832 3777 Ἡμέρας

2188 3792 2276 3848 οὖν
2330 3791 2432 3860 ἤδη
2495 3790 2875 3871 διαφαινούσης
2939 3792 2968 3860 ἦ
3030 3791 3293 3867 Ματρώνα
3355 3795 3491 3871 πρὸς
3549 3792 3646 3860 τὴν
3695 3787 3832 3846 διδά-

2188 3881 2383 3937 σκαλον
2434 3882 2681 3959 Εὖγενίαν
2741 3887 2898 3959 φοιτᾷ
2958 3882 3076 3958 περὶ
3133 3887 3241 3937 τῶν
3292 3882 3669 3958 προκειμένων
3713 3878 3835 3951 αὗτῇ

2185 3971 2672 4049 κοινολογουμένη.
2741 3962 3035 4037 Ῥηθὲντων
3112 3968 3167 4026 δὲ
3246 3970 3431 4048 λόγων
3490 3970 3708 4028 πολλῶν
3758 3964 3834 4046 ἔφ’

2187 4061 2410 4140 ἑκάτερα
2481 4061 2746 4139 φερόντων
2804 4063 2838 4128 ἡ
2931 4059 3267 4140 διδασκαλος,
3339 4069 3515 4120 Τοῦτο
3588 4063 3686 4140 πρὸ
3740 4061 3834 4115 τῶν

2187 4149 2385 4219 ἄλλων,
2421 4151 2548 4229 ἔφη,
2581 4153 2898 4206 σκοπεῖσθαι
2930 4148 3037 4224 δεῖ,
3076 4156 3192 4216 πῶς
3241 4151 3309 4206 τὰ
3366 4154 3496 4220 περὶ
3555 4151 3652 4219 τῆς
3709 4171 3832 4206 παι-

2183 4237 2271 4303 δὸς
2331 4238 2593 4305 Θεοδότης
2652 4237 2892 4307 διατεθῆ.
2957 4236 3020 4296 Ἠ
3081 4239 3344 4319 Ματρώνα
3388 4239 3450 4297 δὲ
3483 4243 3652 4315 μόνου
3687 4260 3833 4317 γενο-

2185 4327 2320 4402 μένη
2381 4331 2476 4385 του
2530 4327 2669 4384 κατὰ
2727 4329 2858 4384 Θεὸν
2916 4337 3118 4387 σκοποῦ
3144 4331 3229 4385 καὶ
3262 4330 3447 4397 πάσης
3478 4329 3651 4397 ἄλλης
3682 4350 3834 4409 φρον-

2181 4413 2322 4480 τίδος
2423 4423 2843 4494 καταφρονοῦσα,
2934 4417 3090 4491 Ἐμὲ,
3179 4417 3360 4497 εἶπεν,
3442 4423 3472 4476 ὁ
3553 4418 3833 4486 ἀσκητικὸς

2187 4507 2278 4560 καί
2343 4504 2674 4582 μονότροπος
2723 4503 3043 4580 Λαμϐανέτω
3085 4508 3223 4583 βίος’
3285 4506 3558 4577 Θεοδότην
3608 4507 3664 4565 δὲ
3721 4514 3832 4562 Σω-

2187 4594 2350 4671 σάνθῃ
2410 4595 2495 4650 καὶ
2553 4601 2668 4670 Θεῷ
2726 4593 3081 4674 παραδίδωμι,
3147 4597 3232 4653 καὶ
3285 4597 3379 4664 τῆς
3461 4600 3588 4677 περὶ
3680 4600 3833 4660 αὐτῆς

2185 4681 2286 4750 ἤδη
2344 4682 2615 4764 φροντίδος
2677 4683 2898 4760 λύομαι.
2960 4684 3161 4743 Εἵπετο
3205 4699 3323 4750 τοῖς
3369 4686 3561 4766 λόγοις
3623 4689 3712 4744 καὶ
3779 4685 3833 4738 τὸ

2185 4771 2337 4851 ἔργον
2369 4774 2515 4836 εὐθύς
2528 4818 2542 4832 .
2577 4827 2582 4838 ,

2261 5039 2361 5114 ς’.
2399 5043 2553 5105 Αὖθις
2583 5039 2636 5096 δὲ
2667 5047 2795 5116 περὶ
2832 5045 2916 5098 τοῦ
2947 5047 3060 5107 πῶς
3109 5041 3192 5100 δεῖ
3245 5043 3362 5100 καθ’
3414 5045 3658 5125 ἡσυχίαν
3700 5046 3825 5120 βιῶ·

2183 5153 2265 5186 ναι
2311 5132 2396 5186 καὶ
2456 5129 2802 5208 εὖαρεστῆσαι
2863 5135 2979 5205 Θεῴ
3037 5134 3070 5200 ἡ
3121 5133 3382 5210 Ματρώνα
3432 5142 3678 5204 ζητοῦσα
3725 5154 3833 5208 μα-

2178 5221 2291 5274 θεῖν
2321 5217 2404 5275 διὰ
2436 5225 2533 5285 τῆς
2579 5221 2715 5276 κατὰ
2759 5222 2880 5284 τοὺς
2925 5220 3116 5286 ὕπνους
3153 5221 3399 5300 ἐναργοῦς
3446 5222 3637 5297 ὅψεως
3698 5221 3835 5299 παρὰ

2185 5310 2370 5386 Κυρίου
2399 5307 2722 5372 διδάσκεται,
2759 5311 2856 5367 Καὶ
2902 5309 2937 5376 ἦ
2998 5310 3178 5383 ὅρασις
3237 5311 3412 5368 τοιάδε
3469 5315 3566 5369 καὶ
3626 5317 3836 5386 θαυμα-

2179 5399 2305 5465 στή.
2354 5395 2557 5454 Ἐδόκει
2605 5400 2704 5477 γὰρ
2747 5401 2837 5456 τὸν
2897 5398 3057 5476 ἄνδρα
3111 5399 3370 5457 διώκοντα
3420 5401 3546 5477 μὲν,
3585 5403 3758 5468 αὐτὴν
3788 5397 3839 5453 δὲ

2178 5488 2438 5566 φεύγοντα
2467 5489 2569 5544 ὑπό
2628 5510 2784 5545 τινων
2817 5489 3077 5546 σεσῶσθαι
3132 5493 3416 5570 μοναχῶν,
3470 5489 3612 5570 ὅπερ
3661 5488 3842 5548 συνιέ-

2180 5597 2262 5630 ναι
2319 5573 2483 5631 ἐδίδου
2541 5579 2612 5641 ὡς
2683 5576 2736 5634 ἒν
2788 5579 3174 5657 φροντιστηρίῳ
3230 5578 3347 5636 δέον
3404 5579 3579 5645 αὐτὴν
3637 5577 3841 5644 ἀνδρῶν

2178 5665 2269 5720 τὸν
2324 5671 2429 5720 τῶν
2489 5672 2748 5745 μοναχῶν
2805 5667 2917 5744 βίον
2959 5666 3231 5733 ὑπελθεῖν.
3279 5669 3429 5728 Οὕτω
3488 5670 3598 5750 γὰρ
3645 5670 3711 5729 ἂν
3757 5664 3842 5722 ναὶ
