4086 6458
331 353 450 421 925

1609 354 1795 422 VITA
1867 354 1928 420 S.
2000 354 2417 422 MATRONIE.

3593 362 3713 433 926

328 497 409 567 τῷ
436 491 663 567 συνοίκῳ
719 492 806 551 καὶ
837 502 957 559 τοϊς
1030 490 1217 559 ἄλλοις
1268 491 1419 552 ἔσται
1473 491 1834 572 ἀγνοουμένη,
1900 492 1967 552 Ἐκ

2076 492 2227 582 fore,
2257 503 2323 557 ut
2351 500 2409 556 et
2439 493 2655 558 marito
2683 502 2744 559 et
2771 494 2904 560 aliis
2932 495 3009 562 sit
3042 496 3263 580 ignota.
3298 497 3444 564 Cum
3477 515 3542 564 se
3570 518 3712 582 ergo

326 590 449 663 χρῷ
510 589 599 639 οῦν
640 583 928 659 κειραμένη
979 585 1066 640 καὶ
1095 584 1169 648 εὶς
1214 585 1468 664 εῦνοῦχον
1521 584 1713 650 ἰαυτὴν
1743 604 1977 663 σχημα-

322 672 537 745 τίσασα,
594 670 756 729 πάλιν
819 675 892 738 εἰς
939 674 1030 729 τὸν
1076 672 1299 749 ρηθίντα
1360 674 1569 750 σύναμα
1624 674 1693 744 τῆ
1758 672 1978 750 Εὖγενίᾳ

322 766 432 818 τῶν
472 761 625 819 θείων
658 749 1000 820 Ἀποστόλεον
1024 760 1121 831 ἧκε
1159 764 1304 836 ναὸν,
1337 761 1570 832 δήλωσίν
1613 784 1670 819 τε
1699 769 1806 819 τῶν
1830 749 1973 842 ἄφα-

320 855 430 908 νῶν
491 851 553 908 ἐκ
592 854 701 907 τῶν
751 852 1028 927 θειοτέρων
1082 850 1380 927 βουλομένη
1445 856 1660 927 μαθεῖν,
1720 854 1783 909 τὸ
1836 852 1975 930 ἱερὸν

319 940 692 1018 ῦπανοίγνυσιν
764 938 1118 1017 Εὖαγγέλιον,
1170 942 1258 998 καὶ
1299 942 1525 1016 τοιούτῷ
1576 941 1722 1005 εῦθὺς
1782 941 1899 997 ἔντυ
1918 964 1973 1016 ί-

323 1029 483 1109 χάνει
555 1028 724 1107 ῥητῷ·
806 1048 831 1084 ε
867 1027 1054 1093 ’Ὅστις
1127 1029 1268 1086 θέλει
1357 1030 1527 1087 ὀπίσω
1598 1051 1701 1105 μου
1772 1029 1969 1107 ἐλθεῖν,

321 1117 719 1195 ἀπαρνησάσθω
767 1118 976 1192 ἑαυτὸν,
1008 1120 1096 1175 καὶ
1146 1117 1325 1196 ἀράτω
1374 1121 1465 1177 τὸν
1515 1121 1739 1197 σταυρὸν
1790 1118 1969 1196 αὒτοῦ,

324 1210 417 1265 καὶ
473 1207 826 1265 ἀκολουθείτω
855 1230 970 1282 μοι,
1008 1230 1037 1262 ο
1100 1205 1370 1266 Ἐντεῦθεν
1399 1206 1771 1265 ἀνενδοίαστον
1826 1231 1975 1285 γνω-

326 1318 411 1353 σιν
461 1304 691 1378 σχοῦσαι
723 1303 828 1354 τῶν
872 1296 1205 1375 ἀρεσκόντων
1246 1299 1323 1371 τῷ
1366 1305 1504 1378 Θεῷ,
1542 1299 1627 1355 καὶ
1681 1299 1850 1372 τούτῳ
1910 1294 1976 1352 τὰ

326 1387 448 1444 καθ’
535 1386 726 1450 ἑαυτὰς
816 1385 1152 1461 ἂναθέμεναι,
1238 1388 1326 1443 καὶ
1406 1392 1513 1443 τῶν
1598 1385 1976 1464 πραττομένων

2059 580 2133 642 ad
2164 590 2360 645 cutem
2395 603 2585 665 usque
2617 587 3004 661 totondisset,
3037 596 3096 651 et
3138 588 3397 652 eunuchi
3444 580 3709 653 habitum

2057 669 2374 749 induisset,
2406 691 2617 736 rursus
2668 677 2832 738 venit
2881 695 3015 739 cum
3060 677 3333 755 Eugenia
3376 676 3439 740 in
3488 678 3712 741 dictum

2058 761 2349 839 templum
2396 761 2736 825 divinorum
2768 765 3220 845 Apostolorum,
3255 776 3314 831 et
3360 767 3568 830 volens
3597 768 3713 830 ob-

2056 866 2371 911 scurorum
2424 851 2583 914 scire
2631 853 3125 933 significationem
3162 874 3237 919 ex
3288 856 3708 930 divinioribus,

2056 955 2289 1000 sacrum
2323 940 2518 1020 aperit
2548 942 2963 1024 Evangelium,
2997 953 3056 1007 et
3110 947 3380 1026 protinus
3411 946 3622 1009 incidit
3650 947 3712 1008 in

2059 1028 2174 1116 tale
2219 1028 2443 1090 dictum
2483 1051 2496 1091 :
2555 1051 2585 1091 ι
2621 1030 2976 1115 Quicunque
3022 1035 3141 1097 vult
3201 1045 3338 1116 post
3381 1055 3477 1098 me
3507 1036 3713 1098 venire

2056 1114 2310 1196 abneget
2361 1118 2654 1198 seipsum,
2688 1130 2747 1182 et
2797 1114 2964 1185 tollat
2996 1114 3238 1187 crucem
3290 1143 3482 1206 suam,
3519 1133 3577 1186 et
3604 1143 3707 1186 se-

2057 1215 2272 1294 quatur
2321 1225 2415 1268 me
2448 1208 2496 1270 1.
2532 1234 2559 1264 ι»
2617 1208 2768 1272 Hinc
2819 1230 3027 1274 eorum
3082 1232 3214 1294 quae
3266 1213 3390 1277 Deo
3443 1216 3698 1294 placent,

2056 1293 2449 1383 indubitatam
2499 1296 2789 1362 habentes
2842 1293 3272 1383 cognitioinom,
3306 1293 3451 1366 cum
3488 1323 3592 1366 sua
3645 1305 3704 1367 ei

2057 1381 2452 1460 dedicassent,
2488 1394 2547 1447 et
2593 1398 2937 1467 sperassent
2966 1409 3032 1453 se
3086 1408 3222 1453 eum
3260 1381 3565 1455 habituras
3593 1395 3705 1456 ad-

325 1475 462 1542 ἕξειν
515 1476 673 1532 αὐτὸν
732 1473 1075 1561 συλλήπτορα
1140 1474 1595 1555 προσδοκήσασαι,
1661 1475 1755 1531 ἀπ’
1808 1473 1967 1546 ἀλλή-

2053 1471 2315 1550 jutorem
2350 1492 2556 1535 eorum
2601 1495 2733 1558 quae
2781 1478 3022 1553 ﬁebant,
3054 1499 3086 1540 a
3136 1499 3201 1542 se
3240 1479 3495 1544 invicem
3526 1501 3705 1561 sepa-

324 1564 436 1622 λων
493 1565 885 1643 διεψωρίζοντο,
951 1557 1015 1621 Ἠ
1074 1571 1336 1643 Ματρῶνα
1381 1564 1586 1639 μέντοι,
1630 1566 1703 1630 ὣς
1736 1563 1967 1644 εἴρηται,

2057 1569 2286 1623 rantur.
2341 1557 2880 1634 Matronaautem.
2915 1586 3075 1642 cum,
3108 1578 3173 1630 ut
3221 1571 3442 1632 dictum
3495 1557 3614 1646 est,
3641 1589 3708 1632 se

322 1657 416 1712 τὸν
490 1655 746 1733 εὖνοῦχον
804 1657 1233 1730 προσποιηθεϊσα
1313 1656 1402 1711 καὶ
1473 1651 1713 1711 Βαϐύλαν
1777 1654 1967 1722 ἑαᾶτὴν

2055 1668 2189 1712 esse
2243 1653 2584 1714 eunuchum
2628 1654 2991 1729 simulasset,
3028 1664 3088 1719 et
3127 1658 3399 1739 Babylam
3448 1659 3703 1740 seipsam

321 1745 656 1819 ὀνομάσασα,
741 1749 819 1815 τῷ
904 1752 996 1802 τοῦ
1077 1743 1218 1800 ὁσίου
1296 1750 1558 1800 Βασιανοῦ
1642 1742 1967 1811 παραόάλλει

2054 1740 2443 1821 nominasset,
2473 1743 2544 1804 ad
2594 1744 2782 1806 sancti
2805 1744 3075 1808 Bassiani
3120 1749 3351 1811 accedit
3401 1760 3707 1811 monaste-

319 1834 571 1911 σεμνείῳ,
628 1833 722 1888 καὶ
781 1834 922 1909 παρὰ
977 1837 1082 1889 τῶν
1147 1838 1405 1912 μοναχῶν
1454 1832 1791 1914 εἷσδεχθεϊσα
1837 1834 1967 1912 πρὸς

2056 1827 2210 1889 rium
2249 1850 2263 1892 :
2298 1838 2357 1892 et
2387 1840 2632 1912 accepta
2661 1850 2695 1895 a
2739 1835 3075 1909 monachis,
3111 1838 3381 1915 protinus
3406 1838 3480 1900 ad
3508 1850 3708 1901 certa-

317 1924 532 2001 ἆγῶνας
604 1922 992 1996 πνεῦματικοὸς
1052 1923 1196 1988 εὖθὺς
1270 1921 1549 1997 ἀπεδύετο,
1630 1925 1726 1982 οὐκ
1784 1922 1967 2002 ὠχρό-

2059 1917 2218 2007 mina
2248 1936 2312 1980 se
2345 1922 2568 1999 paravit
2598 1922 2913 2001 spiritalia,
2940 1942 3054 1988 non
3091 1925 3323 2007 pallore
3350 1926 3567 2001 vultus,
3595 1945 3708 1989 nec

315 2033 444 2079 τητι
500 2012 678 2089 ὄψεως
745 2012 1033 2090 προσώπου
1091 2033 1148 2069 τε
1191 2011 1598 2089 σκυθρωπότητι
1659 2033 1759 2082 την
1811 2011 1967 2068 εὐλά-

2058 2006 2298 2068 tristitia
2326 2008 2519 2090 faciei,
2553 2011 2659 2072 sed
2692 2030 2975 2091 germane
3029 2006 3222 2094 pntius
3254 2023 3312 2077 et
3341 2033 3480 2077 vere
3512 2017 3702 2077 virtu-

318 2098 442 2157 ϐιαν
495 2099 914 2180 ὑποκρινομένη,
968 2099 1108 2157 ἀλλὰ
1150 2101 1382 2179 γνησίως
1441 2098 1644 2174 μᾶλλον
1690 2100 1776 2157 καὶ
1829 2098 1967 2166 ἁλη-

2059 2102 2177 2156 tem
2223 2115 2538 2173 exercens,
2573 2109 2630 2160 et
2660 2100 2939 2163 omnibus
2985 2103 3177 2165 modis
3208 2103 3457 2167 studens
3490 2103 3699 2177 latere,

319 2195 454 2268 θῶς,
483 2193 581 2259 τὴν
627 2191 823 2270 ἀρετὴν
880 2196 1137 2266 μετιοῦσα
1182 2194 1269 2246 καὶ
1325 2191 1491 2246 παντῖ
1537 2189 1718 2266 τρόπῳ
1774 2187 1967 2245 λανθά-

2060 2193 2124 2246 ut
2181 2187 2608 2266 propemodum
2688 2201 2964 2271 provecta
3019 2192 3200 2254 fuerit
3257 2193 3329 2255 ad
3400 2211 3701 2255 summum

321 2301 432 2336 νειν
488 2279 872 2351 σπουδάζουσα,
933 2281 1008 2341 ὡς
1064 2278 1118 2334 ἐν
1175 2279 1339 2355 ὀλίγῳ
1373 2279 1504 2357 πρὸς
1558 2278 1829 2358 ἀκρότητα
1882 2285 1967 2335 τοῦ

2058 2274 2211 2348 vitai,
2247 2293 2379 2353 quae
2406 2296 2479 2337 ex
2514 2281 2639 2340 Deo
2687 2280 2900 2360 agitur,
2935 2290 2994 2342 et
3024 2279 3346 2344 haberetur
3378 2283 3455 2344 ab
3501 2281 3703 2345 omni-

323 2369 462 2426 κατὰ
521 2371 653 2425 Θεὸν
704 2370 979 2444 δψωθῆναι
1052 2368 1189 2445 βίου,
1240 2369 1329 2425 καὶ
1380 2366 1465 2425 διὰ
1514 2371 1782 2445 θαύματος
1846 2375 1974 2425 πᾶσι

326 2459 689 2532 καθίστασθαι,
750 2458 932 2536 ὅτιπερ
977 2458 1108 2533 ἀνὴρ
1179 2459 1278 2525 τὴν
1331 2456 1451 2514 κατ’
1504 2460 1758 2538 εὐνοῦχον
1808 2458 1971 2515 acet-

316 2569 461 2605 νειαν
542 2546 909 2622 περικείμενος
993 2547 1134 2604 οὕτω
1215 2546 1551 2626 διακαρτερεϊ
1636 2549 1769 2626 πρὸς
1851 2549 1971 2612 τοὺς

310 2640 530 2711 πόνους,
586 2638 674 2695 καὶ
724 2632 867 2702 ’τοὺς
948 2637 1222 2717 μοναχοὺς
1302 2637 1543 2704 ἅπαντας
1617 2636 1970 2715 παρελαύνειν

309 2726 629 2808 φιλονεικεῖ,
692 2733 787 2785 τοῦ
854 2729 1079 2802 θυμικοῦ
1153 2747 1210 2782 τε
1291 2727 1548 2804 γενναίως
1619 2730 1829 2802 κρατῶν
1883 2728 1971 2784 καὶ

309 2815 471 2884 δόξης
529 2819 603 2882 ὡς
657 2817 890 2892 ματαίας
949 2822 1321 2895 καταφρονῶν,
1375 2818 1617 2883 ὑπακοῆς
1673 2837 1732 2873 τε
1789 2816 1967 2884 πάσης

309 2908 452 2964 κατᾶ
480 2904 699 2964 πολλὼν
730 2905 1151 2982 μετριοφρούνην
1192 2906 1606 2985 περιεχόμςνος.

391 2995 476 3056 ΖΙ,
537 2995 758 3073 Ἀμέλει
822 2996 912 3052 καὶ
969 2994 1252 3071 βασκαίνεν
1310 2996 1410 3069 μὲν
1466 2999 1563 3054 οὒκ
1603 2996 1767 3077 εῖχον
1809 2997 1963 3071 αὐτῇ.

306 3085 578 3163 ἰλεύθερος
637 3086 736 3163 γὰρ
770 3087 797 3141 ὁ
853 3081 972 3140 κατ’
1033 3084 1227 3163 ἀρετὴν
1279 3084 1440 3155 ζῆλος
1497 3085 1688 3164 φθόνου
1743 3086 1963 3150 παντός·

306 3179 382 3242 ὡς
428 3173 729 3248 διδασκάλῳ
770 3172 1078 3273 δὲμᾶλλον
1122 3173 1432 3273 προσέχειν.
1487 3173 1794 3273 ἠϐούλοντο,
1855 3177 1968 3273 (op:
1987 3221 2028 3273 c

307 3266 548 3344 μημένοι
610 3267 698 3321 καὶ
752 3266 1008 3344 πρότερον
1050 3267 1171 3344 πρὶς
1229 3270 1327 3332 τὴν
1372 3265 1625 3340 μίμησιν,
1672 3271 1873 3343 Μικροῦ
1915 3262 1970 3320 δὲ

305 3358 400 3414 καὶ
464 3360 528 3412 τὸ
593 3358 956 3433 κρυπτόμενον
1026 3353 1344 3432 ἆγινώσιιετο
1405 3353 1490 3427 ἂν,
1538 3353 1633 3411 καὶ
1698 3353 1778 3410 ὅτι
1835 3354 1969 3431 γυνὴ

303 3447 397 3526 ἦν,
451 3446 651 3524 φανερὰ
706 3446 1013 3515 καθίστατο,
1066 3445 1110 3500 εί
1165 3444 1242 3517 μή
1292 3443 1391 3511 τὴν
1444 3442 1772 3523 ἐπισχοῦσαν
1830 3445 1968 3500 ὑπό-

2057 2363 2169 2453 bus
2199 2364 2260 2426 in
2304 2366 2724 2443 admiratione,
2759 2370 3059 2449 quomodo
3105 2372 3217 2447 vir,
3251 2370 3353 2453 qui
3408 2380 3537 2433 erat
3583 2372 3698 2433 im-

2058 2452 2338 2524 becillus,
2373 2466 2583 2535 utpote
2634 2458 2972 2538 eunuchus,
3004 2469 3119 2521 tam
3172 2452 3407 2523 fortiter
3457 2479 3522 2522 se
3553 2461 3705 2540 gerit

2056 2543 2342 2605 adversus
2388 2544 2645 2621 labores,
2682 2556 2740 2608 et
2770 2566 2980 2610 omnes
3023 2551 3351 2612 monachos
3395 2551 3706 2613 contendit

2055 2650 2366 2712 superare,
2394 2654 2607 2715 magno
2639 2646 2698 2698 et
2728 2637 2962 2699 excelso
2987 2638 3188 2700 animo
3210 2639 3358 2701 iram
3391 2639 3701 2716 cohibens,

2055 2727 2116 2784 et
2171 2722 2421 2802 gloriam
2460 2732 2739 2803 tanquam
2793 2744 3001 2788 vanam
3035 2727 3401 2809 despiciens,
3462 2748 3701 2793 omnem

2054 2810 2465 2875 obedientiam
2500 2832 2576 2878 ex
2608 2833 2842 2879 summa
2872 2817 3280 2898 complectens
3310 2816 3621 2882 modestia.

2133 2988 2263 3052 VI].
2289 2990 2361 3052 Et
2386 3001 2549 3054 certe
2576 3013 2696 3056 non
2718 3003 2993 3072 poterant
3024 2994 3496 3071 invidere,Zelus
3516 3001 3698 3077 enim,

2052 3080 2152 3158 qui
2185 3089 2366 3143 estex
2395 3082 2635 3158 virtute,
2666 3083 2820 3144 liber
2851 3094 2939 3144 est
2968 3082 3043 3146 ab
3074 3084 3235 3146 omni
3274 3084 3520 3148 invidia.
3556 3085 3699 3147 Eum

2052 3176 2255 3231 autem
2290 3170 2490 3251 potius
2537 3171 2817 3235 colebant
2842 3182 3118 3256 tanquam
3151 3174 3701 3256 magistrum,prius

2054 3258 2230 3320 etiam
2265 3260 2488 3322 incitati
2519 3260 2590 3322 ad
2623 3263 3022 3325 imitationem
3050 3284 3065 3340 ;
3100 3263 3529 3344 propemodum
3561 3283 3701 3327 vero

2055 3347 2232 3408 etiam
2266 3352 2573 3428 cognitum
2603 3351 2837 3431 fuisset,
2865 3352 3024 3433 quod
3057 3350 3384 3427 celabatur,
3418 3361 3477 3414 et
3507 3354 3703 3415 mani-

2052 3437 2266 3498 festum
2314 3437 2521 3501 fuisset
2554 3458 2683 3501 eam
2735 3459 2868 3503 esse
2901 3441 3241 3513 mulierem,
3276 3441 3390 3504 nisi
3434 3450 3701 3507 exortam

2051 3527 2456 3606 suspicionem
2507 3530 2759 3610 spiritali
2825 3532 3145 3593 amovisset
3192 3531 3505 3612 sapientia.
3555 3531 3702 3594 Nam

2047 3633 2183 3677 cum
2214 3615 2414 3696 aliquo
2443 3626 2711 3696 tempore
2745 3618 2823 3680 ita
2852 3619 3227 3701 contigisset,
3260 3628 3326 3682 ut
3354 3620 3414 3683 in
3448 3621 3704 3701 quodam

2048 3704 2220 3765 horto
2255 3704 2556 3767 laboraret
2587 3726 2720 3767 cum
2758 3709 3093 3788 monachis,
3123 3715 3427 3790 operiquae
3457 3711 3706 3772 instaret

2042 3793 2379 3874 promptius
2408 3803 2469 3855 et
2498 3794 2779 3876 alacrius,
2807 3798 3135 3859 monachus
3167 3803 3262 3858 cui
3294 3799 3616 3878 obtigerat,
3640 3809 3704 3861 ut

2047 3901 2181 3943 cum
2230 3900 2298 3942 ea
2332 3880 2653 3962 laboraret,
2691 3885 2937 3947 nomine
2966 3886 3291 3967 Barnabas,
3324 3887 3384 3948 in
3444 3906 3572 3949 eam
3605 3890 3701 3951 in-

2039 3969 2221 4048 jectis
2251 3969 2444 4031 oculis
2477 3971 2649 4049 paulo
2681 3974 2997 4055 curiosius,
3032 3982 3097 4035 ut
3127 3974 3228 4055 qui
3264 3976 3436 4055 paulo
3466 3980 3606 4039 ante
3626 3979 3699 4040 ad

2046 4058 2221 4120 vitam
2276 4059 2666 4120 monasticam
2714 4062 3069 4123 accessisset
3124 4083 3193 4124 ex
3226 4083 3432 4139 scena,
3467 4066 3697 4128 etiamsi

2046 4157 2248 4226 postca
2302 4148 2617 4228 profecerit
2654 4152 2713 4211 in
2763 4152 2997 4224 virtute,
3034 4162 3092 4213 et
3122 4153 3176 4214 ei
3228 4155 3548 4215 commissa
3579 4155 3700 4218 fue-

2045 4237 2122 4297 rit
2155 4239 2512 4316 praefectura
2566 4241 3027 4316 monachorum,
3064 4243 3289 4321 rogavit
3330 4243 3432 4318 qui
3481 4243 3699 4306 factum

2043 4327 2139 4391 sit.
2168 4336 2230 4388 ut
2253 4328 2371 4388 sint
2404 4328 2458 4388 ei
2483 4326 2678 4390 ambae.
2711 4330 3024 4408 perforata:
3052 4331 3356 4392 auriculze.
3383 4331 3560 4393 Beata
3590 4351 3698 4393 au-

2042 4425 2160 4478 tem
2196 4417 2298 4479 illa
2340 4417 2580 4479 brevem
2617 4419 2795 4478 simul
2847 4426 2904 4479 et
2931 4422 3367 4481 consideratam
3402 4420 3566 4482 dedit
3597 4440 3699 4483 re-

305 3559 454 3594 νοιαν
513 3541 583 3612 τῇ
624 3540 959 3609 πνευματικῇ
1004 3534 1160 3612 σοφία
1220 3530 1449 3591 διέλυσε.
1513 3534 1659 3590 Κατά
1706 3555 1826 3589 τινα
1868 3534 1969 3609 γὰρ

304 3624 507 3707 χρόνον
560 3624 700 3682 οὕτω
758 3621 962 3697 συμϐὰν
1018 3624 1135 3699 περὶ
1191 3623 1290 3689 τὴν
1346 3625 1528 3678 Enetos
1590 3622 1962 3701 τυγχάνουσαν

302 3716 645 3788 κηπεύσιμον
701 3713 948 3791 ἐργασίαν
1004 3717 1330 3786 συμπονοῦσι
1374 3723 1494 3772 τοῖς
1540 3723 1814 3790 μοναχοτς
1872 3712 1967 3767 τοῦ

303 3805 465 3883 ἔργου
522 3825 580 3859 τε
628 3802 1020 3879 προθυμότερον
1079 3800 1343 3880 ἐχομένη,
1408 3801 1437 3854 ὁ
1493 3799 1584 3855 σὺν
1641 3800 1816 3874 εκείνη
1862 3797 1963 3855 λα-

300 3896 424 3976 χὼν
504 3893 807 3972 ἐργάζεσθαι
887 3891 1160 3969 μοναχὸς,
1219 3884 1488 3965 Βαρνάὸας
1556 3889 1700 3959 αῦτῷ
1772 3887 1961 3964 ὄνομα,

299 3983 723 4061 περιεργότερων
794 3978 1062 4036 ἐπιϐαλὼν
1133 3979 1234 4044 τὴν
1308 3976 1430 4053 ὄψιν
1493 3980 1651 4052 αὐτῇ,
1712 3976 1801 4032 ἅτε
1861 3978 1963 4053 πρὸ

301 4074 500 4150 μικροῦ
552 4079 629 4141 τῷ
658 4077 766 4128 τῶν
814 4076 1073 4149 μοκοαχῶν
1107 4069 1205 4145 βίῳ
1260 4067 1365 4122 ἀπὸ
1397 4071 1493 4132 τῆς
1538 4065 1739 4132 σκηνῆς
1789 4087 1960 4142 προσ-

303 4163 496 4242 ελθὼν,
530 4160 628 4219 κᾶν
672 4162 746 4224 εἷς
795 4159 1014 4237 ὕστεραν
1078 4157 1356 4235 προκόψας
1415 4157 1489 4217 εἰς
1532 4155 1722 4224 ἀρετὴν
1770 4156 1858 4210 καὶ
1900 4156 1961 4210 τὸ

307 4253 683 4328 ιιιειθηγεϊσθαι⁴
723 4251 830 4305 τῶν
884 4250 1142 4325 μοναχῶν
1195 4245 1499 4323 ἐπιστεύθη,
1553 4244 1735 4319 ἠρώτα
1790 4243 1961 4298 εἰπεῖν

306 4339 469 4396 πόθεν
544 4337 859 4418 ἀμφοτέρων
942 4342 1044 4392 τῶν
1098 4335 1252 4391 ὤτων
1321 4334 1488 4409 ταύτῃ
1560 4330 1841 4410 τέτρηνται
1914 4334 1959 4388 οἱ

299 4427 475 4493 λοϐοί.
523 4421 584 4486 Ἠ
632 4430 872 4504 μακαρία
905 4425 958 4482 δὲ
1005 4426 1264 4498 σύντομον
1307 4426 1442 4497 ὁμοῦ
1490 4424 1578 4481 καὶ
1634 4419 1958 4496 λελογισμέ-

298 4542 401 4588 νην
488 4520 586 4588 τὴν
658 4517 941 4595 ἀπόκρισιν
1031 4511 1297 4587 απεδίδου,
1374 4513 1667 4589 Πὲπονθας,
1740 4508 1954 4588 ἀδελφέ,

2053 4507 2431 4584 sponsionem
2464 4526 2478 4569 :
2515 4506 2755 4569 Accidit
2784 4507 2893 4568 tibi
2926 4508 3190 4588 quidem,
3217 4529 3249 4570 ο
3280 4510 3696 4584 frater,huma-

296 4575 557 4687 Hircosi:
611 4575 938 4683 ἀνθρώπινον
996 4603 1118 4684 μὲν,
1168 4575 1439 4660 τοῦΙκαθ’
1487 4575 1730 4676 ἡμᾶςιόὲ
1788 4575 1956 4655 am;

2053 4575 2184 4655 n'um
2209 4596 2542 4676 quidpiam,
2567 4596 2829 4658 alienum
2861 4575 2998 4658 vero
3022 4618 3053 4661 a
3078 4608 3279 4660 nostra
3302 4600 3693 4679 professione,

290 4720 444 4776 τριον
496 4694 929 4774 ἐπαγγέλματος
990 4697 1061 4771 τῇ
1118 4698 1190 4770 γῇ
1246 4693 1348 4770 γὰρ
1403 4689 1518 4747 δέον
1575 4688 1865 4768 προσέχειν
1922 4689 1957 4756 ἢ

2053 4702 2176 4745 cum
2211 4693 2427 4746 terram
2463 4695 2730 4763 oporteat
2761 4705 3087 4758 arare,non
3120 4688 3342 4750 vullum
3376 4688 3697 4752 humanum

290 4790 448 4864 ὄψεις
511 4786 838 4864 ἀνθρωπίνας
917 4784 1375 4860 περιεργάζεσθαι.
1455 4778 1601 4846 Πλὴν
1676 4777 1814 4833 ἀλλὰ
1872 4781 1959 4836 καὶ

287 4877 432 4936 οὕτω
490 4876 586 4942 τὴν
666 4873 813 4931 λύσιν
886 4873 1116 4946 μάνθανε
1197 4879 1291 4928 τοῦ
1348 4867 1681 4943 ζητήματος·
1754 4869 1787 4935 ἡ
1858 4867 1958 4945 γὰρ

287 4967 391 5043 ἐμὲ
451 4963 702 5044 πρότερον
780 4969 988 5043 σχοῦσα
1058 4962 1146 5017 καὶ
1221 4958 1531 5039 θρεχαμένη
1607 4956 1959 5037 φιλόστοργόν

2041 4773 2281 4834 curiose
2336 4774 2576 4836 intueri.
2628 4773 2743 4837 Sed
2778 4782 3048 4856 quamvis
3103 4796 3202 4838 res
3233 4779 3312 4838 ita
3338 4795 3403 4839 se
3458 4780 3696 4853 habeat,

2042 4863 2389 4942 quaestionis
2438 4863 2602 4925 disce
2633 4865 3013 4928 solutionem.
3069 4864 3213 4927 Nam
3248 4886 3379 4946 quae
3426 4887 3523 4929 me
3552 4869 3693 4930 olim

2042 4954 2231 5013 tenuit
2290 4962 2348 5015 et
2396 4953 2692 5033 educavit,
2726 4956 2786 5014 in
2843 4973 2937 5015 me
2969 4973 3204 5016 summa
3253 4954 3695 5040 benevolentia,

289 5042 413 5114 τινα
483 5042 622 5131 πρός
693 5073 762 5128 με
820 5042 1148 5126 κεκτημένη
1220 5049 1448 5106 διάθεσιν
1534 5045 1955 5123 ἐφιλοτιμήσατό

2053 5042 2328 5104 munifice
2359 5042 2421 5104 in
2456 5061 2619 5105 meas
2649 5060 2827 5104 aures
2855 5062 3036 5105 aurea
3084 5045 3288 5121 injecit
3318 5057 3694 5129 ornamenta,

289 5169 399 5221 pou
440 5129 536 5202 xxi
586 5149 762 5223 χρυσᾶ
806 5142 1007 5216 κόσμια
1063 5154 1180 5204 τοῖς
1242 5139 1369 5196 ὠσὶν
1427 5133 1704 5211 ἐμϐαλεῖν.
1773 5133 1953 5198 Οὕτως

2053 5129 2138 5192 Sic
2184 5130 2352 5192 beata
2385 5132 2486 5192 illa
2521 5133 2877 5193 monachum
2924 5132 3177 5212 sapienti
3212 5132 3562 5197 inventione
3596 5156 3699 5197 re».

288 5220 326 5305 ἡ
383 5220 628 5313 μακαρία.
693 5234 782 5289 τὸν
838 5232 1082 5310 μοναχὸν
1157 5234 1296 5309 σοφῇ
1351 5224 1587 5304 περινοίᾳ
1659 5223 1792 5313 τῆς,
1822 5223 1952 5279 ὑποο

2053 5221 2222 5281 novit
2252 5239 2286 5280 a
2318 5220 2823 5301 suSpicione;eam
2849 5229 3046 5283 autem
3075 5222 3259 5282 subiit
3287 5242 3501 5303 magna
3525 5224 3700 5288 turba

288 5310 436 5388 νοίας
507 5310 810 5401 ἀπήγαγεν.
875 5321 1051 5388 Αὐτὴν
1103 5318 1160 5375 δὲ
1224 5318 1381 5378 πολὺς
1426 5338 1505 5378 τις
1565 5314 1731 5390 εἰσῄει
1783 5311 1940 5388 λογι-

2053 5310 2488 5390 :ngitationum,
2526 5320 2587 5371 et
2619 5322 2910 5373 venerunt
2940 5310 2997 5372 ei
3026 5311 3085 5373 in
3123 5321 3384 5374 mentem
3418 5315 3692 5376 admoni-

286 5415 442 5491 σμῶν
520 5398 721 5491 ὄχλος,
772 5418 862 5467 καὶ
925 5410 1000 5475 εἰς
1057 5409 1282 5483 μνήμην
1364 5411 1470 5463 τῶν
1524 5408 1627 5470 τῆς
1702 5401 1948 5491 Εὖγενίας

2058 5398 2227 5461 iones
2276 5398 2578 5480 Eugeniae,
2615 5400 2873 5461 dicentis
2906 5423 2919 5460 :
2957 5402 3077 5466 Res
3107 5410 3197 5462 est
3228 5402 3550 5464 admodum
3583 5403 3695 5463 dif-

280 5480 595 5562 xbﬁtouto‘
657 5480 1068 5579 παραιρέσεων,
1105 5480 1373 5578 Δοσχερες
1442 5517 1491 5551 τι
1555 5496 1799 5571 πρᾶγμα,
1848 5489 1945 5545 λεα-

2053 5488 2230 5563 icilis,
2270 5490 2579 5551 mulierem
2613 5489 2832 5551 versari
2867 5490 3043 5551 simul
3096 5510 3232 5552 cum
3270 5490 3432 5566 viris,
3468 5501 3526 5552 et
3558 5501 3694 5553 ten-

358 5685 380 5729 ί
415 5682 570 5747 Luc.
606 5696 689 5742 Ix.
720 5677 825 5740 23.
