4086 6410
397 330 514 397 927

1564 336 1949 400 ADDENDA.
2025 366 2087 380 -
2147 335 2599 404 NOVEMBER.

3653 331 3774 398 928

403 477 559 551 tare,
590 476 658 533 ut
703 469 832 553 ipsa
859 469 945 533 vir
994 469 1230 534 videtur
1280 471 1435 533 sicut
1465 471 1576 534 illi.
1627 470 1836 552 Neque
1882 471 2041 533 enim

2147 474 2352 554 (ούσης,
2412 485 2641 551 γυναῖκα
2715 468 3089 551 συνδιατρίϐειν
3163 470 3402 549 ἀνδράσι,
3459 470 3544 528 καὶ
3615 468 3776 547 ἄνδρα

405 559 537 622 ﬁeri
586 566 800 638 potest,
833 567 897 622 ut
927 568 1214 640 perpetuo
1267 559 1446 623 lateat
1475 561 1800 623 simulatio.
1842 561 2052 623 Atten-

2147 564 2254 620 ιατ’
2314 564 2541 628 ἐκείνους
2600 566 2876 643 πειρᾶσθαι
2920 560 3122 618 δοκεῖν·
3160 562 3448 641 ἀμήχανον
3495 561 3593 638 γὰρ
3649 558 3782 639 ἄχρι

407 648 546 710 tiori
591 657 788 711 tamen
820 650 1171 729 cogitatione
1226 649 1350 712 sola
1399 651 1590 711 solum
1649 653 1839 713 Deum
1899 651 2052 712 allo-

2147 653 2322 717 εέλους
2381 652 2652 710 διαλαθεῖν
2722 654 2820 721 τὴν
2879 652 3175 730 ὑπόκρισιν.
3249 651 3438 726 σομως
3495 671 3785 728 προσεκτι-

410 757 650 821 quens:
714 741 837 802 Tuo
897 748 1064 816 nutu,
1124 739 1385 815 dicebat,
1441 759 1474 802 o
1545 741 1822 815 Domine,
1873 747 2050 802 vitam

411 827 649 909 suscepi
703 829 1112 910 monasticam,
1168 837 1225 891 et
1282 848 1416 891 eum
1472 830 1574 910 qui
1628 831 1804 908 jussit
1859 832 2054 911 sequi,

408 936 709 998 nunquam
739 925 899 980 retro
930 937 1217 981 conversa
1237 937 1366 982 sum
1403 918 1913 992 secuta.Quamob
1927 938 2054 982 rem

410 1025 486 1067 ne
511 1007 758 1088 eiﬁcias,
793 1016 858 1069 ut
888 1026 995 1088 ego
1027 1027 1291 1086 unquam
1331 1028 1463 1071 mea
1493 1028 1598 1090 spe
1627 1007 1819 1084 fallar,
1846 1028 1958 1071 nec
1982 1009 2054 1071 ab

408 1093 522 1155 hoc
575 1094 732 1156 bono
785 1115 1044 1177 unquam
1107 1097 1415 1178 proposito
1476 1098 1768 1160 excidam.
1825 1100 1944 1161 Sed
1994 1107 2055 1160 tu

408 1201 603 1245 meam
657 1184 994 1249 defendens
1043 1187 1537 1263 imbecillitatem,
1572 1206 1766 1250 annue
1812 1196 1875 1250 ut
1921 1207 2054 1251 meo

407 1290 590 1354 scopo
620 1273 757 1336 finis
785 1275 1014 1338 accidat
1045 1277 1278 1339 similis.
1313 1275 1450 1339 Haec
1479 1277 1710 1351 dicens,
1744 1277 2056 1341 videbatur

407 1362 584 1428 etiam
614 1364 820 1428 videre
847 1384 996 1448 pura
1025 1367 1223 1430 anima
1257 1367 1571 1431 meliorem
1603 1367 1848 1430 exitum.

493 1631 646 1698 Vill.
682 1635 826 1698 Cum
857 1653 923 1696 ea
956 1654 1096 1715 ergo
1131 1636 1218 1698 sic
1243 1635 1517 1718 haberet,
1546 1637 1601 1698 ei
1631 1636 1806 1697 vitam
1837 1635 2062 1717 ample-

414 1732 676 1788 cteretur
703 1726 1050 1807 spiritalem,
1086 1728 1262 1807 longo
1316 1735 1584 1809 tempore
1613 1728 1894 1807 ignorata;
1925 1732 2062 1787 sunt

2141 743 2344 822 κωτέρα
2402 749 2470 820 τῇ
2545 741 2770 816 διανοίᾳ,
2832 744 2972 818 μόνη
3031 743 3108 816 τῷ
3165 741 3312 818 μόνῳ
3382 747 3497 814 Θεῷ
3545 739 3788 820 ἐτυγχά-

2139 855 2324 906 νουσα,
2395 837 2482 907 Τῷ
2543 839 2621 906 σῷ
2678 833 2921 907 νεύματι,
2991 830 3256 905 Δέσποτα,
3319 828 3493 908 ἔλεγε,
3550 831 3642 886 τὸν
3684 828 3794 886 τῶν

2140 925 2397 1002 μοναχῶν
2468 921 2818 998 ἒπανῇρημαι
2868 921 3002 997 βίον,
3059 919 3413 987 ἀκολουθῆσαί
3484 941 3543 974 τε
3603 915 3796 975 κελεύ-

2139 1033 2288 1068 σαντι
2371 1012 2725 1092 ἆμετατρεπτὶ
2809 1009 3148 1079 ἠκολούθησα
3182 1026 3196 1041 ⁸
3284 1008 3365 1066 διὸ
3458 1009 3594 1085 μήτε
3679 1014 3795 1064 τῶν

2140 1099 2492 1158 ἐλπισθέντων
2583 1103 2873 1177 ψευσθῆναι
2959 1099 3394 1179 παρασκευάσῃς,
3472 1098 3607 1174 μηδέ
3688 1099 3795 1163 τῆς

2141 1191 2341 1268 ἀγαθῆς
2413 1191 2609 1257 ταύτης
2681 1188 2993 1268 διαμαρτεῖν
3071 1188 3389 1268 προθέσεως*
3478 1186 3615 1244 ἀλλὰ
3687 1190 3792 1253 τῆς

2140 1279 2277 1354 ἐμῆς
2362 1281 2519 1342 αὐτὸς
2589 1280 2982 1358 προϊστάμενος
3065 1279 3332 1341 ἀσθενείας
3435 1275 3797 1355 κατάγγειλόν

2142 1391 2242 1444 μου
2299 1368 2616 1449 συνδραμεῖν
2675 1375 2751 1444 τῷ
2799 1375 3005 1444 σκοπῷ,
3040 1370 3129 1424 καὶ
3183 1370 3246 1425 τὸ
3289 1366 3440 1430 τέλος
3491 1367 3792 1426 ἐπινευσον.

2140 1468 2367 1516 Τοιαυτα
2440 1458 2668 1537 λέγουσα
2725 1459 2812 1516 καὶ
2869 1461 2993 1537 ὁρᾶν
3050 1456 3219 1514 ἐδόκει
3276 1459 3353 1532 τῷ
3422 1460 3635 1536 καθαρῷ
3692 1461 3795 1523 τῆς

2141 1552 2324 1628 ψυχῆς
2354 1548 2720 1628 χρηστοτέραν
2753 1548 2851 1614 τὴν
2883 1546 3121 1605 ἔκϐασιν.

2222 1637 2312 1701 Η’.
2371 1637 2546 1703 Οὕτως
2604 1640 2692 1694 οὗν
2750 1636 2981 1718 ἐχούσης
3015 1636 3178 1705 αὐτῆς
3245 1637 3332 1692 καὶ
3380 1635 3602 1714 ἀγωγῆς
3633 1634 3798 1692 ἀντε-

2143 1727 2386 1808 χομένης
2448 1727 2808 1803 πνευματικῆς
2881 1726 2967 1782 ἐπὶ
3023 1730 3217 1806 χρόνον
3287 1727 3486 1806 συχνὸν
3545 1726 3608 1782 τὰ
3674 1731 3800 1781 κατ’

410 1833 509 1877 res
538 1818 666 1894 ejus
691 1835 725 1878 a
744 1817 1051 1890 Bassiano,
1082 1817 1314 1878 etiamsi
1345 1835 1464 1878 non
1496 1825 1653 1879 esset
1685 1832 1896 1896 expers
1917 1813 2058 1876 doni

2147 1818 2304 1884 αὒτὴν
2364 1818 2588 1896 ἠγνοῖτο
2648 1820 2913 1891 Βασιανῷ,
2975 1818 3143 1873 καίτοι
3217 1814 3352 1891 μηδὲ
3410 1825 3504 1874 τοῦ
3559 1814 3803 1888 διορατι-

415 1905 815 1984 perspiciendi
851 1925 864 1969 :
904 1925 1040 1968 eum
1074 1915 1271 1969 tamen
1301 1905 1467 1970 latuit
1516 1905 1622 1968 Dei
1653 1904 1964 1986 sapientia,
2001 1912 2058 1966 et

413 1995 601 2071 magis
628 1996 862 2062 arcanis
883 1995 1239 2074 quibusdam
1267 1997 1537 2077 judiciis,
1559 1995 1856 2077 quomodo
1881 1995 2056 2056 etiam

409 2084 672 2148 Eliseum
727 2087 1049 2164 aliquando
1108 2088 1452 2151 Sunamitis.
1517 2086 1664 2149 Sero
1723 2094 1923 2147 autem
1999 2093 2058 2146 et

405 2171 585 2255 longo
617 2185 749 2258 post
779 2185 1049 2258 tempore
1081 2197 1150 2240 ea
1181 2178 1294 2258 ipsi
1327 2176 1553 2240 exstitit
1586 2177 1920 2238 manifesta.
1960 2174 2058 2237 Sic

413 2273 609 2326 autem
643 2266 724 2328 fit.
758 2265 934 2329 Visus
959 2275 1046 2329 est
1076 2269 1135 2329 in
1171 2268 1398 2329 somnis
1419 2267 1621 2328 videre
1645 2284 1890 2345 magnus
1921 2266 2058 2329 Bas-

411 2354 615 2415 sianus
676 2355 867 2417 virum
926 2357 1142 2420 amictu
1201 2357 1441 2438 quidem
1499 2356 1837 2427 honestum,
1893 2356 2057 2415 vultu

411 2451 608 2516 autem
663 2445 970 2518 decorum,
1004 2455 1061 2508 et
1093 2451 1191 2528 qui
1243 2446 1551 2509 videbatur
1581 2463 1714 2506 esse
1743 2443 2055 2524 cujusdam

415 2543 639 2595 natura;
685 2535 1012 2611 divinioris,
1049 2545 1105 2598 et
1161 2536 1214 2597 ei
1254 2545 1344 2598 ter
1374 2534 1577 2596 dicere
1614 2555 1628 2609 ;
1669 2532 1917 2612 Babylas
1949 2553 2056 2594 eu-

416 2624 668 2696 nuchus,
706 2623 806 2704 qui
857 2633 945 2685 est
975 2644 1127 2686 unus
1174 2644 1242 2686 ex
1294 2625 1624 2697 monachis,
1658 2624 1760 2703 qui
1811 2633 1949 2684 sunt
1999 2622 2058 2684 in

412 2720 513 2774 tuo
545 2731 744 2793 grege,
778 2721 978 2792 aperte
1001 2713 1239 2795 quidem
1276 2723 1363 2776 est
1394 2713 1618 2774 femina
1656 2735 1670 2788 ;
1705 2712 1939 2773 simulat
1961 2731 2060 2772 an-

2139 1916 2233 1965 κοῦ
2285 1911 2617 1988 χαρίσματος
2670 1907 3000 1984 ἀμοιροῦντι.
3067 1903 3352 1964 Ἐλάνθανε
3399 1903 3446 1961 δ’
3500 1904 3589 1962 οὖν
3646 1904 3800 1980 ὅμως

2141 2005 2272 2053 Θεοῦ
2374 1999 2531 2075 σοφία
2616 1999 2704 2054 καὶ
2791 1995 3227 2074 ἆπο.ῥητοτέροις
3310 2008 3429 2058 τοῖς
3523 1994 3799 2072 κρίμασιν,

2138 2087 2318 2163 ὥσπερ
2351 2088 2436 2144 καὶ
2492 2086 2809 2144 Ἐλισσαϊόν
2855 2107 2983 2142 ποτε
3015 2087 3076 2142 16
3107 2091 3202 2151 τῆς
3236 2081 3613 2160 Σουμανίτιδος
3637 2083 3799 2163 (sic).

2141 2175 2270 2252 Ὀψὲ
2326 2176 2502 2233 δὲκαὶ
2560 2177 2651 2232 σὺν
2684 2174 2864 2255 χρόνῶ
2923 2181 3110 2250 μακρῷ
3159 2172 3293 2241 δῆλα
3346 2174 3411 2230 τὰ
3473 2173 3588 2252 περὶ
3631 2173 3801 2240 αὒτῆς

2139 2269 2281 2339 αὒτῷ
2352 2268 2572 2344 γίνεται’
2613 2266 2811 2343 γίνεται
2869 2263 2921 2319 δὲ
2981 2263 3170 2325 οὕτως.
3237 2261 3419 2328 Ἔδοξε
3477 2264 3612 2319 κατὰ
3674 2263 3799 2326 τοὺς

2138 2355 2326 2420 ὕπνους
2380 2358 2502 2434 δρᾷν
2547 2358 2573 2411 6
2608 2355 2774 2431 μέγας
2806 2354 3062 2416 Βασιανὸς
3099 2351 3258 2430 ἄνδρα
3291 2351 3515 2425 κόσμιον
3547 2351 3645 2426 μὲν
3696 2351 3801 2418 τὴν

2144 2443 2433 2518 ἀναϐολὴν,
2466 2445 2710 2524 ἐκπρεπῆ
2756 2443 2811 2499 δὲ
2862 2444 2958 2510 τὴν
3011 2442 3160 2517 ὄψιν,
3193 2441 3280 2499 καί
3336 2463 3478 2503 τινος
3528 2440 3802 2518 θειοτέρας

2145 2535 2289 2590 εἶναι
2321 2533 2570 2591 δοκοῦντα
2629 2537 2857 2612 φύσεως,
2904 2533 2992 2589 καὶ
3042 2539 3224 2589 τοῦτον
3268 2532 3377 2597 τρὶς
3430 2531 3588 2586 αὐτὸν
3636 2552 3805 2608 προσσ

2146 2638 2342 2699 ειπεῖν,
2378 2623 2458 2680 ὅτι
2518 2622 2756 2686 Βαϐύλας
2811 2626 2839 2678 6
2898 2624 3151 2701 εὖνοῦχος
3197 2624 3224 2678 6
3279 2624 3382 2677 τῶν
3439 2621 3582 2697 παρὰ
3608 2626 3680 2696 τῇ
3731 2626 3805 2697 σῇ

2145 2716 2347 2791 ποίμνῃ
2392 2714 2648 2791 pou-[333v
2700 2714 2770 2776 εἷς
2821 2711 2954 2789 γυνῆ
3014 2710 3108 2785 μέν
3179 2709 3318 2766 ἐστιν
3378 2706 3643 2788 ἄντικρυς,
3709 2713 3806 2768 εὗ·-

411 2813 530 2864 tem
593 2821 657 2865 sc
715 2822 851 2866 esse
909 2805 1272 2882 eunuchum,
1333 2812 1394 2864 ut
1455 2804 1651 2865 lateat.
1717 2801 1884 2864 Sicut
1932 2801 2059 2881 ipse

2147 2806 2342 2883 νοῦχος
2387 2803 2440 2858 δὲ
2499 2803 2640 2860 εἶναι
2697 2800 2781 2856 διὰ
2853 2803 2914 2856 τὸ
2975 2799 3154 2856 λαθεῖν
3228 2801 3584 2877 ὕποκρίνεται.
3657 2799 3808 2856 Κατᾶ

409 2900 631 2963 autem,
665 2893 916 2956 Acacius
947 2911 1184 2974 quoque
1229 2893 1495 2974 quidam,
1535 2893 1620 2954 vir
1651 2892 1903 2971 insignis
1953 2891 2059 2952 fuit

2147 2896 2330 2950 ταυτὸν
2373 2893 2544 2949 δὲκαὶ
2591 2891 2840 2954 ’Λκάκιὸς
2878 2912 2958 2950 τις
3020 2891 3177 2967 ἀνὴρ,
3228 2888 3312 2944 ἐπ’
3345 2885 3586 2960 εὐλαϐείᾳ
3643 2910 3808 2966 περι-

409 2982 648 3064 pietate,
684 2987 781 3066 qui
816 2983 924 3046 fuit
954 2985 1125 3044 etiam
1154 3002 1258 3064 pro
1293 2984 1465 3045 tertia
1499 2993 1660 3064 parte
1694 2992 1900 3063 pastor
1932 3002 2057 3043 mo-

2147 2985 2332 3061 ;pzvi.c,
2383 2984 2438 3043 ὃς
2501 2984 2586 3037 καὶ
2649 2981 2740 3048 τῆς
2803 2983 2878 3043 εἰς
2942 2981 3114 3057 τρίτον
3174 2981 3344 3053 μονῆς
3405 2979 3497 3034 τοῦ
3552 2980 3810 3057 θεοφόρου

409 3073 655 3135 nasterii
711 3073 896 3134 divini
930 3073 1218 3149 Abramii,
1255 3074 1528 3136 eamdem
1561 3072 1707 3134 vidit
1739 3073 2053 3136 visionem.

2147 3071 2430 3150 Ἀϐραμίου
2531 3071 2736 3146 ποιμὴν
2819 3071 3106 3147 ἐτύγχανε,
3185 3070 3280 3136 τὴν
3369 3067 3534 3134 αύτῆν
3622 3067 3808 3146 ὅρασιν

411 3169 580 3227 Mane
611 3181 754 3243 ergo
787 3183 919 3226 cum
954 3164 1271 3227 Bassianus
1329 3163 1743 3225 accersivisset
1775 3182 1957 3223 unum
1993 3183 2059 3224 cx

2147 3163 2348 3220 ἐθεᾶτο.
2406 3159 2620 3218 ’Ἒωθέν
2656 3160 2742 3215 οὖν
2793 3162 2820 3214 6
2854 3161 3111 3220 Βασιανὸς
3163 3159 3654 3233 μεταπεμψάμενος
3711 3155 3801 3212 ἕνα

413 3253 746 3333 monachis,
782 3255 1068 3316 Joannem
1119 3253 1462 3334 quemdam,
1518 3253 1623 3328 qui
1684 3261 1815 3332 post
1862 3254 2058 3332 ipsum

2147 3259 2251 3307 τῶν
2319 3257 2581 3327 μοναχῶν
2641 3246 2892 3314 Ἰωάννην
2941 3248 3060 3303 τινὰ
3090 3248 3148 3310 ὃς
3207 3245 3441 3318 δεύτερος
3475 3245 3592 3320 μετ’
3645 3247 3802 3303 αὺτὸν

411 3351 539 3406 erat
567 3343 824 3405 secudus
853 3344 912 3404 in
946 3343 1333 3416 monasterio,
1359 3341 1620 3404 narravit
1639 3342 1692 3402 ei
1717 3340 1876 3421 quod
1903 3341 2059 3403 vide-

2147 3342 2201 3397 ἐν
2261 3348 2337 3414 τῷ
2393 3340 2618 3415 σεμνείῳ
2662 3339 2966 3416 καθίστατο,
3006 3337 3153 3400 ὅπως
3211 3339 3340 3416 εἶχε
3399 3338 3458 3392 τὸ
3487 3335 3610 3414 ὄναρ
3659 3338 3805 3410 αὐτῷ

409 3443 506 3495 rat
540 3433 599 3494 in
631 3434 876 3494 somnis.
913 3432 1155 3496 interim
1183 3450 1323 3493 vero
1367 3432 1509 3492 dum
1544 3431 1672 3491 haec
1702 3430 2058 3508 disserebat,

410 3521 568 3582 venit
596 3519 840 3596 quidam
876 3523 1091 3582 missus
1121 3520 1192 3581 ab
1224 3520 1464 3593 Acacio,
1494 3537 1744 3581 narrans
1774 3519 2058 3581 Bassiano

410 3627 585 3690 quam
619 3609 746 3690 ipse
777 3609 1003 3670 viderat
1057 3609 1374 3672 visionem.
1409 3608 1576 3670 Tunc
1608 3626 1748 3688 ergo
1811 3627 2060 3688 magnus

409 3699 751 3774 Bassianus,
783 3697 995 3760 volens
1047 3698 1124 3760 de
1153 3699 1264 3761 hac
1310 3717 1376 3760 re
1408 3699 1699 3778 majorem
1735 3697 1847 3759 sibi
1879 3699 2058 3760 ﬁdem

413 3788 562 3863 fieri,
589 3787 649 3849 in
704 3806 913 3849 manus
942 3795 1180 3868 sumpto
1234 3806 1402 3849 sacro
1435 3786 1752 3867 Evangelia
1785 3797 1843 3849 et
1877 3788 2056 3868 expli-

412 3887 565 3953 cato,
598 3877 660 3938 in
695 3878 798 3941 illa
848 3877 1025 3939 verba
1060 3877 1294 3952 incidit,
1337 3895 1469 3956 quae
1499 3877 1775 3939 dicebant
1810 3896 2060 3956 regnum

413 3968 695 4029 caelorum
748 3985 880 4030 esse
936 3966 1136 4028 simile
1188 3967 1502 4042 fermento,
1539 3967 1694 4048 quod
1753 3978 2061 4048 acceptum

410 4059 631 4120 mulier
681 4059 992 4120 abscondit
1039 4059 1100 4120 in
1159 4059 1363 4121 farina;
1419 4061 1561 4121 satis
1620 4059 1832 4136 tribus,
1871 4060 2065 4122 donec

409 4156 567 4210 esset
595 4148 1012 4211 fermentatum
1045 4149 1094 4212 ε.

487 4236 581 4300 ΙΧ.
643 4239 786 4301 Cum
817 4239 1012 4319 itaque
1049 4239 1446 4302 intellexisset
1479 4259 1631 4314 eam,
1669 4258 1799 4321 quae
1830 4241 1888 4300 in
1924 4259 2064 4318 pro-

397 4328 587 4392 fundo
619 4328 1729 4407 signiﬁcabatur,intelligentiam,post
1760 4331 1884 4392 hcec
1907 4331 2063 4409 apud

406 4437 470 4480 se
491 4418 1111 4498 cogitabat,quomodo
1139 4420 1347 4480 dextre
1371 4419 1801 4497 aggrederetur
1823 4418 1878 4479 id
1906 4419 2062 4495 quod

2145 3429 2412 3508 διηγεῖτο.
2476 3430 2566 3486 Ἐν
2607 3427 2716 3500 ὅσῳ
2773 3425 2828 3483 δὲ
2865 3425 3130 3505 διελέγετο
3172 3433 3335 3482 ταῦτα
3392 3425 3489 3492 ἧκέ
3548 3448 3629 3489 τις
3667 3427 3802 3504 πρὸς

2145 3518 2396 3577 Ἀκακίου
2451 3518 2730 3598 πεμφθεὶς,
2763 3517 2830 3572 τὰ
2885 3521 2984 3582 τῆς
3029 3516 3208 3590 ὅψεως
3236 3515 3414 3594 ὥσπερ
3449 3513 3514 3575 δὴ
3559 3515 3644 3571 καὶ
3699 3517 3805 3572 αὖ·

2140 3611 2232 3672 τὸς
2295 3607 2438 3666 εἶδεν
2498 3605 2856 3684 ἀπαγγέλλων
2931 3612 3198 3679 Βασιανῷ.
3262 3612 3560 3672 Τηνικαῠτα
3624 3605 3802 3661 τοίνυν

2139 3701 2230 3756 καὶ
2295 3701 2321 3755 6
2378 3698 2544 3776 μέγας
2629 3695 2890 3762 Βασιανός
2949 3694 3169 3752 πλείονα
3224 3695 3399 3750 πῖστιν
3459 3693 3653 3750 ἐθέλων
3716 3693 3804 3749 ἐπὶ

2139 3790 2310 3864 τούτῳ
2341 3787 2555 3863 λαϐεῖν,
2601 3789 2661 3844 16
2691 3787 2830 3864 ἱερὰν
2883 3785 2966 3842 ἐπὶ
2998 3798 3192 3864 χεῖρας
3222 3782 3399 3840 λαϐὼν
3451 3781 3803 3861 Εὖαγγέλιον,

2147 3880 2235 3936 καὶ
2293 3877 2613 3957 ἀναπτύξας,
2679 3875 2897 3939 ἐκείνοις
2957 3874 3272 3954 ἐντυγχάνει
3325 3887 3444 3938 τοῖς
3501 3872 3686 3950 λογοις
3752 3875 3810 3928 οἳ

2148 3966 2500 4043 διελάμϐανον
2571 3966 2758 4042 ὁμοίαν
2829 3965 2971 4020 εἶναι
3043 3965 3181 4040 ζύμῃ
3237 3966 3338 4030 τὴν
3398 3969 3498 4018 τῶν
3573 3965 3812 4038 οὖρανῶν

2148 4058 2441 4135 βασιλείαν,
2476 4056 2542 4124 ἣν
2573 4053 2810 4112 λαϐοῦσα
2855 4054 2986 4132 γυνὴ
3021 4052 3244 4130 ἔκρυψεν
3299 4054 3371 4117 είς
3406 4050 3622 4130 ἀλεύρου
3674 4051 3815 4107 σάτα

2147 4149 2288 4226 τρία,
2324 4146 2422 4210 ἕως
2454 4145 2696 4220 ἐζυμώθη
2731 4142 2879 4202 ὅλον.

2230 4237 2312 4298 ϐ’,
2372 4237 2553 4298 Συνεὶς
2600 4236 2686 4290 οὖν
2720 4235 2818 4300 τὴν
2851 4231 2933 4288 διὰ
2967 4232 3157 4309 βάθους
3179 4231 3516 4308 δηλουμένην
3545 4230 3811 4306 διάνοιαν,

2145 4327 2207 4382 16
2262 4326 2395 4400 μετὰ
2421 4331 2586 4380 ταῦτα
2631 4323 2748 4379 καθ’
2795 4323 2978 4378 ἑαυτὸν
3039 4322 3326 4379 ἐσκέπτετο
3371 4329 3485 4384 πῶς
3545 4320 3608 4377 ἂν
3672 4343 3814 4396 μετ-

2148 4413 2289 4470 ἔλθοι
2346 4413 2526 4478 δεξιῶς
2587 4415 2648 4468 16
2707 4413 3080 4492 προκείμενον,
3139 4414 3225 4468 καὶ
3279 4413 3356 4488 μὴ
3431 4409 3592 4480 δῆλον
3652 4419 3812 4469 τοῦτο

405 4515 534 4570 erat
563 4507 959 4588 propositu-n,
994 4515 1052 4568 et
1085 4507 1203 4568 hoc
1231 4507 1429 4568 multis
1464 4527 1581 4569 non
1615 4507 1788 4568 fieret
1819 4506 2059 4567 manife-

2148 4516 2264 4564 τοῖς
2322 4503 2550 4564 πολλοῖς
2609 4501 2855 4579 γένηται.
2913 4502 3311 4557 Μετακαλεῖται
3341 4501 3515 4558 τοίνυν
3563 4501 3666 4568 τὴν
3697 4524 3813 4576 μα-

407 4604 587 4659 stum.
648 4595 913 4657 Accersit
942 4614 1084 4675 ergo
1136 4597 1365 4658 beatam
1406 4589 1591 4671 illam,
1627 4604 1686 4656 et
1716 4613 1848 4657 eam
1899 4605 2061 4657 torve

403 4683 724 4764 aspiciens:
756 4684 909 4757 Quid
938 4685 1044 4746 fuit
1073 4703 1298 4762 causae,
1339 4685 1559 4766 inquit,
1597 4703 1628 4745 o
1663 4684 2065 4764 mulier,quod

410 4782 528 4835 tam
586 4773 774 4835 audax
807 4784 1070 4854 emptum
1127 4777 1186 4835 in
1237 4794 1344 4835 nos
1407 4779 1488 4836 sis
1513 4790 1816 4853 aggressa,
1851 4783 1908 4836 et
1939 4793 2069 4854 qua;

415 4863 588 4925 nobis
638 4882 754 4925 non
804 4865 1215 4936 conveniebat,
1250 4865 1635 4926 tentationem
1693 4871 1750 4923 et
1782 4864 2064 4944 probrum

414 4953 959 5028 inusseris,tantum
988 4969 1221 5035 tempus
1245 4953 1491 5014 studens
1516 4952 1846 5016 latere?llla
1868 4965 2064 5016 autem

415 5041 475 5104 id
527 5042 685 5123 quod
720 5043 942 5104 dictum
994 5045 1207 5122 fuerat,
1237 5041 1600 5121 intelligens,
1634 5049 1696 5104 et
1740 5042 2068 5106 formidans

414 5132 845 5205 austeritatem,
880 5141 938 5193 et
987 5151 1120 5212 qua;
1166 5132 1225 5192 in
1279 5131 1407 5209 ejus
1464 5131 1630 5193 vultu
1686 5141 2063 5212 apparuerat,

414 5220 756 5284 acerbitatis
788 5220 943 5282 nube
981 5219 1414 5300 obstupefacta,
1443 5229 1503 5282 et
1537 5223 1789 5283 maxime
1834 5223 1906 5284 iis
1935 5242 2069 5300 quae

419 5315 566 5372 dicta
590 5322 774 5382 erant,
808 5315 1197 5370 testimonium
1221 5313 1496 5371 ferentem
1528 5315 1747 5373 habens
1770 5317 2066 5374 conscien-

2146 4593 2319 4670 καρίν,
2391 4592 2479 4648 καὶ
2549 4590 2702 4670 δριμὺ
2752 4592 2917 4668 ταύτῃ
2981 4591 3307 4670 ἐνατενῖσας,
3365 4591 3432 4650 Τέ
3492 4592 3554 4648 16
3625 4613 3808 4668 παρα-

2147 4682 2405 4738 σκευάσαν
2449 4702 2530 4756 σε,
2593 4682 2831 4761 γύναιον,
2895 4680 3020 4760 ἔφη,
3094 4679 3410 4746 τηλιιιιοῦτον
3458 4679 3576 4737 καθ’
3648 4682 3811 4755 ἡμῶν

2146 4771 2394 4828 ὑπελθεῖν
2450 4770 2733 4849 τόλμημα,
2767 4772 2854 4827 καὶ
2911 4773 3036 4826 κατ’
3093 4768 3237 4826 οὒδὲν
3266 4772 3403 4844 ἡμῖν
3464 4771 3811 4848 προσήκοντα

2147 4863 2440 4940 πειρασμὸν
2503 4863 2591 4918 καὶ
2636 4859 2835 4923 ὄνειδος
2880 4860 3252 4936 ἐπιτρίψασθαι
3310 4863 3371 4916 τὸ
3423 4858 3605 4915 λαθεῖν
3665 4859 3810 4938 χρό-

2149 4975 2236 5008 νον
2296 4951 2548 5008 τοσοῦτον
2578 4949 2994 5016 ἐπιτηδεύσασαν
3032 4969 3046 5025 ;
3097 4948 3160 5006 Ἠ
3215 4947 3294 5024 δὲ,
3328 4951 3387 5006 16
3439 4947 3630 5028 λεχθὲν
3677 4971 3810 5005 συν-

2150 5054 2273 5097 εῖσα
2343 5041 2430 5096 καὶ
2497 5043 2560 5096 16
2619 5041 2878 5117 αὒστηρξιν
2957 5037 3305 5108 ὑποπτήξασα
3382 5044 3486 5095 τῶν
3549 5037 3811 5115 ῥημάτων

2149 5132 2280 5210 πρὸς
2331 5129 2386 5186 δὲ
2447 5132 2535 5186 καὶ
2594 5132 2653 5185 16
2705 5132 2824 5205 περὶ
2867 5129 2965 5194 τὴν
3023 5131 3148 5207 ὂχιν
3207 5128 3459 5208 ἐπιφανὲν
3500 5131 3658 5186 αὐτοῦ
3708 5133 3810 5193 τῆς

2148 5220 2361 5298 πικρίας
2422 5219 2572 5299 νέφος
2632 5218 3067 5295 καταπλαγεῖσα,
3109 5215 3341 5292 μάλιστα
3401 5218 3488 5273 καὶ
3533 5217 3631 5284 τὴν
3679 5239 3810 5275 συν-

2151 5311 2351 5375 είδησιν
2410 5307 2612 5389 ἔχουσα
2677 5316 3036 5386 παρτυρούσαν
3089 5321 3206 5369 τοῖς
3255 5307 3581 5384 εἰρημένους,
3634 5329 3811 5364 κατα-

421 5402 584 5474 tiam,
620 5417 685 5459 se
731 5395 973 5476 quidem
1033 5397 1226 5457 statim
1269 5396 1429 5458 humi
1483 5401 1826 5480 prosternit,
1880 5401 2059 5463 sancti

2152 5398 2334 5456 ϐάλλει
2398 5400 2496 5472 μὲν
2551 5400 2744 5465 ἑαυτὴν
2833 5398 2977 5459 εύθὺς
3035 5401 3106 5461 εἰς
3165 5399 3226 5453 16
3284 5397 3494 5476 ἔδαφος,
3554 5398 3658 5453 τῶν
3719 5395 3814 5453 τοῦ

421 5505 563 5550 vero
585 5487 769 5568 pedes
793 5483 1183 5564 prehensans,
1199 5487 1370 5551 verba
1397 5506 1525 5568 quae
1554 5489 1800 5551 multum
1825 5491 2059 5568 quidem

2152 5489 2298 5546 ὀσὶου
2349 5487 2402 5546 δὲ
2462 5487 2636 5546 ποδῶν
2699 5485 3066 5563 ἐπιλαϐομένη
3132 5486 3322 5566 λόγους
3379 5486 3515 5544 πολὺ
3583 5486 3680 5562 μὶν
3752 5488 3812 5541 τὸ

504 5673 529 5719 ε
556 5671 701 5741 Luc.
736 5689 858 5752 xm,
894 5671 968 5736 33
1000 5690 1168 5756 seqq.
