4086 6400
267 336 380 400 929
1545 335 1732 400 VITA
1797 337 1858 398 S.
1918 332 2335 397 MATRON/E.
3511 335 3628 406 930

261 472 507 528 ταπεινὸν
536 469 788 549 ἔχοντας,
823 469 980 545 μόλις
1033 467 1086 526 δὲ
1136 469 1634 550 ὑποφθεγγομένους
1682 471 1922 549 προΐειν

2010 465 2282 558 labebant
2313 467 2696 543 humilitatis,
2752 468 2846 529 vix
2879 477 3094 558 autem
3151 471 3630 558 proferebantur,

255 563 321 618 Οὒ
382 560 699 637 πειρασμὸν,
747 557 793 613 ὦ
834 555 1089 637 δέσποτα,
1142 557 1398 636 λέγουσα,
1437 557 1736 636 ἐπαγαγεῖν
1767 558 1898 634 βου-

2010 557 2202 618 emittit
2224 556 2437 619 dicens
2461 576 2479 616 .·
2515 559 2648 620 Νοη
2681 557 3141 639 tentationem,o
3158 555 3640 638 domine,volens

253 647 481 722 λομένη,
543 653 613 724 τῇ
650 649 854 724 ποίμνῃ
914 648 1152 721 ἐμαυτὴν
1221 646 1566 725 ἑγκατέλεξα,
1633 645 1773 703 ἀλλὰ
1815 647 1905 702 τὸν

2010 647 2228 719 tfferre,
2263 664 2357 708 me
2389 645 2566 708 retuli
2630 647 2691 708 in
2758 665 3074 709 numerum
3130 649 3212 710 tui
3265 652 3492 730 gregis,
3531 654 3640 717 sed

253 739 356 794 ἀπὸ
413 744 519 794 τῶν
577 737 828 794 ἐναντίων
887 735 1092 812 μᾶλλον
1169 735 1529 816 διαφεύγουσα
1603 736 1902 816 πειράσμὸν

2011 735 2378 797 entationem
2419 735 2620 817 potius
2648 736 2882 815 fugiens
2910 735 2985 798 ab
3023 737 3411 816 adversariis,
3455 751 3516 804 et
3546 743 3638 806 la-

251 828 335 883 καὶ
384 827 482 890 τὰς
540 827 592 882 έν
651 835 729 901 τῷ
785 828 884 903 βίῳ
928 829 1105 905 πάγας
1165 827 1502 884 ἐκκλίνουσα.
1536 827 1674 905 Πρὸς
1705 826 1770 892 ἣν
1801 823 1900 881 αὗ-

247 920 326 980 θις
359 919 387 972 6
421 925 682 980 Βασιανὸς
715 917 1036 994 ἀπεκρίνατο
1067 935 1081 951 ·
1147 921 1270 980 Ιιῶς
1317 915 1372 972 δὲ
1437 919 1524 971 καὶ
1582 916 1716 994 γυνὴ
1765 937 1898 992 τυγ-

252 1005 494 1086 χάνουσα
557 1019 675 1069 τοῖς
725 1005 916 1070 θεοίοις
991 1007 1299 1085 μυστηρίοις
1355 1004 1530 1084 γυμνῇ
1585 1005 1902 1084 προσήρχου

251 1101 320 1171 τῇ
376 1101 611 1176 κεφαλῇ,
659 1096 750 1150 καὶ
800 1099 855 1150 ἒν
914 1099 992 1170 τῷ
1052 1097 1187 1175 πρὸς
1251 1095 1466 1170 εἰρήνην
1524 1093 1794 1170 ἀσπασμῷ
1842 1093 1903 1148 τὸ

254 1186 427 1261 στόμα
459 1175 604 1248 τοῖς
662 1182 918 1264 ἀδελφοῖς
977 1183 1144 1248 ἀδεῶς
1197 1185 1480 1265 ὑπεῖχες;
1545 1175 1606 1240 Ἠ
1667 1182 1746 1258 δὲ,
1781 1182 1904 1260 Περὶ

255 1274 354 1351 μὲν
409 1275 476 1331 τά
517 1279 638 1331 θεῖα
688 1272 854 1353 δῶρα,
910 1277 1064 1354 φησὶ,
1115 1276 1550 1352 προσποιουμένη
1607 1273 1902 1346 ἀσθένειαν,

257 1368 318 1423 οὗ
355 1361 424 1420 δι’
487 1363 614 1423 ὅλου
670 1366 732 1420 τὸ
791 1366 918 1442 πρὸς
973 1370 1043 1441 τῇ
1103 1363 1310 1444 κειραλῇ
1365 1363 1622 1440 κάλυμμα
1653 1362 1903 1432 ἕλκουσα,

259 1452 400 1511 οὕτω
456 1461 525 1529 τξι
582 1451 884 1530 μεταλήψει
943 1461 1049 1511 τῶν
1109 1453 1414 1532 μυστηρίων
1474 1453 1903 1532 προσεφερόμην·

259 1545 322 1600 τὸ
379 1542 434 1599 δὲ
495 1543 590 1612 τῆς
620 1543 838 1620 ἀγάπης
883 1544 1014 1622 πρὸς
1060 1544 1182 1607 τοὺς
1216 1541 1474 1622 ἀδελφοὺς
1514 1540 1784 1616 σύμϐολον
1815 1544 1909 1598 οὕ-

265 1632 450 1709 δαμῶς
509 1634 864 1709 παρῃτούμην
901 1652 916 1668 ’
965 1631 1082 1692 οὐδὲ
1147 1633 1247 1711 γὰρ
1304 1633 1653 1711 ἀνθρωπίνοις
1701 1633 1910 1708 στόμα-

265 1745 372 1796 σιν,
419 1720 542 1778 ἀλλ’
604 1723 900 1800 ἀνθρώποις
953 1723 1052 1790 τὴν
1107 1721 1400 1801 ἀγγελικὴν
1459 1721 1709 1792 ζηλοῦσιν
1768 1721 1910 1777 ἀπά-

262 1815 411 1868 θειαν
439 1812 729 1891 προσάγειν
761 1813 995 1887 ἐμαυτὴν
1021 1809 1418 1888 ὑπελάμϐανον.

346 1903 410 1965 1’,
471 1904 610 1980 Πρὸς
639 1900 693 1957 δὲ
756 1904 854 1970 τὴν
899 1905 1121 1969 συνετὴν
1187 1903 1386 1969 ταύτην
1428 1900 1708 1978 ἀπόκρισιν
1738 1901 1766 1957 6
1796 1908 1907 1957 Βα-

263 1994 447 2055 σιανὸς
480 1991 790 2069 ἐκπλαγεὶς,
853 1994 953 2050 Καὶ
1009 1990 1094 2048 διὰ
1150 1995 1200 2048 τί
1255 1993 1335 2068 μὴ
1385 1991 1552 2070 ἑτέρῳ
1596 2012 1910 2071 φροντιστηο

265 2095 386 2162 ριῳ,
433 2083 588 2161 φησὶ,
638 2083 726 2139 καὶ
767 2085 812 2154 ᾧ
871 2081 1099 2159 γῦναιξὶν
1160 2082 1368 2163 ἐφεῖται
1427 2079 1628 2160 διάγειν
1685 2081 1912 2146 σεαυτὴν

264 2170 620 2250 ἑγκατέλεξας
656 2188 672 2247 ;
707 2162 766 2228 ε[Ι
800 2169 878 2227 δὲ*
940 2174 1126 2251 μικρὸν
1173 2162 1471 2252 επισχοῦσα
1516 2172 1604 2228 καὶ
1661 2172 1722 2227 τὸ
1777 2169 1912 2227 πολὺ

266 2272 361 2321 τοῦ
419 2259 568 2326 δέους
627 2261 956 2335 ἀποθεμένη,
1030 2259 1124 2316 ἅτε
1205 2263 1293 2317 καὶ
1376 2261 1622 2340 ἀφορμὴν
1679 2258 1914 2316 λαϐοῦσα

268 2350 479 2408 πλείοσι
520 2352 647 2428 πρὸς
680 2349 975 2428 ἀπολογίαν
1036 2352 1341 2430 χρήσασθαι
1393 2349 1600 2428 λόγοις,
1649 2351 1783 2406 κατά
1812 2349 1916 2425 μέ-

272 2463 364 2520 ρος
395 2441 536 2505 ὅπως
569 2440 700 2519 εἶχε
733 2441 799 2496 τὰ
828 2437 945 2497 καθ’
1007 2441 1199 2509 ἑαυτὴν
1259 2439 1633 2514 ὲξεκείλυπτεν,
1687 2442 1760 2501 ὡς
1793 2461 1919 2498 συδ-

273 2532 462 2609 αφθείη
522 2531 621 2606 μὲν
665 2531 805 2587 κατὰ
838 2531 1032 2606 νόμους
1065 2529 1206 2610 ἀνδρὶ
1241 2533 1329 2587 καὶ
1374 2537 1500 2606 μιᾶς
1559 2532 1742 2606 μήτηρ
1771 2528 1916 2596 κλη-

272 2621 390 2686 θείη
450 2618 664 2696 παιδὸς,
698 2617 870 2699 διάγοι
903 2622 956 2677 δὲ
987 2621 1116 2685 ὅλας
1170 2623 1360 2685 νύκτας
1419 2633 1536 2683 τοῖς
1587 2621 1694 2677 τῶν
1755 2619 1918 2696 ἁγίων

274 2709 648 2785 ἒνδιαιτήμασι
706 2709 1066 2790 διατρίϐουσα,
1123 2713 1213 2768 καὶ
1269 2715 1342 2772 ὡς
1404 2712 1548 2784 παρὰ
1600 2719 1692 2769 τοῦ
1736 2732 1918 2766 συνοι-

276 2811 498 2862 κοῦντος
548 2801 680 2857 ποτὲ
738 2801 838 2869 μὲν
883 2800 1256 2880 ἀπειλοῦντος,
1318 2801 1447 2857 ποτὲ
1491 2799 1546 2856 δὲ
1589 2801 1677 2856 καὶ
1705 2799 1918 2877 π)ηγάς

273 2891 628 2971 ἐντείνοντος,
665 2899 762 2964 τῆς
812 2891 1066 2957 τοιαύτης
1098 2890 1424 2970 ὲπισχεθείη.
1447 2890 1618 2966 ὃρμῆς
1668 2891 1757 2946 καὶ
1786 2910 1924 2967 προ-

273 2981 498 3056 θέσεως,
558 2983 646 3037 καὶ
725 2983 799 3044 ὡς
869 2983 1061 3052 ζητοίη
1123 2983 1240 3038 τινὰ
1307 2982 1621 3060 προφάσεως
1666 2978 1924 3058 μηχανὴν

273 3069 396 3138 ἥτις
447 3072 538 3127 καὶ
563 3071 656 3127 τὸν
700 3068 861 3149 ἄνδρα
904 3071 1294 3150 παρασκευάσει
1351 3070 1535 3127 λαθεῖν
1591 3071 1678 3126 καὶ
1731 3069 1925 3136 ἑαυτὴν

1984 843 2173 905 queos
2201 826 2300 905 qui
2333 833 2472 886 sunt
2500 826 2561 886 in
2609 827 2870 901 mundo,
2907 827 3237 890 declinans.
3279 828 3384 892 Cui
3431 850 3644 895 rursus

1983 914 2301 994 respondit
2325 913 2671 978 Bassianus:
2697 916 3004 990 Quomodo
3023 925 3391 993 autem,cum
3409 922 3492 983 sis
3515 941 3643 985 mu-

1987 1003 2123 1084 lier,
2155 1004 2227 1064 ad
2262 1003 2461 1065 divina
2491 1013 2863 1068 sacramenta
2880 1007 3186 1068 occessisti
3226 1008 3387 1070 nudo
3419 1013 3635 1092 capite,

1989 1101 2049 1154 et
2075 1093 2134 1154 in
2161 1095 2323 1174 pacis
2355 1093 2714 1157 salutatione
2748 1113 2815 1156 os
2870 1103 3036 1158 tuum
3072 1114 3286 1159 secure
3317 1099 3644 1164 exhibuisti

1987 1178 2322 1243 fratribus?
2345 1179 2453 1242 [lla
2472 1199 2611 1243 vero
2638 1203 2651 1244 :
2677 1181 2846 1254 Quod
2885 1183 2956 1244 ad
2983 1183 3181 1246 divina
3209 1187 3454 1266 quidem
3483 1191 3643 1252 dona

1989 1269 2222 1344 attinet,
2247 1269 2460 1350 inquit,
2487 1271 2779 1332 simulans
2808 1270 3314 1356 imbecillitatem,
3356 1296 3474 1340 non
3505 1297 3640 1341 om-

1993 1359 2136 1418 nino
2168 1358 2452 1420 auferens
2488 1366 2750 1436 tegmen,
2787 1359 2944 1440 quod
2972 1369 3100 1423 erat
3123 1363 3433 1445 in'capite,
3459 1366 3538 1427 ita
3567 1365 3644 1428 ad

1993 1456 2504 1510 sacramentorum
2528 1449 2890 1510 accedebam
2914 1451 3427 1515 communionem:
3449 1455 3647 1516 chari-

1996 1539 2131 1598 tatis
2150 1547 2348 1599 autem
2377 1539 2535 1618 apud
2561 1538 2774 1599 fratres
2807 1539 3044 1618 signum
3071 1559 3375 1623 nunquam
3396 1561 3644 1606 recusa-

1997 1627 2156 1689 bam.
2192 1627 2398 1708 Neque
2430 1630 2590 1690 enim
2619 1629 2931 1690 hominum
2952 1629 3232 1706 vultibus,
3258 1631 3364 1694 sed
3385 1631 3649 1695 homini-

1997 1717 2106 1778 bus
2134 1719 2461 1795 angelicam
2511 1719 2888 1780 imitantibus
2938 1720 3464 1800 impatibilitatcm,
3500 1723 3648 1787 mei-

1933 1833 1974 1886 3
1998 1825 2162 1888 psam
2198 1808 2414 1869 offerre
2444 1807 2882 1870 existimabam.

2074 1895 2146 1958 Χ.
2183 1895 2530 1978 Sapientem
2559 1907 2761 1960 autem
2813 1898 3268 1979 responsionem
3315 1901 3649 1965 admiratus

1995 1993 2310 2050 Bassianus
2337 2007 2350 2046 :
2381 1991 2451 2048 Et
2482 2005 2584 2048 cur
2607 2005 2748 2056 non,
2773 1990 2979 2064 inquit,
3001 1993 3056 2050 in
3087 1994 3393 2064 alterum,o
3413 1998 3644 2064 mulier,

1997 2087 2054 2140 te
2076 2075 2381 2140 contulisti
2406 2077 2864 2150 monasterium,
2901 2076 3040 2137 etin
3062 2077 3223 2157 quod
3243 2077 3384 2140 licet
3413 2080 3647 2160 ingredi

1998 2165 2389 2228 mulieribus?
2414 2164 2518 2226 Illa
2541 2173 2738 2227 autem
2763 2184 2896 2227 cum
2921 2184 2986 2227 se
3009 2184 3217 2245 parum
3240 2167 3644 2247 sustinuisset,

1999 2266 2055 2318 et
2085 2263 2358 2317 timorem
2384 2255 2841 2330 excussisset,ut
2862 2275 2996 2335 quat
3018 2257 3350 2336 accepisset
3371 2259 3646 2321 occasio-

1999 2365 2139 2408 nem
2160 2345 2370 2407 utendi
2404 2345 2678 2424 pluribus
2706 2343 2912 2406 verbis
2931 2346 3001 2407 ad
3026 2346 3468 2430 defensionem,
3500 2367 3648 2429 quo-

2004 2434 2183 2498 modo
2210 2452 2309 2496 res
2341 2435 2478 2514 ejus
2510 2452 2576 2496 se
2598 2431 2914 2509 haberent,
2939 2434 3287 2515 singulatim
3320 2438 3597 2518 exposuit
3630 2457 3644 2502 :

2000 2525 2158 2606 quod
2177 2524 2386 2585 marito
2409 2523 2650 2604 quidem
2671 2523 2880 2597 fuisset
2898 2523 3165 2603 legitimo
3184 2526 3508 2605 conjuncta
3531 2547 3650 2589 ma-

2002 2613 2310 2694 trimonio,
2349 2621 2408 2675 et
2435 2621 2638 2674 vocata
2667 2621 2828 2676 esset
2855 2623 3048 2676 mater
3079 2614 3256 2676 unius
3288 2616 3425 2678 ﬁliae
3453 2639 3468 2694 ;
3502 2626 3652 2681 totas

2003 2714 2198 2767 autem
2233 2712 2440 2766 noctes
2483 2711 2823 2765 versaretur
2873 2705 2936 2764 in
2993 2715 3338 2767 sanctorum
3371 2708 3649 2785 ctetibus,

2007 2803 2065 2857 et
2094 2793 2253 2875 quod
2282 2793 2354 2855 ab
2388 2811 2458 2856 eo
2489 2792 2592 2874 qui
2621 2812 2758 2854 cum
2789 2812 2862 2856 ea
2902 2793 3300 2870 cohabitabat,
3333 2796 3654 2878 aliquando

2009 2884 2249 2966 quidem
2283 2884 2568 2955 minante,
2604 2883 2925 2963 aliquando
2955 2893 3152 2946 autem
3181 2885 3386 2965 plagas
3411 2892 3654 2968 quoque

2007 2972 2670 3050 intentante,retardata
2692 2972 2905 3033 fuisset
2925 2972 2998 3034 ab
3019 2990 3090 3034 eo
3115 2973 3419 3037 desiderio
3442 2983 3501 3038 et
3523 2993 3656 3058 pro-

2010 3065 2221 3146 posito,
2253 3073 2312 3126 et
2332 3062 2492 3144 quod
2523 3061 2894 3142 quaesivisset
2922 3061 3182 3143 aliquam
3214 3070 3656 3147 rationem,qua

273 3160 341 3216 τὰ
372 3161 511 3220 κατὰ
539 3160 764 3240 γνώμην
796 3159 1000 3221 τελεῖν.
1050 3162 1270 3225 Τούτοις
1302 3159 1512 3238 ἐπεξῄει
1544 3160 1632 3214 καὶ
1678 3158 1775 3226 τὴν
1825 3161 1922 3228 τῆς

2013 3163 2212 3234 posset
2241 3153 2429 3215 latere
2460 3157 2762 3227 maritum,
2799 3160 2857 3213 et
2889 3170 2955 3248 s_e
2985 3171 3054 3214 ex
3101 3171 3212 3216 sua
3257 3171 3474 3235 gerere
3506 3173 3652 3218 sen-

276 3247 471 3315 παιδὸς
528 3250 658 3328 πρὸς
719 3252 820 3318 τὴν
889 3249 1175 3308 Σωσάνναν
1230 3251 1565 3330 ἐγχείρησιν,
1611 3249 1701 3306 καὶ
1770 3247 1922 3312 τέλος

2010 3243 2218 3308 tentia.
2253 3245 2391 3306 Post
2430 3241 2557 3304 haec
2609 3240 3104 3322 prosequebatur,
3141 3243 3440 3323 quomodo
3473 3244 3655 3308 filiam

275 3337 452 3419 έπῆγε
511 3340 610 3408 τὴν
667 3342 806 3397 κατὰ
860 3344 983 3404 τοὺς
1040 3339 1233 3407 ὕπνους
1288 3341 1411 3398 θέαν
1441 3342 1514 3404 ὡς
1544 3340 1806 3419 φεύγουσα
1835 3341 1926 3396 τὸν

276 3427 442 3508 ἄνδρα
475 3431 816 3506 μοναζόντων
847 3429 1016 3487 ἐδόκει
1073 3434 1462 3508 περισεσῶσθαι
1508 3431 1717 3510 χερσὶν,
1764 3427 1792 3486 8
1839 3432 1926 3488 καὶ

275 3532 508 3577 συνεῖσα
567 3522 642 3584 εἰς
691 3519 814 3577 τόδε
865 3523 928 3577 τὸ
986 3526 1185 3601 σχῆμα
1237 3522 1573 3597 μετήμειψεν
1603 3519 1796 3586 ἑαυτὴν
1839 3521 1926 3575 καὶ

276 3609 450 3678 αὐτὴν
507 3611 604 3677 τὴν
648 3609 1009 3691 προσηγορίαν
1061 3608 1455 3688 μεταϐαλοῦσα.
1491 3611 1700 3669 Τούτων
1745 3611 1772 3664 6
1818 3617 1930 3666 Βα-

279 3701 468 3764 σιανὸς
501 3699 756 3773 ἀκούσας,
814 3703 903 3758 καὶ
949 3701 1008 3757 τὸ
1061 3703 1176 3779 περὶ
1217 3699 1423 3757 σύνέσιν
1467 3699 1630 3766 αὐτῆς
1690 3697 1930 3761 ἐκτόπως

281 3788 372 3856 ὀξυ
432 3788 487 3847 ἓν
544 3791 772 3866 θαύματι
827 3792 1218 3866 ποιησάμενος,
1270 3791 1358 3848 καὶ
1412 3790 1473 3846 τὸ
1532 3793 1632 3856 τῆς
1677 3787 1932 3866 προαιρέ-

285 3902 430 3946 σεως
485 3880 778 3939 ἀπόδεκτον
809 3881 1191 3960 λογισάμενος,
1223 3883 1268 3938 εἰ
1309 3883 1442 3960 πρὸς
1473 3881 1534 3936 τὸ
1562 3877 1751 3935 λοιπόν
1783 3879 1931 3957 αἱρέ-

279 3972 376 4036 τὸς
438 3972 467 4026 6
520 3977 628 4028 τῶν
682 3978 939 4052 μοναχῶν
991 3973 1102 4048 βίος
1148 3971 1283 4048 αὒτῇ
1325 3969 1662 4029 ἐπυνθάνετο.
1701 3973 1810 4036 Τῆς
1850 3966 1928 4050 δὲ,

286 4062 396 4121 Καὶ
441 4058 582 4142 λίαν,
645 4063 924 4142 εἰπούσης,
969 4061 1056 4120 διὰ
1110 4063 1212 4141 γὰρ
1278 4069 1434 4118 τοῦτο
1489 4059 1690 4136 κόσμον
1743 4080 1800 4116 τε
1842 4063 1932 4118 καὶ

287 4157 401 4208 τῶν
441 4157 534 4207 τοῦ
584 4152 792 4228 κόσμου
847 4152 1090 4232 γενέσθαι
1149 4153 1382 4232 μακρὰν,
1441 4151 1655 4230 Θάρσει,
1719 4149 1928 4227 τέκνον,

283 4241 414 4319 περὶ
457 4249 548 4300 τοῦ
605 4241 920 4320 μέλλοντος,
967 4245 995 4300 6
1054 4245 1312 4306 Βασιανὸς
1361 4241 1745 4320 ἀπεφθέγγετο,
1806 4262 1934 4297 νου-

279 4331 515 4402 θετήσας
573 4354 630 4389 τε
684 4331 785 4390 ὅσα
813 4335 1074 4390 συνοίσειν
1110 4333 1391 4409 ἠπίστατο,
1423 4335 1494 4390 Τὸ
1537 4331 1750 4406 λοιπὸν,
1783 4331 1930 4408 εἶπε,

278 4421 496 4502 τέκνον,
546 4421 796 4500 ἀνάδημα
842 4427 1144 4505 περιθέσθαι
1197 4445 1257 4480 σε
1315 4428 1383 4500 τῇ
1441 4421 1650 4500 κεφαλῇ
1706 4420 1790 4478 διὰ
1841 4423 1934 4478 τὸν

2011 3333 2359 3396 tradidisset
2386 3335 2770 3410 Sosannaa,et
2789 3332 3036 3394 tandem
3063 3332 3262 3396 intulit
3281 3352 3411 3397 eam
3434 3353 3566 3415 quin
3594 3336 3658 3400 in

2009 3425 2238 3486 somnis
2265 3421 3062 3506 apparuit,visionem,quod
3084 3422 3318 3502 fugiens
3351 3426 3656 3508 maritum,

2009 3513 2320 3576 videbatur
2351 3514 2535 3575 fuisse
2591 3521 2824 3575 servata
2869 3512 3150 3576 manibus
3199 3515 3657 3584 monachorum.

2011 3604 2180 3676 Quod
2211 3603 2456 3686 quidem
2485 3601 3119 3684 intelligens,seipsam
3145 3605 3390 3669 mutavit
3408 3607 3470 3669 in
3501 3607 3662 3671 hunc

2012 3693 2303 3769 habitum,
2340 3694 2469 3773 ipso
2517 3711 2756 3774 quoque
2789 3701 3016 3756 mutato
3048 3693 3316 3758 nomine.
3352 3696 3492 3759 Haec
3523 3716 3660 3760 cum

2011 3783 2300 3846 audiisset
2326 3784 2669 3858 Bassianus,
2703 3792 2764 3843 et
2792 3800 2936 3844 acre
2969 3783 3100 3863 ejus
3129 3783 3441 3863 ingenium
3487 3787 3663 3850 valde

2013 3883 2170 3936 esset
2198 3873 2524 3935 admiratus
2557 3880 2617 3933 et
2644 3871 3089 3934 considerasset
3128 3874 3496 3955 propositum
3529 3875 3663 3956 ejus

2012 3963 2476 4038 admittendum,
2507 3961 2758 4038 rogavit,
2783 3979 2858 4023 an
2913 3960 2989 4022 de
3021 3969 3235 4024 caetero
3268 3971 3427 4026 esset
3457 3965 3513 4027 ei
3541 3965 3662 4028 vita

2017 4053 2296 4134 eligenda
2319 4051 2827 4114 monastica.Cum
2849 4069 2919 4114 ea
2942 4059 3140 4114 autem
3158 4051 3410 4116 dixisset
3433 4075 3448 4118 :
3469 4055 3660 4117 Maxi-

2017 4162 2138 4224 me,
2175 4149 2492 4224 propterea
2520 4140 2682 4202 enim
2715 4158 2780 4203 se
2811 4159 2845 4202 a
2875 4140 3122 4215 mundo,
3157 4148 3215 4202 et
3255 4140 3330 4203 iis
3359 4161 3494 4222 quae
3522 4153 3663 4208 sunt

2018 4230 2622 4314 mundi,recessisse:
2651 4232 2736 4293 De
2761 4236 2979 4292 caetero
3002 4229 3261 4310 confide,
3296 4249 3330 4292 ο
3361 4232 3663 4307 tilia,dixit

2015 4323 2363 4386 Bassianus.
2398 4319 2620 4384 Etcum
2639 4338 2710 4382 ea
2731 4319 3000 4382 dedisset
3025 4319 3413 4401 monita,qua3
3437 4320 3663 4386 sciebat

2017 4414 2073 4476 ei
2105 4431 2240 4477 esse
2269 4410 2580 4490 profutura
2607 4428 2620 4474 :
2646 4409 2732 4473 De
2759 4417 2998 4484 caetero,
3023 4408 3239 4490 inquit,
3269 4431 3303 4472 ο
3337 4411 3663 4493 filia,opor-

281 4513 389 4580 τῆς
446 4499 654 4593 φύσεως
716 4499 880 4590 νόμον
916 4499 1228 4595 ’προσ-ἤχει,
1292 4499 1610 4589 προσμένειν
1651 4533 1708 4569 τε
1767 4510 1922 4576 οὕτως

2017 4512 2100 4567 tet
2131 4515 2188 4566 te
2217 4505 2556 4603 vittam_tuo
2587 4501 2768 4582 capiti
2820 4499 3134 4580 imponere
3191 4512 3440 4606 propter
3469 4503 3660 4582 legem

281 4601 530 4660 εὒδοκίαν
587 4604 686 4673 τὴν
756 4603 982 4680 ἄνωθεν,
1038 4605 1132 4662 καί
1168 4603 1248 4661 ὅτι
1285 4605 1375 4661 καὶ
1426 4605 1582 4668 αὐτὸς
1640 4604 1704 4660 τὰ
1743 4600 1922 4659 δυνατᾶ

2022 4605 2273 4671 natura,
2310 4600 2374 4655 et
2403 4591 2490 4653 sic
2519 4607 2844 4671 supernam
2868 4599 3216 4670 exspectare
3245 4593 3614 4655 vocationem
3649 4615 3665 4668 ;

281 4693 651 4772 συμπράττειν
682 4694 743 4752 οὗ
772 4695 1113 4776 περιόψεται.

376 4878 496 4941 IA’.
542 4875 695 4935 Οὕτω
751 4875 806 4934 δὲ
860 4885 1154 4946 τηνικαῦτα
1205 4877 1412 4935 ἐκεῖθεν
1453 4875 1809 4944 διαναστάσης
1848 4876 1939 4932 αὒ-

285 4975 420 5047 τῆς,
485 4971 513 5026 6
564 4969 739 5026 πάντα
781 4969 911 5048 πρὸς
954 4967 1018 5026 τό
1079 4972 1344 5049 συμφέρον
1401 4969 1694 5044 οἰκονομῶν
1753 4967 1938 5044 Κύριος

283 5061 383 5118 καὶ
438 5058 536 5129 τήν
593 5063 692 5127 τῆς
743 5059 1040 5139 Ματρώνης
1087 5057 1252 5118 παῖδα
1293 5065 1384 5116 τοῦ
1429 5059 1543 5135 βίου
1575 5058 1818 5134 μεθίστη,
1853 5059 1940 5114 καὶ

286 5153 370 5216 εἰς
431 5150 620 5207 ἑαυτὸν
675 5146 1136 5230 προσελάμϐανεν,
1182 5148 1274 5206 ’ίνα
1319 5149 1398 5217 μὴ
1430 5153 1506 5222 τῷ
1563 5153 1783 5229 πονηρῷ
1842 5149 1939 5226 γέ-

292 5263 447 5300 νοιτο
503 5239 622 5298 κατ’
658 5240 825 5309 αὐτῆς
853 5241 1094 5322 ἀφορμὴ,
1128 5243 1217 5298 καὶ
1247 5242 1318 5305 ὡς
1364 5237 1468 5308 ἤδη
1520 5236 1940 5318 διαγνωσθεῖσαν

284 5332 373 5390 ὅτι
406 5333 543 5413 γυνὴ
575 5333 667 5405 ἦν,
713 5338 783 5410 τῇ
827 5332 1090 5412 προφάσει
1133 5336 1232 5399 τῆς
1274 5331 1396 5409 περὶ
1436 5329 1536 5399 τὴν
1570 5328 1732 5389 παῖδα
1775 5339 1937 5411 φρόν-

282 5420 450 5499 τιδος,
513 5421 622 5479 ἀπὸ
676 5427 776 5490 τῆς
819 5421 1086 5501 θειοτέρας
1144 5420 1308 5488 αὗτήν
1368 5420 1594 5498 κατάγοι
1651 5420 1939 5499 μερίμνης,

285 5515 378 5571 καὶ
436 5520 510 5591 τῇ
562 5511 766 5586 διανοίᾳ
812 5513 1011 5580 ταύτης
1067 5511 1357 5590 λογισμοὺς
1407 5510 1664 5589 ἓνσπείργῖ
1684 5511 1806 5575 τοὺς
1851 5532 1942 5566 κο-

283 5606 544 5682 σμικούς.
580 5603 741 5661 ’Ὅθεν
783 5604 844 5660 o6
874 5601 1089 5678 πένθος,
1121 5601 1242 5660 ἀλλ’
1273 5600 1471 5670 ἡδονὴν
1500 5601 1588 5659 ἐπὶ
1636 5607 1714 5676 τῷ
1761 5600 1942 5680 πράγ-

282 5699 419 5776 μάτι
450 5693 890 5779 προσελάμϐανε,
947 5697 1009 5754 τὸ
1059 5693 1299 5776 πραχθὲν
1347 5697 1442 5754 οὒκ
1488 5690 1766 5764 ἀποϐολὴν
1793 5693 1940 5751 τιθε-

2031 4706 2143 4752 nec
2173 4703 2240 4747 re
2271 4701 2342 4747 ea
2361 4681 2508 4744 dixit
2543 4681 2984 4762 neglecturum,
3021 4698 3153 4762 qum
3177 4682 3252 4744 ad
3282 4701 3458 4764 opem
3484 4683 3540 4745 ei
3571 4683 3664 4746 fe-

2023 4775 2274 4843 rendam
2304 4771 2628 4853 pertinent.

2102 4865 2202 4930 ΧΙ.
2241 4863 2388 4927 Cum
2411 4862 2541 4943 ipsa
2561 4863 2648 4924 sic
2679 4868 2820 4923 tunc
2852 4859 3014 4922 illinc
3045 4859 3422 4939 recessisset,
3459 4863 3667 4926 Domi-

2025 4980 2163 5034 nus,
2193 4956 2296 5038 qui
2327 4952 2530 5016 omnia
2558 4951 2865 5032 dispensat
2920 4948 3088 5011 adid
3129 4949 3289 5032 quod
3349 4959 3440 5014 est
3495 4954 3668 5033 utile,

2024 5051 2209 5114 filiam
2234 5049 2516 5108 Matronm
2540 5042 2685 5103 fecit
2709 5059 2742 5103 e
2763 5042 2880 5102 vita
2901 5038 3218 5115 excedere,
3252 5047 3312 5101 et
3351 5041 3426 5105 ad
3476 5061 3542 5106 se
3571 5062 3668 5106 as-

2023 5159 2153 5204 sum
2164 5137 2389 5221 psit,ne
2412 5133 2700 5196 adversus
2718 5132 2909 5211 ipsam
2928 5137 3094 5221 esset
3113 5129 3374 5209 maligno
3403 5134 3667 5217 occasio,

2024 5239 2085 5295 et
2114 5219 2190 5293 ne
2221 5245 2354 5291 eam
2394 5241 2573 5306 quam
2615 5221 2740 5303 jam
2770 5219 3072 5300 cognitum
3100 5227 3260 5282 esset
3287 5239 3424 5284 esse
3453 5223 3673 5287 mulie-

2024 5340 2174 5396 rem,
2201 5323 2490 5401 praztextu
2516 5331 2676 5375 curae
2697 5310 2976 5401 gerendae
3013 5309 3091 5401 de
3121 5307 3334 5401 filia,_a
3374 5311 3672 5379 diviniore

2027 5398 2360 5474 deduceret
2383 5402 2812 5478 sollicitudine,
2846 5398 2997 5463 etin
3033 5400 3166 5480 ejus
3193 5399 3396 5463 animo
3417 5403 3672 5466 munda-

2025 5520 2134 5566 nas
2163 5501 2458 5564 insereret
2485 5493 2898 5574 cogitationes.
2922 5487 3328 5563 Quamobrem
3363 5509 3479 5553 non
3502 5491 3674 5555 dolo-

2019 5612 2180 5671 rem,
2221 5589 2330 5654 sed
2371 5587 2744 5667 voluptatem
2789 5601 2860 5646 ex
2889 5598 2961 5644 ea
2979 5597 3056 5671 ire
3086 5579 3318 5661 accepit
3351 5601 3366 5648 ε
3399 5582 3558 5662 quod
3587 5582 3673 5646 fa.

2025 5669 2186 5751 ctum
2209 5689 2494 5763 erat,non
2513 5693 2652 5743 esse
2673 5681 2940 5740 statuens
2960 5669 3098 5736 filia:
3109 5671 3530 5748 amissionem,
3563 5673 3670 5738 sed
