4086 6406
468 342 577 416 931
1636 346 1894 415 ADDEN
1900 348 2023 414 DA.
2079 380 2159 394 —
2223 338 2662 412 NOVEMBER.
3721 332 3837 403 932

468 503 504 546 a
524 484 687 546 curis
706 484 781 546 de
798 503 868 546 ea
890 480 1184 564 susceptis
1216 485 1655 559 liberationem,
1679 493 1737 545 et
1765 500 1968 544 earum
2001 481 2108 543 de-

2199 486 2336 561 μὲνη
2395 480 2583 545 παιδὸς
2612 530 2627 560 ,
2715 479 2850 545 ἀλλὰ
2929 485 3036 535 τῶν
3120 480 3240 557 περὶ
3292 479 3493 544 ταύτην
3551 476 3839 557 φροντίδων

472 575 857 653 positionem.
883 574 1015 653 Ipsa
1042 593 1181 653 ergo
1205 573 1425 634 latebat
1454 573 1609 653 apud
1641 574 1992 641 Sosannam,
2018 578 2108 630 aut

2200 574 2517 649 ἀπαλλαγὴν
2575 573 2663 626 καὶ
2732 569 3003 629 ἀπόθεσιν.
3077 568 3405 645 Ἐκρύπτετο
3475 567 3647 622 τοίνυν
3706 565 3839 634 αὕτη

470 661 629 723 Deus
663 664 856 742 potius
887 682 1014 723 eam
1068 663 1339 723 servabat
1387 681 1493 741 per
1540 665 1899 725 Sosannam.
1938 661 2108 722 Fama

2198 667 2341 743 παρὰ
2374 661 2652 739 Σωσάννῃ,
2686 657 2891 734 μᾶλλον
2920 655 2975 712 δὲ
3005 659 3033 712 ὁ
3079 658 3207 722 Θεὸς
3251 654 3335 712 διά
3380 656 3668 721 Σωσάννης
3710 656 3841 710 ταύ-

467 760 771 831 autem,ea
794 770 924 832 quae
944 750 1016 813 ab
1040 753 1167 830 ipsa
1189 752 1341 813 facta
1392 761 1584 827 erant,
1617 751 1838 832 ubique
1870 767 2108 811 annun-

2196 777 2297 822 την
2327 751 2635 831 ἐφύλαττεν.
2666 751 2732 804 Ἦ
2762 750 2920 826 φήμη
2965 744 3019 802 δὲ
3062 748 3128 802 τὰ
3154 746 3290 802 κατὰ
3319 746 3518 812 ταύτην
3549 743 3844 824 ἁπανταχῆ

467 840 678 919 tiabat,
711 850 770 900 et
796 841 891 900 hic
916 848 1084 899 actus
1106 841 1177 900 ad
1205 859 1381 901 aures
1401 841 1666 902 omnium
1695 836 2108 919 permanebat.

2196 841 2505 920 διήγγελλε,
2539 841 2626 895 καὶ
2677 835 2760 895 διὰ
2804 837 3001 903 πάσης·
3030 834 3226 916 ἐχώρει
3271 840 3369 901 τῆς
3428 834 3598 900 ἀκοῆς
3642 836 3708 890 τὰ
3754 841 3846 890 τοῦ

469 927 596 999 Quo
627 929 845 988 factum
879 934 989 1004 est,
1026 938 1089 989 ut
1120 929 1371 990 maritus
1401 930 1532 1009 ejus
1556 928 1931 991 Domitianus
1962 944 2108 1007 pau-

2196 931 2485 1010 δράματος,
2542 926 2660 1005 Ἀφ’
2721 926 2786 993 ἦς
2848 928 2932 981 καὶ
2996 925 3321 998 Δομετιανὸς
3373 927 3401 979 ὁ
3459 924 3655 988 ταύτης
3707 922 3846 988 ἀνὴρ

465 1016 628 1077 latim
652 1034 872 1078 venans
907 1017 1245 1097 veritatem,
1274 1028 1334 1078 ut
1361 1021 1461 1099 qui
1492 1038 1608 1080 non
1633 1028 1929 1079 cessasset
1964 1035 2108 1077 uxo-

2197 1021 2335 1077 κατὰ
2379 1018 2573 1094 μικρὸν
2614 1014 2851 1092 θηρεύων
2894 1014 2994 1080 τὴν
3054 1020 3159 1071 τῶν
3207 1011 3512 1089 γενομένων
3563 1010 3843 1086 ἁλήθειαν,

463 1122 589 1166 rem
609 1123 777 1166 suam
803 1105 1185 1185 investigare,
1210 1117 1524 1188 postquam
1548 1108 1780 1187 reliqua
1803 1105 1951 1168 obiit
1982 1124 2108 1165 mo-

2197 1110 2292 1167 ἆίτε
2341 1109 2418 1184 μὴ
2478 1105 2817 1179 παυσάμενος
2848 1104 2913 1159 τὰ
2955 1104 3075 1180 περὶ
3106 1108 3205 1169 τῆς
3260 1105 3507 1179 γυναικὸς
3557 1107 3654 1168 τῆς
3710 1100 3849 1166 ἰδίας

464 1194 745 1268 nasteria,
779 1195 852 1255 ad
888 1194 1035 1255 illud
1068 1215 1313 1277 quoque
1344 1197 1524 1271 venit,
1560 1198 1620 1257 in
1653 1215 1771 1277 quo
1804 1195 1975 1257 beata
2004 1194 2108 1255 fuit

2199 1197 2542 1279 ίχνηλατεῖν,
2575 1194 2712 1269 μετὰ
2761 1194 2823 1248 τὸ
2880 1195 2969 1248 καὶ
2999 1196 3066 1247 τὰ
3097 1191 3261 1249 λοιπὰ
3292 1190 3591 1269 περιελθεῖν
3622 1213 3849 1270 φροντι-

463 1294 714 1359 versata,
747 1285 1033 1364 quasdam
1086 1303 1206 1345 non
1239 1303 1555 1365 expressas
1578 1292 1635 1347 et
1665 1284 1980 1345 indecoras
2015 1301 2108 1343 vo-

2198 1278 2387 1364 στήρια
2441 1289 2529 1342 καὶ
2560 1284 2642 1340 ἐπ’
2690 1282 2869 1339 ἐκεῖνο
2924 1281 3046 1338 ἔνθα
3088 1284 3123 1349 ἡ
3185 1283 3417 1358 μακαρία
3478 1278 3711 1358 διέτριψε
3754 1280 3848 1357 γί-

462 1390 566 1435 ces
590 1388 713 1451 prae
743 1373 830 1433 ira
858 1373 1163 1447 emittens,
1200 1375 1544 1453 importune
1593 1374 1753 1434 fores
1786 1374 2030 1452 pulsans
2060 1380 2108 1433 et

2197 1400 2366 1448 νεται,
2404 1376 2648 1449 ἀσήμους
2677 1374 2826 1435 τινας
2856 1373 2957 1427 ὑπὸ
2987 1375 3153 1445 θυμοῦ
3208 1373 3295 1427 καὶ
3349 1371 3619 1443 ἀκόσμους
3664 1372 3848 1448 φωνὰς

462 1462 781 1532 insultans,
831 1462 1140 1523 dicendo:
1203 1461 1486 1535 Quaenam
1547 1472 1635 1523 est
1694 1480 1763 1523 ea
1793 1463 1902 1538 vis,
1939 1479 2108 1541 quam

2199 1467 2350 1547 ἆφιὲς
2397 1468 2705 1542 θυροκοπῶν
2761 1483 2817 1517 τε
2868 1461 3100 1533 ἀκαίρως
3141 1461 3229 1516 καὶ
3285 1462 3693 1533 θρασυνόμενος,
3754 1460 3847 1522 Τίς

466 1549 616 1609 mihi
638 1549 918 1610 attulistis
944 1548 969 1610 ’ἒ
998 1550 1286 1622 Quaenam
1323 1560 1414 1612 est
1447 1554 1571 1612 haec
1605 1569 1819 1630 magna
1851 1551 2108 1629 injuria?

2198 1559 2232 1624 ἡ
2291 1553 2416 1631 περῖ
2450 1554 2568 1632 ἐμὲ,
2600 1551 2798 1629 λέγων,
2830 1550 2938 1626 βία,
2974 1551 3025 1605 τί
3071 1552 3133 1605 τὸ
3180 1550 3319 1626 μέγα
3364 1551 3519 1605 τοῦτο
3552 1548 3791 1623 ἀδίκημα
3825 1568 3843 1624 ς

464 1636 719 1699 Pulchra
741 1647 969 1720 certe,o
992 1640 1290 1713 monachi,
1321 1640 1571 1720 pulchra
1594 1650 1732 1700 sunt
1761 1638 2108 1713 admodum,

2202 1643 2351 1702 Καλά
2380 1664 2465 1722 γε,
2497 1645 2542 1697 ὧ
2568 1641 2825 1720 μοναχοὶ,
2870 1638 3009 1696 καλὰ
3038 1639 3155 1695 λίαν
3199 1640 3262 1693 τὰ
3309 1638 3433 1712 παρ’
3488 1641 3635 1712 ὑμῶν
3685 1639 3845 1716 γενό-

467 1744 601 1804 quae
624 1747 658 1788 a
683 1726 853 1789 vobis
882 1727 1034 1788 facta
1061 1736 1221 1790 sunt.
1258 1730 1376 1789 Cur
1400 1748 1529 1805 eos,
1565 1729 1665 1808 qui
1698 1736 1837 1789 sunt
1864 1727 2108 1808 pulchre

2200 1754 2352 1807 μενα.
2392 1732 2509 1788 ’Ὶνα
2536 1732 2587 1786 τί
2633 1731 2753 1791 τοὺς
2805 1728 2986 1790 καλῶς
3043 1728 3396 1807 συναφθέντας
3450 1729 3607 1802 ὑμεῖς
3663 1728 3841 1791 καλῶς

464 1816 793 1915 conjuncti,
827 1832 955 1915 vos.
984 1818 1139 1877 male
1194 1817 1372 1878 vultis
1422 1816 1739 1879 dividere?
1792 1816 1940 1877 Date
1970 1814 2108 1877 mihi

2199 1820 2421 1893 διαιρεῖν
2452 1820 2699 1895 βούλεσθε
2735 1837 2751 1892 ;
2790 1821 2920 1874 Δότε
2953 1840 3043 1892 μοι
3094 1819 3336 1874 σύνοικον
3371 1817 3468 1884 τὴν
3497 1818 3634 1892 ἐμήν
3668 1831 3685 1847 ⁸
3723 1816 3846 1874 δότε

465 1921 657 1966 meam
681 1904 813 1965 vitae
833 1904 1081 1966 sociam.
1118 1907 1266 1968 Date
1303 1924 1461 1982 eam,
1496 1924 1633 1982 qua;
1663 1913 1753 1967 est
1777 1905 1928 1966 mihi
1961 1922 2108 1965 con-

2196 1912 2296 1978 τὴν
2328 1911 2465 1965 κατὰ
2493 1907 2685 1984 νόμους
2717 1906 2836 1982 ἐμοὶ
2867 1910 3245 1985 συναφθεῖσαν.

457 1994 668 2074 juncta
690 1992 951 2071 legibus.

2279 1999 2382 2058 lB'.
2418 1998 2593 2057 Ταῦτα
2620 2000 2710 2054 καὶ
2734 1995 2954 2053 πλείονα
2980 1997 3180 2052 τούτων
3208 1994 3356 2070 πόθῳ
3404 1996 3712 2068 κινούμενος
3755 1998 3849 2053 καὶ

544 2080 677 2146 Xll.
709 2080 847 2144 Haec
869 2090 930 2144 et
950 2081 1025 2143 iis
1047 2083 1241 2163 plora,
1269 2083 1576 2146 desiderio
1608 2084 1793 2145 victus
1841 2090 1902 2144 et
1929 2082 2108 2145 animi

2196 2090 2420 2164 ἀθυμίας
2475 2088 2784 2161 ἡττώμενος
2844 2087 2933 2142 καὶ
2991 2086 3090 2153 τὴν
3148 2086 3332 2165 φωνὴν
3361 2086 3462 2140 ὑπὸ
3500 2087 3594 2140 τοῦ
3645 2086 3845 2149 πάθους

464 2171 841 2251 aegritudine,
873 2189 1020 2233 voce
1048 2172 1386 2254 interrupta
1415 2191 1450 2234 a
1480 2173 1711 2253 dolore,
1738 2172 2108 2234 exclamavit.

2197 2177 2590 2254 ἐγκοπτόμενος
2646 2171 2851 2239 ἐξεϐόα,
2913 2170 3147 2232 "ilicone:
3219 2171 3275 2228 δὲ
3331 2170 3458 2250 παρ’
3512 2172 3713 2253 αὐτῶν,
3770 2174 3849 2236 ὡς

464 2261 709 2322 Audivit
738 2268 937 2323 autem
959 2259 1033 2322 ab
1056 2261 1203 2341 ipsis
1233 2283 1246 2320 :
1276 2263 1399 2325 Nos
1418 2279 1669 2324 uxorem
1694 2261 1932 2340 quidem
1955 2270 2108 2324 tuam

2203 2258 2396 2341 Ἡμεῖς
2455 2264 2554 2339 μὲν
2611 2276 2842 2342 γυναῖκα
2899 2262 2996 2319 οὐκ
3071 2259 3437 2339 εἶσδεδὲγμεθα
3471 2277 3487 2292 °
3547 2259 3685 2336 μηδὲ
3743 2262 3846 2341 γὰρ

468 2366 590 2410 non
620 2349 966 2430 accepimus
996 2350 1224 2430 (neque
1253 2351 1415 2412 enim
1462 2353 1553 2412 fas
1585 2358 1675 2411 est
1704 2350 1942 2411 feminae
1972 2367 2108 2429 per-

2199 2355 2343 2411 εἶναι
2373 2354 2589 2429 θεμιτὸν
2618 2358 2687 2429 τῇ
2716 2355 2858 2429 μονῇ
2892 2349 3118 2429 γυναιξὶν
3165 2350 3406 2429 ἐφεῖσθαι
3436 2352 3533 2419 τὴν
3577 2349 3793 2408 εἴσοδον
3827 2368 3841 2383 ’

470 2438 705 2500 mittere
746 2439 1087 2516 ingressum
1124 2440 1185 2500 in
1241 2439 1730 2518 monasterium),
1774 2440 2108 2500 eunuchum

2199 2449 2454 2524 εὐνοῦχον
2510 2440 2566 2497 δέ
2621 2463 2739 2498 τινα
2791 2442 3037 2521 μοναχὸν
3070 2438 3312 2497 Βαϐύλαν
3338 2440 3479 2496 οὕτω
3507 2437 3845 2516 καλούμενον

466 2536 668 2589 autem
699 2527 1020 2606 quemdam
1075 2530 1461 2603 monachum,
1517 2529 1760 2589 nomine
1808 2526 2108 2609 Babylam,

2201 2534 2361 2609 ὶσμεν
2416 2532 2502 2589 ἐπὶ
2555 2533 2738 2609 ιιαιροῦ
2791 2551 2931 2596 τινος
2989 2530 3089 2597 τὴν
3140 2530 3348 2604 σύναμα
3379 2529 3522 2603 ἡμῖν
3566 2526 3848 2608 διαγωγὴν

466 2617 695 2680 scimus
748 2617 955 2695 aliquo
1000 2626 1269 2698 tempore
1318 2617 1633 2680 nobiscum
1672 2616 1846 2679 vitam
1896 2617 2108 2696 egisse,

2196 2622 2584 2697 ποιησάμενον,
2646 2624 2770 2677 εἶτα
2810 2620 3012 2699 ἀθρόως
3058 2616 3464 2695 μεταϐάλλοντα
3493 2618 3594 2686 τὴν
3635 2617 3731 2675 ἐπὶ
3779 2619 3849 2675 τὰ

466 2706 690 2769 deinde
720 2714 973 2787 repente
1001 2715 1291 2769 mutatum
1323 2706 1604 2769 statuisse
1636 2706 1937 2788 proﬁcisci
1967 2704 2108 2767 Ilie-

2199 2704 2542 2790 Ἰεροσόλυμα
2586 2709 3001 2787 ,βουλεύσασθαι
3080 2711 3426 2788 πορευθῆναι.
3504 2714 3703 2766 Τοῦτον
3754 2710 3847 2765 οὖν

465 2795 785 2876 rosolyma.
840 2797 993 2858 Eum
1042 2813 1183 2875 ergo
1235 2815 1372 2860 cum
1405 2795 1658 2858 haberet
1688 2795 1843 2857 hanc
1872 2812 2108 2857 causam

2196 2803 2445 2868 τοιαύτην
2499 2798 2699 2879 ἔχοντα
2753 2802 2853 2867 τῆς
2932 2795 3239 2873 ἀποδημίας
3315 2798 3564 2854 ὑπόθεσιν
3623 2801 3686 2856 οὗ
3740 2799 3846 2877 πρὸ

464 2902 717 2967 peregre
742 2885 1188 2966 proﬁciscendi,
1234 2886 1439 2948 multis
1464 2898 1604 2948 ante
1633 2884 1851 2947 diebus
1878 2903 1913 2946 a
1941 2885 2108 2947 nobis

2196 2889 2412 2950 πολλῶν
2455 2889 2653 2946 τούτων
2681 2891 2786 2945 τῶν
2828 2890 3046 2967 ἡμερῶν
3080 2886 3174 2967 ἀφ’
3222 2888 3378 2962 ἡμῶν
3423 2884 3709 2946 διαστάντι
3753 2910 3846 2965 γι-

463 2975 817 3038 discessisse
848 2975 1258 3054 cognovimus.
1292 2974 1549 3039 Ubinam
1577 2984 1777 3038 autem
1810 2993 1971 3037 nunc
2000 2975 2108 3037 de-

2196 2984 2493 3056 νώσκομεν.
2556 2978 2733 3037 ’Ὀπου
2776 2976 2831 3034 δὲ
2880 3001 2966 3034 νυν
3010 2975 3182 3054 διάγει
3237 2978 3388 3052 μόνῳ
3445 2978 3661 3041 πάντως
3693 3000 3845 3056 γνώ-

462 3074 583 3144 gat,
609 3064 698 3127 illi
727 3064 839 3127 soli
870 3066 1117 3127 omnino
1151 3075 1242 3127 est
1262 3065 1774 3146 cognitum,cujus
1794 3066 1987 3128 oculis
2015 3065 2108 3126 ni-

2198 3074 2322 3129 στὸν
2351 3070 2413 3126 οὗ
2461 3065 2626 3144 μηδὲν
2683 3081 2803 3133 τοῖς
2862 3068 3161 3147 ὀφθαλμοῖς
3219 3064 3545 3145 ἀθεώρητον,
3612 3064 3737 3125 ’Ότι
3791 3065 3847 3122 δὲ

461 3154 546 3216 hil
575 3163 666 3216 est
694 3153 854 3234 quod
906 3172 1028 3216 non
1060 3156 1246 3235 possit
1289 3155 1499 3235 aspici.
1553 3155 1723 3226 Quod
1753 3164 1955 3217 autem
1987 3154 2108 3216 haec

2196 3158 2371 3227 ἀληθῆ
2419 3164 2585 3214 ταῦτα
2643 3159 3032 3235 μαρτυρήσειεν
3090 3153 3152 3210 ἂν
3209 3156 3298 3212 καὶ
3350 3156 3415 3211 τὸ
3478 3161 3583 3212 πᾶν
3637 3155 3842 3224 πλῆθος

459 3260 603 3306 vera
630 3223 773 3323 sint,
808 3223 1125 3305 testabitur
1171 3223 1491 3306 universus
1540 3223 1799 3324 populus
1830 3243 2107 3306 civitatis.

2195 3223 2302 3315 τῆς
2348 3223 2583 3309 πόλεως.
2644 3223 3122 3309 Σΐούτιιιίν-ἀκούσας
3156 3245 3184 3301 ὁ
3219 3246 3548 3319 Δομετιανὸς
3604 3244 3701 3302 καὶ
3738 3223 3839 3312 τῆς

460 3330 600 3396 Haec
628 3349 766 3393 cum
818 3330 1148 3392 audivisset
1176 3331 1579 3412 Domitianus,
1613 3342 1673 3393 et
1702 3332 1983 3394 instratus
2010 3349 2108 3394 es-

2194 3335 2321 3415 περῖ
2350 3335 2450 3403 τὴν
2491 3336 2715 3406 ζήτησιν
2767 3334 3144 3415 ἀποκρουσθεὶς
3186 3334 3557 3413 ἔγχειρήσεως
3607 3334 3841 3413 εὐπροσ-

462 3428 554 3482 set
573 3428 768 3499 coepto
793 3436 917 3481 sua;
944 3419 1377 3501 inquisitionis,
1409 3430 1468 3483 et
1511 3422 1676 3483 omni
1705 3422 1955 3502 pulchra
1982 3421 2108 3503 pri-

2194 3427 2344 3484 ώπου
2370 3446 2430 3482 τε
2459 3425 2639 3493 πάσης
2668 3423 2915 3505 ἀφορμῆς
2965 3424 3263 3504 στερηθεὶς,
3310 3436 3567 3487 παντοῖος
3608 3425 3843 3503 ἱγίνετο,

463 3518 629 3571 vatus
659 3509 1001 3584 occasione,
1035 3527 1101 3571 se
1129 3508 1399 3571 vertebat
1450 3511 1509 3571 in
1542 3528 1781 3573 omnem
1817 3510 2107 3592 speciem,

2195 3514 2279 3573 διὰ
2336 3514 2435 3583 την
2490 3513 2791 3595 ἀποτυχίαν
2846 3513 3165 3590 ἀνιώμενος,
3210 3510 3295 3569 διὰ
3338 3515 3431 3571 τὸν
3460 3513 3622 3585 ζῆλον
3651 3515 3847 3590 θυμού-

462 3597 621 3680 quod
652 3616 750 3660 res
784 3597 843 3661 ei
870 3616 990 3660 non
1023 3597 1331 3680 cessisset,
1354 3617 1423 3662 se
1458 3598 1835 3677 excrucians,
1869 3611 2108 3681 propter

2196 3627 2379 3684 μενος,
2452 3602 2538 3660 διὰ
2591 3606 2653 3661 τὸ
2719 3604 2851 3675 πρὸς
2909 3603 3074 3673 αὐτὴν
3129 3601 3345 3683 φίλτρον
3406 3604 3505 3672 τὴν
3563 3602 3847 3680 ἐπιθυμίαν

458 3689 654 3751 selum
685 3689 980 3770 irascens,
1043 3697 1291 3770 propter
1342 3692 1474 3769 ejus
1530 3706 1798 3752 amorem
1832 3689 2112 3753 incitatus

458 3779 806 3858 cupiditate.
835 3778 1031 3859 Atque
1051 3777 1156 3840 ille
1180 3777 1429 3860 quidem
1460 3778 1551 3842 sic
1571 3779 1851 3856 recessit,
1884 3779 2109 3842 distra-

462 3878 592 3932 ctus
621 3869 720 3931 his
742 3869 930 3931 animi
959 3868 1536 3950 perturbationibus.

542 3957 697 4021 Xlll.
719 3958 1069 4020 Bassianum
1092 3967 1293 4021 autem
1317 3958 1535 4021 invasit
1554 3976 1772 4039 agmen
1804 3975 2109 4036 curarum,

462 4066 543 4112 ne
569 4048 851 4110 Matronae
877 4050 1098 4130 anima,
1126 4067 1264 4130 quae
1293 4049 1426 4130 ejus
1454 4047 1595 4112 ﬁdei
1624 4050 1946 4112 commissa
1975 4049 2112 4111 fue-

462 4146 577 4215 rat,
610 4154 756 4199 vere
771 4137 1059 4202 subiisset
1086 4138 1495 4215 interitum,et
1516 4158 1652 4201 cum
1677 4157 1783 4202 eos
1803 4137 2113 4202 accersiis-

462 4227 687 4309 set,qui
717 4227 932 4289 ordine
962 4228 1224 4305 quodam
1249 4239 1419 4289 erant
1433 4229 1612 4309 primi
1635 4231 2104 4290 monachorum:

2195 3695 2580 3776 ἐρεθιζόμενος.
2632 3692 2875 3761 Ἐκεῖνος
2932 3693 3032 3770 μὶν
3090 3694 3181 3764 οὖν
3223 3690 3392 3757 οὕτως
3450 3691 3616 3769 ἀπῇει
3660 3694 3847 3752 τοιού-

2193 3808 2305 3852 τοις
2335 3783 2525 3843 πάθεσι
2551 3784 2927 3865 μεριζόμενος.

2274 3963 2382 4027 II".
2421 3971 2511 4039 Τῷ
2552 3960 2609 4019 δί
2668 3968 2916 4037 Βασιανῷ
2972 3959 3257 4042 φροντίδων
3302 3963 3574 4020 ἐπετίθετο
3629 3965 3843 4038 σμῆνος

2193 4054 2341 4120 ὅπως
2398 4054 2466 4122 ἢν
2517 4052 2802 4120 Ξπιστεύθη
2858 4053 2958 4118 τῆς
3003 4052 3298 4132 Ματρώνης
3348 4052 3562 4132 ψυχὴν,
3607 4051 3689 4128 μὴ
3741 4050 3845 4120 τὴν

2193 4143 2361 4207 ὅντως
2417 4141 2689 4199 ἀπώλειαν
2746 4142 2979 4221 ὑποστῇ,
3038 4140 3132 4198 καί
3194 4141 3686 4217 μεταστειλάμενος
3718 4142 3845 4206 τοὺς

2192 4232 2334 4299 τάξει
2394 4234 2497 4289 τινὶ
2554 4231 2794 4305 πρώτους
2837 4237 2946 4287 τῶν
3001 4237 3263 4310 μοναχῶν
3318 4234 3373 4289 ἓν
3429 4229 3671 4311 πλείονι,
3706 4236 3847 4287 Σκε-

462 4316 591 4394 Est,
618 4318 842 4398 inquit,
876 4315 1052 4379 nobis
1099 4317 1358 4398 amplius
1389 4317 1896 4379 considerandum
1933 4317 2010 4377 de
2039 4333 2108 4378 ea

2194 4322 2350 4378 πτέον
2407 4322 2568 4400 ἡμῖν,
2604 4319 2780 4398 ἔλεγε,
2822 4320 3063 4397 περὶτῆς
3115 4317 3409 4388 διαστάσης
3467 4322 3625 4396 ἡμῶν
3675 4318 3843 4377 ἀδελ-

461 4424 596 4488 qtm
621 4425 656 4469 a
678 4407 854 4468 nobis
881 4405 1183 4483 discessit,
1217 4422 1453 4467 sorore.
1484 4406 1635 4468 Nam
1667 4405 1781 4465 etsi
1808 4422 1952 4466 sexu
1983 4413 2108 4465 erat

2194 4413 2321 4488 φῆς.
2356 4410 2415 4467 Ei
2444 4410 2544 4489 γὰρ
2574 4410 2662 4465 καὶ
2703 4410 2802 4476 την
2833 4410 2988 4490 φύσιν
3017 4409 3170 4489 ἑτέρα
3219 4432 3300 4477 τις
3353 4410 3442 4486 ἦν,
3504 4407 3630 4466 ἀλλ’
3685 4408 3842 4466 ἐπεί-

464 4496 702 4559 diversa
723 4514 737 4561 :
761 4495 1043 4577 quoniam
1069 4503 1266 4557 tamen
1289 4494 1352 4555 in
1378 4502 1648 4581 nostrum
1694 4491 1956 4581 ascripta
1982 4501 2108 4557 erat

2194 4520 2289 4577 περ
2332 4498 2596 4579 ἐνεγράφη
2625 4497 2806 4573 κύκλῳ
2859 4505 2939 4574 τῷ
2978 4499 3096 4556 καθ’
3129 4501 3296 4581 ἡμᾶς,
3360 4498 3553 4573 μέλους
3610 4499 3842 4579 ἀφαίρε-

463 4584 779 4661 circulum,
814 4593 1051 4665 oportet
1073 4583 1417 4644 existimare
1440 4580 1696 4643 membri
1717 4580 2099 4658 ablationem,

2194 4610 2273 4646 σιν
2302 4588 2599 4666 λογίζεσθαι
2651 4585 2736 4644 δεῖ
2793 4588 2894 4656 τὴν
2942 4586 3035 4666 ἀφ’
3084 4590 3243 4665 ἡμῶν
3284 4580 3503 4658 ταύτης
3557 4587 3837 4661 διάζευξιν.

464 4674 598 4752 ejus
625 4692 759 4756 qum
791 4673 946 4735 facta
977 4681 1075 4735 est
1095 4691 1131 4734 a
1160 4671 1360 4748 nobis,
1386 4670 1875 4750 disjunctionem.
1921 4673 2009 4735 De
2037 4672 2108 4736 iis

2195 4677 2509 4755 Διαθώμεθα
2566 4687 2692 4756 γοῦν
2748 4678 2817 4734 τὰ.
2872 4678 2995 4735 κατ’
3029 4679 3219 4756 αὐτὴν,
3253 4677 3401 4743 ὅπως
3433 4681 3507 4746 εἰς
3534 4678 3702 4756 πέρας
3734 4701 3841 4737 κα-

462 4780 606 4843 ergo
633 4782 767 4846 quae
797 4764 871 4827 ad
898 4764 1088 4844 ipsam
1109 4766 1433 4842 pertinent,
1459 4762 1912 4836 constituamus,
1949 4771 2011 4825 ut
2034 4762 2110 4826 ad

461 4854 682 4917 bonum
713 4855 894 4916 ﬁnem
927 4852 1256 4933 perveniat,
1295 4869 1372 4912 ne
1406 4850 1792 4933 malignus,et
1821 4852 1922 4933 qui
1954 4871 2109 4933 quo-

461 4944 605 5007 tidie
636 4944 810 5006 nobis
834 4942 1173 5017 insidiatur,
1213 4941 1344 5020 ejus
1393 4950 1639 5021 superet
1687 4947 2106 5021 constantiam,

458 5044 601 5116 apto
629 5037 703 5096 ad
726 5032 978 5095 insidias
1008 5033 1409 5094 instrumento
1442 5041 1615 5093 utens
1646 5033 1880 5095 marito.
1915 5036 2109 5115 Atque

461 5126 550 5186 sic
574 5123 820 5206 quidem
850 5120 1094 5184 dicebat
1116 5119 1457 5199 Bassianus,
1490 5127 1553 5183 in
1584 5122 1890 5185 communi
1920 5124 2110 5204 posita

462 5210 1247 5276 deliberatione.Marcellus
1273 5225 1474 5274 autem
1509 5212 1773 5293 quidem,
1803 5220 1947 5275 tunc
1974 5214 2108 5275 dia-

459 5319 671 5377 conus,
704 5301 859 5363 hanc
888 5300 1040 5364 dixit
1066 5300 1448 5384 sententiam,
1497 5302 1560 5364 in
1612 5300 1830 5365 Emesa
1873 5303 2108 5366 civitate

454 5391 586 5470 (ille
614 5390 777 5453 enim
811 5406 885 5452 ex
916 5407 987 5453 ea
1018 5400 1148 5453 erat
1169 5397 1359 5469 ortus)
1389 5393 1600 5454 dicens
1638 5408 1771 5455 esse
1798 5401 2105 5456 monaste-

456 5481 612 5543 rium
646 5480 994 5565 mulierum,
1025 5483 1085 5543 in
1118 5501 1235 5563 quo
1268 5484 1448 5544 etiam
1478 5500 1646 5544 suam
1678 5501 1952 5546 sororem
1972 5502 2107 5548 esse

368 5577 373 5581 ’
460 5588 639 5633 unam
665 5572 840 5633 exiis
870 5590 1004 5654 qua;
1031 5580 1412 5635 exercentur.
1451 5571 1517 5633 Si
1564 5589 1709 5652 ergo
1740 5572 1849 5635 tibi
1884 5573 2102 5654 placet,

455 5663 530 5730 stt
561 5662 622 5732 id
650 5667 939 5729 mittatur.
974 5663 1076 5733 Sic
1107 5664 1269 5730 enim
1297 5660 1512 5732 licebit
1538 5676 1746 5731 curam
1788 5664 1867 5731 de
1893 5680 1965 5730 ea
1992 5664 2104 5733 de-

2187 4766 2412 4839 ταλήξοι
2442 4770 2710 4848 χρηστὸν,
2744 4765 2940 4845 μήπως
2975 4771 3002 4825 ὁ
3040 4770 3276 4847 πονηρὸς
3337 4770 3425 4826 καὶ
3452 4765 3571 4826 καθ’
3603 4768 3840 4837 ἑκάστην

2189 4856 2545 4918 ἐπιϐουλεύων
2573 4858 2715 4935 ἡμῖν
2755 4859 3074 4939 κατισχύσει
3104 4860 3302 4927 ταύτης
3351 4861 3411 4916 τὸ
3459 4858 3672 4915 εὔτονον
3720 4861 3839 4939 περὶ

2188 4957 2288 5018 την
2319 4946 2612 5015 ἐπιϐουλὴν
2656 4945 2865 5027 ὀργάνῳ
2920 4948 3267 5028 χρησάμενος
3309 4955 3387 5022 τῷ
3435 4946 3602 5018 ἀνδρί.
3654 4948 3837 5012 Οὕτως

2191 5041 2289 5117 μὲν
2336 5038 2425 5097 οὖν
2457 5041 2486 5095 ὁ
2516 5040 2774 5101 Βασιανὸς
2804 5037 3012 5120 ἔλεγεν,
3044 5038 3099 5095 ἐν
3130 5046 3293 5114 κοινῷ
3334 5039 3555 5116 θέμενος
3585 5039 3684 5108 τὴν
3714 5037 3839 5095 διά-

2188 5132 2408 5205 σκεψιν.
2466 5126 2776 5207 Μάρκελλος
2833 5126 2888 5185 δέ
2941 5149 3024 5190 τις
3098 5130 3161 5185 τὸ
3241 5138 3538 5198 τηνικαῦτα
3594 5127 3836 5192 διᾶκονος

2188 5219 2415 5298 γνώμην
2470 5224 2774 5296 είσηγεῖται
2832 5218 3110 5294 τοιαύτην,
3173 5218 3229 5275 ἐν
3277 5216 3482 5296 Ἐμέση
3541 5218 3716 5297 λέγων
3776 5222 3838 5295 τῇ

2190 5307 2345 5366 πόλει
2370 5322 2385 5337 ’
2447 5306 2510 5364 εκ
2537 5307 2735 5376 ταύτης
2789 5308 2889 5387 γὰρ
2937 5307 3190 5372 κάκεῖνος
3229 5310 3471 5389 ὡρμᾶτο,
3505 5307 3837 5387 ἀσκητήριον

2187 5398 2331 5455 εἶναι
2373 5402 2640 5477 γυναικῶν
2689 5396 2742 5454 ἐν
2784 5398 2831 5472 ᾧ
2887 5398 2975 5455 καὶ
3016 5394 3251 5477 ἀδελφὴν
3302 5399 3463 5457 αὐτοῦ
3506 5398 3633 5474 μίαν
3690 5397 3835 5455 εῖναι

2185 5495 2293 5545 τῶν
2342 5487 2708 5563 ἆσκόυμένων.
2738 5487 2908 5568 Εἴπερ
2938 5489 3026 5544 οὖν
3074 5488 3294 5567 ἀρεστόν
3340 5510 3426 5545 σοι
3482 5486 3660 5567 δοκεῖ,
3703 5490 3832 5565 πρὸς

2186 5586 2344 5636 τοῦτο
2373 5579 2673 5653 πεμφθήτω
2705 5596 2719 5610 ·
2755 5575 2902 5634 ἕσται
2950 5599 3036 5635 σοι
3085 5580 3187 5657 γὰρ
3237 5577 3376 5635 οὕτω
3425 5580 3512 5635 καὶ
3562 5579 3660 5644 τὰς
3718 5576 3834 5657 περὶ

2187 5670 2354 5740 αὐτῆς
2408 5665 2615 5730 ἐκδῦναι
2674 5665 2973 5751 φροντίδας.
3008 5667 3335 5748 Συνθεμένου
3366 5666 3422 5725 δὲ
3480 5677 3574 5728 τοῦ
3634 5675 3829 5730 Baeta-
