4086 6390
331 311 449 378 933

1621 315 1808 380 VITA
1870 305 1930 374 S.
1988 310 2405 375 ΠΑΤΗΟΝΙΕ.

3579 317 3692 384 934

323 455 415 505 νοῦ
467 456 544 523 τῷ
600 450 744 528 λόγῳ
793 453 880 508 καὶ
926 449 1307 529 ἐπιτρέψαντος
1339 453 1367 507 ὁ
1396 448 1640 516 διάκονος
1671 449 1967 531 παραυτίκα

2061 463 2302 526 ponere.
2337 448 2479 509 Cum
2533 465 2813 509 assensus
2857 453 3054 510 autem
3089 457 3248 510 esset
3298 451 3614 514 Bassianus
3641 455 3697 514 ei

325 537 512 594 πλοίου
568 538 746 596 ἐκεῖσε
803 539 1136 619 ἀναγομένου
1190 542 1372 618 τυχὼν
1426 541 1597 614 τούτῳ
1649 542 1749 608 τὴν
1816 541 1970 619 ἁγίαν

325 627 601 704 ἐνθέμενος
634 631 874 706 ἓπενῄει.

409 805 514 866 1Δ’.
579 797 642 863 Ἠ
698 805 751 863 δὲ
805 809 1041 885 εὐθύμως
1072 812 1133 866 τὸ
1163 811 1381 888 γεγονὸς
1411 809 1484 874 ὦς
1519 813 1614 868 οὐκ
1642 813 1796 866 αθεσὶ
1829 831 1969 887 πρα-

323 896 454 975 χθὲν
483 895 877 978 ἀποδεξαμένη,
936 898 1088 976 ὀλίγα
1145 920 1200 954 τε
1257 897 1390 955 ἅττα
1441 899 1573 976 πρὸς
1605 898 1802 978 τροφὴν
1836 920 1970 975 συγ-

319 985 662 1062 κομισαμένη
720 990 954 1067 εὒφόρως
1010 989 1124 1063 ἅμα
1178 990 1269 1046 καὶ
1320 986 1500 1053 καλῶς
1549 993 1642 1045 τοῦ
1671 987 1970 1061 πνεύματος

319 1077 654 1140 ὶπωθοῦντος
711 1080 802 1133 τὸν
863 1075 1030 1134 πλοῦν
1089 1075 1336 1158 διαϐᾶσα,
1396 1079 1458 1133 τὸ
1502 1076 1556 1132 έν
1598 1075 1807 1152 Ἐμέσῃ
1835 1097 1971 1131 κατ-

322 1162 479 1221 έλαϐε
551 1167 984 1245 φροντιστήριον.
1051 1165 1396 1247 Φιλοφρόνως
1473 1165 1562 1223 οὖν
1635 1164 1973 1244 εἰσδεχθεῖσα

322 1256 413 1311 καὶ
442 1252 623 1320 δεξιῶς
653 1261 760 1312 τῶν
795 1254 912 1312 κατ’
946 1256 1141 1333 ἀρετὴν
1172 1255 1362 1336 εἴχετο
1408 1257 1585 1312 πόνων
1628 1254 1765 1311 οὕτω
1802 1276 1972 1311 σπου-

322 1343 482 1408 δαίως
508 1346 583 1408 ὡς
615 1345 674 1402 06
704 1343 880 1423 ῥᾷδιον
910 1347 1135 1426 ὀφθῆναι
1192 1345 1390 1412 ταύτην
1445 1357 1567 1406 ταῖς
1619 1344 1972 1419 μοναζούσαις

327 1433 628 1513 ἂρχέτυπον
685 1436 816 1512 πρὸς
858 1436 980 1500 τοὺς
1026 1433 1177 1500 ἴσους
1231 1434 1394 1503 αὖτῆς
1458 1434 1669 1513 ἀγῶνας
1722 1432 1976 1509 ἀμιλλωω

327 1523 538 1598 μέναις.
588 1522 763 1580 ’Ὅθεν
805 1525 893 1582 καὶ
942 1523 1209 1584 συνεδόκει
1254 1525 1450 1589 πάσαις
1483 1523 1618 1595 μετὰ
1647 1527 1746 1591 την
1776 1519 1975 1578 ἐνθένδε

326 1619 429 1679 τῆς
487 1611 604 1692 ἄρτι
659 1613 1072 1691 καθηγουμὲνης
1103 1612 1424 1691 ἀπαλλαγὴν
1456 1613 1592 1692 αὐτῇ
1633 1619 1806 1668 πᾶσαν
1849 1610 1975 1668 ἐπι-

2053 534 2210 614 quod
2242 535 2466 595 dictum
2511 535 2721 610 fuerat,
2775 546 2832 596 et
2884 536 2941 597 id
2999 537 3389 616 permisisset,
3426 538 3698 600 minister

2053 630 2246 684 statim
2281 633 2484 685 nactus
2516 643 2746 696 navem,
2783 644 2914 706 quae
2964 625 3126 687 illinc
3173 625 3461 702 solvebat,
3498 637 3700 690 sancta

2055 714 2112 773 in
2147 731 2215 773 ea
2247 713 2551 794 imposita,
2585 723 2674 776 est
2709 732 3005 777 reversus.

2133 800 2286 863 XIV.
2311 801 2415 862 Illa
2447 812 2642 863 autem
2677 823 2808 865 cum
2843 804 3023 866 alacri
3055 805 3255 867 animo
3281 807 3614 887 accepisset
3639 807 3699 870 id

2055 890 2215 972 quod
2250 891 2464 952 factum
2499 893 2706 963 fuerat,
2761 902 3037 974 tanquam
3090 895 3146 955 id
3209 914 3326 957 non
3379 897 3701 960 accidisset

2055 978 2284 1061 absque
2324 981 2430 1042 Dei
2458 983 2720 1057 numine,
2755 993 2814 1044 et
2848 1002 3035 1064 pauca
3066 985 3334 1066 quaedam
3371 988 3701 1067 accepisset

2059 1088 2162 1149 pro
2196 1070 2517 1152 alimentis,
2564 1075 2830 1134 secundo
2865 1083 2921 1134 et
2953 1073 3074 1135 leni
3108 1083 3280 1136 vento
3316 1086 3557 1154 peracta
3586 1095 3696 1140 na-

2055 1158 2374 1239 vigatione,
2393 1160 2551 1222 venit
2569 1161 2627 1222 in
2650 1164 3097 1238 monasterium,
3121 1162 3280 1244 quod
3303 1164 3695 1230 eratEmesaz.

2057 1246 2324 1326 Benigne
2356 1267 2496 1327 ergo
2527 1259 2792 1331 accepta,
2833 1259 2991 1314 tanto
3024 1253 3219 1314 studio
3270 1273 3336 1315 se
3375 1255 3700 1318 exercebat

2057 1337 2119 1398 in
2143 1337 2447 1400 laboribus
2468 1339 2719 1420 virtutis,
2746 1350 2812 1401 ut
2837 1343 3150 1404 monachis
3173 1343 3482 1406 videretur
3503 1363 3700 1407 exem-

2061 1427 2188 1508 plar
2218 1446 2333 1490 non
2369 1427 2564 1504 facile,
2600 1428 3046 1493 decertantibus
3075 1431 3356 1493 adversus
3383 1435 3548 1512 paria
3572 1437 3702 1516 ejus

2060 1518 2408 1578 certamina.
2446 1519 2738 1591 Quocirca
2768 1519 2991 1600 placuit
3017 1521 3297 1583 omnibus
3327 1532 3459 1602 post
3489 1524 3702 1586 deces-

2058 1624 2187 1666 sum
2213 1608 2366 1686 ejus,
2397 1627 2528 1685 qua;
2553 1608 2672 1668 illis
2697 1619 2968 1689 praeerat,
2986 1610 3040 1671 ei
3067 1611 3441 1674 committere
3462 1632 3702 1676 omnem

328 1687 533 1778 τρέψαι.
572 1702 673 1769 τὴν
728 1687 828 1768 τῆς
890 1687 1064 1775 μονῆς
1145 1687 1496 1779 προστασίαν,
1548 1687 1711 1759 ﬂ000v
1759 1697 1813 1756 δὲ
1874 1697 1973 1776 ἄρα

2063 1697 2407 1758 monasterii
2440 1687 2880 1777 praefecturam.
2935 1699 3061 1772 Quo
3116 1700 3302 1780 magis
3348 1719 3488 1781 ergo
3519 1703 3706 1766 latere

331 1789 595 1870 Ματρώνα
652 1791 713 1847 10
769 1790 1042 1847 λανθάνειν
1111 1789 1422 1871 ὶσπςύδαζε,
1495 1797 1748 1849 τοσοῦτον
1821 1788 1973 1866 ἔμελε

2061 1785 2343 1847 studebat
2373 1786 2655 1864 Matrona,
2709 1807 2780 1850 eo
2830 1790 3015 1868 magis
3063 1791 3187 1852 Deo
3221 1799 3345 1852 erat
3385 1811 3542 1855 curre
3571 1812 3703 1856 eam

331 1885 450 1956 Θεῷ
504 1881 566 1938 τὸ
609 1877 781 1950 δήλην
841 1881 1008 1948 αὒτὴν
1057 1882 1302 1956 ποιῆσαι,
1363 1881 1452 1936 καὶ
1510 1882 1572 1937 τὸ
1629 1878 1837 1945 ἐκείνης
1869 1882 1973 1956 φῶς

2062 1874 2319 1936 reddere
2343 1875 2742 1960 manifestam,
2771 1886 2830 1938 et
2853 1877 3014 1939 illius
3045 1877 3239 1939 lucem
3276 1897 3501 1959 ponere
3525 1901 3706 1963 super

329 1971 423 2028 επὶ
450 1976 551 2038 τῆς
597 1968 820 2051 λυχνίας
862 1973 1058 2051 θεῖναι,
1105 1972 1194 2026 καὶ
1236 1971 1334 2038 τὴν
1379 1970 1574 2049 ἀρετὴν
1619 1970 1846 2048 φανερὰν
1880 1991 1973 2026 κα-

2061 1963 2513 2038 candelabrum,
2535 1974 2593 2026 et
2615 1966 2949 2030 evidentem
2978 1968 3111 2047 ejus
3123 1969 3378 2030 reddere
3398 1971 3703 2035 virtutem.

328 2065 616 2128 τσστῆσαι.
707 2058 839 2118 Κατ’
913 2059 1092 2118 έκεῖνο
1173 2060 1347 2119 τοίνυν
1431 2058 1618 2138 καιροῦ
1712 2058 1973 2137 γεηπόνος

2061 2051 2167 2114 Illo
2189 2064 2386 2116 autem
2413 2062 2682 2136 tempore
2707 2057 2965 2134 agricola
2986 2057 3224 2136 quidam
3251 2060 3537 2138 pradium
3563 2080 3704 2142 ope-

327 2172 410 2214 τις
437 2151 502 2206 τὸ
542 2147 727 2228 γήδιον
761 2150 1112 2229 ἐργαζόμενος
1163 2149 1249 2208 ἐπὶ
1293 2163 1526 2230 συχναῖς
1579 2161 1704 2215 ταῖς
1747 2149 1977 2229 ἡμέραις

327 2238 714 2316 ἀναδιδομένην
776 2240 915 2318 ἑώρα
951 2239 1126 2320 φλόγα
1167 2242 1266 2308 τῆς
1312 2244 1437 2318 γῆς,
1492 2241 1580 2296 καὶ
1636 2241 1670 2308 ἡ
1729 2236 1975 2303 ἀνάδοσις

323 2330 558 2409 συνεχής
615 2350 674 2385 τε
705 2331 792 2386 καὶ
822 2327 1065 2402 οὔδαμιῦς
1095 2327 1358 2407 λήγουσα.
1415 2328 1580 2390 Οὗτος
1637 2328 1750 2403 οὖν⁹
1785 2329 1879 2384 ἅτε
1909 2327 1973 2396 δὴ

331 2420 566 2498 γεωργὸς
615 2416 760 2478 οὐδὲν
822 2418 1069 2485 δυνηθεὶς
1127 2417 1424 2494 συμϐαλεῖν
1481 2416 1838 2496 ὑψηλότερον,
1899 2423 1976 2492 τῷ

330 2507 607 2582 ἐπισκόπῲ
661 2512 762 2574 τῆς
827 2506 1034 2572 πόλεως
1098 2506 1399 2586 προσελθὼν
1455 2506 1811 2586 ἀπαγγέλλει,
1878 2509 1976 2566 Καὶ

324 2598 384 2662 ὃς
415 2597 475 2653 ἐκ
505 2603 598 2654 τοῦ
624 2595 946 2673 φαινομένου
1001 2595 1142 2676 μέγα
1192 2619 1242 2652 τι
1292 2598 1462 2660 συνεὶς
1514 2598 1576 2652 τὸ
1619 2594 1972 2672 δηλούμενον,

320 2686 439 2762 ἅμα
465 2693 545 2760 τῷ
573 2684 662 2743 ὑπ’
692 2685 852 2742 αὐτὸν
897 2684 1083 2765 κλήρῳ
1136 2687 1228 2743 τὸν
1272 2687 1437 2744 τόπον
1489 2684 1829 2766 καταλαϐὼν,
1889 2687 1975 2744 καὶ

320 2779 398 2842 ὡς
457 2781 730 2855 προσῆκον
759 2779 826 2845 ἧν
856 2775 1028 2856 εὐχὴν
1057 2775 1450 2852 ποιησάμενος,
1482 2777 1582 2844 τὴν
1627 2781 1730 2854 γῆν
1760 2776 1974 2856 ἐπέτρε-

321 2886 426 2922 πεν
454 2866 774 2945 ἀνορύττειν,
808 2867 882 2923 Οῦ
928 2867 1024 2922 καί
1073 2865 1361 2944 γενομένου
1408 2869 1642 2942 στάμνος
1688 2867 1871 2945 εὑρέθη
1917 2865 1976 2922 οὐ

320 2957 525 3036 χρυσὸν
584 2953 731 3012 ἔνδον
783 2954 1088 3035 κρύπτουσα
1129 2953 1164 3022 ἦ
1213 2977 1264 3010 τι
1313 2954 1446 3012 ἄλλο
1495 2957 1732 3012 τοιοῦτον
1763 2959 1883 3013 οἷον
1913 2954 1975 3012 ἂν

2059 2160 2222 2218 rans,
2263 2144 2460 2206 multis
2492 2145 2705 2208 diebus
2736 2146 2878 2207 vidit
2909 2147 3205 2209 flammam
3233 2167 3267 2211 e
3299 2163 3458 2212 terra
3487 2152 3698 2214 emitti.

2058 2231 2195 2294 Erat
2221 2252 2360 2295 vero
2387 2233 2631 2296 emissio
2659 2235 2964 2316 continua,
2991 2245 3051 2298 et
3072 2257 3373 2318 nunquam
3395 2240 3698 2306 desinens.

2058 2320 2165 2385 Hic
2193 2341 2356 2404 ergo,
2386 2334 2449 2385 ut
2473 2327 2572 2406 qui
2597 2334 2754 2387 esset
2772 2326 3085 2408 agricolas,
3115 2329 3260 2390 nihil
3286 2329 3490 2390 valens
3515 2331 3702 2411 conji-

2059 2429 2197 2472 cere
2227 2413 2428 2489 altius,
2461 2416 2806 2497 episcopum
2860 2415 3110 2478 civitatis
3151 2420 3467 2497 accedens,
3505 2420 3564 2482 id
3595 2439 3699 2484 re-

2061 2501 2315 2565 nuntiat.
2353 2499 2461 2564 Ille
2491 2511 2690 2566 autem
2715 2523 2784 2566 ex
2808 2522 2878 2566 eo
2909 2505 3066 2587 quod
3098 2506 3442 2589 apparebat,
3475 2508 3702 2572 intelli-

2059 2608 2206 2670 gens
2233 2609 2509 2671 magnum
2540 2593 2680 2674 quid
2706 2594 3053 2673 significari,
3100 2615 3234 2658 cum
3257 2615 3366 2658 suo
3397 2597 3560 2660 clero
3590 2615 3702 2660 ve-

2062 2679 2238 2741 niens
2260 2681 2331 2742 ad
2364 2680 2586 2757 locum,
2622 2691 2688 2743 ut
2721 2701 2825 2764 par
2854 2691 3008 2760 erat,
3040 2685 3191 2748 facta
3220 2687 3508 2762 oratione,
3522 2688 3706 2767 jussit

2061 2777 2278 2831 terram
2319 2770 2547 2834 fodere.
2604 2772 2770 2844 Quod
2817 2792 2950 2835 cum
2984 2773 3203 2837 factum
3241 2785 3422 2849 esset,
3467 2777 3706 2840 inventa

2062 2867 2149 2919 est
2174 2877 2348 2934 urna,
2371 2879 2488 2921 non
2513 2879 2722 2922 aurum
2747 2862 2969 2939 celans,
2997 2864 3333 2945 autaliquid
3356 2864 3515 2926 aliud
3542 2868 3704 2946 ejus-

2062 2947 2248 3028 modi,
2275 2949 2434 3029 quod
2461 2949 2646 3030 possit
2665 2950 3011 3014 demulcere
3030 2953 3295 3015 animum
3319 2964 3701 3019 ornamento-

319 3044 654 3126 φιλόκοσμον
682 3043 839 3122 θέλξῃ
881 3046 1090 3126 ψυχὴν,
1125 3043 1262 3102 ἄλλά
1318 3047 1494 3121 τίμιόν
1535 3068 1586 3102 τι
1642 3051 1837 3126 χρῆμα
1887 3047 1973 3102 καὶ

2061 3056 2190 3099 rum
2225 3039 2530 3118 cupidum,
2580 3039 2685 3100 sed
2745 3059 2870 3102 rem
2923 3042 3237 3122 quamdam
3289 3043 3612 3123 pretiosam
3643 3055 3704 3108 et

316 3142 414 3192 106
443 3136 643 3199 παντὸς
672 3132 836 3210 ἄξιον,
869 3136 970 3204 τὴν
1000 3133 1292 3211 σεϐασμίαν
1341 3142 1420 3210 τῷ
1461 3133 1571 3193 ὄντι
1620 3145 1714 3195 τοῦ
1769 3137 1974 3213 βαπτι-

319 3225 449 3282 στοῦ
478 3223 742 3305 κεφαλήν.

406 3315 524 3378 IE’.
585 3315 791 3383 Ταύτης
845 3324 1128 3396 πανταχοῦ
1196 3313 1593 3395 διαδραμούσης
1653 3320 1753 3386 τῆς
1784 3317 1974 3398 φήμης

319 3403 494 3470 οὒδεὶς
544 3406 613 3472 ἦν
640 3403 786 3470 ὅστις
819 3404 964 3463 οἴκοι
995 3404 1196 3486 παρῆν,
1248 3405 1388 3463 ἀλλὰ
1429 3405 1744 3482 παμπληθεὶ
1775 3408 1970 3472 πάντες

318 3496 453 3574 πρὸς
503 3497 602 3561 τὴν
659 3493 783 3551 θέαν
837 3493 1109 3574 συνέρῤεον
1142 3511 1159 3528 '
1203 3493 1292 3575 ὑφ’
1348 3497 1424 3552 ὧν
1476 3497 1508 3564 ἡ
1558 3496 1709 3572 τιμία
1761 3496 1968 3578 κεφαλὴ

319 3583 455 3652 αὕτη
487 3585 580 3641 σὺν
619 3584 767 3652 πάση
823 3582 1100 3661 δοξολογία
1158 3587 1247 3642 καὶ
1293 3583 1469 3650 αἴνοις
1523 3583 1672 3642 ἔνδον
1701 3586 1971 3664 εἰσάγεται

317 3681 414 3732 τοῦ
471 3673 621 3734 ναοῦ.
667 3672 818 3731 Ἐπεὶ
848 3672 903 3730 δὲ
933 3675 1021 3730 καὶ
1078 3673 1116 3741 ὴ
1179 3673 1410 3753 μακαρία
1453 3673 1720 3752 Ματρώνα
1763 3675 1972 3752 σύναμα

315 3764 522 3828 πάσαις
582 3775 710 3826 ταῖς
763 3763 1118 3839 μοναζούσαις
1189 3765 1328 3822 κατὰ
1382 3762 1507 3822 θέαν
1562 3771 1658 3822 106
1714 3764 1970 3845 φανέντος

315 3857 522 3931 παρῆν,
556 3850 824 3932 προσῆλθὲ
870 3873 955 3934 τε,
999 3854 1088 3910 καὶ
1137 3861 1233 3911 τοῦ
1283 3851 1634 3933 προκειμένου
1664 3854 1763 3923 τῆς
1795 3875 1968 3934 κεφα-

318 3944 425 4012 λῆς
479 3943 716 4023 ἠρύσατο
764 3943 951 4023 μύρου,
1013 3941 1296 4019 μετάδοσις
1371 3943 1530 4002 αὐτοῦ
1585 3947 1678 4002 καὶ
1738 3943 1971 4012 ἀκούσης

316 4035 522 4102 ταύτης
580 4035 712 4112 πρὸς
768 4035 889 4099 τοὺς
919 4033 1184 4114 παρόντας
1228 4034 1454 4112 ὶγίνετο.
1490 4033 1688 4101 ’Ὅπως
1721 4032 1777 4090 δὲ
1817 4040 1974 4093 τοῦτο

315 4125 411 4182 καὶ
440 4125 574 4204 πρὸς
602 4123 655 4180 τί
683 4127 972 4181 συνωθεῖτο
1023 4125 1166 4203 παρὰ
1227 4131 1360 4181 Θεοῦ
1413 4125 1476 4181 τὸ
1521 4123 1772 4184 ἀκούσιον
1800 4146 1974 4204 προσ-

323 4214 475 4294 έχειν
503 4216 530 4271 ὁ
572 4211 736 4292 λόγος
780 4213 917 4271 ὥστε
975 4217 1167 4289 μαθεῖν
1213 4216 1352 4291 ὑμᾶς
1382 4215 1652 4292 βούλεται.
1688 4215 1838 4273 Κατά
1869 4214 1974 4292 μέ-

318 4325 416 4360 σου
473 4304 575 4384 γὰρ
631 4309 723 4360 τοῦ
783 4303 1019 4373 πλήθους
1083 4303 1464 4386 ἀποληφθεῖσα
1507 4305 1595 4360 καὶ
1653 4303 1732 4380 μὴ
1759 4325 1978 4384 συγχω-

316 4392 553 4474 ρουμένη
596 4393 695 4462 τὴν
753 4390 951 4472 ἔξοδον,
1006 4395 1080 4457 ὡς
1111 4393 1327 4451 πάντων
1355 4394 1486 4472 πρὸς
1521 4394 1581 4450 τὸ
1612 4391 1802 4451 λαϐεῖν
1849 4395 1975 4454 ἑαυ-

313 4486 443 4549 τοὺς
501 4482 880 4564 εἷσωθούντων,
911 4480 964 4548 ἒξ
993 4485 1155 4563 οὗπερ
1211 4481 1347 4550 αὕτη
1408 4481 1604 4564 εἴληφε
1664 4484 1827 4563 μύρου
1885 4485 1974 4542 καὶ

313 4585 440 4636 τοῖς
499 4569 684 4636 ἄλλοις
719 4572 1047 4652 ἠναγκάζετο
1077 4585 1382 4635 κοινωνεῖν.
1417 4569 1509 4630 Ἐν
1537 4571 1592 4629 δὲ
1638 4578 1715 4647 τῷ
1761 4571 1972 4631 διαδοῦ-

316 4685 408 4720 ναι
467 4661 668 4730 ταύτην
697 4663 870 4740 πηρός
903 4683 985 4726 τις
1013 4663 1110 4727 τὰς
1141 4660 1292 4739 ὄψεις
1337 4662 1398 4720 ἐκ
1445 4666 1667 4742 γενετῆς
1701 4661 1972 4742 παραδρα-

317 4753 441 4828 μὼν
498 4751 727 4825 πάντας,
761 4752 900 4821 ἦσαν
944 4752 1046 4831 γὰρ
1089 4754 1178 4810 καὶ
1219 4759 1327 4809 τῶν
1359 4754 1542 4832 ἱερέων
1595 4753 1736 4819 τινὲς
1778 4754 1832 4808 οἳ
1883 4755 1972 4810 καὶ

314 4842 419 4910 τὴν
477 4847 573 4899 τοῦ
625 4841 765 4898 θείου
823 4843 992 4918 μύρου
1039 4841 1164 4899 τότε
1207 4838 1441 4900 διάδοσιν
1497 4845 1810 4923 εποιοῦντολ
1843 4845 1973 4923 πρὸς

316 4931 488 4999 αὒτὴν
546 4931 671 5014 ἧκε,
731 4931 898 4996 πολὺς
955 4931 1263 5011 ἂγκείμενος
1307 4945 1430 4996 ταῖς
1475 4929 1736 5004 δεήσεσιν.
1798 4922 1861 4990 Ἠ
1889 4922 1892 4923 ν
1919 4931 1974 4990 δὲ

313 5025 398 5086 τῶ
453 5021 618 5099 τιμίω
658 5023 809 5102 μύρῳ
838 5023 959 5086 τοὺς
1020 5023 1218 5090 τύπους
1272 5025 1378 5082 τῶν
1425 5019 1602 5100 ὄψεων
1649 5021 1974 5103 ἐπιχρίσασα

317 5117 665 5192 παραχρῆμα
719 5112 897 5192 φωτός
929 5111 1098 5169 ἐποίει
1141 5113 1334 5182 θεατὴν
1389 5113 1480 5170 τὸν
1525 5112 1716 5171 οὔποτε
1772 5111 1972 5192 πρότε-

392 5276 470 5345 (1)
521 5273 662 5343 Quae
718 5272 815 5330 hic
867 5272 940 5331 de
997 5272 1330 5333 inventione
1367 5273 1572 5346 capitis
1627 5271 1684 5331 S.
1734 5271 1977 5332 Joannis

2059 3128 2306 3191 maximi
2335 3128 2689 3205 faciendam,
2740 3149 2956 3212 nempe
2991 3131 3247 3193 maxime
3291 3134 3700 3199 venerandum

2057 3226 2235 3299 caput
2261 3217 2516 3282 Joannis
2546 3220 2829 3300 Baptista
2858 3222 2973 3302 (1).

2136 3307 2266 3372 XV.
2297 3307 2442 3371 Cum
2463 3309 2588 3370 haec
2616 3309 2771 3371 fama
2794 3310 2854 3372 in
2881 3330 3121 3375 omnem
3149 3320 3380 3394 partem
3403 3316 3704 3396 pervasis-

2058 3407 2172 3473 set,
2208 3398 2409 3461 nullus
2439 3397 2600 3460 domi
2646 3399 3036 3479 remanebat;
3089 3403 3194 3464 sed
3247 3421 3378 3484 quin
3430 3405 3706 3470 universa

2060 3489 2443 3578 multitudine
2464 3490 2845 3553 confluebant
2874 3510 3085 3554 omnes
3104 3492 3178 3555 ad
3201 3495 3607 3575 spectaculum
3631 3516 3647 3578 ;
3673 3515 3708 3559 a

2056 3577 2270 3659 quibus
2301 3579 2414 3640 hoc
2444 3579 2858 3643 venerandum
2883 3589 3060 3660 caput
3084 3601 3216 3645 cum
3240 3583 3404 3646 omni
3435 3583 3616 3647 laude
3647 3595 3709 3649 et

2055 3667 2495 3747 gloriﬁcatione
2516 3669 2578 3729 in
2593 3670 2881 3751 templum
2896 3671 3319 3736 introducitur.
3340 3675 3488 3738 Cum
3503 3687 3703 3738 autem

2055 3759 2472 3820 Matronacum
2499 3758 2780 3822 omnibus
2807 3761 3118 3825 monachis
3148 3763 3703 3845 interfuissetspec—

2055 3846 2254 3908 taculo
2285 3847 2440 3926 ejus,
2469 3847 2630 3925 quod
2661 3859 3039 3930 apparuerat,
3087 3851 3340 3915 accessit
3393 3859 3452 3914 et
3508 3853 3708 3916 hausit

2056 3954 2134 4000 ex
2171 3945 2474 4016 unguento
2505 3935 2738 4019 capitis,
2770 3939 2929 4016 quod
2961 3947 3089 4002 erat
3129 3942 3520 4022 propositum.
3555 3941 3705 4022 Ejus

2060 4024 2524 4090 communicatio
2556 4026 2708 4088 facta
2737 4036 2850 4103 est,
2904 4046 2974 4090 ea
3021 4029 3202 4092 etiam
3250 4029 3458 4107 invita,
3494 4031 3568 4092 iis
3598 4033 3705 4112 qui

2061 4117 2330 4178 aderant.
2363 4114 2674 4189 Quomodo
2706 4123 2903 4178 autem
2933 4126 2991 4179 et
3020 4137 3129 4180 cur
3149 4119 3262 4180 hoc
3279 4136 3352 4182 ea
3373 4118 3554 4182 invita
3577 4119 3702 4182 fac-

2063 4217 2185 4270 tum
2219 4207 2318 4288 sit,
2352 4206 2410 4267 id
2443 4225 2561 4286 quo
2593 4205 2916 4268 dicendum
2949 4216 3061 4286 est,
3095 4209 3219 4270 vult
3246 4226 3358 4271 vos
3392 4210 3705 4274 attendere

2063 4305 2122 4360 et
2143 4295 2398 4361 discere.
2432 4295 2498 4358 In
2531 4295 2728 4356 media
2758 4297 2918 4358 enim
2943 4296 3274 4380 intercepta
3299 4297 3699 4376 multitudine,

2060 4407 2193 4450 cum
2228 4387 2282 4449 ei
2313 4405 2431 4448 non
2464 4384 2900 4448 concederetur
2947 4387 3163 4463 exitus,
3219 4397 3422 4469 utpote
3452 4389 3608 4470 quod
3639 4399 3703 4452 ut

1996 4450 2041 4502 θ
2057 4480 2420 4559 acciperent,
2453 4494 2668 4538 omnes
2699 4493 2762 4538 se
2798 4476 3176 4540 intrudereut
3211 4499 3225 4537 :
3281 4450 3350 4542 ex
3400 4450 3494 4553 eo:
3543 4481 3704 4561 quod

2055 4574 2390 4648 acceperat,
2418 4573 2720 4646 unguento
2734 4579 2942 4628 coacta
2955 4575 3045 4629 est
3063 4567 3195 4630 aliis
3211 4567 3531 4650 impertiri.
3555 4573 3703 4632 Dum

2055 4664 2252 4720 autem
2286 4675 2355 4719 ea
2394 4655 2810 4732 distribueret,
2872 4657 3114 4738 quidam
3165 4657 3239 4719 ab
3290 4667 3423 4720 ortu
3482 4677 3699 4737 caecus,

2056 4764 2266 4808 omnes
2299 4753 2768 4827 praetercurrens
2793 4746 2985 4827 (erant
3003 4747 3163 4810 enim
3185 4755 3327 4810 tunc
3347 4748 3588 4829 quidam
3612 4768 3705 4813 sa-

2058 4835 2353 4912 cerdotes,
2386 4835 2487 4917 qui
2519 4835 2703 4897 divini
2733 4839 3019 4916 unguenti
3067 4836 3362 4900 faciebant
3404 4837 3698 4902 distribu-

2059 4927 2336 5008 tionem),
2370 4929 2530 4989 venit
2561 4926 2632 4988 ad
2667 4927 2877 5007 ipsam,
2911 4926 3084 4990 valde
3115 4927 3346 4991 instans
3392 4929 3698 5009 precibus.

2057 5016 2162 5079 Illa
2184 5035 2322 5078 vero
2345 5034 2479 5077 cum
2510 5015 2771 5098 pretioso
2787 5025 3086 5096 unguento
3112 5017 3317 5080 oculos
3339 5017 3698 5102 inunxisset,

2062 5124 2199 5170 eum
2232 5105 2371 5168 fecit
2404 5105 2597 5168 lucem
2631 5105 2906 5186 protinus
2936 5106 3180 5181 intueri,
3208 5107 3310 5189 qui
3343 5115 3519 5172 antea
3548 5128 3707 5172 nun-

2059 5267 2456 5352 49;__Ce._lren._
2496 5269 2557 5330 in
2588 5267 2916 5352 Compend.
2951 5269 3108 5352 and
3163 5267 3700 5352 Theodosiiimp"

319 5355 615 5428 Baptista,
648 5355 849 5413 eadem
878 5360 1083 5416 testata
1115 5354 1456 5428 relinquunt
1486 5352 1850 5414 Marcellinus
1877 5367 1984 5412 co-
2063 5350 2253 5432 Sigili.
2288 5348 2351 5410 in
2385 5349 2612 5432 Chron.
2648 5348 2752 5432 an.
2771 5350 2979 5431 399,et
3006 5349 3138 5412 aliis
3169 5359 3426 5432 constet,
3456 5348 3706 5432 Valente

321 5450 450 5494 mes
471 5437 530 5492 in
563 5432 787 5506 Clum,
825 5433 982 5494 Beda
1031 5436 1089 5494 in
1130 5435 1299 5494 Marci
1329 5450 1456 5508 cap.
1507 5447 1582 5504 v1,
1635 5447 1691 5494 et
1747 5434 1848 5492 lib.
1913 5433 1985 5493 De
2065 5431 2420 5513 imperante,
2467 5431 2627 5513 idem
2656 5429 2988 5513 inventum,
3024 5438 3082 5492 et
3110 5429 3510 5513 aTlieodo’sio
3553 5432 3704 5513 imp.

320 5533 418 5577 rex
471 5521 644 5586 atat,
676 5517 793 5574 Ααο
850 5515 912 5574 in
953 5514 1164 5576 Chron.
1213 5526 1270 5575 et
1302 5516 1442 5587 alii;
1484 5516 1584 5574 sed
1615 5522 1812 5574 errant
1841 5523 1984 5575 teste
2067 5511 2641 5594 Constantinopolim
2665 5529 2822 5594 anno
2843 5511 3072 5592 361,ut
3093 5512 3214 5574 vult
3234 5511 3497 5594 Baron.,_
3514 5511 3707 5594 trans-

323 5598 595 5666 Baronio,
629 5597 692 5656 in
720 5606 997 5670 tempore,
1028 5612 1174 5657 cum
1222 5612 1294 5657 ex
1343 5598 1565 5657 Sozom.
1597 5594 1732 5656 Hist.
1768 5595 1868 5655 llb.
1911 5608 1982 5656 vr.

321 5696 430 5759 cap
461 5680 556 5750 2t,
584 5680 875 5755 Prospero
915 5681 978 5742 in
1029 5679 1239 5742 Chron.
1287 5680 1524 5756 Nioeph.
1567 5679 1669 5740 lib.
1706 5691 1804 5749 xu,
1853 5695 1983 5757 cap.

2068 5592 2250 5656 latum
2281 5591 2480 5656 fuerit}
2515 5593 2775 5656 Consule
2813 5594 2946 5656 Bar.
2973 5591 3297 5671 ’Annales,
3336 5611 3436 5655 an.
3469 5592 3610 5670 391,
3644 5599 3704 5660 et

2066 5681 2238 5737 notas
2269 5671 2330 5738 in
2361 5677 2621 5757 Martyr.
2655 5673 2858 5756 Rom,
2890 5671 2968 5735 29
2995 5674 3144 5756 Aug.
3179 5676 3236 5732 6.
