4086 6418
408 334 524 400 935

1589 323 1976 393 ADDENDA.
2021 357 2101 370 —
2155 321 2602 391 NOVEMBER.

3655 319 3774 386 936

397 485 573 549 quam
609 466 860 529 viderat.
920 463 1042 526 Hoc
1089 482 1222 526 eam
1280 481 1554 543 magnam
1611 459 1950 542 praedicavit
1981 478 2024 521 el

2122 482 2210 532 ρον
2254 461 2382 518 αὐτὰ
2434 460 2791 534 θεασάμενον,
2851 466 3019 518 Τοῦτο
3073 457 3318 538 μεγάλην
3365 458 3528 526 αὐτὴν
3559 455 3775 536 ἰκήςυξε

393 556 765 638 praeclaram,
815 564 874 616 et
907 554 1104 616 effecit
1156 561 1218 612 ut
1266 561 1425 614 esset
1457 551 1610 632 apud
1644 568 1855 611 omnes
1885 549 2036 610 insi-

396 647 530 726 gnis
557 646 731 722 adeo,
767 657 830 705 ut
859 662 1071 706 omnes
1101 641 1373 704 dicerent
1407 659 1540 704 eam
1594 659 1749 712 esse,
1787 659 1919 720 quae
1948 641 2034 702 la-

397 745 523 798 tere
561 733 772 796 tandiu
823 741 914 793 est
965 732 1267 809 meditata,
1321 746 1380 794 et
1428 750 1561 794 cum
1612 730 1756 792 viris
1801 730 1941 792 fecit
1969 744 2040 791 ea

394 843 525 905 quae
551 823 773 884 faciunt
802 822 1101 882 monachi.

472 912 621 974 XVI.
661 911 952 974 Przeclara
982 910 1108 971 haec
1139 909 1294 971 fama
1324 927 1532 972 rursus
1569 907 1801 971 vocavit
1831 908 2036 970 Domi-

390 1003 640 1077 tianum,
671 1009 730 1062 et
761 999 940 1060 veluti
975 1018 1155 1060 manu
1189 1007 1464 1080 tangens,
1501 999 1640 1060 fecit
1673 1018 1806 1061 eum
1834 999 2036 1060 venire

391 1091 465 1152 ad
497 1090 950 1152 monasterium.
977 1089 1121 1150 Cum
1146 1099 1344 1150 autem
1378 1088 1702 1150 audivisset
1729 1106 1862 1149 esse
1887 1086 2035 1149 viris

393 1181 758 1262 prohibitum
811 1179 1169 1258 ingressum,
1227 1179 1427 1240 celans
1478 1179 1535 1238 id
1585 1177 1742 1258 quod
1777 1177 2032 1258 volebat,

393 1269 692 1333 simulavit
717 1267 992 1348 pietatem
1013 1288 1026 1330 :
1047 1276 1107 1328 et
1127 1275 1295 1345 rogat
1318 1285 1426 1347 per
1443 1267 1729 1343 quasdam
1756 1266 2031 1341 feminas,

393 1370 454 1421 ut
469 1357 754 1420 orationis
767 1355 951 1436 gratia
966 1365 1023 1417 et
1043 1355 1414 1417 adoratiouis
1433 1356 1660 1417 videret
1681 1355 2032 1418 Matronam.

388 1449 494 1511 Illa
510 1456 711 1510 autem
727 1466 859 1508 cum
888 1445 1253 1524 diligentiori
1279 1445 1743 1522 interrogatione
1757 1453 1812 1504 et
1825 1445 2031 1523 signis,

393 1556 524 1621 quae
549 1545 719 1599 erant
744 1537 800 1596 in
819 1535 1011 1611 vultu,
1042 1553 1111 1597 ex
1141 1535 1218 1595 iis
1251 1553 1382 1614 quae
1411 1533 1708 1604 audiebat,
1747 1535 1875 1614 ejus
1901 1552 2035 1596 esse

395 1630 668 1689 maritum
703 1625 947 1705 pulchre
997 1625 1352 1704 agnovisset,
1413 1623 1552 1704 quid
1616 1623 2035 1685 machinatur?

388 1716 545 1778 Petit
573 1717 826 1796 spatium
860 1721 1087 1794 septem
1123 1713 1380 1788 dierum,
1415 1722 1475 1774 et
1506 1721 1634 1792 post
1664 1713 1798 1772 illos
1828 1730 1892 1773 se
1925 1727 2033 1792 per

2121 550 2210 606 καὶ
2270 548 2518 626 λαμπρὰν
2546 550 2634 604 καὶ
2667 549 2808 625 παρὰ
2867 554 3028 605 πᾶσιν
3091 547 3235 603 εἶναι
3295 544 3579 613 διαϐόητον
3631 568 3774 624 παρ-

2122 639 2426 710 εσκεύασεν,
2500 637 2640 694 ὥστε
2684 637 2861 716 λέγειν
2932 637 3174 700 ἅπαντας
3234 635 3398 704 αὐτὴν
3455 637 3600 692 εἶναι
3673 637 3772 703 τὴν

2121 725 2305 784 λαθεῖν
2334 728 2419 783 ἐπὶ
2463 727 2658 806 χρόνον
2716 728 2966 783 τοσοῦτον
3024 723 3345 793 ἑπιτηδεύσα
3363 747 3453 782 ταν
3504 726 3590 782 καὶ
3651 724 3774 800 μετ’

2120 815 2322 889 ἀνδρῶν
2363 818 2430 872 τὰ
2458 823 2566 872 τῶν
2609 817 2868 895 μοναχῶν
2897 814 3239 874 διανύσασαν.

2201 905 2325 980 ιζ’.
2359 896 2422 962 ’Β
2455 904 2676 982 λαμπρὰ
2713 906 2846 971 αὕτη
2879 906 3041 982 φήμη
3103 906 3190 960 καὶ
3254 904 3578 980 Δομετιανὸν
3629 904 3773 968 αὖθις

2119 993 2322 1074 ἐκάλει,
2355 995 2443 1050 καὶ
2475 998 2634 1050 οἱονεὶ
2678 996 2865 1073 χειρὸς
2896 993 3149 1068 ἁψαμένη
3198 994 3330 1072 πρὸς
3375 997 3436 1050 τὸ
3491 994 3772 1068 μοναστή-

2119 1107 2230 1164 ριον
2306 1086 2474 1140 εποίει
2547 1081 2900 1146 καταλαϐεῖν,
2991 1083 3139 1140 Ἐπεὶ
3208 1083 3263 1139 δὲ
3315 1093 3468 1142 τοῦτο
3526 1081 3774 1158 ἀνδράσιν

2117 1175 2343 1242 ἠκούετο
2399 1173 2782 1248 κεκωλυμένην
2842 1173 2992 1253 ἔχειν
3046 1174 3148 1240 τὴν
3223 1171 3479 1245 εἴσοδον,
3564 1173 3771 1250 κρύψας

2118 1262 2248 1342 ὅπερ
2282 1260 2558 1335 ἠϐούλετο,
2593 1259 2872 1320 εὐλάϐειαν
2923 1263 3260 1338 ὑπεκρίνετο,
3309 1261 3406 1319 καῖ
3464 1260 3549 1317 διά
3608 1281 3767 1318 τινων

2117 1357 2383 1431 γυναικῶν
2435 1352 2580 1418 ἀξιοῖ
2631 1351 2800 1431 εὒχῆς
2852 1352 3015 1431 χάριν
3060 1355 3148 1409 καὶ
3201 1353 3609 1430 προσκυνήσεως
3665 1351 3765 1420 τὴν

2120 1441 2412 1520 Ματρώναν
2471 1441 2629 1501 ἰδεῖν.
2659 1445 2725 1496 Ἢ
2757 1441 2812 1496 δὲ
2845 1441 2912 1497 δι’
2963 1439 3350 1520 ἀκριϐεστέρων
3400 1446 3504 1496 τῶν
3549 1442 3763 1519 ἱρωτή-

2119 1553 2254 1588 σεων
2312 1535 2400 1588 καὶ
2457 1539 2564 1587 τῶν
2626 1531 2678 1587 ἐν
2736 1535 2814 1603 τῷ
2866 1532 3140 1606 προσώπῳ
3201 1529 3480 1606 συμϐόλων
3537 1530 3626 1609 ἀφ’
3687 1531 3764 1586 ὧν

2115 1620 2274 1688 ἤκουε
2325 1622 2415 1677 τὸν
2476 1619 2632 1700 ἄνδρα
2677 1621 2875 1686 ταύτης
2919 1620 3064 1676 εἶναι
3110 1618 3288 1682 καλῶς
3347 1619 3671 1698 ἀναγνουσα,
3719 1621 3769 1674 τί

2116 1716 2431 1790 μηχανᾶται
2466 1729 2482 1790 ς
2517 1703 2684 1767 Ἐπτὰ
2715 1713 2930 1786 ἡμερῶν
2991 1712 3220 1764 αἱτεϊται
3270 1710 3480 1787 καιρὸν,
3519 1710 3609 1763 καὶ
3649 1714 3770 1782 μετ’

387 1807 572 1867 otium
609 1808 668 1864 in
703 1811 1092 1883 conspectum
1151 1803 1284 1881 ejus
1335 1820 1466 1864 esse
1517 1809 1848 1862 venturam.
1906 1800 2024 1863 Hoc

2114 1800 2316 1861 ἐκείνας
2373 1801 2474 1855 ὑπὸ
2523 1800 2622 1867 τὴν
2679 1797 2844 1864 αὐτὴν
2887 1797 3010 1873 ἄψιν
3063 1797 3315 1876 ἐντυχεῖν
3383 1796 3574 1870 ἐκείνῳ
3632 1797 3774 1853 κατὰ

387 1914 521 1958 cum
553 1893 923 1956 Domitianus
954 1891 1243 1954 audiisset
1272 1911 1307 1953 a
1340 1889 1710 1967 mulieribus,
1744 1890 1871 1972 ipse
1903 1890 2028 1970 qui-

385 1983 523 2046 dem
553 2003 585 2044 a
609 2003 714 2064 spe
745 1983 1040 2064 pendens,
1073 1981 1350 2060 sedebat,
1404 1981 1462 2042 in
1523 1980 1726 2042 animo
1781 1998 2028 2042 versans

384 2074 540 2136 diem
575 2072 962 2153 praefinitum,
1019 2079 1080 2132 et
1133 2077 1487 2152 exspectans
1536 2070 1756 2144 videre,
1806 2078 1864 2132 et
1906 2072 2025 2149 jam

383 2181 513 2225 eam
544 2163 767 2225 habere
816 2162 874 2222 in
932 2161 1208 2223 manibus
1261 2159 1492 2222 visione
1538 2159 2022 2241 apprehendens.

381 2255 648 2315 Matrona
675 2259 871 2314 autem
917 2268 1124 2312 rursus
1153 2249 1402 2312 studens
1440 2250 1652 2325 latere,
1689 2250 2023 2330 proficisci-

380 2352 476 2404 tur
506 2341 935 2421 Hierosolyma,
984 2340 1134 2401 nihil
1183 2338 1342 2401 aliud
1399 2338 1624 2414 induta,
1662 2357 1838 2419 quam
1874 2357 2022 2419 pan-

379 2451 520 2494 num
554 2449 626 2494 ex
657 2430 795 2512 pilis
827 2438 1193 2506 contextum,
1229 2438 1288 2492 et
1315 2428 1618 2491 modicum
1659 2428 1830 2509 panis
1863 2429 2022 2506 frag-

380 2529 649 2584 mentum
680 2537 881 2582 secum
913 2519 1138 2583 ferens.

463 2609 644 2673 XVll.
677 2609 823 2672 Cum
857 2617 1089 2689 septem
1120 2616 1321 2670 autem
1351 2607 1481 2670 dies
1513 2607 2020 2683 intercessissent,

381 2710 448 2764 ut
467 2699 854 2763 constitutum
878 2697 1118 2779 quidem
1145 2697 1357 2770 fuerat,
1390 2705 1680 2760 venerunt
1711 2697 2021 2773 mulieres;

380 2790 734 2852 audiverunt
765 2795 963 2850 autem
997 2805 1031 2848 a
1063 2788 1389 2864 monachis,
1445 2806 1576 2868 quae
1607 2788 1754 2868 ipsa;
1785 2805 2024 2869 quoque

381 2878 723 2957 erantgravi
741 2895 1044 2959 oppressae
1069 2876 1445 2958 aegritudine,
1474 2876 1634 2959 quod
1664 2893 1737 2939 ex
1759 2895 1876 2958 quo
1889 2895 2020 2941 eam

380 2976 804 3044 convenerant,
839 2967 911 3030 ab
943 2967 1031 3029 eis
1057 2985 1174 3028 non
1201 2975 1359 3029 esset
1405 2967 1660 3048 amplius
1702 2968 1827 3029 visa
1859 2989 1874 3032 :
1910 2985 2022 3029 ne-

379 3079 495 3143 que
522 3079 588 3122 se
619 3060 801 3135 scire,
839 3057 1081 3120 ubinam
1115 3064 1296 3122 esset.
1336 3057 1459 3120 Illae
1483 3075 1617 3118 vero
1651 3055 1768 3119 cito
1800 3056 2026 3119 abeun-

378 3159 492 3226 tes,
511 3156 822 3231 postquam
839 3147 964 3210 haac
981 3146 1354 3223 didicissent,
1373 3144 2019 3212 dixeruntDomitiano.

375 3239 433 3304 ls
461 3247 659 3302 autem
719 3234 1151 3300 vehementiori
1201 3234 1402 3298 cordis
1451 3234 1662 3296 dolore
1693 3233 2019 3309 sauciatus,

376 3346 496 3392 non
536 3335 731 3390 cessat
779 3325 1018 3388 curiose
1066 3323 1452 3404 perscrutari,
1511 3322 1706 3388 donec
1760 3321 2024 3384 venisset

375 3417 820 3499 Hierosolyma.
865 3415 938 3477 Et
995 3432 1130 3476 cum
1178 3430 1386 3475 rursus
1416 3413 1476 3474 in
1529 3412 1674 3474 alias
1716 3411 2024 3475 incidisset

378 3509 688 3588 mulieres,
723 3508 813 3568 eis
845 3501 1196 3566 describens
1228 3503 1482 3566 formam
1512 3501 1661 3582 ejus,
1696 3519 1828 3582 quae
1859 3521 2023 3583 quae-

373 3598 638 3672 rebatur,
674 3593 948 3658 movebat
1001 3611 1242 3655 omnem
1293 3591 1581 3671 lapidem,
1624 3590 1830 3653 volens
1860 3591 2018 3656 scire

372 3688 618 3751 ubinam
645 3704 717 3749 ea
733 3691 1090 3746 versaretur.
1109 3683 1234 3745 Illae
1250 3691 1450 3745 autem
1474 3680 1756 3744 dicebant
1773 3681 2016 3762 quidem

370 3796 436 3840 se
461 3777 684 3840 vidisse
717 3774 816 3838 tali
848 3774 1001 3836 facie
1054 3773 1366 3836 mulierem
1418 3793 1431 3832 :
1487 3789 1608 3834 non
1653 3789 1832 3854 posse
1876 3789 2015 3834 vero

365 3875 572 3950 aperte
601 3867 780 3947 scire,
814 3865 1058 3927 ubinam
1083 3870 1260 3926 esset.
1286 3860 1400 3926 Ubi
1426 3862 1586 3924 enim
1621 3879 1757 3923 sero
1783 3861 2018 3924 venerit

368 3959 442 4021 ad
473 3957 894 4035 diversorlum,
944 3953 1009 4015 in
1055 3953 1252 4033 aliquo
1296 3953 1538 4033 quidem
1585 3951 1807 4032 templo
1839 3970 1910 4013 ex
1941 3952 2016 4014 iis

371 4066 503 4130 quae
531 4047 655 4108 illic
690 4056 848 4119 sunt,
885 4044 1253 4117 diversatur;
1299 4043 1536 4106 festinat
1569 4050 1766 4105 autem
1811 4061 2016 4105 rursus

369 4137 486 4200 alio
520 4137 796 4199 transire.
832 4133 952 4196 Nos
983 4142 1208 4215 tamen,
1240 4132 1544 4214 inquiunt,
1581 4133 1689 4195 tibi
1718 4132 2017 4195 inservie-

371 4244 504 4288 mus
548 4225 622 4288 ad
673 4243 802 4288 eam
857 4222 1308 4286 inveniendam.
1343 4222 1694 4302 Singulatim
1726 4221 1890 4284 enim
1920 4221 2017 4283 di-

367 4319 528 4393 visaa,
556 4315 843 4378 festinans
873 4332 1005 4395 quae
1037 4331 1165 4374 eam
1200 4312 1454 4393 primam
1491 4312 1728 4384 viderit,
1761 4311 2017 4374 celerri-

369 4426 468 4470 me
499 4406 798 4469 accedeus
831 4403 933 4465 tibi
965 4401 1348 4483 significabit.
1395 4403 1592 4481 Atque
1623 4401 1741 4462 illa;
1769 4399 2015 4478 quidem

367 4496 688 4571 faciebant,
721 4495 874 4556 sicut
909 4491 1202 4554 dixerant.

2112 1888 2349 1969 σχολήν.
2385 1895 2550 1946 Τοῦτο
2581 1889 2715 1964 πρὸς
2764 1893 2870 1942 τῶν
2915 1893 3172 1965 γυναικῶν
3229 1889 3553 1962 Δομετιανὸς
3602 1887 3766 1942 ἀκού-ι

2111 1999 2227 2052 σας,
2263 1979 2420 2042 αὗτὸς
2471 1978 2568 2054 μὲν
2611 1983 2718 2034 τῶν
2771 1974 2996 2033 ἐλπίδων
3051 1976 3362 2053 ἁναρτηθείς
3400 1979 3636 2043 καθῆστο
3664 1975 3768 2042 τὴν

2111 2068 2441 2146 ὡρισμένην,
2499 2069 2586 2124 επὶ
2631 2067 2751 2125 νοῦν
2811 2066 3049 2147 στρέφων
3080 2065 3214 2123 ἰδεῖν
3250 2088 3310 2123 τε
3342 2066 3620 2142 ἀναμένων
3679 2067 3766 2122 καὶ

2111 2156 2214 2224 ἤδη
2244 2157 2298 2214 ὲν
2341 2159 2529 2237 χερσὶν
2562 2157 2711 2237 ἔχειν
2743 2156 2908 2225 αὐτὴν
2937 2156 3355 2236 φανταζόμενος.
3393 2149 3456 2214 Ἠ
3501 2157 3764 2234 Ματρώνα

2109 2246 2164 2302 δὲ
2212 2245 2507 2324 σπεύδουσα
2563 2249 2651 2304 καὶ
2695 2247 2839 2311 αὖθις
2883 2244 3067 2304 λαθεῖν
3128 2248 3244 2305 εὐθὺ
3293 2252 3400 2304 τῶν
3457 2245 3761 2324 Ἰεροσολύ-

2107 2359 2222 2412 μων
2254 2337 2475 2416 ἐχώρει,
2527 2334 2675 2394 οὐδὲν
2706 2335 2884 2415 ἕτερον
2943 2335 2979 2404 ἢ
3010 2335 3169 2413 ῥάκος
3199 2333 3513 2410 ἱνδεδυμάνη
3555 2336 3617 2392 τὸ
3642 2335 3760 2414 τρί-

2108 2449 2286 2506 χινον,
2347 2429 2432 2484 καὶ
2478 2423 2636 2506 ἄρτου
2694 2447 2746 2482 τι
2805 2424 3096 2504 ἆλάχιστον
3154 2426 3276 2482 ὅσον
3333 2424 3523 2504 τρύφος
3555 2425 3762 2503 ἀπαγο-

2106 2516 2270 2592 μένη.

2192 2605 2293 2668 ΙΖ⁹.
2361 2605 2765 2684 Διαγενομένων
2800 2603 2854 2661 δὲ
2911 2610 3018 2660 τῶν
3049 2603 3187 2660 ἑπτὰ
3233 2603 3448 2681 ἡμερῶν
3477 2604 3614 2660 κατὰ
3663 2603 3763 2678 μὲν

2106 2697 2168 2753 τὸ
2225 2695 2649 2774 συντεταγμένον
2707 2698 2760 2752 αἱ
2817 2709 3071 2772 γυναῖκες
3132 2693 3288 2760 ἧκονο
3344 2693 3487 2772 παρὰ
3544 2690 3599 2748 δὲ
3655 2699 3764 2750 τῶν

2106 2791 2449 2864 μοναζουσῶν
2495 2783 2690 2852 ἤκουον
2720 2782 2900 2862 πολλῇ
2951 2785 3040 2840 καὶ
3084 2783 3257 2842 αὐτῶν
3306 2789 3376 2860 τῇ
3406 2781 3548 2859 λύπῃ
3595 2779 3764 2859 βεϐα-

2105 2876 2378 2956 ρημένων,
2415 2873 2495 2932 ὅτι
2552 2871 2644 2954 ἀφ’
2683 2874 2846 2954 οὗπερ
2876 2875 2949 2940 είς
3011 2872 3201 2952 λόγους
3231 2871 3391 2942 ἦλθον
3445 2873 3601 2949 αὐτῇ,
3635 2871 3763 2930 Οὐδὲ

2105 2968 2243 3041 ἡμῖν
2271 2967 2334 3022 τὸ
2389 2964 2580 3023 λοιπὸν
2609 2964 2760 3045 ὤςρθη
2811 2961 2925 3022 οὐδὲ
2955 2962 3089 3020 ὅπου
3146 2967 3249 3042 γῆς
3280 2965 3536 3043 τυγχάνει
3593 2962 3762 3042 γινώ-

2107 3076 2331 3132 σκσμεν,
2395 3055 2638 3112 Ἐκετναι
2670 3055 2811 3135 ταχὺ
2863 3053 3210 3126 ἀπελθοῦσαι,
3243 3055 3316 3117 ὡς
3351 3051 3544 3129 ἔμαθον
3571 3059 3762 3126 ταῦτα,

2104 3149 2185 3220 τῷ
2244 3150 2557 3220 Δομετιανῷ
2614 3143 2828 3222 ἔλεγον,
2864 3143 2954 3200 καὶ
3013 3145 3166 3207 οὗτος
3227 3142 3370 3208 λύπη
3429 3140 3766 3219 στεῤῥότερον

2105 3236 2205 3302 τὴν
2263 3232 2478 3312 καρδίαν
2509 3233 2738 3310 πληγεὶς
2799 3231 2892 3288 οὐκ
2923 3231 3055 3312 ἀνίει
3113 3231 3179 3286 τὰ
3235 3229 3356 3286 κατ’
3390 3229 3558 3298 αὐτὴν
3605 3251 3760 3308 περι-

2103 3310 2456 3402 εργαζόμενος
2531 3321 2634 3388 ἕως
2705 3320 2794 3377 καὶ
2861 3322 2935 3385 εἷς
3017 3310 3357 3398 Ἰεροσόλυμα
3419 3323 3756 3398 παρεγίνετο.

2107 3411 2212 3472 Καὶ
2269 3414 2415 3475 αὖθις
2446 3410 2648 3491 ἑτέραις
2704 3410 3010 3491 περιτυχὼν
3043 3407 3274 3489 γυναιξὶν
3303 3407 3450 3474 ὅπως
3481 3429 3539 3465 τε
3597 3409 3761 3488 εἶχεν

2101 3503 2138 3570 ⁵η
2211 3500 2518 3578 ζητουμένη
2583 3500 2720 3558 κατὰ
2781 3500 2879 3569 τὴν
2959 3499 3105 3557 ἰδέαν
3161 3500 3480 3579 ὑπογράφων
3539 3498 3753 3574 αὑταῖς,

2101 3593 2274 3654 πάντα
2332 3591 2474 3649 λίθον
2518 3591 2708 3672 ἐκίνει,
2741 3594 2934 3667 μαθεῖν
2992 3588 3187 3648 ἐθέλων
3241 3590 3338 3653 τὰς
3369 3588 3576 3655 ἐκείνης
3633 3588 3756 3646 δια·-

2097 3680 2308 3762 τριϐάς,
2372 3683 2435 3739 Αἱ
2491 3678 2547 3737 δὲ
2579 3678 2712 3738 ἰδεῖν
2743 3681 2841 3758 μὲν
2875 3680 3129 3747 τοιαύτην
3176 3679 3301 3756 ὄψιν
3333 3679 3582 3758 γυναικὸς
3635 3677 3758 3736 ἕλε-

2097 3793 2218 3852 γον,
2259 3771 2357 3830 οὒκ
2390 3771 2540 3852 ἔχειν
2600 3769 2656 3827 δὲ
2685 3768 2877 3828 εἰδέναι
2929 3776 3116 3851 σαφῶς
3147 3767 3281 3827 ὅπου
3334 3771 3423 3826 καὶ
3464 3769 3582 3836 εἴη’
3637 3768 3760 3826 ἔνθα

2096 3863 2198 3943 γὰρ
2252 3861 2315 3918 ἂν
2347 3862 2422 3926 είς
2453 3861 2778 3940 καταγωγὴν
2806 3861 3016 3941 ὀφθείη,
3051 3858 3108 3916 ’ἐν
3161 3881 3263 3916 τινι
3296 3857 3396 3934 μὲν
3424 3865 3530 3916 τῶν
3579 3857 3760 3916 ὶκεϊσε

2098 3956 2240 4010 ναῶν
2295 3950 2570 4026 καταλύει,
2603 3949 2820 4008 σπεύδαι
2873 3949 2929 4006 δὲ
2985 3947 3146 4009 πάλιν
3196 3947 3442 4028 ἄλλαχεῦ
3495 3945 3760 4024 μεταϐαί-

2100 4065 2229 4104 νειν.
2293 4041 2483 4118 ’Ὅμως
2521 4041 2684 4118 ἡμεῖς
2715 4062 2820 4114 σοι,
2858 4041 3008 4121 φασὶ,
3040 4039 3173 4118 πρὸς
3202 4039 3301 4108 τὴν
3356 4037 3524 4108 αὐτῆς
3558 4036 3762 4118 εὕρεσιν

2098 4132 2526 4211 δπουργήσομεψ
2616 4130 2805 4194 ἑαυτὰς
2860 4131 2962 4208 γὰρ
3037 4128 3175 4186 κατὰ
3255 4128 3381 4204 μίαν
3451 4126 3757 4206 διελόμεναι

2102 4223 2404 4297 σπεύσομεν
2461 4219 2580 4288 ἥτις
2639 4218 2702 4275 ἂν
2757 4218 2925 4287 αὐτὴν
2983 4216 3170 4298 πρώτη
3221 4219 3310 4276 καὶ
3359 4215 3492 4299 ἴδοι,
3523 4218 3758 4299 τάχιστά

2101 4333 2184 4368 σοι
2249 4307 2611 4389 προσελθοῦσα
2695 4316 3092 4384 καταμηνῦσαι.
3183 4307 3421 4366 Ἐκεῐναι
3483 4307 3582 4384 μὲν
3665 4307 3760 4365 οὖν

2101 4399 2280 4477 ὥσπερ
2313 4399 2474 4456 ε’ίπον
2504 4398 2740 4459 ἐποίουν,

451 4565 946 4650 ΧνΙΙΙίΜειιτοιια
965 4589 1162 4644 autem
1187 4598 1322 4642 cum
1342 4579 1422 4642 ita
1436 4577 2017 4654 accidisset,obviam

2184 4575 2299 4641 ια’.
2362 4567 2427 4634 Ἠ
2485 4575 2748 4656 Ματρώνα
2802 4576 2880 4658 δὲ,
2936 4577 3074 4637 οὕτω
3135 4575 3366 4655 συμϐάν,
3426 4577 3628 4635 ὶπιόντι
3676 4584 3756 4654 τῷ

370 4678 522 4738 facta
551 4671 864 4736 accedenti
894 4671 1254 4747 Domitiano,
1286 4688 1424 4731 cum
1479 4687 1616 4731 eum
1649 4667 2014 4748 agnovisset,

373 4765 504 4828 ﬁxis
535 4764 700 4825 humi
731 4762 940 4836 oculis,
976 4768 1033 4823 et
1083 4778 1322 4821 manum
1372 4767 1545 4822 terra:
1575 4757 1921 4838 admovens,
1957 4767 2022 4821 ut

371 4855 610 4918 tolleret
639 4852 920 4935 lapidem,
956 4869 1092 4914 eum
1126 4869 1198 4914 ex
1245 4849 1506 4913 adverso
1559 4858 2018 4931 praetereuntem

372 4945 545 5007 latuit
566 4945 891 5025 sapienter.
915 4944 1099 5005 Porro
1128 4951 1326 5005 autem
1350 4959 1484 5003 cum
1505 4939 1624 5002 illis
1637 4940 2020 5014 occurrisset,

368 5036 687 5116 inteligens
717 5051 972 5115 quanam
1005 5032 1079 5094 de
1111 5050 1289 5094 causa
1325 5040 1507 5094 totam
1552 5028 1712 5092 illam
1741 5038 1858 5091 tam
1880 5030 2025 5093 dili-

371 5133 580 5206 genter
614 5123 854 5187 obirent
891 5122 1201 5203 regionem
1244 5121 1696 5200 investigantes,
1746 5132 1808 5182 et
1858 5138 1923 5182 se
1954 5139 2025 5182 ex

371 5217 563 5279 forma
619 5215 708 5279 eis
768 5220 1026 5276 evasisse
1086 5212 1487 5293 manifestam,
1519 5218 1577 5272 et
1627 5211 1757 5272 fore
1795 5220 1859 5272 ut
1890 5230 2024 5274 mox

372 5304 1015 5388 comprehenderetur,
1075 5321 1174 5366 eas
1213 5319 1454 5384 quoque
1505 5299 1724 5362 amovit
1772 5301 2024 5383 sapienti

375 5395 830 5476 excogitatione,
867 5403 1077 5474 petens
1109 5393 1228 5456 sibi
1261 5403 1381 5455 tres
1411 5391 1572 5454 solos
1597 5391 1728 5453 dies
1743 5393 2020 5470 concedi,

375 5488 540 5551 eunti
573 5487 633 5549 in
665 5494 926 5548 montem
957 5483 1186 5560 Sinam,
1222 5491 1280 5545 et
1311 5490 1444 5564 post
1487 5499 1590 5549 eos
1615 5499 1681 5544 se
1715 5491 2018 5547 venturam

373 5577 844 5659 quamprimum,
871 5585 930 5639 et
954 5576 1228 5637 maritum
1260 5582 1711 5637 conventuram.
1739 5576 2023 5638 Domitia-

373 5685 487 5733 nus
517 5687 656 5732 vero
697 5685 832 5732 cum
866 5667 979 5731 hec
1005 5665 1374 5748 rescivisset,
1427 5663 1778 5730 existimans
1806 5682 2022 5731 rursus

2104 4673 2415 4744 Δομετιανῷ
2465 4667 2835 4738 συναντήσασα
2892 4667 2988 4724 καῖ
3044 4669 3376 4749 γνωρίσασα,
3418 4668 3480 4724 τὸ
3537 4665 3758 4744 βλέμμα

2101 4778 2160 4815 τε
2215 4755 2300 4814 ἐπ’
2335 4754 2558 4837 ἐδάφους
2613 4755 2856 4834 ἐρείσασα
2889 4759 2976 4816 καὶ
3004 4759 3102 4828 τὴν
3155 4770 3322 4839 χεῖρα
3355 4755 3511 4836 δῇθεν
3561 4757 3648 4815 ἐπὶ
3678 4763 3760 4832 τῷ

2103 4847 2245 4905 λίθὸν
2287 4847 2409 4924 ἆραι
2467 4856 2900 4928 προσενεγκοῦσα
2952 4855 3032 4926 τῇ-
3077 4849 3150 4928 γῆ
3193 4848 3570 4928 ἀντιπαριόντα
3629 4854 3763 4907 τοῦ-

2104 4960 2196 4996 τον
2252 4936 2503 4996 ὶλάνθανι
2568 4944 2824 5004 συνετῶς,
2915 4937 3192 5002 Κᾶκείναις
3251 4935 3307 4993 δὲ
3389 4938 3765 5008 συναντήσασα

2108 5027 2190 5107 ἱφ⁹
2249 5030 2294 5102 ᾧ
2337 5025 2518 5100 κύκλῳ
2573 5031 2750 5085 πᾶσαν
2807 5027 3248 5108 ἐκπεριέρχονται
3305 5027 3404 5094 τὴν
3457 5027 3766 5109 περίχωρον

2107 5115 2316 5184 εκείνην
2375 5115 2644 5193 ἐπιμελῶς
2672 5116 3050 5197 ἀνιχνεύουσα,
3085 5118 3174 5174 καὶ
3237 5115 3319 5174 ὅτι
3352 5115 3492 5188 δήλη
3547 5119 3768 5198 γέγονεν

2107 5205 2208 5264 ἆπί
2265 5213 2372 5263 τῶν
2427 5205 2526 5273 vti:
2582 5210 2794 5287 μορφῆς
2851 5208 3213 5287 χαρακτήρων
3275 5208 3364 5264 καὶ
3437 5207 3561 5264 ὅσον
3619 5206 3770 5265 οὔπω

2107 5295 2381 5373 ἁλώσιμός
2438 5295 2576 5376 ἑστι,
2609 5301 2749 5374 σοφῇ
2801 5295 3007 5370 ἐπινοίᾳ
3057 5298 3146 5354 καὶ
3207 5297 3401 5361 ταύτας
3459 5296 3768 5354 ἀπεσκευά-

2107 5408 2260 5462 σατο,
2295 5383 2567 5452 ἐνδοθῆναι
2625 5385 2758 5462 αὐτῇ
2789 5385 3056 5456 ἀπιούσης
3107 5407 3251 5468 παρα
3283 5388 3345 5444 τὸ
3375 5387 3590 5444 Σίναιον
3617 5400 3769 5468 τρεῖς

2101 5478 2195 5543 τὰς
2253 5474 2380 5539 ὅλας
2409 5474 2613 5554 ἡμέρας
2666 5476 3025 5553 αἰτησαμενη,
3057 5478 3145 5535 καὶ
3216 5476 3334 5554 μετ’
3395 5478 3556 5542 αὑτᾶς
3622 5475 3768 5544 ἥξειν

2101 5589 2160 5625 τε
2212 5567 2472 5646 τάχιστα,
2531 5569 2620 5623 καὶ
2690 5564 2833 5648 ἀνδρὶ
2888 5569 3059 5642 τούτῳ
3117 5571 3190 5634 εἱς
3250 5567 3375 5644 ὄψιν
3435 5566 3638 5628 ἐλθεῖν.
3701 5567 3763 5626 Ὀ

2106 5656 2430 5735 Δομετιανὸς
2461 5652 2517 5713 δὲ
2574 5657 2732 5717 τοῦτο
2763 5660 2945 5736 μαθὼν
2976 5658 3171 5736 σκῆψίν
3200 5679 3258 5716 τε
3315 5657 3461 5719 εἶναι
3488 5659 3578 5717 καὶ
3608 5657 3759 5723 αἶθις
