4086 6428
421 319 538 385 939

1585 313 1974 379 ADDENDA.
2037 345 2116 357 -—
2173 311 2614 378 NOVEMBEB.

3666 312 3787 377 940

419 461 560 520 sunt
610 449 969 514 necessaria.
1023 445 1129 511 Illa
1175 453 1372 510 autem
1407 465 1540 508 cum
1573 445 2061 528 deprehendisset

2149 451 2221 514 εἰς
2282 454 2480 530 χρῆσιν
2539 445 2854 514 ἓπιτηδείων
2926 445 3168 522 οὐδαμῶς
3230 446 3541 524 ἀπορήσεις,
3605 446 3670 503 Ἦ
3731 445 3786 503 δὲ

420 549 534 610 hoc
564 560 698 607 esse
752 539 1106 602 insidiosum
1167 536 1482 598 consilium
1537 537 1881 615 adversarii,
1933 539 2059 600 hazc

419 635 601 698 verba
628 629 922 711 reputavit
955 635 1231 707 tanquam
1261 643 1468 705 nugas,
1524 633 1582 687 et
1638 627 1938 705 superavit
1969 628 2058 690 la-

421 717 788 807 queum.Sed
810 733 1018 779 rursus
1044 716 1366 807 malignum
1391 714 1535 807 illud
1556 715 1913 807 daemonium
1938 735 2059 778 non

421 803 615 878 cessat
638 808 801 871 omni
823 815 950 868 arte
977 823 1106 866 eam
1125 805 1428 866 invadere.
1454 803 1657 885 Itaque
1688 823 1822 866 cum
1855 805 2054 867 circu-

421 904 640 968 latricis
687 895 902 960 vetulze
923 894 1171 956 formam
1221 895 1605 974 suscepisset,
1639 903 1696 956 et
1726 895 1922 974 ignem
1955 897 2058 976 qui

420 992 729 1056 videbatur
751 985 941 1047 emitti
979 1003 1052 1046 ex
1082 983 1293 1055 oculis,
1337 982 1546 1046 insane
1576 983 1752 1046 simul
1781 992 1838 1044 et
1869 985 2058 1046 auda-

423 1093 547 1146 cter
567 1098 631 1142 se
651 1071 970 1156 abjiciebat
991 1071 1064 1134 ad
1089 1073 1220 1152 ejus
1242 1073 1448 1153 pedes,
1475 1081 1708 1136 terrens
1731 1081 1788 1134 et
1813 1073 2060 1154 loquens

421 1167 682 1236 absurda
703 1172 762 1226 et
784 1163 1155 1243 turpia.Cum
1177 1179 1319 1241 ergo
1343 1161 1516 1223 beata
1538 1163 1664 1242 ejus
1693 1161 1916 1224 nullam
1944 1161 2056 1224 du-

422 1267 583 1324 ceret
613 1254 935 1331 rationem,
993 1270 1187 1332 neque
1245 1270 1308 1312 se
1338 1251 1410 1312 ad
1443 1268 1572 1312 eam
1607 1259 1888 1324 verteret,
1923 1260 2058 1313 tan-

423 1367 602 1433 quam
632 1343 883 1407 saeviens
915 1349 974 1402 et
1003 1341 1302 1433 insultans
1335 1360 1349 1400 :
1382 1339 1527 1415 Etsi,
1563 1340 1781 1418 inquit,
1815 1358 2061 1433 genero-

423 1430 549 1505 sam
579 1435 859 1500 feminam
902 1449 1020 1494 non
1054 1430 1215 1512 potui
1247 1431 1509 1504 vincere,
1541 1448 1676 1492 cum
1711 1439 1868 1492 esset
1893 1431 2063 1510 juve-

419 1526 651 1610 nis,sed
677 1526 737 1585 in
751 1527 1057 1584 senectute
1078 1520 1329 1610 inferam
1344 1519 1611 1610 tibi,quaa
1632 1529 1770 1584 sunt
1791 1520 2060 1584 omnium

2142 540 2434 619 φωράσασα
2482 539 2575 594 τοῦ
2625 536 2858 593 ἐναντίου
2914 537 3114 604 ταύτην
3165 535 3307 592 εἶναι
3351 536 3450 602 τὴν
3509 534 3785 593 ἐπίϐουλον

2144 626 2450 702 συμϐουλήν
2508 627 2636 684 ὡσεί
2693 624 2856 704 λῆρον
2904 626 3051 682 ταυτί
3108 626 3174 682 τὰ
3229 625 3443 702 ῥήματα
3483 624 3788 705 ἒλογίσατο,

2142 717 2231 772 καί
2287 714 2526 794 ἀνωτέρα
2569 715 2666 783 τῆς
2723 714 2940 792 παγίδος
3001 711 3172 780 διέϐη.
3209 711 3375 770 Ἀλλὰ
3404 714 3565 774 πάλιν
3595 717 3655 771 τὸ
3681 736 3788 771 πο-

2142 807 2303 884 νηρὸν
2360 805 2535 862 ἐκεῖνο
2587 803 2855 880 δαιμόνιον
2915 807 3009 863 οὐκ
3056 804 3186 860 ἀνίει
3245 803 3328 860 διὰ
3378 805 3557 871 πάσης
3578 806 3790 885 ,τέχνης

2142 883 2502 974 προσϐάλλον,
2562 895 2648 950 καὶ
2690 900 2760 970 τῇ
2806 894 3072 973 Ματρώνῃ
3136 893 3523 966 ἐπιτιθέμενον.
3577 883 3790 970 Ἀμέλει

2141 987 2229 1041 καὶ
2288 987 2415 1064 γρὸς
2473 981 2750 1062 ἀγύρτιδος
2824 985 3034 1063 μορφὴν
3107 981 3328 1040 ὑπελθὸν
3390 985 3476 1040 καὶ
3522 983 3624 1062 πῦρ
3682 991 3790 1041 τῶν

2143 1073 2432 1154 ὀφθαλμῶν
2516 1071 2725 1152 ἀφιέναι
2805 1074 3127 1154 φαινόμενον
3193 1072 3444 1148 ἐμμανῶς
3514 1076 3648 1150 ὁμοῦ
3701 1077 3791 1132 καὶ

2141 1163 2374 1241 θρασέως
2418 1176 2536 1228 τοῖς
2581 1164 2735 1220 ποσὶν
2799 1167 2967 1230 αὒτῆς
3023 1161 3362 1242 ἐπεῤῥίπτετο
3422 1161 3790 1240 δεδιττόμενον

2141 1275 2199 1309 τε
2243 1253 2331 1310 καὶ
2374 1251 2736 1332 φθελγόμενον
2793 1251 2967 1308 ἄτοπα
3023 1254 3114 1308 καὶ
3167 1253 3366 1332 σαπρά,
3430 1245 3523 1317 Ὠς
3567 1252 3622 1310 δὲ
3667 1255 3788 1312 οὕτε

2144 1341 2269 1418 παρ’
2315 1344 2476 1408 αὖτῆς
2533 1341 2744 1408 ἠξιοῦτο
2792 1341 2898 1399 οὔθ’
2943 1341 3082 1406 ὅλως
3136 1341 3592 1424 ἐπιστρεφομένην
3648 1346 3788 1424 ἑώρα

2144 1433 2242 1500 τὴν
2297 1434 2585 1512 μακαρίαν,
2665 1431 3005 1512 χαλεπαϊνσρν
3077 1432 3173 1490 οἷὰ
3231 1433 3319 1489 καὶ
3371 1433 3782 1511 θρασυνόμενον,

2147 1523 2206 1580 Εἰ
2249 1523 2335 1578 καὶ
2393 1521 2514 1578 νέαν
2575 1519 2756 1598 οὖσαν,
2807 1520 2956 1597 ἐϐόα,
3017 1522 3076 1578 σὲ
3135 1522 3233 1589 τὴν
3281 1523 3523 1600 γενναίαν
3557 1526 3788 1594 ἡττῆσαι

423 1609 792 1682 difﬁcillima.
830 1613 894 1674 In
927 1609 1243 1690 praesentia
1261 1617 1458 1670 autem
1489 1609 1774 1671 adversus
1805 1617 1862 1670 te
1894 1609 2057 1672 exci-

2148 1613 2241 1668 οὒκ
2287 1609 2516 1690 ἴσχυσα,
2565 1609 2686 1666 ἀλλ’
2732 1611 2784 1666 ἐν
2817 1619 2892 1686 τῷ
2939 1613 3077 1690 γήρᾳ
3121 1612 3184 1668 τὰ
3227 1613 3441 1668 πάντών
3485 1613 3664 1680 ἐπάξω
3705 1637 3790 1672 σοι

426 1707 562 1771 tabo
593 1705 829 1782 eos,qui
859 1707 996 1760 sunt
1020 1698 1241 1778 Beryti,
1277 1705 1342 1759 ut
1363 1715 1496 1778 quae
1524 1696 1856 1778 vilipendas
1887 1700 2061 1761 delu-

2147 1699 2538 1781 χαλεπωτατα.
2585 1703 2654 1758 Τὸ
2724 1700 2778 1756 δὲ
2836 1709 2925 1758 νῦν
2989 1700 3122 1782 ἔχων
3177 1703 3314 1759 κατὰ
3373 1709 3470 1758 σοῦ
3522 1701 3796 1775 διαστήσω

427 1802 600 1861 brum
633 1809 839 1881 eorum
872 1787 1576 1881 idolorum,et_quantum
1608 1785 1671 1846 in
1697 1794 1764 1881 te
1783 1795 1898 1863 est,
1923 1788 2061 1881 em-A

2149 1791 2270 1852 τοὺς
2301 1789 2356 1844 ἐν
2391 1795 2612 1865 Βηρυτῷ
2655 1791 2727 1853 ὡς
2774 1790 3053 1866 ἆτιμώσης
3086 1812 3142 1847 τε
3203 1793 3263 1847 τὸ
3319 1789 3591 1849 εἰδωλεῖον
3621 1793 3797 1850 αὐτῶν

427 1889 538 1962 cis,
572 1896 636 1946 ut
664 1880 954 1944 habeatur
982 1878 1314 1959 despectui.
1348 1879 1468 1940 Has
1499 1876 1802 1958 improbas
1823 1879 2061 1958 maligni

2149 1881 2237 1936 καὶ
2279 1881 2341 1935 τὸ
2371 1900 2432 1956 γε
2476 1880 2612 1944 ἧκον
2657 1881 2728 1941 εἷς
2775 1880 2833 1935 σὲ
2881 1882 3292 1958 παρεωραμένον
3336 1883 3478 1955 αὖτῷ
3523 1880 3798 1940 δεικνυού-

424 1974 672 2042 insidias
703 1975 1069 2050 exceperunt
1098 1966 1493 2029 revelationes
1532 1975 1594 2029 et
1623 1966 1883 2030 visiones
1912 1969 2061 2030 divi-

2151 1991 2274 2034 σης.
2339 1969 2442 2029 Τάς
2503 1969 2750 2032 τοιαύτας
2809 1967 2864 2024 δὲ
2921 1971 3345 2051 κακομηχάνους
3393 1969 3675 2039 επιϐουλὰς
3705 1977 3803 2030 τοῦ

425 2068 651 2137 niores,
672 2057 972 2142 quomodo
1001 2057 1154 2118 solet
1182 2055 1344 2118 Deus
1373 2055 1667 2120 consolari
1698 2056 1760 2117 in
1789 2056 2061 2120 afﬂictio-

2151 2065 2387 2136 πονηροῦ
2418 2055 2724 2138 διεδέχοντο
2774 2058 3142 2140 ἀποιιαλύχεις
3199 2062 3284 2116 καὶ
3341 2062 3591 2124 ὀπτασίαι
3647 2065 3798 2120 θειό-

430 2156 629 2229 nibus,
664 2161 723 2212 et
756 2165 862 2228 per
891 2146 1243 2226 benigniora
1272 2145 1665 2228 solvere,quaa
1687 2155 1825 2208 sunt
1852 2146 2061 2210 tristia.

2148 2169 2320 2228 τεραι,
2379 2147 2543 2224 ὅσπερ
2572 2149 2766 2222 τρόπος
2825 2157 2958 2208 Θεοῦ
3015 2149 3349 2226 παρακαλεῖν
3401 2153 3457 2207 εν
3502 2165 3625 2215 ταῖς
3675 2153 3798 2210 θλί-

433 2272 460 2304 α
487 2240 826 2307 Secundum
861 2235 1297 2298 multitudinem
1321 2233 1506 2308 enim,
1537 2259 1561 2294 ι
1609 2235 1802 2317 inquit
1831 2235 2061 2301 divinus

2151 2242 2274 2313 ψεσι
2333 2239 2420 2293 καὶ
2463 2237 2528 2293 τὰ
2589 2239 2842 2316 σκυρωπὰ
2893 2237 3037 2295 λύειν
3083 2237 3165 2294 διὰ
3226 2245 3332 2296 τῶν
3388 2242 3792 2320 χρηστοτέρων.

428 2332 636 2409 David,
669 2328 974 2390 «dolorum
1018 2343 1287 2387 meorum
1322 2326 1380 2386 in
1409 2324 1593 2388 corde
1624 2311 2061 2402 meo,consola-

2158 2311 2181 2381 ιι
2237 2327 2380 2384 Κατὰ
2413 2328 2472 2382 τὸ
2502 2311 2705 2395 πλῆθος
2737 2329 2860 2407 γὰρ,
2907 2351 2929 2384 ε
2967 2331 3124 2402 φησὶν
3156 2331 3182 2385 ὁ
3213 2334 3357 2394 θεῖος
3392 2311 3584 2411 Χαυῖδ,
3628 2311 3796 2391 ε’τῶν

430 2427 626 2488 tiones
655 2429 774 2482 tuae
803 2415 1251 2478 lastiﬁcaverunt
1277 2414 1535 2477 animam
1569 2432 1762 2478 meam
1793 2416 1846 2480 4,
1887 2441 1911 2473 n
1949 2419 2061 2479 Res,

2153 2415 2348 2473 ὀδυνῶν
2403 2439 2504 2490 μου
2563 2416 2616 2472 ἐν
2677 2423 2745 2493 τῇ
2799 2415 2982 2498 καρδίᾳ
3038 2441 3140 2494 μου
3195 2420 3248 2474 αἱ
3307 2419 3670 2498 παρακλήσεις
3700 2445 3797 2481 σου

431 2522 627 2578 autem
660 2511 739 2572 ita
766 2524 831 2568 se
859 2503 1090 2566 habuit.

2153 2505 2550 2588 niicppavatv_ﬁjv
2576 2507 2763 2586 ψυχήν
2795 2527 2920 2581 μου.
2956 2526 2978 2557 ι
3023 2508 3164 2588 Εἶχε
3197 2506 3250 2564 δὲ
3280 2506 3469 2573 οὕτως.

509 2603 671 2665 XXI.
706 2596 851 2660 Cum
878 2595 1007 2676 ipsa
1037 2610 1306 2674 vespere,
1343 2602 1408 2656 ut
1429 2592 1682 2675 solebat,
1705 2613 1916 2675 preces
1941 2595 2061 2657 fun‘

2238 2593 2369 2656 ΚΜ.
2434 2584 2693 2670 Ἐσπέρας
2750 2597 2888 2653 κατὰ
2929 2597 2990 2654 τὸ
3041 2597 3258 2665 σύνηθες
3310 2598 3400 2661 τὰς
3435 2600 3598 2680 εδχᾶς
3631 2605 3798 2672 αὐτῆς

435 2695 628 2765 deret,
659 2697 782 2750 tres
811 2684 920 2745 viri
952 2690 1157 2764 aperte
1189 2682 1568 2755 accedentes,
1599 2684 1712 2745 visi
1741 2692 1880 2746 sunt
1909 2686 2061 2765 psal-

2154 2683 2478 2758 ποιουμένης
2523 2683 2832 2744 ἐπιστάντες
2867 2697 3013 2762 τρεῖς
3048 2684 3226 2764 ἄνδρες
3274 2685 3329 2742 ἐν
3386 2690 3596 2768 φανερῷ
3654 2714 3797 2767 συμ-

437 2787 562 2847 lere
597 2800 612 2841 :
647 2786 704 2840 et
733 2776 912 2838 horas
945 2773 1168 2854 aliquot
1198 2776 1438 2853 peracta
1469 2780 1558 2833 est
1587 2771 1661 2834 ab
1694 2773 1782 2834 eis
1810 2792 2061 2851 genuum

2155 2771 2381 2848 ψάλλειν
2423 2775 2556 2849 αὐτῇ
2585 2772 2844 2848 ἰῴκεσαν,
2879 2773 2976 2831 καῖ
3005 2773 3167 2854 ὥραις
3224 2775 3308 2832 ἐπὶ
3363 2791 3596 2858 συχναῖς
3629 2782 3800 2860 γυνά..

435 2873 610 2936 ﬂexio
665 2883 817 2948 pone
874 2862 1222 2926 Matronam.
1276 2860 1383 2924 Illa
1438 2870 1632 2924 autem
1689 2872 2061 2926 convertente

2156 2885 2263 2919 των
2321 2862 2507 2928 αὐτοῖς
2551 2862 2722 2926 κλίσις
2767 2864 3063 2940 Ματρώνης
3121 2865 3337 2923 ὄπισθεν
3367 2866 3628 2930 ἐτελεῖτο.
3689 2877 3800 2939 Τῆς

435 2962 673 3034 faciem,
709 2965 771 3020 ut
803 2953 1032 3016 videret
1060 2951 1300 3034 quinam
1335 2960 1557 3024 essent,
1597 2971 1732 3018 cum
1773 2953 1987 3016 leniter
2016 2964 2061 3016 et

2155 2950 2209 3009 δὲ
2268 2952 2366 3020 τήν
2409 2951 2532 3028 ὄψιν
2591 2955 3041 3032 μεταστρεψάσης
3092 2954 3228 3012 ὥστε
3258 2953 3404 3020 τίνες
3435 2957 3552 3015 εἶεν
3581 2963 3802 3036 μαθεῖν,

437 3049 668 3136 placide
725 3054 815 3136 ter
870 3041 1186 3118 dixissent,
1231 3039 1505 3136 Ora_pro
1556 3040 1752 3122 nobis,
1805 3051 2061 3136 protinus

2158 3042 2302 3136 αὐτοὶ
2349 3041 2531 3136 πράως
2587 3041 2728 3136 obrue
2770 3043 2860 3098 καί
2910 3041 3159 3136 γαληνῶς
3198 3046 3306 3123 τρίς
3349 3043 3451 3114 ἤδη
3485 3048 3567 3121 τὸ,
3637 3039 3799 3129 ’Υπὲρ

438 3127 735 3206 abierunt.
768 3133 912 3196 Cum
944 3149 1084 3211 ergo
1143 3147 1274 3192 eam
1330 3128 1522 3192 virtus
1575 3136 1755 3210 magis
1787 3149 1855 3193 ac
1887 3133 2061 3212 magis

524 3230 579 3242 ι.
697 3233 708 3242 .
817 3241 827 3242 ,
889 3221 1115 3242 ηημμ-
1153 3220 1301 3242 ρῳ,
1329 3221 1384 3242 ε*
1423 3237 1647 3242 -_-_-,-_
1867 3241 1899 3242 η
1981 3241 2031 3242 κν

2156 3131 2310 3206 ἡμῶν
2354 3127 2539 3210 εὔχου,
2601 3131 2861 3205 εἰπόντες,
2925 3129 3072 3196 εὐθὺς
3140 3131 3406 3209 ἀπῄεσαν.
3472 3134 3657 3205 Δήλην
3708 3127 3798 3195 οὖν

2166 3219 2320 3242 η’κῗγ
2371 3217 2606 3242 ὶκγηἸΙΪν
2686 3219 2743 3242 ῃ*
2843 3219 2920 3242 9η-
2964 3225 2990 3235 -ν
3243 3221 3255 3242 Ι
3427 3225 3441 3242 ι
3573 3225 3585 3242 Ι
3719 3225 3787 3242 ιι

433 3230 715 3294 redderet
748 3220 1308 3301 manifestam,fama
1329 3221 1389 3280 in
1415 3237 1653 3282 omnem
1679 3232 1907 3302 partem
1928 3241 2061 3302 per-

2157 3219 2323 3286 αὒτήν
2369 3217 2623 3276 ὲπιπλέον
2681 3219 2779 3287 τῆς
2834 3219 3027 3297 ἀρετῆς
3102 3221 3363 3290 ποιούσης
3419 3225 3453 3291 ἡ
3513 3225 3670 3303 φήμη
3713 3225 3801 3284 διὰ

428 3313 870 3394 vadebat,quod
894 3311 1219 3373 Matronam
1245 3308 1485 3371 malitia;
1501 3309 1748 3392 spiritus
1770 3311 2061 3390 fugerent,

2155 3309 2371 3366 πάντων
2421 3309 2618 3389 ἐχώρει
2651 3308 2732 3364 ὅτι
2777 3308 3070 3387 Ματρώναν
3097 3311 3185 3366 καὶ
3245 3311 3308 3367 τὰ
3363 3313 3570 3393 πονηρὰ
3628 3317 3798 3372 πνεύ-

438 3419 498 3474 et
521 3409 641 3470 sint
661 3404 956 3466 idolorum
981 3400 1232 3462 delubra
1246 3418 1425 3461 vacua
1447 3399 2061 3475 daamonibusﬂuam-

2155 3418 2299 3473 ματα
2343 3397 2546 3477 φεύγει,
2609 3397 2698 3452 καί
2749 3397 2878 3452 κενὰ
2921 3394 3188 3473 δαιμόνων
3236 3400 3303 3455 τὰ
3365 3399 3614 3460 εἷδωλετα
3663 3408 3796 3462 καθ-

429 3499 636 3562 obrem
675 3491 844 3554 multi
875 3488 948 3551 ad
1003 3507 1133 3550 eam
1190 3488 1528 3564 veniebant,
1588 3491 1678 3552 vel
1710 3509 1840 3553 eam
1873 3491 2061 3554 solum

2157 3488 2360 3544 ίσταται
2387 3501 2402 3518 ⁸
2459 3484 2576 3541 ὅθεν
2619 3485 2708 3542 καί
2748 3484 2940 3543 πολλοί
2993 3488 3122 3566 πρὸς
3158 3488 3321 3557 αὒτὴν
3366 3490 3590 3571 ἐφοίτων
3618 3494 3681 3551 τὸ
3713 3495 3802 3552 καί

434 3583 754 3650 convenire
785 3578 1025 3661 plurimi
1053 3577 1363 3640 facientes.
1395 3577 1545 3640 Hinc
1599 3580 1817 3642 factum
1851 3589 1962 3657 est,
2009 3589 2061 3643 ut

2155 3577 2319 3647 μόνον
2373 3573 2696 3643 κοινωνῆσαι
2738 3573 2914 3652 λόγων
2968 3575 3154 3641 αύτοῒς
3214 3577 3352 3658 μέγα
3395 3581 3654 3656 οἰόμενοι.
3703 3582 3796 3649 Ἐξ

435 3675 651 3738 mulier
667 3687 905 3753 quoque
923 3667 1468 3749 quaedam,nomine
1499 3666 2061 3751 Sophroue,tempe.

2153 3672 2215 3722 οὗ
2273 3665 2361 3721 καί
2414 3664 2547 3753 γυνή
2604 3687 2683 3753 τις
2760 3663 3066 3742 καλουμένη
3120 3669 3380 3753 Σωφρόθη
3453 3673 3795 3752 σωφρονικῶς

430 3772 633 3830 ranter
663 3749 723 3823 et
753 3749 1179 3822 convenienter
1231 3775 1336 3818 suo
1394 3749 1624 3818 nomini
1653 3749 1833 3820 vitam
1860 3749 2061 3838 agens,

2156 3754 2255 3830 μὲν
2301 3753 2390 3810 καί
2431 3752 2550 3810 κατ’
2593 3752 2764 3831 ὄνομα
2804 3761 2974 3835 ζῶσα,
3033 3761 3134 3824 τῆς
3196 3749 3520 3827 Ἑλληνικῆς
3546 3749 3634 3817 -δὲ
3663 3765 3796 3840 θρη-

433 3855 536 3919 sed
554 3872 687 3936 quae
701 3858 824 3913 erat
837 3846 1146 3928 gentilium
1163 3845 1360 3936 dedita
1381 3845 1547 3936 falsae
1559 3847 1832 3928 religioni
1845 3855 2061 3936 ,etcum

2156 3842 2335 3906 σκείας
2395 3841 2760 3924 ἀντεχομένη,
2825 3844 3031 3921 σύναμα
3089 3843 3144 3900 δὲ
3202 3845 3338 3923 αὗτῇ
3365 3849 3454 3905 καί
3483 3848 3641 3908 ἄλλαι
3698 3854 3798 3920 τῆς

434 3964 503 4008 ea
526 3931 656 4006 aliae
675 3953 1074 4023 quoque,quee
1097 3935 1368 3998 eamdem
1395 3934 1678 3998 tenebant
1698 3935 2061 4018 opinionem,

2154 3931 2282 4001 ἴσης
2337 3941 2681 3991 κοινωνοῦσαι
2734 3931 2913 4008 δόξης,
2977 3936 3188 4012 γονεῦσι
3229 3958 3286 3992 τε
3339 3937 3429 3994 καί
3479 3939 3650 4019 φίλοις
3710 3941 3803 3998 καί

435 4050 565 4093 cum
587 4033 1014 4092 renuntiassent
1033 4028 1369 4098 parentibus
1389 4037 1440 4085 et
1468 4029 1690 4094 amicis,
1715 4037 1771 4086 et
1801 4028 2061 4086 omnibus

2153 4024 2274 4087 τοῖς
2320 4029 2413 4080 τοῦ
2460 4023 2668 4100 κόσμου
2729 4028 2886 4079 πᾶσιν
2947 4023 3344 4100 ἀποταξάμεναι
3399 4032 3467 4106 τῇ
3532 4030 3800 4110 Ματρώνη

435 4121 614 4199 hujus
672 4113 901 4189 mundi,
962 4111 1191 4192 seipsas
1245 4112 1527 4173 Matronae
1579 4111 1978 4193 tradiderunt,
2012 4120 2061 4175 el

2155 4112 2342 4177 ἑαυτὰς
2400 4111 2730 4192 ἐνεχείρισαν
2761 4111 2850 4168 καί
2897 4121 2984 4178 οὓς
3027 4112 3162 4191 αύττ,
3211 4117 3448 4182 εὐπειθὲς
3502 4120 3632 4198 πρὸς
3676 4122 3800 4183 τοὺς

436 4217 705 4291 patentes
734 4221 908 4266 aures
925 4203 982 4264 ei
1006 4200 1516 4282 prasbebant,quaa
1532 4201 1709 4291 etiam
1747 4203 1911 4265 brevi
1934 4213 2061 4266 sunt

2155 4201 2346 4282 λόγους
2388 4203 2642 4280 ὑπεῖχον,
2678 4201 2736 4256 αἳ
2795 4201 2882 4257 καί
2934 4202 3080 4268 ἐντὸς
3121 4202 3300 4282 ὀλίγου
3357 4205 3448 4264 ὑπ’
3481 4207 3646 4278 αὐτῆς
3701 4217 3803 4268 τοῦ

431 4289 790 4380 baptismum
813 4299 1148 4355 consecutae
1171 4291 1529 4353 salutarem:
1559 4290 1716 4353 inter
1739 4310 1886 4380 quas
1905 4294 2061 4372 virgc

2157 4293 2419 4380 σωτηρίου
2453 4291 2832 4380 ’βαπτίσματος
2886 4289 3213 4358 ἡξιώθησον.
3261 4291 3353 4352 Ἐν
3389 4297 3482 4362 αἶς
3525 4299 3613 4355 καί
3669 4321 3804 4379 παρ-

432 4371 666 4471 quoque
697 4382 962 4465 quaedam
995 4380 1253 4459 gentilis,
1303 4398 1433 4471 quae
1463 4387 1589 4441 erat
1641 4379 1923 4471 sacerdos
1952 4371 2061 4442 id’o.

2157 4379 2307 4444 θένος
2338 4401 2420 4444 τις
2453 4371 2700 4445 Ἐλληνίς
2727 4379 2893 4457 ἱέρεια
2922 4387 3030 4437 τῶν
3059 4381 3290 4440 εἰδώλων
3343 4387 3683 4466 τυγχάδουσα
3733 4371 3804 4448 τὰ

432 4467 648 4550 lorum,
703 4491 837 4536 cum
898 4471 973 4532 de
1002 4478 1206 4533 sancta
1235 4470 1581 4549 audivisset,
1617 4478 1675 4530 et
1731 4468 1875 4529 deos
1933 4488 2061 4532 suo:

2162 4470 2282 4544 περί
2333 4473 2432 4536 τῆς
2478 4467 2626 4532 ὁσίας
2657 4467 2930 4527 ἀκούσασα
2960 4471 3049 4527 καί
3077 4475 3183 4528 τῶν
3211 4473 3401 4544 ἑαυτῆς
3433 4478 3565 4535 θεῶν
3623 4498 3802 4536 κατα-

432 4567 913 4636 condemnasset,
947 4568 1007 4621 et
1052 4560 1252 4622 divino
1300 4557 1452 4648 zelo
1487 4566 1647 4620 esset
1699 4557 2061 4648 r_epleta,iea

2157 4555 2378 4648 γνοδσα,
2424 4555 2588 4627 ζήλου
2633 4577 2690 4648 τε
2719 4556 3093 4648 ,πληρωθεῖσα
3174 4562 3334 4643 θείου,
3394 4564 3462 4620 τὰ
3519 4565 3615 4642 μὲν
3671 4566 3802 4648 παρ’

433 4656 670 4737 quidem
705 4670 836 4733 quae
864 4669 897 4712 a
921 4649 1205 4731 gentibus
1252 4645 1656 4737 offerebantur
1689 4646 2061 4737 daemonibus

2155 4644 2433 4715 Ἐλλήνων
2483 4659 2599 4712 τοῖς
2642 4643 2852 4722 δαίμοσι
2913 4651 3315 4731 προσφερόμενα
3386 4655 3474 4710 καί
3529 4657 3603 4721 εἷς
3673 4643 3804 4714 ἀθέ-

435 4734 492 4810 et
517 4739 926 4807 consumenda
943 4746 1110 4801 erant
1127 4740 1186 4800 in
1202 4737 1430 4800 nefaria
1448 4734 2061 4816 sacrificia,przebeba1

2157 4757 2322 4811 σμους
2409 4738 2589 4800 θυσίας
2686 4737 3161 4796 καταναλίσκεσθαι
3245 4740 3514 4815 μέλλοντα
3603 4746 3800 4814 πένησι

429 4837 798 4912 pauperibus.
831 4835 951 4906 lpsa
975 4841 1164 4891 autem
1201 4845 1331 4916 cum
1375 4829 1732 4916 discessisset
1786 4829 1858 4887 ab
1888 4831 2061 4916 omni-

2157 4824 2430 4907 παρέσχεν
2467 4844 2483 4863 ο
2546 4825 2680 4893 αὐτὴ
2735 4823 2790 4882 δὲ
2849 4828 3062 4885 πάντων
3119 4829 3398 4889 ἀποστᾶσα
3430 4835 3498 4909 τῇ
3534 4837 3802 4916 Ματρώνῃ

431 4923 643 5003 bus,ad
668 4919 988 4983 Matronam
1012 4914 1246 4979 ardenti
1267 4914 1462 4976 studio
1480 4914 1731 4991 accedit,
1757 4923 1816 4976 et
1847 4933 1912 4977 se
1935 4915 2061 4977 facit

2153 4919 2360 4994 θερμῶς
2419 4915 2801 4996 προσέρχεται,
2875 4917 2964 4973 καί
3039 4918 3165 4993 μίαν
3225 4919 3420 4989 ἑαυτὴν
3477 4938 3628 4982 ποιεῖ
3656 4914 3663 4916 ὴ
3694 4931 3804 4984 τῶν

428 5030 606 5076 unam
641 5029 709 5071 ex
744 5009 818 5070 iis
848 5026 980 5089 quas
1009 5005 1170 5067 illam
1195 5004 1367 5085 sequi
1396 5011 1750 5066 statuerant.

2155 5005 2331 5082 ἐκείνῃ
2362 5005 2672 5062 ἀκολουθεῖν
2700 5005 3137 5081 αἱρετισαμένων.

507 5099 701 5166 XXII.
737 5098 880 5162 Cum
913 5105 1108 5158 autem
1141 5094 1377 5156 adesset
1429 5093 1557 5156 dies
1607 5113 1728 5175 quo
1761 5094 2061 5175 oportebat

2240 5093 2369 5155 KB'.
2431 5095 2580 5153 Ἐπεί
2627 5091 2682 5151 δὲ
2736 5094 2913 5174 ἡμέρα
2958 5102 3132 5175 παρῆν
3161 5099 3279 5157 καθ’
3311 5100 3376 5168 ἣν
3407 5101 3510 5159 ἔδει
3543 5105 3640 5170 τὰς
3701 5107 3804 5162 θυ-

429 5192 628 5273 peragi
661 5188 980 5265 sacriticia,
1009 5194 1068 5246 et
1091 5186 1188 5265 qui
1215 5184 1286 5245 ad
1321 5201 1451 5245 eam
1476 5202 1695 5264 genere
1716 5183 2067 5261 attinebant,

425 5302 560 5347 cum
597 5279 810 5360 populo
843 5283 1044 5338 essent
1099 5274 1464 5354 congregati,
1527 5274 1715 5357 ipsam
1751 5294 1867 5337 non
1901 5275 2072 5338 inve-

426 5372 683 5443 nientes,
720 5368 1070 5428 nesciebant
1098 5382 1354 5445 quonam
1389 5363 1589 5443 modo,
1638 5383 1774 5442 quae
1805 5364 1880 5426 de
1905 5381 2072 5426 more

425 5461 670 5532 fiebant,
707 5463 1084 5537 peragerent,
1117 5475 1252 5519 cum
1301 5473 1418 5516 non
1463 5453 1702 5519 adesset
1755 5455 2064 5518 sacerdos.

499 5650 530 5697 4
563 5643 722 5709 Ρειιι.
756 5657 927 5726 xcm,
964 5646 1060 5711 49.

2155 5186 2271 5249 σίας
2327 5183 2621 5261 τελεῖσθαι,
2667 5183 2870 5252 πλῆθός
2928 5207 2988 5242 τε
3044 5185 3174 5244 λαοῦ
3226 5191 3315 5247 καί
3346 5195 3392 5249 οἱ
3451 5195 3589 5252 κατὰ
3648 5195 3805 5272 γένος

2155 5276 2320 5352 ταύτῃ
2369 5273 2774 5366 προσήκοντεςμ
2805 5278 3230 5361 συνηθροίζοντο,
3313 5282 3478 5350 αὐτὴν
3527 5286 3605 5357 μὴ
3661 5287 3805 5366 εὑρί-

2153 5386 2373 5429 σκοντες
2431 5367 2525 5421 οὒκ
2555 5363 2721 5443 εἶχον
2747 5363 2894 5452 ὅπως
2921 5366 2986 5425 τὰ
3016 5369 3368 5446 νενομισμένα
3420 5373 3690 5432 τελέσωσι

2154 5455 2426 5535 παρούσης
2474 5453 2565 5522 τῆς
2606 5453 2824 5529 ἱερείας,
2862 5444 2954 5522 Ὠς
2984 5454 3037 5512 δὲ
3096 5444 3331 5519 συνιδεῖν
3391 5461 3488 5542 ούκ
3545 5444 3807 5533 ἠδύναντο
