  <div class='ocr_page' id='page_1' title='image "/cluster/home/n/w/nwhite01/storage/ocr_20150623/116:no.3/coo.31924054870203/478.png"; bbox 0 0 4086 6394; ppageno 0'>
   <div class='ocr_carea' id='block_1_1' title="bbox 263 319 371 384">
    <p class='ocr_par' dir='ltr' id='par_1_1' title="bbox 263 319 371 384">
     <span class='ocr_line' id='line_1_1' title="bbox 263 319 371 384; baseline -0.019 0"><span class='ocrx_word' id='word_1_1' title='bbox 263 319 371 384; x_wconf 77' lang='grc' dir='ltr'>9Η</span> 
     </span>
    </p>
   </div>
   <div class='ocr_carea' id='block_1_2' title="bbox 1551 316 2339 380">
    <p class='ocr_par' dir='ltr' id='par_1_2' title="bbox 1551 316 2339 380">
     <span class='ocr_line' id='line_1_2' title="bbox 1551 316 2339 380; baseline -0.004 -1"><span class='ocrx_word' id='word_1_2' title='bbox 1551 316 1734 380; x_wconf 82' lang='lat' dir='ltr'><strong>VITA</strong></span> <span class='ocrx_word' id='word_1_3' title='bbox 1799 317 1859 378; x_wconf 90' lang='lat' dir='ltr'><strong>S.</strong></span> <span class='ocrx_word' id='word_1_4' title='bbox 1929 317 2242 380; x_wconf 81' lang='lat' dir='ltr'>MATRON</span> <span class='ocrx_word' id='word_1_5' title='bbox 2251 317 2339 378; x_wconf 75' lang='lat' dir='ltr'>1E.</span> 
     </span>
    </p>
   </div>
   <div class='ocr_carea' id='block_1_3' title="bbox 3517 317 3632 382">
    <p class='ocr_par' dir='ltr' id='par_1_3' title="bbox 3517 317 3632 382">
     <span class='ocr_line' id='line_1_3' title="bbox 3517 317 3632 382; baseline 0.009 -1"><span class='ocrx_word' id='word_1_6' title='bbox 3517 317 3632 382; x_wconf 75' lang='grc'>942</span> 
     </span>
    </p>
   </div>
   <div class='ocr_carea' id='block_1_4' title="bbox 266 449 1918 534">
    <p class='ocr_par' dir='ltr' id='par_1_4' title="bbox 266 453 1901 534">
     <span class='ocr_line' id='line_1_4' title="bbox 266 453 1901 534; baseline -0.004 -20"><span class='ocrx_word' id='word_1_7' title='bbox 266 460 326 514; x_wconf 85' lang='grc' dir='ltr'>τὸ</span> <span class='ocrx_word' id='word_1_8' title='bbox 357 457 665 534; x_wconf 84' lang='grc' dir='ltr'>γενόμενον,</span> <span class='ocrx_word' id='word_1_9' title='bbox 723 455 822 529; x_wconf 80' lang='grc' dir='ltr'>ὀψὲ</span> <span class='ocrx_word' id='word_1_10' title='bbox 882 455 969 510; x_wconf 83' lang='grc' dir='ltr'>καὶ</span> <span class='ocrx_word' id='word_1_11' title='bbox 1012 453 1167 527; x_wconf 80' lang='grc' dir='ltr'>μόλις</span> <span class='ocrx_word' id='word_1_12' title='bbox 1224 455 1269 508; x_wconf 76' lang='grc' dir='ltr'>οἱ</span> <span class='ocrx_word' id='word_1_13' title='bbox 1313 466 1495 531; x_wconf 84' lang='grc' dir='ltr'>γονεῖς</span> <span class='ocrx_word' id='word_1_14' title='bbox 1540 453 1704 520; x_wconf 73' lang='grc' dir='ltr'>αὖτῆς</span> <span class='ocrx_word' id='word_1_15' title='bbox 1747 460 1901 510; x_wconf 85' lang='grc' dir='ltr'>τοῦτο</span> 
     </span>
    </p>
   </div>
   <div class='ocr_carea' id='block_1_5' title="bbox 2004 449 3636 534">
    <p class='ocr_par' dir='ltr' id='par_1_5' title="bbox 2004 449 3636 532">
     <span class='ocr_line' id='line_1_5' title="bbox 2004 449 3636 532; baseline 0 -18"><span class='ocrx_word' id='word_1_16' title='bbox 2004 452 2132 514; x_wconf 69' lang='lat' dir='ltr'><strong>lum</strong></span> <span class='ocrx_word' id='word_1_17' title='bbox 2166 469 2308 512; x_wconf 90' lang='lat' dir='ltr'><strong>vero</strong></span> <span class='ocrx_word' id='word_1_18' title='bbox 2341 450 2498 530; x_wconf 87' lang='lat' dir='ltr'><strong>quod</strong></span> <span class='ocrx_word' id='word_1_19' title='bbox 2531 450 2751 512; x_wconf 81' lang='lat' dir='ltr'><strong>factum</strong></span> <span class='ocrx_word' id='word_1_20' title='bbox 2785 449 3000 526; x_wconf 78' lang='lat' dir='ltr'><strong>fuerat,</strong></span> <span class='ocrx_word' id='word_1_21' title='bbox 3036 469 3156 512; x_wconf 93' lang='lat' dir='ltr'>non</span> <span class='ocrx_word' id='word_1_22' title='bbox 3190 460 3433 532; x_wconf 98' lang='lat' dir='ltr'><strong>possent</strong></span> <span class='ocrx_word' id='word_1_23' title='bbox 3461 450 3636 514; x_wconf 86' lang='lat' dir='ltr'><strong>intel-</strong></span> 
     </span>
    </p>
   </div>
   <div class='ocr_carea' id='block_1_6' title="bbox 266 541 1902 623">
    <p class='ocr_par' dir='ltr' id='par_1_6' title="bbox 266 541 1902 623">
     <span class='ocr_line' id='line_1_6' title="bbox 266 541 1902 623; baseline -0.003 -20"><span class='ocrx_word' id='word_1_24' title='bbox 266 549 524 623; x_wconf 69' lang='grc' dir='ltr'>μαθόντες</span> <span class='ocrx_word' id='word_1_25' title='bbox 583 546 654 610; x_wconf 79' lang='grc' dir='ltr'>εἷς</span> <span class='ocrx_word' id='word_1_26' title='bbox 687 547 748 600; x_wconf 84' lang='grc' dir='ltr'>τὸ</span> <span class='ocrx_word' id='word_1_27' title='bbox 810 543 1080 599; x_wconf 83' lang='grc' dir='ltr'>εἰδωλεῖον</span> <span class='ocrx_word' id='word_1_28' title='bbox 1151 541 1271 598; x_wconf 77' lang='grc' dir='ltr'>ἔνθα</span> <span class='ocrx_word' id='word_1_29' title='bbox 1329 545 1362 610; x_wconf 80' lang='grc' dir='ltr'>ἡ</span> <span class='ocrx_word' id='word_1_30' title='bbox 1434 543 1551 598; x_wconf 72' lang='grc' dir='ltr'>ὁσία</span> <span class='ocrx_word' id='word_1_31' title='bbox 1626 541 1902 617; x_wconf 83' lang='grc' dir='ltr'>ἐτύγκανε,</span> 
     </span>
    </p>
   </div>
   <div class='ocr_carea' id='block_1_7' title="bbox 267 631 1909 714">
    <p class='ocr_par' dir='ltr' id='par_1_7' title="bbox 267 631 1909 714">
     <span class='ocr_line' id='line_1_7' title="bbox 267 631 1909 714; baseline 0.012 -37"><span class='ocrx_word' id='word_1_32' title='bbox 267 639 397 714; x_wconf 66' lang='grc' dir='ltr'>πρὸς</span> <span class='ocrx_word' id='word_1_33' title='bbox 458 636 630 714; x_wconf 69' lang='grc' dir='ltr'>τάχος</span> <span class='ocrx_word' id='word_1_34' title='bbox 689 639 948 712; x_wconf 76' lang='grc' dir='ltr'>χωροῦσι,</span> <span class='ocrx_word' id='word_1_35' title='bbox 1011 633 1099 688; x_wconf 82' lang='grc' dir='ltr'>καὶ</span> <span class='ocrx_word' id='word_1_36' title='bbox 1154 631 1456 695; x_wconf 76' lang='grc' dir='ltr'>κατιδόντες</span> <span class='ocrx_word' id='word_1_37' title='bbox 1487 644 1604 694; x_wconf 88' lang='grc' dir='ltr'>τοῖς</span> <span class='ocrx_word' id='word_1_38' title='bbox 1635 633 1734 697; x_wconf 75' lang='grc' dir='ltr'>τῆς</span> <span class='ocrx_word' id='word_1_39' title='bbox 1765 633 1909 696; x_wconf 70' lang='grc' dir='ltr'>ὁσίαις</span> 
     </span>
    </p>
   </div>
   <div class='ocr_carea' id='block_1_8' title="bbox 268 719 1910 802">
    <p class='ocr_par' dir='ltr' id='par_1_8' title="bbox 268 719 1910 802">
     <span class='ocr_line' id='line_1_8' title="bbox 268 719 1910 802; baseline -0.005 -19"><span class='ocrx_word' id='word_1_40' title='bbox 268 729 390 784; x_wconf 87' lang='grc' dir='ltr'>ποσὶ</span> <span class='ocrx_word' id='word_1_41' title='bbox 472 724 864 802; x_wconf 66' lang='grc' dir='ltr'>προσκειμένην</span> <span class='ocrx_word' id='word_1_42' title='bbox 936 721 1102 788; x_wconf 53' lang='grc' dir='ltr'>α’ὴὴν</span> <span class='ocrx_word' id='word_1_43' title='bbox 1185 719 1600 798; x_wconf 76' lang='grc' dir='ltr'>προπετέστερον</span> <span class='ocrx_word' id='word_1_44' title='bbox 1670 720 1910 799; x_wconf 47' lang='grc' dir='ltr'>ἐχρῶντο</span> 
     </span>
    </p>
   </div>
   <div class='ocr_carea' id='block_1_9' title="bbox 265 809 1909 892">
    <p class='ocr_par' dir='ltr' id='par_1_9' title="bbox 265 809 1909 892">
     <span class='ocr_line' id='line_1_9' title="bbox 265 809 1909 892; baseline -0.005 -18"><span class='ocrx_word' id='word_1_45' title='bbox 265 830 384 880; x_wconf 87' lang='grc' dir='ltr'>τοῖς</span> <span class='ocrx_word' id='word_1_46' title='bbox 416 813 622 892; x_wconf 77' lang='grc' dir='ltr'>λόγοις,</span> <span class='ocrx_word' id='word_1_47' title='bbox 659 813 772 869; x_wconf 63' lang='lat' dir='ltr'><strong>&quot;Iv:</strong></span> <span class='ocrx_word' id='word_1_48' title='bbox 799 811 870 884; x_wconf 90' lang='grc' dir='ltr'>τί,</span> <span class='ocrx_word' id='word_1_49' title='bbox 905 809 1175 888; x_wconf 82' lang='grc' dir='ltr'>λέγοντες,</span> <span class='ocrx_word' id='word_1_50' title='bbox 1237 812 1282 866; x_wconf 83' lang='grc' dir='ltr'>ὦ</span> <span class='ocrx_word' id='word_1_51' title='bbox 1339 817 1530 886; x_wconf 83' lang='grc' dir='ltr'>νεᾶνις,</span> <span class='ocrx_word' id='word_1_52' title='bbox 1595 815 1702 866; x_wconf 82' lang='grc' dir='ltr'>τῶν</span> <span class='ocrx_word' id='word_1_53' title='bbox 1753 811 1909 888; x_wconf 87' lang='grc' dir='ltr'>μεγί-</span> 
     </span>
    </p>
   </div>
   <div class='ocr_carea' id='block_1_10' title="bbox 267 899 1911 980">
    <p class='ocr_par' dir='ltr' id='par_1_10' title="bbox 267 899 1911 980">
     <span class='ocr_line' id='line_1_10' title="bbox 267 899 1911 980; baseline -0.006 -18"><span class='ocrx_word' id='word_1_54' title='bbox 267 928 404 962; x_wconf 87' lang='grc' dir='ltr'>στων</span> <span class='ocrx_word' id='word_1_55' title='bbox 459 901 771 980; x_wconf 81' lang='grc' dir='ltr'>ὑπεριδοῦσα</span> <span class='ocrx_word' id='word_1_56' title='bbox 826 904 959 956; x_wconf 72' lang='grc' dir='ltr'>θεῶν</span> <span class='ocrx_word' id='word_1_57' title='bbox 1016 899 1273 955; x_wconf 75' lang='grc' dir='ltr'>ἀτέλεστα</span> <span class='ocrx_word' id='word_1_58' title='bbox 1323 899 1420 973; x_wconf 77' lang='grc' dir='ltr'>μὲν</span> <span class='ocrx_word' id='word_1_59' title='bbox 1473 900 1536 954; x_wconf 78' lang='grc' dir='ltr'>τὰ</span> <span class='ocrx_word' id='word_1_60' title='bbox 1581 901 1685 955; x_wconf 77' lang='grc' dir='ltr'>τὼν</span> <span class='ocrx_word' id='word_1_61' title='bbox 1718 902 1911 957; x_wconf 81' lang='grc' dir='ltr'>θυσιῶν</span> 
     </span>
    </p>
   </div>
   <div class='ocr_carea' id='block_1_11' title="bbox 267 986 1912 1064">
    <p class='ocr_par' dir='ltr' id='par_1_11' title="bbox 267 986 1912 1064">
     <span class='ocr_line' id='line_1_11' title="bbox 267 986 1912 1064; baseline -0.005 -14"><span class='ocrx_word' id='word_1_62' title='bbox 267 993 687 1064; x_wconf 63' lang='grc' dir='ltr'>καταλέλοιπας,</span> <span class='ocrx_word' id='word_1_63' title='bbox 720 988 925 1055; x_wconf 79' lang='grc' dir='ltr'>πλῆθός</span> <span class='ocrx_word' id='word_1_64' title='bbox 979 1009 1036 1043; x_wconf 88' lang='grc' dir='ltr'>τε</span> <span class='ocrx_word' id='word_1_65' title='bbox 1085 988 1199 1044; x_wconf 86' lang='grc' dir='ltr'>καθ’</span> <span class='ocrx_word' id='word_1_66' title='bbox 1249 989 1407 1062; x_wconf 80' lang='grc' dir='ltr'>ἡμῶν</span> <span class='ocrx_word' id='word_1_67' title='bbox 1456 986 1772 1064; x_wconf 84' lang='grc' dir='ltr'>ἀνηρέτισας</span> <span class='ocrx_word' id='word_1_68' title='bbox 1813 989 1912 1054; x_wconf 77' lang='grc' dir='ltr'>τὴν</span> 
     </span>
    </p>
   </div>
   <div class='ocr_carea' id='block_1_12' title="bbox 268 1075 1912 1156">
    <p class='ocr_par' dir='ltr' id='par_1_12' title="bbox 268 1075 1912 1156">
     <span class='ocr_line' id='line_1_12' title="bbox 268 1075 1912 1156; baseline -0.005 -16"><span class='ocrx_word' id='word_1_69' title='bbox 268 1087 341 1147; x_wconf 76' lang='grc' dir='ltr'>εἷς</span> <span class='ocrx_word' id='word_1_70' title='bbox 372 1083 494 1146; x_wconf 81' lang='grc' dir='ltr'>τοὺς</span> <span class='ocrx_word' id='word_1_71' title='bbox 542 1081 688 1145; x_wconf 80' lang='grc' dir='ltr'>θεοὺς</span> <span class='ocrx_word' id='word_1_72' title='bbox 717 1078 862 1150; x_wconf 69' lang='grc' dir='ltr'>’ύὸριν</span> <span class='ocrx_word' id='word_1_73' title='bbox 894 1079 952 1133; x_wconf 77' lang='grc' dir='ltr'>οὗ</span> <span class='ocrx_word' id='word_1_74' title='bbox 1008 1076 1187 1156; x_wconf 74' lang='grc' dir='ltr'>φέρον,</span> <span class='ocrx_word' id='word_1_75' title='bbox 1248 1076 1382 1143; x_wconf 77' lang='grc' dir='ltr'>αὒτή</span> <span class='ocrx_word' id='word_1_76' title='bbox 1427 1075 1482 1131; x_wconf 74' lang='grc' dir='ltr'>δὲ</span> <span class='ocrx_word' id='word_1_77' title='bbox 1513 1075 1637 1132; x_wconf 83' lang='grc' dir='ltr'>ἀντί</span> <span class='ocrx_word' id='word_1_78' title='bbox 1667 1075 1761 1143; x_wconf 75' lang='grc' dir='ltr'>τῆς</span> <span class='ocrx_word' id='word_1_79' title='bbox 1793 1077 1912 1153; x_wconf 84' lang='grc' dir='ltr'>ἀρί-</span> 
     </span>
    </p>
   </div>
   <div class='ocr_carea' id='block_1_13' title="bbox 268 1165 1916 1243">
    <p class='ocr_par' dir='ltr' id='par_1_13' title="bbox 268 1165 1916 1243">
     <span class='ocr_line' id='line_1_13' title="bbox 268 1165 1916 1243; baseline -0.006 -13"><span class='ocrx_word' id='word_1_80' title='bbox 268 1196 401 1240; x_wconf 87' lang='grc' dir='ltr'>στης</span> <span class='ocrx_word' id='word_1_81' title='bbox 463 1172 549 1228; x_wconf 83' lang='grc' dir='ltr'>καὶ</span> <span class='ocrx_word' id='word_1_82' title='bbox 605 1167 940 1242; x_wconf 79' lang='grc' dir='ltr'>ζηλουμένης</span> <span class='ocrx_word' id='word_1_83' title='bbox 999 1166 1272 1243; x_wconf 74' lang='grc' dir='ltr'>διαγωγῆς</span> <span class='ocrx_word' id='word_1_84' title='bbox 1328 1187 1428 1234; x_wconf 87' lang='grc' dir='ltr'>την</span> <span class='ocrx_word' id='word_1_85' title='bbox 1478 1165 1667 1238; x_wconf 73' lang='grc' dir='ltr'>ἄτιμον</span> <span class='ocrx_word' id='word_1_86' title='bbox 1717 1167 1916 1232; x_wconf 88' lang='grc' dir='ltr'>ταύτην</span> 
     </span>
    </p>
   </div>
   <div class='ocr_carea' id='block_1_14' title="bbox 265 1254 1915 1330">
    <p class='ocr_par' dir='ltr' id='par_1_14' title="bbox 265 1254 1915 1330">
     <span class='ocr_line' id='line_1_14' title="bbox 265 1254 1915 1330; baseline -0.005 -11"><span class='ocrx_word' id='word_1_87' title='bbox 265 1264 416 1319; x_wconf 76' lang='grc' dir='ltr'>εἵλου</span> <span class='ocrx_word' id='word_1_88' title='bbox 471 1259 565 1317; x_wconf 74' lang='grc' dir='ltr'>καὶ</span> <span class='ocrx_word' id='word_1_89' title='bbox 624 1255 1094 1330; x_wconf 68' lang='grc' dir='ltr'>ἐξουδενωμένην;</span> <span class='ocrx_word' id='word_1_90' title='bbox 1157 1255 1354 1313; x_wconf 71' lang='grc' dir='ltr'>Οὖκοῦν</span> <span class='ocrx_word' id='word_1_91' title='bbox 1408 1254 1749 1312; x_wconf 79' lang='grc' dir='ltr'>ἀποϐαλοῦσα</span> <span class='ocrx_word' id='word_1_92' title='bbox 1818 1256 1915 1322; x_wconf 74' lang='grc' dir='ltr'>τήν</span> 
     </span>
    </p>
   </div>
   <div class='ocr_carea' id='block_1_15' title="bbox 267 1343 1912 1430">
    <p class='ocr_par' dir='ltr' id='par_1_15' title="bbox 267 1343 1912 1430">
     <span class='ocr_line' id='line_1_15' title="bbox 267 1343 1912 1430; baseline -0.004 -22"><span class='ocrx_word' id='word_1_93' title='bbox 267 1355 470 1430; x_wconf 85' lang='grc' dir='ltr'>ἀθρόως</span> <span class='ocrx_word' id='word_1_94' title='bbox 499 1347 830 1427; x_wconf 67' lang='grc' dir='ltr'>επισχοῦσάν</span> <span class='ocrx_word' id='word_1_95' title='bbox 883 1367 941 1400; x_wconf 86' lang='grc' dir='ltr'>σε</span> <span class='ocrx_word' id='word_1_96' title='bbox 993 1345 1175 1404; x_wconf 78' lang='grc' dir='ltr'>ἄνοιαν</span> <span class='ocrx_word' id='word_1_97' title='bbox 1226 1344 1382 1421; x_wconf 76' lang='grc' dir='ltr'>γενοῦ</span> <span class='ocrx_word' id='word_1_98' title='bbox 1416 1367 1538 1401; x_wconf 88' lang='grc' dir='ltr'>ποτε</span> <span class='ocrx_word' id='word_1_99' title='bbox 1568 1347 1657 1402; x_wconf 86' lang='grc' dir='ltr'>καὶ</span> <span class='ocrx_word' id='word_1_100' title='bbox 1683 1343 1912 1408; x_wconf 73' lang='grc' dir='ltr'>διανοίας</span> 
     </span>
    </p>
   </div>
   <div class='ocr_carea' id='block_1_16' title="bbox 269 1433 1911 1514">
    <p class='ocr_par' dir='ltr' id='par_1_16' title="bbox 269 1433 1911 1514">
     <span class='ocr_line' id='line_1_16' title="bbox 269 1433 1911 1514; baseline -0.006 -16"><span class='ocrx_word' id='word_1_101' title='bbox 269 1439 489 1507; x_wconf 80' lang='grc' dir='ltr'>συτετῆς</span> <span class='ocrx_word' id='word_1_102' title='bbox 547 1460 604 1494; x_wconf 88' lang='grc' dir='ltr'>τε</span> <span class='ocrx_word' id='word_1_103' title='bbox 658 1439 745 1492; x_wconf 87' lang='grc' dir='ltr'>καὶ</span> <span class='ocrx_word' id='word_1_104' title='bbox 795 1437 1078 1514; x_wconf 70' lang='grc' dir='ltr'>ἔμφρονος,</span> <span class='ocrx_word' id='word_1_105' title='bbox 1113 1435 1291 1490; x_wconf 81' lang='grc' dir='ltr'>καὶτὸ</span> <span class='ocrx_word' id='word_1_106' title='bbox 1322 1434 1576 1508; x_wconf 80' lang='grc' dir='ltr'>πένθιμον</span> <span class='ocrx_word' id='word_1_107' title='bbox 1607 1433 1911 1508; x_wconf 80' lang='grc' dir='ltr'>ἀποθεμένη</span> 
     </span>
    </p>
   </div>
   <div class='ocr_carea' id='block_1_17' title="bbox 267 1521 1912 1608">
    <p class='ocr_par' dir='ltr' id='par_1_17' title="bbox 267 1521 1912 1608">
     <span class='ocr_line' id='line_1_17' title="bbox 267 1521 1912 1608; baseline -0.005 -21"><span class='ocrx_word' id='word_1_108' title='bbox 267 1538 424 1588; x_wconf 89' lang='grc' dir='ltr'>τοῦτο</span> <span class='ocrx_word' id='word_1_109' title='bbox 472 1533 669 1608; x_wconf 74' lang='grc' dir='ltr'>σχῆμα</span> <span class='ocrx_word' id='word_1_110' title='bbox 727 1524 916 1604; x_wconf 77' lang='grc' dir='ltr'>φαιδρά</span> <span class='ocrx_word' id='word_1_111' title='bbox 975 1525 1105 1600; x_wconf 79' lang='grc' dir='ltr'>πρὸς</span> <span class='ocrx_word' id='word_1_112' title='bbox 1164 1521 1409 1604; x_wconf 71' lang='grc' dir='ltr'>φαιδροὺς</span> <span class='ocrx_word' id='word_1_113' title='bbox 1461 1525 1602 1599; x_wconf 71' lang='grc' dir='ltr'>ἡμᾶς</span> <span class='ocrx_word' id='word_1_114' title='bbox 1650 1522 1800 1596; x_wconf 78' lang='grc' dir='ltr'>ἔξιθι,</span> <span class='ocrx_word' id='word_1_115' title='bbox 1835 1523 1912 1596; x_wconf 77' lang='grc' dir='ltr'>μὴ</span> 
     </span>
    </p>
   </div>
   <div class='ocr_carea' id='block_1_18' title="bbox 268 1611 1913 1699">
    <p class='ocr_par' dir='ltr' id='par_1_18' title="bbox 268 1611 1913 1699">
     <span class='ocr_line' id='line_1_18' title="bbox 268 1611 1913 1699; baseline -0.007 -22"><span class='ocrx_word' id='word_1_116' title='bbox 268 1620 432 1699; x_wconf 73' lang='grc' dir='ltr'>τάφος</span> <span class='ocrx_word' id='word_1_117' title='bbox 488 1615 756 1678; x_wconf 73' lang='grc' dir='ltr'>ἀπωλείας</span> <span class='ocrx_word' id='word_1_118' title='bbox 813 1617 840 1669; x_wconf 88' lang='grc' dir='ltr'>ὁ</span> <span class='ocrx_word' id='word_1_119' title='bbox 894 1613 1056 1676; x_wconf 83' lang='grc' dir='ltr'>τόπος</span> <span class='ocrx_word' id='word_1_120' title='bbox 1103 1614 1198 1678; x_wconf 78' lang='grc' dir='ltr'>τῆς</span> <span class='ocrx_word' id='word_1_121' title='bbox 1247 1611 1504 1679; x_wconf 80' lang='grc' dir='ltr'>δοκούσης</span> <span class='ocrx_word' id='word_1_122' title='bbox 1533 1635 1616 1669; x_wconf 87' lang='grc' dir='ltr'>σοι</span> <span class='ocrx_word' id='word_1_123' title='bbox 1647 1613 1913 1691; x_wconf 83' lang='grc' dir='ltr'>σωτηρίας</span> 
     </span>
    </p>
   </div>
   <div class='ocr_carea' id='block_1_19' title="bbox 265 1701 1914 1788">
    <p class='ocr_par' dir='ltr' id='par_1_19' title="bbox 265 1701 1914 1788">
     <span class='ocr_line' id='line_1_19' title="bbox 265 1701 1914 1788; baseline -0.005 -24"><span class='ocrx_word' id='word_1_124' title='bbox 265 1710 514 1788; x_wconf 80' lang='grc' dir='ltr'>γένηται.</span> <span class='ocrx_word' id='word_1_125' title='bbox 575 1713 676 1760; x_wconf 89' lang='grc' dir='ltr'>Σοῦ</span> <span class='ocrx_word' id='word_1_126' title='bbox 732 1704 831 1781; x_wconf 80' lang='grc' dir='ltr'>γὰρ</span> <span class='ocrx_word' id='word_1_127' title='bbox 879 1704 939 1757; x_wconf 80' lang='grc' dir='ltr'>τὸ</span> <span class='ocrx_word' id='word_1_128' title='bbox 968 1701 1318 1776; x_wconf 79' lang='grc' dir='ltr'>κελευόμενον</span> <span class='ocrx_word' id='word_1_129' title='bbox 1349 1703 1426 1776; x_wconf 83' lang='grc' dir='ltr'>μὴ</span> <span class='ocrx_word' id='word_1_130' title='bbox 1456 1703 1792 1780; x_wconf 83' lang='grc' dir='ltr'>πραττούσης</span> <span class='ocrx_word' id='word_1_131' title='bbox 1842 1702 1914 1763; x_wconf 80' lang='grc' dir='ltr'>εἰς</span> 
     </span>
    </p>
   </div>
   <div class='ocr_carea' id='block_1_20' title="bbox 1991 538 3640 622">
    <p class='ocr_par' dir='ltr' id='par_1_20' title="bbox 1991 538 3640 622">
     <span class='ocr_line' id='line_1_20' title="bbox 1991 538 3640 622; baseline 0.001 -21"><span class='ocrx_word' id='word_1_132' title='bbox 1991 541 2199 617; x_wconf 80' lang='lat' dir='ltr'><strong>ligere,</strong></span> <span class='ocrx_word' id='word_1_133' title='bbox 2229 539 2319 601; x_wconf 80' lang='lat' dir='ltr'>vix</span> <span class='ocrx_word' id='word_1_134' title='bbox 2341 538 2580 600; x_wconf 92' lang='lat' dir='ltr'><strong>tandem</strong></span> <span class='ocrx_word' id='word_1_135' title='bbox 2615 547 2813 600; x_wconf 90' lang='lat' dir='ltr'><strong>autem</strong></span> <span class='ocrx_word' id='word_1_136' title='bbox 2839 539 2898 601; x_wconf 89' lang='lat' dir='ltr'>id</span> <span class='ocrx_word' id='word_1_137' title='bbox 2921 540 3307 603; x_wconf 89' lang='lat' dir='ltr'><strong>rescivissent</strong></span> <span class='ocrx_word' id='word_1_138' title='bbox 3336 547 3640 622; x_wconf 89' lang='lat' dir='ltr'><strong>parentes,</strong></span> 
     </span>
    </p>
   </div>
   <div class='ocr_carea' id='block_1_21' title="bbox 1992 624 3644 711">
    <p class='ocr_par' dir='ltr' id='par_1_21' title="bbox 1992 624 3644 711">
     <span class='ocr_line' id='line_1_21' title="bbox 1992 624 3644 711; baseline 0.003 -26"><span class='ocrx_word' id='word_1_139' title='bbox 1992 624 2050 688; x_wconf 89' lang='lat' dir='ltr'>in</span> <span class='ocrx_word' id='word_1_140' title='bbox 2101 628 2398 690; x_wconf 83' lang='lat' dir='ltr'>idolorum</span> <span class='ocrx_word' id='word_1_141' title='bbox 2431 627 2770 703; x_wconf 91' lang='lat' dir='ltr'><strong>delubrem,</strong></span> <span class='ocrx_word' id='word_1_142' title='bbox 2805 627 2910 690; x_wconf 90' lang='lat' dir='ltr'>ubi</span> <span class='ocrx_word' id='word_1_143' title='bbox 2959 637 3086 691; x_wconf 90' lang='lat' dir='ltr'><strong>erat</strong></span> <span class='ocrx_word' id='word_1_144' title='bbox 3133 640 3364 711; x_wconf 83' lang='lat' dir='ltr'><strong>sancta,</strong></span> <span class='ocrx_word' id='word_1_145' title='bbox 3394 629 3644 692; x_wconf 89' lang='lat' dir='ltr'><strong>veniunt</strong></span> 
     </span>
    </p>
   </div>
   <div class='ocr_carea' id='block_1_22' title="bbox 1993 717 3638 798">
    <p class='ocr_par' dir='ltr' id='par_1_22' title="bbox 1993 717 3638 798">
     <span class='ocr_line' id='line_1_22' title="bbox 1993 717 3638 798; baseline 0.002 -22"><span class='ocrx_word' id='word_1_146' title='bbox 1993 717 2458 798; x_wconf 86' lang='lat' dir='ltr'>quamprimum,</span> <span class='ocrx_word' id='word_1_147' title='bbox 2485 725 2545 779; x_wconf 93' lang='lat' dir='ltr'><strong>et</strong></span> <span class='ocrx_word' id='word_1_148' title='bbox 2573 735 2706 778; x_wconf 91' lang='lat' dir='ltr'><strong>cum</strong></span> <span class='ocrx_word' id='word_1_149' title='bbox 2741 736 2870 779; x_wconf 92' lang='lat' dir='ltr'>eam</span> <span class='ocrx_word' id='word_1_150' title='bbox 2901 717 3192 780; x_wconf 91' lang='lat' dir='ltr'><strong>vidissent</strong></span> <span class='ocrx_word' id='word_1_151' title='bbox 3212 721 3518 798; x_wconf 89' lang='lat' dir='ltr'><strong>jacentem</strong></span> <span class='ocrx_word' id='word_1_152' title='bbox 3561 718 3638 780; x_wconf 91' lang='lat' dir='ltr'>ad</span> 
     </span>
    </p>
   </div>
   <div class='ocr_carea' id='block_1_23' title="bbox 1993 805 3640 888">
    <p class='ocr_par' dir='ltr' id='par_1_23' title="bbox 1993 805 3640 888">
     <span class='ocr_line' id='line_1_23' title="bbox 1993 805 3640 888; baseline 0.001 -20"><span class='ocrx_word' id='word_1_153' title='bbox 1993 823 2220 868; x_wconf 78' lang='lat' dir='ltr'><strong>saneta</strong></span> <span class='ocrx_word' id='word_1_154' title='bbox 2275 806 2479 887; x_wconf 86' lang='lat' dir='ltr'>pedes,</span> <span class='ocrx_word' id='word_1_155' title='bbox 2514 805 2574 867; x_wconf 92' lang='lat' dir='ltr'><strong>in</strong></span> <span class='ocrx_word' id='word_1_156' title='bbox 2605 807 2739 868; x_wconf 79' lang='lat' dir='ltr'>hac</span> <span class='ocrx_word' id='word_1_157' title='bbox 2786 805 2970 869; x_wconf 89' lang='lat' dir='ltr'><strong>verba</strong></span> <span class='ocrx_word' id='word_1_158' title='bbox 3002 817 3444 888; x_wconf 91' lang='lat' dir='ltr'><strong>proruperunt:</strong></span> <span class='ocrx_word' id='word_1_159' title='bbox 3497 809 3640 881; x_wconf 86' lang='lat' dir='ltr'><strong>Cur,</strong></span> 
     </span>
    </p>
   </div>
   <div class='ocr_carea' id='block_1_24' title="bbox 1995 895 3644 978">
    <p class='ocr_par' dir='ltr' id='par_1_24' title="bbox 1995 895 3644 978">
     <span class='ocr_line' id='line_1_24' title="bbox 1995 895 3644 978; baseline 0.002 -22"><span class='ocrx_word' id='word_1_160' title='bbox 1995 895 2286 970; x_wconf 81' lang='lat' dir='ltr'>dicentes,</span> <span class='ocrx_word' id='word_1_161' title='bbox 2317 915 2350 954; x_wconf 92' lang='grc' dir='ltr'>ο</span> <span class='ocrx_word' id='word_1_162' title='bbox 2384 896 2850 970; x_wconf 89' lang='lat' dir='ltr'><strong>adolescentula,</strong></span> <span class='ocrx_word' id='word_1_163' title='bbox 2879 896 2994 958; x_wconf 87' lang='lat' dir='ltr'><strong>diis</strong></span> <span class='ocrx_word' id='word_1_164' title='bbox 3030 896 3302 958; x_wconf 81' lang='lat' dir='ltr'><strong>maximis</strong></span> <span class='ocrx_word' id='word_1_165' title='bbox 3327 897 3644 978; x_wconf 82' lang='lat' dir='ltr'><strong>despectui</strong></span> 
     </span>
    </p>
   </div>
   <div class='ocr_carea' id='block_1_25' title="bbox 1996 982 3637 1066">
    <p class='ocr_par' dir='ltr' id='par_1_25' title="bbox 1996 982 3637 1066">
     <span class='ocr_line' id='line_1_25' title="bbox 1996 982 3637 1066; baseline 0.004 -22"><span class='ocrx_word' id='word_1_166' title='bbox 1996 982 2236 1053; x_wconf 87' lang='lat' dir='ltr'><strong>habitis,</strong></span> <span class='ocrx_word' id='word_1_167' title='bbox 2289 983 2644 1064; x_wconf 79' lang='lat' dir='ltr'><strong>imperfecta</strong></span> <span class='ocrx_word' id='word_1_168' title='bbox 2679 984 2922 1064; x_wconf 88' lang='lat' dir='ltr'>quidem</span> <span class='ocrx_word' id='word_1_169' title='bbox 2973 985 3271 1066; x_wconf 92' lang='lat' dir='ltr'><strong>reliquisti</strong></span> <span class='ocrx_word' id='word_1_170' title='bbox 3302 986 3637 1050; x_wconf 83' lang='lat' dir='ltr'><strong>sacriiicia:</strong></span> 
     </span>
    </p>
   </div>
   <div class='ocr_carea' id='block_1_26' title="bbox 1999 1073 3640 1153">
    <p class='ocr_par' dir='ltr' id='par_1_26' title="bbox 1999 1073 3640 1153">
     <span class='ocr_line' id='line_1_26' title="bbox 1999 1073 3640 1153; baseline 0.002 -20"><span class='ocrx_word' id='word_1_171' title='bbox 1999 1073 2282 1153; x_wconf 87' lang='lat' dir='ltr'>populum</span> <span class='ocrx_word' id='word_1_172' title='bbox 2303 1082 2498 1134; x_wconf 88' lang='lat' dir='ltr'><strong>autem</strong></span> <span class='ocrx_word' id='word_1_173' title='bbox 2524 1073 2584 1134; x_wconf 91' lang='lat' dir='ltr'><strong>in</strong></span> <span class='ocrx_word' id='word_1_174' title='bbox 2607 1092 2717 1134; x_wconf 91' lang='lat' dir='ltr'><strong>nos</strong></span> <span class='ocrx_word' id='word_1_175' title='bbox 2739 1073 2984 1134; x_wconf 88' lang='lat' dir='ltr'><strong>irritasti</strong></span> <span class='ocrx_word' id='word_1_176' title='bbox 3015 1093 3133 1135; x_wconf 92' lang='lat' dir='ltr'>non</span> <span class='ocrx_word' id='word_1_177' title='bbox 3156 1075 3448 1136; x_wconf 86' lang='lat' dir='ltr'><strong>ferentem</strong></span> <span class='ocrx_word' id='word_1_178' title='bbox 3480 1093 3640 1149; x_wconf 85' lang='lat' dir='ltr'><strong>eam,</strong></span> 
     </span>
    </p>
   </div>
   <div class='ocr_carea' id='block_1_27' title="bbox 1999 1161 3642 1246">
    <p class='ocr_par' dir='ltr' id='par_1_27' title="bbox 1999 1161 3642 1246">
     <span class='ocr_line' id='line_1_27' title="bbox 1999 1161 3642 1246; baseline 0.004 -25"><span class='ocrx_word' id='word_1_179' title='bbox 1999 1180 2131 1241; x_wconf 87' lang='lat' dir='ltr'>qua</span> <span class='ocrx_word' id='word_1_180' title='bbox 2179 1163 2245 1223; x_wconf 87' lang='lat' dir='ltr'><strong>iit</strong></span> <span class='ocrx_word' id='word_1_181' title='bbox 2291 1162 2351 1222; x_wconf 92' lang='lat' dir='ltr'><strong>in</strong></span> <span class='ocrx_word' id='word_1_182' title='bbox 2411 1161 2581 1240; x_wconf 87' lang='lat' dir='ltr'><strong>deos,</strong></span> <span class='ocrx_word' id='word_1_183' title='bbox 2613 1161 3088 1226; x_wconf 65' lang='lat' dir='ltr'>contumeliam:</span> <span class='ocrx_word' id='word_1_184' title='bbox 3151 1165 3278 1244; x_wconf 84' lang='lat' dir='ltr'><strong>ipsa</strong></span> <span class='ocrx_word' id='word_1_185' title='bbox 3337 1181 3475 1227; x_wconf 90' lang='lat' dir='ltr'><strong>vero</strong></span> <span class='ocrx_word' id='word_1_186' title='bbox 3532 1182 3642 1246; x_wconf 90' lang='lat' dir='ltr'>pro</span> 
     </span>
    </p>
   </div>
   <div class='ocr_carea' id='block_1_28' title="bbox 1997 1251 3644 1334">
    <p class='ocr_par' dir='ltr' id='par_1_28' title="bbox 1997 1251 3644 1334">
     <span class='ocr_line' id='line_1_28' title="bbox 1997 1251 3644 1334; baseline 0.003 -22"><span class='ocrx_word' id='word_1_187' title='bbox 1997 1253 2226 1331; x_wconf 82' lang='lat' dir='ltr'><strong>optima</strong></span> <span class='ocrx_word' id='word_1_188' title='bbox 2256 1259 2316 1312; x_wconf 88' lang='lat' dir='ltr'><strong>et</strong></span> <span class='ocrx_word' id='word_1_189' title='bbox 2343 1269 2476 1332; x_wconf 88' lang='lat' dir='ltr'>qua</span> <span class='ocrx_word' id='word_1_190' title='bbox 2508 1251 2682 1314; x_wconf 87' lang='lat' dir='ltr'><strong>beata</strong></span> <span class='ocrx_word' id='word_1_191' title='bbox 2741 1261 3021 1314; x_wconf 77' lang='lat' dir='ltr'><strong>censetur</strong></span> <span class='ocrx_word' id='word_1_192' title='bbox 3049 1253 3188 1334; x_wconf 91' lang='lat' dir='ltr'><strong>vita,</strong></span> <span class='ocrx_word' id='word_1_193' title='bbox 3221 1253 3376 1316; x_wconf 85' lang='lat' dir='ltr'><strong>hanc</strong></span> <span class='ocrx_word' id='word_1_194' title='bbox 3405 1254 3644 1334; x_wconf 82' lang='lat' dir='ltr'><strong>elegisti</strong></span> 
     </span>
    </p>
   </div>
   <div class='ocr_carea' id='block_1_29' title="bbox 1996 1341 3644 1424">
    <p class='ocr_par' dir='ltr' id='par_1_29' title="bbox 1996 1341 3644 1424">
     <span class='ocr_line' id='line_1_29' title="bbox 1996 1341 3644 1424; baseline 0.002 -22"><span class='ocrx_word' id='word_1_195' title='bbox 1996 1341 2304 1413; x_wconf 84' lang='lat' dir='ltr'>infamem,</span> <span class='ocrx_word' id='word_1_196' title='bbox 2335 1348 2394 1402; x_wconf 91' lang='lat' dir='ltr'>et</span> <span class='ocrx_word' id='word_1_197' title='bbox 2421 1359 2557 1418; x_wconf 86' lang='lat' dir='ltr'>qua</span> <span class='ocrx_word' id='word_1_198' title='bbox 2587 1341 2762 1422; x_wconf 85' lang='lat' dir='ltr'><strong>plane</strong></span> <span class='ocrx_word' id='word_1_199' title='bbox 2791 1342 3040 1404; x_wconf 78' lang='lat' dir='ltr'><strong>habetur</strong></span> <span class='ocrx_word' id='word_1_200' title='bbox 3093 1344 3507 1424; x_wconf 87' lang='lat' dir='ltr'><strong>contemptui?</strong></span> <span class='ocrx_word' id='word_1_201' title='bbox 3537 1343 3644 1408; x_wconf 86' lang='lat' dir='ltr'>Di-</span> 
     </span>
    </p>
   </div>
   <div class='ocr_carea' id='block_1_30' title="bbox 1998 1431 3644 1512">
    <p class='ocr_par' dir='ltr' id='par_1_30' title="bbox 1998 1431 3644 1512">
     <span class='ocr_line' id='line_1_30' title="bbox 1998 1431 3644 1512; baseline 0.003 -22"><span class='ocrx_word' id='word_1_202' title='bbox 1998 1431 2180 1491; x_wconf 91' lang='lat' dir='ltr'><strong>missa</strong></span> <span class='ocrx_word' id='word_1_203' title='bbox 2211 1448 2354 1509; x_wconf 74' lang='lat' dir='ltr'><strong>ergo</strong></span> <span class='ocrx_word' id='word_1_204' title='bbox 2377 1447 2447 1491; x_wconf 91' lang='lat' dir='ltr'>ea</span> <span class='ocrx_word' id='word_1_205' title='bbox 2479 1449 2612 1510; x_wconf 89' lang='lat' dir='ltr'>qua</span> <span class='ocrx_word' id='word_1_206' title='bbox 2644 1439 2700 1491; x_wconf 89' lang='lat' dir='ltr'>te</span> <span class='ocrx_word' id='word_1_207' title='bbox 2729 1439 2975 1512; x_wconf 90' lang='lat' dir='ltr'><strong>repente</strong></span> <span class='ocrx_word' id='word_1_208' title='bbox 3006 1432 3324 1512; x_wconf 86' lang='lat' dir='ltr'><strong>oppressit,</strong></span> <span class='ocrx_word' id='word_1_209' title='bbox 3358 1434 3644 1508; x_wconf 85' lang='lat' dir='ltr'>amentia,</span> 
     </span>
    </p>
   </div>
   <div class='ocr_carea' id='block_1_31' title="bbox 1997 1518 3646 1602">
    <p class='ocr_par' dir='ltr' id='par_1_31' title="bbox 1997 1518 3646 1602">
     <span class='ocr_line' id='line_1_31' title="bbox 1997 1518 3646 1602; baseline 0.001 -22"><span class='ocrx_word' id='word_1_210' title='bbox 1997 1529 2124 1582; x_wconf 88' lang='lat' dir='ltr'><strong>esto</strong></span> <span class='ocrx_word' id='word_1_211' title='bbox 2182 1518 2501 1599; x_wconf 89' lang='lat' dir='ltr'><strong>aliquando</strong></span> <span class='ocrx_word' id='word_1_212' title='bbox 2533 1521 2804 1600; x_wconf 85' lang='lat' dir='ltr'><strong>sapiens,</strong></span> <span class='ocrx_word' id='word_1_213' title='bbox 2839 1527 2900 1581; x_wconf 92' lang='lat' dir='ltr'>et</span> <span class='ocrx_word' id='word_1_214' title='bbox 2949 1520 3062 1582; x_wconf 90' lang='lat' dir='ltr'>hoc</span> <span class='ocrx_word' id='word_1_215' title='bbox 3089 1519 3326 1600; x_wconf 83' lang='lat' dir='ltr'><strong>lugubri</strong></span> <span class='ocrx_word' id='word_1_216' title='bbox 3375 1521 3646 1602; x_wconf 88' lang='lat' dir='ltr'><strong>deposito</strong></span> 
     </span>
    </p>
   </div>
   <div class='ocr_carea' id='block_1_32' title="bbox 1998 1607 3647 1689">
    <p class='ocr_par' dir='ltr' id='par_1_32' title="bbox 1998 1607 3647 1689">
     <span class='ocr_line' id='line_1_32' title="bbox 1998 1607 3647 1689; baseline 0.002 -19"><span class='ocrx_word' id='word_1_217' title='bbox 1998 1607 2229 1689; x_wconf 90' lang='lat' dir='ltr'><strong>habitu,</strong></span> <span class='ocrx_word' id='word_1_218' title='bbox 2267 1608 2396 1669; x_wconf 88' lang='lat' dir='ltr'><strong>lata</strong></span> <span class='ocrx_word' id='word_1_219' title='bbox 2424 1608 2497 1669; x_wconf 84' lang='lat' dir='ltr'>ad</span> <span class='ocrx_word' id='word_1_220' title='bbox 2530 1627 2640 1670; x_wconf 87' lang='lat' dir='ltr'>nos</span> <span class='ocrx_word' id='word_1_221' title='bbox 2672 1609 2833 1670; x_wconf 90' lang='lat' dir='ltr'><strong>latos</strong></span> <span class='ocrx_word' id='word_1_222' title='bbox 2864 1609 3174 1688; x_wconf 81' lang='lat' dir='ltr'><strong>egredere,</strong></span> <span class='ocrx_word' id='word_1_223' title='bbox 3209 1627 3286 1672; x_wconf 91' lang='lat' dir='ltr'><strong>ne</strong></span> <span class='ocrx_word' id='word_1_224' title='bbox 3314 1611 3388 1672; x_wconf 88' lang='lat' dir='ltr'><strong>sit</strong></span> <span class='ocrx_word' id='word_1_225' title='bbox 3419 1609 3524 1672; x_wconf 86' lang='lat' dir='ltr'><strong>tibi</strong></span> <span class='ocrx_word' id='word_1_226' title='bbox 3545 1629 3647 1673; x_wconf 87' lang='lat' dir='ltr'><strong>se-</strong></span> 
     </span>
    </p>
   </div>
   <div class='ocr_carea' id='block_1_33' title="bbox 2003 1695 3644 1778">
    <p class='ocr_par' dir='ltr' id='par_1_33' title="bbox 2003 1695 3644 1778">
     <span class='ocr_line' id='line_1_33' title="bbox 2003 1695 3644 1778; baseline 0.003 -20"><span class='ocrx_word' id='word_1_227' title='bbox 2003 1698 2274 1777; x_wconf 92' lang='lat' dir='ltr'><strong>pulcrum</strong></span> <span class='ocrx_word' id='word_1_228' title='bbox 2307 1698 2606 1771; x_wconf 88' lang='lat' dir='ltr'><strong>interitus,</strong></span> <span class='ocrx_word' id='word_1_229' title='bbox 2630 1695 2800 1760; x_wconf 92' lang='lat' dir='ltr'><strong>locus</strong></span> <span class='ocrx_word' id='word_1_230' title='bbox 2833 1700 2960 1777; x_wconf 88' lang='lat' dir='ltr'><strong>ejus</strong></span> <span class='ocrx_word' id='word_1_231' title='bbox 2990 1717 3124 1778; x_wconf 87' lang='lat' dir='ltr'>qua</span> <span class='ocrx_word' id='word_1_232' title='bbox 3151 1698 3386 1762; x_wconf 89' lang='lat' dir='ltr'><strong>videtur</strong></span> <span class='ocrx_word' id='word_1_233' title='bbox 3413 1699 3644 1763; x_wconf 88' lang='lat' dir='ltr'><strong>salutis.</strong></span> 
     </span>
    </p>
   </div>
   <div class='ocr_carea' id='block_1_34' title="bbox 267 1785 1918 1870">
    <p class='ocr_par' dir='ltr' id='par_1_34' title="bbox 267 1785 1917 1870">
     <span class='ocr_line' id='line_1_34' title="bbox 267 1785 1917 1870; baseline -0.005 -15"><span class='ocrx_word' id='word_1_234' title='bbox 267 1785 365 1866; x_wconf 62' lang='grc' dir='ltr'>τήν</span> <span class='ocrx_word' id='word_1_235' title='bbox 397 1797 650 1854; x_wconf 82' lang='grc' dir='ltr'>ἐπιοῦσαν</span> <span class='ocrx_word' id='word_1_236' title='bbox 680 1791 940 1866; x_wconf 80' lang='grc' dir='ltr'>ἀνάλωμα</span> <span class='ocrx_word' id='word_1_237' title='bbox 982 1792 1142 1870; x_wconf 81' lang='grc' dir='ltr'>πυρὸς</span> <span class='ocrx_word' id='word_1_238' title='bbox 1185 1789 1331 1846; x_wconf 78' lang='grc' dir='ltr'>ἔσται</span> <span class='ocrx_word' id='word_1_239' title='bbox 1389 1794 1451 1846; x_wconf 85' lang='grc' dir='ltr'>τὸ</span> <span class='ocrx_word' id='word_1_240' title='bbox 1499 1794 1667 1869; x_wconf 86' lang='grc' dir='ltr'>παρὸν</span> <span class='ocrx_word' id='word_1_241' title='bbox 1727 1790 1917 1847; x_wconf 74' lang='grc' dir='ltr'>ἐνδιαί-</span> 
     </span>
    </p>
   </div>
   <div class='ocr_carea' id='block_1_35' title="bbox 2004 1785 3649 1870">
    <p class='ocr_par' dir='ltr' id='par_1_35' title="bbox 2004 1785 3649 1868">
     <span class='ocr_line' id='line_1_35' title="bbox 2004 1785 3649 1868; baseline 0.001 -19"><span class='ocrx_word' id='word_1_242' title='bbox 2004 1788 2148 1849; x_wconf 88' lang='lat' dir='ltr'>Nam</span> <span class='ocrx_word' id='word_1_243' title='bbox 2184 1788 2233 1847; x_wconf 88' lang='lat' dir='ltr'><strong>si</strong></span> <span class='ocrx_word' id='word_1_244' title='bbox 2266 1795 2326 1846; x_wconf 91' lang='lat' dir='ltr'><strong>tu</strong></span> <span class='ocrx_word' id='word_1_245' title='bbox 2378 1804 2496 1846; x_wconf 91' lang='lat' dir='ltr'>non</span> <span class='ocrx_word' id='word_1_246' title='bbox 2535 1785 2717 1848; x_wconf 84' lang='lat' dir='ltr'><strong>facias</strong></span> <span class='ocrx_word' id='word_1_247' title='bbox 2747 1788 2903 1868; x_wconf 91' lang='lat' dir='ltr'><strong>quod</strong></span> <span class='ocrx_word' id='word_1_248' title='bbox 2929 1786 3204 1866; x_wconf 90' lang='lat' dir='ltr'><strong>jubetur,</strong></span> <span class='ocrx_word' id='word_1_249' title='bbox 3241 1787 3501 1850; x_wconf 80' lang='lat' dir='ltr'><strong>crastino</strong></span> <span class='ocrx_word' id='word_1_250' title='bbox 3550 1789 3649 1851; x_wconf 91' lang='lat' dir='ltr'><strong>die</strong></span> 
     </span>
    </p>
   </div>
   <div class='ocr_carea' id='block_1_36' title="bbox 267 1879 1914 1963">
    <p class='ocr_par' dir='ltr' id='par_1_36' title="bbox 267 1879 1914 1963">
     <span class='ocr_line' id='line_1_36' title="bbox 267 1879 1914 1963; baseline -0.007 -19"><span class='ocrx_word' id='word_1_251' title='bbox 267 1909 440 1963; x_wconf 84' lang='grc' dir='ltr'>τημα.</span> <span class='ocrx_word' id='word_1_252' title='bbox 521 1885 748 1943; x_wconf 80' lang='grc' dir='ltr'>Τοιαῦτα</span> <span class='ocrx_word' id='word_1_253' title='bbox 834 1882 1068 1945; x_wconf 82' lang='grc' dir='ltr'>εἰπόντες</span> <span class='ocrx_word' id='word_1_254' title='bbox 1154 1880 1278 1955; x_wconf 85' lang='grc' dir='ltr'>παρ’</span> <span class='ocrx_word' id='word_1_255' title='bbox 1363 1879 1526 1946; x_wconf 81' lang='grc' dir='ltr'>αὐτῆς</span> <span class='ocrx_word' id='word_1_256' title='bbox 1601 1881 1698 1956; x_wconf 81' lang='grc' dir='ltr'>μὲν</span> <span class='ocrx_word' id='word_1_257' title='bbox 1769 1879 1914 1940; x_wconf 69' lang='grc' dir='ltr'>οὐδὲν</span> 
     </span>
    </p>
   </div>
   <div class='ocr_carea' id='block_1_37' title="bbox 268 1977 488 2045">
    <p class='ocr_par' dir='ltr' id='par_1_37' title="bbox 268 1977 488 2045">
     <span class='ocr_line' id='line_1_37' title="bbox 268 1977 488 2045; baseline 0.027 -13"><span class='ocrx_word' id='word_1_258' title='bbox 268 1977 488 2045; x_wconf 75' lang='grc' dir='ltr'>ἤκουον.</span> 
     </span>
    </p>
   </div>
   <div class='ocr_carea' id='block_1_38' title="bbox 353 2057 1916 2137">
    <p class='ocr_par' dir='ltr' id='par_1_38' title="bbox 353 2057 1916 2137">
     <span class='ocr_line' id='line_1_38' title="bbox 353 2057 1916 2137; baseline -0.005 -14"><span class='ocrx_word' id='word_1_259' title='bbox 353 2067 482 2127; x_wconf 77' lang='lat' dir='ltr'>Kl&quot;.</span> <span class='ocrx_word' id='word_1_260' title='bbox 540 2065 602 2124; x_wconf 74' lang='grc' dir='ltr'><strong>Ἠ</strong></span> <span class='ocrx_word' id='word_1_261' title='bbox 658 2067 918 2137; x_wconf 79' lang='grc' dir='ltr'>Ματρωνα</span> <span class='ocrx_word' id='word_1_262' title='bbox 972 2057 1026 2115; x_wconf 79' lang='grc' dir='ltr'>δὲ</span> <span class='ocrx_word' id='word_1_263' title='bbox 1081 2060 1212 2136; x_wconf 74' lang='grc' dir='ltr'>πρὸς</span> <span class='ocrx_word' id='word_1_264' title='bbox 1257 2059 1442 2122; x_wconf 71' lang='grc' dir='ltr'>αὖτοὺς</span> <span class='ocrx_word' id='word_1_265' title='bbox 1488 2057 1676 2137; x_wconf 77' lang='grc' dir='ltr'>φιλίως</span> <span class='ocrx_word' id='word_1_266' title='bbox 1719 2079 1775 2114; x_wconf 87' lang='grc' dir='ltr'>τε</span> <span class='ocrx_word' id='word_1_267' title='bbox 1829 2061 1916 2115; x_wconf 89' lang='grc' dir='ltr'>καὶ</span> 
     </span>
    </p>
   </div>
   <div class='ocr_carea' id='block_1_39' title="bbox 271 2148 1915 2235">
    <p class='ocr_par' dir='ltr' id='par_1_39' title="bbox 271 2148 1915 2235">
     <span class='ocr_line' id='line_1_39' title="bbox 271 2148 1915 2235; baseline -0.005 -22"><span class='ocrx_word' id='word_1_268' title='bbox 271 2160 575 2235; x_wconf 74' lang='grc' dir='ltr'>εἰρηνικῶς,</span> <span class='ocrx_word' id='word_1_269' title='bbox 635 2151 842 2217; x_wconf 81' lang='grc' dir='ltr'>Ταύτην</span> <span class='ocrx_word' id='word_1_270' title='bbox 898 2152 1040 2228; x_wconf 72' lang='grc' dir='ltr'>ὶᾶτε,</span> <span class='ocrx_word' id='word_1_271' title='bbox 1092 2148 1214 2229; x_wconf 74' lang='grc' dir='ltr'>ἔφη·</span> <span class='ocrx_word' id='word_1_272' title='bbox 1279 2148 1411 2214; x_wconf 68' lang='grc' dir='ltr'>αὕτη</span> <span class='ocrx_word' id='word_1_273' title='bbox 1469 2155 1560 2204; x_wconf 85' lang='grc' dir='ltr'>τοῦ</span> <span class='ocrx_word' id='word_1_274' title='bbox 1631 2156 1764 2205; x_wconf 85' lang='grc' dir='ltr'>Θεοῦ</span> <span class='ocrx_word' id='word_1_275' title='bbox 1809 2150 1915 2204; x_wconf 79' lang='grc' dir='ltr'>τῶν</span> 
     </span>
    </p>
   </div>
   <div class='ocr_carea' id='block_1_40' title="bbox 270 2236 1917 2320">
    <p class='ocr_par' dir='ltr' id='par_1_40' title="bbox 270 2236 1917 2320">
     <span class='ocr_line' id='line_1_40' title="bbox 270 2236 1917 2320; baseline -0.007 -17"><span class='ocrx_word' id='word_1_276' title='bbox 270 2246 536 2320; x_wconf 80' lang='grc' dir='ltr'>ὑμετέρων</span> <span class='ocrx_word' id='word_1_277' title='bbox 596 2245 730 2297; x_wconf 81' lang='grc' dir='ltr'>θεῶν</span> <span class='ocrx_word' id='word_1_278' title='bbox 789 2237 890 2307; x_wconf 75' lang='grc' dir='ltr'>ἤδη</span> <span class='ocrx_word' id='word_1_279' title='bbox 949 2237 1109 2304; x_wconf 81' lang='grc' dir='ltr'>δούλη</span> <span class='ocrx_word' id='word_1_280' title='bbox 1159 2237 1509 2304; x_wconf 79' lang='grc' dir='ltr'>καθέστηκεν.</span> <span class='ocrx_word' id='word_1_281' title='bbox 1573 2236 1732 2296; x_wconf 58' lang='grc' dir='ltr'>Οωὲν</span> <span class='ocrx_word' id='word_1_282' title='bbox 1785 2241 1917 2312; x_wconf 75' lang='grc' dir='ltr'>αῦτῇ</span> 
     </span>
    </p>
   </div>
   <div class='ocr_carea' id='block_1_41' title="bbox 271 2326 1919 2404">
    <p class='ocr_par' dir='ltr' id='par_1_41' title="bbox 271 2326 1919 2404">
     <span class='ocr_line' id='line_1_41' title="bbox 271 2326 1919 2404; baseline -0.007 -10"><span class='ocrx_word' id='word_1_283' title='bbox 271 2337 460 2394; x_wconf 77' lang='grc' dir='ltr'>λοιπὸν</span> <span class='ocrx_word' id='word_1_284' title='bbox 516 2333 604 2388; x_wconf 85' lang='grc' dir='ltr'>καὶ</span> <span class='ocrx_word' id='word_1_285' title='bbox 662 2332 790 2404; x_wconf 79' lang='grc' dir='ltr'>ὑμῖν</span> <span class='ocrx_word' id='word_1_286' title='bbox 853 2329 1126 2386; x_wconf 81' lang='grc' dir='ltr'>κοινωνόν.</span> <span class='ocrx_word' id='word_1_287' title='bbox 1184 2337 1358 2384; x_wconf 87' lang='grc' dir='ltr'>Ταυτα</span> <span class='ocrx_word' id='word_1_288' title='bbox 1410 2326 1728 2388; x_wconf 82' lang='grc' dir='ltr'>ἀκούσαντες</span> <span class='ocrx_word' id='word_1_289' title='bbox 1774 2327 1919 2382; x_wconf 82' lang='grc' dir='ltr'>ἐκεῖ·</span> 
     </span>
    </p>
   </div>
   <div class='ocr_carea' id='block_1_42' title="bbox 279 2419 1920 2501">
    <p class='ocr_par' dir='ltr' id='par_1_42' title="bbox 279 2419 1920 2501">
     <span class='ocr_line' id='line_1_42' title="bbox 279 2419 1920 2501; baseline -0.005 -19"><span class='ocrx_word' id='word_1_290' title='bbox 279 2450 360 2484; x_wconf 91' lang='grc' dir='ltr'>νοι</span> <span class='ocrx_word' id='word_1_291' title='bbox 427 2426 522 2500; x_wconf 74' lang='grc' dir='ltr'>μὲν</span> <span class='ocrx_word' id='word_1_292' title='bbox 581 2421 905 2501; x_wconf 77' lang='grc' dir='ltr'>ὑπέστρεφον</span> <span class='ocrx_word' id='word_1_293' title='bbox 962 2419 1282 2495; x_wconf 81' lang='grc' dir='ltr'>ἐμπρησμὸν</span> <span class='ocrx_word' id='word_1_294' title='bbox 1357 2439 1408 2501; x_wconf 76' lang='grc' dir='ltr'>τε</span> <span class='ocrx_word' id='word_1_295' title='bbox 1465 2425 1558 2475; x_wconf 90' lang='grc' dir='ltr'>τοῦ</span> <span class='ocrx_word' id='word_1_296' title='bbox 1620 2424 1768 2492; x_wconf 84' lang='grc' dir='ltr'>ναοῦ,</span> <span class='ocrx_word' id='word_1_297' title='bbox 1830 2419 1920 2473; x_wconf 87' lang='grc' dir='ltr'>καὶ</span> 
     </span>
    </p>
   </div>
   <div class='ocr_carea' id='block_1_43' title="bbox 281 2497 1916 2593">
    <p class='ocr_par' dir='ltr' id='par_1_43' title="bbox 281 2497 1916 2593">
     <span class='ocr_line' id='line_1_43' title="bbox 281 2497 1916 2593; baseline -0.006 -21"><span class='ocrx_word' id='word_1_298' title='bbox 281 2497 496 2572; x_wconf 78' lang='grc' dir='ltr'>ἀλλατὰ</span> <span class='ocrx_word' id='word_1_299' title='bbox 523 2497 888 2593; x_wconf 78' lang='grc' dir='ltr'>χαλεπώτατα</span> <span class='ocrx_word' id='word_1_300' title='bbox 920 2507 1320 2583; x_wconf 80' lang='grc' dir='ltr'>ἀπειλούμενοι.</span> <span class='ocrx_word' id='word_1_301' title='bbox 1386 2497 1445 2562; x_wconf 64' lang='grc' dir='ltr'><em>Ἠ</em></span> <span class='ocrx_word' id='word_1_302' title='bbox 1503 2505 1560 2562; x_wconf 77' lang='grc' dir='ltr'>δὲ</span> <span class='ocrx_word' id='word_1_303' title='bbox 1603 2509 1736 2582; x_wconf 84' lang='grc' dir='ltr'>κόρη</span> <span class='ocrx_word' id='word_1_304' title='bbox 1785 2509 1916 2584; x_wconf 87' lang='grc' dir='ltr'>πρὸς</span> 
     </span>
    </p>
   </div>
   <div class='ocr_carea' id='block_1_44' title="bbox 279 2593 1921 2678">
    <p class='ocr_par' dir='ltr' id='par_1_44' title="bbox 279 2593 1921 2678">
     <span class='ocr_line' id='line_1_44' title="bbox 279 2593 1921 2678; baseline -0.013 -16"><span class='ocrx_word' id='word_1_305' title='bbox 279 2619 396 2670; x_wconf 82' lang='grc' dir='ltr'>τοῖς</span> <span class='ocrx_word' id='word_1_306' title='bbox 426 2607 547 2660; x_wconf 84' lang='grc' dir='ltr'>ποσὶ</span> <span class='ocrx_word' id='word_1_307' title='bbox 601 2602 698 2668; x_wconf 72' lang='grc' dir='ltr'>τῆς</span> <span class='ocrx_word' id='word_1_308' title='bbox 755 2607 1012 2678; x_wconf 79' lang='grc' dir='ltr'>μοκαρίας</span> <span class='ocrx_word' id='word_1_309' title='bbox 1072 2597 1293 2673; x_wconf 81' lang='grc' dir='ltr'>κειμένη</span> <span class='ocrx_word' id='word_1_310' title='bbox 1353 2594 1530 2663; x_wconf 77' lang='grc' dir='ltr'>πολλὴ</span> <span class='ocrx_word' id='word_1_311' title='bbox 1587 2618 1667 2659; x_wconf 90' lang='grc' dir='ltr'>τις</span> <span class='ocrx_word' id='word_1_312' title='bbox 1700 2597 1766 2663; x_wconf 82' lang='grc' dir='ltr'>ἧν</span> <span class='ocrx_word' id='word_1_313' title='bbox 1810 2593 1921 2652; x_wconf 82' lang='grc' dir='ltr'>δεο-</span> 
     </span>
    </p>
   </div>
   <div class='ocr_carea' id='block_1_45' title="bbox 274 2687 1922 2773">
    <p class='ocr_par' dir='ltr' id='par_1_45' title="bbox 274 2687 1922 2773">
     <span class='ocr_line' id='line_1_45' title="bbox 274 2687 1922 2773; baseline -0.005 -20"><span class='ocrx_word' id='word_1_314' title='bbox 274 2699 410 2771; x_wconf 88' lang='grc' dir='ltr'>μένη</span> <span class='ocrx_word' id='word_1_315' title='bbox 468 2701 696 2773; x_wconf 77' lang='grc' dir='ltr'>Χριστοῦ</span> <span class='ocrx_word' id='word_1_316' title='bbox 771 2697 839 2768; x_wconf 81' lang='grc' dir='ltr'>τῇ</span> <span class='ocrx_word' id='word_1_317' title='bbox 910 2687 1131 2769; x_wconf 74' lang='grc' dir='ltr'>σφαγῖδι</span> <span class='ocrx_word' id='word_1_318' title='bbox 1202 2688 1598 2760; x_wconf 82' lang='grc' dir='ltr'>ἐνσημανθήναι</span> <span class='ocrx_word' id='word_1_319' title='bbox 1672 2688 1760 2742; x_wconf 81' lang='grc' dir='ltr'>καὶ</span> <span class='ocrx_word' id='word_1_320' title='bbox 1833 2695 1922 2745; x_wconf 87' lang='grc' dir='ltr'>τοῦ</span> 
     </span>
    </p>
   </div>
   <div class='ocr_carea' id='block_1_46' title="bbox 269 2775 1920 2864">
    <p class='ocr_par' dir='ltr' id='par_1_46' title="bbox 269 2775 1920 2864">
     <span class='ocr_line' id='line_1_46' title="bbox 269 2775 1920 2864; baseline -0.008 -20"><span class='ocrx_word' id='word_1_321' title='bbox 269 2786 412 2864; x_wconf 73' lang='grc' dir='ltr'>ἱεροῦ</span> <span class='ocrx_word' id='word_1_322' title='bbox 441 2782 810 2861; x_wconf 81' lang='grc' dir='ltr'>βαπτίσματος</span> <span class='ocrx_word' id='word_1_323' title='bbox 868 2779 942 2842; x_wconf 87' lang='grc' dir='ltr'>ὠς</span> <span class='ocrx_word' id='word_1_324' title='bbox 994 2777 1166 2856; x_wconf 69' lang='grc' dir='ltr'>τάχος</span> <span class='ocrx_word' id='word_1_325' title='bbox 1225 2775 1534 2864; x_wconf 80' lang='grc' dir='ltr'>ἀξιωθῆναι,</span> <span class='ocrx_word' id='word_1_326' title='bbox 1594 2776 1920 2864; x_wconf 79' lang='grc' dir='ltr'>Προσμένειν</span> 
     </span>
    </p>
   </div>
   <div class='ocr_carea' id='block_1_47' title="bbox 270 2862 1919 2947">
    <p class='ocr_par' dir='ltr' id='par_1_47' title="bbox 270 2862 1919 2947">
     <span class='ocr_line' id='line_1_47' title="bbox 270 2862 1919 2947; baseline -0.013 -16"><span class='ocrx_word' id='word_1_327' title='bbox 270 2862 361 2932; x_wconf 77' lang='grc' dir='ltr'>σῦν</span> <span class='ocrx_word' id='word_1_328' title='bbox 421 2876 456 2941; x_wconf 81' lang='grc' dir='ltr'>ἡ</span> <span class='ocrx_word' id='word_1_329' title='bbox 522 2867 786 2947; x_wconf 78' lang='grc' dir='ltr'>Ματρῶνα</span> <span class='ocrx_word' id='word_1_330' title='bbox 843 2879 964 2930; x_wconf 89' lang='grc' dir='ltr'>ταῖς</span> <span class='ocrx_word' id='word_1_331' title='bbox 1014 2864 1234 2926; x_wconf 79' lang='grc' dir='ltr'>λοιπαῖς</span> <span class='ocrx_word' id='word_1_332' title='bbox 1292 2862 1619 2942; x_wconf 69' lang='grc' dir='ltr'>ἐπιτρέψασα</span> <span class='ocrx_word' id='word_1_333' title='bbox 1671 2863 1756 2920; x_wconf 83' lang='grc' dir='ltr'>ἐπὶ</span> <span class='ocrx_word' id='word_1_334' title='bbox 1789 2862 1919 2920; x_wconf 89' lang='grc' dir='ltr'>συλ-</span> 
     </span>
    </p>
   </div>
   <div class='ocr_carea' id='block_1_48' title="bbox 269 2950 1922 3042">
    <p class='ocr_par' dir='ltr' id='par_1_48' title="bbox 269 2950 1922 3042">
     <span class='ocr_line' id='line_1_48' title="bbox 269 2950 1922 3042; baseline -0.006 -25"><span class='ocrx_word' id='word_1_335' title='bbox 269 2966 442 3042; x_wconf 73' lang='grc' dir='ltr'>λογὴν</span> <span class='ocrx_word' id='word_1_336' title='bbox 471 2961 525 3019; x_wconf 78' lang='grc' dir='ltr'>ὕ)</span> <span class='ocrx_word' id='word_1_337' title='bbox 538 2983 604 3027; x_wconf 93' lang='grc' dir='ltr'>ης</span> <span class='ocrx_word' id='word_1_338' title='bbox 666 2958 842 3024; x_wconf 69' lang='grc' dir='ltr'>ἓκείνη</span> <span class='ocrx_word' id='word_1_339' title='bbox 901 2953 1164 3028; x_wconf 77' lang='grc' dir='ltr'>προῆλθεν</span> <span class='ocrx_word' id='word_1_340' title='bbox 1214 2953 1400 3031; x_wconf 78' lang='grc' dir='ltr'>ξηρᾶς,</span> <span class='ocrx_word' id='word_1_341' title='bbox 1433 2951 1526 3042; x_wconf 74' lang='grc' dir='ltr'>καὶ</span> <span class='ocrx_word' id='word_1_342' title='bbox 1558 2950 1690 3042; x_wconf 59' lang='grc' dir='ltr'>πολλ</span> <span class='ocrx_word' id='word_1_343' title='bbox 1704 2953 1774 3019; x_wconf 76' lang='grc' dir='ltr'>ὴν</span> <span class='ocrx_word' id='word_1_344' title='bbox 1803 2975 1922 3009; x_wconf 91' lang='grc' dir='ltr'>τινα</span> 
     </span>
    </p>
   </div>
   <div class='ocr_carea' id='block_1_49' title="bbox 271 3041 1922 3130">
    <p class='ocr_par' dir='ltr' id='par_1_49' title="bbox 271 3041 1922 3130">
     <span class='ocr_line' id='line_1_49' title="bbox 271 3041 1922 3130; baseline -0.008 -20"><span class='ocrx_word' id='word_1_345' title='bbox 271 3041 644 3130; x_wconf 82' lang='grc' dir='ltr'>συναγαγοῦσα</span> <span class='ocrx_word' id='word_1_346' title='bbox 728 3048 814 3104; x_wconf 81' lang='grc' dir='ltr'>καὶ</span> <span class='ocrx_word' id='word_1_347' title='bbox 897 3042 1314 3122; x_wconf 79' lang='grc' dir='ltr'>ὑποστρέψασα,</span> <span class='ocrx_word' id='word_1_348' title='bbox 1402 3041 1552 3106; x_wconf 80' lang='grc' dir='ltr'>Τινὲς</span> <span class='ocrx_word' id='word_1_349' title='bbox 1637 3041 1689 3107; x_wconf 75' lang='grc' dir='ltr'>ἐξ</span> <span class='ocrx_word' id='word_1_350' title='bbox 1774 3043 1922 3117; x_wconf 76' lang='grc' dir='ltr'>ὐμῶν</span> 
     </span>
    </p>
   </div>
   <div class='ocr_carea' id='block_1_50' title="bbox 270 3131 1920 3213">
    <p class='ocr_par' dir='ltr' id='par_1_50' title="bbox 270 3131 1920 3213">
     <span class='ocr_line' id='line_1_50' title="bbox 270 3131 1920 3213; baseline -0.007 -14"><span class='ocrx_word' id='word_1_351' title='bbox 270 3142 596 3200; x_wconf 80' lang='grc' dir='ltr'>ἀπελθοῦσαι</span> <span class='ocrx_word' id='word_1_352' title='bbox 651 3135 788 3192; x_wconf 78' lang='grc' dir='ltr'>κατὰ</span> <span class='ocrx_word' id='word_1_353' title='bbox 836 3135 1034 3213; x_wconf 82' lang='grc' dir='ltr'>τάχος,</span> <span class='ocrx_word' id='word_1_354' title='bbox 1093 3133 1272 3205; x_wconf 78' lang='grc' dir='ltr'>εἶπεν,</span> <span class='ocrx_word' id='word_1_355' title='bbox 1346 3131 1738 3207; x_wconf 76' lang='grc' dir='ltr'>ὑπαγορεύσατε</span> <span class='ocrx_word' id='word_1_356' title='bbox 1803 3143 1920 3194; x_wconf 85' lang='grc' dir='ltr'>τοῖς</span> 
     </span>
    </p>
   </div>
   <div class='ocr_carea' id='block_1_51' title="bbox 270 3217 1915 3311">
    <p class='ocr_par' dir='ltr' id='par_1_51' title="bbox 270 3217 1915 3311">
     <span class='ocr_line' id='line_1_51' title="bbox 270 3217 1915 3311; baseline -0.007 -22"><span class='ocrx_word' id='word_1_357' title='bbox 270 3235 374 3311; x_wconf 79' lang='grc' dir='ltr'>πρὸ</span> <span class='ocrx_word' id='word_1_358' title='bbox 405 3227 638 3308; x_wconf 80' lang='grc' dir='ltr'>βραχέος</span> <span class='ocrx_word' id='word_1_359' title='bbox 697 3223 937 3311; x_wconf 69' lang='grc' dir='ltr'>ἥκουσιν,</span> <span class='ocrx_word' id='word_1_360' title='bbox 1001 3221 1082 3278; x_wconf 76' lang='grc' dir='ltr'>ὅτι</span> <span class='ocrx_word' id='word_1_361' title='bbox 1133 3226 1234 3311; x_wconf 86' lang='grc' dir='ltr'>πῦρ</span> <span class='ocrx_word' id='word_1_362' title='bbox 1285 3222 1415 3296; x_wconf 77' lang='grc' dir='ltr'>ὑμῖν</span> <span class='ocrx_word' id='word_1_363' title='bbox 1445 3223 1534 3311; x_wconf 74' lang='grc' dir='ltr'>καὶ</span> <span class='ocrx_word' id='word_1_364' title='bbox 1560 3219 1662 3311; x_wconf 74' lang='grc' dir='ltr'>ὕλη</span> <span class='ocrx_word' id='word_1_365' title='bbox 1687 3217 1915 3311; x_wconf 25' lang='grc' dir='ltr'>’ἀφθονπ</span> 
     </span>
    </p>
   </div>
   <div class='ocr_carea' id='block_1_52' title="bbox 270 3306 1919 3399">
    <p class='ocr_par' dir='ltr' id='par_1_52' title="bbox 270 3306 1919 3399">
     <span class='ocr_line' id='line_1_52' title="bbox 270 3306 1919 3399; baseline -0.007 -21"><span class='ocrx_word' id='word_1_366' title='bbox 270 3306 624 3399; x_wconf 63' lang='grc' dir='ltr'>πῦτρεπίσθη,</span> <span class='ocrx_word' id='word_1_367' title='bbox 682 3314 818 3379; x_wconf 81' lang='grc' dir='ltr'>τίνος</span> <span class='ocrx_word' id='word_1_368' title='bbox 873 3310 928 3368; x_wconf 81' lang='grc' dir='ltr'>δὲ</span> <span class='ocrx_word' id='word_1_369' title='bbox 987 3311 1146 3390; x_wconf 80' lang='grc' dir='ltr'>χάριν</span> <span class='ocrx_word' id='word_1_370' title='bbox 1215 3309 1245 3376; x_wconf 70' lang='grc' dir='ltr'>ἦ</span> <span class='ocrx_word' id='word_1_371' title='bbox 1307 3311 1455 3399; x_wconf 74' lang='grc' dir='ltr'>ὒμῷν</span> <span class='ocrx_word' id='word_1_372' title='bbox 1487 3306 1656 3389; x_wconf 75' lang='grc' dir='ltr'>ἄφιξις</span> <span class='ocrx_word' id='word_1_373' title='bbox 1684 3307 1919 3399; x_wconf 60' lang='lat' dir='ltr'><strong>{inept-.1,</strong></span> 
     </span>
    </p>
   </div>
   <div class='ocr_carea' id='block_1_53' title="bbox 272 3397 1922 3476">
    <p class='ocr_par' dir='ltr' id='par_1_53' title="bbox 272 3397 1922 3476">
     <span class='ocr_line' id='line_1_53' title="bbox 272 3397 1922 3476; baseline 0.008 -30"><span class='ocrx_word' id='word_1_374' title='bbox 272 3397 386 3468; x_wconf 31' lang='lat' dir='ltr'>{vi</span> <span class='ocrx_word' id='word_1_375' title='bbox 423 3412 512 3465; x_wconf 73' lang='grc' dir='ltr'>καὶ</span> <span class='ocrx_word' id='word_1_376' title='bbox 567 3404 720 3468; x_wconf 78' lang='grc' dir='ltr'>τέλος</span> <span class='ocrx_word' id='word_1_377' title='bbox 778 3404 845 3460; x_wconf 75' lang='grc' dir='ltr'>τὰ</span> <span class='ocrx_word' id='word_1_378' title='bbox 897 3400 1235 3476; x_wconf 83' lang='grc' dir='ltr'>ἠπειλημένα</span> <span class='ocrx_word' id='word_1_379' title='bbox 1290 3397 1416 3471; x_wconf 85' lang='grc' dir='ltr'>παρ’</span> <span class='ocrx_word' id='word_1_380' title='bbox 1475 3399 1623 3475; x_wconf 74' lang='grc' dir='ltr'>ὑμῶν</span> <span class='ocrx_word' id='word_1_381' title='bbox 1694 3397 1922 3461; x_wconf 82' lang='grc' dir='ltr'>λάϐωσι.</span> 
     </span>
    </p>
   </div>
   <div class='ocr_carea' id='block_1_54' title="bbox 270 3487 1927 3562">
    <p class='ocr_par' dir='ltr' id='par_1_54' title="bbox 270 3487 1927 3562">
     <span class='ocr_line' id='line_1_54' title="bbox 270 3487 1927 3562; baseline -0.009 -1"><span class='ocrx_word' id='word_1_382' title='bbox 270 3503 482 3562; x_wconf 80' lang='grc' dir='ltr'>Τούτων</span> <span class='ocrx_word' id='word_1_383' title='bbox 538 3496 742 3552; x_wconf 66' lang='grc' dir='ltr'>ἐκεῖνοί</span> <span class='ocrx_word' id='word_1_384' title='bbox 797 3493 1115 3554; x_wconf 78' lang='grc' dir='ltr'>ἀκούσαντες</span> <span class='ocrx_word' id='word_1_385' title='bbox 1171 3490 1266 3545; x_wconf 84' lang='grc' dir='ltr'><strong>καί</strong></span> <span class='ocrx_word' id='word_1_386' title='bbox 1324 3490 1385 3545; x_wconf 80' lang='grc' dir='ltr'>τὸ</span> <span class='ocrx_word' id='word_1_387' title='bbox 1414 3488 1510 3556; x_wconf 71' lang='grc' dir='ltr'>τῆς</span> <span class='ocrx_word' id='word_1_388' title='bbox 1535 3487 1769 3551; x_wconf 81' lang='grc' dir='ltr'>ἐπινοίας</span> <span class='ocrx_word' id='word_1_389' title='bbox 1833 3511 1927 3546; x_wconf 86' lang='grc' dir='ltr'>σο-</span> 
     </span>
    </p>
   </div>
   <div class='ocr_carea' id='block_1_55' title="bbox 272 3577 1924 3662">
    <p class='ocr_par' dir='ltr' id='par_1_55' title="bbox 272 3577 1924 3662">
     <span class='ocr_line' id='line_1_55' title="bbox 272 3577 1924 3662; baseline -0.006 -17"><span class='ocrx_word' id='word_1_390' title='bbox 272 3594 368 3662; x_wconf 75' lang='grc' dir='ltr'>φὸν</span> <span class='ocrx_word' id='word_1_391' title='bbox 400 3588 581 3645; x_wconf 79' lang='grc' dir='ltr'>καὶτὸ</span> <span class='ocrx_word' id='word_1_392' title='bbox 611 3590 704 3640; x_wconf 83' lang='grc' dir='ltr'>τοῦ</span> <span class='ocrx_word' id='word_1_393' title='bbox 760 3581 1100 3662; x_wconf 73' lang='grc' dir='ltr'>φρονήματος</span> <span class='ocrx_word' id='word_1_394' title='bbox 1161 3578 1490 3655; x_wconf 82' lang='grc' dir='ltr'>ἀγασάμενοι</span> <span class='ocrx_word' id='word_1_395' title='bbox 1549 3577 1726 3644; x_wconf 82' lang='grc' dir='ltr'>πάσης</span> <span class='ocrx_word' id='word_1_396' title='bbox 1776 3577 1924 3644; x_wconf 76' lang='grc' dir='ltr'>ἠπο-</span> 
     </span>
    </p>
   </div>
   <div class='ocr_carea' id='block_1_56' title="bbox 273 3654 1924 3760">
    <p class='ocr_par' dir='ltr' id='par_1_56' title="bbox 273 3654 1924 3760">
     <span class='ocr_line' id='line_1_56' title="bbox 273 3654 1924 3760; baseline -0.008 -25"><span class='ocrx_word' id='word_1_397' title='bbox 273 3654 392 3760; x_wconf 59' lang='lat' dir='ltr'><strong>pauo</strong></span> <span class='ocrx_word' id='word_1_398' title='bbox 453 3654 883 3751; x_wconf 64' lang='grc' dir='ltr'>ἀνταποκρίσεως</span> <span class='ocrx_word' id='word_1_399' title='bbox 935 3654 1094 3743; x_wconf 71' lang='grc' dir='ltr'>μηδὲ</span> <span class='ocrx_word' id='word_1_400' title='bbox 1164 3654 1263 3734; x_wconf 68' lang='grc' dir='ltr'>τὴν</span> <span class='ocrx_word' id='word_1_401' title='bbox 1336 3666 1924 3760; x_wconf 39' lang='grc' dir='ltr'>ἐκεῖσεμὺποστροφὴν</span> 
     </span>
    </p>
   </div>
   <div class='ocr_carea' id='block_1_57' title="bbox 270 3752 1923 3843">
    <p class='ocr_par' dir='ltr' id='par_1_57' title="bbox 270 3752 1923 3843">
     <span class='ocr_line' id='line_1_57' title="bbox 270 3752 1923 3843; baseline -0.009 -17"><span class='ocrx_word' id='word_1_402' title='bbox 270 3752 334 3826; x_wconf 71' lang='grc' dir='ltr'>τὸ</span> <span class='ocrx_word' id='word_1_403' title='bbox 393 3767 533 3843; x_wconf 85' lang='grc' dir='ltr'>μετά</span> <span class='ocrx_word' id='word_1_404' title='bbox 587 3769 754 3819; x_wconf 87' lang='grc' dir='ltr'>ταῦτα</span> <span class='ocrx_word' id='word_1_405' title='bbox 803 3757 1278 3837; x_wconf 68' lang='grc' dir='ltr'>ἀναθαρρήσαντες.</span> <span class='ocrx_word' id='word_1_406' title='bbox 1341 3755 1471 3812; x_wconf 86' lang='grc' dir='ltr'>Τότε</span> <span class='ocrx_word' id='word_1_407' title='bbox 1529 3752 1594 3822; x_wconf 75' lang='grc' dir='ltr'>δὴ</span> <span class='ocrx_word' id='word_1_408' title='bbox 1634 3767 1756 3818; x_wconf 80' lang='grc' dir='ltr'>ταῖς</span> <span class='ocrx_word' id='word_1_409' title='bbox 1787 3755 1923 3812; x_wconf 84' lang='grc' dir='ltr'>ἀνα-</span> 
     </span>
    </p>
   </div>
   <div class='ocr_carea' id='block_1_58' title="bbox 274 3845 1921 3938">
    <p class='ocr_par' dir='ltr' id='par_1_58' title="bbox 274 3845 1921 3938">
     <span class='ocr_line' id='line_1_58' title="bbox 274 3845 1921 3938; baseline -0.009 -23"><span class='ocrx_word' id='word_1_410' title='bbox 274 3857 598 3938; x_wconf 79' lang='grc' dir='ltr'>στρεψάσαις</span> <span class='ocrx_word' id='word_1_411' title='bbox 684 3851 864 3921; x_wconf 79' lang='grc' dir='ltr'>ἑτέραν</span> <span class='ocrx_word' id='word_1_412' title='bbox 972 3848 1117 3911; x_wconf 81' lang='grc' dir='ltr'>αὖθις</span> <span class='ocrx_word' id='word_1_413' title='bbox 1202 3847 1239 3914; x_wconf 79' lang='grc' dir='ltr'><strong>ἦ</strong></span> <span class='ocrx_word' id='word_1_414' title='bbox 1325 3845 1557 3938; x_wconf 73' lang='grc' dir='ltr'>μακαρία</span> <span class='ocrx_word' id='word_1_415' title='bbox 1637 3845 1921 3938; x_wconf 74' lang='grc' dir='ltr'>ὁπουργίαν</span> 
     </span>
    </p>
   </div>
   <div class='ocr_carea' id='block_1_59' title="bbox 273 3932 1923 4013">
    <p class='ocr_par' dir='ltr' id='par_1_59' title="bbox 273 3932 1923 4013">
     <span class='ocr_line' id='line_1_59' title="bbox 273 3932 1923 4013; baseline -0.01 -7"><span class='ocrx_word' id='word_1_416' title='bbox 273 3932 561 4006; x_wconf 73' lang='grc' dir='ltr'>ἔπέταττεν</span> <span class='ocrx_word' id='word_1_417' title='bbox 595 3940 806 3999; x_wconf 80' lang='grc' dir='ltr'>ἀπιέναι</span> <span class='ocrx_word' id='word_1_418' title='bbox 836 3960 892 3994; x_wconf 80' lang='grc' dir='ltr'>τε</span> <span class='ocrx_word' id='word_1_419' title='bbox 953 3939 1038 3994; x_wconf 81' lang='grc' dir='ltr'>καὶ</span> <span class='ocrx_word' id='word_1_420' title='bbox 1084 3939 1162 4010; x_wconf 81' lang='grc' dir='ltr'>τῷ</span> <span class='ocrx_word' id='word_1_421' title='bbox 1201 3934 1480 4008; x_wconf 73' lang='grc' dir='ltr'>ἐπισκόπῳ</span> <span class='ocrx_word' id='word_1_422' title='bbox 1529 3932 1779 4013; x_wconf 81' lang='grc' dir='ltr'>ἐντυχεῖν</span> <span class='ocrx_word' id='word_1_423' title='bbox 1827 3933 1923 3991; x_wconf 74' lang='grc' dir='ltr'>καὶ</span> 
     </span>
    </p>
   </div>
   <div class='ocr_carea' id='block_1_60' title="bbox 273 4022 1922 4117">
    <p class='ocr_par' dir='ltr' id='par_1_60' title="bbox 273 4022 1922 4117">
     <span class='ocr_line' id='line_1_60' title="bbox 273 4022 1922 4117; baseline -0.01 -21"><span class='ocrx_word' id='word_1_424' title='bbox 273 4037 394 4117; x_wconf 84' lang='grc' dir='ltr'>μεθ’</span> <span class='ocrx_word' id='word_1_425' title='bbox 454 4037 654 4092; x_wconf 74' lang='grc' dir='ltr'>ἑαυτῶν</span> <span class='ocrx_word' id='word_1_426' title='bbox 712 4031 942 4108; x_wconf 85' lang='grc' dir='ltr'>ἀγαγεῖν</span> <span class='ocrx_word' id='word_1_427' title='bbox 998 4033 1105 4084; x_wconf 84' lang='grc' dir='ltr'>τῶν</span> <span class='ocrx_word' id='word_1_428' title='bbox 1131 4024 1342 4117; x_wconf 62' lang='grc' dir='ltr'>Δίερέων</span> <span class='ocrx_word' id='word_1_429' title='bbox 1399 4022 1491 4117; x_wconf 73' lang='grc' dir='ltr'>ἕνα</span> <span class='ocrx_word' id='word_1_430' title='bbox 1538 4024 1665 4117; x_wconf 72' lang='grc' dir='ltr'>τινὰΔ</span> <span class='ocrx_word' id='word_1_431' title='bbox 1687 4025 1774 4080; x_wconf 86' lang='grc' dir='ltr'>καὶ</span> <span class='ocrx_word' id='word_1_432' title='bbox 1804 4023 1922 4080; x_wconf 82' lang='grc' dir='ltr'>διά-</span> 
     </span>
    </p>
   </div>
   <div class='ocr_carea' id='block_1_61' title="bbox 272 4112 1920 4193">
    <p class='ocr_par' dir='ltr' id='par_1_61' title="bbox 272 4112 1920 4193">
     <span class='ocr_line' id='line_1_61' title="bbox 272 4112 1920 4193; baseline -0.013 -5"><span class='ocrx_word' id='word_1_433' title='bbox 272 4112 452 4188; x_wconf 73' lang='grc' dir='ltr'>κονον.</span> <span class='ocrx_word' id='word_1_434' title='bbox 517 4123 592 4183; x_wconf 77' lang='grc' dir='ltr'>Οὗ</span> <span class='ocrx_word' id='word_1_435' title='bbox 645 4119 711 4188; x_wconf 79' lang='grc' dir='ltr'>δὴ</span> <span class='ocrx_word' id='word_1_436' title='bbox 759 4121 847 4176; x_wconf 83' lang='grc' dir='ltr'>καὶ</span> <span class='ocrx_word' id='word_1_437' title='bbox 891 4118 1030 4176; x_wconf 85' lang='grc' dir='ltr'>κατά</span> <span class='ocrx_word' id='word_1_438' title='bbox 1059 4113 1267 4183; x_wconf 74' lang='grc' dir='ltr'>πολλὴν</span> <span class='ocrx_word' id='word_1_439' title='bbox 1297 4112 1588 4192; x_wconf 81' lang='grc' dir='ltr'>γενομένου</span> <span class='ocrx_word' id='word_1_440' title='bbox 1616 4113 1715 4180; x_wconf 80' lang='grc' dir='ltr'>τὴν</span> <span class='ocrx_word' id='word_1_441' title='bbox 1744 4135 1920 4193; x_wconf 82' lang='grc' dir='ltr'>ταχυ-</span> 
     </span>
    </p>
   </div>
   <div class='ocr_carea' id='block_1_62' title="bbox 274 4200 1922 4287">
    <p class='ocr_par' dir='ltr' id='par_1_62' title="bbox 274 4200 1922 4287">
     <span class='ocr_line' id='line_1_62' title="bbox 274 4200 1922 4287; baseline -0.013 -12"><span class='ocrx_word' id='word_1_442' title='bbox 274 4224 419 4284; x_wconf 77' lang='grc' dir='ltr'>τῆτα</span> <span class='ocrx_word' id='word_1_443' title='bbox 469 4227 588 4277; x_wconf 83' lang='grc' dir='ltr'>τοῖς</span> <span class='ocrx_word' id='word_1_444' title='bbox 644 4211 866 4287; x_wconf 73' lang='grc' dir='ltr'>ἱερεῦσιν</span> <span class='ocrx_word' id='word_1_445' title='bbox 923 4205 1027 4274; x_wconf 74' lang='grc' dir='ltr'>ἤδη</span> <span class='ocrx_word' id='word_1_446' title='bbox 1096 4203 1440 4286; x_wconf 73' lang='grc' dir='ltr'>ἀφικομένοις</span> <span class='ocrx_word' id='word_1_447' title='bbox 1519 4202 1618 4270; x_wconf 76' lang='grc' dir='ltr'>τὴν</span> <span class='ocrx_word' id='word_1_448' title='bbox 1689 4200 1922 4283; x_wconf 72' lang='grc' dir='ltr'>ἔναγχος</span> 
     </span>
    </p>
   </div>
   <div class='ocr_carea' id='block_1_63' title="bbox 273 4291 1922 4384">
    <p class='ocr_par' dir='ltr' id='par_1_63' title="bbox 273 4291 1922 4384">
     <span class='ocr_line' id='line_1_63' title="bbox 273 4291 1922 4384; baseline -0.01 -20"><span class='ocrx_word' id='word_1_449' title='bbox 273 4311 412 4382; x_wconf 81' lang='grc' dir='ltr'>αὐτῇ</span> <span class='ocrx_word' id='word_1_450' title='bbox 463 4300 848 4384; x_wconf 67' lang='grc' dir='ltr'>προσελθοῦσαι</span> <span class='ocrx_word' id='word_1_451' title='bbox 907 4297 1100 4375; x_wconf 70' lang='grc' dir='ltr'>ἱέρειαν</span> <span class='ocrx_word' id='word_1_452' title='bbox 1157 4291 1456 4372; x_wconf 85' lang='grc' dir='ltr'>παρεδίδου,</span> <span class='ocrx_word' id='word_1_453' title='bbox 1505 4294 1822 4371; x_wconf 81' lang='grc' dir='ltr'>κατηχῆσαί</span> <span class='ocrx_word' id='word_1_454' title='bbox 1864 4313 1922 4349; x_wconf 88' lang='grc' dir='ltr'>τε</span> 
     </span>
    </p>
   </div>
   <div class='ocr_carea' id='block_1_64' title="bbox 272 4385 1920 4474">
    <p class='ocr_par' dir='ltr' id='par_1_64' title="bbox 272 4385 1920 4474">
     <span class='ocr_line' id='line_1_64' title="bbox 272 4385 1920 4474; baseline -0.008 -17"><span class='ocrx_word' id='word_1_455' title='bbox 272 4401 474 4464; x_wconf 86' lang='grc' dir='ltr'>ταύτην</span> <span class='ocrx_word' id='word_1_456' title='bbox 543 4394 820 4474; x_wconf 74' lang='grc' dir='ltr'>ἐπέτρεπε,</span> <span class='ocrx_word' id='word_1_457' title='bbox 891 4391 981 4447; x_wconf 86' lang='grc' dir='ltr'>καὶ</span> <span class='ocrx_word' id='word_1_458' title='bbox 1048 4387 1324 4465; x_wconf 85' lang='grc' dir='ltr'>βαπτίσαι,</span> <span class='ocrx_word' id='word_1_459' title='bbox 1397 4387 1486 4442; x_wconf 82' lang='grc' dir='ltr'>καὶ</span> <span class='ocrx_word' id='word_1_460' title='bbox 1556 4387 1685 4463; x_wconf 83' lang='grc' dir='ltr'>πρὸς</span> <span class='ocrx_word' id='word_1_461' title='bbox 1755 4385 1920 4454; x_wconf 69' lang='grc' dir='ltr'>αὐτὴν</span> 
     </span>
    </p>
   </div>
   <div class='ocr_carea' id='block_1_65' title="bbox 277 4487 706 4566">
    <p class='ocr_par' dir='ltr' id='par_1_65' title="bbox 277 4487 706 4566">
     <span class='ocr_line' id='line_1_65' title="bbox 277 4487 706 4566; baseline -0.014 -18"><span class='ocrx_word' id='word_1_462' title='bbox 277 4491 426 4552; x_wconf 81' lang='grc' dir='ltr'>αὖθις</span> <span class='ocrx_word' id='word_1_463' title='bbox 456 4487 706 4566; x_wconf 85' lang='grc' dir='ltr'>ἀγαγεῖν.</span> 
     </span>
    </p>
   </div>
   <div class='ocr_carea' id='block_1_66' title="bbox 1999 1874 3649 1956">
    <p class='ocr_par' dir='ltr' id='par_1_66' title="bbox 1999 1874 3649 1956">
     <span class='ocr_line' id='line_1_66' title="bbox 1999 1874 3649 1956; baseline 0.003 -20"><span class='ocrx_word' id='word_1_464' title='bbox 1999 1874 2073 1936; x_wconf 93' lang='lat' dir='ltr'>ab</span> <span class='ocrx_word' id='word_1_465' title='bbox 2125 1874 2261 1954; x_wconf 79' lang='lat' dir='ltr'><strong>igne</strong></span> <span class='ocrx_word' id='word_1_466' title='bbox 2292 1883 2686 1937; x_wconf 91' lang='lat' dir='ltr'><strong>consumetur</strong></span> <span class='ocrx_word' id='word_1_467' title='bbox 2731 1893 2997 1956; x_wconf 86' lang='lat' dir='ltr'><strong>prasens</strong></span> <span class='ocrx_word' id='word_1_468' title='bbox 3025 1875 3456 1940; x_wconf 77' lang='lat' dir='ltr'><strong>habitaculum.</strong></span> <span class='ocrx_word' id='word_1_469' title='bbox 3510 1876 3649 1941; x_wconf 79' lang='lat' dir='ltr'>Hac</span> 
     </span>
    </p>
   </div>
   <div class='ocr_carea' id='block_1_67' title="bbox 2000 1963 3564 2045">
    <p class='ocr_par' dir='ltr' id='par_1_67' title="bbox 2000 1963 3564 2045">
     <span class='ocr_line' id='line_1_67' title="bbox 2000 1963 3564 2045; baseline 0.002 -19"><span class='ocrx_word' id='word_1_470' title='bbox 2000 1984 2135 2026; x_wconf 90' lang='lat' dir='ltr'>cum</span> <span class='ocrx_word' id='word_1_471' title='bbox 2167 1963 2479 2037; x_wconf 80' lang='lat' dir='ltr'><strong>dixissent,</strong></span> <span class='ocrx_word' id='word_1_472' title='bbox 2506 1964 2578 2025; x_wconf 89' lang='lat' dir='ltr'>ab</span> <span class='ocrx_word' id='word_1_473' title='bbox 2613 1965 2744 2045; x_wconf 90' lang='lat' dir='ltr'><strong>ipsa</strong></span> <span class='ocrx_word' id='word_1_474' title='bbox 2771 1964 3014 2045; x_wconf 91' lang='lat' dir='ltr'><strong>quidem</strong></span> <span class='ocrx_word' id='word_1_475' title='bbox 3038 1965 3188 2027; x_wconf 88' lang='lat' dir='ltr'><strong>nihil</strong></span> <span class='ocrx_word' id='word_1_476' title='bbox 3217 1965 3564 2030; x_wconf 83' lang='lat' dir='ltr'><strong>audiebant.</strong></span> 
     </span>
    </p>
   </div>
   <div class='ocr_carea' id='block_1_68' title="bbox 2078 2052 3648 2137">
    <p class='ocr_par' dir='ltr' id='par_1_68' title="bbox 2078 2052 3648 2137">
     <span class='ocr_line' id='line_1_68' title="bbox 2078 2052 3648 2137; baseline 0.001 -22"><span class='ocrx_word' id='word_1_477' title='bbox 2078 2053 2286 2116; x_wconf 84' lang='lat' dir='ltr'>XXIII.</span> <span class='ocrx_word' id='word_1_478' title='bbox 2320 2052 2586 2115; x_wconf 85' lang='lat' dir='ltr'><strong>Matrona</strong></span> <span class='ocrx_word' id='word_1_479' title='bbox 2614 2062 2812 2116; x_wconf 91' lang='lat' dir='ltr'><strong>autem</strong></span> <span class='ocrx_word' id='word_1_480' title='bbox 2843 2053 2933 2117; x_wconf 92' lang='lat' dir='ltr'>eis</span> <span class='ocrx_word' id='word_1_481' title='bbox 2979 2053 3129 2117; x_wconf 81' lang='lat' dir='ltr'><strong>dixit</strong></span> <span class='ocrx_word' id='word_1_482' title='bbox 3155 2055 3349 2118; x_wconf 89' lang='lat' dir='ltr'><strong>amice</strong></span> <span class='ocrx_word' id='word_1_483' title='bbox 3378 2065 3436 2118; x_wconf 93' lang='lat' dir='ltr'>et</span> <span class='ocrx_word' id='word_1_484' title='bbox 3479 2058 3648 2137; x_wconf 89' lang='lat' dir='ltr'><strong>paci-</strong></span> 
     </span>
    </p>
   </div>
   <div class='ocr_carea' id='block_1_69' title="bbox 2000 2142 3648 2227">
    <p class='ocr_par' dir='ltr' id='par_1_69' title="bbox 2000 2142 3648 2227">
     <span class='ocr_line' id='line_1_69' title="bbox 2000 2142 3648 2227; baseline 0.003 -23"><span class='ocrx_word' id='word_1_485' title='bbox 2000 2143 2135 2207; x_wconf 82' lang='lat' dir='ltr'>ﬁce:</span> <span class='ocrx_word' id='word_1_486' title='bbox 2169 2142 2335 2205; x_wconf 88' lang='lat' dir='ltr'><strong>Hanc</strong></span> <span class='ocrx_word' id='word_1_487' title='bbox 2357 2143 2559 2214; x_wconf 90' lang='lat' dir='ltr'><strong>sinite,</strong></span> <span class='ocrx_word' id='word_1_488' title='bbox 2594 2143 2810 2224; x_wconf 90' lang='lat' dir='ltr'><strong>inquit,</strong></span> <span class='ocrx_word' id='word_1_489' title='bbox 2845 2145 2973 2206; x_wconf 87' lang='lat' dir='ltr'>hac</span> <span class='ocrx_word' id='word_1_490' title='bbox 2999 2153 3088 2206; x_wconf 91' lang='lat' dir='ltr'>est</span> <span class='ocrx_word' id='word_1_491' title='bbox 3111 2143 3215 2206; x_wconf 92' lang='lat' dir='ltr'>Dei</span> <span class='ocrx_word' id='word_1_492' title='bbox 3243 2144 3481 2226; x_wconf 81' lang='lat' dir='ltr'><strong>ancilla,</strong></span> <span class='ocrx_word' id='word_1_493' title='bbox 3515 2164 3648 2227; x_wconf 83' lang='lat' dir='ltr'>qua</span> 
     </span>
    </p>
   </div>
   <div class='ocr_carea' id='block_1_70' title="bbox 2002 2231 3652 2314">
    <p class='ocr_par' dir='ltr' id='par_1_70' title="bbox 2002 2231 3652 2314">
     <span class='ocr_line' id='line_1_70' title="bbox 2002 2231 3652 2314; baseline 0.001 -20"><span class='ocrx_word' id='word_1_494' title='bbox 2002 2233 2168 2314; x_wconf 91' lang='lat' dir='ltr'><strong>prius</strong></span> <span class='ocrx_word' id='word_1_495' title='bbox 2217 2239 2346 2294; x_wconf 89' lang='lat' dir='ltr'><strong>erat</strong></span> <span class='ocrx_word' id='word_1_496' title='bbox 2397 2231 2613 2294; x_wconf 88' lang='lat' dir='ltr'><strong>ancilla</strong></span> <span class='ocrx_word' id='word_1_497' title='bbox 2660 2241 2991 2295; x_wconf 83' lang='lat' dir='ltr'><strong>vestrorum</strong></span> <span class='ocrx_word' id='word_1_498' title='bbox 3027 2233 3305 2297; x_wconf 86' lang='lat' dir='ltr'><strong>deorum.</strong></span> <span class='ocrx_word' id='word_1_499' title='bbox 3357 2232 3517 2297; x_wconf 84' lang='lat' dir='ltr'><strong>Nihil</strong></span> <span class='ocrx_word' id='word_1_500' title='bbox 3561 2243 3652 2297; x_wconf 92' lang='lat' dir='ltr'>est</span> 
     </span>
    </p>
   </div>
   <div class='ocr_carea' id='block_1_71' title="bbox 2002 2320 3648 2386">
    <p class='ocr_par' dir='ltr' id='par_1_71' title="bbox 2002 2320 3648 2386">
     <span class='ocr_line' id='line_1_71' title="bbox 2002 2320 3648 2386; baseline 0.002 -4"><span class='ocrx_word' id='word_1_501' title='bbox 2002 2324 2076 2382; x_wconf 90' lang='lat' dir='ltr'><strong>de</strong></span> <span class='ocrx_word' id='word_1_502' title='bbox 2098 2331 2314 2384; x_wconf 84' lang='lat' dir='ltr'><strong>catero</strong></span> <span class='ocrx_word' id='word_1_503' title='bbox 2336 2322 2389 2382; x_wconf 92' lang='lat' dir='ltr'><strong>ei</strong></span> <span class='ocrx_word' id='word_1_504' title='bbox 2414 2320 2720 2383; x_wconf 83' lang='lat' dir='ltr'><strong>vobiscum</strong></span> <span class='ocrx_word' id='word_1_505' title='bbox 2740 2325 3229 2386; x_wconf 70' lang='lat' dir='ltr'><strong>communellac</strong></span> <span class='ocrx_word' id='word_1_506' title='bbox 3260 2342 3394 2385; x_wconf 90' lang='lat' dir='ltr'><strong>cum</strong></span> <span class='ocrx_word' id='word_1_507' title='bbox 3417 2323 3648 2386; x_wconf 87' lang='lat' dir='ltr'><strong>audiis-</strong></span> 
     </span>
    </p>
   </div>
   <div class='ocr_carea' id='block_1_72' title="bbox 2004 2409 3651 2493">
    <p class='ocr_par' dir='ltr' id='par_1_72' title="bbox 2004 2409 3651 2493">
     <span class='ocr_line' id='line_1_72' title="bbox 2004 2409 3651 2493; baseline 0.002 -22"><span class='ocrx_word' id='word_1_508' title='bbox 2004 2418 2162 2485; x_wconf 86' lang='lat' dir='ltr'><strong>sent,</strong></span> <span class='ocrx_word' id='word_1_509' title='bbox 2188 2410 2271 2471; x_wconf 85' lang='lat' dir='ltr'><strong>illi</strong></span> <span class='ocrx_word' id='word_1_510' title='bbox 2305 2409 2549 2487; x_wconf 89' lang='lat' dir='ltr'><strong>quidem</strong></span> <span class='ocrx_word' id='word_1_511' title='bbox 2579 2422 2720 2472; x_wconf 91' lang='lat' dir='ltr'><strong>sunt</strong></span> <span class='ocrx_word' id='word_1_512' title='bbox 2738 2410 3205 2493; x_wconf 81' lang='lat' dir='ltr'><strong>reversi,templi</strong></span> <span class='ocrx_word' id='word_1_513' title='bbox 3231 2412 3651 2492; x_wconf 80' lang='lat' dir='ltr'><strong>conﬂagratio-</strong></span> 
     </span>
    </p>
   </div>
   <div class='ocr_carea' id='block_1_73' title="bbox 2003 2499 3650 2578">
    <p class='ocr_par' dir='ltr' id='par_1_73' title="bbox 2003 2499 3650 2578">
     <span class='ocr_line' id='line_1_73' title="bbox 2003 2499 3650 2578; baseline 0 -16"><span class='ocrx_word' id='word_1_514' title='bbox 2003 2519 2142 2562; x_wconf 89' lang='lat' dir='ltr'>nem</span> <span class='ocrx_word' id='word_1_515' title='bbox 2195 2507 2254 2561; x_wconf 90' lang='lat' dir='ltr'><strong>et</strong></span> <span class='ocrx_word' id='word_1_516' title='bbox 2282 2499 2398 2562; x_wconf 86' lang='lat' dir='ltr'><strong>alia</strong></span> <span class='ocrx_word' id='word_1_517' title='bbox 2443 2499 2742 2562; x_wconf 88' lang='lat' dir='ltr'><strong>minantes</strong></span> <span class='ocrx_word' id='word_1_518' title='bbox 2777 2500 3146 2578; x_wconf 78' lang='lat' dir='ltr'><strong>gravissima.</strong></span> <span class='ocrx_word' id='word_1_519' title='bbox 3200 2500 3407 2564; x_wconf 90' lang='lat' dir='ltr'><strong>Puella</strong></span> <span class='ocrx_word' id='word_1_520' title='bbox 3450 2510 3650 2563; x_wconf 88' lang='lat' dir='ltr'><strong>autem</strong></span> 
     </span>
    </p>
   </div>
   <div class='ocr_carea' id='block_1_74' title="bbox 1996 2586 3655 2669">
    <p class='ocr_par' dir='ltr' id='par_1_74' title="bbox 1996 2586 3655 2669">
     <span class='ocr_line' id='line_1_74' title="bbox 1996 2586 3655 2669; baseline 0.002 -20"><span class='ocrx_word' id='word_1_521' title='bbox 1996 2591 2205 2668; x_wconf 87' lang='lat' dir='ltr'><strong>jacens</strong></span> <span class='ocrx_word' id='word_1_522' title='bbox 2252 2588 2327 2650; x_wconf 90' lang='lat' dir='ltr'><strong>ad</strong></span> <span class='ocrx_word' id='word_1_523' title='bbox 2361 2589 2544 2669; x_wconf 87' lang='lat' dir='ltr'><strong>pedes</strong></span> <span class='ocrx_word' id='word_1_524' title='bbox 2586 2586 2776 2650; x_wconf 87' lang='lat' dir='ltr'><strong>beata</strong></span> <span class='ocrx_word' id='word_1_525' title='bbox 2803 2588 3106 2664; x_wconf 86' lang='lat' dir='ltr'><strong>Matrona,</strong></span> <span class='ocrx_word' id='word_1_526' title='bbox 3139 2589 3441 2664; x_wconf 86' lang='lat' dir='ltr'><strong>Christum</strong></span> <span class='ocrx_word' id='word_1_527' title='bbox 3485 2589 3655 2652; x_wconf 86' lang='lat' dir='ltr'><strong>valde</strong></span> 
     </span>
    </p>
   </div>
   <div class='ocr_carea' id='block_1_75' title="bbox 2003 2676 3651 2760">
    <p class='ocr_par' dir='ltr' id='par_1_75' title="bbox 2003 2676 3651 2760">
     <span class='ocr_line' id='line_1_75' title="bbox 2003 2676 3651 2760; baseline 0.001 -21"><span class='ocrx_word' id='word_1_528' title='bbox 2003 2676 2268 2757; x_wconf 76' lang='lat' dir='ltr'><strong>rogabat.</strong></span> <span class='ocrx_word' id='word_1_529' title='bbox 2309 2685 2374 2738; x_wconf 92' lang='lat' dir='ltr'>ut</span> <span class='ocrx_word' id='word_1_530' title='bbox 2401 2676 2821 2757; x_wconf 82' lang='lat' dir='ltr'><strong>obsignaretur</strong></span> <span class='ocrx_word' id='word_1_531' title='bbox 2870 2677 3204 2760; x_wconf 77' lang='lat' dir='ltr'><strong>signaculo,</strong></span> <span class='ocrx_word' id='word_1_532' title='bbox 3237 2688 3296 2742; x_wconf 93' lang='lat' dir='ltr'>et</span> <span class='ocrx_word' id='word_1_533' title='bbox 3336 2678 3651 2760; x_wconf 87' lang='lat' dir='ltr'><strong>quampri-</strong></span> 
     </span>
    </p>
   </div>
   <div class='ocr_carea' id='block_1_76' title="bbox 2005 2765 3648 2850">
    <p class='ocr_par' dir='ltr' id='par_1_76' title="bbox 2005 2765 3648 2850">
     <span class='ocr_line' id='line_1_76' title="bbox 2005 2765 3648 2850; baseline 0.001 -23"><span class='ocrx_word' id='word_1_534' title='bbox 2005 2785 2165 2827; x_wconf 91' lang='lat' dir='ltr'><strong>mum</strong></span> <span class='ocrx_word' id='word_1_535' title='bbox 2217 2765 2481 2828; x_wconf 91' lang='lat' dir='ltr'><strong>divinum</strong></span> <span class='ocrx_word' id='word_1_536' title='bbox 2530 2766 2891 2847; x_wconf 84' lang='lat' dir='ltr'><strong>baptismum</strong></span> <span class='ocrx_word' id='word_1_537' title='bbox 2953 2777 3446 2850; x_wconf 76' lang='lat' dir='ltr'><strong>consequeretur.</strong></span> <span class='ocrx_word' id='word_1_538' title='bbox 3503 2767 3648 2832; x_wconf 84' lang='lat' dir='ltr'><strong>Cum</strong></span> 
     </span>
    </p>
   </div>
   <div class='ocr_carea' id='block_1_77' title="bbox 2003 2855 3653 2940">
    <p class='ocr_par' dir='ltr' id='par_1_77' title="bbox 2003 2855 3653 2940">
     <span class='ocr_line' id='line_1_77' title="bbox 2003 2855 3653 2940; baseline 0 -22"><span class='ocrx_word' id='word_1_539' title='bbox 2003 2855 2264 2918; x_wconf 81' lang='lat' dir='ltr'><strong>Matrona</strong></span> <span class='ocrx_word' id='word_1_540' title='bbox 2286 2874 2427 2936; x_wconf 77' lang='lat' dir='ltr'><strong>ergo</strong></span> <span class='ocrx_word' id='word_1_541' title='bbox 2474 2858 2736 2939; x_wconf 89' lang='lat' dir='ltr'><strong>reliquas</strong></span> <span class='ocrx_word' id='word_1_542' title='bbox 2774 2857 3054 2938; x_wconf 88' lang='lat' dir='ltr'><strong>jussisset</strong></span> <span class='ocrx_word' id='word_1_543' title='bbox 3101 2868 3470 2940; x_wconf 79' lang='lat' dir='ltr'><strong>exspectare,</strong></span> <span class='ocrx_word' id='word_1_544' title='bbox 3524 2860 3653 2939; x_wconf 88' lang='lat' dir='ltr'><strong>ipsa</strong></span> 
     </span>
    </p>
   </div>
   <div class='ocr_carea' id='block_1_78' title="bbox 2004 2944 3653 3026">
    <p class='ocr_par' dir='ltr' id='par_1_78' title="bbox 2004 2944 3653 3026">
     <span class='ocr_line' id='line_1_78' title="bbox 2004 2944 3653 3026; baseline 0 -20"><span class='ocrx_word' id='word_1_545' title='bbox 2004 2944 2296 3026; x_wconf 86' lang='lat' dir='ltr'><strong>processit</strong></span> <span class='ocrx_word' id='word_1_546' title='bbox 2354 2945 2429 3006; x_wconf 92' lang='lat' dir='ltr'>ad</span> <span class='ocrx_word' id='word_1_547' title='bbox 2458 2945 2685 3008; x_wconf 88' lang='lat' dir='ltr'><strong>aridam</strong></span> <span class='ocrx_word' id='word_1_548' title='bbox 2746 2947 3145 3026; x_wconf 77' lang='lat' dir='ltr'><strong>colligendam</strong></span> <span class='ocrx_word' id='word_1_549' title='bbox 3199 2949 3504 3009; x_wconf 85' lang='lat' dir='ltr'><strong>materiam</strong></span> <span class='ocrx_word' id='word_1_550' title='bbox 3540 2963 3556 3009; x_wconf 88' lang='lat'>:</span> <span class='ocrx_word' id='word_1_551' title='bbox 3592 2955 3653 3008; x_wconf 88' lang='lat' dir='ltr'>et</span> 
     </span>
    </p>
   </div>
   <div class='ocr_carea' id='block_1_79' title="bbox 2005 3034 3654 3115">
    <p class='ocr_par' dir='ltr' id='par_1_79' title="bbox 2005 3034 3654 3115">
     <span class='ocr_line' id='line_1_79' title="bbox 2005 3034 3654 3115; baseline 0.002 -21"><span class='ocrx_word' id='word_1_552' title='bbox 2005 3053 2139 3095; x_wconf 92' lang='lat' dir='ltr'><strong>cum</strong></span> <span class='ocrx_word' id='word_1_553' title='bbox 2194 3034 2444 3095; x_wconf 91' lang='lat' dir='ltr'><strong>multum</strong></span> <span class='ocrx_word' id='word_1_554' title='bbox 2496 3034 2840 3115; x_wconf 73' lang='lat' dir='ltr'><strong>collegisset</strong></span> <span class='ocrx_word' id='word_1_555' title='bbox 2885 3036 3211 3099; x_wconf 88' lang='lat' dir='ltr'><strong>rediisset:</strong></span> <span class='ocrx_word' id='word_1_556' title='bbox 3249 3035 3530 3108; x_wconf 82' lang='lat' dir='ltr'><strong>Quadam</strong></span> <span class='ocrx_word' id='word_1_557' title='bbox 3580 3053 3654 3098; x_wconf 82' lang='lat' dir='ltr'>ex</span> 
     </span>
    </p>
   </div>
   <div class='ocr_carea' id='block_1_80' title="bbox 2004 3121 3652 3206">
    <p class='ocr_par' dir='ltr' id='par_1_80' title="bbox 2004 3121 3652 3206">
     <span class='ocr_line' id='line_1_80' title="bbox 2004 3121 3652 3206; baseline 0.001 -23"><span class='ocrx_word' id='word_1_558' title='bbox 2004 3121 2194 3199; x_wconf 85' lang='lat' dir='ltr'><strong>vobis,</strong></span> <span class='ocrx_word' id='word_1_559' title='bbox 2229 3122 2435 3204; x_wconf 84' lang='lat' dir='ltr'><strong>inquit,</strong></span> <span class='ocrx_word' id='word_1_560' title='bbox 2473 3133 2684 3186; x_wconf 89' lang='lat' dir='ltr'><strong>euntes</strong></span> <span class='ocrx_word' id='word_1_561' title='bbox 2713 3142 2888 3206; x_wconf 87' lang='lat' dir='ltr'><strong>quam</strong></span> <span class='ocrx_word' id='word_1_562' title='bbox 2931 3125 3274 3200; x_wconf 88' lang='lat' dir='ltr'><strong>celerrime,</strong></span> <span class='ocrx_word' id='word_1_563' title='bbox 3305 3125 3652 3188; x_wconf 84' lang='lat' dir='ltr'><strong>renuntiate</strong></span> 
     </span>
    </p>
   </div>
   <div class='ocr_carea' id='block_1_81' title="bbox 2004 3211 3655 3294">
    <p class='ocr_par' dir='ltr' id='par_1_81' title="bbox 2004 3211 3655 3294">
     <span class='ocr_line' id='line_1_81' title="bbox 2004 3211 3655 3294; baseline 0 -20"><span class='ocrx_word' id='word_1_564' title='bbox 2004 3211 2078 3274; x_wconf 93' lang='lat' dir='ltr'><strong>iis</strong></span> <span class='ocrx_word' id='word_1_565' title='bbox 2126 3211 2229 3293; x_wconf 88' lang='lat' dir='ltr'>qui</span> <span class='ocrx_word' id='word_1_566' title='bbox 2261 3212 2435 3292; x_wconf 90' lang='lat' dir='ltr'><strong>paulo</strong></span> <span class='ocrx_word' id='word_1_567' title='bbox 2480 3222 2618 3274; x_wconf 90' lang='lat' dir='ltr'><strong>ante</strong></span> <span class='ocrx_word' id='word_1_568' title='bbox 2648 3223 2968 3291; x_wconf 88' lang='lat' dir='ltr'><strong>venerunt,</strong></span> <span class='ocrx_word' id='word_1_569' title='bbox 3001 3215 3273 3278; x_wconf 88' lang='lat' dir='ltr'><strong>dicentes</strong></span> <span class='ocrx_word' id='word_1_570' title='bbox 3304 3235 3318 3277; x_wconf 90' lang='lat'><strong>:</strong></span> <span class='ocrx_word' id='word_1_571' title='bbox 3374 3213 3534 3294; x_wconf 76' lang='lat' dir='ltr'><strong>Ignis</strong></span> <span class='ocrx_word' id='word_1_572' title='bbox 3561 3221 3655 3277; x_wconf 88' lang='lat' dir='ltr'>est</span> 
     </span>
    </p>
   </div>
   <div class='ocr_carea' id='block_1_82' title="bbox 2005 3301 3656 3382">
    <p class='ocr_par' dir='ltr' id='par_1_82' title="bbox 2005 3301 3656 3382">
     <span class='ocr_line' id='line_1_82' title="bbox 2005 3301 3656 3382; baseline 0.002 -20"><span class='ocrx_word' id='word_1_573' title='bbox 2005 3301 2173 3364; x_wconf 82' lang='lat' dir='ltr'><strong>vobis</strong></span> <span class='ocrx_word' id='word_1_574' title='bbox 2205 3311 2468 3382; x_wconf 92' lang='lat' dir='ltr'><strong>paratus,</strong></span> <span class='ocrx_word' id='word_1_575' title='bbox 2502 3311 2561 3364; x_wconf 89' lang='lat' dir='ltr'><strong>et</strong></span> <span class='ocrx_word' id='word_1_576' title='bbox 2587 3302 2730 3364; x_wconf 82' lang='lat' dir='ltr'><strong>satis</strong></span> <span class='ocrx_word' id='word_1_577' title='bbox 2755 3306 3044 3366; x_wconf 89' lang='lat' dir='ltr'><strong>materia.</strong></span> <span class='ocrx_word' id='word_1_578' title='bbox 3069 3303 3334 3377; x_wconf 82' lang='lat' dir='ltr'><strong>Quanam</strong></span> <span class='ocrx_word' id='word_1_579' title='bbox 3364 3311 3561 3366; x_wconf 89' lang='lat' dir='ltr'><strong>autem</strong></span> <span class='ocrx_word' id='word_1_580' title='bbox 3579 3303 3656 3366; x_wconf 88' lang='lat' dir='ltr'>de</span> 
     </span>
    </p>
   </div>
   <div class='ocr_carea' id='block_1_83' title="bbox 2007 3391 3657 3474">
    <p class='ocr_par' dir='ltr' id='par_1_83' title="bbox 2007 3391 3657 3474">
     <span class='ocr_line' id='line_1_83' title="bbox 2007 3391 3657 3474; baseline -0.001 -19"><span class='ocrx_word' id='word_1_581' title='bbox 2007 3409 2187 3455; x_wconf 82' lang='lat' dir='ltr'><strong>causa</strong></span> <span class='ocrx_word' id='word_1_582' title='bbox 2218 3391 2413 3456; x_wconf 87' lang='lat' dir='ltr'><strong>tardat</strong></span> <span class='ocrx_word' id='word_1_583' title='bbox 2464 3397 2659 3454; x_wconf 88' lang='lat' dir='ltr'><strong>vester</strong></span> <span class='ocrx_word' id='word_1_584' title='bbox 2686 3393 2999 3469; x_wconf 89' lang='lat' dir='ltr'><strong>adventus,</strong></span> <span class='ocrx_word' id='word_1_585' title='bbox 3034 3405 3098 3456; x_wconf 89' lang='lat' dir='ltr'>ut</span> <span class='ocrx_word' id='word_1_586' title='bbox 3150 3395 3331 3456; x_wconf 80' lang='lat' dir='ltr'><strong>tinem</strong></span> <span class='ocrx_word' id='word_1_587' title='bbox 3361 3392 3657 3474; x_wconf 88' lang='lat' dir='ltr'><strong>accipiant</strong></span> 
     </span>
    </p>
   </div>
   <div class='ocr_carea' id='block_1_84' title="bbox 2012 3481 3653 3562">
    <p class='ocr_par' dir='ltr' id='par_1_84' title="bbox 2012 3481 3653 3562">
     <span class='ocr_line' id='line_1_84' title="bbox 2012 3481 3653 3562; baseline 0 -19"><span class='ocrx_word' id='word_1_588' title='bbox 2012 3482 2214 3562; x_wconf 87' lang='lat' dir='ltr'><strong>mina,</strong></span> <span class='ocrx_word' id='word_1_589' title='bbox 2248 3499 2381 3562; x_wconf 91' lang='lat' dir='ltr'>qua</span> <span class='ocrx_word' id='word_1_590' title='bbox 2410 3491 2547 3543; x_wconf 91' lang='lat' dir='ltr'><strong>sunt</strong></span> <span class='ocrx_word' id='word_1_591' title='bbox 2575 3501 2608 3543; x_wconf 91' lang='lat' dir='ltr'>a</span> <span class='ocrx_word' id='word_1_592' title='bbox 2642 3481 2808 3544; x_wconf 91' lang='lat' dir='ltr'><strong>vobis</strong></span> <span class='ocrx_word' id='word_1_593' title='bbox 2835 3484 3196 3547; x_wconf 84' lang='lat' dir='ltr'><strong>intentata?</strong></span> <span class='ocrx_word' id='word_1_594' title='bbox 3224 3482 3363 3547; x_wconf 83' lang='lat' dir='ltr'>Hac</span> <span class='ocrx_word' id='word_1_595' title='bbox 3394 3501 3532 3545; x_wconf 92' lang='lat' dir='ltr'>cum</span> <span class='ocrx_word' id='word_1_596' title='bbox 3563 3481 3653 3544; x_wconf 90' lang='lat' dir='ltr'><strong>illi</strong></span> 
     </span>
    </p>
   </div>
   <div class='ocr_carea' id='block_1_85' title="bbox 2007 3570 3654 3652">
    <p class='ocr_par' dir='ltr' id='par_1_85' title="bbox 2007 3570 3654 3652">
     <span class='ocr_line' id='line_1_85' title="bbox 2007 3570 3654 3652; baseline -0.001 -18"><span class='ocrx_word' id='word_1_597' title='bbox 2007 3571 2394 3646; x_wconf 90' lang='lat' dir='ltr'><strong>audivissent,</strong></span> <span class='ocrx_word' id='word_1_598' title='bbox 2428 3578 2487 3632; x_wconf 89' lang='lat' dir='ltr'><strong>et</strong></span> <span class='ocrx_word' id='word_1_599' title='bbox 2515 3570 2849 3652; x_wconf 89' lang='lat' dir='ltr'><strong>sapientem</strong></span> <span class='ocrx_word' id='word_1_600' title='bbox 2903 3572 3336 3648; x_wconf 85' lang='lat' dir='ltr'><strong>inventionem,</strong></span> <span class='ocrx_word' id='word_1_601' title='bbox 3363 3579 3424 3637; x_wconf 91' lang='lat' dir='ltr'><strong>et</strong></span> <span class='ocrx_word' id='word_1_602' title='bbox 3468 3589 3654 3652; x_wconf 74' lang='lat' dir='ltr'><strong>gene-</strong></span> 
     </span>
    </p>
   </div>
   <div class='ocr_carea' id='block_1_86' title="bbox 2007 3660 3655 3742">
    <p class='ocr_par' dir='ltr' id='par_1_86' title="bbox 2007 3660 3655 3742">
     <span class='ocr_line' id='line_1_86' title="bbox 2007 3660 3655 3742; baseline 0 -19"><span class='ocrx_word' id='word_1_603' title='bbox 2007 3679 2178 3723; x_wconf 85' lang='lat' dir='ltr'><strong>rosos</strong></span> <span class='ocrx_word' id='word_1_604' title='bbox 2226 3660 2473 3742; x_wconf 86' lang='lat' dir='ltr'><strong>spiritus</strong></span> <span class='ocrx_word' id='word_1_605' title='bbox 2505 3669 2708 3722; x_wconf 89' lang='lat' dir='ltr'><strong>essent</strong></span> <span class='ocrx_word' id='word_1_606' title='bbox 2755 3661 3054 3739; x_wconf 90' lang='lat' dir='ltr'><strong>admirati,</strong></span> <span class='ocrx_word' id='word_1_607' title='bbox 3091 3661 3442 3726; x_wconf 88' lang='lat' dir='ltr'><strong>nesciebant</strong></span> <span class='ocrx_word' id='word_1_608' title='bbox 3470 3662 3655 3740; x_wconf 87' lang='lat' dir='ltr'><strong>quid-</strong></span> 
     </span>
    </p>
   </div>
   <div class='ocr_carea' id='block_1_87' title="bbox 2006 3751 3654 3832">
    <p class='ocr_par' dir='ltr' id='par_1_87' title="bbox 2006 3751 3654 3832">
     <span class='ocr_line' id='line_1_87' title="bbox 2006 3751 3654 3832; baseline -0.001 -19"><span class='ocrx_word' id='word_1_609' title='bbox 2006 3769 2144 3813; x_wconf 90' lang='lat' dir='ltr'><strong>nam</strong></span> <span class='ocrx_word' id='word_1_610' title='bbox 2177 3759 2386 3811; x_wconf 90' lang='lat' dir='ltr'><strong>contra</strong></span> <span class='ocrx_word' id='word_1_611' title='bbox 2413 3751 2853 3831; x_wconf 76' lang='lat' dir='ltr'><strong>reaponderent</strong></span> <span class='ocrx_word' id='word_1_612' title='bbox 2885 3769 2898 3814; x_wconf 91' lang='lat'>:</span> <span class='ocrx_word' id='word_1_613' title='bbox 2947 3761 3006 3814; x_wconf 90' lang='lat' dir='ltr'>et</span> <span class='ocrx_word' id='word_1_614' title='bbox 3034 3771 3149 3814; x_wconf 90' lang='lat' dir='ltr'><strong>nec</strong></span> <span class='ocrx_word' id='word_1_615' title='bbox 3179 3754 3308 3814; x_wconf 91' lang='lat' dir='ltr'><strong>ausi</strong></span> <span class='ocrx_word' id='word_1_616' title='bbox 3340 3761 3479 3814; x_wconf 91' lang='lat' dir='ltr'><strong>sunt</strong></span> <span class='ocrx_word' id='word_1_617' title='bbox 3508 3767 3654 3832; x_wconf 91' lang='lat' dir='ltr'><strong>pos-</strong></span> 
     </span>
    </p>
   </div>
   <div class='ocr_carea' id='block_1_88' title="bbox 2007 3837 3656 3922">
    <p class='ocr_par' dir='ltr' id='par_1_88' title="bbox 2007 3837 3656 3922">
     <span class='ocr_line' id='line_1_88' title="bbox 2007 3837 3656 3922; baseline -0.001 -20"><span class='ocrx_word' id='word_1_618' title='bbox 2007 3848 2102 3902; x_wconf 90' lang='lat' dir='ltr'>tea</span> <span class='ocrx_word' id='word_1_619' title='bbox 2149 3837 2292 3900; x_wconf 91' lang='lat' dir='ltr'><strong>illuc</strong></span> <span class='ocrx_word' id='word_1_620' title='bbox 2321 3839 2562 3901; x_wconf 87' lang='lat' dir='ltr'><strong>reverti.</strong></span> <span class='ocrx_word' id='word_1_621' title='bbox 2619 3837 2788 3901; x_wconf 91' lang='lat' dir='ltr'><strong>Tunc</strong></span> <span class='ocrx_word' id='word_1_622' title='bbox 2832 3841 2906 3902; x_wconf 89' lang='lat' dir='ltr'><strong>iis</strong></span> <span class='ocrx_word' id='word_1_623' title='bbox 2956 3859 3094 3918; x_wconf 86' lang='lat' dir='ltr'>qua</span> <span class='ocrx_word' id='word_1_624' title='bbox 3120 3842 3448 3922; x_wconf 84' lang='lat' dir='ltr'><strong>redierant,</strong></span> <span class='ocrx_word' id='word_1_625' title='bbox 3481 3839 3656 3902; x_wconf 80' lang='lat' dir='ltr'><strong>beata</strong></span> 
     </span>
    </p>
   </div>
   <div class='ocr_carea' id='block_1_89' title="bbox 2008 3927 3658 4011">
    <p class='ocr_par' dir='ltr' id='par_1_89' title="bbox 2008 3927 3658 4011">
     <span class='ocr_line' id='line_1_89' title="bbox 2008 3927 3658 4011; baseline -0.001 -20"><span class='ocrx_word' id='word_1_626' title='bbox 2008 3946 2218 3992; x_wconf 89' lang='lat' dir='ltr'><strong>rursus</strong></span> <span class='ocrx_word' id='word_1_627' title='bbox 2247 3927 2407 3990; x_wconf 91' lang='lat' dir='ltr'><strong>aliud</strong></span> <span class='ocrx_word' id='word_1_628' title='bbox 2431 3928 2612 4007; x_wconf 89' lang='lat' dir='ltr'><strong>jussit</strong></span> <span class='ocrx_word' id='word_1_629' title='bbox 2646 3949 2659 3988; x_wconf 89' lang='lat'><strong><em>:</em></strong></span> <span class='ocrx_word' id='word_1_630' title='bbox 2717 3947 2933 4010; x_wconf 88' lang='lat' dir='ltr'><strong>nempe</strong></span> <span class='ocrx_word' id='word_1_631' title='bbox 2966 3939 3033 3991; x_wconf 95' lang='lat' dir='ltr'>ut</span> <span class='ocrx_word' id='word_1_632' title='bbox 3062 3930 3410 4011; x_wconf 85' lang='lat' dir='ltr'><strong>episcopum</strong></span> <span class='ocrx_word' id='word_1_633' title='bbox 3443 3946 3658 3992; x_wconf 84' lang='lat' dir='ltr'><strong>conve-</strong></span> 
     </span>
    </p>
   </div>
   <div class='ocr_carea' id='block_1_90' title="bbox 2004 4017 3656 4098">
    <p class='ocr_par' dir='ltr' id='par_1_90' title="bbox 2004 4017 3656 4098">
     <span class='ocr_line' id='line_1_90' title="bbox 2004 4017 3656 4098; baseline 0 -18"><span class='ocrx_word' id='word_1_634' title='bbox 2004 4018 2228 4098; x_wconf 91' lang='lat' dir='ltr'><strong>nirent,</strong></span> <span class='ocrx_word' id='word_1_635' title='bbox 2263 4027 2324 4079; x_wconf 93' lang='lat' dir='ltr'>et</span> <span class='ocrx_word' id='word_1_636' title='bbox 2351 4035 2555 4079; x_wconf 90' lang='lat' dir='ltr'><strong>secum</strong></span> <span class='ocrx_word' id='word_1_637' title='bbox 2591 4018 2883 4081; x_wconf 86' lang='lat' dir='ltr'><strong>ducerent</strong></span> <span class='ocrx_word' id='word_1_638' title='bbox 2924 4037 3111 4082; x_wconf 92' lang='lat' dir='ltr'><strong>unum</strong></span> <span class='ocrx_word' id='word_1_639' title='bbox 3143 4037 3215 4082; x_wconf 83' lang='lat' dir='ltr'><strong>ex</strong></span> <span class='ocrx_word' id='word_1_640' title='bbox 3246 4017 3656 4083; x_wconf 87' lang='lat' dir='ltr'><strong>sacerdotibus</strong></span> 
     </span>
    </p>
   </div>
   <div class='ocr_carea' id='block_1_91' title="bbox 2006 4105 3655 4186">
    <p class='ocr_par' dir='ltr' id='par_1_91' title="bbox 2006 4105 3655 4186">
     <span class='ocr_line' id='line_1_91' title="bbox 2006 4105 3655 4186; baseline -0.001 -16"><span class='ocrx_word' id='word_1_641' title='bbox 2006 4115 2067 4170; x_wconf 89' lang='lat' dir='ltr'>et</span> <span class='ocrx_word' id='word_1_642' title='bbox 2121 4106 2460 4169; x_wconf 86' lang='lat' dir='ltr'><strong>diaconum.</strong></span> <span class='ocrx_word' id='word_1_643' title='bbox 2498 4105 2666 4178; x_wconf 88' lang='lat' dir='ltr'><strong>Quod</strong></span> <span class='ocrx_word' id='word_1_644' title='bbox 2725 4107 2968 4186; x_wconf 88' lang='lat' dir='ltr'><strong>quidem</strong></span> <span class='ocrx_word' id='word_1_645' title='bbox 3029 4127 3164 4170; x_wconf 92' lang='lat' dir='ltr'>cum</span> <span class='ocrx_word' id='word_1_646' title='bbox 3223 4109 3442 4171; x_wconf 79' lang='lat' dir='ltr'><strong>factum</strong></span> <span class='ocrx_word' id='word_1_647' title='bbox 3496 4119 3655 4171; x_wconf 82' lang='lat' dir='ltr'><strong>esset</strong></span> 
     </span>
    </p>
   </div>
   <div class='ocr_carea' id='block_1_92' title="bbox 2008 4195 3646 4279">
    <p class='ocr_par' dir='ltr' id='par_1_92' title="bbox 2008 4195 3646 4279">
     <span class='ocr_line' id='line_1_92' title="bbox 2008 4195 3646 4279; baseline 0.001 -21"><span class='ocrx_word' id='word_1_648' title='bbox 2008 4215 2220 4276; x_wconf 76' lang='lat' dir='ltr'><strong>magna</strong></span> <span class='ocrx_word' id='word_1_649' title='bbox 2248 4195 2582 4273; x_wconf 85' lang='lat' dir='ltr'><strong>celeritate,</strong></span> <span class='ocrx_word' id='word_1_650' title='bbox 2646 4195 2720 4258; x_wconf 93' lang='lat' dir='ltr'>iis</span> <span class='ocrx_word' id='word_1_651' title='bbox 2751 4199 2850 4278; x_wconf 91' lang='lat' dir='ltr'><strong>qui</strong></span> <span class='ocrx_word' id='word_1_652' title='bbox 2875 4198 3002 4279; x_wconf 89' lang='lat' dir='ltr'>jam</span> <span class='ocrx_word' id='word_1_653' title='bbox 3047 4207 3330 4262; x_wconf 85' lang='lat' dir='ltr'><strong>venerant</strong></span> <span class='ocrx_word' id='word_1_654' title='bbox 3360 4197 3646 4262; x_wconf 85' lang='lat' dir='ltr'><strong>sacerdo-</strong></span> 
     </span>
    </p>
   </div>
   <div class='ocr_carea' id='block_1_93' title="bbox 2002 4285 3648 4369">
    <p class='ocr_par' dir='ltr' id='par_1_93' title="bbox 2002 4285 3648 4369">
     <span class='ocr_line' id='line_1_93' title="bbox 2002 4285 3648 4369; baseline -0.001 -19"><span class='ocrx_word' id='word_1_655' title='bbox 2002 4285 2184 4367; x_wconf 88' lang='lat' dir='ltr'><strong>tibus,</strong></span> <span class='ocrx_word' id='word_1_656' title='bbox 2221 4285 2462 4347; x_wconf 91' lang='lat' dir='ltr'><strong>tradidit</strong></span> <span class='ocrx_word' id='word_1_657' title='bbox 2495 4304 2626 4347; x_wconf 88' lang='lat' dir='ltr'>eam</span> <span class='ocrx_word' id='word_1_658' title='bbox 2659 4305 2791 4368; x_wconf 90' lang='lat' dir='ltr'>qua</span> <span class='ocrx_word' id='word_1_659' title='bbox 2835 4305 3027 4369; x_wconf 88' lang='lat' dir='ltr'><strong>nuper</strong></span> <span class='ocrx_word' id='word_1_660' title='bbox 3053 4297 3414 4365; x_wconf 87' lang='lat' dir='ltr'><strong>accesserat,</strong></span> <span class='ocrx_word' id='word_1_661' title='bbox 3443 4305 3648 4351; x_wconf 89' lang='lat' dir='ltr'><strong>sacer-</strong></span> 
     </span>
    </p>
   </div>
   <div class='ocr_carea' id='block_1_94' title="bbox 2004 4375 3648 4460">
    <p class='ocr_par' dir='ltr' id='par_1_94' title="bbox 2004 4375 3648 4460">
     <span class='ocr_line' id='line_1_94' title="bbox 2004 4375 3648 4460; baseline 0.002 -22"><span class='ocrx_word' id='word_1_662' title='bbox 2004 4377 2208 4439; x_wconf 93' lang='lat' dir='ltr'><strong>dotem</strong></span> <span class='ocrx_word' id='word_1_663' title='bbox 2239 4397 2254 4436; x_wconf 92' lang='lat'><strong>:</strong></span> <span class='ocrx_word' id='word_1_664' title='bbox 2291 4383 2351 4437; x_wconf 91' lang='lat' dir='ltr'>et</span> <span class='ocrx_word' id='word_1_665' title='bbox 2371 4375 2555 4455; x_wconf 88' lang='lat' dir='ltr'><strong>jussit</strong></span> <span class='ocrx_word' id='word_1_666' title='bbox 2581 4393 2712 4438; x_wconf 89' lang='lat' dir='ltr'><strong>eam</strong></span> <span class='ocrx_word' id='word_1_667' title='bbox 2758 4377 3118 4440; x_wconf 90' lang='lat' dir='ltr'><strong>catechismo</strong></span> <span class='ocrx_word' id='word_1_668' title='bbox 3149 4378 3390 4442; x_wconf 89' lang='lat' dir='ltr'><strong>initiare</strong></span> <span class='ocrx_word' id='word_1_669' title='bbox 3419 4386 3480 4442; x_wconf 89' lang='lat' dir='ltr'>et</span> <span class='ocrx_word' id='word_1_670' title='bbox 3507 4377 3648 4460; x_wconf 85' lang='lat' dir='ltr'><strong>bap-</strong></span> 
     </span>
    </p>
   </div>
   <div class='ocr_carea' id='block_1_95' title="bbox 2005 4465 3095 4547">
    <p class='ocr_par' dir='ltr' id='par_1_95' title="bbox 2005 4465 3095 4547">
     <span class='ocr_line' id='line_1_95' title="bbox 2005 4465 3095 4547; baseline 0.005 -18"><span class='ocrx_word' id='word_1_671' title='bbox 2005 4466 2206 4547; x_wconf 93' lang='lat' dir='ltr'><strong>tismo,</strong></span> <span class='ocrx_word' id='word_1_672' title='bbox 2240 4474 2299 4528; x_wconf 90' lang='lat' dir='ltr'><strong>et</strong></span> <span class='ocrx_word' id='word_1_673' title='bbox 2329 4483 2532 4526; x_wconf 87' lang='lat' dir='ltr'><strong>rursus</strong></span> <span class='ocrx_word' id='word_1_674' title='bbox 2562 4465 2636 4527; x_wconf 91' lang='lat' dir='ltr'><strong>ad</strong></span> <span class='ocrx_word' id='word_1_675' title='bbox 2665 4484 2731 4528; x_wconf 92' lang='lat' dir='ltr'><strong>se</strong></span> <span class='ocrx_word' id='word_1_676' title='bbox 2771 4466 3095 4534; x_wconf 84' lang='lat' dir='ltr'><strong>adducere.</strong></span> 
     </span>
    </p>
   </div>
   <div class='ocr_carea' id='block_1_96' title="bbox 363 4554 1918 4653">
    <p class='ocr_par' dir='ltr' id='par_1_96' title="bbox 363 4554 1918 4653">
     <span class='ocr_line' id='line_1_96' title="bbox 363 4554 1918 4653; baseline 0.015 -18"><span class='ocrx_word' id='word_1_677' title='bbox 363 4554 519 4636; x_wconf 75' lang='grc' dir='ltr'>ΚΔ’.’</span> <span class='ocrx_word' id='word_1_678' title='bbox 571 4554 837 4653; x_wconf 63' lang='grc' dir='ltr'>δΑχθετσα</span> <span class='ocrx_word' id='word_1_679' title='bbox 890 4568 978 4626; x_wconf 70' lang='grc' dir='ltr'>οὗν</span> <span class='ocrx_word' id='word_1_680' title='bbox 1035 4566 1173 4642; x_wconf 78' lang='grc' dir='ltr'>μετᾶ</span> <span class='ocrx_word' id='word_1_681' title='bbox 1233 4566 1295 4622; x_wconf 78' lang='grc' dir='ltr'>τδ</span> <span class='ocrx_word' id='word_1_682' title='bbox 1353 4565 1632 4642; x_wconf 69' lang='grc' dir='ltr'>βάπτισμα</span> <span class='ocrx_word' id='word_1_683' title='bbox 1677 4565 1712 4632; x_wconf 65' lang='grc' dir='ltr'>ἡ</span> <span class='ocrx_word' id='word_1_684' title='bbox 1769 4565 1918 4645; x_wconf 56' lang='grc' dir='ltr'>εὐχὴ</span> 
     </span>
    </p>
   </div>
   <div class='ocr_carea' id='block_1_97' title="bbox 2004 4554 3646 4653">
    <p class='ocr_par' dir='ltr' id='par_1_97' title="bbox 2018 4554 3646 4653">
     <span class='ocr_line' id='line_1_97' title="bbox 2018 4554 3646 4653; baseline 0.002 -34"><span class='ocrx_word' id='word_1_685' title='bbox 2018 4648 2027 4653; x_wconf 26' lang='grc' dir='ltr'><strong><em>Δ</em></strong></span> <span class='ocrx_word' id='word_1_686' title='bbox 2069 4554 2290 4653; x_wconf 65' lang='lat' dir='ltr'>_XXliI.</span> <span class='ocrx_word' id='word_1_687' title='bbox 2349 4554 2490 4653; x_wconf 50' lang='lat' dir='ltr'><strong>ljost</strong></span> <span class='ocrx_word' id='word_1_688' title='bbox 2518 4554 2876 4653; x_wconf 86' lang='lat' dir='ltr'><strong>baptismum</strong></span> <span class='ocrx_word' id='word_1_689' title='bbox 2922 4563 3123 4640; x_wconf 86' lang='lat' dir='ltr'><strong>itaque</strong></span> <span class='ocrx_word' id='word_1_690' title='bbox 3149 4559 3404 4653; x_wconf 74' lang='lat' dir='ltr'><strong>adducta</strong></span> <span class='ocrx_word' id='word_1_691' title='bbox 3443 4559 3646 4624; x_wconf 89' lang='lat' dir='ltr'><strong>Euche</strong></span> 
     </span>
    </p>
   </div>
   <div class='ocr_carea' id='block_1_98' title="bbox 281 4653 1924 4750">
    <p class='ocr_par' dir='ltr' id='par_1_98' title="bbox 281 4653 1924 4750">
     <span class='ocr_line' id='line_1_98' title="bbox 281 4653 1924 4750; baseline -0.012 -25"><span class='ocrx_word' id='word_1_692' title='bbox 281 4669 444 4750; x_wconf 78' lang='grc' dir='ltr'>(οὕτω</span> <span class='ocrx_word' id='word_1_693' title='bbox 471 4665 573 4746; x_wconf 77' lang='grc' dir='ltr'>γὰρ</span> <span class='ocrx_word' id='word_1_694' title='bbox 601 4664 735 4730; x_wconf 72' lang='grc' dir='ltr'>αὕτη</span> <span class='ocrx_word' id='word_1_695' title='bbox 775 4659 1212 4737; x_wconf 76' lang='grc' dir='ltr'>μετωνομαστο),</span> <span class='ocrx_word' id='word_1_696' title='bbox 1247 4653 1332 4711; x_wconf 79' lang='grc' dir='ltr'>διὰ</span> <span class='ocrx_word' id='word_1_697' title='bbox 1362 4655 1540 4750; x_wconf 75' lang='grc' dir='ltr'>πάσης</span> <span class='ocrx_word' id='word_1_698' title='bbox 1589 4654 1752 4732; x_wconf 83' lang='grc' dir='ltr'>ἧγετο</span> <span class='ocrx_word' id='word_1_699' title='bbox 1801 4676 1924 4711; x_wconf 87' lang='grc' dir='ltr'>παι-</span> 
     </span>
    </p>
   </div>
   <div class='ocr_carea' id='block_1_99' title="bbox 275 4745 1923 4830">
    <p class='ocr_par' dir='ltr' id='par_1_99' title="bbox 275 4745 1923 4830">
     <span class='ocr_line' id='line_1_99' title="bbox 275 4745 1923 4830; baseline -0.01 -14"><span class='ocrx_word' id='word_1_700' title='bbox 275 4745 418 4824; x_wconf 74' lang='grc' dir='ltr'>δείας</span> <span class='ocrx_word' id='word_1_701' title='bbox 469 4745 855 4830; x_wconf 68' lang='grc' dir='ltr'>πνεδματικῆς,</span> <span class='ocrx_word' id='word_1_702' title='bbox 915 4749 1003 4805; x_wconf 84' lang='grc' dir='ltr'>καὶ</span> <span class='ocrx_word' id='word_1_703' title='bbox 1059 4757 1379 4812; x_wconf 88' lang='grc' dir='ltr'>συνησκεῖτο</span> <span class='ocrx_word' id='word_1_704' title='bbox 1428 4745 1494 4800; x_wconf 86' lang='grc' dir='ltr'>τά</span> <span class='ocrx_word' id='word_1_705' title='bbox 1539 4747 1775 4823; x_wconf 85' lang='grc' dir='ltr'>θειότερα</span> <span class='ocrx_word' id='word_1_706' title='bbox 1799 4756 1923 4808; x_wconf 90' lang='grc' dir='ltr'>ταῖς</span> 
     </span>
    </p>
   </div>
   <div class='ocr_carea' id='block_1_100' title="bbox 275 4832 1926 4918">
    <p class='ocr_par' dir='ltr' id='par_1_100' title="bbox 275 4832 1926 4918">
     <span class='ocr_line' id='line_1_100' title="bbox 275 4832 1926 4918; baseline -0.002 -26"><span class='ocrx_word' id='word_1_707' title='bbox 275 4848 500 4910; x_wconf 72' lang='grc' dir='ltr'>λοιπαῖς</span> <span class='ocrx_word' id='word_1_708' title='bbox 532 4845 606 4908; x_wconf 79' lang='grc' dir='ltr'>εὶς</span> <span class='ocrx_word' id='word_1_709' title='bbox 665 4841 806 4898; x_wconf 61' lang='grc' dir='ltr'>τίκτὼ</span> <span class='ocrx_word' id='word_1_710' title='bbox 861 4834 1290 4918; x_wconf 82' lang='grc' dir='ltr'>περιισταμέναις</span> <span class='ocrx_word' id='word_1_711' title='bbox 1350 4833 1440 4889; x_wconf 83' lang='grc' dir='ltr'>τόν</span> <span class='ocrx_word' id='word_1_712' title='bbox 1489 4833 1726 4911; x_wconf 85' lang='grc' dir='ltr'>ἀριθμόν.</span> <span class='ocrx_word' id='word_1_713' title='bbox 1777 4832 1926 4890; x_wconf 70' lang='grc' dir='ltr'>Οὕτω</span> 
     </span>
    </p>
   </div>
   <div class='ocr_carea' id='block_1_101' title="bbox 277 4920 1923 5004">
    <p class='ocr_par' dir='ltr' id='par_1_101' title="bbox 277 4920 1923 5004">
     <span class='ocr_line' id='line_1_101' title="bbox 277 4920 1923 5004; baseline -0.01 -10"><span class='ocrx_word' id='word_1_714' title='bbox 277 4937 333 4994; x_wconf 82' lang='grc' dir='ltr'>δὲ</span> <span class='ocrx_word' id='word_1_715' title='bbox 387 4937 454 5004; x_wconf 77' lang='grc' dir='ltr'>ἧν</span> <span class='ocrx_word' id='word_1_716' title='bbox 523 4935 560 5002; x_wconf 81' lang='grc' dir='ltr'><strong>ἧ</strong></span> <span class='ocrx_word' id='word_1_717' title='bbox 630 4933 748 4990; x_wconf 82' lang='grc' dir='ltr'>ὁσία</span> <span class='ocrx_word' id='word_1_718' title='bbox 815 4929 915 4996; x_wconf 75' lang='grc' dir='ltr'>τὴν</span> <span class='ocrx_word' id='word_1_719' title='bbox 986 4925 1198 5001; x_wconf 86' lang='grc' dir='ltr'>ὁμιλίαν</span> <span class='ocrx_word' id='word_1_720' title='bbox 1259 4923 1508 5003; x_wconf 70' lang='grc' dir='ltr'>ἐπίχαρις</span> <span class='ocrx_word' id='word_1_721' title='bbox 1578 4925 1667 4978; x_wconf 83' lang='grc' dir='ltr'>καὶ</span> <span class='ocrx_word' id='word_1_722' title='bbox 1724 4920 1923 4986; x_wconf 78' lang='grc' dir='ltr'>εῦοδίας</span> 
     </span>
    </p>
   </div>
   <div class='ocr_carea' id='block_1_102' title="bbox 277 5008 1923 5093">
    <p class='ocr_par' dir='ltr' id='par_1_102' title="bbox 277 5008 1923 5093">
     <span class='ocr_line' id='line_1_102' title="bbox 277 5008 1923 5093; baseline -0.012 -8"><span class='ocrx_word' id='word_1_723' title='bbox 277 5027 508 5085; x_wconf 76' lang='grc' dir='ltr'>πνέουσα</span> <span class='ocrx_word' id='word_1_724' title='bbox 535 5028 636 5091; x_wconf 77' lang='grc' dir='ltr'>τῆς</span> <span class='ocrx_word' id='word_1_725' title='bbox 665 5021 802 5078; x_wconf 82' lang='grc' dir='ltr'>κατά</span> <span class='ocrx_word' id='word_1_726' title='bbox 835 5020 987 5093; x_wconf 78' lang='grc' dir='ltr'>Θεὸν,</span> <span class='ocrx_word' id='word_1_727' title='bbox 1039 5013 1176 5072; x_wconf 79' lang='grc' dir='ltr'>ὥστε</span> <span class='ocrx_word' id='word_1_728' title='bbox 1219 5011 1447 5076; x_wconf 88' lang='grc' dir='ltr'>πολλοὺς</span> <span class='ocrx_word' id='word_1_729' title='bbox 1504 5008 1762 5074; x_wconf 85' lang='grc' dir='ltr'>πολλάκις</span> <span class='ocrx_word' id='word_1_730' title='bbox 1815 5013 1923 5068; x_wconf 80' lang='grc' dir='ltr'>τῶν</span> 
     </span>
    </p>
   </div>
   <div class='ocr_carea' id='block_1_103' title="bbox 279 5099 1923 5196">
    <p class='ocr_par' dir='ltr' id='par_1_103' title="bbox 279 5099 1923 5196">
     <span class='ocr_line' id='line_1_103' title="bbox 279 5099 1923 5196; baseline -0.009 -25"><span class='ocrx_word' id='word_1_731' title='bbox 279 5116 620 5196; x_wconf 74' lang='grc' dir='ltr'>ἒντυχόντων</span> <span class='ocrx_word' id='word_1_732' title='bbox 671 5112 828 5186; x_wconf 73' lang='grc' dir='ltr'>αὐτῇ,</span> <span class='ocrx_word' id='word_1_733' title='bbox 888 5107 1026 5184; x_wconf 86' lang='grc' dir='ltr'>μετά</span> <span class='ocrx_word' id='word_1_734' title='bbox 1081 5107 1142 5160; x_wconf 81' lang='grc' dir='ltr'>τὸ</span> <span class='ocrx_word' id='word_1_735' title='bbox 1196 5103 1494 5160; x_wconf 84' lang='grc' dir='ltr'>παύσασθαι</span> <span class='ocrx_word' id='word_1_736' title='bbox 1551 5101 1672 5166; x_wconf 82' lang='grc' dir='ltr'>τοὺς</span> <span class='ocrx_word' id='word_1_737' title='bbox 1734 5099 1923 5180; x_wconf 91' lang='grc' dir='ltr'>λόγους</span> 
     </span>
    </p>
   </div>
   <div class='ocr_carea' id='block_1_104' title="bbox 277 5187 1924 5272">
    <p class='ocr_par' dir='ltr' id='par_1_104' title="bbox 277 5187 1924 5272">
     <span class='ocr_line' id='line_1_104' title="bbox 277 5187 1924 5272; baseline -0.012 -7"><span class='ocrx_word' id='word_1_738' title='bbox 277 5187 590 5265; x_wconf 57' lang='grc' dir='ltr'>ἱπανὲλθεῖν</span> <span class='ocrx_word' id='word_1_739' title='bbox 682 5196 865 5258; x_wconf 81' lang='grc' dir='ltr'>οἴκαδε</span> <span class='ocrx_word' id='word_1_740' title='bbox 967 5191 1317 5272; x_wconf 82' lang='grc' dir='ltr'>βουλομένους</span> <span class='ocrx_word' id='word_1_741' title='bbox 1402 5187 1924 5270; x_wconf 83' lang='grc' dir='ltr'>δυσαπαραλλάκτως</span> 
     </span>
    </p>
   </div>
   <div class='ocr_carea' id='block_1_105' title="bbox 279 5281 1924 5379">
    <p class='ocr_par' dir='ltr' id='par_1_105' title="bbox 279 5281 1924 5379">
     <span class='ocr_line' id='line_1_105' title="bbox 279 5281 1924 5379; baseline -0.01 -24"><span class='ocrx_word' id='word_1_742' title='bbox 279 5297 428 5379; x_wconf 72' lang='grc' dir='ltr'>’ἔχειν</span> <span class='ocrx_word' id='word_1_743' title='bbox 484 5293 720 5370; x_wconf 84' lang='grc' dir='ltr'>καθάπερ</span> <span class='ocrx_word' id='word_1_744' title='bbox 773 5289 875 5379; x_wconf 63' lang='grc' dir='ltr'>ὑπὸ</span> <span class='ocrx_word' id='word_1_745' title='bbox 931 5285 1137 5379; x_wconf 85' lang='grc' dir='ltr'>δεσμῶν</span> <span class='ocrx_word' id='word_1_746' title='bbox 1166 5304 1356 5379; x_wconf 20' lang='grc' dir='ltr'>*τινων</span> <span class='ocrx_word' id='word_1_747' title='bbox 1392 5288 1504 5379; x_wconf 38' lang='grc' dir='ltr'>,τοῦ</span> <span class='ocrx_word' id='word_1_748' title='bbox 1560 5282 1712 5379; x_wconf 25' lang='grc' dir='ltr'>προςῴ</span> <span class='ocrx_word' id='word_1_749' title='bbox 1762 5281 1924 5379; x_wconf 48' lang='lat' dir='ltr'><strong>arb-dp;</strong></span> 
     </span>
    </p>
   </div>
   <div class='ocr_carea' id='block_1_106' title="bbox 2006 4644 3649 4725">
    <p class='ocr_par' dir='ltr' id='par_1_106' title="bbox 2006 4644 3649 4725">
     <span class='ocr_line' id='line_1_106' title="bbox 2006 4644 3649 4725; baseline 0.001 -17"><span class='ocrx_word' id='word_1_750' title='bbox 2006 4645 2122 4725; x_wconf 90' lang='lat' dir='ltr'><strong>(sic</strong></span> <span class='ocrx_word' id='word_1_751' title='bbox 2151 4645 2312 4707; x_wconf 89' lang='lat' dir='ltr'><strong>enim</strong></span> <span class='ocrx_word' id='word_1_752' title='bbox 2361 4644 2552 4707; x_wconf 87' lang='lat' dir='ltr'><strong>fuerat</strong></span> <span class='ocrx_word' id='word_1_753' title='bbox 2601 4647 2947 4724; x_wconf 77' lang='lat' dir='ltr'><strong>nominata),</strong></span> <span class='ocrx_word' id='word_1_754' title='bbox 2980 4649 3344 4711; x_wconf 86' lang='lat' dir='ltr'><strong>edocebatur</strong></span> <span class='ocrx_word' id='word_1_755' title='bbox 3374 4651 3438 4712; x_wconf 91' lang='lat' dir='ltr'><strong>in</strong></span> <span class='ocrx_word' id='word_1_756' title='bbox 3485 4655 3649 4713; x_wconf 90' lang='lat' dir='ltr'><strong>omni</strong></span> 
     </span>
    </p>
   </div>
   <div class='ocr_carea' id='block_1_107' title="bbox 2008 4737 3653 4818">
    <p class='ocr_par' dir='ltr' id='par_1_107' title="bbox 2008 4737 3653 4818">
     <span class='ocr_line' id='line_1_107' title="bbox 2008 4737 3653 4818; baseline 0.002 -18"><span class='ocrx_word' id='word_1_757' title='bbox 2008 4737 2328 4818; x_wconf 86' lang='lat' dir='ltr'><strong>disciplina</strong></span> <span class='ocrx_word' id='word_1_758' title='bbox 2355 4737 2630 4818; x_wconf 90' lang='lat' dir='ltr'><strong>spiritali,</strong></span> <span class='ocrx_word' id='word_1_759' title='bbox 2659 4747 2717 4800; x_wconf 91' lang='lat' dir='ltr'>et</span> <span class='ocrx_word' id='word_1_760' title='bbox 2740 4738 2802 4799; x_wconf 91' lang='lat' dir='ltr'><strong>in</strong></span> <span class='ocrx_word' id='word_1_761' title='bbox 2833 4739 3013 4801; x_wconf 91' lang='lat' dir='ltr'><strong>rebus</strong></span> <span class='ocrx_word' id='word_1_762' title='bbox 3032 4739 3248 4804; x_wconf 91' lang='lat' dir='ltr'><strong>divinis</strong></span> <span class='ocrx_word' id='word_1_763' title='bbox 3263 4739 3653 4805; x_wconf 82' lang='lat' dir='ltr'><strong>exercebatur</strong></span> 
     </span>
    </p>
   </div>
   <div class='ocr_carea' id='block_1_108' title="bbox 2006 4828 3655 4910">
    <p class='ocr_par' dir='ltr' id='par_1_108' title="bbox 2006 4828 3655 4910">
     <span class='ocr_line' id='line_1_108' title="bbox 2006 4828 3655 4910; baseline 0.002 -20"><span class='ocrx_word' id='word_1_764' title='bbox 2006 4829 2186 4890; x_wconf 91' lang='lat' dir='ltr'><strong>simul</strong></span> <span class='ocrx_word' id='word_1_765' title='bbox 2217 4845 2352 4890; x_wconf 90' lang='lat' dir='ltr'>cum</span> <span class='ocrx_word' id='word_1_766' title='bbox 2383 4828 2656 4908; x_wconf 87' lang='lat' dir='ltr'><strong>reliquis,</strong></span> <span class='ocrx_word' id='word_1_767' title='bbox 2683 4847 2814 4910; x_wconf 90' lang='lat' dir='ltr'>qua</span> <span class='ocrx_word' id='word_1_768' title='bbox 2843 4839 3018 4892; x_wconf 81' lang='lat' dir='ltr'><strong>erant</strong></span> <span class='ocrx_word' id='word_1_769' title='bbox 3046 4840 3181 4893; x_wconf 88' lang='lat' dir='ltr'><strong>octo</strong></span> <span class='ocrx_word' id='word_1_770' title='bbox 3212 4850 3485 4896; x_wconf 88' lang='lat' dir='ltr'><strong>numero.</strong></span> <span class='ocrx_word' id='word_1_771' title='bbox 3513 4830 3655 4895; x_wconf 85' lang='lat' dir='ltr'><strong>Erat</strong></span> 
     </span>
    </p>
   </div>
   <div class='ocr_carea' id='block_1_109' title="bbox 2009 4919 3650 4998">
    <p class='ocr_par' dir='ltr' id='par_1_109' title="bbox 2009 4919 3650 4998">
     <span class='ocr_line' id='line_1_109' title="bbox 2009 4919 3650 4998; baseline 0.002 -18"><span class='ocrx_word' id='word_1_772' title='bbox 2009 4926 2206 4980; x_wconf 90' lang='lat' dir='ltr'><strong>autem</strong></span> <span class='ocrx_word' id='word_1_773' title='bbox 2248 4929 2456 4980; x_wconf 85' lang='lat' dir='ltr'><strong>sancta</strong></span> <span class='ocrx_word' id='word_1_774' title='bbox 2475 4919 2622 4980; x_wconf 88' lang='lat' dir='ltr'><strong>adeo</strong></span> <span class='ocrx_word' id='word_1_775' title='bbox 2637 4919 2906 4998; x_wconf 87' lang='lat' dir='ltr'><strong>jucunda</strong></span> <span class='ocrx_word' id='word_1_776' title='bbox 2929 4921 2988 4982; x_wconf 90' lang='lat' dir='ltr'><strong>in</strong></span> <span class='ocrx_word' id='word_1_777' title='bbox 3011 4939 3311 4998; x_wconf 89' lang='lat' dir='ltr'><strong>sermone,</strong></span> <span class='ocrx_word' id='word_1_778' title='bbox 3335 4931 3394 4984; x_wconf 88' lang='lat' dir='ltr'>et</span> <span class='ocrx_word' id='word_1_779' title='bbox 3427 4921 3650 4984; x_wconf 89' lang='lat' dir='ltr'><strong>bonum</strong></span> 
     </span>
    </p>
   </div>
   <div class='ocr_carea' id='block_1_110' title="bbox 2007 5007 3650 5094">
    <p class='ocr_par' dir='ltr' id='par_1_110' title="bbox 2007 5007 3650 5094">
     <span class='ocr_line' id='line_1_110' title="bbox 2007 5007 3650 5094; baseline 0.002 -23"><span class='ocrx_word' id='word_1_780' title='bbox 2007 5009 2256 5071; x_wconf 90' lang='lat' dir='ltr'><strong>odorem</strong></span> <span class='ocrx_word' id='word_1_781' title='bbox 2289 5007 2532 5088; x_wconf 91' lang='lat' dir='ltr'><strong>spirans</strong></span> <span class='ocrx_word' id='word_1_782' title='bbox 2553 5008 2613 5069; x_wconf 89' lang='lat' dir='ltr'><strong>in</strong></span> <span class='ocrx_word' id='word_1_783' title='bbox 2636 5011 2849 5090; x_wconf 88' lang='lat' dir='ltr'><strong>Deum,</strong></span> <span class='ocrx_word' id='word_1_784' title='bbox 2873 5019 2937 5071; x_wconf 91' lang='lat' dir='ltr'><strong>ut</strong></span> <span class='ocrx_word' id='word_1_785' title='bbox 2967 5010 3135 5072; x_wconf 91' lang='lat' dir='ltr'><strong>multi</strong></span> <span class='ocrx_word' id='word_1_786' title='bbox 3166 5029 3327 5092; x_wconf 88' lang='lat' dir='ltr'><strong>sape</strong></span> <span class='ocrx_word' id='word_1_787' title='bbox 3349 5029 3421 5075; x_wconf 83' lang='lat' dir='ltr'>ex</span> <span class='ocrx_word' id='word_1_788' title='bbox 3442 5013 3518 5074; x_wconf 89' lang='lat' dir='ltr'><strong>iis</strong></span> <span class='ocrx_word' id='word_1_789' title='bbox 3548 5015 3650 5094; x_wconf 89' lang='lat' dir='ltr'><strong>qui</strong></span> 
     </span>
    </p>
   </div>
   <div class='ocr_carea' id='block_1_111' title="bbox 2007 5103 3652 5184">
    <p class='ocr_par' dir='ltr' id='par_1_111' title="bbox 2007 5103 3652 5184">
     <span class='ocr_line' id='line_1_111' title="bbox 2007 5103 3652 5184; baseline 0.001 -22"><span class='ocrx_word' id='word_1_790' title='bbox 2007 5118 2138 5162; x_wconf 88' lang='lat' dir='ltr'><strong>eam</strong></span> <span class='ocrx_word' id='word_1_791' title='bbox 2169 5109 2595 5180; x_wconf 81' lang='lat' dir='ltr'><strong>convenerant,</strong></span> <span class='ocrx_word' id='word_1_792' title='bbox 2631 5109 2942 5180; x_wconf 87' lang='lat' dir='ltr'><strong>postquam</strong></span> <span class='ocrx_word' id='word_1_793' title='bbox 2991 5111 3288 5164; x_wconf 90' lang='lat' dir='ltr'><strong>cessasset</strong></span> <span class='ocrx_word' id='word_1_794' title='bbox 3317 5103 3505 5184; x_wconf 89' lang='lat' dir='ltr'><strong>loqui,</strong></span> <span class='ocrx_word' id='word_1_795' title='bbox 3541 5122 3652 5164; x_wconf 89' lang='lat' dir='ltr'><strong>vo-</strong></span> 
     </span>
    </p>
   </div>
   <div class='ocr_carea' id='block_1_112' title="bbox 2008 5189 3647 5269">
    <p class='ocr_par' dir='ltr' id='par_1_112' title="bbox 2008 5189 3647 5269">
     <span class='ocr_line' id='line_1_112' title="bbox 2008 5189 3647 5269; baseline 0.001 -19"><span class='ocrx_word' id='word_1_796' title='bbox 2008 5189 2200 5252; x_wconf 87' lang='lat' dir='ltr'><strong>lentes</strong></span> <span class='ocrx_word' id='word_1_797' title='bbox 2240 5189 2484 5250; x_wconf 89' lang='lat' dir='ltr'><strong>demum</strong></span> <span class='ocrx_word' id='word_1_798' title='bbox 2519 5189 2758 5265; x_wconf 89' lang='lat' dir='ltr'><strong>reverti,</strong></span> <span class='ocrx_word' id='word_1_799' title='bbox 2793 5207 2949 5269; x_wconf 77' lang='lat' dir='ltr'><strong>agre</strong></span> <span class='ocrx_word' id='word_1_800' title='bbox 3004 5191 3080 5252; x_wconf 92' lang='lat' dir='ltr'>ab</span> <span class='ocrx_word' id='word_1_801' title='bbox 3110 5210 3180 5254; x_wconf 88' lang='lat' dir='ltr'>ea</span> <span class='ocrx_word' id='word_1_802' title='bbox 3209 5193 3596 5256; x_wconf 91' lang='lat' dir='ltr'><strong>discederent</strong></span> <span class='ocrx_word' id='word_1_803' title='bbox 3633 5215 3647 5252; x_wconf 91' lang='lat'><strong>:</strong></span> 
     </span>
    </p>
   </div>
   <div class='ocr_carea' id='block_1_113' title="bbox 2013 5277 3656 5360">
    <p class='ocr_par' dir='ltr' id='par_1_113' title="bbox 2013 5277 3656 5360">
     <span class='ocr_line' id='line_1_113' title="bbox 2013 5277 3656 5360; baseline 0.002 -19"><span class='ocrx_word' id='word_1_804' title='bbox 2013 5288 2078 5341; x_wconf 90' lang='lat' dir='ltr'>ut</span> <span class='ocrx_word' id='word_1_805' title='bbox 2119 5277 2221 5360; x_wconf 89' lang='lat' dir='ltr'>qui</span> <span class='ocrx_word' id='word_1_806' title='bbox 2278 5279 2455 5340; x_wconf 90' lang='lat' dir='ltr'><strong>veluti</strong></span> <span class='ocrx_word' id='word_1_807' title='bbox 2500 5278 2856 5360; x_wconf 83' lang='lat' dir='ltr'><strong>quibusdam</strong></span> <span class='ocrx_word' id='word_1_808' title='bbox 2901 5281 3150 5344; x_wconf 89' lang='lat' dir='ltr'><strong>vinculis</strong></span> <span class='ocrx_word' id='word_1_809' title='bbox 3206 5291 3409 5345; x_wconf 91' lang='lat' dir='ltr'><strong>essent</strong></span> <span class='ocrx_word' id='word_1_810' title='bbox 3462 5282 3536 5345; x_wconf 91' lang='lat' dir='ltr'>ab</span> <span class='ocrx_word' id='word_1_811' title='bbox 3584 5301 3656 5345; x_wconf 88' lang='lat' dir='ltr'>ea</span> 
     </span>
    </p>
   </div>
   <div class='ocr_carea' id='block_1_114' title="bbox 279 5367 1918 5461">
    <p class='ocr_par' dir='ltr' id='par_1_114' title="bbox 279 5367 1918 5461">
     <span class='ocr_line' id='line_1_114' title="bbox 279 5367 1918 5461; baseline -0.01 -16"><span class='ocrx_word' id='word_1_812' title='bbox 279 5367 442 5446; x_wconf 63' lang='grc' dir='ltr'>πόθου</span> <span class='ocrx_word' id='word_1_813' title='bbox 501 5367 952 5461; x_wconf 81' lang='grc' dir='ltr'>κεκρατημένους,</span> <span class='ocrx_word' id='word_1_814' title='bbox 1008 5376 1045 5444; x_wconf 73' lang='grc' dir='ltr'><strong>ἢ</strong></span> <span class='ocrx_word' id='word_1_815' title='bbox 1101 5375 1221 5439; x_wconf 82' lang='grc' dir='ltr'>τοὺς</span> <span class='ocrx_word' id='word_1_816' title='bbox 1277 5371 1332 5427; x_wconf 78' lang='grc' dir='ltr'>ἐν</span> <span class='ocrx_word' id='word_1_817' title='bbox 1383 5370 1514 5461; x_wconf 74' lang='grc' dir='ltr'>δίψῃ</span> <span class='ocrx_word' id='word_1_818' title='bbox 1573 5369 1722 5444; x_wconf 74' lang='grc' dir='ltr'>καλῷ</span> <span class='ocrx_word' id='word_1_819' title='bbox 1775 5369 1918 5428; x_wconf 75' lang='grc' dir='ltr'>ὕδατι</span> 
     </span>
    </p>
   </div>
   <div class='ocr_carea' id='block_1_115' title="bbox 2004 5367 3650 5461">
    <p class='ocr_par' dir='ltr' id='par_1_115' title="bbox 2004 5367 3650 5454">
     <span class='ocr_line' id='line_1_115' title="bbox 2004 5367 3650 5454; baseline 0.001 -21"><span class='ocrx_word' id='word_1_820' title='bbox 2004 5367 2311 5433; x_wconf 90' lang='lat' dir='ltr'><strong>constricti</strong></span> <span class='ocrx_word' id='word_1_821' title='bbox 2361 5369 2453 5429; x_wconf 88' lang='lat' dir='ltr'><strong>sui</strong></span> <span class='ocrx_word' id='word_1_822' title='bbox 2488 5370 2548 5429; x_wconf 92' lang='lat' dir='ltr'><strong>in</strong></span> <span class='ocrx_word' id='word_1_823' title='bbox 2586 5387 2718 5429; x_wconf 89' lang='lat' dir='ltr'>eam</span> <span class='ocrx_word' id='word_1_824' title='bbox 2748 5370 2996 5452; x_wconf 83' lang='lat' dir='ltr'><strong>amoris,</strong></span> <span class='ocrx_word' id='word_1_825' title='bbox 3032 5378 3134 5434; x_wconf 90' lang='lat' dir='ltr'>aut</span> <span class='ocrx_word' id='word_1_826' title='bbox 3163 5373 3268 5454; x_wconf 90' lang='lat' dir='ltr'><strong>qui</strong></span> <span class='ocrx_word' id='word_1_827' title='bbox 3296 5390 3430 5435; x_wconf 90' lang='lat' dir='ltr'>cum</span> <span class='ocrx_word' id='word_1_828' title='bbox 3463 5373 3525 5435; x_wconf 91' lang='lat' dir='ltr'><strong>in</strong></span> <span class='ocrx_word' id='word_1_829' title='bbox 3555 5374 3650 5434; x_wconf 91' lang='lat' dir='ltr'><strong>siti</strong></span> 
     </span>
    </p>
   </div>
   <div class='ocr_carea' id='block_1_116' title="bbox 282 5460 1921 5559">
    <p class='ocr_par' dir='ltr' id='par_1_116' title="bbox 282 5460 1921 5559">
     <span class='ocr_line' id='line_1_116' title="bbox 282 5460 1921 5559; baseline -0.014 -24"><span class='ocrx_word' id='word_1_830' title='bbox 282 5479 410 5559; x_wconf 83' lang='grc' dir='ltr'>πρὸς</span> <span class='ocrx_word' id='word_1_831' title='bbox 461 5460 620 5552; x_wconf 77' lang='grc' dir='ltr'>κόρον</span> <span class='ocrx_word' id='word_1_832' title='bbox 661 5475 720 5530; x_wconf 68' lang='grc' dir='ltr'>οὗ</span> <span class='ocrx_word' id='word_1_833' title='bbox 777 5476 1190 5559; x_wconf 43' lang='grc' dir='ltr'>χρησαμένους,</span> <span class='ocrx_word' id='word_1_834' title='bbox 1235 5464 1322 5518; x_wconf 76' lang='grc' dir='ltr'>καὶ</span> <span class='ocrx_word' id='word_1_835' title='bbox 1374 5460 1458 5559; x_wconf 76' lang='grc' dir='ltr'>διὰ</span> <span class='ocrx_word' id='word_1_836' title='bbox 1513 5468 1668 5559; x_wconf 53' lang='grc' dir='ltr'>¹τοῦτο</span> <span class='ocrx_word' id='word_1_837' title='bbox 1717 5462 1921 5559; x_wconf 65' lang='grc' dir='ltr'>βαρέως</span> 
     </span>
    </p>
   </div>
   <div class='ocr_carea' id='block_1_117' title="bbox 279 5552 1921 5644">
    <p class='ocr_par' dir='ltr' id='par_1_117' title="bbox 279 5552 1921 5644">
     <span class='ocr_line' id='line_1_117' title="bbox 279 5552 1921 5644; baseline -0.007 -23"><span class='ocrx_word' id='word_1_838' title='bbox 279 5552 562 5644; x_wconf 74' lang='grc' dir='ltr'>ὑπομένειν</span> <span class='ocrx_word' id='word_1_839' title='bbox 592 5561 692 5629; x_wconf 75' lang='grc' dir='ltr'>τὴν</span> <span class='ocrx_word' id='word_1_840' title='bbox 723 5558 1088 5638; x_wconf 78' lang='grc' dir='ltr'>ἀναχώρησιν.</span> <span class='ocrx_word' id='word_1_841' title='bbox 1124 5553 1273 5612; x_wconf 75' lang='grc' dir='ltr'>Οὕτω</span> <span class='ocrx_word' id='word_1_842' title='bbox 1329 5552 1428 5628; x_wconf 79' lang='grc' dir='ltr'>μὲν</span> <span class='ocrx_word' id='word_1_843' title='bbox 1488 5552 1576 5608; x_wconf 80' lang='grc' dir='ltr'>οῦν</span> <span class='ocrx_word' id='word_1_844' title='bbox 1637 5552 1921 5631; x_wconf 84' lang='grc' dir='ltr'>ἐπέραστος</span> 
     </span>
    </p>
   </div>
   <div class='ocr_carea' id='block_1_118' title="bbox 2007 5459 3652 5546">
    <p class='ocr_par' dir='ltr' id='par_1_118' title="bbox 2007 5459 3652 5546">
     <span class='ocr_line' id='line_1_118' title="bbox 2007 5459 3652 5546; baseline 0.004 -23"><span class='ocrx_word' id='word_1_845' title='bbox 2007 5459 2259 5544; x_wconf 89' lang='lat' dir='ltr'><strong>pulchra</strong></span> <span class='ocrx_word' id='word_1_846' title='bbox 2296 5476 2448 5538; x_wconf 90' lang='lat' dir='ltr'><strong>aqua</strong></span> <span class='ocrx_word' id='word_1_847' title='bbox 2479 5477 2544 5519; x_wconf 89' lang='lat' dir='ltr'><strong>se</strong></span> <span class='ocrx_word' id='word_1_848' title='bbox 2595 5459 3035 5537; x_wconf 84' lang='lat' dir='ltr'><strong>exsatiaverint,</strong></span> <span class='ocrx_word' id='word_1_849' title='bbox 3063 5473 3122 5523; x_wconf 91' lang='lat' dir='ltr'><strong>et</strong></span> <span class='ocrx_word' id='word_1_850' title='bbox 3166 5473 3483 5544; x_wconf 89' lang='lat' dir='ltr'><strong>propterea</strong></span> <span class='ocrx_word' id='word_1_851' title='bbox 3509 5485 3652 5546; x_wconf 79' lang='lat' dir='ltr'><strong>gra-</strong></span> 
     </span>
    </p>
   </div>
   <div class='ocr_carea' id='block_1_119' title="bbox 2005 5547 3649 5637">
    <p class='ocr_par' dir='ltr' id='par_1_119' title="bbox 2005 5547 3649 5637">
     <span class='ocr_line' id='line_1_119' title="bbox 2005 5547 3649 5637; baseline 0.002 -23"><span class='ocrx_word' id='word_1_852' title='bbox 2005 5555 2153 5614; x_wconf 88' lang='lat' dir='ltr'><strong>viter</strong></span> <span class='ocrx_word' id='word_1_853' title='bbox 2183 5550 2378 5613; x_wconf 82' lang='lat' dir='ltr'><strong>ferant</strong></span> <span class='ocrx_word' id='word_1_854' title='bbox 2405 5547 2477 5610; x_wconf 88' lang='lat' dir='ltr'>ab</span> <span class='ocrx_word' id='word_1_855' title='bbox 2509 5567 2580 5612; x_wconf 89' lang='lat' dir='ltr'>ea</span> <span class='ocrx_word' id='word_1_856' title='bbox 2623 5567 2957 5616; x_wconf 91' lang='lat' dir='ltr'><strong>recessum.</strong></span> <span class='ocrx_word' id='word_1_857' title='bbox 2992 5553 3174 5614; x_wconf 91' lang='lat' dir='ltr'><strong>Porro</strong></span> <span class='ocrx_word' id='word_1_858' title='bbox 3222 5561 3418 5616; x_wconf 90' lang='lat' dir='ltr'><strong>autem</strong></span> <span class='ocrx_word' id='word_1_859' title='bbox 3460 5557 3649 5637; x_wconf 90' lang='lat' dir='ltr'><strong>ipsam</strong></span> 
     </span>
    </p>
   </div>
   <div class='ocr_carea' id='block_1_120' title="bbox 279 5639 1918 5733">
    <p class='ocr_par' dir='ltr' id='par_1_120' title="bbox 279 5639 1918 5733">
     <span class='ocr_line' id='line_1_120' title="bbox 279 5639 1918 5733; baseline -0.013 -16"><span class='ocrx_word' id='word_1_860' title='bbox 279 5659 345 5733; x_wconf 79' lang='grc' dir='ltr'>ἦν</span> <span class='ocrx_word' id='word_1_861' title='bbox 374 5639 513 5723; x_wconf 73' lang='grc' dir='ltr'>ἀύτη</span> <span class='ocrx_word' id='word_1_862' title='bbox 544 5651 683 5712; x_wconf 83' lang='grc' dir='ltr'>κατά</span> <span class='ocrx_word' id='word_1_863' title='bbox 712 5656 917 5725; x_wconf 83' lang='grc' dir='ltr'>πνεῦμα</span> <span class='ocrx_word' id='word_1_864' title='bbox 969 5658 1086 5710; x_wconf 88' lang='grc' dir='ltr'>τοῖς</span> <span class='ocrx_word' id='word_1_865' title='bbox 1144 5642 1470 5722; x_wconf 59' lang='grc' dir='ltr'>προσιοῦσιν</span> <span class='ocrx_word' id='word_1_866' title='bbox 1531 5643 1660 5724; x_wconf 73' lang='grc' dir='ltr'>εἶχε</span> <span class='ocrx_word' id='word_1_867' title='bbox 1715 5641 1768 5700; x_wconf 73' lang='grc' dir='ltr'>δὲ</span> <span class='ocrx_word' id='word_1_868' title='bbox 1827 5642 1918 5701; x_wconf 71' lang='grc' dir='ltr'>καί</span> 
     </span>
    </p>
   </div>
   <div class='ocr_carea' id='block_1_121' title="bbox 2004 5639 3648 5733">
    <p class='ocr_par' dir='ltr' id='par_1_121' title="bbox 2005 5639 3648 5714">
     <span class='ocr_line' id='line_1_121' title="bbox 2005 5639 3648 5714; baseline 0.004 -8"><span class='ocrx_word' id='word_1_869' title='bbox 2005 5659 2212 5706; x_wconf 91' lang='lat' dir='ltr'><strong>rursus</strong></span> <span class='ocrx_word' id='word_1_870' title='bbox 2235 5640 2450 5704; x_wconf 88' lang='lat' dir='ltr'><strong>invasit</strong></span> <span class='ocrx_word' id='word_1_871' title='bbox 2473 5639 2840 5708; x_wconf 90' lang='lat' dir='ltr'><strong>desiderium</strong></span> <span class='ocrx_word' id='word_1_872' title='bbox 2861 5642 3258 5708; x_wconf 83' lang='lat' dir='ltr'><strong>conveniendi</strong></span> <span class='ocrx_word' id='word_1_873' title='bbox 3281 5646 3648 5714; x_wconf 77' lang='lat' dir='ltr'><strong>Bassianum.</strong></span> 
     </span>
    </p>
   </div>
  </div>
