4086 6416
421 334 541 399 943
1586 337 1972 403 ADDENDA.
2043 374 2095 388 —

2185 334 2629 404 NOVEMBER.
3684 324 3801 389 944

418 475 565 539 Cum
595 482 793 538 autem
825 476 877 538 is
907 483 1069 541 esset
1097 493 1303 538 rursus
1328 476 1389 537 in
1412 474 1619 553 regina
1638 473 1877 537 urbium
1891 479 2095 539 Con-1

2184 475 2304 541 Βτην
2336 474 2495 532 πόθος
2527 467 2775 546 ἐντυχεῖν
2807 463 2967 521 πάλιν
3025 465 3294 532 Βασιανῷ,
3335 461 3485 517 Ἐπεὶ
3543 456 3599 515 δὲ
3651 458 3801 517 οὗτος

419 565 825 646 stantinopoli,
858 566 920 629 in
949 572 1082 648 ipsa
1123 581 1265 627 vero
1294 550 1531 627 adesset
1563 564 1738 653 etiam
1771 567 2066 628 Domitia-

2184 568 2226 630 ίς
2282 564 2381 629 τὴν
2439 557 2822 636 βασιλεύουσαν
2879 558 2987 610 τῶν
3040 550 3253 607 πόλεων
3300 551 3399 618 τὴν
3462 559 3803 606 Κωνσταντι-

422 673 537 717 nus
567 638 699 736 ejus
729 638 995 726 maritus,
1030 652 1356 734 repellebat
1385 652 1746 715 desiderium
1781 656 1912 733 ejus
1938 673 2067 717 ma-

2184 650 2400 709 ούπολιν
2454 647 2542 718 ἦν,
2609 645 2662 701 ἐν
2719 641 2852 717 αὒτῇ
2908 639 2963 696 δὲ
3022 641 3198 718 παρῆν
3257 639 3343 693 καὶ
3400 639 3722 711 Δομετιανὸς
3775 638 3803 691 6

2392 738 2404 743 -
2458 738 2468 743 _
2584 734 2603 743 -
2678 738 2695 743 ,
2922 730 2934 743 .
3041 729 3063 743 ι,
3283 730 3294 743 .
3420 734 3439 741 -
3493 728 3504 738 .
3553 725 3575 742 κ
3625 727 3633 742 ,
3755 726 3763 743 .

420 743 523 804 riti
573 729 794 819 metus,
829 763 902 805 nc
960 729 1117 807 forte
1142 744 1203 804 in
1253 760 1463 804 manus
1506 742 1637 821 ejus
1669 729 1981 819 incideret,
2018 744 2070 804 si

2189 743 2350 806 πιότης
2384 738 2542 814 ἀνὴρ,
2577 734 2823 790 διωθεῖτο
2882 730 2983 797 τὴν
3041 729 3219 808 ἔφεσιν
3277 730 3303 783 6
3352 734 3444 784 τοῦ
3481 729 3667 803 ἀνδρὸς
3700 729 3802 804 φό-

2341 831 2350 835 -
2616 826 2628 835 .
2716 824 2729 835 .
2850 822 2862 835 .
3182 817 3195 835 .
3304 816 3313 831 ι
3574 815 3593 835 η
3648 816 3675 835 μ
3709 822 3732 832 -

420 831 681 895 venisset
714 815 1036 895 in'urbem.
1070 831 1469 905 Quamobrem
1496 815 1629 892 cum
1663 815 1983 896 distractus
2015 834 2073 895 ei

2189 854 2243 895 ος
2278 831 2488 905 μήποτε
2545 826 2633 880 καὶ
2689 824 2759 888 εἰς
2811 822 2905 883 τὰς
2935 835 3133 899 χεῖρας
3180 816 3402 892 ἐμπέσοι
3434 815 3808 872 καταλαϐοῦσι

424 931 583 985 esset
626 921 861 983 animus
914 922 1008 984 bis
1062 921 1291 983 duabus
1343 920 1819 1001 cogitationibus,
1852 942 2072 1004 nempe

2188 921 2254 988 ἢν
2308 915 2693 994 βασιλεύουσαν
2728 931 2742 945 ·
2807 910 2923 966 ὅθεν
2978 909 3069 964 καὶ
3124 906 3237 963 δυσὶ
3306 906 3513 967 τούτοις
3588 912 3807 983 μεριζο-

426 1010 610 1092 patris
658 1010 964 1105 spiritalis
1019 1010 1363 1105 desiderio,
1402 994 1461 1072 et
1519 1019 1681 1105 metu
1742 994 2071 1105 maritis-in

2184 1010 2295 1075 ιένη
2352 1019 2471 1070 τοῖς
2530 1002 2820 1082 λογισμοῖς
2876 1000 3076 1075 πατρὶς
3130 1018 3188 1053 τε
3246 1001 3607 1070 πνευματικοῦ
3665 994 3812 1065 πόθῳ

2229 1101 2238 1105 -
2361 1093 2408 1105 ,Δ
2573 1101 2594 1105 .-
2765 1092 2776 1105 \
2904 1088 2915 1105 Ι
3128 1086 3142 1105 )
3193 1084 3216 1105 ᾗ
3253 1088 3265 1103 \
3432 1084 3445 1105 κ
3549 1083 3564 1105 ἳ
3585 1094 3596 1105 ι
3617 1082 3637 1105 Ἰ
3660 1082 3701 1105 γε
3725 1084 3735 1101 ⁷

423 1082 622 1195 animo
658 1082 920 1195 habebat
948 1101 1040 1164 ire
1063 1101 1262 1195 potius
1280 1082 1741 1195 _A'lesandriam,
1763 1110 1882 1195 aut,
1906 1082 2075 1180 cujus

2184 1101 2246 1156 Lati
2304 1093 2454 1168 φόϐῳ
2508 1101 2599 1150 τοῦ
2654 1092 2790 1151 κατὰ
2858 1088 3051 1164 νόμους
3124 1084 3332 1165 ἀνδρὸς,
3393 1084 3491 1151 τὴν
3549 1082 3809 1148 Ἀλεξάν-

2319 1163 2328 1175 ⁶
2424 1186 2505 1195 -..ι
2613 1184 2626 1195 .
2743 1185 2750 1194 .
2993 1176 3013 1195 ἰ
3064 1175 3095 1195 ρ
3127 1190 3150 1195 ..
3265 1176 3291 1195 ,ι
3433 1176 3444 1195 r
3616 1174 3627 1195 ν

423 1208 532 1283 spe
586 1188 781 1283 fuerat
823 1174 1128 1283 frustrata,
1158 1189 1567 1283 Antiochiam.
1595 1188 1733 1283 Haec
1778 1190 1853 1283 de
1903 1174 2080 1253 causa

2184 1194 2343 1265 ῖρειαν
2375 1186 2579 1260 μᾶλλον
2611 1184 2803 1239 ἐνενόει
2861 1175 3203 1253 κατελαϐεῖν,
3259 1176 3294 1244 ἢ
3353 1176 3547 1241 ταύτης
3604 1174 3811 1231 ἀποτυ-

2439 1276 2449 1283 .
2554 1273 2568 1283 .
2723 1272 2733 1283 .
2981 1278 3019 1283 -
3072 1268 3084 1283 ,
3423 1266 3439 1283 ι
3698 1263 3709 1283 1

421 1266 714 1341 intentius
742 1278 989 1341 vacabat
1046 1266 1444 1354 orationibus,
1480 1286 1541 1340 et
1570 1299 1602 1340 a
1651 1280 1906 1342 Domino
1939 1298 2079 1341 exs-

2184 1285 2369 1360 (οὖσαν
2398 1276 2497 1342 τὴν
2554 1272 2919 1350 Ἀντιόχειαν.
2981 1268 3156 1344 Ταύτῃ
3215 1287 3297 1322 τοι
3353 1266 3443 1321 καὶ
3489 1266 3812 1323 συντονώτε-

427 1366 707 1448 pectebat
736 1367 1242 1448 signiﬁcationem
1275 1369 1431 1448 ejus,
1463 1369 1622 1449 quod
1674 1378 1801 1431 erat
1831 1370 1883 1431 ei
1918 1368 2080 1430 futu-

2184 1354 2250 1425 iov
2284 1365 2597 1443 προσέκειτο
2627 1374 2748 1425 ταῖς
2782 1359 3020 1429 δεήσεσι,
3073 1358 3161 1412 καὶ
3209 1359 3309 1423 τὴν
3355 1361 3449 1412 τοῦ
3478 1354 3811 1415 συνοίσοντος

425 1446 560 1519 rum
593 1446 997 1520 conducibile.
1311 1446 1322 1448 ’
1481 1446 1499 1449 ’

2184 1456 2399 1528 ἷήλωσιν
2429 1454 2570 1533 παρὰ
2604 1453 2790 1529 Κυρίου
2815 1446 3138 1526 προσάμενε.
3480 1532 3485 1533 ν
3518 1532 3521 1533 ν
3626 1494 3637 1515 ,

510 1544 703 1610 XXV.
738 1546 883 1610 Cum
916 1548 977 1608 in
1008 1564 1311 1609 summum
1342 1565 1485 1627 ergo
1514 1556 1672 1610 esset
1701 1548 2083 1623 resoluta,vi-

2252 1545 2384 1608 KE’.
2453 1545 2850 1622 Κατενεχθεῖσα
2908 1544 3035 1617 γοῦν
3091 1537 3165 1599 εἰς
3221 1534 3382 1592 ὕπνον
3431 1532 3611 1627 ἐδόκει
3665 1545 3813 1612 τρεῖς

432 1635 692 1697 debetur
741 1636 1016 1716 aspicere
1041 1644 1161 1698 tres
1189 1637 1348 1698 viros
1392 1622 1641 1717 quorum
1677 1636 2086 1718 unusquisque

2184 1635 2358 1715 ἵνδρας
2415 1637 2563 1713 ὁρᾷν,
2635 1628 2979 1718 διατείνεσθαί
3035 1647 3092 1682 τε
3161 1626 3364 1682 τούτων
3429 1622 3652 1680 ἕκαστον
3720 1624 3812 1718 καὶ

431 1711 830 1786 vehementer
869 1725 1293 1799 contendebat,
1325 1711 1599 1806 quisnam
1651 1743 1720 1787 ex
1751 1711 1868 1787 bis—
1894 1711 2087 1787 tribus

2190 1711 2400 1806 σχυρῶς
2450 1711 2819 1798 νᾶνθίστασθαι,
2895 1717 2973 1778 τίς
3041 1722 3148 1772 τῶν
3219 1720 3378 1791 τριῶν
3450 1711 3813 1792 προτιμητέος

432 1821 592 1875 esset
623 1813 1053 1895 praeferendus,
1091 1821 1158 1876 nt
1191 1832 1319 1876 eam
1343 1802 1599 1876 duceret
1628 1833 1897 1877 uxorem.
1933 1815 2081 1877 Cum

2184 1802 2395 1895 ὶγαγεῖν
2426 1812 2591 1878 αὐτὴν
2641 1811 2714 1871 εἰς
2762 1819 3017 1885 γυναῖκα,
3062 1809 3172 1873 Τῆς
3224 1802 3280 1858 δὲ
3325 1802 3507 1882 ὤσπερ
3548 1803 3812 1878 ἐκτρεπο-

432 1918 503 1963 ea
554 1890 754 1963 autem
808 1920 985 1965 aures
1034 1890 1351 1983 averteret,
1386 1911 1443 1964 et
1496 1912 1729 1983 putaret
1771 1921 1899 1965 rem
1951 1921 2083 1964 esse

2184 1890 2335 1969 ιὲνης
2393 1902 2491 1968 τήν
2551 1898 2720 1965 ἀκοὴν
2774 1899 2861 1953 καὶ
2932 1897 2994 1951 τὸ
3052 1900 3272 1971 πρᾶγμα
3340 1890 3536 1966 κομιδῆ
3612 1894 3814 1948 ἄτοπον

430 1989 600 2052 valde
625 1990 947 2054 absurdam
972 1991 1270 2072 (terrebat
1295 1981 1454 2053 enim
1494 1981 1813 2066 somnium,
1837 2001 1899 2053 ut
1922 1992 2080 2073 quod

2184 1992 2498 2073 jyoopévnc,
2564 1985 2800 2067 (θορυϐεῖ
2857 1986 2957 2063 γὰρ
3010 1988 3101 2040 καὶ
3164 1983 3290 2058 ὅναρ
3346 1981 3661 2046 ἀπεναντίας
3692 1993 3815 2045 τοῖς

434 2089 597 2143 esset
628 2080 989 2143 contrarium
1022 2080 1097 2142 iis
1131 2098 1278 2161 quas
1307 2081 1568 2142 interdiu
1600 2071 1971 2161 susceperat,
1992 2100 2089 2141 co-

2184 2071 2283 2140 ιεθ’
2343 2081 2547 2159 ἡμέραν
2606 2078 2895 2155 λογισμοῖς
2940 2072 3261 2153 ὁρώμενον),
3326 2073 3484 2161 γΤίνες
3541 2071 3595 2127 δὲ
3661 2072 3822 2146 ὑμεῖς

432 2167 1118 2248 gitationibus):Quinam
1144 2180 1342 2231 autem
1366 2186 1474 2232 vos
1501 2170 1980 2247 estis,videbatur
1995 2170 2084 2231 eis

435 2265 642 2320 sancta
670 2258 898 2339 dicere,
924 2266 984 2320 et
1007 2277 1138 2339 quae
1159 2266 1299 2320 sunt
1318 2266 1517 2320 vestra
1537 2258 1813 2321 nomina?
1829 2259 1917 2320 Illi
1947 2277 2086 2321 vero

439 2346 744 2421 dixerunt,
777 2365 963 2407 unum
1016 2347 1257 2427 quidem
1307 2347 1605 2408 nominari
1656 2347 2082 2429 Alexandrum,

439 2434 689 2497 alterum
718 2444 913 2497 autem
944 2436 1330 2511 Antiochum,
1353 2437 1592 2498 tertium
1624 2455 1764 2499 vero
1796 2437 2087 2499 Constan-

439 2523 655 2587 tinum.
688 2524 863 2586 Sorte
889 2533 1088 2587 autem
1131 2525 1506 2588 conabantur
1536 2525 1820 2589 dirimere
1843 2537 2087 2589 contro-

439 2613 695 2676 versiam
728 2635 743 2687 ;
803 2631 875 2676 ea
904 2630 1047 2678 vero
1078 2614 1295 2677 cecidit
1338 2614 1400 2676 in
1432 2632 1568 2676 eum
1601 2615 1706 2693 qui
1743 2623 1871 2677 erat
1916 2623 2088 2677 aetate

436 2702 948 2783 juvenis,nomine
971 2702 1413 2767 Constantinus.
1433 2703 1481 2766 E
1523 2722 1732 2766 somno
1757 2723 1898 2785 ergo
1926 2704 2089 2766 exci-

443 2793 877 2873 tata,quidnam
908 2792 1020 2854 sibi
1052 2793 1232 2855 vellet
1258 2793 1505 2855 visionis
1534 2793 1841 2875 revelatio,
1860 2793 2089 2856 intelli-

2169 2174 2312 2252 ἔστε,
2373 2172 2504 2247 πρὸς
2562 2167 2748 2229 αὖτοὺς
2808 2168 2843 2234 ἡ
2901 2165 3024 2252 ἁγία
3082 2161 3256 2252 λέγειν
3316 2160 3487 2252 δοκέῖ,
3704 2161 3826 2252 τίνα

2168 2248 2318 2337 ὑμῶν
2370 2261 2435 2317 τὰ
2481 2261 2771 2332 ὀνόματα;
2832 2257 2892 2312 Οἱ
2944 2251 2999 2308 δὲ
3046 2254 3135 2308 τὸν
3186 2251 3278 2309 ἕνα
3328 2252 3425 2327 μὲν
3475 2248 3826 2323 Ἀλέξανδρον

2170 2352 2542 2426 ὀνομάζεσθαι,
2607 2347 2824 2418 θάτερον
2881 2341 2936 2398 δὲ
2995 2339 3302 2421 Ἀντίοχον,
3363 2343 3454 2398 τὸν
3526 2338 3580 2396 δὲ
3626 2340 3829 2397 λοιπὸν

2174 2451 2602 2511 Κωνσταντῖνον,
2675 2436 2763 2491 καὶ
2846 2432 3199 2496 τελευτῶντας
3270 2430 3455 2510 κλήρὼ
3539 2433 3825 2509 πειρᾶσθαι

2169 2528 2402 2586 διαλύειν
2429 2529 2525 2595 τὴν
2558 2521 2984 2606 ἀμφισϐήτησιν·
3050 2535 3240 2579 πεσεῖν
3296 2520 3353 2577 δὲ
3402 2528 3589 2578 τοῦτον
3618 2522 3692 2584 εἷς
3722 2520 3821 2575 τὸν

2169 2620 2286 2677 καθ’
2345 2618 2557 2688 ἡλικίαν
2617 2616 2889 2687 νεάζοντα,
2967 2622 3368 2677 Κωνσταντϊνος
3440 2611 3589 2674 οὗτος
3653 2610 3818 2688 ἰτύγ-

2171 2729 2331 2789 χανε,
2385 2709 2765 2764 Διυπνισοεῖσα
2808 2710 2933 2782 γοῦν
2980 2706 3079 2759 καὶ
3123 2702 3222 2770 τὴν
3263 2706 3361 2768 τῆς
3393 2699 3570 2777 ὅψεως
3602 2700 3819 2756 ἀποκά-

2173 2797 2329 2873 λυψιν
2385 2797 2412 2853 ὅ
2459 2818 2508 2853 τι
2556 2794 2802 2871 βούλοιτο
2845 2794 2882 2860 ἡ
2921 2793 3045 2871 ἁγία
3089 2804 3333 2867 συνεῖσα,
3386 2792 3486 2858 τὴν
3536 2791 3635 2866 μὲν
3683 2791 3821 2866 πρὸς

439 2898 587 2961 gens
618 2881 821 2942 statuit
844 2881 1089 2962 quidem
1120 2882 1470 2960 relinquere
1498 2882 1812 2965 viam,qu:e
1834 2884 2092 2947 Alexan-

2184 2885 2571 2966 Ἀλεξάνδρειαν
2620 2886 2655 2955 ἢ
2703 2883 3041 2963 Ἀντιόχειαν
3085 2885 3327 2957 μεθεῖναι
3384 2879 3598 2960 διέγνω,
3632 2878 3734 2946 ὅλη
3763 2877 3823 2935 δὲ

439 2969 634 3031 driam
666 2969 855 3047 ducit,
889 2978 992 3031 aut
1033 2971 1411 3033 Antiochiam
1449 2992 1462 3033 :
1498 2979 1618 3034 tota
1644 2982 1843 3035 antem
1875 2973 1938 3035 in
1980 2974 2091 3035 boc

2184 2983 2272 3045 τῆς
2356 2979 2488 3055 πρὸς
2577 2974 3132 3036 Κωνσταντινούπολιν
3210 2969 3512 3046 ἀποδημίας
3582 2970 3820 3048 ἐγένετο⁸

439 3068 591 3133 erat,
653 3068 718 3120 ut
768 3060 1253 3139 proficisceretur
1301 3062 1902 3143 Constantinopolim.
1967 3061 2094 3123 Hoc

2184 3068 2248 3131 εἷς
2308 3067 2652 3146 εὖαρέστησιν
2710 3066 2810 3144 γὰρ
2866 3064 3010 3119 εἶναι
3062 3068 3218 3118 τοῦτο
3265 3061 3417 3139 ἐλεγε
3446 3061 3525 3135 τῷ
3566 3061 3666 3128 τὴν
3715 3064 3831 3116 τῶν

442 3148 872 3267 enimadicebat
901 3148 1139 3229 placere
1168 3149 1315 3226 Deo,
1348 3156 1450 3232 qui
1491 3151 1802 3214 evidenter
1830 3152 2094 3214 ostendit

2184 3157 2395 3237 ἀφανῶν
2425 3154 2659 3226 δήλωσιν
2682 3156 2918 3231 ὲναργῶς
2950 3158 3067 3223 Θεῷ
3098 3152 3524 3226 παραστήσαντι.

443 3237 939 3316 signiﬁcationem
972 3258 1179 3301 eorum
1214 3258 1345 3321 quae
1372 3249 1545 3303 erant
1575 3242 1851 3306 obscura.

522 3325 882 3390 XXVl.Cum
908 3328 1253 3409 suisitaque
1274 3329 1582 3391 sororibus
1602 3331 1899 3392 somnium
1924 3349 2096 3393 com-

444 3414 832 3491 mnnicasset,
865 3417 1108 3479 videbat
1141 3436 1242 3481 eas
1293 3436 1415 3481 suae
1442 3419 1738 3481 voluntati
1769 3420 2053 3482 resistere
2080 3443 2096 3499 ;

446 3522 568 3566 non
591 3507 747 3585 quod
774 3504 1119 3585 judicarent
1147 3507 1232 3582 id,
1262 3508 1419 3589 quod
1464 3515 1652 3570 visum
1683 3508 1895 3583 fuerat,
1935 3510 2095 3571 aliud

450 3594 926 3672 signiﬁcare,sed
959 3597 1115 3677 quod
1149 3615 1279 3660 eam
1311 3598 1481 3659 valde
1502 3598 2100 3677 amplecterentur,et

448 3702 567 3745 non
601 3685 969 3747 sustinerent
1015 3704 1146 3747 eam
1178 3685 1252 3747 ab
1294 3686 1442 3767 ipsis
1471 3686 1787 3749 discedere
1817 3708 1833 3751 :
1867 3695 1933 3749 ut
1963 3696 2097 3769 quae

448 3791 569 3835 non
596 3791 771 3836 secus
787 3791 857 3837 ac
879 3793 1096 3837 recens
1113 3775 1385 3855 plantatae
1408 3774 1648 3857 plantas,
1676 3775 1749 3838 ab
1773 3776 1935 3839 illius
1958 3796 2094 3841 ver-

451 3863 546 3924 bis
575 3862 993 3945 irrigarentur,
1013 3873 1073 3928 et
1095 3865 1448 3927 venirentin
1474 3865 1829 3946 periculum,
1862 3885 1937 3930 ne
1968 3870 2097 3949 ejus

449 3953 786 4033 privatione
816 3955 1265 4018 ﬂaccescerent.
1301 3956 1523 4017 Tamen
1576 3958 1882 4037 quoniam,
1929 3958 2097 4020 dixe-

450 4051 613 4119 runt,
649 4043 846 4104 divina
898 4043 1173 4125 quaedam
1208 4044 1579 4125 providentia
1619 4065 1793 4127 opem
1824 4047 1957 4109 tulit
2003 4057 2101 4111 tuo

449 4132 1115 4215 consilio,nequaqnam
1142 4152 1460 4214 possumus
1481 4143 1644 4197 tuum
1663 4138 2103 4218 interrumpere

451 4222 848 4304 propositum.
900 4225 1017 4287 Sed
1050 4225 1317 4287 secundo
1370 4226 1525 4300 loco,
1559 4227 1859 4308 inquiunt,
1894 4229 1971 4289 sit
1997 4228 2102 4291 tibi

454 4329 637 4388 cum,
667 4313 1022 4393 quibusnam
1057 4315 1143 4375 eis
1173 4332 1282 4375 nos
1304 4316 1585 4377 relictura
1616 4324 1749 4396 post
1771 4326 1932 4377 tuum
1958 4318 2101 4378 hinc

448 4419 782 4464 recessum.
816 4402 920 4464 Illa
970 4411 1169 4465 autem
1204 4404 1280 4464 de
1311 4403 1398 4465 eis
1449 4405 1721 4484 protinus
1750 4406 2096 4485 episcopum

451 4491 594 4553 facit
623 4491 972 4569 certiorem,
1005 4500 1064 4554 et
1097 4494 1264 4573 petit,
1302 4501 1360 4553 ut
1402 4492 1475 4553 ad
1510 4492 1697 4572 ipsam
1734 4493 1926 4554 mittat
1955 4495 2103 4555 duas

452 4580 850 4662 diaconissas,
878 4582 1098 4662 quibus
1131 4590 1368 4660 tempus
1398 4582 1671 4642 virtutem
1705 4582 2097 4645 continuavit.

451 4669 594 4742 Quae
633 4689 770 4732 cum
804 4670 1222 4741 accessissent,
1260 4670 1602 4747 beatissima
1648 4671 1911 4734 Matrona
1940 4692 2098 4751 suas,

450 4759 634 4821 veluti
664 4760 960 4840 quoddam
1020 4759 1380 4840 depositum,
1417 4759 1673 4822 credidit
1702 4779 1901 4823 earum
1937 4762 2100 4840 fidei,

451 4856 510 4910 et
538 4850 725 4911 suasit
769 4849 1008 4930 plurimi
1039 4848 1236 4910 facere
1286 4847 1514 4910 animas
1545 4866 1748 4911 earum
1795 4850 1935 4915 ﬁdei
1964 4871 2100 4915 cre-

450 4938 602 5001 ditas
638 4959 651 5001 :
703 4956 806 5012 ne,
834 4956 982 5019 quas
1014 4937 1157 4999 fecit
1197 4937 1357 5000 Deus
1388 4939 1676 4999 mundum
1733 4940 2096 5024 relinquere,

449 5045 660 5090 rursus
690 5028 961 5090 sinerent
992 5027 1285 5089 accedere
1316 5027 1391 5089 ad
1422 5028 1628 5090 mundi
1666 5032 2005 5105 vanitatem,
2041 5043 2101 5095 et

451 5126 626 5198 pacta
652 5129 947 5179 conventa
978 5115 1306 5195 negligere.

521 5206 906 5270 XXVII.Haac
934 5224 1067 5268 cum
1091 5206 1713 5282 dixisset,etultimum
1735 5210 1825 5273 eis
1838 5211 2100 5275 dedisset

2263 3333 2411 3409 κζ’.
2450 3328 2829 3405 Κοινωσαμένη
2877 3326 2932 3383 δὲ
2978 3328 3039 3383 νὸ
3087 3325 3213 3405 ὄναρ
3262 3327 3349 3383 καὶ
3396 3328 3520 3390 ταῖς
3578 3327 3695 3403 περὶ
3726 3329 3841 3384 αὒ-

2178 3424 2280 3492 τὴν
2335 3421 2593 3500 ἀδελφαῖς
2648 3417 3107 3496 ἀντιπραττούσας
3167 3416 3304 3494 ἐώρα
3354 3416 3549 3480 ταύτας
3598 3421 3667 3492 τῇ
3696 3417 3843 3492 βου-

2181 3514 2336 3583 λήσει
2392 3518 2461 3588 τῇ
2523 3510 2736 3588 ἑαυτῆς,
2797 3508 2899 3585 οὔχ
2956 3508 3027 3572 ὡς
3089 3503 3268 3583 ἕτερόν
3322 3527 3373 3561 τι
3432 3506 3710 3582 κρινούσας
3770 3507 3846 3563 τὸ

2180 3603 2335 3683 ὀφθέν
2362 3601 2539 3658 ἐκεῖνο
2568 3597 2785 3671 δηλοῦν,
2819 3596 2940 3653 ἀλλ’
2979 3594 3059 3652 ὅτι
3105 3593 3221 3652 λίαν
3281 3597 3444 3662 αὐτῆς
3494 3595 3845 3674 περιείχοντο

2180 3682 2268 3750 καὶ
2324 3694 2624 3757 ἀποστῆναι
2688 3688 2931 3761 οὔδαμῶς
2993 3686 3297 3765 ἠνείχοντο,
3357 3682 3537 3758 ὥσπερ
3607 3686 3844 3764 νεόφυτά

2181 3804 2297 3839 τινα
2352 3783 2457 3837 ὑπὸ
2509 3783 2617 3835 τῶν
2671 3778 2876 3844 ἐκείνης
2935 3777 3112 3854 λόγων
3157 3773 3441 3851 ἂρδόμεναι
3490 3775 3579 3830 καὶ
3635 3773 3840 3848 rixa?)-

2180 3878 2277 3942 τῆς
2365 3872 2611 3948 στερήσει
2696 3866 3089 3925 κινδυνσύοδσαι
3186 3867 3539 3942 μαρανθῆναι,
3635 3864 3836 3938 ’Ὅμως

2182 3965 2297 4022 ἐπεὶ
2328 3962 2440 4019 θεία
2491 3981 2595 4034 τις,
2669 3958 2895 4039 ἔφησαν,
2970 3957 3192 4034 πρόνοια
3268 3956 3516 4034 συνεργὸς
3591 3955 3835 4024 κατέστη

2183 4075 2267 4111 σοι
2336 4057 2412 4124 τῷ
2482 4050 2822 4127 βοδλεύματι,
2884 4051 2982 4113 της
3041 4044 3341 4121 προθέσεως
3413 4044 3734 4101 ἀνακόπτειν
3764 4066 3835 4102 σε

2185 4142 2431 4216 οὖδαμὼς
2478 4141 2638 4213 ἐσμεν
2679 4135 2912 4191 δυναταί⁶
2965 4132 3103 4190 ἀλλὰ
3149 4131 3411 4213 δεύτερος,
3445 4132 3605 4213 φασί,
3637 4133 3831 4209 πλοῦς,

2183 4235 2316 4288 τίσιν
2364 4228 2510 4303 ἡμᾶς
2542 4224 2873 4300 καταλήψεις
2906 4241 3041 4298 μετα
3097 4223 3195 4290 τὴν
3226 4223 3326 4289 σὴν
3365 4222 3713 4303 ἀναχώρησιν
3742 4221 3836 4280 διὰ

2184 4317 2456 4399 φροντίδος
2506 4314 2737 4393 γενέσθω
2794 4334 2900 4372 σοι.
2964 4314 3031 4369 Ἦ
3092 4310 3146 4368 δὲ
3196 4312 3387 4375 εὐθέως
3442 4319 3519 4386 τῷ
3549 4313 3837 4385 ἐπισκόπῳ

2182 4411 2250 4465 τὰ
2302 4409 2419 4485 περὶ
2471 4407 2667 4461 τούτων
2698 4401 2833 4470 δῆλα
2861 4404 3165 4478 καθίστησι,
3218 4404 3307 4458 καὶ
3357 4401 3448 4458 δύο
3485 4409 3590 4458 τῶν
3635 4400 3835 4459 διακόσ-

2185 4521 2289 4553 νων
2345 4496 2491 4557 τινας
2551 4497 2641 4557 αἶς
2711 4495 2738 4549 ὁ
2808 4497 3005 4571 χρόνος
3074 4493 3175 4560 τὴν
3246 4491 3442 4570 ἀρετὴν
3513 4489 3831 4565 ἐϐεϐαίωσε,

2184 4586 2400 4661 πέμψαι
2456 4583 2580 4661 παρ’
2641 4583 2805 4649 αὒτὴν
2849 4583 3173 4657 κατεμήνυε.
3234 4582 3693 4661 Παραγενομὲναις
3739 4583 3838 4640 οὖν

2183 4679 2218 4745 ἦ
2250 4674 2506 4737 πολλάκις
2564 4674 2799 4750 μακαρία
2855 4674 2948 4737 τὰς
3006 4672 3097 4728 ὐπ’
3155 4672 3320 4739 αὐτὴν
3367 4672 3463 4729 οἷα
3502 4694 3619 4730 τινα
3649 4695 3834 4751 παρα-

2184 4767 2495 4835 καταθήκην
2580 4762 2843 4837 ἒπιστευε,
2932 4762 3159 4840 παρῄνει
3243 4783 3301 4818 τε
3384 4763 3501 4841 περὶ
3583 4762 3833 4829 τ.λείονος

2184 4858 2413 4913 τίθεσθαι
2464 4855 2560 4917 τὰς
2615 4855 2979 4917 πιστευθείσας
3037 4852 3243 4931 ψυχὰς,
3329 4850 3447 4910 ’Ἵνα
3517 4854 3595 4927 μὴ
3664 4850 3726 4915 ἃς
3801 4852 3833 4909 6

2185 4947 2341 5024 Θεὸς,
2415 4946 2596 5025 φησιν,
2667 4943 3027 5021 παρεσκεύασε
3097 4943 3189 4998 τὸν
3258 4942 3463 5017 κόσμον
3512 4941 3829 5022 ἂπολιπειν,

2185 5036 2379 5103 ἐάσητε
2409 5035 2569 5090 πάλιν
2602 5039 2669 5110 τῇ
2696 5042 2789 5091 τοῦ
2844 5032 3050 5105 κόσμου
3107 5030 3427 5107 ματαιότητι
3485 5031 3828 5112 προσελθεῖρ,

2181 5132 2269 5184 καὶ
2299 5132 2405 5182 τῶν
2435 5126 2709 5190 συνθηκῶν
2740 5120 3025 5197 ἀμελῆσαι,

2267 5214 2397 5276 ΚΖ¹,
2473 5222 2647 5271 Ταότα
2698 5213 2913 5268 εἰποῦσα
2971 5212 3057 5266 καί
3114 5211 3467 5286 ἀσπασαμένη
3536 5214 3602 5271 τὰ
3652 5211 3835 5270 τελευ-

452 5296 888 5377 amplexum,et
910 5313 1087 5358 unam
1112 5314 1181 5358 ex
1205 5302 1293 5358 eis
1320 5298 1507 5359 solam
1532 5317 1732 5369 secum
1763 5302 2095 5383 accepisset

2184 5320 2334 5381 ταϊα,
2367 5305 2491 5379 μίαν
2527 5326 2581 5360 τε
2615 5303 2786 5378 μόνην
2820 5305 2989 5359 αὒτῶι
3044 5301 3144 5369 τὴν
3201 5302 3492 5382 Σωιρρόνην
3547 5302 3663 5378 μεθ’
3712 5305 3838 5361 ἑαυ-

450 5387 833 5465 Sopbrouen,
867 5404 1075 5448 navem
1127 5387 1500 5461 conscendit,
1537 5397 1594 5450 et
1624 5392 1888 5453 secundo
1923 5402 2095 5455 vento

2184 5401 2281 5462 τῆς
2339 5392 2570 5450 λαϐοῦσα
2629 5397 2723 5448 τοῦ
2781 5389 2967 5446 πλοίου
3037 5389 3229 5468 ἐπέϐη,
3302 5392 3506 5471 εὒφόριρ
3575 5414 3633 5449 τε
3697 5393 3836 5451 ἂνα-

448 5481 637 5550 vecta,
700 5476 968 5555 pervenit
1024 5477 1620 5559 Constantinopolim.
1669 5482 1902 5544 Deinde
1959 5501 2095 5545 eum

2184 5488 2380 5565 χθεῖσα
2437 5488 2514 5556 τῷ
2576 5480 2829 5555 πνεύματι
2879 5480 2977 5547 τὴν
3034 5483 3431 5539 Κωνσταντίνου
3479 5480 3833 5558 καταλαμϐά-

450 5572 713 5628 venisset
755 5567 827 5629 ad
860 5567 1151 5647 templum
1206 5585 1394 5649 prope
1427 5587 1589 5631 mare
1631 5571 1833 5652 situm,
1867 5572 2021 5653 quod
2067 5591 2095 5635 a

2184 5595 2281 5635 νει.
2349 5573 2486 5629 Εἶτα
2542 5573 2675 5651 πρὸς
2728 5571 2819 5627 τὸν
2877 5568 2961 5626 ἐπ’
3010 5570 3230 5645 ὀνόματι
3260 5576 3360 5638 τῆς
3391 5578 3483 5628 to”)
3514 5579 3645 5629 Θεοῦ
3677 5573 3835 5652 Εἰρή-

448 5655 696 5721 nomine
750 5658 912 5738 pacis
958 5657 1088 5739 Dei,
1121 5656 1349 5721 dictum
1400 5668 1491 5722 est
1534 5660 1818 5739 templum
1870 5659 2095 5741 Irenes,

2184 5686 2281 5731 νης
2338 5659 2612 5742 ἱδρυμένον
2670 5661 2810 5740 παρὰ
2865 5666 2934 5739 τῇ
2993 5658 3233 5739 θαλάσσῃ
3276 5662 3405 5719 ναόν
3447 5662 3713 5741 γενομένη
3743 5663 3837 5719 τὸν
