4086 6400
278 377 384 443 945

1552 383 1741 448 VITA
1800 383 1862 446 S.
1923 384 2243 450 MATRON
2250 388 2343 449 1E.

3510 394 3633 461 946

273 512 505 576 διάκονον
564 515 952 592 μετακαλεῖται
1024 516 1355 597 Μάρκελλον,
1418 518 1537 586 ἥτις
1597 519 1663 587 ἦν
1719 517 1901 585 ἑαυτὴν

1994 515 2312 582 diaconum
2370 522 2627 584 accersit
2682 524 3058 601 Marcellum,
3096 542 3366 606 quaenam
3397 536 3556 591 esset
3584 530 3642 592 ei

272 607 647 677 καταστήσασα
677 605 871 676 δήλην,
907 608 1068 671 Οὗτος
1114 607 1170 664 δὲ
1199 607 1264 675 ἧν
1294 610 1353 663 ὃν
1413 610 1440 664 ὃ
1484 607 1642 685 λόγος
1702 608 1906 688 φθάσας

268 694 495 765 ἐδήλωσε
552 693 940 769 συμϐουλεῦσαι
980 697 1259 772 Βασσιανῷ
1302 698 1433 774 πρὸς
1464 699 1526 752 τὸ
1577 697 1631 752 ἐν
1690 698 1905 773 ’Ἐμέσῃ

266 788 562 864 πεμφθῆναι
618 786 817 853 ταύτην
900 800 1174 861 σεμνεϊον.
1265 786 1542 861 Ἀσμένως
1631 789 1718 842 οὖν
1780 785 1904 863 παρ’

263 874 413 931 auter)
480 872 825 953 εὼδεχθεῖσα
880 877 1130 949 ἠρωτᾶτο
1201 878 1278 939 τίς
1337 874 1429 943 εἴη
1488 877 1523 942 ἡ
1587 876 1726 932 αἰτία
1806 880 1906 941 τῆς

264 970 462 1042 μακρᾶς
522 965 721 1030 ταύτης
780 962 1101 1043 ὁδοιπορίας,
1167 956 1229 1021 Ἦ
1289 963 1343 1020 δέ
1377 981 1391 994 ⁹
1462 962 1621 1022 Οὗδὲν
1701 964 1902 1042 ἕτερον.

264 1054 358 1132 ἒιρη
423 1051 495 1130 (τί
547 1053 649 1129 γὰρ
693 1053 754 1108 ἂν
803 1054 890 1109 καὶ
947 1053 1039 1120 εἴη
1088 1056 1150 1110 τὸ
1204 1054 1459 1112 τοσούτου
1506 1057 1906 1132 καταφρονῆσαι

262 1144 423 1198 κόπου
454 1148 678 1210 ποιῆσαι
711 1134 1288 1223 ταύτηνδυνοίμενον),
1324 1144 1368 1198 εἰ
1414 1144 1500 1218 μὴ
1548 1143 1764 1221 ἄμαχός
1825 1163 1907 1204 τις

265 1230 502 1304 ἐπιθυμία
577 1237 677 1297 τῆς
732 1232 933 1289 ἀὐτῶν
1004 1231 1217 1306 ὁμιλίας
1275 1233 1365 1289 καὶ
1425 1230 1683 1309 μάλιστα,
1747 1232 1899 1307 φησὶ,

264 1328 350 1376 τοῦ
404 1320 540 1377 θείου
602 1327 914 1394 Βασσιανοῦ,
981 1320 1065 1402 ὑφ’
1127 1322 1188 1390 ἧς
1242 1323 1332 1378 καὶ
1402 1322 1583 1398 γήρως
1662 1317 1765 1387 ἤδη
1819 1319 1907 1375 καὶ

263 1416 515 1485 γδναίκῶν
548 1409 815 1470 ἀσθενείας
846 1412 934 1468 καὶ
964 1410 1266 1491 φιλησύχου
1326 1408 1599 1487 διαγωγῆς
1653 1410 1741 1465 καὶ
1799 1414 1906 1465 τῶν

261 1498 433 1556 ἄλλων
484 1499 699 1555 πάντων
743 1498 1055 1577 δπεριδοῦσα
1087 1500 1257 1575 μόνης
1313 1500 1580 1577 ἐγενόμην
1633 1502 1730 1565 τῆς
1773 1498 1905 1574 πρὸς

258 1592 385 1665 ὑμᾶς
446 1589 711 1669 φερούσης
756 1590 898 1652 ὁδοῦ,
949 1588 1066 1647 Εἶθ’
1111 1588 1274 1655 οὕτως
1331 1587 1541 1664 ἐπεξῄει
1598 1608 1904 1663 συντετμη-

254 1681 425 1755 μένως
484 1679 584 1746 τὴν
643 1700 700 1735 τε
762 1689 856 1737 τοῦ
916 1688 1245 1754 Δομετιανοῦ
1306 1683 1377 1743 εἱς
1438 1670 1785 1757 Ἰεροσόλυμα
1816 1679 1905 1733 καὶ

253 1771 312 1826 τὸ
362 1769 576 1824 Σίναιον
639 1766 949 1843 μεταδίωξιν
1029 1770 1119 1825 καὶ
1200 1768 1299 1836 την
1376 1769 1451 1831 εἷς
1507 1770 1569 1824 τὸ
1631 1763 1904 1822 εἰδωλεϊον

1991 609 2296 688 aperiens.
2342 613 2397 674 ls
2427 618 2624 674 autem
2675 621 2826 688 erat,
2862 633 3038 694 quem
3068 616 3349 696 superius
3381 616 3639 681 diximus

1991 699 2365 762 consuluisse
2388 699 2774 778 Bassiano,ut
2791 720 2862 765 ea
2882 705 3222 767 mitteretur
3241 706 3313 767 ad
3343 715 3639 771 monaste-

1991 794 2325 865 rium,quod
2343 801 2429 852 est
2447 794 2693 853 Emesae.
2723 796 2993 856 Libenter
3022 813 3163 871 ergo
3183 799 3257 857 ab
3281 815 3350 858 eo
3377 811 3638 874 accepta,

1991 882 2211 950 rogavit
2232 888 2293 936 ut
2323 880 2560 946 diceret,
2580 895 2844 952 quaenam
2870 891 3021 941 esset
3043 896 3213 942 causa
3247 884 3436 957 longa)
3462 887 3638 959 hujus

1993 965 2510 1043 peregrinationis.
2548 964 2653 1027 Illa
2697 973 2895 1028 autem
2932 990 2945 1026 :
2999 968 3186 1044 Nihil,
3223 971 3436 1051 inquit,
3471 971 3636 1036 aliud

1988 1056 2155 1136 (quid
2206 1055 2369 1118 enim
2422 1066 2620 1139 posset
2676 1059 2934 1135 efﬁcere,
2990 1067 3053 1121 ut
3102 1067 3332 1123 tantum
3367 1062 3636 1126 laborem

1992 1144 2401 1224 despiceret?)
2435 1146 2548 1208 nisi
2579 1148 2902 1211 maximum
2926 1149 3225 1230 quoddam
3256 1151 3630 1216 desiderium

1987 1252 2089 1297 eos
2112 1235 2531 1311 conveniendi,
2567 1245 2626 1298 et
2655 1238 2935 1313 maxime,
2970 1239 3466 1320 inquit,divinum
3498 1242 3639 1306 Bas-

1987 1324 2243 1385 sianum.
2279 1328 2527 1405 Propter
2548 1326 2708 1406 quod
2731 1328 2854 1407 jam
2889 1336 2948 1390 et
2977 1337 3373 1404 senectutem,
3406 1340 3630 1395 et‘mu-

1988 1413 2204 1475 lierum
2238 1412 2731 1490 imbecillitatem,
2767 1426 2829 1480 et
2885 1417 3145 1498 quietam
3202 1419 3337 1481 vitae
3394 1422 3639 1500 agendae

1988 1502 2311 1584 rationem,
2340 1512 2399 1565 et
2429 1504 2546 1566 alia
2572 1504 2775 1567 omnia
2811 1505 3180 1585 despiciens,
3209 1510 3321 1571 soli
3348 1510 3479 1590 vim,
3508 1529 3642 1591 quas

1988 1593 2063 1655 ad
2085 1610 2186 1654 vos
2208 1592 2394 1666 ducit,
2418 1592 2698 1657 ineundae
2721 1595 2951 1659 intenta
2971 1595 3080 1659 fui.
3110 1596 3342 1661 Deinde
3375 1599 3644 1663 breviter

1989 1682 2369 1762 persequitur
2390 1682 2708 1747 Domitiani
2746 1683 3174 1766 Hierosolyma,
3228 1687 3382 1750 etin
3434 1686 3638 1751 Sinam

1990 1778 2255 1833 montem
2317 1771 2821 1852 persecutionem,
2883 1780 2945 1835 et
2997 1793 3167 1837 suam
3217 1776 3281 1838 in
3336 1776 3637 1840 idolorum

249 1860 441 1925 ταύτης
504 1855 800 1936 διατριϐὴν,
873 1858 959 1914 καὶ
1031 1856 1175 1923 ὅπως
1260 1856 1428 1936 ὄχλος
1517 1858 1612 1912 οὒκ
1689 1854 1899 1926 ἔφικτὸς

1991 1860 2245 1924 delubro
2279 1862 2894 1939 conversationem,et
2924 1864 3082 1944 quod
3118 1866 3435 1929 multitudo
3462 1868 3639 1931 innu-

254 1949 463 2025 ἀριθμῷ
520 1953 588 2022 τῇ
656 1944 891 2020 εὖσεϐείᾳ
947 1945 1016 2002 δι’
1064 1946 1227 2013 acti;
1290 1944 1650 2021 upoas‘ziﬂeto.
1709 1942 1904 2007 Ἐπεξ-

258 2039 342 2114 ᾔει
405 2036 458 2091 δὲ
515 2037 610 2092 οὒκ
653 2034 1064 2110 ἐπιδεικτικῶς,
1114 2035 1253 2091 ἀλλὰ
1311 2033 1621 2113 φιλαληθὼς
1658 2053 1672 2069 ·
1733 2031 1904 2088 ἀλλό-

255 2149 396 2202 τριον
458 2127 558 2203 γὰρ
603 2125 818 2202 μετρίου
878 2127 1216 2205 φρονήματος
1274 2126 1361 2181 καὶ
1426 2129 1521 2190 τῆς
1566 2121 1715 2178 οὒδὲν
1770 2121 1907 2178 οὕτω

256 2214 624 2281 σπουδασάσης
657 2215 730 2277 ὠς
762 2217 822 2271 τὸ
866 2213 1050 2271 λαθεῖν
1079 2216 1114 2283 ἡ
1176 2213 1419 2279 ἐπίδειξις
1449 2233 1463 2249 ο
1516 2211 1697 2275 ἄλλως
1728 2232 1789 2268 τε
1850 2210 1905 2266 δὲ

267 2307 455 2362 καὶτὸ
514 2302 844 2369 λειποταξίου
875 2305 1138 2383 γρπφῆναι
1169 2306 1268 2371 τὴν
1325 2302 1464 2367 ἅπαξ
1520 2304 1593 2363 εἰς
1651 2305 1743 2358 τὸν
1799 2300 1906 2356 τῶν

272 2397 522 2474 μοναχὼν
579 2394 1040 2472 ἀπόγραψκμὲνην
1124 2395 1238 2471 βίον
1316 2393 1622 2471 ἀσύμφορον
1706 2389 1908 2469 ’έκρινεν

276 2488 415 2539 εἶναι
481 2486 567 2539 καὶ
622 2480 919 2539 σκανδάλου
1003 2485 1263 2564 πρόφασιν
1336 2481 1603 2560 παρέχειν
1675 2479 1907 2555 δυνάμε-

274 2597 383 2636 νον,

350 2666 485 2726 KH"
543 2659 602 2725 Ὀ
654 2664 707 2721 δὲ
768 2664 1077 2742 Μάρκελλος
1112 2664 1312 2721 ἕκαστα
1340 2668 1417 2739 τῷ
1463 2663 1586 2737 θείῳ
1630 2668 1909 2735 Βασσιανῷ

262 2762 597 2836 παραχρῆμα
650 2754 919 2833 διασαφεῖ.
970 2757 1066 2812 Καὶ
1095 2754 1153 2817 ὅς
1206 2757 1595 2830 ἓπιστυγνάσας
1645 2758 1714 2825 τῇ
1744 2750 1905 2826 ἀκοῇ,

260 2850 335 2913 ὡς
396 2848 528 2926 εἶχε
582 2846 783 2925 τάχους
841 2844 1053 2900 ἀπιέναι
1111 2846 1295 2900 τοῦτον
1351 2839 1759 2918 παρεκελεύετο,
1819 2840 1905 2895 καὶ

259 2938 460 3015 ἤρεμόν
489 2957 607 2991 τινα
650 2937 739 2993 καὶ
793 2931 1042 3010 ἀθόρυϐον
1099 2933 1158 2988 οὔ
1216 2931 1397 3010 πόρρω
1443 2952 1545 2987 που
1604 2934 1702 2996 τῆς
1733 2933 1905 3003 μονῆς

259 3028 511 3105 ἀφορίσαι
566 3025 736 3099 ταύτῃ
792 3026 1142 3100 καταγωγὴν,
1220 3021 1358 3079 ὥστε
1429 3018 1525 3075 καῖ
1600 3017 1907 3095 βουλομένῳ

258 3102 391 3195 πρὸς
450 3114 614 3180 αὐτὴν
675 3118 865 3190 φοιτᾷν
912 3110 1084 3189 ῥᾴδιον
1117 3109 1282 3169 εἶναι.
1333 3102 1390 3167 Ὀ
1443 3107 1498 3164 δὲ
1543 3107 1701 3173 ὀξέως
1746 3106 1901 3185 ἑνήρ-

1990 1953 2284 2013 merabilis
2310 1968 2413 2026 per
2431 1969 2557 2012 eam
2578 1956 2817 2013 accessit
2840 1956 2906 2012 ad
2937 1958 3228 2027 pietatem.
3263 1958 3639 2031 Persequitur

1989 2047 2340 2112 autem,non
2363 2049 2425 2101 ut
2450 2056 2583 2120 quae
2603 2058 2671 2102 se
2687 2048 3038 2114 ostentaret,
3071 2042 3179 2104 sed
3204 2051 3272 2105 ut
3298 2062 3432 2120 quae
3464 2051 3637 2107 tene-

1989 2138 2157 2191 retur
2189 2129 2318 2192 veri
2347 2128 2590 2192 dicendi
2622 2129 2947 2193 desiderio.
2983 2129 3086 2193 Est
3124 2133 3285 2194 enim
3318 2134 3635 2197 ostentatio

1989 2219 2187 2281 aliena
2218 2237 2253 2281 a
2286 2218 2598 2298 modestia,
2620 2227 2679 2280 et
2709 2219 2781 2280 ab
2809 2236 2879 2283 ea
2905 2238 3037 2300 quae
3057 2221 3394 2303 nihilaeque
3413 2223 3640 2285 studuit

1989 2317 2167 2389 atque
2194 2309 2403 2370 latere.
2439 2308 2678 2390 Alioqui
2696 2317 2892 2371 autem
2917 2311 3375 2391 accusari,quod
3397 2311 3640 2375 ordines

1993 2398 2384 2479 deseruisset,
2416 2416 2549 2477 quae
2579 2398 2770 2461 semel
2801 2399 3061 2479 ascripta
3088 2400 3284 2463 fuerat
3339 2402 3402 2463 in
3462 2403 3638 2463 vitam

1995 2489 2405 2553 monasticam.
2411 2487 2717 2567 judicabat
2745 2507 2880 2551 esse
2908 2488 3213 2565 inutile,et
3241 2490 3401 2571 quod
3435 2499 3641 2573 posset

1995 2578 2371 2640 occasionem
2407 2578 2676 2658 prmbere
2705 2578 3077 2643 oﬂ‘ensionis.

2070 2666 2331 2732 XXVIII.
2355 2668 2671 2731 Marcellus
2702 2677 2898 2730 autem
2929 2668 3163 2748 singula
3206 2669 3405 2732 statim
3450 2673 3644 2748 aperit

1989 2758 2193 2821 divino
2221 2756 2529 2820 Bassiano.
2562 2756 2671 2819 Ille
2703 2776 2841 2820 vero
2885 2758 3191 2820 auditione
3241 2760 3491 2824 aﬂ‘ectus
3524 2762 3639 2824 tri-

1989 2847 2171 2927 stitia,
2203 2847 2382 2926 jussit
2413 2863 2548 2908 eum
2577 2846 3020 2927 quamprimum
3050 2846 3240 2928 abire,
3276 2855 3335 2910 et
3368 2849 3635 2929 quietum

1987 2936 2225 3017 aliquod
2260 2942 2317 2997 et
2338 2954 2373 2997 a
2394 2935 2649 2996 tumultu
2671 2936 2960 3012 alienum,
2989 2955 3109 2998 nou
3133 2938 3339 3016 procul
3371 2956 3406 3000 a
3428 2957 3638 3004 mona-

1987 3031 2186 3097 sterio,
2212 3030 2569 3100 praestituere
2586 3029 2638 3086 ei
2657 3028 3078 3100 habitaculum,
3101 3039 3165 3089 ut
3182 3041 3332 3089 esset
3361 3034 3414 3089 ei
3447 3033 3633 3099 facile,

1987 3113 2039 3175 si
2068 3109 2348 3186 vellet,ad
2378 3128 2512 3172 eam
2535 3109 2960 3174 accedere.llle
2991 3126 3189 3175 autem
3210 3112 3332 3176 cito
3353 3113 3633 3177 effectum

258 3227 346 3283 γει
407 3206 469 3260 τὸ
514 3203 1001 3279 προσταττόμενον,
1048 3202 1135 3256 καὶ
1181 3201 1348 3256 οἰκίαν
1387 3198 1674 3273 ἑτοιμάσας
1708 3197 1901 3262 ἐπιτη-

1991 3201 2253 3263 reddidit
2303 3200 2365 3292 id
2423 3200 2582 3282 quod
2638 3200 3099 3292 imperabatur:
3161 3212 3220 3266 et
3269 3222 3405 3266 cum
3435 3213 3630 3286 aptam

260 3294 400 3350 δειαν
443 3293 566 3348 ἔνθα
619 3293 645 3347 ὁ
705 3289 873 3367 μέγας
937 3289 1226 3354 Βασσιανὸς
1290 3287 1609 3367 ἀφικόμενος
1668 3284 1906 3364 ἐντυχών

259 3406 317 3440 τε
373 3383 462 3438 καὶ
507 3380 607 3437 ὅσα
665 3377 781 3435 δέον
813 3379 998 3457 εἰπὼν,
1030 3376 1169 3434 ἀλλὰ
1221 3378 1309 3433 καὶ
1368 3375 1491 3454 παρ’
1550 3375 1714 3441 αὒτῆς
1748 3373 1907 3431 πάλιν

258 3473 389 3551 περί
462 3467 568 3526 τῶν
651 3468 818 3543 ταύτῃ
895 3465 1318 3546 συνενεχθέντων
1397 3465 1603 3540 μαθὼν,
1662 3466 1750 3520 καὶ
1832 3465 1906 3520 ὧν

262 3562 461 3641 ἔχρῃζε
535 3555 819 3636 μεταδοὺς,
872 3558 961 3612 καὶ
1025 3558 1071 3612 εἰ
1132 3555 1312 3631 ἑτέρου
1360 3551 1537 3609 δέοιτὸ
1596 3574 1735 3616 τινος
1781 3551 1908 3630 παρ’

260 3651 429 3717 αὐτῆς
474 3647 814 3707 ἐπυνθάνετο.
877 3650 986 3711 Τῆς
1043 3641 1098 3700 δὲ
1153 3647 1239 3700 καὶ
1290 3642 1472 3720 ἑτέρας
1521 3645 1663 3698 εἶναι
1707 3645 1760 3697 ἒν
1792 3648 1906 3707 Βη-

254 3742 401 3819 ρυτῷ
455 3736 681 3815 ἀδελφὰς
741 3736 1016 3809 εἰπούσης,
1067 3735 1154 3790 καὶ
1210 3732 1487 3810 βούλεσθαι
1551 3730 1676 3808 παρ’
1743 3731 1908 3796 αὐτὴν

255 3830 540 3901 ἀςικέσθαι
601 3826 820 3899 ταύτας,
881 3826 969 3881 καὶ
1037 3822 1327 3900 συνδιάγειν
1368 3868 1384 3901 ,
1441 3820 1746 3900 γράμμασιν
1818 3823 1907 3877 εὗ-

251 3894 343 3985 θίις
405 3924 484 3991 τῷ
552 3894 833 3989 intexti-mp
889 3919 1128 3992 Βηρυτοῦ
1212 3894 1633 3990 ἐγνώριζεψπερὶ
1693 3909 1901 3983 τούτου,

251 4011 352 4065 καῖ
384 4009 446 4072 ἂς
491 4009 524 4074 ἡ
573 4006 832 4082 Ματρώνα
863 4002 980 4063 κατ’
1043 4004 1213 4077 ὄνομα
1269 4002 1515 4072 ἓπεζήτει
1560 3998 1685 4078 παρ’
1738 3999 1902 4064 αὐτὴν

250 4098 515 4176 ἐπέτρεπε
572 4097 633 4150 τὸ
687 4097 858 4173 τάχος
918 4091 1216 4167 ἐκπέμψαι.
1262 4089 1424 4146 Αὗται
1478 4088 1753 4167 τοιγαροῦν
1804 4086 1899 4143 ἐκ-

248 4188 588 4266 πεμιρθεῖσαι
647 4182 741 4240 καί
814 4183 1197 4250 συνοικήσασαι
1254 4184 1322 4256 τῇ
1394 4180 1661 4255 Ματρώνῃ
1734 4176 1898 4254 ἄκραν

245 4279 484 4355 ὑπεῖχον
549 4274 685 4341 αὗτῆ
731 4273 828 4339 τὴν
888 4272 1182 4331 εὐπείθειαν
1222 4272 1386 4325 τύπον
1443 4268 1650 4335 ἐκείνης
1707 4267 1900 4334 ἑαυτὴν

242 4368 598 4445 παρεγούσης
667 4366 739 4426 εἰς
798 4361 993 4440 ἀρετὴν
1055 4357 1459 4439 ἀκριϐέστατον,
1513 4358 1547 4426 ἢ
1607 4358 1695 4415 καὶ
1766 4371 1900 4433 μεῖ-

242 4464 341 4527 ζον
374 4454 586 4512 πολλῶν
620 4452 900 4524 στομάτων
930 4451 1186 4527 ἐκήρυττε
1235 4448 1435 4514 ταύτην
1467 4446 1561 4504 καί
1619 4447 1900 4528 καταφανῆ

1993 3292 2234 3352 domum
2271 3290 2327 3353 ei
2359 3297 2919 3371 parasset,sanctam
2951 3291 3012 3353 in
3044 3309 3116 3354 ea
3145 3292 3419 3357 collocat.
3445 3294 3635 3367 Quem

1990 3382 2054 3442 in
2077 3384 2271 3442 locum
2297 3399 2428 3443 cum
2454 3398 2702 3460 magnus
2722 3380 2982 3442 venisset
3002 3380 3351 3459 Bassianus,
3383 3402 3637 3465 eamque

1992 3478 2150 3533 esset
2180 3470 2500 3543 allocutus,
2536 3476 2596 3531 et
2620 3468 2871 3531 dixisset
2912 3488 3043 3550 quae
3092 3471 3430 3551 oportebat,
3491 3473 3635 3549 quin

1993 3559 2171 3621 etiam
2202 3558 2274 3619 ab
2299 3577 2371 3622 ea
2403 3558 2713 3621 didicisset
2743 3557 2819 3620 de
2849 3557 2921 3620 iis
2943 3578 3077 3639 quae
3099 3560 3156 3621 ei
3185 3559 3547 3642 obtigerant,
3580 3569 3641 3623 et

1989 3666 2119 3710 eam
2142 3647 2534 3729 impertiisset
2553 3648 2629 3709 iis
2651 3647 2866 3728 quibus
2894 3648 3365 3728 indigebat,eam
3384 3651 3633 3731 rogavit,

1989 3756 2063 3798 an
2094 3737 2208 3798 sibi
2239 3756 2390 3818 opus
2444 3747 2603 3800 esset
2660 3736 2859 3816 aliquo
2908 3734 3050 3801 alio.
3113 3736 3258 3799 Cum
3311 3758 3383 3801 ea
3434 3747 3633 3802 autem

1989 3824 2240 3887 dixisset
2270 3825 2417 3887 alias
2443 3842 2685 3887 sorores
2716 3842 2849 3886 esse
2880 3826 3104 3906 Beryti,
3140 3834 3196 3889 et
3228 3844 3328 3888 eas
3362 3828 3516 3890 velle
3560 3828 3633 3890 ad

1987 3915 2176 3992 ipsam
2208 3915 2436 3991 venire,
2469 3922 2529 3976 et
2558 3932 2675 3976 una
2704 3914 2947 3993 degere,
2985 3916 3102 3978 hoc
3132 3915 3413 3996 episcopo
3433 3916 3635 3998 Beryti

1985 4004 2182 4064 statim
2217 4003 2427 4065 litteris
2457 4003 2771 4082 signiﬁcat,
2805 4012 2862 4064 et
2903 4022 3055 4079 quas
3084 4003 3436 4069 nominatim
3462 4025 3633 4087 quaa-

1982 4096 2144 4155 rebat
2167 4096 2441 4165 Matrona;
2469 4097 2641 4168 jussit
2666 4096 2738 4154 ad
2768 4111 2898 4154 eam
2928 4097 3355 4168 quamprimum
3387 4099 3632 4159 mittere.

1984 4181 2087 4244 E33
2117 4199 2257 4260 ergo
2290 4181 2543 4255 emissas,
2579 4189 2637 4243 et
2668 4179 3081 4244 cohabitantes
3111 4200 3244 4243 cum
3281 4182 3635 4258 Matrona,ei

1985 4288 2277 4331 summam
2320 4269 2684 4332 exhibebant
2734 4269 3166 4344 obedientiam,
3219 4271 3320 4333 illa
3370 4272 3631 4353 seipsam

1985 4359 2295 4442 praebente
2329 4360 2833 4440 perfectissimum
2890 4360 3195 4441 exemplar
3227 4360 3299 4423 ad
3334 4362 3631 4433 virtutem,

1984 4467 2113 4530 qua?
2147 4449 2322 4510 etiam
2359 4449 2544 4511 multo
2603 4449 2810 4528 magis,
2871 4468 3049 4529 quam
3098 4450 3282 4511 multa
3330 4468 3456 4531 ora,
3497 4469 3628 4514 eam

244 4552 418 4602 πᾶσιν
474 4544 667 4601 ἒποίει.
701 4541 848 4599 Μετὰ
878 4540 978 4617 γάρ
1010 4537 1223 4595 πολλῶν
1270 4535 1447 4593 ἄλλων
1491 4538 1580 4594 καὶ
1626 4540 1662 4615 ᾗ
1694 4536 1899 4615 βασιλὶς

1991 4538 2741 4619 praedicabat,etomnibus
2760 4539 3051 4602 reddebat
3075 4540 3632 4606 manifestam.Nam

250 4636 444 4714 Βερίνα
504 4636 539 4700 ἡ
596 4639 692 4688 τοῦ
760 4631 997 4707 μεγάλου
1056 4627 1280 4715 Λέοντος
1338 4627 1550 4704 γαμετὴ
1607 4629 1681 4690 ὡς
1740 4626 1906 4693 αὐτὴν

243 4725 476 4805 ἐφοίτα,
528 4724 618 4778 καὶ
675 4723 770 4778 οὒκ
825 4719 1033 4784 ἐκείνην
1100 4714 1337 4791 μᾶλλον,
1372 4714 1491 4773 ἀλλ’
1526 4717 1718 4783 ἑαυτὴν
1752 4715 1901 4794 ἔκρι-

242 4835 339 4869 νεν
403 4813 459 4868 ἐν
528 4811 700 4885 τούτῳ
760 4814 940 4882 τιμᾷν.
1032 4804 1354 4876 Δεξιουμένη
1432 4826 1489 4860 τε
1548 4806 1674 4880 παρ’
1738 4804 1904 4870 αὐτῆς

242 4904 488 4981 μετρίοις
575 4913 692 4962 τοῖς
779 4897 1067 4971 δεξιώμασι
1138 4899 1236 4950 καὶ
1318 4899 1403 4959 οἷς
1472 4898 1613 4957 εἰκὸς
1668 4893 1735 4961 ἦν
1805 4895 1905 4961 τὴν

239 4993 576 5071 ἀπράγμονα
627 4989 713 5044 γαὶ
760 4986 1047 5066 φιλόσοφον
1079 4984 1288 5050 ἐκείνην
1343 4985 1675 5064 χαρίζεσθαι,
1735 4983 1902 5058 ἀπῂει

238 5080 597 5156 θαυμάζουσα
654 5100 711 5132 τε
770 5078 868 5144 τὴν
944 5076 1108 5141 αὐτῆς
1171 5073 1394 5151 ἀρετὴν,
1451 5075 1541 5130 καὶ
1598 5071 1679 5129 ὅτι
1733 5071 1901 5147 μηδὲν

236 5172 402 5239 ἠξίου
432 5167 620 5227 λαϐεῖν
661 5168 804 5246 παρὰ
859 5170 958 5232 τῆς
990 5163 1168 5222 πολλά
1199 5162 1375 5220 δοῦναι
1406 5165 1494 5221 καὶ
1524 5162 1780 5239 δυνμένης
1814 5163 1901 5217 καὶ

232 5261 608 5337 βουλομένης.
735 5346 745 5351 Α
842 5344 888 5351 μ
1097 5343 1110 5351 _
1199 5346 1239 5351 __
1505 5343 1517 5351 _
1656 5350 1672 5351 η
1762 5331 1774 5351 τ

328 5352 464 5410 ΚΘ’.
535 5346 781 5429 Ιέύιρημία
837 5344 893 5401 δέ
956 5368 1035 5409 τις
1096 5343 1344 5420 Ἀνθίμου
1398 5343 1527 5401 ποτὲ
1588 5350 1680 5399 τοῦ
1763 5343 1898 5399 Ῥω-

229 5442 422 5518 μαίων
477 5437 746 5516 ἡγεμόνος
807 5436 1077 5508 σύνοικος,
1133 5435 1367 5504 συνήθης
1424 5439 1494 5508 τῇ
1554 5433 1670 5505 ὁσίᾳ
1739 5451 1899 5510 γενο-

227 5531 385 5607 μένη
448 5531 537 5586 καὶ
600 5527 750 5605 πείρᾳ
808 5529 1141 5582 πιστωθεῖσα
1200 5523 1265 5579 τά
1345 5524 1464 5580 κατ’
1524 5523 1709 5601 αὗτὴν,
1777 5520 1897 5576 κατ’

226 5620 429 5679 ἐκεῖνο
476 5624 664 5695 καιροῦ
719 5616 818 5683 τὴν
874 5616 953 5690 τῷ
1010 5614 1269 5692 πατρικίῳ
1320 5614 1601 5692 Σφορακίῳ
1664 5614 1737 5677 εἰς
1801 5634 1901 5689 γυ-

226 5726 412 5768 ναῖκα
471 5710 871 5786 ουναφθεϊσαν,
949 5704 1090 5779 νόσῳ
1153 5710 1543 5783 περιπεσοῦσαν
1607 5700 1752 5780 δεινῇ
1805 5702 1901 5761 καί

1990 4646 2125 4689 cum
2157 4627 2290 4689 aliis
2321 4627 2541 4690 Verina
2573 4647 2809 4709 quoque
2858 4629 3232 4709 imperatrix,
3261 4647 3407 4692 uxor
3438 4631 3637 4710 magni

1989 4718 2304 4797 Leonis,ad
2338 4718 2526 4799 ipsam
2557 4718 2904 4793 ventitabat,
2942 4739 3055 4782 nec
3087 4728 3202 4781 tam
3232 4720 3422 4795 illam,
3456 4740 3632 4803 quam

1987 4809 2249 4888 seipsam
2280 4810 2342 4869 in
2369 4809 2480 4871 hoc
2511 4807 2814 4871 statuebat
2844 4809 3315 4882 honorare.Quaa
3343 4828 3482 4872 cum
3514 4830 3640 4873 mo-

1990 4897 2195 4959 derate
2226 4904 2286 4959 et
2316 4897 2625 4975 frugaliter
2678 4897 2751 4959 ab
2811 4916 2884 4959 ea
2947 4906 3107 4960 esset
3153 4908 3419 4979 accepta,
3456 4907 3515 4961 et
3570 4909 3637 4964 ut

1986 4985 2299 5065 oportebat
2326 4987 2514 5067 ipsam
2541 4986 2837 5067 accipere,
2871 4986 2974 5048 illa
3004 5007 3136 5067 quas
3165 4998 3293 5053 erat
3341 4998 3574 5052 remota
3600 5008 3637 5053 a

1986 5081 2361 5153 negotiorum
2394 5076 2824 5153 sollicitudine,
2871 5084 2933 5138 et
2959 5076 3160 5139 dedita
3214 5078 3637 5159 philosophias,

1983 5166 2257 5238 resessit,
2303 5165 2606 5229 admirans
2648 5166 2778 5246 ejus
2830 5165 3139 5247 virtutem,
3175 5178 3233 5230 et
3275 5167 3438 5250 quod
3486 5169 3635 5231 nihil

1987 5261 2220 5332 peteret
2243 5253 2316 5315 ab
2349 5273 2420 5316 ea
2448 5273 2580 5335 quae
2610 5255 2795 5316 multa
2814 5254 2960 5316 dare
2992 5264 3195 5336 posset
3221 5266 3280 5319 et
3307 5256 3507 5320 vellet.

2063 5340 2265 5406 XXIX.
2302 5342 2633 5425 Euphemia
2679 5350 2875 5406 autem
2908 5345 3128 5425 conjux
3182 5346 3474 5423 Anthimi,
3533 5347 3635 5427 qui

1983 5432 2171 5495 fuerat
2206 5433 2520 5513 przefectus
2545 5434 2713 5495 urbis
2732 5432 2961 5510 Romae,
2997 5444 3134 5498 cum
3165 5434 3376 5498 fuisset
3406 5445 3634 5500 sanctae

1986 5521 2389 5597 familiaris,et
2420 5521 2757 5603 cujusmodi
2777 5535 2939 5587 esset
2961 5524 3089 5606 ipsa
3113 5525 3423 5588 didicisset
3454 5544 3636 5605 expe-

1982 5616 2341 5681 rientia,eam
2363 5622 2582 5686 autem,
2604 5631 2732 5688 quae
2760 5617 3002 5688 patricio
3024 5617 3299 5689 Sporacio
3321 5619 3634 5690 conjuncta

1984 5707 2112 5764 erat
2173 5700 2577 5782 matrimonio,
2636 5701 2699 5764 in
2757 5719 2992 5782 gravem
3056 5701 3329 5766 morbum
3387 5702 3635 5767 vidisset
