4086 6406
362 388 583 454 ·947

1637 395 2019 459 ΑΒΒΕΝΒΑ.
2090 425 2112 438 -

2229 392 2673 459 NOVEMBER.
3715 395 3834 462 948

463 526 779 609 incidisse,
812 535 872 592 et
899 527 1000 610 qui
1050 534 1237 591 artem
1288 527 1562 592 vincebat
1618 530 1997 606 medicinam,
2058 536 2112 591 et

2199 530 2397 612 τέχνας
2454 534 2692 610 ίατρικᾶς
2750 530 3051 614 tis-mm
3127 529 3315 589 ὶλπίδα
3371 553 3428 590 τε
3495 537 3639 604 ζωῆς
3697 531 3833 609 μηδὲ

469 617 695 680 nuliam
721 617 855 680 vitae
880 636 1050 698 spem
1074 616 1419 680 ostenderet
1449 640 1465 688 ς
1511 635 1649 681 cum
1682 625 2111 700 eam,inquam,

2199 623 2323 698 μίαν
2380 623 2793 702 ὑποφαινούσας,
2861 623 2983 680 ἐπεί
3035 622 3202 685 οὕτως
3260 620 3493 702 ἔχουσαν
3555 622 3832 700 ἐθεάσατο,

468 706 715 770 vidisset
737 709 827 769 sic
844 705 1111 768 affectam
1139 726 1156 766 :
1184 704 1243 769 Si
1276 724 1375 769 me
1402 707 1634 781 audias,
1658 707 1871 788 inquit,
1888 707 2112 788 jubens

2199 711 2325 769 Εἴτε
2354 710 2474 785 ἐμοὶ
2504 714 2683 788 πείθῃ,
2719 711 2844 792 ἔφη,
2878 712 3086 790 ίατροῖς
3131 713 3374 791 χαίρεσιν
3431 713 3649 770 εἰποῦσα
3704 714 3838 792 πρὸς

467 796 673 860 valere
701 794 989 871 medicos,
1041 795 1103 857 in
1136 795 1455 878 praesentia
1490 797 1657 860 trade
1712 808 1769 859 te
1812 799 2112 859 communi

2199 802 2259 858 τὸ
2304 812 2391 861 νῦν
2438 808 2508 877 τῇ
2551 801 2706 858 πόλει
2747 804 2927 858 κοινὸν
2969 801 3168 877 ἀγαθὸν
3211 799 3554 873 ιπιδημῆσαν
3612 803 3838 868 σεαυτὴν

467 886 651 961 bono,
679 883 842 966 quod
877 885 1033 946 venit
1062 885 1123 947 in
1155 885 1481 958 civitatem,
1518 893 1808 963 sanctam,
1845 888 2107 969 inquam,

2199 888 2398 971 ἐπίδος,
2436 891 2725 968 Ματρώναν
2770 889 2918 970 φημί
2973 889 3072 958 τήν
3131 889 3299 962 ὁσίαν,
3344 888 3463 957 ἥτις
3520 887 3749 955 πολλοῖς
3780 892 3842 947 οῦ

463 975 817 1051 Matronam,
850 992 983 1056 quas
1012 975 1231 1036 multos
1284 993 1404 1037 non
1434 978 1625 1038 solum
1660 994 1696 1037 a
1726 975 1953 1037 morbis
1980 994 2112 1039 cor-

468 1064 656 1145 poris,
687 1063 795 1127 sed
826 1070 1003 1127 etiam
1060 1063 1277 1127 animas
1327 1063 1627 1140 liberavit,
1682 1064 1757 1126 ab
1807 1065 2114 1147 impietate

464 1153 790 1216 traducens
813 1152 886 1216 ad
901 1171 1106 1215 verum
1129 1151 1240 1216 Dei
1260 1152 1511 1226 cultum,
1551 1160 1611 1215 et
1629 1153 1818 1233 ipsam
1838 1154 1994 1216 baud
2027 1154 2114 1217 ita

464 1241 654 1305 multo
686 1251 821 1324 post
846 1240 1267 1316 admiraberis,
1294 1251 1354 1305 et
1384 1242 1535 1305 alios
1569 1243 1789 1306 multos
1819 1243 1893 1304 ad
1917 1245 2108 1325 ipsam

462 1332 855 1396 transmittas.
887 1331 1025 1394 Haec
1055 1350 1192 1395 cum
1225 1330 1497 1414 dixisset,
1529 1350 1802 1413 quasnam
1832 1342 2017 1414 esset,
2050 1342 2113 1397 et

464 1420 708 1498 qualem
731 1421 907 1484 vitam
939 1420 1351 1501 transegisset,
1382 1421 1435 1483 ei
1494 1421 1756 1483 narravit
1813 1422 1889 1484 ab
1936 1422 2109 1485 initio

467 1528 662 1593 usque
688 1510 763 1573 ad
796 1511 999 1573 finem.
1028 1509 1138 1573 Die
1169 1529 1310 1590 ergo
1349 1509 1624 1592 sequenti
1652 1509 1844 1573 ambae
1872 1511 1944 1573 ad
1977 1531 2106 1575 eam

468 1600 735 1675 veniunt,
763 1608 821 1663 et
844 1618 980 1662 cum
1017 1600 1077 1662 in
1110 1601 1352 1680 longum
1380 1601 1705 1679 productus
1727 1610 1886 1663 esset
1905 1619 2107 1664 earum

468 1707 693 1770 sermo,
729 1708 868 1752 cum
913 1707 985 1752 ea
1038 1708 1170 1771 quas
1230 1688 1440 1751 morbo
1503 1688 1810 1752 laborabat
1868 1710 2107 1754 manum

465 1784 765 1843 dexteram
793 1794 999 1843 sancta
1021 1785 1519 1857 apprehendisset,
1557 1785 1626 1841 ad
1649 1800 1797 1855 eam,
1828 1800 1958 1859 qum
1989 1795 2113 1845 erat

2194 980 2463 1055 σωμάτων
2523 981 2712 1055 μόνον,
2771 980 2910 1037 ἀλλὰ
2967 981 3054 1037 καὶ
3114 979 3309 1060 ψυχῶν
3355 978 3508 1036 ἔλυσε
3552 980 3736 1042 νόσους
3782 978 3841 1045 ἒξ

2194 1066 2437 1133 ἀσεϐείας
2492 1077 2870 1149 μεταγαγοῦσα
2918 1072 3046 1148 πρὸς
3103 1067 3430 1143 θεοσέϐειαν,
3463 1072 3551 1127 καὶ
3600 1069 3697 1148 ἔσῃ
3743 1073 3842 1129 οῦκ

2195 1159 2268 1221 εἷς
2325 1160 2532 1238 μακρὰν
2601 1158 2692 1217 διὰ
2738 1158 3004 1235 θαύματός
3049 1181 3105 1216 τε
3172 1160 3352 1238 αῦτὴνΔ
3399 1159 3693 1235 ποιουμένη
3751 1160 3844 1217 καὶ

2194 1235 2449 1312 πολλοὺς*
2485 1247 2678 1314 ἄλλους
2727 1250 2865 1325 πρὸς
2929 1250 3095 1315 αὒτὴν
3155 1235 3605 1324 παραπέμπουσα.
3668 1257 3838 1308 Τοῦτο

2194 1339 2412 1395 εἰποῦσα
2472 1340 2558 1395 καὶ
2607 1337 2701 1394 οἵα
2756 1359 2836 1401 τις
2890 1337 2981 1410 ἧν,
3046 1338 3132 1394 καὶ
3176 1337 3299 1394 οἷον
3329 1334 3541 1407 διήνυσε
3584 1338 3697 1415 βίον
3738 1337 3838 1393 ἀπ’

2193 1427 2372 1507 ἀρχῆς
2430 1429 2504 1489 είς
2559 1426 2715 1490 τέλος
2759 1429 2894 1503 αὐτῇ
2947 1424 3216 1505 διηγεῖτο.
3254 1431 3331 1503 Τῇ
3372 1425 3495 1494 έξῆς
3542 1425 3631 1484 οῦν
3661 1426 3841 1505 ἀμφόο

2191 1538 2341 1595 τεραι
2393 1519 2630 1596 γίνονται
2682 1516 2804 1592 παρ’
2868 1517 3003 1593 αῦτῇ
3045 1519 3133 1573 καὶ
3175 1518 3250 1580 είς
3280 1517 3483 1593 μακρὸν
3536 1521 3635 1583 τῆς
3705 1518 3837 1591 ὁμι-

2193 1604 2310 1670 λίας
2379 1608 2772 1684 παραταθείσης
2824 1605 3011 1686 ἠσυχῆ
3069 1626 3181 1671 πως
3227 1607 3262 1673 ἡ
3297 1606 3573 1680 κάμνουσα
3615 1610 3713 1672 τῆς
3746 1603 3842 1661 8s-

2194 1695 2306 1764 Ειᾶς
2366 1695 2641 1771 λαϐομένη
2717 1696 2814 1764 τῆς
2892 1698 3154 1775 μακαρίας
3234 1700 3311 1769 τῷ
3370 1696 3636 1774 πάσχόντι
3689 1695 3845 1771 μέρει

2196 1786 2394 1854 ταύτην
2452 1786 2697 1865 ἐπέφερε,
2758 1787 2844 1841 καὶ
2902 1786 3199 1864 παραυτίκα
3259 1786 3350 1841 τοῦ
3417 1785 3607 1845 πάθους
3665 1784 3844 1861 ᾐσθά-

466 1868 707 1949 aﬂ'ecta,
735 1876 962 1949 partem
993 1868 1193 1931 attulit
1227 1889 1242 1930 :
1277 1868 1651 1933 aﬂ'ectionem
1684 1879 1881 1933 autem
1907 1872 2105 1933 statim

2199 1896 2313 1933 veto
2364 1874 2707 1955 κουφοτέρου.
2784 1867 2846 1931 Ἠ
2910 1874 3171 1950 Ματρώνα
3230 1871 3284 1929 δὲ
3341 1874 3439 1941 τὴν
3516 1875 3686 1930 αἰτίαν
3737 1878 3845 1935 τῆς

466 1958 657 2022 sensit
681 1958 988 2022 leviorem.
1009 1959 1277 2021 Matrona
1297 1976 1436 2021 vero
1457 1958 1681 2039 rogavit
1704 1979 1968 2042 causam,
2004 1980 2111 2023 cur

467 2064 603 2110 eam
630 2046 947 2127 tetigisset.
976 2050 1122 2111 Cum
1147 2056 1345 2109 autem
1370 2065 1574 2109 verum
1600 2048 1848 2111 dixisset
1879 2068 1945 2111 ea
1979 2069 2113 2132 qute

465 2134 798 2212 laborabat,
852 2135 1163 2211 Dominus,
1219 2137 1432 2218 inquit,
1486 2144 1542 2198 te
1598 2136 1881 2201 liberabit
1908 2139 1982 2201 ab
2040 2158 2113 2201 eo

467 2224 648 2302 malo,
681 2226 842 2307 quod
869 2233 929 2290 te
956 2224 1183 2288 detinet
1210 2246 1226 2303 ;
1257 2245 1370 2288 nos
1398 2226 1558 2289 enim
1604 2226 1717 2289 hoc
1748 2246 1863 2290 nou
1896 2246 2111 2310 possu-

469 2330 605 2378 mus
628 2315 893 2378 efﬁcere.

549 2402 728 2467 XXX.
759 2402 905 2479 Quae
931 2403 1133 2484 itaque
1190 2403 1516 2479 laborabat,
1571 2404 1646 2466 ab
1698 2407 1799 2468 illo
1847 2415 2115 2488 tempore

464 2495 720 2557 remisse
744 2494 1133 2557 accedentem
1166 2496 1434 2574 cogitans
1478 2496 1617 2559 mali
1647 2496 2018 2579 gravitatem,
2054 2499 2113 2559 in

464 2586 665 2647 animo
688 2582 947 2647 habebat
965 2601 1210 2646 manere
1239 2584 1399 2663 apud
1433 2596 1726 2660 sanctam,
1761 2596 2114 2666 exspectans

463 2672 787 2755 perfectam
820 2672 1236 2736 liberationem
1271 2673 1346 2735 ab
1393 2693 1464 2737 eo
1502 2677 1660 2756 quod
1685 2676 1799 2756 ipsi
1832 2678 2115 2740 aﬂ‘erebat

464 2762 825 2826 molestiam.
853 2765 1183 2844 Propterea
1203 2762 1458 2843 jubebat
1487 2764 1662 2826 etiam
1699 2785 1943 2828 manere
1978 2766 2112 2828 aui-

470 2851 861 2930 mantia,quaa
881 2853 937 2915 ei
961 2851 1035 2913 ad
1056 2871 1228 2914 usum
1259 2852 1787 2918 serviebant.Cum
1822 2866 2023 2919 autem
2058 2856 2115 2919 ei

467 2942 803 3005 nuntiatum
836 2950 1020 3016 esset,
1052 2960 1173 3004 non
1206 2960 1338 3005 esse
1369 2943 1555 3019 aliud,
1590 2945 1746 3025 quod
1789 2964 1918 3008 eam
1948 2946 2114 3008 acci-

468 3044 650 3110 peret,
680 3036 1074 3096 habitaculum
1096 3040 1301 3107 (unum
1327 3040 1482 3095 enim
1504 3053 1652 3105 essu,
1676 3038 1848 3111 idque
1870 3041 2114 3097 habitari

473 3120 808 3203 mercede),
829 3140 963 3184 cum
989 3123 1163 3186 beata
1182 3121 1503 3185 conferens
1538 3141 1872 3197 sermones,
1900 3124 2114 3187 Facul-

2192 1968 2404 2042 ἒπαφῆς
2463 1964 2804 2023 ἑπυνθάνετο.
2866 1964 2976 2033 Τῆς
3034 1962 3089 2019 δὲ
3146 1963 3456 2037 καμνούσης
3515 1964 3576 2018 τὸ
3645 1961 3848 2030 ὀληθὲς

2196 2054 2474 2133 εἰπούσης,
2522 2044 2580 2113 Ὀ
2643 2054 2851 2133 Κύριος,
2885 2053 3011 2134 ἔφη,
3047 2060 3137 2110 τοῦ
3200 2052 3523 2132 συνέχοντός
3582 2072 3640 2109 σε
3692 2052 3847 2109 Λύσει

2194 2144 2411 2223 ἀνιαροῦ
2444 2159 2459 2174 ⁸
2523 2144 2588 2200 τὰ
2656 2143 2757 2222 γὰρ
2815 2142 3051 2221 ἡμέτερα
3117 2143 3220 2222 οὐχ
3283 2142 3379 2198 οἶά
3432 2163 3489 2198 τε
3550 2141 3662 2199 ἐστι
3705 2144 3848 2221 πρὸς

2195 2233 2449 2301 τοιαύτην
2475 2232 2765 2312 ἐνέργειαν.

2279 2412 2362 2471 Α’.
2439 2403 2501 2470 Ἠ
2563 2413 2851 2491 πάσχουσα
2937 2418 3061 2489 γοῦν
3144 2409 3196 2476 ἐξ
3268 2409 3466 2467 ἐκείνου
3548 2409 3845 2487 ὕφειμένως

2196 2500 2601 2578 προσϐέλλουσα
2650 2502 2752 2568 τὴν
2816 2508 2912 2557 τοῦ
2984 2501 3179 2564 πάθους
3252 2500 3499 2557 ἐννοοῦσα
3569 2500 3848 2579 βαρύτητα

2196 2592 2341 2668 παρᾶ
2390 2597 2459 2669 τῇ
2499 2592 2623 2670 ἁγίᾳ
2667 2590 2852 2666 μένειν
2913 2590 3201 2648 ἐσκέπτετο
3253 2588 3461 2645 τελείαν
3520 2588 3852 2667 ἀπαλλαγὴν

2194 2691 2289 2739 τοῦ
2329 2679 2621 2743 λυποῦντος
2664 2679 3039 2757 προσμένουσα
3076 2699 3092 2716 ⁸
3128 2678 3212 2735 διὰ
3252 2681 3409 2735 τοῦτο
3459 2680 3547 2735 καὶ
3590 2679 3655 2734 τὰ
3710 2680 3849 2753 πρὸς

2195 2772 2295 2839 τὴν
2345 2770 2636 2847 ὑπηρεσίαν
2691 2771 2803 2841 ζῶα
2867 2769 3046 2826 ἐκεῖσε
3133 2767 3401 2843 διαμένειν
3459 2768 3842 2846 προσέταττεν,

2202 2859 2619 2939 Διαγγελθέντος
2651 2857 2703 2915 δὲ
2742 2859 2875 2936 αὔτῇ
2907 2860 2984 2935 μὴ
3034 2858 3211 2937 ἕτερον
3272 2858 3419 2916 εἶναι
3472 2860 3531 2913 τὸ
3587 2856 3853 2923 ὒποδεξό-

2201 2970 2360 3025 μενον
2415 2948 2650 3024 οἴκημα,
2711 2947 2768 3005 ἓν
2826 2950 2925 3026 γὰρ
2983 2949 3126 3006 εἶναι
3184 2949 3271 3005 καὶ
3349 2954 3505 3005 τοῦτο
3586 2949 3854 3004 οἰκεῖσθαι

2202 3042 2411 3113 μισθοῦ,
2477 3038 2625 3100 εὒθὺς
2698 3040 2772 3101 εἷς
2836 3037 3027 3115 λόγους
3086 3035 3402 3095 συνελθοῦσα
3457 3042 3525 3113 τῇ
3584 3037 3850 3115 μακαρίᾳ,

2204 3132 2405 3194 Κτῆσιν
2460 3129 2580 3184 ὶιιοὶ
2624 3127 2900 3206 περιττὴν,
2949 3125 3123 3202 ἔλεγε,
3184 3128 3248 3182 τὸ
3306 3132 3398 3183 τοῦ
3457 3125 3639 3202 γένους
3696 3145 3857 3201 περι-

474 3210 872 3310 t_ates,inquit,
896 3212 1039 3310 satis
1065 3211 1728 3310 magnassuppeditavit
1749 3214 1896 3310 mihi
1919 3215 2112 3310 spien-

2201 3218 2360 3297 φανὲς
2407 3217 2739 3296 ἐχορήγησε,
2803 3218 2888 3270 καὶ
2933 3215 2998 3281 δὴ
3060 3216 3148 3269 καὶ
3204 3212 3385 3269 οίκιῶν
3444 3214 3693 3289 ἀφθονίαν
3766 3215 3855 3279 εἰς

473 3300 591 3362 dor
611 3299 1216 3381 generis,multasque
1237 3299 1397 3361 mdes
1414 3310 1746 3364 exstructas
1762 3303 1834 3363 ad
1861 3304 2112 3384 pulchri-

2199 3306 2397 3371 κάλλος
2453 3305 2873 3385 εξειργασμένων
2947 3306 3037 3360 καὶ
3113 3302 3360 3381 μέγεθος.
3445 3303 3653 3360 Τούτων
3711 3302 3853 3367 ὅσας

470 3388 742 3450 tudinem
795 3397 974 3468 atque
1034 3388 1525 3467 magnitudinem.
1599 3390 1837 3466 Earum,
1898 3391 2111 3474 inquit,

2200 3396 2263 3454 ἂν
2307 3396 2400 3452 καί
2443 3395 2613 3473 βούλῃ
2670 3397 2773 3451 ὑπὸ
2828 3396 2952 3469 μίαν
3003 3394 3102 3461 τὴν
3150 3394 3414 3473 περιοχὴν
3447 3394 3850 3471 τυγχανούσας,

472 3494 869 3558 quascunque
890 3477 1315 3559 volueris,quaa
1338 3496 1455 3539 uno
1473 3478 1702 3540 ambitu
1727 3482 2112 3561 comprehen-

2199 3486 2388 3560 ἑτοίμη
2435 3484 2540 3563 ἐγώ
2572 3508 2654 3541 σοι
2686 3485 3016 3564 χαρίζεσθαι,
3072 3481 3288 3540 πολλῶν
3339 3480 3593 3557 ἐσομένας
3648 3484 3856 3559 ψυχῶν

471 3573 710 3636 duntur,
737 3578 926 3641 parata
948 3584 1078 3628 sum
1100 3571 1327 3642 egotibi
1353 3572 1574 3643 largiri,
1607 3575 1955 3644 animarum,
1987 3590 2112 3646 quaa

2199 3574 2453 3647 σώζεσθαι
2506 3573 2814 3650 μελλουσῶν
2873 3574 3156 3650 οἰκητήρια
3226 3574 3299 3633 είς
3358 3571 3490 3647 ἐμοῦ
3558 3591 3617 3626 τε
3674 3569 3854 3636 αὐτῆς

474 3665 619 3721 sunt
648 3656 1211 3732 servandmd‘uturas
1236 3655 1592 3738 habitacula,
1618 3666 1675 3720 et
1707 3659 2112 3740 principaliter

2200 3665 2616 3743 προηγουμένως
2646 3662 2931 3743 ὠφέλειαν,
2966 3653 3030 3719 Ἠ
3081 3660 3136 3719 δὲ
3190 3661 3327 3719 κατᾶ
3389 3663 3596 3735 πνεῦμα
3646 3658 3856 3736 γνοῦσα

472 3748 548 3813 ad
582 3766 776 3810 meam
798 3746 986 3828 ipsius
1013 3747 1350 3811 utilitatem.
1376 3746 1483 3810 Illa
1504 3763 1706 3811 autem
1739 3768 1875 3812 cum
1906 3751 2112 3832 spiritu

2202 3757 2423 3819 ὁπόσαις
2483 3757 2547 3811 ὲκ
2589 3755 2772 3811 τούτου
2839 3757 3049 3833 ψυχαῖς
3107 3752 3232 3828 θύρα
3280 3748 3676 3829 διανοιγήσεται
3737 3768 3860 3804 σω-

469 3840 867 3919 cognovisset,
900 3854 1080 3916 quam
1132 3836 1338 3899 multis
1380 3836 1695 3900 animabus
1725 3858 1794 3900 ex
1831 3841 1938 3902 hoc
1970 3860 2112 3921 ape-

2202 3846 2411 3925 τηρίας,
2470 3844 2713 3901 συνέθετο
2744 3845 3030 3921 λήψεσθαι,
3090 3842 3185 3898 καί
3236 3843 3326 3897 τὸν
3371 3838 3615 3896 διάκονον
3668 3858 3854 3912 μετα-

468 3927 685 3994 rienda
731 3940 889 3991 esset
949 3934 1118 4008 porta
1173 3928 1403 4008 salutis,
1451 3945 1695 3990 assensa
1750 3937 1842 3991 est
1891 3949 1956 3993 se
1985 3949 2112 3994 esse

2201 3933 2527 4009 στειλαμένη
2582 3931 2914 4012 Μάρκελλον,
2965 3933 3052 3987 καὶ
3104 3935 3248 4003 αὗτῷ
3276 3930 3343 3985 τα
3386 3931 3478 3984 τεῦ
3529 3927 3856 4007 πράγματος

469 4027 875 4099 accepturam,
910 4023 970 4078 et
994 4034 1129 4079 cum
1162 4015 1480 4079 diaconum
1512 4018 1926 4081 accersivisSr-t
1957 4020 2112 4082 Mar-

2200 4024 2458 4081 ἆναθεῖσα
2516 4022 2712 4097 πέμπει
2782 4021 3065 4077 θεάσασθαι
3140 4020 3207 4075 τὰ
3261 4016 3678 4097 ἑπαγγελθὲντα.
3742 4014 3856 4078 "Oc

472 4109 718 4182 callum,
754 4115 813 4169 et
843 4108 896 4168 ei
925 4123 1054 4169 rem
1088 4106 1481 4186 exposuisset,
1520 4108 1697 4170 mittit
1733 4108 1804 4169 ad
1838 4119 2112 4171 contem-

2199 4114 2313 4170 ἐπεὶ
2369 4111 2662 4185 sessim-co,
2726 4107 3058 4188 ἀναστρέψας
3122 4109 3322 4187 εὗφυῶς
3389 4108 3488 4180 μὲι
3548 4106 3697 4186 ἔχειν
3750 4106 3855 4162 τὸν

471 4196 754 4281 piandum
778 4214 847 4258 ea
878 4214 1013 4273 qua;
1052 4194 1343 4277 promissa
1373 4197 1632 4261 fuerant.
1661 4197 1771 4271 Qui
1803 4207 2112 4279 postquam

2200 4204 2363 4260 τόπον
2393 4201 2590 4264 θέσεως
2624 4198 2955 4278 διηγόρευεν,
2987 4197 3041 4253 έν
3090 4196 3231 4269 δεξιᾷ
3275 4198 3374 4272 μὲν
3423 4197 3523 4264 τὴν
3579 4195 3858 4253 θάλατταν

471 4295 562 4351 est
589 4286 1339 4366 contemplatus,reversus
1370 4286 1521 4349 dixit
1551 4305 1683 4347 esse
1714 4287 1955 4365 quidem
1993 4288 2112 4365 pul-

2200 4290 2421 4370 ἔχοντα,
2483 4290 2693 4368 ἑτέρωθι
2751 4286 2806 4343 δὲ
2861 4287 2921 4343 ἐκ
2977 4290 3230 4365 γειτόνων
3278 4286 3590 4367 παρέχοντα
3642 4287 3705 4341 τὸ
3749 4291 3855 4341 τοῦ

467 4378 680 4440 chrum
704 4375 819 4438 loci
850 4376 1056 4455 situm,
1092 4383 1153 4437 ut
1182 4375 1339 4456 quia
1368 4375 1610 4437 dextera
1646 4374 1890 4455 quidem
1929 4394 2112 4449 mare,

2199 4387 2496 4437 Βασσιανοῦ
2537 4379 2966 4458 φροντιστήριον,
3021 4399 3099 4452 μη
3160 4382 3351 4455 μικρᾶς
3384 4373 3438 4431 δὲ
3471 4377 3556 4432 καὶ
3586 4380 3685 4440 τῆς
3748 4380 3851 4431 τυ-

470 4466 586 4529 alia
609 4473 808 4529 autem
857 4483 928 4526 ex
978 4473 1143 4546 parte
1174 4470 1573 4545 propinquum
1607 4463 1820 4525 habeat
1851 4463 2112 4525 Bassiani

2199 4470 2431 4548 χούσης,
2480 4466 2616 4523 ἆλλᾶ
2660 4465 2867 4534 πολλῆς
2901 4465 2980 4522 ὅτι
3041 4465 3275 4542 μάλιστα
3325 4463 3531 4522 δεῖσθαι
3586 4463 3686 4532 τῆς
3724 4462 3852 4519 ἒπιο

470 4554 931 4632 monasterium;
954 4571 1073 4616 non
1097 4570 1275 4635 parva
1287 4562 1483 4615 autem
1513 4561 1569 4613 et
1596 4553 1735 4627 levi,
1768 4553 1870 4613 sed
1908 4570 2117 4632 magna
2139 4614 2182 4635 η
2200 4557 2438 4633 μελείας,

468 4614 1255 4726 spississimam...
1404 4614 1411 4615 ί
1721 4614 1735 4627 ’
2004 4614 2037 4632 ν
2094 4614 2183 4667 ευ

549 4734 762 4799 XXXI.
798 4732 1072 4797 Nondum
1123 4734 1249 4795 haec
1302 4732 1820 4809 renuntia’bantur,
1856 4742 1914 4795 et
1973 4751 2112 4814 pro-

2279 4736 2417 4801 ΔΜ,
2464 4736 2625 4795 Οῧπω
2682 4744 2846 4794 ταῦτα
2899 4734 3220 4815 ἠγγέλλετο,
3269 4734 3452 4791 καὶτὰ
3483 4733 3576 4801 τῆς
3610 4731 3848 4810 ἐπαγγε-

468 4824 675 4887 missio
728 4830 1050 4887 consecuta
1106 4829 1195 4883 est
1256 4822 1583 4883 eiiectum:
1640 4829 1858 4883 etcum
1891 4823 2110 4883 donum

2199 4825 2313 4891 λίας
2391 4828 2550 4906 πέρας
2630 4826 2870 4907 ἐδέχετο,
2960 4825 3236 4905 γράμμασι
3309 4823 3663 4889 πιστωθείσης
3742 4826 3847 4887 τῆς

465 4915 677 4977 fuisset
708 4913 926 4977 litteris
956 4911 1344 4986 insinuatum,
1371 4909 1568 4970 statim
1604 4910 1658 4971 ei
1687 4930 1925 4992 quoque
1978 4930 2111 4992 per-

2199 4914 2395 4995 δωρεᾶς
2433 4937 2449 4954 ⁸
2477 4919 2565 4974 καὶ
2593 4919 2737 4982 εὖθῦς
2772 4917 2993 4983 κάκείνη
3041 4916 3182 4991 παρὰ
3235 4921 3366 4969 Θεοῦ
3423 4912 3599 4969 τελεία
3646 4935 3681 4978 η
3742 4916 3848 4977 τῆς

464 5003 685 5066 fectum
706 5001 975 5065 sanitatis
994 4999 1218 5061 donum
1238 5018 1270 5059 a
1288 4998 1410 5061 Deo
1434 5000 1539 5061 fuit
1558 5000 1865 5062 dona'um.
1906 5003 2112 5063 Postea

2199 5008 2374 5085 ὑγείας
2418 5008 2791 5088 ἂντεχαρίζετο
2847 5004 3038 5084 δωρεά.
3108 5004 3254 5060 Meti
3303 5009 3467 5059 ταῦτα
3518 5000 3695 5058 δὲκαὶ
3745 5023 3847 5079 φι-

469 5100 671 5156 autem
725 5100 785 5153 et
832 5090 991 5152 mdes
1021 5088 1311 5151 exstruxit
1360 5088 1861 5167 magniﬁcentius,
1897 5100 2112 5170 utquaa

2199 5087 2578 5174 Aonpo’rspovr
2621 5096 2963 5175 ἐξειργάσατο
3039 5094 3132 5157 τὰς
3197 5094 3362 5154 οίκίας
3436 5091 3573 5147 ὅσων
3634 5087 3849 5145 ἐδέοντο

464 5201 591 5259 eas,
630 5181 851 5265 quibus
879 5196 1028 5260 opus
1071 5184 1222 5250 erat,
1258 5177 1560 5259 impensas
1593 5178 1663 5239 ad
1694 5179 2112 5258 corrigendum

2199 5189 2303 5242 τοῦν
2355 5186 2725 5262 ἀναλωμάτων
2758 5186 2887 5263 πρὸς
2916 5182 3186 5261 διόρθωσιν
3230 5204 3287 5237 τε
3343 5182 3434 5238 καί
3485 5180 3847 5252 διαγόσμησιν

467 5281 528 5335 et
580 5268 992 5335 exornandum
1052 5266 1333 5329 muniﬁca
1392 5285 1603 5329 manus
1661 5268 1714 5329 ei
1745 5268 2110 5333 exhibuerit.

2199 5276 2409 5357 ἀφθόνῳ
2438 5282 2791 5354 παρασχοῦσα
2850 5274 3016 5352 χειρί,
3071 5272 3155 5353 ἀφ’
3200 5279 3262 5328 οῦ
3305 5273 3467 5350 μέίρι
3518 5270 3608 5327 καί
3663 5270 3847 5344 τήμε-

469 5360 624 5424 Hinc
655 5360 749 5432 ﬁt,
782 5366 848 5418 ut
877 5374 977 5418 eas
1006 5373 1197 5436 usque
1226 5356 1286 5416 in
1322 5357 1681 5419 hodiernum
1717 5358 1872 5419 diem
1907 5369 2112 5421 vocent

2199 5356 2285 5441 ρον
2330 5367 2544 5433 ταύτας,
2584 5366 2647 5419 τὰ
2709 5362 3003 5437 Σευηριανὰ
3052 5362 3247 5425 πάντες
3297 5360 3564 5438 λέγουσιν,
3629 5359 3850 5415 Ἐντεῦ-

469 5467 681 5512 omnes
712 5445 1089 5511 Severianas.
1130 5447 1275 5507 Hinc
1305 5466 1440 5509 cum
1488 5456 1688 5509 sancta
1737 5449 2051 5526 migrasset
2080 5469 2112 5512 e

2199 5458 2278 5512 θεν
2335 5456 2370 5522 ἡ
2432 5456 2546 5510 ὂσία
2593 5459 2687 5519 τῆς
2728 5451 2982 5530 προτέρας
3031 5453 3292 5520 οῗκῆσεως
3356 5448 3631 5515 μεταϐᾶσα
3692 5446 3844 5504 οὐδὲν

467 5538 660 5622 priori
692 5535 1240 5617 habitatione,nihil
1272 5539 1516 5598 omnino
1544 5537 1811 5616 migravit
1841 5558 1873 5598 a
1904 5558 2105 5618 smpo,

2199 5544 2333 5610 ὅλως
2380 5552 2474 5601 τοῦ
2531 5544 2666 5599 κατὰ
2723 5545 2852 5599 Θεὸν
2883 5538 3082 5616 μετέϐη
3115 5548 3316 5598 σκοποῦ
3350 5542 3431 5595 καί
3487 5546 3594 5594 τῶν
3645 5540 3838 5616 ἔργων,

467 5627 571 5710 qui
602 5636 690 5690 est
722 5626 782 5689 in
812 5624 1026 5701 Deum,
1063 5635 1122 5688 et
1147 5626 1222 5689 ab
1272 5628 1555 5709 operibus
1590 5645 1603 5686 :
1666 5628 1777 5687 nisi
1836 5628 1969 5709 quis
2001 5630 2112 5690 Inc

2199 5636 2236 5689 εἰ
2298 5635 2375 5708 μὴ
2429 5641 2583 5691 τοῦτο
2637 5632 2860 5699 καλοίης
2893 5629 3189 5705 μετάϐασιν
3222 5631 3322 5696 τὴν
3348 5630 3452 5685 ἀπὸ
3487 5631 3590 5684 τῶν
3621 5628 3840 5683 ἐλαττό-

467 5717 692 5781 vocarit
713 5717 1199 5796 migrationem,a
1222 5716 1555 5780 minoribus
1578 5717 1647 5778 ad
1675 5717 1897 5795 majora
1918 5727 2110 5779 trans-

2199 5746 2294 5779 νων
2328 5726 2507 5783 ἐπίτᾶ
2536 5726 2774 5803 μείζονα,
2823 5720 2914 5801 ἀφ’
2977 5725 3041 5790 ἦς
3102 5720 3189 5777 καί
3246 5720 3332 5776 ἐπί
3391 5720 3529 5797 μέγα
3584 5724 3840 5803 χωρῆσαι
