4086 6410
285 361 400 428 949

1568 372 1757 437 VITA
1812 373 1874 436 S.
1931 374 2352 440 ΜΑΤΡιΟΝιΕ.

3528 380 3648 446 950

282 504 342 560 τὸ
389 501 510 560 κατ’
569 504 736 572 αὐτὴν
791 507 1039 582 ποίμνιον
1091 509 1476 587 παρεσκεύασε,
1534 510 1622 566 καὶ
1665 515 1764 576 τῆς
1807 511 1911 566 τῶν

2004 508 2175 578 itum.
2211 511 2338 586 Quo
2369 512 2587 574 factum
2638 519 2751 593 est,
2812 517 2876 574 ut
2930 509 3104 576 suum
3138 533 3373 596 quoque
3403 531 3642 595 gregem

285 592 660 668 ἐπιτιθεμένων
749 595 1031 674 διετήρησε
1109 595 1338 679 βλάϐης,
1428 597 1757 678 συλλήπτορι
1827 605 1922 656 τοῦ

279 681 431 761 ἔργου
472 683 550 756 τῷ
606 690 712 740 τῶν
770 685 982 764 ἀγαθῶν
1044 687 1195 760 αἰτίῳ
1254 686 1543 767 χρωμένη.
1599 688 1805 746 Γίνεται
1867 686 1920 744 δέ

278 793 327 827 τι
385 774 620 830 τοιοῦτον
665 775 796 852 πρὸς
827 788 947 840 τοῖς
981 774 1164 840 ἄλλοις
1195 778 1284 833 καὶ
1318 775 1522 858 ἕτερον³
1569 779 1597 834 ὃ
1626 779 1714 836 καὶ
1758 777 1920 836 πλέον

275 861 340 918 τὰ
369 862 488 919 κατ’
533 864 698 932 αὑτὴν
731 863 1075 944 ἐμεγάλυνεν.

357 953 486 1013 AB'.
549 950 825 1011 Ἐτελεῐτο
882 954 981 1029 μὲν
1037 954 1342 1032 δημοτελὴς
1405 957 1563 1036 ἑορτὴ
1621 959 1708 1014 καὶ
1751 957 1916 1015 σεϐά-

277 1061 432 1116 σμιος
493 1042 808 1120 Λαυρεντίου
865 1050 959 1102 τοῦ
1000 1048 1282 1125 μάρτυρος,
1329 1044 1500 1126 ὄχλος
1557 1043 1612 1102 δὲ
1641 1048 1778 1106 κατὰ
1825 1049 1917 1105 τὸν

273 1135 512 1217 τοιοῦτον
555 1132 680 1188 ναὸν
751 1134 826 1196 εἷς
887 1131 1094 1201 πλῆθος
1153 1135 1383 1215 συνέρρει
1431 1137 1517 1193 καὶ
1579 1133 1912 1217 διημέρεύεν.

276 1211 372 1306 ᾯν
424 1219 510 1275 καὶ
568 1217 657 1276 δύο
700 1220 992 1300 ἐτύγχανον
1048 1211 1422 1305 ἀδελφαὶρμὲν
1469 1225 1570 1293 τὴν
1599 1211 1776 1306 φύσιν,
1827 1229 1919 1284 τὸν

275 1305 331 1363 δὲ
409 1307 606 1388 τρόπον
683 1311 779 1368 οῦκ
850 1309 1050 1392 ἀδελφὰ
1117 1317 1422 1393 φρονοῦσαι,
1511 1305 1648 1372 ἀλλά
1719 1316 1918 1391 κομιδῆ

275 1395 670 1473 διαλάττουσαι,
755 1401 819 1456 τὸ
876 1403 1061 1476 μέντοι
1127 1404 1281 1482 γένος
1351 1404 1610 1481 ἐπίσημοι
1668 1407 1755 1463 καὶ
1811 1427 1915 1463 πε-

277 1500 541 1568 ριφανεῖς,
616 1496 779 1547 Αῦται
861 1490 1037 1547 τοίνυν
1124 1493 1220 1561 τῆς
1307 1492 1496 1572 ἐορτῆς
1581 1493 1914 1562 τελεσθείσης

275 1576 480 1635 ἐκεῖθεν
551 1577 842 1640 ἐπανιοῦσα
892 1581 1050 1648 ἡνίκα
1105 1581 1357 1661 γεγόνασι
1413 1585 1533 1662 περὶ
1591 1585 1685 1641 τὸν
1755 1586 1920 1642 τόπον

273 1666 328 1722 ἐν
386 1670 432 1741 ᾧ
487 1668 548 1725 τὸ
589 1674 688 1735 τῆς
735 1670 882 1732 ὁσίας
927 1670 1332 1752 φροντιστήριον
1375 1672 1466 1745 ἦν,
1515 1672 1656 1753 ἦχός
1686 1696 1768 1738 τις
1811 1676 1914 1751 ἐμ-

273 1755 447 1830 μελὴς
477 1759 628 1814 θείων
660 1759 838 1834 ὓμνων
885 1773 1008 1827 ταῖς
1057 1761 1231 1818 αὒτῶν
1288 1760 1614 1840 προσέϐαλεν
1670 1763 1861 1828 ἀκοαῖς
1897 1780 1910 1795 ⁸

2005 603 2212 666 fecerit
2242 601 2411 665 valde
2440 601 2670 681 augeri,
2726 611 2786 665 et
2837 602 2910 664 ab
2968 603 3229 667 inimicis
3282 605 3647 667 conservarit

2005 691 2280 762 illaesum,
2314 690 2596 773 operibus
2625 690 2859 754 habens
2887 692 3221 773 adjutorem
3255 694 3532 775 eum,qui
3557 703 3648 756 est

2004 799 2178 844 causa
2207 781 2525 844 bonorum.
2566 780 2658 844 Fit
2686 780 2865 844 etiam
2918 783 3034 844 tale
3063 782 3206 865 quid
3237 783 3399 846 aliud
3429 790 3646 865 praeter

2004 880 2242 950 caetera,
2279 869 2438 952 quod
2471 888 2603 933 eam
2630 870 2774 933 fecit
2803 871 3120 952 majorem.

2083 958 2318 1025 XXXII.
2341 959 2762 1025 Celebrabatur
2782 961 3022 1043 quidem
3042 961 3344 1043 publicum
3371 972 3428 1025 et
3453 981 3638 1027 vene-

2002 1051 2262 1113 randum
2289 1051 2502 1114 festum
2529 1049 2829 1114 Laurentii
2856 1051 3147 1133 martyris.
3182 1051 3247 1114 In
3279 1053 3411 1132 ejus
3440 1061 3640 1115 autem

2000 1139 2286 1222 templum
2309 1140 2672 1202 conﬂuxerat
2704 1157 2828 1203 ma)
2843 1139 2963 1202 ima
2989 1141 3301 1204 multitudo
3327 1143 3556 1225 populi,
3585 1149 3642 1204 et

2002 1229 2162 1292 diem
2214 1230 2274 1291 in
2333 1248 2404 1291 eo
2468 1227 2852 1308 transigebat.
2905 1228 2995 1294 lbi
3040 1229 3172 1293 duae
3201 1239 3370 1293 erant
3395 1232 3636 1312 quidem

2001 1336 2242 1383 sorores
2273 1317 2622 1392 natura,sed
2650 1316 2916 1381 moribus
2935 1319 3203 1397 minime,
3223 1331 3287 1382 ut
3316 1339 3447 1402 quae
3467 1319 3638 1384 valde

2001 1410 2156 1472 inter
2181 1427 2244 1470 se
2270 1407 2682 1487 discreparent
2715 1423 2728 1466 :
2766 1425 2989 1486 genere
3020 1416 3217 1471 autem
3250 1417 3420 1472 erant
3465 1409 3640 1474 clarae

2003 1507 2061 1562 et
2089 1498 2376 1578 insignes.
2413 1495 2506 1560 Ea:
2565 1513 2702 1576 ergo
2755 1503 2998 1577 peracto
3054 1498 3202 1561 festo
3233 1497 3399 1562 illinc
3430 1517 3640 1561 rever-

2002 1597 2220 1664 tentes,
2252 1605 2387 1650 cum
2418 1585 2675 1649 fuissent
2731 1585 2792 1648 in
2847 1586 2980 1649 loco
3013 1587 3072 1649 in
3115 1607 3233 1670 quo
3266 1598 3395 1650 erat
3421 1596 3640 1651 sanctae

2003 1684 2437 1747 monasterium,
2472 1693 2814 1738 numerosus
2833 1680 3066 1753 quidam
3091 1696 3269 1740 sonus
3291 1681 3640 1755 hymnorum

2001 1766 2336 1829 divinorum
2372 1765 2624 1826 accessit
2645 1763 2720 1826 ad
2749 1781 2924 1827 aures
2949 1783 3174 1828 earum.
3210 1765 3435 1839 Quibus
3468 1765 3638 1830 dele-

271 1844 354 1926 ἐφ’
409 1850 496 1909 οἷς
549 1849 794 1915 ἡσθεῖσαῑ
838 1851 922 1906 καὶ
968 1850 1046 1914 τίς
1093 1853 1128 1919 ἠ
1171 1861 1263 1910 τοῦ
1328 1853 1727 1930 φροντιστηρίου
1784 1858 1915 1911 καθ’

2004 1863 2190 1930 ctataa,
2225 1873 2360 1917 cum
2392 1853 2794 1931 rescivissent,
2851 1873 3124 1936 quamam
3176 1873 3247 1919 ea
3294 1863 3471 1931 esset,
3507 1874 3639 1935 quae

272 1936 552 2013 ηγουμὲνη
613 1941 873 2013 μαθοῦσαι
931 1941 1062 2018 πρὸς
1121 1941 1320 2006 ταύτην
1375 1940 1643 2017 εἰσῄεσαν.
1697 1932 1787 2007 Ὠς
1863 1941 1917 2000 δὲ

273 2027 402 2104 πρὸς
462 2025 653 2105 λόγους
709 2029 842 2103 αὐτῇ
889 2027 1173 2104 συνῆλθον,
1205 2031 1292 2087 καὶ
1321 2037 1478 2086 τοῦτο
1507 2030 1606 2106 μὲν
1636 2029 1688 2096 ἐξ
1719 2032 1916 2112 αὐτῶν,

269 2122 429 2172 τοῦτο
485 2114 541 2171 δὲ
585 2119 674 2172 καὶ
731 2116 840 2173 ἀπὸ
897 2123 996 2184 τῆς
1028 2125 1134 2174 τῶν
1164 2121 1308 2186 ἢθῶν
1369 2118 1651 2194 εὐκοσμίας
1708 2120 1917 2188 πολλῆς

274 2203 576 2264 ἀπέλαυσαν
630 2205 916 2287 ιῖκιβελείαις²
977 2209 1010 2276 ἡ
1079 2209 1174 2282 μία
1245 2208 1446 2264 τούτων
1513 2207 1664 2286 ἔρωτι
1723 2210 1917 2278 ταύτης

272 2293 472 2351 ἁλοῦσα
521 2301 890 2368 πνευματικῷ,
949 2298 1022 2352 Σὺ
1077 2297 1177 2371 μὲν
1229 2295 1416 2376 ἄπιθι,
1471 2298 1573 2378 ἔφη
1633 2301 1766 2378 πρὸς
1821 2301 1920 2368 τὴν

280 2384 480 2461 ἑτέραν,
535 2383 646 2463 ἐγὼ
702 2381 757 2440 δὲ
824 2387 956 2460 πρὸς
1023 2387 1191 2461 ταύτῃ
1241 2394 1386 2462 μενῶ
1419 2404 1432 2419 ⁸
1503 2387 1642 2457 λήθη
1695 2390 1795 2468 γάρ
1854 2412 1919 2466 με

283 2476 370 2528 καὶ
401 2472 599 2550 ἀνδρὸς,
659 2476 745 2530 καὶ
803 2472 957 2532 οἴκου
1017 2477 1106 2531 καὶ
1157 2483 1428 2553 συγγενῶν
1477 2476 1608 2556 ἔσχε
1640 2479 1726 2534 καὶ
1784 2481 1920 2536 κατά

279 2563 370 2618 τὸν
420 2565 560 2620 θεῖον
615 2562 812 2643 φφὲίναι
848 2563 1040 2638 Δαυ³ιδ,
1104 2563 1464 2639 Ἐξελεξάμην
1524 2565 1917 2644 παραῤῥιπτεῐ-

274 2656 391 2708 σθαι
435 2652 490 2708 ἐν
547 2661 622 2726 τῷ
665 2653 805 2728 οἴκῳ
847 2661 940 2709 τοῦ
984 2657 1117 2710 Θεοῦ
1167 2677 1270 2728 μου
1314 2653 1518 2730 μᾶλλον
1551 2655 1587 2723 ἢ
1625 2662 1723 2724 τῆς
1781 2658 1917 2714 κατὰ

271 2742 474 2815 κόσμον
528 2741 819 2799 ἀπολαύειν
864 2745 1174 2821 εὒημερίας.
1225 2735 1316 2808 Ὠς
1370 2743 1627 2806 δὲταῦτα
1658 2749 1692 2814 ἡ
1745 2745 1913 2803 Ἀθα-

271 2833 447 2906 νασία,
511 2835 663 2889 τοῦτο
723 2833 821 2911 γὰρ
886 2837 1021 2909 αῦτῇ
1093 2834 1287 2912 ὄνομα³
1345 2837 1477 2911 πρὸς
1529 2836 1628 2902 τὴν
1681 2835 1915 2914 ἀδελφὴν

270 2922 452 2996 εἶπεν,
519 2925 614 2980 οὒκ
684 2921 844 3002 ἔσχεν
896 2925 1059 2990 αὐτὴν
1138 2930 1563 3003 συμφρονοῦσαν,
1622 2923 1758 2981 ἀλλὰ
1828 2926 1915 2982 καὶ

270 3011 510 3090 φανερῶς
570 3011 1058 3090 ἀντινρθεγγομὲνην
1123 3011 1219 3068 καῖ
1266 3012 1594 3090 κουφότητος
1654 3013 1797 3070 εἶναι
1855 3017 1916 3070 τὸ

269 3107 489 3180 πρᾶγμα
534 3098 793 3178 λέγουσαν
839 3103 926 3158 καὶ
971 3100 1168 3178 ἀλόγου
1218 3101 1545 3180 θερμότητος
1601 3104 1727 3181 ῥᾷον
1786 3125 1912 3182 χω-

267 3193 462 3269 ρούσης
519 3191 592 3252 εἰς
647 3189 1032 3265 μεταμέλειαν.
1091 3197 1268 3248 Ταότα
1351 3190 1405 3246 δὲ
1490 3191 1642 3269 ἔλεγε
1722 3193 1914 3271 γνώμῃ

269 3280 585 3359 φιλοκόσμῳ
667 3279 869 3354 μᾶλλον
956 3279 990 3348 ἢ
1067 3281 1370 3360 φροδήματι
1441 3279 1788 3359 στερῤοτέρῳ.
1852 3273 1914 3337 Ἠ

268 3370 388 3426 ὁσία
446 3369 501 3425 δὲ
559 3371 648 3425 τὸν
693 3369 791 3444 μὲν
841 3371 978 3427 κατὰ
1038 3371 1168 3426 Θεὸν
1217 3371 1380 3438 αὐτῆς
1441 3369 1627 3447 ἐπῇνει
1687 3374 1910 3446 σκοπὸν,

267 3459 410 3526 πλὴν
455 3457 574 3516 οῦδὲ
631 3460 765 3526 αὐτὴ
824 3459 922 3526 τὴν
974 3459 1167 3537 ἀθρόαν
1239 3461 1521 3535 μετάθεσιν
1581 3457 1910 3539 ἐδοκίμαζεν,

269 3549 406 3605 ἀλλά
452 3547 677 3624 παρῄνει
755 3551 884 3624 πρὸς
962 3550 1053 3604 τὸν
1113 3546 1274 3620 ἄνδρα
1341 3548 1599 3628 πρότερον
1659 3549 1912 3606 ἀπελθεῖν

265 3639 352 3695 καὶ
409 3637 761 3693 κοὶνὼσασθαι
806 3638 924 3716 περὶ
974 3638 1187 3711 τούτου,
1249 3638 1362 3713 βίου
1392 3637 1450 3694 τὲ
1479 3660 1608 3717 φησι
1643 3637 1910 3714 ἐπιμελη-

266 3730 425 3797 θῆναι
479 3730 553 3789 ὡς
607 3728 729 3784 οἷόν
786 3749 842 3783 τε
897 3726 1255 3807 τελειοτέρου,
1287 3727 1373 3783 καὶ
1418 3727 1552 3784 Θεοῦ
1578 3725 1784 3784 δεῖσθαι
1827 3727 1911 3783 διὰ

265 3821 466 3878 παντὸς
497 3818 670 3874 θεῖναί
713 3839 796 3874 σοι
845 3814 995 3873 εὔοδα
1043 3818 1110 3875 τὰ
1169 3818 1304 3873 κατά
1352 3814 1554 3872 σκοπόν
1592 3837 1605 3852 ·

265 3909 424 3988 digii-9
470 3909 569 3982 μὲν
613 3905 738 3985 παρ’
768 3906 888 3981 ἐμὲ,
925 3907 1059 3962 κατά
1089 3913 1209 3962 νοῦν
1269 3903 1325 3961 δέ
1371 3927 1454 3960 σοι
1502 3905 1799 3976 ἀπαντήσει
1853 3907 1914 3962 τὸ

264 3996 714 4070 σπουδαζόμενον,
754 3998 811 4053 Εἰ
870 3997 968 4073 γὰρ
1012 3997 1101 4052 καὶ
1147 3997 1306 4060 πόθος
1351 3999 1496 4059 θεῖος
1557 3994 1768 4064 εἰσῆλθέ
1823 4018 1915 4052 σου

275 4088 364 4154 τὴν
423 4085 684 4157 διάνοιαν,
733 4087 819 4142 καὶ
849 4090 945 4144 οὐκ
973 4087 1150 4151 ἀνίησι
1180 4087 1496 4165 κατασχὼν,
1548 4084 1686 4141 ἀλλά
1743 4083 1920 4141 πολλαί

269 4198 339 4251 με
396 4184 487 4234 τοῦ
529 4175 740 4254 θαῤῥεϊν
783 4176 978 4253 ἀπάγει
1014 4175 1142 4231 αὒτό
1176 4197 1233 4233 τε
1265 4177 1326 4231 τὸ
1374 4180 1470 4242 τῆς
1519 4173 1730 4242 ἡλικίας
1789 4174 1919 4230 νεά-

272 4274 364 4336 ζον
419 4269 502 4322 καὶ
558 4268 619 4323 τὸ
667 4268 785 4341 περὶ
829 4267 951 4330 τοὺς
1013 4265 1206 4330 πόνους
1268 4266 1592 4338 ἀνάσκητον,
1623 4265 1917 4342 ὑπηρετεῖ-

271 4360 392 4413 σθαι
447 4355 682 4429 μᾶλλον,
745 4357 849 4435 οὐχ
899 4357 1191 4432 ὑπηρετεῖν
1225 4354 1458 4434 πεφυκός
1494 4370 1508 4384 ⁸
1553 4351 1699 4410 τὸδὲ
1732 4361 1919 4430 μεῖζον

274 4448 304 4514 ἦ
337 4445 482 4523 παρά
513 4452 604 4501 τοῦ
647 4441 830 4524 ἀνδρὸς
863 4444 1116 4505 κώλυσις.

1666 3816 1759 3873 καί
1792 3819 1911 3873 τότε

357 4623 490 4684 ΛΓ¹.
522 4623 739 4685 Τούτοις
785 4623 1086 4702 εἰρημένοις
1146 4625 1180 4690 ἡ
1232 4621 1516 4680 Ἀθανασία
1574 4622 1921 4702 ἡσυχάζουσα

268 4714 336 4782 ἦν
393 4714 664 4788 ἀνιωμὲνη
717 4714 813 4789 μὲν
861 4716 934 4772 ὡς
987 4712 1364 4787 ἀπωθουμένη,
1429 4711 1506 4786 μὴ
1534 4709 1834 4787 βουλομένη
1865 4710 1919 4767 δὲ

269 4804 570 4882 ἀντιλέγειν
629 4805 713 4859 καῖ
787 4806 848 4859 τὸ
937 4803 1127 4870 ἑαυτῆς
1204 4801 1415 4877 θέλημα
1473 4806 1717 4872 συνιστᾷν
1754 4817 1769 4832 ⁶
1832 4800 1918 4858 διὰ

268 4900 430 4951 τοῦτο
485 4895 574 4950 καὶ
617 4893 879 4974 ἀνεχώρει
910 4901 1001 4950 τοῦ
1033 4899 1235 4950 σκοποῦ
1270 4892 1451 4948 τούτου
1484 4893 1569 4946 καὶ
1620 4895 1718 4958 τῆς
1776 4913 1917 4966 προ-

261 4985 464 5047 θέσεως
524 4986 756 5062 ἰσχυρῶς
832 4983 1074 5064 ἐχομένη
1121 4985 1207 5038 καὶ
1265 4982 1401 5037 κατά
1451 4981 1549 5046 τὴν
1604 4986 1702 5048 τῆς
1766 4981 1919 5059 ἁγίας

262 5076 578 5152 παραίνεσιν
635 5073 904 5153 σώφρονος
932 5075 1048 5149 βίου
1105 5073 1189 5129 καί
1219 5072 1238 5094 ⁸
1288 5071 1572 5137 λιτότητος
1618 5069 1910 5146 ἐπιμελου-

263 5164 406 5236 μένη
467 5164 551 5220 καί
600 5165 756 5218 οἱονεὶ
817 5161 1163 5241 προπαιδείαν
1208 5168 1364 5219 τοῦτο
1408 5169 1540 5238 πρὸς
1591 5161 1681 5216 τὸν
1739 5159 1917 5225 ἆτκηυ

263 5257 418 5310 τικὸν
459 5253 757 5326 ποιουμένη
789 5254 926 5328 βίον,
978 5253 1070 5312 Καὶ
1119 5250 1185 5319 δὴ
1235 5251 1371 5307 κατά
1429 5272 1546 5306 τινα
1603 5255 1710 5305 τῶν
1757 5248 1921 5317 αὐτῆς

262 5345 450 5421 ἀγρῶν
510 5342 776 5421 γενομένη
831 5344 918 5399 καὶ
991 5346 1299 5418 μονωθεῖσα
1386 5340 1478 5396 τοῦ
1528 5344 1920 5418 συνοικοῦντος,

262 5431 487 5492 ἔσπευδε
542 5433 682 5488 κατὰ
741 5432 968 5505 μίμησιν
1013 5433 1110 5498 τῆς
1157 5431 1309 5510 ἁγίας
1356 5430 1443 5489 καὶ
1499 5430 1632 5496 αὕτη
1692 5427 1924 5485 διατίθεσ-

261 5530 408 5602 σθιι,
442 5529 649 5603 τροφῆς
683 5544 737 5578 τε
769 5523 904 5579 κατά
935 5524 1024 5579 τον
1077 5522 1234 5578 αιότόν
1280 5523 1463 5598 καιρὸν
1519 5524 1924 5598 μνημονεύουσα

348 5698 382 5748 5
412 5692 574 5759 Psal.
609 5706 855 5764 Lxxxm,
888 5696 950 5754 Η
973 5735 987 5751 .

1998 1953 2214 2027 praeest
2249 1943 2638 2025 monasterio,
2672 1943 2745 2006 ad
2789 1961 2921 2008 eam
2976 1944 3264 2025 ingressae
3292 1954 3451 2009 sunt.
3487 1946 3634 2008 Cum

1999 2054 2128 2098 eam
2151 2052 2286 2096 vero
2307 2034 2810 2115 convenissent,et
2827 2035 3039 2115 partim
3057 2035 3297 2117 quidem
3320 2055 3390 2098 ex
3408 2034 3632 2108 verbis,

1998 2128 2210 2207 partim
2244 2131 2442 2188 autem
2474 2142 2548 2186 ex
2606 2123 2899 2186 modestia
2941 2135 3004 2188 et
3053 2144 3286 2189 morum
3318 2127 3632 2188 honestate

2000 2233 2269 2295 magnam
2291 2212 2666 2294 accepissent
2690 2213 3156 2291 utilitatem,una
3180 2234 3250 2278 ex
3285 2215 3357 2278 iis
3379 2214 3633 2295 spiritali

2000 2305 2131 2385 ejus
2159 2322 2361 2366 amore
2395 2313 2567 2384 capta
2610 2325 2622 2362 :
2657 2305 2742 2366 Tu
2773 2303 3039 2386 quidem,
3089 2305 3303 2386 inquit,
3339 2304 3460 2378 abi,
3494 2305 3639 2366 dixit

1997 2394 2214 2468 alteri;
2247 2412 2355 2472 ego
2412 2399 2608 2454 autem
2662 2393 2914 2456 manebo
2950 2395 3108 2475 apud
3159 2413 3315 2458 eam.
3349 2395 3439 2458 Me
3478 2394 3634 2457 enim

2004 2485 2161 2564 cepit
2203 2481 2420 2545 oblivio
2452 2490 2509 2543 et
2540 2482 2760 2563 mariti,
2789 2489 2846 2544 et
2875 2481 3175 2564 domus,et
3207 2492 3594 2564 cognatorum
3623 2500 3639 2558 ;

2004 2582 2086 2654 et,
2119 2583 2181 2634 ut
2212 2572 2406 2633 dicam
2443 2590 2576 2632 cum
2611 2570 3068 2634 divinoDavide
3103 2593 3118 2633 :
3161 2595 3184 2630 α
3220 2571 3381 2650 Elegi
3418 2573 3652 2653 abjecta

2000 2680 2135 2725 esse
2157 2663 2216 2722 in
2246 2661 2428 2722 domo
2455 2659 2558 2722 Dei
2585 2660 2702 2722 mei
2723 2661 2947 2742 potius,
2982 2680 3158 2739 quam
3186 2661 3246 2724 in
3279 2662 3503 2724 mundo
3532 2662 3646 2723 frui

1998 2751 2178 2814 rebus
2191 2747 2475 2830 jucundis
2491 2751 2584 2811 5.»
2616 2750 2756 2813 Cum
2779 2757 2977 2812 autem
3003 2753 3191 2813 sorori
3235 2752 3362 2814 hzec
3402 2751 3646 2834 dixisset

1997 2840 2324 2904 Athanasia
2358 2839 2496 2920 (hoc
2528 2840 2688 2902 enim
2727 2847 2854 2901 erat
2884 2841 2939 2901 ei
2995 2844 3268 2920 nomen).
3303 2860 3374 2904 ea
3405 2861 3524 2904 non
3555 2851 3645 2903 est

1997 2931 2078 2992 illi
2113 2947 2356 2991 assensa
2390 2947 2403 2990 :
2437 2927 2543 2990 sed
2573 2936 2781 3009 aperte
2824 2929 3202 3004 contradixit,
3229 2929 3494 3011 dixitque
3514 2949 3642 2992 rem

1999 3038 2132 3082 esse
2164 3017 2420 3081 levitatis
2451 3024 2508 3080 et
2543 3017 2980 3081 inconsiderati
3022 3018 3299 3095 fervoris,
3335 3019 3435 3100 qui
3467 3019 3644 3082 facile

2001 3108 2192 3171 tendit
2222 3108 2292 3169 ad
2327 3107 2761 3188 paenitentiam.
2783 3105 2921 3170 Haec
2946 3115 3145 3169 autem
3185 3107 3416 3170 dicebat
3443 3109 3640 3169 animo

2002 3197 2194 3276 potius
2253 3196 2459 3258 mundi
2518 3194 2758 3276 cupido,
2817 3214 2993 3277 quam
3027 3197 3186 3274 gravi
3221 3205 3278 3258 et
3310 3196 3637 3260 constanti.

1998 3285 2212 3349 Sancta
2236 3305 2375 3348 vero
2398 3287 2530 3368 ejus
2553 3284 2795 3367 quidem
2827 3285 3104 3347 laudabat
3125 3304 3195 3347 ex
3215 3287 3338 3348 Deo
3368 3305 3638 3367 scopum,

1998 3378 2097 3435 sed
2120 3393 2226 3435 nec
2250 3379 2371 3446 ipsa
2407 3374 2772 3447 repentinam
2796 3377 3080 3447 probabat
3120 3377 3512 3444 mutationem,
3541 3377 3644 3433 sed

1997 3463 2284 3525 suadebat
2305 3471 2369 3524 ut
2397 3461 2562 3542 prius
2585 3460 2906 3524 rediretad
2936 3466 3231 3535 maritum,
3264 3467 3322 3521 et
3351 3479 3480 3522 eam
3513 3478 3642 3524 rem

1996 3553 2467 3615 communicaret
2500 3551 2708 3613 marito
2737 3571 2752 3631 ;
2789 3549 3148 3628 dicebatque
3179 3558 3453 3630 oportere
3484 3568 3638 3622 eam,

1997 3643 2186 3722 quoad
2218 3643 2347 3722 ejus
2381 3641 2506 3702 ﬁeri
2539 3647 2756 3721 potest,
2791 3656 2994 3701 curam
3042 3656 3256 3716 gerere
3287 3638 3417 3700 vitae
3441 3639 3642 3719 perfe-

1995 3731 2220 3806 ctioris,
2255 3739 2312 3793 et
2341 3731 2527 3792 Deum
2557 3737 2853 3810 perpetuo
2884 3747 3116 3807 rogare,
3147 3736 3210 3788 ut
3241 3746 3486 3807 scopum
3516 3733 3645 3805 ejus

1999 3818 2558 3897 dirigat.Tuncque,
2590 3817 2811 3891 aiebat,
2847 3817 3052 3879 venies
3082 3815 3153 3876 ad
3182 3833 3275 3876 me
3302 3838 3316 3886 ;
3354 3833 3426 3876 ex
3459 3815 3644 3876 animi

1999 3917 2195 3970 autem
2219 3908 2300 3968 tui
2320 3906 2620 3971 sententia
2644 3905 2929 3968 succedet
2951 3905 3008 3965 id
3038 3905 3206 3984 cujus
3232 3905 3453 3966 teneris
3475 3905 3641 3966 desi-

1999 3996 2190 4060 derio.
2224 3997 2348 4058 Etsi
2387 3995 2542 4058 enim
2573 3995 2839 4058 divinum
2881 3993 3244 4056 desiderium
3269 3994 3447 4056 subiit
3475 4002 3642 4056 tuum

2001 4093 2405 4158 animum,nec
2431 4095 2485 4148 te
2510 4096 2718 4147 tenere
2741 4083 3104 4161 intermittit,
3129 4101 3224 4143 me
3247 4091 3443 4144 tamen
3467 4082 3648 4145 multa

2002 4176 2357 4255 impediunt,
2396 4193 2471 4237 ne
2502 4175 2794 4236 conﬁdam
2828 4191 2840 4232 :
2871 4190 3086 4252 nempe
3121 4178 3218 4231 tua
3249 4179 3387 4232 mtas
3418 4181 3647 4248 tenera,

2001 4270 2228 4342 etquod
2256 4272 2311 4327 in
2337 4267 2721 4339 suscipiendis
2745 4267 3040 4324 laboribus
3061 4279 3178 4321 non
3212 4267 3290 4320 sis
3314 4267 3643 4328 exercitata,

1949 4362 2064 4452 Det
2091 4355 2247 4452 quod
2307 4353 2382 4415 sit
2437 4362 2642 4452 natura
2702 4352 2890 4430 magis
2947 4350 3387 4449 ingeneratum,
3442 4347 3649 4452 ut‘tibi

2006 4444 2298 4506 serviatur
2350 4442 2562 4524 potius,
2626 4459 2802 4523 quam
2861 4447 2925 4500 ut
2978 4438 3222 4510 servias,
3285 4445 3342 4498 et
3373 4437 3527 4517 quod
3561 4446 3650 4499 est

2009 4534 2274 4596 omnium
2308 4531 2658 4605 maximum,
2695 4530 2886 4592 mariti
2921 4527 3264 4608 prohibitio.

2085 4622 2358 4687 XXXIII.
2395 4621 2494 4683 llis
2550 4620 2750 4694 dictis,
2811 4617 3025 4680 silebat
3077 4617 3416 4696 Athanasia,
3450 4617 3647 4678 animo

2004 4713 2240 4794 quidem
2265 4711 2615 4783 cruciata,ut
2637 4729 2770 4792 quze
2795 4708 3217 4789 repelleretur,
3247 4706 3430 4767 nollet
3451 4713 3646 4766 autem

2003 4801 2436 4876 contradicere,
2505 4809 2560 4861 et
2623 4817 2790 4860 suam
2854 4797 3212 4858 conﬁrmare
3266 4796 3648 4859 voluntatem.

2002 4892 2328 4970 Propterea
2358 4889 2632 4968 recessit,
2685 4889 2843 4949 hunc
2885 4905 3130 4966 scopum
3176 4894 3232 4947 et
3285 4884 3647 4965 propositum

2007 4981 2301 5044 acerrime
2327 4995 2716 5061 persequens,
2752 4982 2808 5038 et
2831 4981 3112 5038 utsancta
3134 4974 3189 5036 ei
3218 4973 3652 5046 suaserat,vilae

2014 5070 2400 5152 temperantis
2435 5077 2493 5130 et
2549 5067 2788 5146 frugalis
2846 5084 3051 5153 curam
3108 5083 3345 5143 gerens,
3383 5073 3438 5124 et
3471 5063 3654 5124 veluti

2013 5161 2455 5243 prwcedentem
2487 5156 2891 5238 disciplinam,
2929 5154 2999 5215 ad
3035 5153 3210 5243 vitam
3266 5161 3321 5214 et
3354 5153 3651 5213 exercita—

2008 5242 2232 5313 tionem
2268 5249 2322 5310 id
2350 5248 2572 5310 faciens
2607 5246 3015 5308 monasticam.
3068 5242 3248 5304 Porro
3280 5253 3478 5304 autem
3515 5261 3649 5303 cum

2007 5341 2267 5402 venisset
2297 5339 2356 5398 in
2408 5337 2723 5417 quemdam
2777 5351 2850 5397 ex
2903 5335 3027 5396 suis
3080 5332 3257 5410 agris,
3295 5341 3350 5392 et
3380 5333 3649 5410 sejuncla

2007 5430 2217 5492 fuisset
2239 5447 2272 5489 a
2289 5424 2852 5506 conjuge,studebat
2873 5424 3001 5507 ipsa
3022 5441 3084 5483 se
3107 5440 3316 5502 gerere
3337 5420 3407 5482 ad
3428 5428 3650 5483 sanctae

2010 5519 2432 5590 imitationem,
2461 5516 2673 5580 eodem
2699 5524 2968 5597 tempore
2992 5512 3184 5575 cibum
3210 5529 3477 5590 sumens,
3512 5529 3652 5589 par-
