4086 6412
424 400 536 467 951

1589 403 1843 469 ADDEN
1857 403 1977 464 DA.
2037 428 2113 439 —
2178 394 2619 458 NOVEMBER.

3677 382 3796 447 952

423 551 614 615 ceque
642 542 699 597 et
731 537 1009 618 tenuiter,
1041 537 1195 599 sicut
1218 535 1338 605 illa,
1373 534 1723 605 comedens,
1760 541 1818 594 et
1852 546 2063 613 preces

2150 529 2235 584 καὶ
2288 528 2454 592 λιτῶς
2510 527 2691 608 ὥσπερ
2757 525 2936 596 ἐκείνη
2996 525 3239 584 ἐσθίουσα
3272 571 3287 598 ,
3362 523 3527 603 εὖχές
3579 543 3635 577 τε
3663 523 3797 618 αττρῆ

421 622 684 685 fundens
714 634 853 686 ante
884 626 1087 687 cibum
1118 633 1176 688 et
1200 633 1333 705 post
1375 624 1599 697 cibum,
1635 632 1692 684 et
1725 621 1840 684 alia
1871 621 2071 684 omnia

423 730 532 793 pro
562 712 784 776 viribus
815 714 1079 789 imitans,
1113 732 1247 795 qua;
1290 711 1539 775 faciebat
1590 711 1783 774 beata.
1821 711 1965 773 Cum
2000 729 2071 773 ea

423 810 622 864 autem
647 802 707 863 in
727 803 840 865 hoc
864 809 1110 883 esset,t-t
1137 809 1437 883 quaereret
1460 801 1769 863 honestam
1798 819 1829 861 a
1857 801 2068 862 marito

423 890 882 972 sejunctionem,
919 892 1034 953 tale
1065 891 1206 973 quid
1250 891 1491 968 accidit,
1540 891 1707 952 valde
1761 890 2067 952 honestam

425 979 696 1058 praebens
727 978 1319 1043 liberationem.Nam
1349 998 1484 1042 cum
1522 999 1590 1043 ea
1623 979 1883 1060 ut'prius
1914 980 2068 1040 dixi-

421 1085 580 1141 mus,
615 1067 873 1143 abesset,
936 1072 1210 1145 maritus,
1262 1070 1363 1149 qui
1424 1078 1549 1131 erat
1602 1078 1984 1150 sumptuosus
2015 1077 2072 1129 et

425 1155 696 1217 moribus
726 1157 1160 1241 intemperans,
1200 1177 1447 1238 magnos
1494 1158 1743 1221 faciebat
1775 1170 2066 1238 sumptus.

420 1242 564 1307 Cum
591 1245 792 1327 itaque
823 1247 1102 1310 redactus
1126 1257 1282 1310 esset
1304 1248 1375 1309 ad
1434 1247 1715 1328 in0piam,
1752 1247 2071 1330 persuadet

422 1345 706 1414 puero,ut
729 1336 881 1398 clam
910 1336 1189 1417 surripiat
1224 1336 1479 1417 aliquam
1521 1357 1589 1398 ex
1611 1338 1764 1399 arcis
1787 1337 2065 1412 dominae,

423 1430 484 1484 et
502 1423 575 1484 ad
610 1442 748 1486 eum
779 1425 1186 1499 all‘erat.Quod
1210 1426 1451 1507 quidem
1487 1446 1617 1488 cum
1644 1426 1861 1491 factum
1888 1434 2067 1506 esset,

423 1531 542 1574 non
568 1511 740 1575 latuit
767 1514 1076 1588 ancillam,
1109 1533 1240 1595 qum
1278 1514 1551 1576 servabat
1582 1533 1676 1576 res
1707 1515 1987 1577 dominae.
2022 1516 2068 1577 A

422 1619 542 1682 qua
575 1620 711 1663 cum
744 1601 847 1664 illa
876 1621 1085 1665 rursus
1112 1602 1171 1664 id
1207 1602 1541 1682 didicisset,
1577 1603 1650 1665 de
1682 1613 1896 1666 caetero
1933 1613 2065 1665 tan-

422 1709 598 1771 quam
622 1690 881 1754 bonesta
904 1700 1145 1774 arrepta
1170 1693 1679 1773 occasione,nnlla
1702 1714 1818 1755 non
1842 1694 2068 1755 ratione

419 1782 731 1839 Athanasia
754 1784 1097 1841 moliebatur
1117 1784 1559 1854 separationem.
1593 1785 1845 1842 Tandem
1877 1793 2065 1843 autem

419 1883 553 1955 cum
580 1867 795 1928 marito
828 1868 1251 1947 persuasisset,
1289 1876 1347 1928 et
1407 1886 1677 1946 magnam
1713 1878 1936 1950 partem
1975 1869 2064 1930 fa-
2095 1907 2129 1955 Β

418 1953 727 2034 cultatum,
761 1974 897 2032 quae
925 1956 998 2018 ad
1050 1956 1239 2037 ipsam
1283 1956 1676 2038 pertinebant.
1732 1976 1933 2020 sncum
1970 1966 2064 2019 tu-

419 2042 612 2124 lisset,
641 2043 928 2106 Matronae
963 2044 1105 2106 fidei
1134 2062 1302 2107 suam
1333 2045 1525 2107 credit
1554 2046 1811 2107 animam
1840 2063 1855 2120 ;
1889 2065 2067 2108 acce-

419 2131 712 2213 densque,
748 2142 806 2196 et
838 2135 893 2196 ei
928 2152 1065 2196 suas
1087 2135 1349 2197 offerens
1382 2134 1632 2196 divitias.
1672 2133 2062 2217 llzec,inquit,

420 2220 570 2284 mihi
598 2224 828 2304 accipe,
868 2231 929 2285 et
960 2242 1191 2306 repone
1244 2225 1305 2286 in
1364 2224 1662 2286 thesauris
1691 2225 1934 2297 Christi,
1966 2225 2066 2307 qui

419 2330 540 2373 non
573 2322 823 2393 possunt
879 2314 1143 2395 surripi;
1204 2321 1262 2375 et
1313 2332 1389 2376 ne
1437 2312 1736 2396 despicias
1780 2314 2064 2396 animam,

420 2419 553 2482 qua;
582 2419 614 2463 a
640 2410 845 2464 sancta
903 2412 1005 2464 tua
1053 2403 1355 2484 dependet
1386 2402 1607 2475 aninza,
1643 2413 1700 2466 et
1730 2405 1930 2465 omnia
1960 2422 2065 2465 sua

418 2489 526 2552 tibi
557 2490 822 2555 dedicat.

498 2579 764 2644 XXXIV.
801 2581 1060 2644 Matrona
1089 2591 1285 2644 autem
1319 2583 1893 2645 administrationem
1926 2584 2063 2666 qui-

419 2669 643 2738 dem.ut
666 2670 975 2733 molestam
991 2680 1049 2734 et
1070 2671 1435 2751 negotiosam
1457 2672 2066 2752 rejiciens,suppliciis

418 2778 560 2822 vero
603 2760 969 2843 propositum
1026 2760 1371 2840 admittens,
1419 2761 1731 2825 dubitabat
1781 2760 2063 2843 quidnam

418 2858 580 2913 esset
605 2849 722 2913 sibi
755 2851 1119 2914 faciendum.
1181 2850 1252 2913 Et
1313 2851 1595 2913 Bassiano
1635 2852 1879 2929 quidem
1934 2870 2061 2913 rem

419 2940 847 3017 communicat,
882 2948 941 3003 et
971 2940 1172 3003 audita
1206 2942 1335 3022 ejus
1360 2941 1899 3021 sententia,accipit
1930 2960 2064 3022 quae

418 3028 613 3091 oblata
643 3029 901 3103 fuerant,
937 3036 995 3092 et
1027 3048 1096 3093 ex
1150 3029 1417 3111 pecuniis
1474 3032 1722 3110 quidem
1784 3032 2060 3111 quasdam

414 3124 702 3178 consumit
732 3122 790 3178 in
823 3124 1155 3180 monasterii
1183 3123 1459 3180 faciendis
1497 3126 1805 3193 operibus:
1842 3131 1905 3180 ut
1942 3138 2063 3195 qua».

418 3207 853 3268 monasterium
887 3206 1132 3285 quidem
1168 3225 1338 3269 muro
1362 3207 1850 3281 cireumdcderit,
1886 3209 2059 3269 trium

417 3307 616 3357 autem
647 3271 1051 3357 tabulatorum
1087 3295 1486 3357 habitaculum
1520 3271 1893 3360 exstruxerit.
1931 3271 2125 3360 Pri—C

418 3401 582 3445 mum
608 3384 857 3465 quidem
893 3397 953 3446 et
982 3394 1155 3447 terra:
1206 3386 1631 3466 propinquum,
1686 3386 1840 3467 quod
1874 3395 1962 3447 cst
1992 3385 2065 3449 ad

415 3473 695 3554 sepulcra
729 3472 1422 3537 deﬁnitum.Secundum
1457 3488 1653 3536 autem
1689 3484 1747 3538 et
1776 3477 2060 3552 medium,

414 3562 575 3643 quod
597 3570 687 3624 est
705 3574 904 3643 aptum
926 3563 998 3625 ad
1026 3563 1436 3644 hiemandum,
1464 3572 1520 3625 et
1542 3563 1718 3626 habet
1750 3566 2059 3644 templum,

415 3652 577 3732 quod
609 3659 703 3714 est
734 3671 804 3714 eo
842 3661 1111 3732 tempore
1140 3655 1443 3734 aptum,ad
1472 3655 1625 3733 quod
1653 3655 2060 3719 conveniatur.

412 3740 687 3803 Tertium
724 3759 868 3804 vero
896 3751 957 3804 et
988 3751 1377 3824 postremum,
1407 3742 1562 3824 quod
1600 3744 1790 3823 ipsum
1827 3764 2064 3826 quoque

415 3829 642 3912 templo
670 3839 921 3894 ornatur
944 3832 1438 3912 pulcherrimo,et
1456 3840 1545 3895 est
1569 3833 1816 3914 pulchre
1831 3851 2064 3897 accom-

410 3918 717 3982 modatum
750 3921 822 3983 ad
858 3938 960 3984 ver
987 3920 1111 3983 illic
1142 3921 1616 4002 agenduanuaa
1645 3923 1885 4006 quidem
1921 3942 2062 4005 per-

411 4016 657 4070 manent
690 4027 881 4091 usque
933 4010 996 4071 in
1044 4010 1403 4073 hodiernum
1457 4012 1642 4089 diem,
1679 4013 2061 4095 praedicantia

410 4105 825 4178 sumptuosam
860 4107 924 4161 et
951 4099 1324 4177 magnificam
1356 4101 1835 4166 tediﬁcationem.
1873 4102 1939 4164 In
1969 4102 2062 4164 his

409 4185 679 4267 quidem,
713 4188 872 4251 sicut
904 4191 1129 4253 dictum
1165 4198 1278 4264 est,
1327 4202 1694 4272 consumpta:
1723 4201 1864 4255 sunt
1901 4211 2059 4253 non-

407 4276 589 4341 nullae
617 4279 887 4360 pecunia)
909 4279 1254 4342 Athanasiae
1276 4299 1293 4342 :
1318 4280 1579 4363 reliquas
1627 4289 1824 4345 autem
1851 4281 2060 4342 distri-

408 4364 537 4429 buit
567 4368 964 4445 monasteriis,
994 4387 1125 4452 qua;
1148 4378 1319 4432 erant
1340 4369 1790 4451 Hierosolymis,
1825 4378 1883 4431 et
1903 4369 2059 4444 aliis,

407 4474 543 4536 quin
565 4475 771 4518 rerum
795 4458 1274 4521 necessariarum
1299 4458 1647 4520 laborabant
1672 4459 2060 4538 inopia,bono

407 4544 696 4609 Marcello
725 4546 800 4608 ad
831 4547 958 4611 haec
993 4548 1089 4629 pie
1140 4548 1527 4611 inserviente.
1560 4545 1631 4607 Et
1684 4548 1771 4608 sic
1820 4547 2059 4628 quidem

2153 622 2350 697 τροφῆς
2394 618 2482 675 καὶ
2540 619 2676 693 μετά
2732 618 2831 684 τὴν
2875 616 3075 697 τροφὴν
3133 613 3429 690 ποιουμένη
3494 613 3583 668 καὶ
3624 608 3796 667 τᾶλλα

2154 705 2253 764 ὅσα
2316 704 2535 783 δύναμις
2593 708 2901 783 μιμουμένη
2976 711 3076 773 τῆς
3135 704 3422 781 μακαρίας.
3490 701 3581 759 Ἐν
3622 703 3797 773 τούτῳ

2152 794 2207 851 δὲ
2253 794 2413 864 οὔσης
2461 800 2625 865 αὐτῆς
2657 800 2745 853 καὶ
2792 798 3029 875 εὐπρεπῆ
3073 794 3339 865 ζητούσης
3400 793 3498 859 τὴν
3558 792 3664 848 ἀπὶ
3706 795 3800 846 τοῦ

2154 893 2522 948 αονοικοῦντος
2592 885 2869 960 διάζευξιν,
2945 882 3143 941 τοιόνδε
3202 906 3254 939 τι
3300 882 3625 961 συνηνέχθη,
3683 879 3799 935 λίαν

2154 976 2499 1054 εὖπρόσωπον
2584 976 2894 1055 παρέχοντα
2976 972 3319 1050 ἀπαλλαγήν.
3381 969 3798 1047 Ἀποδημούσης

2153 1067 2254 1143 γὰρ
2298 1065 2523 1139 ταύτης,
2587 1066 2660 1125 ὡς
2707 1069 2733 1120 ὁ
2795 1064 2954 1139 λόγος
3013 1065 3212 1142 φθάσας
3273 1059 3582 1136 ἐδήλωσεν,
3644 1059 3798 1119 οὗτος

2155 1153 2525 1219 πολυδάπανος
2570 1153 2645 1212 ὢν
2688 1154 2780 1210 καί
2827 1156 2919 1209 τὸν
2963 1154 3159 1231 τρόπον
3229 1150 3549 1221 ἀκόλαστος,
3608 1152 3799 1206 πλείο-

2154 1267 2236 1301 σιν
2289 1246 2492 1324 ἐχρῆτο
2533 1258 2654 1309 τοῖς
2699 1244 3071 1316 ἀναλώμασιν.
3110 1240 3199 1301 Ἐν
3242 1243 3435 1312 ἀπορίᾳ
3475 1242 3647 1296 τοίνυν
3698 1240 3800 1295 αῦ-

2151 1340 2259 1390 τῶν
2308 1336 2594 1412 γενόμενος
2636 1333 2800 1390 πείθει
2844 1334 2934 1389 τὸν
2988 1330 3183 1410 παῖδα,
3211 1329 3376 1408 λάθρα
3408 1352 3457 1385 τι
3488 1331 3593 1385 τῶν
3635 1327 3801 1385 κιϐω-

2151 1424 2275 1479 τίων
2354 1423 2637 1503 ὑφελέσθαι
2729 1428 2835 1479 τῶν
2918 1421 3015 1488 τῆς
3088 1419 3398 1492 δεσποίνης,
3476 1420 3563 1474 καὶ
3630 1418 3803 1490 τούτῳ

2151 1526 2542 1589 προσαγαγεῖν.
2592 1511 2764 1591 ’Ὅπερ
2798 1512 3084 1588 γενόμενον
3137 1513 3234 1568 οὒκ
3283 1508 3434 1563 ἔλαθε
3494 1508 3593 1575 τὴν
3635 1507 3801 1583 θερά-

2151 1623 2345 1657 παιναν
2393 1601 2429 1670 ἢ
2490 1603 2554 1658 τὰ
2599 1602 2693 1668 τῆς
2752 1602 2935 1679 κυρίας
2995 1599 3329 1677 φυλάττουσα
3395 1599 3460 1665 ἧν
3499 1617 3512 1632 ο
3567 1594 3691 1673 παρ’
3732 1596 3804 1663 ἧς

2150 1689 2309 1747 πάλιν
2356 1688 2535 1758 ἐκείνη
2601 1694 2836 1765 μαθοῦσα
2881 1692 2940 1746 τὸ
2983 1688 3198 1762 λοιπὸν,
3260 1691 3335 1752 ὡς
3384 1687 3604 1762 εῦλόγου
3660 1708 3803 1764 προ-

2151 1782 2363 1845 φάσεως
2394 1777 2713 1858 δραξαμένη,
2769 1779 2992 1836 παντοία
3051 1779 3117 1846 ἧν
3173 1777 3209 1844 ἦ
3269 1776 3554 1834 Ἀθινπισία
3598 1797 3800 1855 μηχα-

2152 1868 2366 1943 νωμένη
2412 1868 2511 1934 τὴν
2571 1867 2835 1941 διάλυσιν,
2882 1871 2968 1924 καὶ
3013 1866 3162 1932 τέλος
3215 1868 3305 1923 τὸν
3356 1865 3513 1944 ἀνδρα
3570 1865 3803 1921 πείσασα

2152 1960 2212 2014 τὸ
2268 1957 2403 2014 πολὺ
2462 1979 2517 2014 τε
2563 1958 2660 2026 τῆς
2705 1959 2883 2020 οὗσίας
2936 1961 3020 2014 καὶ
3052 1955 3338 2014 ἐπιϐάλλον
3384 1960 3516 2030 αὖτῇ
3547 1976 3802 2031 συγκομι-

2152 2046 2361 2121 σαμένη
2418 2052 2486 2122 τῇ
2560 2048 2824 2123 Ματρώνῃ
2855 2047 2952 2113 τὴν
2985 2045 3179 2111 ’ἑαυτῆς
3223 2045 3526 2120 ἐμπιστεῦει
3588 2045 3799 2123 ψυχὴν,

2152 2137 2239 2193 καὶ
2291 2135 2651 2215 προσελθοῦσα
2708 2135 2805 2193 καί
2862 2138 2954 2192 τὸν
3041 2134 3268 2193 πλοῦτον
3326 2133 3458 2209 αὒτῇ
3516 2155 3802 2210 προσαγα-

2147 2233 2337 2305 γοῦσα,
2385 2223 2525 2281 Λάϐε
2570 2248 2705 2300 μοι,,
2734 2224 2859 2305 ἔφη,
2904 2230 3070 2280 ταῦτα
3116 2226 3201 2281 καὶ
3244 2236 3362 2287 τοῖς
3417 2223 3633 2290 ἀσύλοις
3692 2245 3804 2280 καοο

2148 2315 2308 2374 τάθου
2364 2321 2457 2370 τοῦ
2542 2321 2770 2391 Χριστοῦ
2853 2318 3148 2391 θησαυροῖς
3184 2333 3200 2349 ·
3264 2314 3357 2368 καί
3417 2313 3496 2388 μὴ
3559 2311 3803 2388 περιίδῃς

2149 2405 2336 2483 ψυχὴν
2367 2409 2467 2469 τῆς
2496 2404 2592 2471 σῆς
2624 2406 2777 2481 ἁγίας
2810 2403 3140 2483 ἐξεοχοομένην
3172 2406 3357 2483 ψυχῆς
3394 2404 3478 2458 καὶ
3516 2425 3596 2458 σοι
3626 2404 3802 2459 πάντα

2149 2492 2214 2550 τά
2242 2494 2361 2549 καθ’
2388 2494 2583 2555 ἑαυτὴν
2614 2493 3015 2559 ἀνατιθείσης,ιι

2231 2582 2367 2644 ΛΔ¹,
2417 2582 2483 2638 Ἠ
2520 2583 2781 2654 Ματρώνα
2811 2580 2865 2637 δὲ
2895 2584 2958 2638 τὸ
2990 2583 3090 2656 μὲν
3121 2583 3239 2659 περὶ
3281 2588 3380 2647 τὴν
3425 2581 3681 2648 διοίκησιν
3727 2583 3803 2647 ὡς

2150 2671 2390 2752 ὀχληρὸν
2420 2674 2506 2728 καὶ
2540 2671 2775 2751 ἄσχολον
2829 2670 3271 2746 ἀποϐαλλομένη,
3321 2671 3699 2751 ἀποδεχομένη
3746 2670 3803 2727 δὲ

2147 2764 2244 2820 τὴν
2298 2763 2460 2818 ἱκέτιν
2506 2766 2603 2827 τῆς
2656 2763 3022 2837 προαιρέσεως
3080 2761 3135 2815 ἐν
3195 2761 3381 2838 ἀπόρῳ
3410 2771 3534 2840 γοῦν
3584 2767 3634 2817 τί
3685 2762 3799 2841 χρὴ

2147 2852 2428 2908 καθίστατο
2485 2848 2899 2929 διαπράξασθαι.
2965 2857 3245 2908 Κοινοῦται
3314 2858 3592 2929 τοιγαροῦν
3652 2858 3804 2907 Βασ-

2145 2947 2312 3013 σιανῷ
2369 2941 2434 2996 τὰ
2500 2942 2593 2995 τοῦ
2649 2940 2964 3017 πράγματος
3023 2941 3110 2995 καὶ
3165 2939 3392 3017 γνώμην
3459 2938 3584 3016 παρ’
3643 2941 3806 2996 αῦτοῦ

2146 3027 2379 3086 λαϐοῦσα
2415 3027 2632 3109 δέχεται
2682 3030 2745 3086 τὰ
2790 3028 3215 3108 προσενεχθέντα
3245 3030 3336 3085 καί
3381 3051 3498 3084 τινα
3543 3030 3640 3103 μὲν
3694 3032 3804 3085 τῶν

2145 3118 2448 3198 χρημάτων
2481 3120 2553 3180 εἷς
2586 3117 2715 3195 ἔργα
2759 3118 2823 3173 τά
2856 3120 2989 3173 κατὰ
3034 3120 3133 3184 τὴν
3169 3120 3340 3191 μονὴν
3396 3117 3687 3190 ἀναλίσκει,
3738 3120 3805 3175 τὸ

2147 3209 2475 3285 ἀσκητήριον
2506 3217 2603 3281 μὲν
2655 3205 3053 3285 διατειχίσματι
3110 3205 3362 3261 κυκλόθεν
3414 3204 3800 3282 περιλαϐοῦσα,

2148 3297 2440 3376 τριώροφον
2498 3294 2551 3351 δὲ
2604 3295 2934 3370 ἀσκητήριον
2976 3293 3303 3369 δειμαμένη.
3363 3296 3434 3351 Τὸ
3492 3294 3590 3365 μὲν
3643 3297 3802 3369 πρῶ-

2147 3407 2238 3442 τον
2288 3387 2372 3441 καὶ
2433 3386 2549 3460 περὶ
2610 3389 2712 3459 γῆν
2771 3385 2902 3461 πρὸς
2963 3383 3161 3461 τάφους
3222 3383 3614 3461 ἀφωρισμένον,
3648 3384 3708 3439 τὸ
3741 3383 3801 3440 δὲ

2148 3472 2269 3549 μετ’
2320 3474 2498 3529 έκεῖνο
2554 3474 2643 3529 καὶ
2700 3471 2862 3547 μέσον
2907 3475 3171 3551 χειμάσαι
3218 3493 3273 3527 τε
3304 3471 3555 3549 ἁρμόδιον
3608 3472 3663 3529 ὅν
3709 3475 3803 3529 καὶ

2146 3566 2271 3621 ναὸν
2315 3563 2445 3643 ἔχον
2504 3562 2558 3617 ἐν
2603 3566 2773 3637 καιρῷ
2842 3582 3067 3633 τοιουτιρ
3128 3562 3261 3638 πρὸς
3333 3560 3540 3625 σύναξιν
3600 3560 3802 3629 ἐπιτήο

2145 3653 2282 3711 δειον
2317 3670 2331 3683 '
2378 3654 2439 3709 τὸ
2503 3651 2557 3708 δὲ
2616 3652 2789 3727 τρίτον
2834 3652 2930 3707 καί
2988 3650 3325 3729 τελευταῖον,
3381 3651 3470 3706 καὶ
3513 3652 3639 3705 αὑτὸ
3687 3656 3806 3724 ναῷ

2144 3741 2413 3815 καλλίστῳ
2458 3741 2833 3816 κοσμούμενον
2878 3741 2963 3796 καὶ
3008 3740 3139 3817 πρὸς
3179 3753 3239 3795 το
3295 3739 3516 3816 ὲάρίζειν
3566 3742 3621 3794 εὖ
3674 3736 3804 3796 δια-

2145 3833 2422 3904 κείμενον.
2481 3831 2552 3887 "A
2612 3829 2708 3886 καί
2753 3830 2826 3893 εἱς
2890 3828 3041 3906 δεῦρο
3100 3828 3337 3903 διαμένει
3381 3828 3707 3907 κηρύττοντα
3736 3831 3805 3886 τὸ

2144 3920 2431 4002 φιλότιμόν
2475 3940 2534 3976 τε
2585 3920 2674 3976 καὶ
2731 3918 3142 3995 μεγαλοπρεπὲς
3192 3920 3291 3983 τῆς
3337 3917 3645 3993 οἰκοδομῆς,
3705 3919 3805 3976 Ἐν

2142 4011 2348 4074 τούτοις
2407 4009 2530 4085 μὲν⁹
2575 4008 2755 4082 ὥσπερ
2802 4006 3042 4083 εἴρηται²
3098 4005 3211 4062 ἔνια
3258 4012 3367 4062 τῶν
3411 4012 3513 4075 τῆς
3562 4005 3800 4065 Ἀθανα-

2144 4102 2258 4162 σίας
2320 4097 2575 4165 ἀνηλώθη
2619 4097 2925 4176 χρημάτων
2953 4115 2969 4132 ⁶
3005 4096 3069 4151 τὰ
3113 4093 3159 4150 δ’
3193 4094 3330 4153 ἄλλα
3359 4098 3491 4173 πρὸς
3544 4119 3601 4154 τε
3645 4099 3712 4154 τὰ
3740 4100 3802 4153 ἓν

2144 4180 2539 4267 Ἱεροσολύμοις
2600 4198 2826 4259 σεμνετα
2884 4183 3115 4259 διένειμε
3175 4188 3552 4264 μοναστηρίοις
3584 4208 3642 4244 τε
3671 4186 3801 4244 ἑτέ..

2144 4301 2255 4356 pot;
2313 4276 2503 4340 ἰνδεῶς
2551 4273 2738 4354 ἔχουσι
2797 4274 2885 4329 καὶ
2942 4274 3062 4335 τοῖς
3118 4272 3297 4340 ἄλλως
3352 4276 3459 4332 τῶν
3492 4276 3802 4354 ἀναγκαίων

2142 4364 2529 4445 ἀπορουμένοις
2590 4361 2901 4439 Μαρκέλλου
2960 4364 3090 4443 πρὸς
3138 4370 3307 4420 ταῦτα
3360 4372 3451 4422 τοῦ
3508 4363 3802 4424 σπουδαίου

2142 4455 2400 4536 φιλοθεως
2462 4454 2923 4531 δπηρετησαντος.
2985 4446 3049 4510 Ἦ
3129 4451 3423 4511 Ἀθανασία
3505 4457 3600 4524 μὲν
3677 4455 3796 4535 οῦν,

2142 4547 2214 4608 ὡς
2246 4542 2483 4621 εἴρηται,
2541 4540 2773 4599 πλοῦτον
2827 4540 3172 4599 ἀποϐαλοῦσα
3214 4545 3305 4599 τὸν
3348 4543 3534 4621 ῥέοντα
3567 4543 3800 4606 πλοῦτον

402 4633 771 4717 Athanasia,
795 4636 1058 4719 amissis,
1079 4656 1210 4720 quia
1232 4637 1447 4711 ﬂuunt,
1473 4636 1718 4715 divitiis,
1750 4638 2062 4718 acquisivit

2150 4632 2408 4714 ἄφθαρτον
2437 4632 2795 4702 ἀνεκτήσατο.

405 4722 662 4801 divitias,
698 4725 761 4787 in
791 4745 940 4808 quas
968 4744 1089 4789 non
1120 4725 1281 4788 cadit
1308 4725 1608 4790 interitus.

485 4811 727 4879 XXXV.
759 4813 906 4879 Cum
969 4815 1310 4897 quindecim
1367 4824 1561 4877 autem
1612 4833 1799 4878 annos
1851 4816 2060 4880 fuisset

402 4912 711 4985 superstes
740 4903 803 4966 in
838 4905 949 4968 hac
979 4904 1211 4966 vivendi
1261 4904 1515 4978 ratione,
1569 4923 1603 4965 a
1627 4907 1743 4966 vita
1778 4906 2058 4986 praesenti

404 4992 678 5071 liberata,
706 4992 849 5056 felix
869 4994 986 5057 iter
1004 4993 1078 5056 ad
1101 4992 1290 5055 Deum
1308 4994 1465 5056 iniit.
1496 4995 1592 5057 Sic
1615 5012 1755 5073 grex
1778 4997 2060 5059 Matronae

405 5081 520 5145 fuit
550 5082 975 5164 ampliﬁcatus,
1001 5083 1203 5145 multis
1233 5083 1499 5165 quotidie
1522 5083 1964 5164 accedentibus,
2000 5095 2061 5148 et

403 5171 749 5234 volentibus
801 5170 963 5253 pasci
1019 5170 1095 5234 ab
1154 5174 1264 5236 hac
1318 5173 1624 5253 magistra.
1658 5175 1801 5236 Cum
1861 5184 2057 5238 autem

409 5274 653 5331 instaret
681 5274 908 5337 tempus
929 5267 1058 5340 ejus
1082 5267 1503 5337 dissolutionis,
1525 5268 1694 5341 plana
1724 5270 2059 5330 ostendebat

402 5358 632 5427 sancta,
666 5367 734 5412 se
765 5368 957 5432 neque
989 5362 1235 5434 propter
1255 5362 1457 5435 parata
1493 5371 1676 5435 opera
1723 5353 2055 5436 perturbari

401 5439 476 5500 ad
503 5440 968 5520 separationem.
1008 5444 1291 5507 «Paratus
1315 5444 1471 5507 enim
1493 5442 1801 5526 fui,inquit
1822 5444 2056 5506 divinus

402 5526 677 5606 David,et
704 5547 825 5591 non
859 5548 988 5593 sum
1042 5533 1433 5598 conturbatus
1462 5531 1515 5591 6.
1548 5556 1576 5590 ι
1612 5532 1815 5615 Neque
1849 5552 2055 5599 rursus

476 5706 509 5758 θ
537 5708 693 5773 Psal.
731 5725 935 5787 cxvm,
971 5711 1073 5776 60.

2223 4810 2361 4871 AE'.
2400 4810 2538 4867 Δέκα
2595 4807 2651 4865 δὲ
2707 4810 2841 4887 πρὸς
2897 4824 3015 4875 τοῖς
3059 4809 3218 4867 πέντε
3267 4809 3363 4877 ἔτη
3396 4810 3451 4866 ἐν
3481 4819 3550 4889 τῇ
3601 4813 3799 4892 ἀγωγῇ

2140 4902 2308 4978 ταύτῃ
2366 4897 2701 4957 ἐπιϐιώσασα
2758 4906 2866 4956 τῶν
2920 4902 3199 4979 παρόντων
3255 4898 3638 4979 ἀπαλλαγεῖσα
3692 4904 3799 4971 τὴν

2142 4991 2404 5068 μακαρίαν
2445 4990 2577 5065 πρὸς
2624 4990 2757 5045 Θεὸν
2798 4992 3018 5066 πορείαν
3081 4988 3444 5048 ἀνεστείλατο.
3478 4991 3630 5049 Οὕτω
3688 4997 3798 5060 τῆς

2143 5081 2441 5158 Ματρώνης
2472 5080 2548 5143 εἷς
2594 5077 2906 5153 πλατοσμὸν
2955 5078 3153 5158 ἐχώρει
3206 5080 3269 5135 τὸ
3297 5084 3545 5154 ποίμνιον
3575 5081 3795 5141 πολλῶν

2143 5169 2259 5226 καθ’
2314 5170 2549 5235 ἑκάστην
2609 5169 3060 5246 προσερχομένων
3132 5168 3222 5225 καὶ
3306 5170 3408 5225 ὑπὸ
3464 5171 3799 5250 παιδαγωγῷ

2142 5261 2312 5338 ταύτῃ
2370 5259 2752 5334 ποιμαίνεσθαι
2830 5256 3192 5334 βουλομένων.
3270 5258 3423 5317 Ἐπεὶ
3492 5259 3547 5317 δὲ
3607 5264 3635 5318 δ
3690 5268 3795 5330 τῆς

2141 5350 2446 5413 ἀναλύσεως
2480 5348 2645 5413 αὗτῆς
2699 5347 3005 5424 ἐφειστήκει
3055 5350 3269 5427 καιρὸς,
3312 5346 3450 5418 δήλη
3481 5349 3546 5418 ἧν
3591 5353 3623 5420 ἡ
3672 5354 3794 5409 ὁσία

2143 5441 2282 5515 μήτε
2341 5446 2408 5515 τῇ
2469 5437 2748 5510 ἑτοιμασίᾳ
2835 5438 2942 5492 τῶν
3002 5436 3170 5517 ἔργων
3235 5440 3598 5516 τεραττομένη
3656 5445 3796 5512 πρὸς

2140 5532 2238 5599 τὴν
2299 5527 2552 5603 διάζευξιν
2589 5544 2604 5559 ⁸
2667 5550 2694 5582 (ι
2733 5518 3095 5606 Ἠτοιμάσθην
3148 5532 3269 5609 γὰρ,
3323 5553 3350 5586 ιι
3400 5535 3557 5609 φησὶν
3592 5535 3794 5599 ὀθεϊος
