4086 6416
341 372 459 439 953
1627 376 1817 441 VITA
1886 376 1949 439 S.

2069 376 2436 443 .ATRONJE.
3602 378 3723 443 954

345 509 537 584 Δαυὶδ,
578 531 601 567 α
637 514 725 569 καὶ
767 515 862 571 οὐκ
902 498 1205 593 ἐταράχθην
1242 530 1259 549 ⁸
1297 534 1320 571 ο
1359 496 1497 587 μήτε
1549 512 1707 569 πάλιν
1749 514 1842 570 τὸν
1872 535 1981 593 χω-

2083 511 2396 576 festinabat
2445 512 2678 594 sejungi
2710 534 2726 595 ;
2761 512 2910 576 illud
2953 512 3222 595 quidem,
3256 520 3323 575 ut
3351 511 3574 575 dictum
3607 521 3719 594 est,

341 602 528 681 ρισμὸν
588 600 1019 675 ἑπισπιεύδουσα,
1054 604 1116 660 τὸ
1172 602 1293 677 μὲν,
1337 601 1516 679 ὥσπερ
1549 602 1786 681 εἴρηται,
1819 603 1904 660 διὰ
1931 604 1981 660 τί

2077 607 2397 683 propterea
2424 601 2584 683 quod
2615 602 2965 677 conﬁderet,
2992 604 3108 665 hoc
3130 613 3324 665 autem
3349 619 3556 664 rursus
3586 619 3722 683 pro-

338 688 572 769 θαῤῥεϊν,
632 692 693 746 τὸ
746 687 793 746 δ’
850 690 914 747 αὗ
958 689 1118 747 πάλιν
1148 687 1233 746 διὰ
1260 693 1351 747 τοῦ
1387 691 1629 765 ποιμνίου
1683 694 1865 754 πόθον,
1900 694 1981 748 At?

2077 699 2209 771 pter
2260 710 2528 753 amorem
2560 692 2648 753 sui
2680 692 2899 771 gregis.
2934 693 3227 765 Quocirca
3272 703 3398 754 erat
3431 698 3485 754 ei
3537 689 3723 769 magis

336 780 421 835 καὶ
480 779 894 856 ἀναγκαιότερον
952 781 1019 847 ἧν
1068 783 1203 853 αὖτῇ
1258 780 1321 836 τὸ
1376 780 1658 854 ἐπιμεῖναι
1723 788 1790 857 τῇ
1842 774 1981 860 σαρκῖ

2075 782 2479 842 necessarium
2514 779 2573 841 in
2605 798 2786 843 carne
2838 798 3215 862 permanere,
3248 782 3403 843 sicut
3431 780 3578 843 dicit
3623 780 3724 842 di-

335 869 471 924 κατὰ
502 867 711 924 Παῦλον
758 871 847 924 καὶ
899 870 1061 948 χάριν
1112 876 1205 926 τοῦ
1249 867 1496 932 πλείονας
1554 868 1981 946 καταϐαλομένηι

2074 871 2249 932 vinus
2280 869 2496 931 Paulus
2527 871 2578 944 7,
2613 878 2671 931 et
2699 889 2833 932 cum
2859 871 3115 949 majores
3143 870 3425 933 subiisset
3459 869 3719 950 labores,

334 958 452 1019 τοὺς
488 960 705 1035 πόνους,
744 956 989 1019 πλείονας
1044 958 1251 1014 ἐκεῖθεν
1302 959 1392 1014 καὶ
1430 959 1552 1023 τοὺς
1600 963 1833 1038 καρποὺς
1863 958 1981 1037 δρέ-

2070 960 2234 1021 illinc
2282 978 2520 1040 quoque
2572 960 2777 1040 plures
2825 959 3051 1021 fructus
3102 960 3397 1041 accipere.
3453 961 3723 1032 Quamo-

333 1049 534 1123 ψασθαι
573 1061 587 1074 ·
648 1046 767 1103 ὅθεν
819 1046 906 1102 καὶ
977 1046 1213 1121 μείζοσιν
1273 1047 1467 1115 ἑαυτὴν
1530 1047 1799 1105 κατέτεινε
1859 1050 1981 1127 πρὸς

2069 1049 2239 1112 brem
2291 1048 2351 1109 in
2382 1049 2502 1110 ﬁne
2554 1067 2619 1111 se
2652 1048 2979 1129 majoribus
3023 1049 3340 1111 exercebat
3391 1047 3715 1128 laboribus,

331 1140 408 1209 τῷ
460 1134 603 1191 τέλει
655 1150 774 1198 τοῖς
831 1135 1048 1206 κόποις,
1085 1136 1222 1191 κατὰ
1277 1136 1399 1198 τοὺς
1449 1136 1675 1212 ἀγαθοὺς
1728 1144 1835 1194 τῶν
1865 1135 1988 1215 δρο-

333 1223 500 1303 μέων,
537 1223 732 1303 εὐχαῖς
758 1245 817 1280 τε
850 1223 1057 1280 πλείοσι
1089 1225 1176 1280 καὶ
1214 1224 1629 1302 συντονωτέραις
1651 1225 1987 1306 σχολάζουσαι

330 1314 421 1383 ἦν.

412 1402 562 1478 Ag".
625 1412 726 1461 Του
779 1409 910 1459 Θεοῦ
963 1401 1144 1477 μέντοι
1207 1400 1532 1479 βουλομένω
1591 1401 1728 1477 μηδὲ
1789 1404 1986 1471 ταύτης

334 1492 700 1570 ἀποστερῆσαι
782 1490 1072 1566 Ματρώναν
1156 1500 1252 1563 τῆς
1312 1490 1728 1571 παρακλήσεως,
1786 1493 1844 1548 τὸ
1900 1493 1985 1549 καὶ

335 1582 437 1659 πρὸ
495 1583 593 1647 τῆς
646 1580 879 1637 ἐντεῦθεν
925 1578 1242 1657 ἀπαλλαγῆς
1300 1580 1399 1646 τὴν
1437 1580 1640 1637 ἐκεῖθεν
1670 1582 1835 1648 αὐτὴν
1865 1579 1985 1637 δια-

331 1668 618 1745 δεξομένην
677 1670 875 1745 γνῶναι
952 1669 1312 1748 κατάστασιν²

2071 1139 2226 1201 sicut
2255 1136 2399 1199 boni
2445 1156 2745 1214 cursores,
2779 1148 2838 1200 et
2869 1138 3136 1219 pluribus
3168 1138 3409 1201 vacabat
3439 1137 3719 1219 precibus

2071 1238 2131 1290 et
2162 1227 2623 1291 intentionibus.

2149 1404 2407 1469 XXXVI.
2433 1408 2577 1469 Cum
2609 1404 2770 1468 Deus
2794 1415 2995 1469 autem
3025 1407 3205 1469 vellet
3234 1424 3309 1468 ne
3339 1407 3452 1469 hoc
3470 1404 3711 1487 quidem

2070 1496 2479 1558 consolatione
2503 1496 2733 1576 privare
2753 1495 3103 1577 Matronam,
3130 1504 3196 1558 ut
3224 1506 3545 1573 antequam
3575 1494 3717 1556 hinc

2071 1585 2411 1657 excederet,
2444 1594 2650 1646 nosset
2679 1587 2941 1647 futurum
2974 1586 3098 1648 illic
3128 1605 3300 1649 suum
3334 1594 3716 1658 statum,eam

1412 1668 1572 1734 ὕπνος
1648 1671 1742 1725 αὐτ
1753 1669 1815 1736 ἂν
1890 1672 1977 1725 καὶ

2069 1674 2405 1754 arripitsom
2416 1692 2546 1734 mus
2565 1677 2753 1753 major
2771 1675 3038 1751 solito,iu
3063 1694 3179 1757 quo
3210 1674 3526 1737 videbatur
3548 1672 3718 1734 obire

331 1758 498 1817 πλέεν
550 1769 645 1818 τοῦ
686 1760 940 1828 συνήθους
970 1755 1252 1833 λαμϐάνει,
1284 1759 1331 1832 ᾧ
1377 1755 1547 1814 ἐδόκει
1593 1759 1761 1816 τόπον
1821 1780 1978 1838 περι-

2069 1759 2288 1837 locum,
2323 1762 2591 1843 pulchris
2620 1763 2945 1826 admodum
2977 1755 3291 1826 arboribus
3320 1765 3720 1842 consitum,et

332 1849 466 1907 ιὲναι
527 1846 755 1926 δένδρεσι
833 1848 931 1921 μὶν
1009 1848 1249 1910 ἐκτόπως
1330 1851 1649 1926 κατάφυτον,
1710 1846 1858 1904 ὕδασί
1925 1870 1981 1904 τε

2069 1852 2162 1929 qui
2222 1850 2397 1928 aquis
2455 1852 2817 1930 irrigabatur
2874 1853 3263 1928 suavissimis,
3317 1862 3376 1915 et
3425 1851 3716 1933 praedium

329 1937 651 2017 κατάρῤυτον
701 1936 981 2006 ἡδυτάτοις
1058 1940 1154 1994 καί
1235 1935 1411 2011 πολλῇ
1493 1936 1594 2012 ὅσῃ
1654 1938 1749 1994 τὸν
1805 1937 1981 2017 χῶρον

2069 1939 2436 2020 iucunditate
2485 1942 2739 2003 maxima
2769 1941 3280 2004 circumdantibus
3316 1962 3329 2004 :
3377 1942 3438 2003 in
3469 1960 3587 2023 quo
3613 1959 3716 2003 as-

326 2026 741 2107 περιϐἀλλουσιν
798 2028 985 2102 ἡδονῇ,
1051 2027 1104 2082 ἐν
1187 2028 1234 2098 ᾧ
1291 2024 1542 2102 γυναῖκές
1606 2047 1738 2089 τινες
1796 2027 1984 2100 σεμναὶ

324 2120 416 2175 καὶ
480 2117 697 2191 κόσμιαι
749 2120 1097 2193 παρεστῶσαι
1140 2113 1236 2171 καί
1269 2114 1417 2193 σοιφῆ
1467 2118 1565 2182 τῆς
1619 2116 1810 2193 ἀρετῆς
1842 2115 1982 2193 ἴχνη

324 2208 591 2264 δεικνῦσαι
678 2219 795 2270 τοῖς
883 2210 1190 2283 προσώποις
1275 2204 1444 2259 οἰκίαν
1514 2206 1635 2260 τινὰ
1710 2203 1985 2282 ὲνδοτέραν

328 2296 561 2370 ἐῴκεσαν
604 2298 742 2371 αὐτῇ
800 2295 869 2369 τῇ
926 2294 1070 2373 χειρὶ
1128 2292 1381 2349 δεικνύειν
1431 2292 1713 2371 ἀπορρήτῳ
1770 2292 1979 2366 κάλλει,

335 2386 424 2441 καὶ
483 2382 586 2459 οἴῳ
649 2382 788 2459 μήτε
847 2382 1180 2460 ἀνθρωπίνην
1245 2395 1412 2460 χεῖρα
1464 2381 1809 2460 ἐργάσασθαι,
1846 2385 1984 2457 μήτε

344 2473 586 2552 γλῶσσαν
660 2477 803 2530 εἶναι
847 2471 1072 2538 δυνατὴν
1132 2469 1490 2550 ἐξηγήσασθαι
1548 2471 1985 2548 κατεσκευασμέ-

338 2586 436 2630 νην
463 2582 476 2595 '
527 2565 613 2620 καὶ
657 2559 785 2640 παρ’
811 2561 975 2629 αὒτὴν
1006 2559 1228 2617 ἐκάλουν
1287 2559 1543 2617 εἰσελθεῖν
1597 2561 1698 2627 τὴν
1758 2561 1984 2640 Ματρώ-

330 2676 424 2710 ναν
480 2653 581 2719 σὴν
643 2652 787 2709 εἶναι
823 2650 1020 2717 ταύτην
1079 2649 1333 2727 λέγουσαι
1392 2652 1479 2706 καὶ
1511 2651 1593 2707 σοὶ
1623 2648 1747 2707 κατ’
1779 2649 1983 2728 ἐξαίρε-

329 2764 419 2799 τον
450 2742 760 2822 ἀφωρίσθαι,
834 2742 1216 2796 Διυπνισθεϊσα
1273 2737 1328 2795 δὲ
1388 2740 1497 2807 ὃπη
1555 2745 1712 2796 τείνει
1765 2742 1825 2798 τὸ
1857 2739 1984 2820 ὄναρ

328 2833 517 2905 συνίει,
554 2832 683 2910 εἶχέ
740 2851 797 2886 τε
855 2827 1146 2905 λαμϐάνειν
1177 2830 1250 2892 εἰς
1299 2828 1472 2885 πίστιν
1526 2830 1689 2886 ὁποῖα
1721 2831 1856 2905 μετὰ
1884 2831 1983 2898 τὴν

326 2918 530 2977 ἐνθένδε
562 2918 880 2997 ἀπαλλαγὴν
913 2916 978 2973 τοὶ
1033 2916 1348 2991 ἐκδεξόμενα
1391 2917 1589 2985 ταύτην
1632 2917 1804 2982 ἔσται.
1837 2924 1982 2974 Παν-

326 3012 413 3071 τὸς
474 3010 565 3065 οὖν
596 3016 688 3065 τοῦ
719 3013 815 3077 τῆς
841 3012 987 3079 ζωῆς
1032 3007 1230 3087 χρόνου
1260 3008 1333 3070 εἰς
1386 3007 1576 3063 ἑκατὸν
1626 3007 1759 3084 αὒτῇ
1786 3006 1979 3084 διαμε-

325 3098 634 3177 τρηθέντος,
680 3096 733 3163 ἐξ
764 3098 836 3154 ὦν
869 3097 1044 3153 εἴκοσι
1103 3097 1255 3171 μόνοι
1306 3098 1637 3176 τυγχάνουσι
1699 3098 1827 3176 πρὸς
1861 3111 1977 3163 τοῖς

326 3189 507 3258 πέντε,
573 3186 655 3266 ἐφ’
712 3187 801 3250 οἷς
858 3188 885 3242 ὁ
917 3188 1176 3261 κοσμικὸς
1222 3186 1384 3253 αὐτὴν
1418 3186 1548 3265 εἶχε
1580 3187 1693 3263 βίος
1729 3202 1742 3216 ⁸
1775 3187 1894 3253 τοὺς
1923 3186 1978 3243 δὲ

324 3276 544 3339 λοιποὺς
605 3276 846 3340 ἅπαντας
902 3276 1005 3342 τὴν
1065 3277 1199 3332 κατὰ
1257 3283 1469 3351 πνεῦμα
1529 3283 1673 3348 ζῶσα
1736 3274 1976 3346 διήνυσεν

2069 2036 2261 2090 tantes
2292 2030 2560 2110 quaedam
2591 2029 2828 2093 feminae
2848 2050 3053 2110 graves
3074 2040 3132 2093 et
3154 2032 3444 2105 honestae,
3472 2040 3530 2092 et
3550 2028 3716 2091 vultu

2069 2136 2192 2198 prae
2236 2137 2300 2180 se
2352 2119 2617 2182 ferentes
2668 2129 2875 2202 aperta
2909 2120 3143 2183 virtutis
3187 2120 3431 2201 indicia,
3464 2122 3713 2183 domum

2067 2213 2375 2283 quamdam
2407 2216 2739 2271 interiorem
2757 2218 2806 2271 ei
2833 2230 3010 2274 manu
3026 2215 3364 2272 videbantur
3386 2212 3712 2280 ostendere,

2067 2295 2290 2376 insigni
2323 2298 2795 2378 pulchritudine.
2834 2307 2894 2361 et
2915 2298 3151 2380 qualem
3187 2317 3298 2360 nec
3329 2298 3589 2360 humana
3612 2316 3717 2377 po-

2071 2399 2402 2449 testmanus
2433 2391 2680 2459 efﬁcere,
2705 2408 2892 2464 neque
2922 2392 3119 2463 lingua
3151 2392 3717 2451 narrare.Voccbant

2066 2483 2267 2535 autem
2303 2472 2650 2543 Matronam,
2680 2486 2741 2537 ut
2765 2476 2908 2537 illuc
2928 2475 3367 2557 ingrederetur,
3393 2477 3663 2538 dicentes
3697 2498 3710 2535 :

2067 2562 2212 2625 Haec
2242 2572 2333 2626 est
2385 2574 2507 2640 tua,
2543 2573 2600 2626 et
2633 2564 2740 2626 tibi
2789 2568 3092 2647 praecipue
3121 2566 3387 2628 definita.
3423 2564 3470 2627 E
3504 2582 3715 2628 somno

2067 2671 2211 2715 vero
2242 2656 2512 2725 excitata,
2544 2654 2840 2719 intellexit
2869 2673 3155 2736 quorsum
3181 2656 3480 2717 somnium
3512 2654 3718 2717 tende-

2067 2750 2182 2819 ret,
2228 2746 2394 2818 quod
2447 2743 2505 2805 ei
2562 2742 2740 2805 [idem
2790 2744 3043 2807 faciebat
3100 2763 3310 2806 eorum
3363 2763 3498 2825 quae
3544 2753 3717 2809 erant

2066 2841 2367 2907 secutura,
2405 2840 2713 2913 postquam
2748 2852 2820 2895 ex
2860 2833 2969 2896 hac
3000 2833 3115 2896 vita
3149 2834 3532 2897 excessisset.
3568 2833 3713 2896 Cum

2067 2928 2252 2982 totum
2306 2940 2448 3000 ergo
2492 2922 2616 2983 vita:
2676 2930 2913 3003 tempus
2944 2922 3000 2984 ei
3059 2922 3415 3003 perductum
3449 2930 3611 2984 esset
3639 2921 3714 2985 ad

2064 3010 2461 3072 centesimum
2533 3029 2779 3083 annum,
2842 3020 2902 3072 et
2961 3011 3122 3073 solos
3193 3011 3438 3092 quidem
3509 3011 3715 3092 viginti

2063 3100 2331 3182 quinque
2361 3118 2552 3161 annos
2582 3104 2639 3161 in
2697 3105 2813 3162 vita
2845 3101 3226 3180 transegisset
3256 3101 3575 3175 mundana,
3607 3119 3711 3163 re-

2065 3189 2259 3270 liquos
2288 3198 2485 3251 autem
2529 3189 2591 3250 in
2624 3188 2899 3269 spiritali,
2937 3191 3076 3253 hinc
3110 3191 3379 3270 migravit
3405 3190 3478 3252 ad
3502 3189 3711 3253 Chris-

2063 3288 2210 3353 tum,
2246 3297 2422 3360 quem
2475 3278 2878 3354 desiderabat,
2912 3279 3140 3343 relictis
3186 3280 3549 3359 actionibus,
3582 3298 3715 3360 quas

323 3368 572 3445 ἀγωγὴν,
619 3368 681 3423 τὰ
744 3365 962 3423 ἐνταῦθα
1006 3363 1237 3421 λιποῦσα
1298 3366 1431 3443 πρὸς
1502 3366 1592 3422 τὸν
1652 3367 1977 3441 ποθούμενον

2069 3367 2134 3430 ab
2168 3368 2450 3429 omnibus
2480 3367 2722 3448 quidem
2756 3368 3052 3432 habentur
3106 3368 3166 3431 in
3197 3369 3421 3447 insigni
3447 3369 3714 3431 admira-

320 3455 453 3532 αὕτη
516 3457 743 3534 Χριστὸν
800 3452 1062 3528 ἐξεδήμει,
1133 3453 1351 3531 πράξεις
1417 3452 1785 3512 καταλιποῦσα
1836 3456 1979 3524 παρᾶ

321 3545 534 3600 πάντων
593 3545 689 3619 μὲν
754 3541 1106 3621 διαφερόντως
1162 3543 1594 3623 θαυμαζομένοις,
1654 3544 1865 3622 ὀλίγους
1923 3542 1978 3600 δὲ

323 3637 457 3713 πρὸς
519 3637 748 3711 μίμησιν
804 3634 1098 3712 ὑπάγεσθαι
1180 3631 1492 3708 δυναμένας,
1581 3636 1739 3691 σιῦτὸν
1790 3638 1835 3709 ᾧ
1894 3635 1979 3691 καὶ

326 3725 594 3804 προιῆλθε
648 3725 871 3800 Χριστὸν
955 3722 1039 3782 δια
1113 3724 1308 3785 παντὸς
1396 3724 1706 3780 ἱκετεύουσα
1764 3725 1980 3803 εἰρήνην

324 3836 383 3871 τε
439 3815 566 3878 ταῖς
627 3812 945 3880 ἐκκλησίαις
1005 3811 1340 3889 δωρήσασθαι
1386 3813 1472 3867 καὶ
1529 3815 1682 3869 παντὶ
1743 3816 1819 3886 τῷ
1865 3810 1978 3886 λαῷ

326 3907 488 3962 αὗτοῦ
517 3904 803 3979 σωτηρίαν,
858 3900 950 3958 ἕνα
1004 3902 1189 3956 τοῦτον
1256 3902 1349 3967 τῆς
1398 3899 1694 3977 ἀδιαιρέτου
1756 3899 1976 3982 Τριάῖος

327 3990 619 4067 δοξάζοντι,
671 3992 708 4069 ᾗ
764 3991 850 4050 καὶ
907 3989 1096 4069 πρέπει
1137 3996 1278 4047 πᾶσα
1339 3988 1487 4068 δόξα,
1522 3993 1650 4065 τιμὴ
1681 3994 1769 4048 καὶ
1808 4014 1974 4069 προσ-

327 4083 549 4150 κύνησις
596 4090 683 4137 νῦν
740 4083 827 4138 καὶ
860 4081 972 4155 ἀεὶ,
1006 4078 1099 4136 καί
1136 4081 1208 4143 εἰς
1264 4080 1386 4146 τοὺς
1443 4082 1637 4147 αἰῶνας
1693 4082 1799 4138 τῶν
1847 4081 1978 4137 αἰώ-

330 4194 455 4231 νων.
501 4169 699 4247 Ἀμήν.

404 4349 433 4400 τ
463 4348 723 4432 Philipp.
762 4364 805 4423 ι,
837 4344 939 4421 23,
969 4344 1069 4407 ει.

2064 3458 2250 3529 tiona,
2287 3476 2507 3537 paucos
2556 3476 2694 3519 vero
2728 3475 2976 3540 possunt
3008 3458 3295 3521 inducere
3325 3459 3397 3521 ad
3444 3477 3543 3520 eas
3575 3460 3713 3521 imi-

2066 3547 2298 3623 tandus,
2358 3546 2682 3628 Christum,
2743 3548 2815 3609 ad
2863 3568 3038 3628 quem
3101 3549 3375 3624 accessit,
3426 3555 3715 3630 perpetuo

2064 3636 2319 3716 supplex
2372 3654 2612 3716 rogans,
2651 3644 2714 3697 ut
2772 3636 2873 3698 det
2904 3656 3109 3717 pacem
3170 3638 3464 3712 ecclesiis,
3497 3647 3556 3701 et
3612 3638 3716 3699 toti

2067 3727 2284 3807 populo
2344 3743 2450 3786 suo
2512 3726 2787 3805 salutem,
2826 3727 2927 3807 qui
2982 3746 3118 3789 eum
3177 3746 3361 3788 unum
3423 3726 3717 3805 gloriﬁcat

2062 3814 2400 3895 Trinitatis,
2434 3813 2493 3874 in
2529 3833 2704 3894 quam
2740 3834 2857 3875 non
2893 3815 3051 3876 cadit
3074 3815 3309 3890 divisio,
3336 3833 3511 3895 quam
3543 3816 3716 3879 decet

2063 3903 2262 3965 omnis
2291 3903 2501 3981 gloria,
2536 3904 2728 3965 honor
2759 3916 2819 3966 et
2850 3903 3139 3979 adoratio,
3176 3924 3334 3966 nunc
3366 3912 3425 3966 et
3447 3923 3707 3987 semper,

2063 4005 2120 4053 et
2154 3992 2212 4053 in
2248 3992 2469 4054 sazcula
2499 3993 2871 4057 saeculorum.
2906 3996 3125 4056 Amen.
