4086 6420
383 331 498 399 955

1553 335 1936 400 ADDENDA.
2005 367 2079 384 -ο
2140 337 2585 402 NOVEMBER.

1204 468 3760 507 Μ

639 615 891 702 ΒΙΟΣ
994 615 1180 702 ΚΑΙ
1270 617 1810 704 ΠΟΛΙΤΕΙΑ
1889 617 2025 704 ΤΟ

2111 620 2116 637 '
2211 617 2554 704 02101”
2633 617 3079 703 ΠΑΤΡΩΣ
3179 589 3504 707 ΗΜΩΝ

1494 842 2640 976 ΑΜΦΙΛΟΧΙΟΥ

1219 1083 1752 1138 ΕΠῙΣΚΟΠΟΥ
1838 1085 2398 1139 ΓΕΝΟΜΕΝΟΥ
2483 1090 2926 1148 ΙΚΟΝῘΟΥ.

1743 1351 1878 1434 ΕΤ
1976 1348 2754 1440 CONVERSATIO

1385 1347 1644 1434 VITA

1617 1533 1887 1599 SANCTI
1931 1533 2198 1601 PATRIS
2243 1535 2526 1602 NOSTRI

1109 1725 1844 1865 AMPHILOCHII
2000 1729 2499 1871 EPISCOPI
2649 1734 3018 1873 ICﬂNIl.

479 1949 626 2020 (Nov.
658 1950 746 2010 23.
779 1983 848 1994 -
885 1952 1058 2011 Prodit
1092 1955 1266 2012 Graece
1299 1972 1437 2014 nunc
1478 1957 1693 2030 primum
1723 1975 1785 2014 ex
1808 1959 1922 2016 cod.
1956 1975 2054 2017 ms.
2087 1977 2142 2022 n.
2191 1961 2351 2028 1554.
2377 1979 2497 2021 sec.
2528 1977 2603 2024 xv
2634 1982 2648 2030 ;
2679 1964 2858 2021 Latine
2887 1982 2951 2021 ex
2984 1961 3406 2036 interpretatione
3433 1962 3661 2033 nostra.)

473 2227 517 2292 l.
581 2231 986 2313 Amphilochii
1020 2233 1220 2304 vitam.
1255 2234 1396 2296 dum
1455 2233 1708 2296 interra
1765 2242 2025 2298 versatus

2204 2229 2289 2302 A'.
2329 2241 2424 2299 Καὶ
2453 2241 2502 2296 τί
2529 2243 2636 2294 τῶν
2668 2241 2846 2294 καλῶν
2890 2238 3036 2296 ἔσται
3094 2261 3174 2301 τις
3205 2244 3273 2315 τῇ
3307 2239 3498 2314 μνήμῃ
3527 2235 3760 2315 παραδι-

385 2327 496 2393 est,
534 2320 584 2382 si
640 2321 774 2401 quis
804 2323 1210 2402 descripserit,
1244 2323 1514 2404 praeclari
1553 2324 1694 2404 quid
1728 2325 2034 2386 memoria?

385 2409 600 2473 tradet.
633 2411 888 2473 Maximo
920 2413 1079 2474 enim
1131 2413 1353 2474 damno
1385 2413 1724 2475 afﬁceretur
1768 2412 2035 2476 Ecclesia

383 2497 686 2574 universa,
723 2507 770 2560 si
823 2501 982 2564 illius
1013 2502 1260 2565 virtutes
1314 2521 1530 2578 resque
1565 2521 1668 2582 pro
1721 2502 2032 2581 unigenito

381 2585 489 2648 Dei
511 2587 661 2650 Filio
695 2591 983 2670 praeclare
1020 2601 1200 2671 gesta:
1231 2591 1471 2653 silentio
1506 2592 2031 2671 prastermitteren-

379 2685 496 2740 tur.
557 2677 631 2742 Ut
682 2680 863 2758 igitur
918 2699 1049 2762 quae
1112 2681 1364 2762 pulchra
1421 2691 1560 2742 sunt
1613 2681 1888 2760 dilligere
1946 2691 2026 2760 et,

379 2777 664 2848 quantum
730 2769 893 2847 licet,
952 2770 1235 2832 laudibus
1297 2772 1513 2833 eil'erre
1565 2772 1898 2845 videamur,
1955 2771 2028 2834 ad

381 2857 825 2920 enarrationem
883 2860 1368 2940 progrediamur,
1402 2861 1482 2922 ita
1511 2861 1755 2941 quidem
1802 2868 1864 2922 ut
1892 2868 2030 2923 ante

379 2953 580 3008 omnia
600 2948 847 3028 patriam
875 2950 1005 3030 ejus
1036 2968 1104 3012 ac
1132 2958 1409 3029 parentes
1437 2949 2028 3021 indicemus,deinde

379 3039 509 3114 ejus
566 3039 799 3100 vivendi
831 3058 1057 3101 morem
1112 3047 1170 3100 et
1200 3039 1418 3120 quibus
1474 3039 1855 3101 familiariter
1891 3057 2030 3101 usus

378 3124 454 3186 sit
486 3128 693 3190 amicis
724 3147 1113 3209 exponamus.

457 3215 530 3277 Il.
559 3218 666 3278 Vir
715 3220 824 3281 iste
857 3228 1097 3282 sanctus
1132 3221 1375 3300 Deoque
1425 3218 1676 3280 devotus
1705 3217 1888 3279 nobili
1921 3236 2028 3297 ge-

377 3326 524 3370 nere
567 3308 859 3369 oriundus
890 3317 1062 3369 natus
1093 3318 1182 3368 est
1207 3310 1262 3369 in
1291 3306 1558 3381 Oriente,
1593 3307 1652 3368 in
1682 3315 1840 3368 terra
1870 3307 2027 3388 Cap-

377 3397 698 3478 padocum,
732 3397 1126 3460 familiaribus
1169 3410 1366 3458 autem
1400 3409 1460 3459 et
1514 3397 1722 3458 amicis
1752 3416 1894 3458 usus
1938 3405 2030 3458 est

2114 2327 2255 2404 δοὺς,
2313 2331 2355 2386 εί
2397 2331 2489 2386 τὸν
2521 2326 2881 2408 Ἀμφιλοχίου
2913 2325 3167 2408 παρέλθοι
3213 2325 3266 2382 έν
3313 2332 3430 2405 γῇς
3483 2333 3570 2400 Τῷ
3601 2327 3759 2406 μεγί.

2115 2441 2224 2490 στῳ
2275 2421 2375 2497 γὰρ
2418 2417 2683 2490 ζημιώσει
2735 2417 2951 2480 πάντως
3003 2418 3064 2473 τὸ
3122 2421 3222 2482 τῆς
3268 2415 3589 2483 Ἐκκλησίας
3619 2415 3764 2488 πλή-

2114 2529 2269 2585 ρωμα
2323 2510 2399 2582 μὴ
2456 2507 2636 2585 λόγοις
2696 2508 2761 2562 τὰ
2830 2505 3034 2566 ἐκείνου
3089 2506 3480 2585 κατορθώματα
3529 2503 3758 2584 διηγού-

2113 2620 2271 2674 μενος
2303 2599 2390 2654 καὶ
2443 2599 2507 2654 τὰ
2564 2595 2693 2672 ὑπὲρ
2736 2603 2828 2653 τοῦ
2871 2602 3189 2674 μονογενοῦς
3242 2605 3335 2654 τοῦ
3377 2602 3508 2653 Θεοῦ
3564 2592 3760 2658 Παιδὸς

2114 2687 2490 2766 ἂριστεῦματα.
2529 2685 2629 2743 Ἴν⁶
2679 2688 2768 2742 οῦν
2819 2687 2907 2742 καὶ
2967 2684 3147 2765 φιλεῖν
3189 2683 3438 2760 δόξαιμεν
3494 2686 3561 2741 τὰ
3616 2684 3762 2742 καλὰ

2113 2779 2199 2834 καὶ
2229 2777 2472 2833 ἐπαινεῖν
2503 2775 2639 2832 κατὰ
2666 2772 2908 2850 δύναμιν,
2943 2775 3084 2831 ἰτέον
3141 2777 3277 2852 πρὸς
3335 2774 3434 2840 τὴν
3477 2772 3756 2854 διήγησιν,

2113 2864 2335 2943 πατρίδα
2360 2868 2567 2944 πρῶτον
2614 2864 2854 2928 εἱπόντες
2888 2866 2975 2920 καὶ
3027 2863 3162 2920 οἵων
3207 2863 3366 2945 ἔτυχε
3414 2867 3521 2920 τῶν
3563 2884 3760 2942 γεγεν-

2113 2957 2354 3024 νηκότων
2384 2956 2604 3033 ἀγωγήν
2643 2974 2695 3010 τε
2727 2954 2866 3030 βίου,
2900 2956 2988 3011 καὶ
3013 2954 3103 3018 οἷς
3144 2953 3352 3018 ἐκεῖνος
3400 2955 3532 3034 πρὸς
3581 2952 3760 3034 φιλίαν

2111 3045 2412 3125 ἐχρήσατο.

2193 3222 2274 3281 Β’.
2309 3231 2473 3286 Οῦτος
2519 3225 2546 3279 ὁ
2574 3223 2714 3301 ἱερὸς
2746 3223 2879 3300 ἀνὴρ
2911 3221 3007 3278 καί
3035 3229 3111 3298 τῷ
3158 3229 3273 3297 Θεῷ
3321 3219 3756 3299 καθηγιασμένος

2111 3312 2331 3390 εὖγενής
2391 3312 2488 3388 μὲν
2532 3311 2597 3379 ἦν
2641 3311 2729 3367 καὶ
2762 3313 2918 3375 αὗτὸς
2969 3314 3075 3367 τῶν
3131 3310 3220 3390 ἀφ’
3270 3308 3422 3376 ἡλίου
3452 3307 3748 3382 ἀνατολῶν,

2114 3399 2478 3465 Καππαδόκης
2529 3403 2589 3458 τὸ
2639 3400 2792 3479 γένος
2825 3417 2841 3434 ⁶
2902 3411 3299 3481 συμφοιτητατς
3347 3397 3402 3454 δί
3451 3399 3540 3454 καὶ
3575 3396 3748 3476 φίλοις

377 3504 590 3577 magno
621 3485 844 3577 Basilio
876 3495 933 3547 et
961 3485 1272 3577 Gregorio,
1301 3485 1528 3577 pariter
1553 3485 2024 3577 Gappadocibus,

2114 3491 2395 3570 χρώμενος
2437 3495 2502 3560 ἧν
2550 3488 2831 3563 Βασιλείᾳ),
2893 3491 3054 3570 φημὶ,
3106 3496 3182 3564 τῷ
3240 3489 3376 3546 πάνυ
3404 3490 3490 3544 καὶ
3548 3494 3753 3566 Γρηγο-

379 3575 599 3654 pariter
627 3574 894 3636 moribus
923 3585 983 3638 et
1040 3576 1378 3638 eruditione
1411 3576 1735 3638 admodum
1770 3576 2026 3654 insigni-

378 3661 513 3724 bus.
560 3662 893 3726 Ostendunt
941 3667 1055 3729 hoc
1087 3665 1429 3728 luculenter
1463 3666 1592 3745 ejus
1623 3665 1892 3746 epistolae
1945 3665 2018 3728 ad

375 3753 656 3815 Basilium
691 3753 964 3834 Magnum
998 3757 1072 3818 de
1133 3753 1561 3835 quaestionibus
1597 3754 2030 3817 ecclesiasticis

377 3845 806 3924 perscriptm,et
828 3845 1157 3907 solutiones
1179 3844 1579 3928 quaestionum
1599 3843 1671 3905 ad
1697 3863 1830 3904 eum
1852 3845 2025 3920 data},

376 3949 507 4012 quae
553 3933 854 4015 hodieque
886 3933 1001 4015 piis
1032 3934 1380 3997 hominibus
1424 3933 1644 4013 regula
1676 3933 1862 3995 instar
1891 3953 2032 3996 con-

373 4030 708 4084 servantur.
772 4025 914 4084 Cum
978 4023 1156 4103 igitur
1213 4023 1487 4085 eamdem
1549 4041 1683 4084 cnm
1731 4022 1853 4084 illis
1913 4042 2022 4103 pa-

373 4111 546 4172 triam
601 4122 828 4186 nactus,
864 4115 1072 4176 eadem
1120 4114 1238 4176 ﬁde
1294 4132 1362 4175 ac
1416 4113 1635 4194 pietate
1676 4111 2022 4186 excelleret,

370 4219 567 4281 neque
625 4204 839 4264 viriute
869 4203 986 4263 illis
1039 4209 1242 4275 cessit,
1297 4203 1400 4263 sed
1449 4201 1694 4263 omnino
1728 4219 1836 4281 par
1893 4201 2022 4262 fuit.

378 4289 616 4353 Piorum
651 4290 812 4354 enim
844 4293 1000 4354 ﬁlius
1033 4301 1369 4370 parentum,
1399 4291 1714 4370 diligenter
1738 4291 2028 4351 educatus

376 4389 554 4460 atque
610 4381 933 4456 institutus,
997 4383 1096 4442 ubi
1158 4382 1220 4442 in
1297 4381 1484 4442 virum
1549 4379 1829 4452 adolevit,
1892 4379 2030 4456 igne

380 4488 557 4550 quem
606 4470 878 4532 Christus
931 4471 993 4532 in
1029 4483 1243 4532 terram
1300 4468 1555 4549 projecit
1600 4468 2024 4541 inﬂammatus,

373 4559 574 4638 magni
624 4558 953 4621 Abrahami
995 4558 1336 4638 exemplum
1381 4565 1646 4629 secutus,
1682 4554 1869 4634 patria
1919 4574 2023 4616 re-

370 4647 512 4709 licta
541 4656 598 4708 et
653 4647 930 4727 cognatis
960 4647 1291 4723 amicisque
1347 4645 1544 4706 valere
1565 4645 1777 4725 jussis,
1810 4663 1844 4706 a
1898 4647 2024 4706 vita;

375 4735 629 4798 tumultu
686 4737 891 4816 procul
945 4736 1173 4798 secedit
1221 4735 1282 4795 in
1332 4733 1666 4815 Lycaonum
1712 4735 2020 4813 regionem

2109 3583 2226 3660 ρίῳ,
2290 3593 2378 3638 τοτ
2435 3580 2632 3656 ὁμοίως
2679 3580 2776 3655 μὲν
2823 3577 3230 3650 Καππαδόκαις,
3292 3577 3492 3653 ὁμοίως
3548 3575 3601 3632 δὲ
3667 3579 3756 3634 καὶ

2109 3671 2206 3748 βίῳ
2239 3672 2326 3727 καὶ
2357 3669 2504 3749 λόγῳ
2552 3676 2856 3750 περιφανῶς
2903 3669 3260 3745 διαλαίμῲασι.
3318 3666 3551 3734 Δηλοῦσι
3599 3674 3755 3725 τοῦτο

2112 3761 2292 3838 σαφῶς
2356 3759 2415 3815 αἵ
2475 3781 2531 3815 τε
2575 3762 2707 3839 πρὸς
2768 3761 2860 3816 τὸν
2917 3759 3086 3836 μέγαν
3147 3757 3420 3816 Βασίλειον
3479 3756 3757 3814 ἐπιστολαῖ

2109 3853 2296 3909 τούτου
2325 3849 2651 3924 ζητημάτων
2698 3851 2856 3929 χάριν
2901 3848 3364 3913 έκκλησιαστικιῦν
3422 3847 3595 3904 αὒτῶν
3625 3869 3757 3903 συν-

2112 3944 2370 4014 τεθεῖσαι,
2418 3940 2664 3996 κὰκείνου
2723 3938 2884 3996 πάλιν
2943 3941 2994 3995 αἱ
3039 3940 3170 4016 πρὸς
3223 3938 3380 3995 αὐτὸν
3429 3935 3608 4002 λύσεις
3652 3943 3761 3993 τῶν

2113 4031 2478 4101 ζητηθέντων,
2539 4027 2600 4084 αἲ
2657 4029 2746 4085 καί
2795 4030 2868 4092 εἰς
2917 4029 3118 4084 κακόνα
3148 4041 3268 4093 τοῖς
3301 4023 3535 4082 εὐσεϐέσι
3592 4027 3763 4096 τετή-

2109 4140 2316 4197 ρηνται.
2367 4119 2475 4186 Τὴν
2534 4117 2698 4184 αὐτὴν
2742 4140 2831 4174 ουν
2891 4117 3116 4180 ἐκείνοις
3171 4115 3395 4194 πατρίδα
3448 4114 3640 4195 λαχὼν
3672 4116 3767 4171 καί

2107 4213 2207 4274 τῆς
2253 4210 2419 4275 αὐτῆς
2478 4208 2708 4270 πίστεώς
2760 4228 2817 4262 τε
2846 4207 2936 4262 καί
2964 4203 3239 4268 εὐσεϐείας
3271 4209 3459 4269 αὐτοῖς
3489 4211 3766 4261 κοινωνῶν

2109 4296 2226 4354 οὐδὲ
2287 4298 2386 4364 τὴν
2431 4298 2623 4375 ἀρετὴν
2679 4296 2923 4373 δεύτερος
2977 4296 3068 4376 ἧν,
3129 4294 3266 4351 ἀλλὰ
3300 4295 3390 4351 καί
3419 4297 3582 4361 αὐτην
3639 4295 3766 4350 ἰσο-

2112 4386 2351 4449 στάσιος,
2433 4383 2673 4443 Εὖσεϐὦν
2732 4386 2832 4463 γὰρ
2903 4385 3103 4464 γονέων
3183 4384 3342 4459 έκφὺς
3397 4385 3486 4439 καί
3545 4383 3765 4461 ἀγωγῆς

2108 4475 2293 4554 τυχὼν
2352 4474 2616 4550 ἐμμελοῦς
2678 4475 2766 4531 καί
2817 4473 3083 4546 παιδείας,
3144 4474 3286 4550 ἀνὴρ¹
3317 4471 3419 4542 ἢδη
3473 4473 3762 4550 γενόμενος

2107 4565 2183 4638 τῷ
2214 4567 2335 4643 πυρί
2364 4585 2422 4620 τε
2450 4563 2701 4644 φλεγθείς
2737 4565 2925 4638 ἐκείνῳ
2954 4565 3032 4640 τῷ
3088 4563 3177 4620 ὲπί
3225 4563 3318 4630 τῆς
3374 4563 3475 4640 γῆς
3507 4561 3762 4636 βληθέντι

2105 4655 2248 4732 παρὰ
2302 4662 2550 4730 Χριστοῦ,
2616 4657 2980 4712 απανίσταται
3040 4655 3137 4729 μέν
3194 4653 3292 4719 τῆς
3327 4649 3574 4729 πατρίδος
3623 4653 3763 4710 κατὰ

2103 4742 2194 4798 τόν
2227 4743 2394 4820 μέγαν
2442 4743 2685 4823 Ἀϐραὰμ
2735 4746 2970 4819 ἐκεῖνον,
3017 4745 3106 4800 καί
3153 4749 3422 4820 συγγενῶν
3475 4741 3562 4797 καί
3591 4740 3762 4821 φίλων

376 4824 774 4904 transmigrat.
827 4825 914 4886 Ibi
948 4835 1258 4914 postquam
1310 4834 1544 4885 antrum
1577 4823 1804 4902 reperit
1833 4823 2019 4904 quieti

2111 4832 2436 4912 ξποῤῥαγεὶς,
2525 4835 2731 4914 μακράν
2769 4856 2860 4913 ,τε
2943 4840 3050 4890 τῶν
3135 4833 3398 4908 βιωτικῶν
3489 4832 3760 4896 καταστὰς

374 4923 576 4994 aptum
602 4924 659 4974 et
677 4915 736 4975 in
765 4935 882 4994 quo
905 4915 1046 4976 satis
1071 4915 1188 4975 otio
1206 4913 1518 4994 indulgere
1537 4914 1876 4994 posset,hoc
1891 4933 2022 4975 sese

376 5003 651 5083 includit,
686 5013 743 5066 et
770 5005 897 5066 aade
929 5003 1372 5084 precationibus
1409 5003 1624 5064 idonea
1647 5003 1704 5064 in
1728 5009 2017 5065 honorem

377 5110 620 5172 semper
635 5093 876 5172 virginis
897 5094 1004 5156 Dei
1024 5092 1206 5154 Verbi
1228 5094 1432 5156 Matris
1452 5102 1734 5174 quantum
1761 5093 1890 5156 ﬁeri
1917 5113 2020 5174 po-

379 5187 494 5244 tuit
523 5183 582 5242 in
616 5182 717 5244 illo
750 5183 880 5244 loco
913 5193 1133 5256 erecta,
1168 5184 1342 5244 vitam
1378 5182 1498 5244 illic
1529 5183 1654 5244 fere
1685 5185 2014 5262 angelicam

376 5279 688 5350 transegit.
710 5271 957 5351 Hymnis
975 5273 1131 5334 enim
1157 5271 1597 5347 indesinenter,
1616 5273 1849 5351 jejunio
1877 5292 2018 5354 per-

378 5369 560 5442 petuo
607 5360 852 5436 vacavit,
887 5379 1160 5422 somnum
1221 5361 1293 5424 ad
1344 5362 1805 5442 incorporalium
1837 5363 2024 5423 instar

377 5469 683 5527 nunquam
735 5452 1166 5532 propemodum
1199 5451 1554 5531 degustavit,
1587 5450 1749 5510 humi
1807 5460 2022 5512 stratus

381 5548 439 5602 et
491 5558 706 5620 aspero
738 5541 865 5602 vitae
917 5543 1123 5621 generi
1163 5541 1454 5616 addictus,
1491 5539 1766 5619 lacrymis
1797 5549 1854 5600 et
1903 5540 2024 5602 vir-

380 5631 491 5691 tuti
519 5629 579 5691 in
605 5629 833 5691 intimis
853 5631 1033 5692 animi
1057 5631 1396 5693 recessibus
1426 5630 1751 5691 recondita;
1780 5648 2022 5711 operam

379 5719 662 5783 continua
692 5719 946 5784 navavit.
982 5723 1201 5783 Preces
1222 5721 1353 5800 ejus
1381 5718 1658 5796 assiduae,
1683 5737 1850 5782 mens
1874 5719 2024 5784 nihil

2103 4921 2334 5001 θορύϐων
2390 4924 2489 4990 τὴν
2548 4930 2653 4980 τῶν
2713 4926 2994 4980 Λυκαόνων
3055 4924 3242 5000 χώραν
3308 4918 3706 4993 καταλαμϐάνει
3741 4939 3759 4955 ·

2105 5014 2192 5068 καί
2232 5033 2283 5068 τι
2317 5012 2581 5082 σπήλαιον
2612 5013 2696 5069 ἐπ’
2760 5014 2983 5091 ἐρημίας
3045 5011 3210 5087 εὑρὼν
3257 5008 3569 5075 ἐπιτηδείως
3627 5008 3760 5089 ἕχον

2102 5101 2334 5176 μάλιστα
2403 5105 2464 5158 τὸ
2541 5103 2741 5159 ἐκείνου
2817 5100 3120 5182 φιλήσυχον
3178 5102 3516 5175 θεραπεῦσαι,
3592 5100 3763 5173 τούτῳ

2101 5191 2273 5267 φέρων
2329 5189 2512 5250 ἑαυτὸν
2568 5191 2898 5264 κατακλείει,
2979 5187 3255 5263 εὖκτήριόν
3332 5209 3390 5243 τε
3467 5188 3622 5244 οἶκον
3692 5196 3764 5266 τῇ

2105 5281 2430 5358 ἀειπαρθένῳ
2460 5291 2552 5339 τοῦ
2597 5288 2729 5336 Θεοῦ
2785 5281 2958 5356 Λόγου
3006 5278 3177 5356 Μητρὶ
3221 5277 3292 5339 ὠς
3345 5277 3469 5334 οἷόν
3523 5299 3582 5334 τε
3608 5277 3676 5346 ἦν
3711 5278 3768 5334 έν

2105 5372 2248 5443 αὖτῴ
2277 5367 2589 5449 σχεδιάσας,
2625 5371 2736 5444 βίον
2765 5369 2897 5447 ἧγεν
2955 5368 3134 5424 έκετσε
3179 5367 3354 5446 βραχὺ
3397 5373 3489 5422 τοῦ
3538 5365 3767 5445 ἀγγελι-

2107 5467 2200 5516 κοῦ
2243 5458 2582 5532 λειπόμενον.
2617 5457 2657 5485 ’¹
2667 5469 2707 5516 0
2737 5480 2794 5516 τε
2837 5459 2937 5537 γὰρ
2980 5457 3144 5532 ὕμνος
3191 5455 3333 5528 αὒτῷ
3366 5455 3525 5534 εἶχεν
3556 5455 3767 5514 ἆκατα-

2108 5549 2343 5620 παύτως,
2402 5550 2436 5616 ἡ
2496 5548 2712 5614 νηστεία
2781 5545 3204 5622 συντεταμένως,
3250 5547 3285 5613 ἡ
3349 5544 3608 5621 ἀγρυπνία
3664 5569 3766 5620 μι-

2107 5644 2232 5714 κροῦ
2261 5650 2380 5701 τοῖς
2430 5637 2678 5714 ἀσάρκοις
2732 5640 2955 5718 ὁμοίως,
3015 5638 3304 5717 χαμευνία,
3352 5632 3760 5713 σκληραγωγία,

2105 5725 2346 5807 δάκρυον,
2380 5726 2597 5808 ἐργασία
2624 5732 2659 5799 ἡ
2715 5730 2768 5788 ἐν
2825 5730 3086 5806 πνεύματι
3145 5727 3245 5793 τῆς
3305 5721 3517 5804 καρδίας
3574 5723 3763 5794 διηνε-
