4086 6410
296 415 300 418 ι
347 366 464 431 957
1353 370 1541 434 νΙΤΑ
1585 370 1640 432 S.
1691 369 1982 433 AMPHIL

2069 371 2200 432 IHII
2253 371 2702 438 ICONIENSIS.
3592 372 3710 438 958

347 503 452 572 πῆς
484 520 500 537 '
567 503 963 584 ἀπερίσπαστος
992 505 1296 585 προσευχὴ,
1335 507 1452 568 νοῦς
1504 504 1670 565 οῦδενῖ
1716 511 1822 562 τῶν
1865 506 1982 582 γηί-

2073 505 2295 569 terreni
2354 508 2618 590 sapiens,
2680 508 2910 588 integra
2966 525 3206 589 semper
3247 506 3319 569 ad
3378 506 3565 569 Deum
3597 505 3711 568 fuit

343 617 445 651 vnn
477 597 850 672 προκείμενος,
883 593 1002 650 ἀλλ’
1057 593 1181 658 ὅλος
1235 595 1316 652 ἀεὶ
1381 596 1663 674 μετάρσιος
1694 597 1824 672 πρὸς
1859 595 1982 652 Θεὸν

2071 603 2291 676 erecta,
2327 597 2440 658 hoc
2467 615 2700 659 summo
2732 598 2962 659 virtutis
3012 597 3337 679 splendore
3368 595 3705 677 praelucen-

341 684 712 762 ἐπαιρόμενος.
766 684 985 748 Τούτοις
1056 697 1174 746 τοῖς
1220 683 1402 762 ἄκροις
1461 685 1560 752 τῆς
1601 685 1791 763 ἀρετῆς
1849 707 1982 742 κατ-

2071 694 2189 747 tem
2221 685 2322 748 ubi
2355 686 2532 749 vicini
2565 696 3026 768 conspexerunt,
3077 705 3288 766 magna
3318 704 3452 748 cum
3487 684 3605 746 ﬁde
3633 684 3706 746 ad

341 773 609 848 ορθῶμασι
697 771 1066 861 διαλάμποντα
1154 775 1201 830 οἱ
1269 773 1323 828 ἐν
1380 774 1634 851 γειτόνων
1700 773 1978 850 θεώμενοι,

2069 792 2203 837 eum
2237 793 2546 838 accessere
2577 786 2751 861 atque
2779 776 3000 839 mundo
3034 777 3230 838 valere
3274 793 3520 857 prorsus
3545 775 3708 853 jusso

337 863 512 919 πίστει
569 883 626 917 τε
662 865 804 936 αὒτῷ
860 860 1038 938 πολλῇ
1083 863 1447 942 προσεφοίτων
1491 864 1646 919 παντῖ
1690 863 1766 937 τῷ
1795 863 1983 938 κόσμῳ

337 950 765 1027 ἆποτασσόμενοι
824 953 910 1008 καὶ
969 953 1058 1008 τὸν
1120 951 1280 1008 αὐτὸν
1335 949 1510 1030 τρίϐον
1563 951 1756 1008 ὁδεύειν
1804 953 1986 1030 αἱρού-

337 1062 517 1116 μενοι.
577 1042 1008 1120 Τεσσαρακοστὸν
1052 1045 1196 1114 αῦτῷ
1245 1040 1363 1105 ἔτος
1418 1040 1522 1108 ἤδη
1565 1064 1666 1098 που
1709 1044 1832 1120 περὶ
1885 1043 1986 1110 τὴν

335 1129 565 1198 ἄσκησιν
594 1130 804 1205 ἠνύετο,
839 1132 927 1186 val
957 1128 1178 1203 τελευτᾷ
1221 1131 1320 1205 μὲν
1365 1131 1457 1187 τὸν
1498 1131 1614 1207 βίον
1673 1131 1925 1198 Ἰωάννης
1957 1131 1986 1186 6

335 1218 664 1298 προεδρεύων
720 1217 843 1275 τότε
903 1225 1003 1286 τῆς
1063 1218 1332 1278 Ἰκονιέων
1391 1218 1678 1286 ἐκκλησίας
1707 1237 1722 1253 ⁸
1781 1222 1876 1278 τὸν
1931 1218 1986 1276 δὲ

334 1309 371 1376 ἡ
431 1315 522 1365 τοῦ
581 1316 714 1366 Θεου
771 1308 1014 1388 πρόνοια,
1049 1310 1084 1378 ἦ
1115 1307 1282 1366 πάλαι
1311 1309 1378 1369 τὰ
1397 1315 1497 1378 τῆς
1539 1308 1753 1390 καρδίας
1785 1310 1985 1390 γνώρι-

335 1421 416 1474 μα
473 1399 560 1474 ἧν,
622 1401 697 1463 εἷς
760 1400 852 1455 τὸν
907 1406 1002 1456 τοῦ
1057 1401 1581 1478 μετακεχωρηκότος
1610 1399 1793 1480 θρόνον
1826 1421 1988 1474 μετα-

334 1487 607 1570 καλεῖται,
645 1490 737 1546 καὶ
762 1487 934 1564 ὅπως,
971 1494 1240 1566 προσῆκον
1273 1490 1471 1551 εἰπεῖν,

418 1578 498 1639 Γ’.
566 1577 668 1644 Νὺξ
726 1579 814 1654 ἦν,
870 1580 957 1634 καὶ
1001 1577 1229 1657 ἅγγελος
1290 1580 1476 1658 Κυρίου
1517 1585 1596 1653 τῷ
1645 1578 1987 1660 Ἀμφιλοχίῳ

333 1669 637 1749 παραστὰς,
673 1665 1025 1748 Ἀμφιλόχιε,
1083 1669 1261 1742 εἶπεν,
1316 1669 1390 1732 εἰς
1442 1675 1546 1724 τῶν
1577 1667 1822 1726 ἰκονέων
1877 1691 1984 1724 πο-

334 1758 486 1837 ρεύου
547 1756 872 1833 μετρόπολιν
931 1760 1034 1813 τῶν
1097 1756 1325 1835 λογικῶν
1369 1779 1470 1834 μου
1519 1756 1800 1836 προϐάτων
1857 1780 1982 1814 ποι-

2069 864 2280 926 eodem
2312 867 2546 928 tramite
2592 867 2822 947 ingredi
2868 867 3324 930 constituerunt.
3383 865 3515 929 Jam
3575 865 3710 946 plus

2066 972 2241 1034 quam
2274 953 2666 1033 quadraginta
2705 955 2876 1018 annis
2907 956 3046 1018 huic
3075 955 3212 1016 vitae
3258 953 3528 1016 asceticm
3578 960 3709 1013 stu-

2067 1041 2299 1118 duerat,
2333 1061 2466 1104 cum
2499 1045 2760 1107 Joannes
2790 1045 3119 1108 lconiensis
3149 1044 3433 1108 Ecclesiae
3487 1041 3706 1122 prtesul

2066 1132 2183 1194 vita
2211 1132 2549 1195 excederet.
2579 1133 2760 1196 Istum
2790 1135 2968 1214 igitur
3016 1135 3122 1198 Dei
3181 1132 3573 1216 providentia,
3609 1130 3708 1192 cui

2069 1221 2296 1283 dudum
2354 1222 2672 1286 interiores
2721 1225 2880 1287 illius
2931 1224 3116 1287 animi
3174 1241 3384 1286 sensus
3410 1220 3708 1303 perspecti

2069 1311 2340 1392 erant,ad
2363 1313 2777 1394 occupandum
2810 1313 3074 1378 defuncti
3106 1314 3389 1376 thronum
3422 1309 3704 1385 evocavit;

2068 1401 2368 1482 quomodo
2398 1410 2620 1484 autem,
2655 1421 2900 1466 narrare
2930 1404 3118 1466 lubet.

2150 1581 2248 1643 Ill.
2268 1583 2452 1644 Nocte
2470 1582 2722 1662 quadam
2756 1583 2999 1664 angelus
3023 1582 3260 1647 Domini
3285 1577 3710 1661 Amphilochia

2066 1672 2801 1752 apparens,Amphilochi,
2831 1673 3040 1754 inquit,
3068 1672 3161 1734 abi
3193 1671 3256 1732 in
3288 1686 3556 1749 magnam
3587 1670 3711 1729 Ico-

2069 1759 2367 1821 niensium
2401 1762 2637 1840 urbem,
2675 1770 2738 1822 ut
2784 1763 3164 1824 rationalium
3210 1761 3405 1822 ovium
3440 1777 3708 1821 mearum

334 1848 445 1922 μὴν
507 1847 788 1922 ἐσόμενος.
847 1846 908 1906 Ὀ
963 1845 1018 1902 δὲ
1080 1849 1213 1924 πρὸς
1270 1847 1368 1914 τὴν
1411 1846 1605 1913 κλῆσιν
1634 1848 1831 1913 ταύτην
1864 1845 1982 1904 δια-

2070 1847 2153 1908 ibi
2189 1857 2384 1928 pastor
2415 1850 2542 1913 ﬁas.
2578 1850 2685 1912 llle
2717 1859 2913 1913 autem
2965 1851 3040 1912 ad
3093 1852 3244 1911 hanc
3298 1849 3708 1910 invitationem

331 1935 546 2012 μέλλων
578 1935 668 2010 ἧν,
703 1937 789 1992 καὶ
837 1938 893 1992 τὸ
928 1937 1206 1993 κελευσθὲν
1238 1949 1414 1993 ποιεῖν
1461 1933 1806 1995 ἀνεϐάλλετο.
1847 1947 1982 1996 Δευ-

329 2025 457 2102 τέρα
508 2024 594 2090 νὺξ
625 2025 712 2101 ἦν,
748 2026 835 2080 καὶ
865 2025 1026 2082 πάλιν
1073 2027 1104 2094 ἦ
1136 2025 1270 2092 αὐτὴ
1315 2024 1504 2091 κλῆσις
1557 2027 1646 2081 καὶ
1678 2026 1982 2105 προτροπὴ,

331 2115 429 2172 καί
488 2118 522 2184 ἡ
577 2115 778 2172 ἐκείνου
852 2115 1013 2171 πάλιν
1080 2115 1268 2180 ἐπίσης
1352 2112 1612 2187 ἀναϐολὴ,
1669 2113 1982 2190 δαιμονικὴν

333 2205 547 2272 ἀπάτην
604 2206 664 2261 τὸ
733 2205 1052 2284 φαινόμενον
1109 2203 1516 2268 ὑποπτεύοντος,
1569 2202 1719 2260 Ἐπεὶ
1782 2201 1836 2259 δὲ
1896 2205 1982 2260 καὶ

334 2294 486 2373 τρίτη
548 2293 808 2351 κατέλαϐε
869 2293 978 2372 νὺξ,
1037 2295 1121 2348 καὶ
1181 2295 1207 2348 6
1253 2295 1409 2358 αῦτὸς
1455 2293 1655 2360 ἐπέστη
1713 2293 1776 2348 τὰ
1822 2291 1984 2369 ὅμοια

339 2385 791 2462 προτρεπόμενος,
849 2387 946 2451 τῆς
1006 2379 1250 2446 στιϐάδος
1309 2384 1336 2437 6
1395 2395 1634 2460 γενναῖος
1694 2381 1982 2442 διαναστὰς

343 2471 480 2537 ’ἔδοξε
507 2471 758 2530 λαϐέσθαι
812 2475 906 2530 τοῦ
949 2470 1284 2548 ὁμιλοῦντος,
1353 2473 1462 2546 καὶ,
1525 2473 1581 2528 Εἰ
1626 2468 1852 2550 ἄγγελος
1903 2477 1980 2550 εἴ,

341 2563 492 2642 φησὶ,
524 2569 618 2620 τοῦ
651 2571 806 2642 Θεοῦ,
843 2561 992 2641 δεῦρο
1045 2582 1256 2637 στωμεν
1300 2558 1460 2641 ἄμφω
1517 2563 1588 2623 εἷς
1646 2564 1980 2641 προσευχήν.

339 2650 397 2710 Ὀ
441 2651 494 2708 δὲ
544 2652 806 2726 ἐπείθετο,
864 2652 952 2707 καὶ
1013 2651 1112 2720 τήν
1187 2650 1427 2729 κεφαλήν
1481 2649 1685 2726 κλίνας,
1749 2649 1979 2730 ”Αγιος,

335 2741 513 2820 ἅγιος,
551 2741 704 2820 ἅγιος
769 2742 953 2819 Κύριος
1012 2737 1259 2820 Σαϐαὼθ,
1310 2738 1569 2806 ἀνεϐόησε
1604 2757 1616 2774 ⁶
1683 2739 1897 2819 πλῆρης
1957 2743 1984 2797 6

336 2831 557 2910 οὐρανὸς
592 2833 742 2899 καὶὴ
779 2835 850 2908 γῆ
901 2833 998 2896 τῆς
1045 2827 1199 2896 δόξης
1261 2832 1438 2887 αὐτοῦ.
1481 2831 1760 2906 Κρατήσας
1813 2830 1984 2886 τοίνυν

331 2922 424 2976 τὸν
483 2917 847 3000 Ἀμφιλόχιον
897 2919 992 2986 τῆς
1052 2920 1235 2999 χειρὸς
1297 2921 1397 2985 την
1473 2918 1764 2985 ἐκκλησίαν
1823 2918 1985 2998 ἄμφω

332 3008 862 3085 καταλαμϐάνουσιν,
910 3009 1200 3076 αὒτόματοι
1255 3007 1310 3063 δὲ
1365 3013 1545 3071 αὐτοῖς
1600 3011 1651 3065 αἱ
1682 3009 1828 3086 θύραι
1874 3007 1986 3064 διε-

334 3101 696 3179 πετιάσθησαν,
757 3104 870 3179 φῶς
916 3120 972 3154 τε
1026 3097 1166 3176 μέγα
1224 3099 1311 3154 καὶ
1377 3096 1600 3175 ἄρῤητον
1659 3097 1984 3175 περιλάμπει

2069 1937 2526 2000 cunctabundus
2553 1940 2744 2012 haesit,
2777 1949 2836 2000 et
2886 1940 3118 2020 jussum
3174 1937 3419 2018 exsequi
3452 1936 3704 2000 distulit.

2065 2031 2324 2088 Secunda
2365 2031 2544 2088 adfuit
2580 2046 2716 2096 nox,
2743 2033 2977 2104 jamque
3001 2033 3202 2089 iterum
3227 2031 3424 2088 eadem
3456 2030 3709 2086 invitatio

2069 2123 2128 2177 et
2155 2115 2463 2197 impulsio,
2499 2117 2779 2198 illiusque
2813 2117 3057 2199 pariter,
3107 2125 3316 2197 utpote
3364 2121 3468 2196 qui
3517 2121 3703 2176 visum

2066 2204 2445 2268 daemoniacae
2476 2207 2700 2270 fraudis
2732 2227 2880 2288 opus
2911 2226 3042 2269 esse
3069 2206 3497 2287 suspicaretur,
3525 2205 3707 2266 haesi-

2065 2294 2233 2356 tatio.
2269 2299 2413 2358 Cum
2447 2304 2640 2358 autem
2668 2297 2838 2359 tertia
2871 2317 2984 2358 nox
3025 2295 3387 2366 advenisset,
3421 2294 3710 2372 idemque

2066 2385 2275 2446 eadem
2309 2389 2632 2466 injungens
2661 2394 2992 2468 appareret,
3028 2393 3267 2447 sanctus
3311 2402 3635 2464 exsurgens
3677 2402 3711 2445 e

2067 2474 2224 2535 lecto
2249 2475 2738 2538 interloculorem
2777 2477 3139 2558 prehensum
3182 2476 3277 2537 his
3307 2474 3597 2536 allocutus
3624 2481 3713 2535 est

2067 2563 2306 2626 verbis:
2345 2564 2404 2628 Si
2439 2566 2675 2628 Domini
2711 2584 2776 2627 es
2806 2565 3074 2644 angelus,
3107 2567 3254 2628 ades
3291 2563 3415 2643 jam
3449 2571 3510 2624 ut
3533 2562 3710 2624 ambo

2070 2670 2282 2733 preces
2305 2652 2729 2716 faciamusllle
2755 2661 2952 2715 autem
2979 2652 3282 2716 consensit
3310 2652 3713 2732 inclinatoque

2068 2742 2262 2822 capite
2320 2744 2667 2805 exclamavit
2724 2762 2738 2807 :
2799 2743 3054 2805 Sanctus
3087 2793 3102 2824 ,
3163 2751 3425 2812 sanctus,
3475 2748 3712 2803 sanctus

2067 2830 2356 2892 Dominus
2380 2832 2636 2894 Sabaoth
2667 2853 2683 2907 ;
2716 2833 2954 2913 plenum
3015 2841 3106 2894 est
3157 2830 3375 2894 coelum
3435 2849 3502 2892 ac
3553 2840 3713 2912 terra

2068 2919 2253 2998 gloria
2283 2921 2434 3002 ejus.
2470 2922 2861 3002 Apprehensa
2893 2923 3070 3002 igitur
3098 2919 3499 3002 Amphilochii
3531 2939 3712 2981 manu

2069 3010 2244 3072 ambo
2293 3011 2364 3072 ad
2421 3013 2730 3073 ecclesiam
2764 3021 3040 3095 pergunt,
3083 3013 3256 3091 cujus
3286 3017 3470 3089 porta
3497 3017 3712 3090 sponte

2070 3116 2202 3159 sese
2235 3108 2618 3178 aperuerunt.
2675 3102 2794 3163 Lux
2851 3118 3028 3182 porro
3062 3117 3274 3179 magna
3300 3105 3361 3160 et
3391 3095 3713 3158 ineffabilis

331 3188 432 3256 τῆν
477 3187 789 3262 ἐκκλησίαν,
837 3189 924 3245 καὶ
983 3186 1183 3266 ἀνδρῶν
1240 3185 1444 3253 πλῆθος
1477 3186 1845 3268 λευχειμόνων
1892 3209 1981 3244 πε-

2072 3186 2386 3250 ecclesiam
2420 3189 2795 3272 illuminavit,
2832 3198 2891 3252 et
2920 3189 3179 3251 virorum
3213 3185 3531 3248 multitudo
3561 3184 3712 3248 albis

334 3279 667 3358 ριηθροίσθη.
707 3278 842 3336 Εἶτα
887 3275 1141 3338 λαϐόντες
1195 3277 1286 3332 τὸν
1333 3276 1694 3355 Ἀμφιλόχιον
1757 3284 1832 3351 τῷ
1888 3280 1982 3332 θυ-

2069 3276 2331 3338 vestibus
2378 3287 2722 3340 ornatorum
2787 3281 2991 3342 astitit.
3053 3277 3165 3351 Qui
3219 3275 3706 3356 Amphilochium

332 3371 632 3444 σιαστηρίῳ
674 3367 1055 3446 προσάγουσιν,
1107 3365 1375 3430 ἐπιδόντες
1434 3364 1479 3420 δ’
1527 3367 1554 3421 ὃ
1610 3367 1746 3442 μετὰ
1792 3380 1986 3446 χεῖρας

331 3455 544 3537 ἔφερον,
593 3455 945 3536 (Εὖαγγέλιον
1009 3455 1061 3510 δὲ
1093 3457 1250 3511 τοῦτο
1283 3455 1437 3528 ἐῴκει
1477 3454 1648 3534 εῖναι)
1682 3457 1710 3511 ὁ
1771 3456 1982 3532 Κύριος,

334 3546 518 3621 ε’ίπον,
550 3545 642 3612 εἴη
675 3547 811 3622 μετὰ
844 3555 958 3604 σοῦ.
1001 3545 1096 3610 Εἷς
1127 3542 1182 3600 δὲ
1215 3547 1242 3600 6
1299 3550 1404 3600 τῶν
1461 3543 1636 3600 ἄλλων
1697 3546 1987 3624 πρωτεύειν

334 3635 684 3715 φαινόμενος,
725 3636 899 3715 Εῦχῇ,
962 3632 1086 3712 ἔφη,
1137 3633 1350 3697 ἑαυτοὺς
1412 3631 1808 3710 ἐπιτρέψωμεν,
1845 3633 1981 3689 ὥστε

336 3723 432 3778 καῖ
492 3724 590 3790 τὴν
649 3724 810 3803 χάριν
857 3723 998 3795 αὒτῷ
1057 3721 1407 3802 ἐπιφοιτῆσαι
1440 3720 1530 3776 τοῦ
1580 3721 1778 3798 ἀγαθοῦ
1811 3721 1980 3777 Πνεύ-

335 3834 532 3889 ματος,
570 3812 854 3887 Εῦξάμενοι
887 3813 999 3886 οῦν,
1037 3811 1157 3885 καί,
1194 3813 1420 3890 Εἰρήνην
1479 3833 1589 3882 σοι,
1647 3810 1979 3886 ἐπειπόντες,

335 3903 484 3966 εὐθὺς
543 3902 784 3971 ἆπήεσαν
844 3903 1112 3979 μεσούσης
1145 3903 1352 3966 νυκτός.
1383 3900 1445 3956 Ὀ
1477 3897 1531 3954 δὲ
1563 3898 1646 3954 ἐπὶ
1706 3912 1824 3963 τοῖς
1880 3921 1979 3956 πα.

335 3991 572 4070 ραδόξοις
604 3993 806 4053 τούτοις
849 3990 1238 4070 καταπλαγεὶς,
1297 3992 1370 4054 εἷς
1424 3989 1552 4055 γόνυ
1597 4010 1654 4044 τε
1686 3995 1762 4062 τῷ
1790 3993 1979 4046 θυσια-

335 4083 538 4160 στηρίῳ
568 4080 786 4152 κλιθεὶς,
819 4083 965 4160 ῥῆμα
997 4081 1094 4155 μὲν
1151 4079 1259 4136 οὔδ’
1315 4078 1489 4136 ὁτιοῦν
1547 4082 1673 4158 εἶχε
1707 4078 1975 4154 προέσθαι,

338 4171 476 4248 μόνῃ
526 4168 579 4226 δὲ
632 4173 702 4246 τῇ
758 4173 894 4228 κατὰ
951 4177 1068 4227 νοῦν
1127 4167 1363 4247 ἐνεργείᾳ
1410 4177 1504 4226 τοῦ
1549 4174 1680 4224 Θεοῦ
1732 4166 1980 4243 δεόμενος

336 4261 427 4336 ἧν,
485 4259 918 4339 διαλογιζόμενος
976 4281 1034 4316 τε
1077 4261 1196 4317 καθ’
1258 4260 1442 4314 ἑαυτὸν
1487 4258 1534 4314 τί
1568 4256 1630 4312 ἂν
1674 4256 1765 4324 εἴη
1798 4264 1976 4327 τοῦτο,

335 4351 424 4407 καὶ
458 4352 582 4428 πρὸς
617 4351 644 4406 ὃ
674 4349 826 4413 τέλος
886 4348 998 4426 itis;
1050 4353 1111 4406 τὸ
1161 4348 1367 4410 θεαθέν,
1403 4340 1496 4410 Ὠς
1533 4345 1587 4402 δὲ
1619 4353 1716 4413 τῆς
1751 4345 1982 4422 ἐϐδόμης

334 4440 479 4511 ὥρας
535 4437 891 4507 ἐπιλαϐούσης
952 4441 979 4495 6
1031 4443 1106 4512 τῷ
1160 4445 1250 4494 τοῦ
1336 4435 1491 4502 ξύλου
1550 4438 1803 4516 κρούματι
1859 4438 1980 4499 τοὺς

331 4528 590 4607 ἀδελφοὺς
647 4529 947 4608 ἀφυπνίζων
983 4575 1000 4603 ,
1087 4526 1371 4591 διαναστὰς
1455 4533 1525 4602 τῇ
1600 4526 1694 4582 τοῦ
1749 4527 1982 4583 οἰκίσκου

333 4620 498 4677 αὐτοῦ
553 4616 711 4690 θυρίδι
771 4618 998 4692 ἐπέστη,
1034 4618 1122 4672 καὶ
1177 4618 1275 4684 τὴν
1318 4616 1522 4685 συνήθη
1578 4615 1821 4693 εὐλογίαν
1863 4619 1981 4694 ᾕτει

331 4706 524 4764 λαϐεῖν
569 4708 704 4763 κατὰ
763 4714 866 4787 γῆς
916 4708 1183 4786 κείμενος,
1231 4706 1382 4784 φωνὴ
1413 4703 1466 4760 δὲ
1497 4705 1721 4771 ἠκούετο
1750 4714 1842 4762 τοῦ
1872 4705 1982 4780 μά-

331 4818 525 4875 καρος,
548 4793 790 4869 οὒδαμῶς
823 4797 898 4862 δὶς
943 4799 1031 4854 καὶ
1074 4797 1186 4874 τρὶς
1249 4794 1485 4851 ἐπειπὼν
1534 4795 1596 4850 τὸ
1650 4793 1983 4871 Εὖλόγησον,

331 4887 660 4964 ὑπεχώρησε
709 4888 796 4942 καὶ
856 4894 932 4961 τῷ
993 4883 1384 4966 ἀρχιμανδρίτῃ
1455 4883 1516 4938 τὸ
1557 4884 1776 4960 γεγονὸς
1835 4880 1986 4961 εἶ’ρη-

334 4997 452 5037 κεν.
511 4966 568 5032 Ὀ
613 4974 667 5032 δὲ
710 4983 927 5055 κροῦσαι
959 4976 1019 5032 τὸ
1051 4974 1202 5042 ξύλον
1247 4971 1528 5048 ἐπέτρεψε,
1576 4972 1665 5028 καὶ
1721 4977 1815 5028 τοῦ
1856 4971 1988 5028 λαοῦ

336 5064 793 5142 ωναθροισθὲντος
842 5068 928 5122 καὶ
984 5070 1084 5133 τῆς
1143 5065 1387 5143 ὀρθρινής
1451 5060 1778 5134 τελουμένης
1834 5059 1988 5126 δοξο-

335 5153 535 5231 λογίας
596 5157 624 5210 6
683 5153 1044 5235 Ἀμφιλόχιος
1094 5153 1172 5210 ἔτι
1204 5153 1447 5228 κείμενος
1478 5149 1687 5231 ἄφωνος
1717 5151 1852 5206 κατὰ
1882 5155 1986 5230 γῆς

333 5244 561 5320 ἑωρᾶτο.
621 5243 805 5322 ’Ὥρας
869 5243 920 5300 δὲ
980 5243 1348 5323 παρελθούσης
1406 5243 1468 5296 τὸ
1518 5240 1624 5296 ἆπδ
1665 5239 1814 5296 τοῦδε
1858 5247 1986 5316 μιᾶς

333 5334 408 5395 εἷς
456 5331 642 5389 ἑαυτὸν
687 5331 853 5390 ἐλθὼν
910 5334 1017 5390 ἀπὸ
1088 5337 1187 5399 τῆς
1237 5331 1502 5395 ἐκτάσεως
1553 5328 1646 5386 καῖ
1697 5331 1829 5409 φωτὶ
1859 5330 1983 5405 θείῳ

331 5423 434 5489 τὴν
487 5419 704 5498 καρδίαν
746 5422 1129 5502 περιλαμφθεῖς
1180 5420 1456 5499 διανέστη,
1512 5423 1749 5482 καὶτοῖς
1780 5426 1980 5495 παροῦ·

335 5534 419 5569 σιν
479 5507 630 5589 ὤφθη
690 5513 751 5568 τὸ
780 5511 1066 5590 πρόσωπον
1122 5509 1406 5588 ἅποῤῥήτῳ
1468 5506 1636 5586 αἴγλη
1666 5506 1982 5586 λελαμπρυ-

333 5598 532 5676 σμένος
576 5605 653 5674 τῷ
682 5600 909 5670 πλλήθει
968 5610 1060 5660 τοῦ
1104 5601 1384 5681 φωτισμοῦ
1415 5606 1512 5665 της
1551 5598 1775 5678 χάριτος
1805 5597 1983 5674 ὥσπερ

332 5690 422 5748 καὶ
466 5689 600 5772 πρὸς
638 5689 704 5748 τὰ
733 5689 833 5756 ἔξω
863 5688 1214 5758 διαδοθείσης.
1269 5687 1454 5754 Οὐδείς
1509 5686 1692 5764 μέντοι
1751 5709 1982 5768 προσεγ-

2067 3365 2141 3427 ad
2173 3365 2356 3427 altare
2382 3365 2687 3429 deducunt
2735 3376 2793 3432 et
2825 3369 2978 3449 quod
3014 3367 3288 3430 manibus
3315 3364 3624 3444 gestabant
3653 3364 3710 3425 ei

2072 3455 2284 3517 tradito
2320 3455 2728 3536 (Evangelium
2777 3468 2973 3520 autem
3005 3457 3160 3520 istud
3185 3475 3318 3518 esse
3347 3453 3708 3533 videbatur),

2070 3544 2379 3620 Dominus,
2414 3547 2712 3628 inquiunt,
2747 3550 2822 3609 sit
2873 3556 3097 3610 tecum.
3154 3546 3320 3609 Unus
3372 3552 3569 3607 autem
3603 3547 3706 3621 qui

2065 3637 2296 3696 caeteris
2329 3645 2607 3717 praestare
2634 3637 2968 3712 videbatur,
3021 3636 3259 3708 Preces,
3316 3634 3531 3714 inquit,
3568 3633 3708 3695 fun-

2066 3723 2299 3803 damus,
2335 3733 2396 3786 ut
2425 3726 2611 3804 gratia
2640 3725 2781 3786 boni
2815 3726 3072 3807 Spiritus
3104 3742 3285 3806 super
3307 3742 3442 3785 eum
3466 3724 3714 3785 descen-

2067 3815 2186 3874 dat.
2224 3811 2428 3888 ltaque
2461 3823 2589 3895 post
2624 3833 2830 3894 preces
2883 3815 3096 3885 finitas,
3133 3817 3248 3876 Pax
3279 3821 3500 3879 tecum,
3535 3811 3711 3873 dixe-

2064 3902 2474 3976 runt,etillico
2496 3904 2691 3964 media
2725 3913 2900 3965 nocte
2934 3901 3708 3984 disparuerunt.Amphilo-

2065 3995 2230 4050 chius
2252 4005 2439 4050 autem
2463 3995 2570 4051 hac
2591 4010 2652 4051 re
2679 3996 3004 4065 prodigiosa
3029 3996 3328 4067 perculsus
3350 3995 3712 4065 genibusque

2064 4080 2240 4141 ﬂexis
2272 4080 2441 4142 altari
2469 4081 2766 4161 admotus,
2804 4100 2879 4142 ne
2939 4099 3121 4142 unum
3187 4079 3429 4160 quidem
3461 4077 3708 4140 verbum

2065 4169 2334 4248 proferre
2358 4171 2510 4251 potis
2528 4169 2656 4245 fuit,
2672 4170 2776 4232 sed
2807 4169 3182 4232 solummodo
3205 4177 3401 4230 mente
3422 4169 3493 4231 ad
3520 4167 3707 4230 Deum

2071 4259 2298 4320 elevata
2331 4279 2508 4321 orans
2559 4261 2906 4340 permansit,
2969 4259 3174 4322 animo
3229 4275 3437 4319 secum
3471 4258 3709 4318 volvens

2072 4351 2347 4423 quidnam
2372 4354 2480 4409 hoc
2501 4362 2650 4410 esset
2674 4363 2725 4410 et
2749 4353 2817 4409 ad
2839 4365 3008 4425 quem
3035 4351 3206 4408 ﬁnem
3232 4351 3416 4406 visum
3454 4348 3593 4407 illud
3625 4349 3708 4405 fo-

2070 4445 2161 4498 ret
2179 4437 2778 4500 deducendum.Cum
2805 4436 3296 4516 autem,septima
3317 4434 3462 4494 hora
3475 4432 3702 4508 audita,

2071 4527 2172 4588 ille
2195 4529 2292 4607 qui
2324 4527 2535 4588 fratres
2567 4526 2726 4605 ligno
2761 4544 3042 4606 percusso
3068 4525 3327 4588 excitare
3349 4523 3596 4594 solebat,
3634 4523 3707 4584 ad

2067 4617 2198 4696 ejus
2216 4615 2481 4678 aedicula;
2501 4625 2730 4694 portam
2751 4616 2825 4677 de
2841 4633 3007 4678 more
3019 4614 3496 4677 benedictionem
3511 4613 3709 4691 requi-

2069 4705 2308 4767 sivisset
2337 4711 2396 4766 in
2428 4714 2646 4768 terram
2673 4713 3228 4786 prostratus,neque
3253 4702 3371 4764 ulla
3393 4721 3500 4763 vox
3523 4702 3711 4764 sancti

2068 4795 2381 4856 audiretur
2409 4794 2502 4856 bis
2560 4803 2725 4856 terve
2781 4795 2950 4865 illud,
2989 4794 3340 4873 Benedicas,
3375 4790 3708 4872 proferens,

2071 4885 2218 4946 abiit
2268 4893 2327 4946 et
2382 4883 2863 4946 erchimandritze
2913 4901 3038 4945 rem
3072 4881 3349 4944 narravit.
3387 4883 3707 4960 Postquam

2071 4973 2167 5036 hic
2199 4974 2356 5054 ligno
2413 4975 2648 5053 signum
2707 4973 2838 5034 dari
2893 4973 3174 5052 iusserat,
3226 4986 3283 5033 et
3314 4979 3519 5032 coacto
3551 4978 3707 5031 ctetu

2072 5065 2379 5126 matutina;
2409 5082 2618 5145 preces
2644 5063 2808 5124 factae
2826 5060 3484 5142 erant,Amphilochius
3514 5058 3711 5120 adhuc

2074 5153 2269 5216 mutus
2300 5154 2360 5215 in
2393 5162 2609 5215 terram
2662 5159 2993 5234 prostratus
3051 5159 3407 5230 conspectus
3436 5156 3549 5211 est.
3583 5146 3714 5211 Una

2070 5251 2268 5305 autem
2304 5243 2686 5325 praeterlapsa
2742 5241 2960 5302 abhinc
3017 5259 3126 5302 ora
3185 5258 3217 5300 e
3265 5239 3494 5301 visione
3540 5237 3614 5299 ad
3647 5253 3714 5298 se

2063 5331 2328 5407 rediens,
2362 5331 2559 5392 divina
2603 5331 2737 5391 luce
2792 5337 3049 5390 mentem
3109 5329 3242 5408 ejus
3299 5326 3709 5404 collustrante,

2067 5422 2394 5482 surrexitet
2410 5418 2800 5499 praesentibus
2812 5415 3136 5498 apparebat
3157 5416 3369 5478 faciem
3390 5413 3712 5495 splendore

2066 5507 2310 5572 infando
2331 5507 2732 5570 circumfusus
2767 5507 2844 5568 ob
2884 5505 3292 5587 praegrandem
3320 5501 3712 5564 illuminatio-

2067 5617 2201 5660 nem
2223 5602 2415 5675 gratiae
2435 5618 2567 5674 qua
2586 5601 2739 5659 velut
2761 5602 2832 5658 ad
2854 5610 3048 5657 extera
3075 5613 3306 5670 quoque
3341 5611 3466 5654 sese
3502 5609 3714 5668 propa-

2064 5692 2607 5766 gavereLAttamen
2643 5705 2819 5750 nemo
2842 5685 2897 5748 ei
2918 5682 3400 5768 apprOpinquare
3423 5687 3522 5746 aut
3546 5679 3621 5744 de
3647 5695 3712 5740 re
