4086 6418
378 352 496 418 959

1545 353 1930 417 ΑΒΒΕΝΒΑ.
2004 382 2079 398 -
2140 356 2587 420 NOVEMBER.

3635 362 3754 427 960

380 507 515 572 qua;
558 488 858 552 evenisset
887 488 1255 567 interrogare
1303 504 1481 549 ausus
1512 495 1622 562 est,
1658 485 1762 548 sed
1794 486 2016 549 solum-

2111 490 2253 567 γίσαι
2284 493 2453 567 τούτῳ
2490 493 2524 561 ἢ
2575 492 2692 570 περὶ
2749 501 2843 552 τοῦ
2892 491 3291 568 συμϐεϐηκότος
3352 494 3552 572 ἐτόλμα
3600 497 3754 555 πυθέ-

381 579 559 641 modo
592 579 664 641 ad
694 580 822 659 ejus
855 579 1039 659 pedes
1061 577 1351 659 provoluti
1375 587 1433 640 et
1457 576 1878 639 benedictione
1908 577 2020 638 im-

380 669 578 750 pertiti
609 669 1034 731 discesserunt.

457 757 792 819 IV.Deinde
814 759 872 817 in
894 757 1105 819 cellam
1127 773 1258 818 sese
1270 764 1588 838 recepturo
1611 756 1847 819 obviam
1873 757 2022 818 ﬁunt

378 848 644 927 episcopi
668 864 917 908 numero
941 854 1192 925 septem,
1226 864 1376 926 quos
1414 845 1782 926 providentia
1823 844 2020 908 divina

377 937 450 998 ad
481 955 617 998 eum
645 936 906 1015 miserat,
940 936 1015 997 de
1071 934 1337 997 moribus
1399 937 1529 1016 ejus
1585 937 1910 998 edocuerat
1960 945 2022 997 et

378 1044 514 1086 eum
541 1025 889 1104 episcopum
920 1024 1108 1087 Iconii
1136 1044 1422 1087 manuum
1456 1025 1835 1105 impositione
1866 1044 2018 1088 con-

374 1131 612 1176 secrare
636 1115 920 1194 jusserat.
955 1115 1332 1176 Accedentes
1363 1115 1566 1194 igitur,
1599 1115 1767 1177 Tune
1798 1134 1888 1195 es,
1919 1115 2019 1176 in-

374 1203 611 1282 quiunt,
647 1202 1106 1283 Amphilochius
1157 1205 1279 1266 Deo
1337 1204 1668 1284 acceptus?
1714 1204 1806 1264 Ad
1857 1204 2016 1284 quod

374 1292 478 1354 ille
507 1311 650 1354 voce
681 1292 980 1355 submissa
1027 1301 1086 1354 et
1144 1302 1453 1355 mansueta
1502 1293 1815 1373 respondit
1848 1311 1861 1354 :
1897 1295 2017 1373 Ego

376 1401 508 1443 sum
543 1390 819 1462 peccator
843 1383 1317 1462 Amphilochius.
1353 1382 1557 1464 Itaque
1587 1401 1721 1444 cum
1783 1403 1854 1445 eo
1914 1402 2017 1445 ec-

378 1471 620 1533 clesiam
656 1471 908 1550 ingressi
940 1480 1097 1547 sunt,
1137 1482 1198 1533 ut
1222 1491 1350 1552 quae
1381 1473 1620 1552 spiritus
1652 1471 1888 1534 divinus
1921 1473 2017 1553 ip-

375 1562 460 1623 sis
492 1570 877 1641 praeceperat,
901 1561 974 1622 ad
1008 1562 1187 1622 linem
1215 1562 1604 1624 deducerent.
1640 1563 1786 1624 Cum
1821 1571 2018 1624 autem

370 1653 496 1731 jam
529 1651 697 1712 stolis
722 1651 1145 1713 ecclesiasticis
1177 1651 1368 1712 induti
1407 1659 1642 1729 essent,
1677 1660 1914 1714 sanctus
1944 1653 2017 1714 ad

377 1741 522 1821 quid
554 1759 688 1802 sese
717 1743 1122 1821 accingerent,
1158 1741 1388 1818 videns,
1431 1741 1669 1803 Fratres
1703 1750 1759 1804 et
1787 1741 2012 1816 Patres,

2101 584 2241 652 σθαι,
2292 585 2684 660 προσπεσόντες
2753 581 2806 638 δὲ
2866 584 3028 658 μόνον
3106 597 3220 650 τοῖς
3275 587 3432 644 αὐτοῦ
3487 589 3616 646 ποσὶ
3667 591 3756 644 καὶ

2102 670 2342 749 εὐλογίας
2388 671 2696 735 ἀξιωθέντες
2727 671 2996 738 ἀπηλθον,

2186 760 2268 823 Δ’,
2305 761 2441 818 Εἶτα
2474 764 2599 840 πρὸς
2643 763 2732 818 τὸν
2767 764 2997 820 οἰκίσκον
3059 764 3201 836 αὒτῷ
3232 764 3442 822 ἀπιόντι
3476 773 3751 824 συναντῶ-

2102 873 2186 908 σιν
2238 850 2516 908 ἐπίσκοποι
2573 853 2664 908 τὸν
2709 852 2927 927 ἀριθμὸν
2989 854 3124 910 ἑπτὰ
3176 855 3264 918 οὒς
3323 855 3580 934 ἐμφάνεια
3638 859 3752 914 θεία

2100 942 2230 1017 πρὸς
2292 941 2447 997 αὐτὸν
2491 940 2754 1015 ἐκπέμπει
2817 943 2908 998 τὸν
2985 945 3304 1022 χαρακτῆρά
3373 965 3430 1000 τε
3492 944 3748 1022 παραδεί-

2102 1028 2254 1107 ξασα,
2317 1031 2404 1085 καὶ
2448 1029 2735 1086 ἐπίσκοπον
2795 1030 3017 1088 Ἰκονίου
3075 1034 3488 1110 προτρεψαμένη
3553 1057 3747 1114 χειρο-

2103 1118 2346 1185 τονῆσαι,
2375 1118 2717 1196 Ἐγγίσαντες
2750 1121 2942 1194 τοίνυν,
2979 1123 3051 1177 Σὺ
3083 1123 3162 1201 εἴ,
3224 1123 3408 1204 εἶπον,
3441 1127 3469 1181 6
3512 1148 3748 1205 κεχαρι-

2099 1207 2291 1282 σμένος
2351 1214 2465 1283 Θεῷ
2511 1209 2919 1288 ’Λμφιλόχιος;
2971 1213 3031 1269 ζΟ
3091 1209 3144 1267 δὲ
3204 1213 3338 1283 ἡπίᾳ
3393 1215 3487 1270 καὶ
3538 1215 3752 1292 γαληνῇ

2099 1305 2168 1373 τῇ
2228 1305 2400 1378 φωνῇ,
2465 1297 2608 1375 Ἐγώ
2664 1300 2799 1374 εὶμι,
2861 1300 2986 1380 ἔφη,
3050 1304 3076 1358 6
3149 1303 3469 1380 ἁμαρτωλὸς
3543 1304 3757 1384 Ἀμφι-

2100 1387 2312 1466 λόχιος.
2394 1387 2498 1446 Καὶ
2548 1387 2804 1453 λαϐόντες
2883 1392 3040 1448 αὐτὸν
3118 1395 3253 1465 ὁμοῦ
3312 1395 3442 1466 πρὸς
3499 1396 3599 1461 τὴν
3653 1394 3752 1449 ἐκ-

2104 1476 2326 1544 κλησίαν
2381 1477 2631 1554 ἀφίκοντο
2695 1480 2766 1541 είς
2827 1477 2980 1557 ἔργον
3040 1481 3268 1559 ἀγαγεῖν
3320 1482 3634 1558 βουλόμενοι
3688 1484 3756 1540 τὰ

2102 1569 2203 1622 ὑπὸ
2289 1573 2381 1622 τοῦ
2433 1567 2570 1622 θείου
2650 1569 2952 1643 πνεύματος
3026 1575 3212 1634 αὒτοϊς
3296 1572 3750 1650 ἐπιτετραμμένα.

2101 1654 2244 1721 ’Ήδη
2277 1653 2330 1710 δὲ
2393 1656 2483 1718 τὰς
2530 1657 2793 1734 ἱερατικὰς
2841 1657 3033 1721 στολὰς
3079 1660 3512 1738 ἀμφιεννυμένων
3549 1663 3744 1734 αὐτῶν,

2102 1748 2129 1801 ὁ
2188 1746 2445 1822 μακάριος
2479 1748 2646 1809 συνεὶς
2682 1749 2709 1802 ὃ
2761 1760 2936 1802 ποιεῖν
2998 1748 3300 1829 ὥρμηνται,
3362 1749 3605 1828 Ἀδελφοί.
3661 1746 3756 1807 καὶ

377 1831 593 1911 inquit,
628 1850 803 1892 omne
829 1831 1211 1893 mendacium
1273 1831 1346 1892 ad
1397 1831 1700 1892 diabolum
1735 1840 2012 1910 pertinet,

2104 1835 2346 1912 πατέρες,
2382 1835 2507 1913 ἔφη,
2554 1841 2656 1891 πᾶν
2689 1834 2876 1909 ψεῦδος
2913 1835 3152 1912 ἄντικρυς
3207 1839 3266 1894 ἐκ
3297 1846 3416 1898 ,τοῦ
3475 1840 3710 1917 πονηροῦ
3737 1857 3751 1870 ⁸

378 1920 594 1982 veritas
624 1931 822 1984 autem
860 1940 892 1983 e
920 1921 1220 1983 contrario
1251 1920 1372 1983 Deo
1405 1930 1649 2002 accepta
1677 1931 1788 1983 est.
1817 1921 2018 1984 Debeo

378 2011 560 2091 igitur
587 2012 894 2074 veritatem
934 2011 1225 2092 proﬁteri,
1279 2020 1340 2072 ut
1397 2029 1502 2072 vos
1560 2014 1930 2090 cognoscatis
1965 2023 2022 2076 et

377 2101 720 2162 decernatis
750 2102 824 2162 de
853 2120 920 2164 re
948 2121 1079 2181 qua
1109 2102 1328 2164 evenit.
1364 2099 1487 2162 Hac
1542 2111 1716 2163 nocte
1749 2121 1844 2165 me
1875 2122 2021 2183 pec-

378 2200 639 2252 catorem
672 2192 867 2270 angeli
905 2191 1009 2253 Dei
1041 2191 1384 2271 episcopum
1435 2192 1618 2251 Iconii
1670 2210 2024 2255 consecrare

385 2281 491 2341 visi
522 2289 680 2344 sunt.
714 2282 941 2354 Quibus
971 2281 1188 2343 auditis
1218 2281 1304 2341 illi
1336 2298 1398 2342 se
1432 2281 1687 2342 invicem
1721 2281 1916 2343 intuiti
1947 2282 2021 2344 ob

383 2388 509 2434 rem
563 2373 737 2452 plane
789 2371 1201 2433 miraculosam
1261 2381 1505 2450 stupore
1559 2372 1821 2450 perculsi
1857 2385 2019 2446 sunt,

381 2462 878 2541 conferentesque
937 2461 1094 2522 dicta
1147 2479 1281 2521 cum
1341 2459 1414 2520 iis
1473 2479 1604 2540 qua:
1658 2461 1769 2539 ipsi
1833 2462 2023 2523 oculis

370 2551 760 2630 usurpabant,
797 2551 961 2610 illius
991 2549 1502 2610 consecrationem
1559 2568 1768 2612 revera
1802 2551 2018 2612 volun-

376 2642 478 2702 tati
514 2641 728 2702 divinaa
758 2639 1078 2701 convenire
1112 2649 1542 2718 cognoverunt.
1573 2639 1812 2701 Cunctis
1842 2640 2022 2720 igitur

375 2731 698 2812 provinciae
725 2730 1026 2808 episcopis
1081 2736 1138 2790 et
1173 2729 1407 2790 clericis
1459 2730 1798 2791 convocatis
1851 2740 1911 2792 et
1955 2748 2020 2792 re

378 2822 467 2883 uti
491 2821 808 2883 accidisset
837 2820 1127 2900 exposita,
1172 2818 1472 2880 communi
1504 2827 1634 2880 voto
1668 2820 1724 2880 in
1777 2821 2015 2899 episco-

379 2931 518 2993 pum
551 2920 900 2992 promovent
929 2929 1070 2971 eum
1102 2918 1159 2970 et
1190 2908 1249 2969 in
1299 2910 1582 2971 thronum
1617 2909 2014 2972 Iconiensium

378 3001 901 3082 urbisimponunt.
935 3001 1140 3075 Itaque
1187 3001 1450 3079 acceptis
1479 2999 1764 3062 Ecclesia:
1794 3001 2016 3079 guber-

378 3092 610 3154 naculis
665 3091 882 3170 dignus
946 3109 1015 3151 eo
1065 3089 1169 3166 qui
1210 3089 1405 3170 ipsum
1458 3099 1772 3152 vocaverat
1825 3099 2020 3170 pastor

2103 1925 2136 1990 ἡ
2183 1925 2405 1992 ἀλήθεια
2450 1923 2503 1978 δέ
2535 1927 2838 1982 τούναντίον
2872 1925 3002 2003 φίλη
3050 1933 3189 2000 Θεῷ,
3241 1940 3339 1987 Δεῖ
3398 1931 3486 1984 οὖν
3547 1936 3613 1987 τὰ
3654 1935 3757 1997 τῆς

2103 2011 2353 2078 ἀληθείας
2413 2015 2581 2090 ἐρεῖν,
2643 2013 2779 2069 ὥστε
2843 2016 2931 2070 καὶ
2980 2017 3055 2080 εἰς
3113 2019 3306 2092 γνῶσίν
3357 2040 3412 2074 τε
3456 2019 3542 2075 καὶ
3587 2018 3760 2096 κρίσιν

2105 2102 2360 2178 ὑμετέραν
2415 2104 2476 2158 τὸ
2522 2109 2741 2180 πρᾶγμα
2774 2116 2986 2162 πεσεῖν.
3019 2112 3096 2180 Τῄ
3129 2106 3281 2161 νυκτέ
3325 2108 3490 2183 ταύτῃ
3536 2106 3758 2186 ἄγγελοί

2110 2212 2171 2266 με
2233 2199 2364 2248 Θεοῦ
2423 2193 2514 2247 τὸν
2567 2191 2878 2268 ἁμαρτωλὸν
2953 2192 3239 2250 ἐπίσκοπον
3324 2201 3421 2262 τῆς
3492 2197 3758 2253 ἰκονιέων

2105 2283 2338 2354 ἐῴκεσαν
2377 2294 2710 2360 χειροτονεῖν
2743 2281 2972 2346 πόλεως,
3029 2290 3192 2338 Τοῦτο
3242 2283 3438 2341 ἐκεῖνοι
3484 2285 3758 2342 ἀκοῦσαν-

2104 2392 2193 2432 τες
2226 2374 2299 2436 εἰς
2343 2369 2613 2440 ἀλλήλους
2660 2371 2840 2448 ἑώρων
2884 2373 2944 2427 τὸ
2997 2371 3286 2444 παράδοξον
3317 2378 3407 2430 τοῦ
3438 2376 3755 2454 πράγματος

2106 2461 2461 2539 ἐκπλαγέντες
2501 2477 2514 2490 ⁸
2565 2458 2954 2534 συμϐάλλοντές
3005 2483 3058 2517 τε
3111 2463 3177 2518 τὰ
3222 2464 3477 2540 εἰρημένα
3526 2469 3614 2528 οἷς
3649 2469 3754 2524 αὖ·

2105 2552 2185 2607 τοὶ
2237 2551 2518 2606 ἐθεάσαντο
2551 2548 2788 2626 ἔγνωσαν
2821 2552 2956 2606 κατά
2999 2554 3144 2606 θεῖον
3187 2551 3400 2618 ἀληθῶς
3430 2556 3571 2609 εἶναι
3617 2555 3755 2630 βού-

2103 2638 2254 2714 λημα
2311 2641 2406 2706 τὴν
2466 2639 2664 2694 ἐκείιου
2720 2641 3079 2718 χειροτονίαν.
3139 2638 3428 2707 ’Ἂπαντοις
3487 2644 3572 2699 οὖν
3633 2645 3757 2709 τοὺς

2103 2731 2202 2794 τῆς
2259 2729 2523 2807 ἐπαρχίας
2577 2727 2898 2792 ἐπισκόπους
2971 2731 3060 2786 καὶ
3128 2728 3415 2808 κληρικοὺς
3479 2735 3757 2810 συναθροί-

2102 2841 2312 2891 σαντες,
2374 2822 2441 2876 τὰ
2485 2825 2575 2873 τοῦ
2633 2819 2942 2896 πράγματος
3005 2822 3188 2883 αὖτοτς
3223 2819 3631 2898 ἀναγγέλλουσι,
3667 2823 3756 2878 καὶ

2102 2917 2261 2983 κοινῇ
2296 2910 2461 2986 ψήφῳ
2490 2907 2746 2985 ἀρχιερέα
2795 2911 3113 2964 καθιστῶσιν
3149 2911 3332 2983 αὒτὸν,
3391 2915 3487 2966 καὶ
3521 2919 3597 2984 τῷ
3655 2911 3754 2979 τῆς

2105 2999 2366 3056 ἰκονιέων
2425 2997 2634 3060 πόλεως
2692 2997 2859 3074 θρόνῳ
2933 2997 3352 3076 ἐγκαθιδρύουσι,
3419 2999 3749 3074 Παραλαϐὼν

2105 3091 2193 3148 οῦν
2251 3090 2351 3155 τὴν
2409 3087 2696 3152 ἐκκλησίαν
2755 3086 3030 3160 ἐποίμαινε
3075 3088 3269 3155 ναύτην
3329 3087 3480 3154 ἀξίως
3529 3099 3619 3148 τοῦ
3650 3095 3752 3150 αὐ-

375 3183 507 3258 fuit,
540 3200 692 3262 aqua
723 3182 854 3243 vita:
884 3179 1018 3242 illos
1051 3180 1308 3258 irrigans
1357 3189 1530 3260 atque
1577 3199 1726 3260 pane
1777 3179 2014 3260 pietatis

2104 3184 2187 3239 τὸν
2245 3183 2320 3236 είς
2379 3180 2532 3234 τοῦτο
2583 3174 2936 3256 καλέσαντος,
2998 3178 3164 3255 ῥεῦμα
3207 3183 3349 3249 ζωῆς
3407 3181 3630 3250 ποτίζων
3663 3182 3756 3237 αὒ-

372 3273 669 3335 nutriens.

454 3360 522 3422 V.
560 3361 782 3423 Tribus
809 3360 982 3422 annis
1012 3358 1085 3420 ab
1116 3360 1241 3421 Arii
1275 3367 1330 3420 et
1363 3357 1605 3420 Sabellii
1661 3377 1694 3420 e
1725 3359 2013 3422 diametro

377 3469 691 3532 pravorum
723 3451 1020 3529 furore,et
1050 3448 1363 3529 Postquam
1400 3448 1778 3510 Macedonius
1809 3458 1865 3511 et
1896 3450 2014 3512 Eu-

370 3542 607 3603 nomius
628 3541 951 3601 Ecclesiam
976 3549 1318 3617 pervertere
1345 3539 1540 3598 conati
1569 3547 1759 3619 erant,
1779 3549 2018 3619 praeter-

372 3628 966 3710 lapsis,Theodosius
999 3647 1245 3705 magnus
1277 3627 1791 3708 Constantinopoli
1829 3649 2013 3708 syno-

375 3725 515 3782 dum
535 3722 707 3798 cogit,
744 3721 801 3779 in
829 3737 947 3794 qua
971 3717 1363 3797 disceptatum
1388 3717 1493 3778 fuit
1516 3718 1587 3778 ab
1613 3717 1911 3798 episcopis
1942 3720 2018 3782 de

379 3813 909 3886 unigeniliFiliiDei
928 3811 1423 3882 gloria,siquidem
1450 3809 1748 3868 orthodoxi
1775 3813 2019 3869 consub-

375 3901 700 3958 stantialem
716 3914 846 3957 eum
871 3896 1135 3967 Patrique
1159 3912 1352 3968 parem
1380 3896 2017 3956 aﬂirmabantbwretici

374 3997 562 4042 autem
593 3985 660 4040 de
685 3984 864 4056 gloria
893 3992 1127 4054 paterna
1155 3992 1208 4038 et
1229 3981 1884 4039 consubstantiahtated.
1911 3991 2019 4038 tra-

373 4073 518 4133 here
549 4081 608 4132 et
639 4069 904 4150 dejicere
949 4087 1082 4129 eum
1125 4067 1511 4129 conabantur.
1558 4066 1772 4129 Debuit
1819 4075 2015 4128 autem

377 4167 622 4228 omnino
647 4167 954 4228 victoriam
1005 4169 1312 4240 reportare
1344 4161 1598 4239 Spiritus
1641 4169 1904 4231 sanctus,
1959 4169 2018 4222 et

376 4276 444 4318 os
473 4255 653 4318 divini
698 4251 1101 4334 Amphilochii
1159 4251 1339 4312 veluti
1391 4269 1497 4332 per
1546 4251 2013 4313 instrumentum

373 4351 679 4434 proprium
708 4349 1016 4412 haereticas
1047 4363 1233 4424 nugas
1274 4346 1346 4407 ad
1378 4345 1682 4434 silentium
1712 4344 2010 4421 redigere.

375 4433 630 4502 Advenit
652 4439 832 4518 igitur
855 4438 942 4498 vir
973 4455 1211 4518 quoque
1235 4436 1330 4496 hic
1360 4433 1746 4495 admirandus
1777 4441 1833 4493 et
1865 4451 2014 4492 con-

2098 3272 2219 3334 τοὺς
2256 3270 2340 3325 καὶ
2375 3266 2516 3344 ἄρτῳ
2547 3267 2752 3346 τρέφων
2778 3264 3100 3330 θεοσεϐείας,

2185 3359 2272 3418 E'.
2335 3358 2549 3434 Χρόνοις
2591 3354 2646 3410 δὲ
2707 3359 2874 3432 τρισὶν
2930 3356 3147 3434 ὕστερον
3180 3357 3272 3423 τῆς
3308 3355 3510 3435 Ἀρείου
3541 3355 3743 3423 λύσσης

2099 3452 2187 3508 καὶ
2244 3445 2534 3503 Σαϐελλίου
2597 3446 2704 3500 τῶν
2766 3448 2826 3501 ἐκ
2883 3446 3165 3520 διαμέτρου
3223 3453 3423 3520 κακῶν,
3499 3447 3625 3523 πρὸς
3693 3444 3751 3502 δὲ

2102 3536 2423 3594 Μακεδονίου
2481 3537 2564 3590 καὶ
2632 3535 2886 3608 Εὗνομίου
2944 3536 3042 3602 τὴν
3086 3533 3373 3601 ἐκκλησίαν
3416 3535 3752 3609 λυμαινομέ-

2103 3652 2226 3701 νων,
2290 3623 2502 3682 σύνοδον
2548 3624 2602 3680 ἐν
2666 3623 3222 3682 Κωνσταντινουπόλει
3281 3627 3307 3681 6
3353 3628 3520 3704 μέγας
3550 3623 3750 3681 Θεοδό-

2101 3741 2214 3782 σιος
2276 3717 2620 3793 συναθροίζει,
2657 3716 2742 3769 καὶ
2787 3716 3085 3784 ¹συζήτησις
3145 3717 3212 3781 ἦν
3259 3729 3373 3780 τοῖς
3436 3717 3750 3779 ἐπισκόποις

2107 3808 2228 3883 περί
2287 3805 2380 3872 τῆς
2425 3805 2518 3860 τοῦ
2574 3810 2892 3879 μονογενοῦς
2958 3806 3076 3859 ι’ἱοῦ
3119 3812 3211 3860 τοῦ
3249 3812 3382 3862 Θεοῦ
3425 3803 3606 3878 δόξης,
3642 3812 3750 3860 τῶν

2103 3898 2199 3972 μὲν
2259 3893 2544 3973 ὀρθοδόξων
2603 3891 2884 3965 ὃμοούσνον
2942 3892 3034 3948 καί
3098 3893 3216 3948 ἴσον
3278 3901 3354 3967 τῴ
3399 3899 3566 3967 Πατρί
3615 3915 3750 3970 πρε-

2101 3984 2395 4042 σϐευόντων
2464 3981 2642 4060 αὒτὸν,
2707 3987 2813 4036 τῶν
2889 3985 3164 4059 αἱρετικῶν
3227 3981 3282 4038 δὲ
3341 3988 3613 4060 καθαιρεῖν
3658 3985 3747 4039 καὶ

2100 4071 2434 4144 ὑποϐιὸἀζειν
2477 4071 2570 4137 τῆς
2645 4073 2908 4139 πατρικῆς
2970 4071 3124 4138 δόξης
3175 4074 3262 4128 καὶ
3321 4075 3745 4146 ὁμοουσιότητος

2100 4162 2526 4236 διατεινομένων.
2591 4159 2757 4216 ’Ἔδει
2803 4159 2857 4215 δὲ
2910 4161 3122 4226 πάντως
3169 4162 3266 4228 τὴν
3319 4169 3547 4218 νικῶσαν
3598 4162 3749 4241 ἔχειν

2099 4256 2158 4310 τὸ
2219 4259 2431 4324 Πνεῦμα
2460 4252 2522 4306 16
2568 4250 2745 4326 ἅγιον,
2782 4251 2870 4305 καὶ
2921 4251 2992 4315 ὡς
3021 4248 3096 4307 δι’
3129 4252 3352 4328 ὃργάνου
3383 4254 3522 4317 τινὸς
3553 4252 3750 4312 οἰκείου

2097 4350 2189 4398 τοῦ
2247 4342 2504 4418 μακαρίου
2564 4337 2712 4396 τοῦδε
2760 4339 3026 4414 στόματος
3073 4343 3165 4396 τοῦ
3207 4343 3343 4399 θείου
3387 4340 3746 4420 Ἀμφιλοχίου

2097 4433 2196 4497 τὴν
2254 4430 2521 4504 αἱρετικὴν
2580 4434 2933 4506 κατασιγᾶσαι
2987 4432 3335 4508 κενοφωνίαν.
3395 4429 3744 4497 Μετάκλητος

373 4540 462 4592 tra
488 4531 746 4592 veritatis
768 4527 1047 4588 inimicos
1070 4539 1346 4605 tanquam
1372 4523 1584 4585 dextra
1600 4540 1808 4582 manus
1823 4520 1898 4583 ab
1925 4539 2016 4582 or-

2104 4519 2190 4575 οῦν
2248 4521 2336 4576 καὶ
2409 4520 2436 4574 6
2493 4519 2795 4592 θαυμαστὸς
2856 4521 3005 4581 οὗτος
3065 4521 3199 4596 ἀνὴρ
3270 4521 3468 4598 γίνεται
3527 4519 3745 4596 μεγάλη

377 4624 637 4682 tbodoxis
659 4624 965 4678 aastimatus
987 4631 1087 4677 est.
1116 4619 1257 4682 Cum
1282 4627 1470 4674 autem
1495 4616 1762 4672 vehiculo
1790 4615 2018 4686 publico

375 4715 572 4765 vectus
597 4707 870 4765 accedi-re
885 4706 1210 4777 juberelur.
1247 4703 1446 4761 urbem
1473 4702 1806 4774 relinquens
1831 4699 2020 4758 Theo-

375 4794 576 4852 dulum
597 4793 853 4849 ecclesiae
877 4807 990 4848 suae
1015 4789 1480 4847 archidiaconum
1511 4801 1701 4842 secum
1729 4785 2016 4856 proﬁcisci

373 4880 556 4942 voluit
602 4878 930 4941 Carbonem
969 4894 1148 4956 porro
1180 4880 1419 4953 igneum
1453 4872 1637 4932 linteo
1686 4871 2014 4933 involutum

371 4973 795 5035 archidiacono
821 4971 998 5032 tradit
1027 4969 1414 5048 prtecipitque
1448 4973 1510 5025 ut
1539 4983 1741 5026 secum
1765 4982 2015 5026 conser-

371 5075 464 5127 vet
488 5065 821 5146 usquedum
846 5083 916 5124 eo
949 5080 1095 5140 opus
1117 5061 1193 5120 sit
1224 5059 1556 5120 habiturus.
1596 5059 1888 5121 Caeterum
1923 5066 2016 5118 to-

370 5165 495 5217 tum
516 5161 758 5215 sanctus
783 5150 1040 5214 confecit
1070 5149 1185 5209 iter
1203 5149 1473 5228 jejunus.
1509 5147 2011 5226 Constantinopo-

372 5245 478 5305 lim
513 5245 818 5323 ingressus
841 5239 996 5320 apud
1029 5239 1266 5300 viduam
1303 5239 1453 5317 piam
1483 5235 1876 5301 divertit.Ubi
1908 5255 2018 5298 au-

371 5334 740 5396 divitomnes
770 5330 933 5391 urbis
959 5326 1244 5389 ecclesias
1259 5334 1441 5387 serris
1461 5327 1877 5408 repagulisque
1909 5345 2015 5387 oc-

371 5425 566 5488 clusas
588 5419 1205 5497 teneri,niliilominus
1229 5419 1288 5480 in
1323 5419 1395 5480 iis
1417 5429 1694 5482 oraturus
1726 5419 2010 5500 perrexit,

373 5522 433 5575 et
460 5514 531 5573 ad
554 5513 841 5592 cujusque
885 5509 1034 5571 ostia
1056 5511 1115 5572 in
1137 5528 1329 5588 genua
1353 5527 1577 5591 pronus
1595 5529 1629 5570 a
1650 5509 1771 5570 Deo
1809 5508 2012 5585 preci-

373 5603 483 5664 bus
509 5601 782 5664 obtinere
802 5600 1051 5674 studuit,
1086 5608 1148 5662 ut
1177 5600 1565 5661 orthodoxam
1596 5597 2013 5660 corroboraret

371 5691 700 5758 Ecclesiam
725 5699 782 5755 et
803 5691 916 5753 sibi
941 5689 1346 5773 eloquentiam
1381 5689 1641 5752 veritatis
1679 5684 2007 5749 auxiliatri-

2100 4622 2217 4672 τοῖς
2247 4604 2540 4686 ὀρθόδοξοις
2597 4609 2718 4686 χεὶρ
2764 4610 2897 4664 κατὰ
2950 4611 3055 4665 τῶν
3116 4611 3320 4688 ἐχθρῶν
3365 4615 3462 4676 τῆς
3493 4608 3746 4676 ἀληθείας

2100 4696 2548 4769 ἀλισθησόμενος.
2614 4695 2764 4753 Ἐπεὶ
2807 4695 2862 4754 δὲ
2907 4697 2988 4754 διὰ
3043 4704 3148 4754 τῶν
3193 4696 3464 4772 δημοσίων
3514 4699 3747 4777 ὀχημά-

2099 4810 2204 4844 των
2231 4793 2414 4867 φοιτᾷν
2465 4785 2761 4866 ἐκελεύετο,
2807 4786 3243 4865 συμπαραλαϐὼν
3302 4787 3392 4843 καὶ
3454 4785 3747 4843 Θεόδουλον

2099 4880 2191 4934 τὸν
2251 4877 2345 4944 της
2404 4878 2560 4932 αὖτοῦ
2623 4875 2908 4942 ἐκκλησίας
2970 4875 3368 4956 ἀρχιδιάκονον,
3429 4875 3571 4952 ἐξῄει
3649 4877 3747 4943 τῆς

2099 4966 2334 5029 πόλεως.
2373 4966 2654 5044 ’Ἂνθρακα
2772 4967 2934 5042 πυρὸς
2966 4964 3168 5023 ἐκεῖθεν
3215 4962 3392 5020 λαϐὼν
3440 4970 3527 5020 καὶ
3585 4966 3746 5042 ὀθόνῃ

2101 5059 2200 5114 τινὶ
2257 5055 2618 5134 κατακρύψας,
2657 5062 2732 5128 τῷ
2762 5053 3125 5133 ἀρχιδιακόνῳ
3154 5053 3362 5110 δίδωσιν
3424 5055 3586 5110 εἰπὼν
3641 5079 3748 5134 φυ-

2101 5145 2311 5202 λάττειν
2366 5145 2491 5219 παρ’
2541 5145 2711 5217 ἑαυτῴ
2755 5143 2854 5206 ἕως
2907 5145 2980 5208 εἰς
3040 5143 3229 5220 χρείαν
3275 5143 3432 5199 αὒτοῦ
3491 5143 3740 5221 γένηται,

2099 5239 2188 5293 καὶ
2219 5242 2315 5303 τῆς
2349 5233 2466 5291 ὁδοῦ
2497 5234 2768 5308 ἁψάμενος
2801 5229 2981 5296 ἄσιτος
3011 5231 3170 5298 ἤνυσε
3203 5234 3422 5299 ταύτην,
3459 5239 3537 5308 Τῇ
3586 5243 3741 5290 Κων-

2101 5323 2532 5382 σταντινουπόλει
2592 5319 2645 5377 δὲ
2699 5319 2884 5384 ἐπιϐὰς
2967 5321 3215 5391 ξενίζεται
3277 5323 3418 5400 παρά
3482 5345 3579 5378 τινι
3639 5347 3743 5400 γο-

2099 5418 2238 5472 ναικὶ
2269 5413 2416 5493 χήρᾴ
2447 5413 2531 5468 καὶ
2575 5409 2859 5490 φιλαρέτῳ.
2917 5413 3110 5467 Μαθὼν
3141 5410 3194 5467 δὲ
3227 5414 3297 5477 ὡς
3354 5414 3402 5468 αἱ
3461 5411 3745 5479 ἐκκλησίαι

2099 5511 2262 5561 πᾶσαι
2323 5503 2418 5568 τῆς
2465 5499 2672 5562 πόλεως
2717 5501 2819 5557 ὕπὸ
2878 5499 3048 5557 κλεισὶ
3108 5504 3195 5558 καὶ
3240 5515 3496 5581 σφραγῖσι
3522 5500 3742 5558 κεκλει-

2098 5593 2286 5669 σμέναι
2343 5590 2606 5666 διέμενον,
2670 5590 2831 5666 ἀπῂει
2911 5589 3328 5667 προσευξόμενος
3379 5592 3432 5647 ἐν
3491 5591 3682 5655 αὒταϊς
3722 5611 3736 5627 ·

2095 5684 2252 5746 τιθεὶς
2309 5682 2373 5738 τὰ
2435 5680 2632 5760 γόνατα
2667 5681 2806 5760 παρά
2844 5680 2908 5738 τὰ
2952 5681 3183 5748 ἑκάστης
3228 5678 3531 5759 προπύλαια
3566 5679 3741 5738 ἐδέετο
