4086 6418
329 350 434 414 961

1336 351 1524 413 VITA
1568 350 1636 420 S,
1679 345 2187 412 AMPHILOCHII
2236 347 2686 412 ICONIENSIS.

3575 345 3690 409 962

330 490 424 544 106
493 492 626 542 Θεοῦ
668 490 765 550 τῆν
835 483 1101 560 ὀρθόδοξον
1177 482 1500 550 Ἐκκλησίαν
1561 491 1805 560 κρατῦναι
1877 481 1997 538 καῖ.

2082 497 2186 541 :em
2219 479 2605 540 condonaret.
2640 476 2847 538 Statim
2881 477 3059 556 igitur
3089 477 3477 542 ecclesiarum
3511 491 3695 560 portas

333 580 475 648 αὐτῷ
530 573 691 650 λόγον
721 575 850 651 ὑπὲρ
880 576 976 639 τῆς
1015 573 1264 639 ἀληθείας
1324 575 1609 652 σύμμαχον
1642 584 1970 652 παρασχεῖν,

2082 579 2268 650 sponte
2299 576 2520 648 apertae
2547 577 2712 642 sunt;
2749 569 3014 647 precanti
3044 581 3241 629 autem
3274 569 3476 630 divina
3504 573 3698 649 angeli

338 669 494 728 Εὐθύς
541 664 628 719 οὖν
659 665 710 718 αἱ
754 671 858 719 τῶν
910 662 1209 729 ἐκκλησιῶν
1252 665 1402 742 θύραι
1437 663 1723 734 αὐτόματοι
1770 660 1972 727 διηνοί-

2082 663 2276 731 pecies
2306 670 2542 732 apparet
2571 669 2624 717 et
2653 659 2722 716 ad
2758 670 3043 718 certamen
3073 663 3382 719 imminens
3412 664 3560 719 vires
3591 666 3698 719 im-

335 771 516 830 γοντο’
576 753 664 807 καὶ
695 752 752 813 ὃς
801 751 991 825 εἰσῄει,
1027 751 1113 806 καὶ
1145 751 1315 830 εὐχῆς
1372 750 1573 825 μᾶλλον
1607 751 1820 830 εἴχετο.
1872 752 1972 806 Εὐ-

333 841 555 921 χομένῳ
613 838 666 894 δὲ
737 839 966 918 ἀγγέλου
1013 840 1123 896 θεία
1166 862 1247 903 τις
1305 841 1633 919 ἒπιφαίνεται
1693 838 1970 916 παρουσία,

2061 746 2256 826 pertit.
2289 744 2747 824 Amphilochius
2777 743 2956 822 igitur
2983 744 3136 826 apud
3175 746 3488 807 mulierem
3521 766 3696 826 quam

2059 836 2320 897 diximus
2347 833 2657 896 habitavit.
2691 832 3021 895 Eunomius
3053 843 3252 896 autem
3280 843 3338 896 et
3360 838 3458 914 qui
3477 837 3548 898 ab
3572 839 3702 917 ejus

333 933 420 987 καὶ
496 931 627 1008 πρὸς
688 930 780 985 τὸν
849 929 1192 1007 προκείμενον
1270 929 1426 986 ἆθλον
1497 930 1652 985 αὐτὸν
1715 926 1971 1008 ἐνισχύει.

2082 929 2317 984 iartihus
2346 927 2590 995 stabant,
2613 941 2740 984 cum
2766 927 3099 983 didicissent
3119 928 3580 997 Amphilochium
3602 929 3702 986 ιιιί-

337 1018 702 1099 Ἀμφιλόχιος
761 1018 858 1092 μέν
917 1018 1005 1073 οὖν
1055 1019 1191 1095 παρὰ
1243 1023 1319 1093 τῷ
1348 1018 1554 1096 ῥηθέντι
1610 1021 1805 1097 γοναίῳ
1852 1019 1975 1074 ἐπι-

335 1107 642 1181 ξενούμενος
698 1107 786 1174 ἧν·
856 1109 883 1162 6
947 1107 1203 1182 Εὐνόμιος
1259 1106 1312 1162 δὲ
1369 1109 1456 1164 καὶ
1514 1111 1562 1163 οἱ
1618 1108 1736 1185 περὶ
1794 1108 1972 1182 αὐτὸν,

334 1199 592 1261 παθόντες
647 1199 718 1258 ὡς
753 1196 1113 1275 Ἀμφιλόψιος
1165 1198 1540 1275 παραγένοιτο,
1572 1199 1659 1254 καὶ
1689 1198 1769 1253 ὅτι
1816 1197 1975 1253 αὐτό·-

335 1310 494 1364 ματοι
551 1287 720 1358 τούτῳ
774 1287 826 1341 αἱ
897 1290 1002 1344 τῶν
1058 1284 1361 1352 ἒκκλησιῶν
1419 1287 1736 1364 ἆνεῴγησαν
1792 1284 1974 1355 πύλαι,

335 1378 528 1457 φθόνου
581 1375 780 1451 κέντρῳ
832 1375 1078 1453 νυγέντες
1129 1376 1220 1431 16v
1262 1375 1486 1452 βασιλέα
1531 1373 1706 1442 ἠξίουν
1758 1377 1830 1438 εἰς
1879 1373 1978 1430 λό-

339 1488 465 1544 γους
523 1464 696 1521 ἐλθετν
725 1467 802 1538 τῷ
851 1465 1215 1543 Ἀμιριλοχίῳ,
1249 1464 1337 1522 ἅτε
1390 1464 1566 1541 λόγων
1593 1463 1806 1540 δυνάμει
1854 1463 1981 1540 θαῤ-

337 1555 550 1633 ῥοῦντες
611 1555 757 1610 αὐτοὶ
813 1554 900 1611 καὶ
955 1553 1014 1609 ἐκ
1071 1555 1289 1630 πρώτης
1345 1555 1490 1618 εὐθύς
1535 1554 1769 1632 αἱρήσειν
1828 1555 1984 1609 αὐτὸν

338 1645 595 1720 οἰόμενοι,
648 1645 742 1701 Καὶ
772 1642 837 1709 δὴ
897 1645 1034 1718 μετὰ
1091 1645 1324 1714 πλήθους
1378 1646 1464 1701 καὶ
1495 1647 1820 1719 προπομπῆς
1881 1665 1983 1719 με·-

337 1756 524 1813 γιστου
567 1735 698 1812 πρὸς
743 1734 901 1788 αὐτὸν
931 1735 1217 1810 γενόμενος
1262 1737 1289 1788 6
1323 1735 1601 1809 Εὐνόμιος,
1637 1735 1708 1788 Σὺ
1759 1733 1837 1806 εἴ,
1874 1755 1984 1811 φη·-

2063 1031 2195 1076 esse
2226 1014 2403 1090 eique
2435 1013 2821 1074 ecclesiarum
2855 1012 3009 1073 fores
3040 1031 3146 1074 sua
3175 1022 3385 1092 sponte
3410 1023 3703 1076 reseratas

2065 1121 2220 1177 esse,
2256 1103 2496 1164 invidiae
2526 1101 2766 1162 stimulo
2798 1101 3090 1182 compulsi
3125 1120 3326 1182 regem
3361 1114 3607 1166 orarunt
3637 1115 3705 1166 ut

2063 1194 2206 1272 ipsis
2232 1194 2443 1254 liceret
2471 1192 2773 1272 disputare
2803 1210 2936 1252 cum
2971 1192 3392 1270 Amphilochia
3429 1215 3443 1257 :
3497 1194 3701 1255 confisi

2062 1283 2224 1344 enim
2247 1286 2296 1342 vi
2323 1281 2688 1361 eloquentiae
2709 1281 2978 1358 protinus
2995 1279 3066 1341 ab
3086 1280 3253 1341 initio
3272 1300 3403 1343 sese
3425 1294 3704 1362 capturos

2064 1389 2200 1434 eum
2231 1379 2576 1451 sperarunt.
2610 1371 2803 1442 Quare
2826 1389 2962 1430 cum
2999 1369 3376 1432 multitudine
3403 1381 3464 1432 et
3495 1390 3708 1452 pompa

2066 1479 2390 1542 permagna
2419 1458 2743 1521 Eunomius
2780 1459 2852 1520 ad
2885 1477 3022 1519 eum
3057 1477 3122 1519 se
3150 1460 3400 1521 contulit
3425 1470 3483 1522 et
3511 1461 3708 1522 inter-

2065 1552 2462 1629 rogavit,num
2487 1557 2645 1610 esset
2675 1549 2779 1610 ille
2807 1547 3050 1610 celeber
3070 1548 3521 1629 Amphilochius
3541 1550 3570 1608 ‘I
3597 1551 3711 1623 Qui

2065 1639 2377 1721 respondit
2425 1658 2490 1701 se
2547 1647 2926 1719 peccatorem
2971 1656 3126 1700 esse.
3162 1640 3311 1700 Tum
3359 1638 3710 1714 Eunomius,

2068 1731 2206 1805 Cur,
2234 1730 2449 1809 inquit,
2475 1729 2584 1790 Dei
2616 1729 2943 1790 Ecclesiam
2965 1727 3280 1808 perturbes
3301 1734 3329 1791 ?
3348 1728 3438 1790 Ad
3461 1747 3597 1808 qua}
3629 1730 3716 1792 vir

339 1826 444 1898 σὶν,
481 1827 508 1878 6
567 1825 901 1900 περιώνυμος
954 1823 1314 1904 Ἀμφιλόχιος
1349 1846 1364 1898 ;
1422 1815 1478 1881 Ὀ
1522 1823 1599 1899 δὲ,
1635 1823 1778 1917 Ῥγώ
1819 1825 1926 1898 εἶμι
1959 1824 1985 1876 6

2082 1838 2321 1897 magnus
2353 1819 2626 1917 regessit:
2653 1820 2785 1880 Non
2815 1836 2929 1896 ego
2958 1817 3263 1917 perturba,
3295 1819 3402 1880 sed
3434 1827 3494 1880 tu
3519 1829 3577 1881 et
3597 1821 3712 1882 do-

338 1913 684 1991 ἀμαρτωλὸς,
717 1911 1051 1992 ἀπεκρίνατο.
1105 1913 1212 1971 Καὶ
1258 1915 1286 1969 6
1339 1915 1616 1992 Εὐνόμιος,
1648 1910 1756 1969 ’ἶνα
1799 1913 1848 1967 τί
1904 1910 1980 1985 δὲ,

337 2003 500 2081 φησί,
563 2000 888 2081 διαστρέφεις
962 2003 1064 2070 τὴν
1108 2010 1201 2059 τοῦ
1253 2009 1384 2060 Οεοῦ
1443 2001 1821 2075 Ἐιικλησίὰν;
1880 2005 1986 2059 Οὐκ

338 2093 451 2170 ἐγὼ
502 2089 816 2171 διαστρέφω,
852 2091 1007 2150 εἶπεν
1055 2094 1082 2147 6
1113 2091 1306 2171 μέγας,
1338 2091 1476 2148 ἀλλὰ
1523 2093 1584 2147 σὺ
1628 2094 1715 2148 καὶ
1746 2094 1773 2147 6
1829 2092 1982 2154 οἶκος

339 2190 434 2238 τοῦ
491 2181 690 2258 πατρός
736 2203 830 2238 σου
862 2185 955 2238 106
999 2188 1230 2242 Σατανᾶ.
1284 2183 1380 2241 Καὶ
1433 2185 1459 2239 6
1514 2182 1766 2256 Εὐνόμιος
1816 2183 1978 2244 αὖθις·

339 2279 456 2330 Τῶν
516 2270 874 2348 εὐαγγελικιῖμ
945 2272 1198 2348 ῥημάτιον
1255 2271 1436 2350 ὕτερον
1479 2279 1569 2330 τοῦ
1632 2272 1837 2349 Πατρὸς
1895 2272 1988 2327 τὸν

347 2363 466 2418 Υἱὸν
530 2361 674 2417 εἶναι
717 2361 854 2417 κατὰ
916 2363 1112 2440 χρόνον
1181 2360 1446 2440 λέγόντων
1507 2366 1604 2418 καὶ
1664 2361 1858 2428 ἥττονα
1899 2367 1992 2417 106

355 2451 572 2525 Πατρύς,
605 2452 720 2515 πῶς
778 2452 934 2516 ὑμεῖς
997 2452 1290 2530 σύγχρονον
1349 2454 1433 2507 καὶ
1477 2452 1783 2528 ὁμοιούσιον
1835 2452 1992 2510 αὐτὸν

354 2539 496 2596 εἷναί
545 2561 676 2620 φατε
713 2559 730 2612 ;
774 2541 914 2606 Φησὶ
944 2542 1042 2618 γὰρ
1065 2543 1098 2608 ἡ
1130 2539 1378 2620 θεολόγος
1408 2541 1578 2621 φωνῆ’
1648 2563 1672 2597 ⁸
1712 2541 1802 2598 Ἐν
1847 2541 1993 2619 ἀρχῆ

350 2629 416 2696 ἦν
459 2631 486 2684 6
519 2629 712 2706 Λόγος.
754 2651 781 2684 π
822 2631 878 2686 ΕΞ
931 2632 985 2684 ἓν
1016 2631 1163 2708 ἀρχῇ
1195 2635 1284 2702 ἦν,
1320 2627 1480 2698 δῆλον
1537 2633 1609 2696 ὡς
1639 2630 1851 2709 ὕστερός
1885 2629 1993 2686 ἐστι

346 2726 440 2774 106
492 2719 731 2798 ἀνάρχου
792 2721 1022 2797 Πατρός·
1085 2725 1228 2799 πᾷσα
1273 2721 1373 2797 γὰρ
1421 2721 1568 2799 ἀρχῆ
1628 2720 1729 2776 5πό
1774 2720 1990 2799 χρόνον

345 2795 672 2886 ὑπέρχρονος
703 2806 757 2863 δὲ
815 2809 842 2864 6
873 2795 1076 2884 Πατήρ,
1135 2795 1227 2864 Ἠν
1279 2795 1698 2888 τοίνυν-ἱρόνος
1902 2808 1998 2865 οὐκ

339 2897 406 2964 ἦν
443 2899 470 2953 6
503 2899 645 2960 Υἱός.
693 2896 869 2972 Ἀλλ’,
903 2901 947 2953 ὦ
978 2897 1244 2974 βέλτιστε.
1300 2902 1327 2954 6
1362 2898 1718 2979 Ἀμφιλόχιος
1768 2899 1992 2976 ἀπεκρί-

345 3009 498 3067 νατο,
533 2988 714 3051 κακῶς
773 2988 835 3042 16
883 2992 980 3054 τῆς
1037 2987 1214 3068 ἀρχῆς
1263 2992 1658 3064 σημαινόμενον
1718 2985 1994 3063 ἐκλαμϐά-

345 3100 451 3132 νων
496 3077 648 3151 ιιακῷ
677 3078 1084 3153 συμπεράσματι
1135 3079 1221 3134 καὶ
1279 3080 1371 3134 τὸν
1415 3080 1505 3134 σὸν
1537 3077 1696 3156 λόγον
1755 3079 1996 3154 συνήγα-

2071 1928 2203 1970 mus
2255 1908 2434 1988 patris
2464 1910 2546 1970 tui
2577 1907 2830 1970 Satanas.
2881 1907 3110 1968 Deinde
3136 1907 3505 1971 Eunomius:
3565 1911 3712 1974 Cum

2069 1999 2340 2061 doctrina
2374 1998 2710 2078 evangelica
2739 1996 2952 2060 Filium
2997 1997 3388 2077 posteriorem
3421 1998 3579 2061 Patri
3609 2019 3711 2063 se-

2069 2095 2320 2151 cundum
2347 2103 2571 2164 tempus
2591 2092 2943 2150 etminorem
2976 2106 3101 2148 esse
3131 2092 3400 2160 declaret,
3424 2096 3716 2164 quomodo

2069 2196 2172 2238 vos
2201 2177 2708 2257 contemporalem
2756 2187 2932 2256 atque
2962 2175 3528 2239 consubstantialem
3575 2198 3713 2241 eum

2069 2266 2298 2328 dicitis?
2328 2266 2664 2345 Theologus
2688 2265 2845 2327 enim
2865 2266 2967 2328 ait:
2993 2263 3056 2326 In
3081 2264 3376 2346 principio
3407 2275 3534 2328 erat
3560 2270 3715 2331 Ver-

2071 2356 2214 2418 bum
2245 2359 2372 2418 Jam
2392 2357 2443 2418 si
2461 2356 2522 2419 in
2549 2356 2841 2436 principio
2863 2355 2994 2434 fuit,
3013 2355 3401 2435 posteriorem
3425 2375 3558 2420 esse
3581 2377 3717 2420 eum

2075 2455 2324 2526 apparet
2343 2445 2515 2508 Patre
2545 2447 2645 2528 qui
2663 2445 2834 2507 initio
2865 2453 3045 2506 caret.
3074 2444 3267 2509 Omne
3299 2445 3458 2507 enim
3482 2447 3716 2510 initium

2076 2538 2187 2598 sub
2215 2546 2447 2614 tempus
2465 2535 2826 2610 cadit;Pater
2839 2543 3036 2596 autem
3056 2542 3290 2615 tempus
3310 2536 3565 2600 excedit.
3590 2537 3722 2599 Fuit

2076 2629 2252 2698 igitur
2275 2636 2500 2698 tempus
2531 2642 2643 2698 quo
2673 2626 2851 2682 Filius
2873 2639 2988 2683 non
3013 2626 3134 2682 fuit.
3169 2629 3237 2682 At
3262 2633 3342 2690 tu,
3362 2628 3721 2694 charissima,

2076 2710 2532 2791 Amphilochius
2561 2710 3334 2792 respondit,etprincipium
3361 2711 3610 2793 ejusque
3633 2715 3720 2774 si-

2079 2801 2517 2880 gniﬁcationem
2543 2801 2697 2862 male
2717 2799 3149 2867 intellexisti,et
3169 2800 3325 2861 mala
3339 2802 3724 2865 conclusione

2078 2890 2407 2952 orationem
2434 2898 2592 2951 tuam
2613 2888 3021 2968 composuisti.
3056 2887 3118 2951 Si
3143 2893 3305 2950 enim
3329 2888 3592 2952 Verbum
3617 2892 3726 2954 fuit

2077 2980 2262 3061 Deus,
2289 2988 2348 3042 et
2369 2981 2572 3042 omnia
2606 2997 2714 3060 per
2733 2980 2876 3040 illud
2910 2979 3062 3040 facta
3091 2987 3493 3060 eunt,tempus
3522 2989 3723 3044 autem

2081 3071 2140 3131 in
2171 3070 2244 3131 iis
2261 3088 2396 3146 quae
2420 3069 2570 3130 facta
2591 3077 2728 3130 sunt
2748 3075 3025 3129 ceusetur
3056 3069 3397 3148 (Apostolus
3419 3071 3576 3132 enim
3601 3071 3682 3134 ait
3708 3089 3721 3134 :

345 3183 462 3245 γες·
500 3168 558 3223 Εἰ
603 3167 702 3245 γὰρ
754 3168 883 3230 Θεὸς
934 3165 1000 3234 ἦν
1031 3170 1059 3223 6
1109 3168 1305 3246 Λόγος,
1350 3171 1436 3225 καὶ
1491 3167 1560 3224 δι’
1617 3167 1776 3225 αὐτοῦ
1828 3168 1997 3225 πάντα

2091 3186 2116 3218 ι
2140 3159 2255 3222 Per
2278 3178 2453 3241 quem
2473 3159 2649 3221 etiam
2667 3157 2883 3219 saecula
2904 3157 3042 3219 fecit
3068 3157 3149 3239 in),
3168 3176 3311 3237 ergo
3334 3158 3513 3221 etiam
3538 3159 3726 3224 Filius

345 3255 586 3334 ὶγένετο,
649 3259 700 3313 ἓν
759 3255 814 3312 δὲ
884 3263 992 3313 τῶν
1051 3258 1346 3336 γεγονότων
1401 3258 1511 3315 ἐστὶ
1565 3257 1662 3314 καί
1705 3259 1734 3314 6
1777 3256 1996 3337 χρόνος,

358 3369 385 3401 α
425 3345 508 3402 Δι’
568 3348 630 3403 οὗ
681 3347 800 3425 γὰρ,
851 3365 881 3405 )
960 3348 1118 3425 φησὶν
1190 3351 1216 3404 ὁ
1275 3347 1627 3428 Ἀπόστολος,
1679 3351 1822 3404 «καὶ
1883 3347 2002 3411 τοὺς

353 3438 548 3498 αἰῶνας
580 3435 851 3515 ἐποίησεν,
893 3459 916 3494 ι)
982 3435 1094 3512 ἅρω
1125 3440 1212 3494 καὶ
1262 3441 1289 3493 6
1321 3441 1442 3502 Υἱὸς
1496 3437 1849 3517 ὑπέρχρονος.
1881 3437 2001 3500 Πῶς

355 3527 456 3605 γὰρ
499 3525 562 3581 ἂν
606 3526 698 3592 εἴη
730 3527 985 3604 πρότερον
1027 3529 1090 3583 τὸ
1119 3527 1220 3584 ὑπό
1263 3549 1406 3591 τινος
1440 3530 1657 3606 γεγονὸς
1701 3533 1793 3586 τοῦ
1822 3525 1888 3582 δι’
1945 3527 2005 3580 οὗ

355 3619 487 3694 πρὸς
545 3617 750 3693 γένεσιν
808 3616 963 3683 ἦλθεν
1002 3635 1018 3696 ;
1087 3619 1142 3674 Ei
1200 3615 1255 3672 δὲ
1305 3619 1483 3696 τοῦτο,
1520 3618 1733 3680 πάντως
1770 3613 2000 3695 ὂίχρονος

357 3707 456 3783 ἄρα
485 3708 574 3762 καὶ
632 3709 658 3762 6
691 3707 810 3770 Υἱὸς
839 3707 976 3762 κατὰ
1024 3706 1122 3773 τὴν
1156 3706 1430 3785 θεολόγον,
1461 3708 1533 3771 ὡς
1564 3708 1743 3776 οἶσθα,
1793 3705 1999 3785 φωνήν,

359 3797 420 3853 Εἰ
481 3792 535 3849 δὲ
568 3794 655 3850 καὶ
684 3795 744 3850 τὸ
787 3796 884 3862 τῆς
929 3796 1106 3874 ἀρχῆς
1139 3792 1306 3870 ὄνομα
1367 3795 1629 3874 χρονικήν
1657 3815 1739 3851 σοι
1797 3790 2003 3848 δίδωσιν

355 3884 609 3940 ὑπόνοιαν
687 3885 825 3941 κατὰ
891 3891 984 3940 106
1056 3887 1203 3959 Υἱοῦ,
1272 3885 1360 3941 καὶ
1433 3886 1747 3962 ὕστερογενῆ
1819 3889 2002 3939 τοῦτον

356 3972 656 4052 ὑπείληφας
712 3973 804 4030 τοῦ
859 3975 1088 4052 Πατρὸς,
1134 3974 1261 4049 ἐμοὶ
1319 3982 1443 4053 γοῦν
1502 3981 1658 4031 τοῦτο
1710 3973 2007 4051 σύγχρονΟν

357 4071 437 4138 τῷ
510 4065 674 4140 Πατρὶ
723 4065 814 4119 τὸν
874 4066 994 4120 ι’ἱὸν
1051 4061 1258 4120 δίδωσιν
1314 4063 1540 4120 ἐννοεῐνο
1585 4065 1646 4120 16
1677 4064 1796 4141 γὰρ,
1857 4084 1884 4117 1
1919 4062 2010 4120 Ἐν

362 4154 510 4233 ἀρχῇ
566 4153 630 4220 ἧν
701 4155 727 4209 6
788 4154 984 4232 Λόγος,
1027 4175 1051 4209 ι
1129 4155 1188 4211 οὐ
1243 4154 1378 4210 κατὰ
1443 4155 1537 4217 τὰς
1590 4152 1885 4227 δπολήψεις
1955 4150 2010 4206 ἐν

366 4245 510 4322 ἀρχῇ
565 4248 635 4319 τῇ
685 4244 816 4300 κοτὰ
865 4245 1061 4323 χρόνον
1113 4250 1334 4320 νοοῦμεν
1376 4246 1562 4319 ἡμεῖς·
1625 4242 1764 4301 οὕτω
1805 4245 1906 4322 γὰρ
1946 4240 2010 4298 ἂν

364 4333 453 4387 καὶ
508 4333 706 4411 χρόνου
762 4331 978 4411 ὕστερος
1021 4335 1049 4389 ὁ
1113 4340 1216 4390 τῶν
1256 4333 1469 4413 χρόνων
1527 4331 1620 4400 εἴη
1664 4332 2006 4412 δημιουργὸς,

361 4420 482 4477 ἀλλ’
538 4423 713 4500 ἀρχὴν
745 4423 842 4490 τὴν
897 4425 971 4486 ὡς
1004 4422 1066 4483 ἄν
1117 4445 1197 4487 τις
1229 4424 1377 4480 εἴποι
1431 4421 1604 4480 ἀίδιον
1651 4422 1892 4501 ὕπαρξιν,
1923 4422 2013 4479 καὶ

2086 3259 2320 3330 tempus
2369 3249 2626 3312 excedit.
2661 3247 2972 3320 Quomodo
3022 3247 3184 3310 enim
3215 3247 3277 3310 id
3313 3250 3478 3326 quod
3506 3250 3725 3311 factum

2086 3349 2175 3402 est
2226 3340 2513 3402 exsistere
2564 3339 2783 3420 poterit
2833 3338 2996 3419 prius
3044 3357 3220 3419 quam
3267 3338 3370 3401 ille
3401 3358 3509 3420 per
3549 3359 3728 3421 quem

2085 3431 2301 3494 factum
2337 3429 2454 3493 est?
2475 3428 2535 3492 Si
2565 3438 2759 3492 autem
2781 3429 2893 3491 hoc
2912 3427 2994 3490 ita
3013 3446 3079 3490 se
3095 3428 3294 3503 habet,
3317 3447 3458 3508 ergo
3489 3438 3728 3511 tempo-

2085 3520 2170 3581 ris
2201 3519 2362 3582 notio
2419 3519 2481 3580 in
2511 3518 2726 3581 Filium
2765 3537 3137 3598 nequaquam
3188 3518 3367 3594 cadit,
3400 3519 3730 3581 secundum

2085 3609 2368 3687 Theologi
2401 3610 2670 3684 effatum,
2706 3607 2809 3669 ubi
2830 3607 2988 3668 bene
3012 3608 3189 3669 nosti.
3217 3607 3322 3670 Sin
3346 3617 3544 3670 autem
3571 3609 3734 3691 prin-

2085 3700 2230 3780 cipii
2259 3698 2614 3761 vocabulum
2665 3697 2774 3761 tibi
2804 3699 3090 3778 temporis
3139 3699 3443 3760 notionem
3473 3697 3736 3778 suggerit

2086 3798 2294 3851 contra
2341 3787 2583 3868 Filium,
2617 3805 2874 3867 eumque
2916 3787 3053 3849 ideo
3110 3787 3500 3867 posteriorem
3555 3805 3732 3868 quam

2089 3882 2327 3943 Patrem
2363 3887 2553 3958 putas,
2588 3877 2737 3938 mihi
2779 3887 2985 3938 contra
3013 3876 3161 3938 illud
3212 3877 3407 3956 ipsum
3439 3893 3617 3938 causa
3645 3883 3737 3937 est

2089 3978 2156 4032 ut
2198 3969 2413 4031 Filium
2470 3967 2630 4029 Patri
2684 3966 3141 4028 coexsistentem
3172 3965 3484 4046 accipiam.
3541 3963 3736 4028 Verba

2094 4058 2252 4122 enim
2279 4057 2413 4121 ista:
2449 4054 2548 4118 «In
2573 4055 2866 4137 principio
2889 4063 3015 4116 erat
3045 4053 3372 4135 Verbum,»
3402 4072 3545 4135 non,
3581 4063 3642 4115 ut
3673 4063 3732 4116 tu

2095 4147 2335 4230 quidem
2361 4153 2652 4222 autumas,
2677 4145 2754 4207 de
2778 4144 3072 4225 principio
3088 4144 3284 4225 quoad
3303 4143 3734 4224 tempusintel-

2095 4237 2336 4318 Iigimus
2368 4255 2382 4298 :
2417 4236 2563 4298 alias
2605 4233 2766 4296 enim
2795 4241 3129 4315 temporum
3176 4239 3411 4296 creator
3441 4234 3735 4314 posterior

2094 4327 2246 4389 foret
2275 4327 2531 4406 tempori
2569 4346 2582 4386 :
2643 4326 2747 4388 sed
2779 4324 3135 4405 principium
3167 4321 3516 4402 accipimus,
3551 4330 3617 4384 ut
3655 4321 3737 4383 ita

2094 4417 2313 4492 dicam,
2342 4415 2522 4478 veluti
2550 4422 2832 4477 aeternam
2867 4412 3334 4480 subsistentiam.
3354 4413 3435 4473 ita
3463 4419 3527 4473 ut
3553 4411 3739 4474 Filius

359 4512 428 4567 τὰ
472 4511 553 4566 ἀεί
595 4533 728 4568 ποτε
786 4513 928 4569 εῖναι
970 4515 1063 4570 τὸν
1108 4514 1228 4569 Υὶὸν
1274 4513 1364 4569 καί
1421 4512 1514 4570 ἀπ’
1558 4500 1770 4594 ἀρχῆς,
1803 4513 1890 4570 καὶ
1933 4513 1997 4588 μ’)

2097 4523 2337 4588 semper
2357 4516 2416 4567 et
2432 4524 2467 4567 a
2483 4504 2776 4585 principio
2800 4502 3095 4565 exstiterit
3111 4520 3223 4564 nec
3246 4500 3542 4594 posterius
3567 4509 3740 4594 natus

361 4602 580 4679 ὕστερον
640 4601 1030 4680 ἐπιγεγονέναι.
1091 4602 1213 4660 Ὅτι
1271 4600 1327 4657 δὲ
1392 4609 1548 4660 τοῦτο
1606 4601 1929 4678 βουλόμενος
1986 4605 2015 4660 6

369 4689 764 4770 Εὐαγγελιστῆς
838 4697 1175 4772 παραστῆσαι
1252 4694 1313 4749 16
1375 4694 1429 4748 ἒν
1488 4693 1638 4772 ἀρχῇ
1693 4693 1872 4769 εἶπεν,
1921 4691 2016 4771 δρα

363 4805 458 4857 μοι
491 4787 604 4848 πῶς
639 4780 966 4840 ἐπιστέλλων
1024 4784 1087 4839 16
1114 4790 1206 4839 106
1257 4780 1418 4859 λόγού
1444 4781 1608 4839 πάλιν
1659 4780 2010 4860 προήνεγκεν·

363 4871 393 4926 ὅ
455 4871 555 4949 γὰρ
585 4870 640 4926 ἐν
683 4873 830 4951 ἀρχῇ
859 4872 960 4953 ἔφη
1009 4873 1287 4952 πρότερον,
1323 4880 1409 4928 νῦν
1456 4873 1583 4930 αὐτὸ
1615 4879 1770 4928 τοῦτο
1812 4869 2013 4951 δηλῶν,

365 4963 394 5016 ὃ
425 4960 490 5028 ἦν
543 4959 637 5017 ἀπ’
668 4962 846 5041 ἀρχῆς
899 4961 1110 5042 εἴρηκε·
1158 4965 1209 5019 τί
1235 4960 1281 5018 δ’
1342 4961 1407 5018 ἂν
1435 4960 1527 5028 εἴη
1579 4969 1672 5019 1c6
1701 4959 1795 5017 ἀπ’
1843 4960 2016 5041 ἀρχῆς

365 5049 499 5107 ἄλλο
559 5049 956 5131 πρεσϐύτερονς
1029 5051 1123 5110 ἵνα
1179 5073 1274 5109 σου
1327 5053 1538 5115 πάντως
1608 5053 1670 5107 16
1741 5072 2012 5129 περιεργον

366 5139 624 5222 διαφύγῃ,
661 5143 746 5198 καὶ
788 5141 968 5221 διδάξῃ
1024 5145 1098 5208 ὡς
1161 5142 1241 5199 ἀεὶ
1299 5141 1360 5210 ἧν
1417 5141 1446 5197 6
1505 5142 1648 5214 Υἱὸς,
1708 5144 1794 5199 καὶ
1855 5145 2016 5208 συνῆν

365 5237 444 5303 τῷ
493 5229 686 5310 Πατρῗ,
721 5233 807 5290 καὶ
851 5235 912 5289 οὐ
941 5232 1130 5290 νεωστὶ
1165 5231 1513 5310 ὲπεισώχθη,
1549 5229 1664 5287 οδδὲ
1696 5233 1877 5294 καινός
1928 5251 2014 5294 τις

368 5325 499 5385 Θεὸς
555 5329 635 5398 τῷ
691 5323 907 5399 παλαιῴ
990 5324 1313 5400 προσετέθη,
1375 5323 1485 5390 Τὴν
1548 5321 1848 5391 Ἰουδαῒκῆν
1918 5323 2018 5400 γὰρ

366 5413 620 5468 ὑπόνοιαν
665 5412 894 5491 ἀναιρῶν
951 5414 1044 5471 ἵνα
1102 5417 1180 5489 μὴ
1231 5411 1355 5491 δόξῃ
1403 5413 1519 5469 νέον
1577 5414 1716 5488 τινὰ,
1749 5410 1886 5469 ἀλλὰ
1928 5413 2018 5468 τὸν

367 5502 448 5558 ἀεὶ
480 5500 605 5559 ὄντα
637 5504 727 5558 τὸν
757 5509 849 5561 106
879 5506 1084 5580 [ἰατρὸς
1131 5501 1456 5583 σάμϐουλον,
1487 5503 1533 5577 ᾧ
1562 5503 1743 5579 εἶπεν,
1781 5524 1804 5556 0
1843 5503 2018 5571 Ποιή-

367 5613 550 5669 σωμεν
619 5590 894 5672 ἄνθρωπον
965 5591 1083 5651 κατ’
1169 5593 1346 5652 εἰκόνα
1437 5592 1698 5673 ἡμετέραν
1751 5593 1848 5651 καὶ
1902 5591 2021 5649 καθ’

367 5683 651 5764 ὁμοίωσιν,
702 5706 730 5739 n
801 5683 1009 5744 ἐκεῖνον
1083 5683 1313 5766 εἷσὸίγειν
1385 5683 1554 5766 σάρκα
1623 5681 1864 5764 γενέσθαι
1931 5681 2021 5742 καὶ

2099 4598 2196 4660 sit.
2249 4596 2417 4668 Quod
2446 4605 2642 4657 autem
2693 4595 2808 4656 hoc
2852 4611 3036 4654 sensu
3083 4591 3445 4671 evangelista
3473 4590 3617 4653 illud
3672 4591 3743 4653 in

2093 4687 2408 4767 principio
2429 4683 2941 4759 dixerit,attende,
2964 4682 3162 4758 sodes,
3187 4680 3328 4762 quid
3358 4679 3540 4743 Verbi
3565 4687 3740 4742 natu-

2099 4795 2225 4838 ram
2259 4776 2562 4854 explicans
2599 4773 2918 4836 addiderit.
2952 4773 3124 4834 Prius
3153 4772 3316 4835 enim
3347 4772 3414 4833 in
3438 4770 3746 4849 principio

2100 4865 2274 4940 dixit,
2308 4883 2464 4926 nunc
2497 4871 2719 4938 autem,
2746 4862 2889 4924 illud
2911 4863 3070 4924 idem
3103 4861 3424 4941 explicans,
3445 4861 3605 4940 quod
3633 4859 3748 4921 fuit

2098 4976 2137 5018 α
2161 4956 2469 5036 principio
2489 4953 2656 5035 (quid
2679 4961 2876 5014 auten.
2913 4951 3196 5014 vetustius
3218 4968 3288 5012 eo
3319 4954 3478 5030 quod
3511 4968 3545 5011 a
3575 4949 3746 5029 prin-

2099 5045 2256 5126 cipio
2287 5043 2458 5118 fuit?)
2487 5053 2549 5106 ut
2579 5043 2824 5105 omnino
2859 5060 3044 5121 nugas
3076 5050 3206 5104 tuas
3235 5040 3507 5103 cluderet
3535 5057 3604 5100 ac
3633 5038 3746 5101 de-

2098 5141 2489 5214 monstraret,
2514 5134 2730 5196 Filium
2756 5150 2995 5214 semper
3013 5131 3219 5206 fuisse,
3243 5138 3300 5190 et
3321 5146 3562 5210 semper
3589 5128 3752 5191 Patri

2100 5225 2385 5300 adfuisse,
2421 5243 2532 5286 nec
2565 5223 2861 5304 posterius
2893 5221 3296 5283 introductum
3329 5225 3434 5281 aut
3469 5228 3750 5298 tanquam

2099 5327 2404 5377 recentem
2440 5316 2629 5376 Deum
2660 5313 2902 5394 antiquo
2934 5311 3201 5374 additum
3237 5327 3394 5372 esse.
3429 5307 3523 5370 Ad
3573 5326 3749 5370 ever-

2101 5404 2340 5468 tendam
2397 5407 2556 5466 enim
2591 5403 2937 5484 opinionem
2969 5400 3278 5465 Judaicam
3313 5409 3372 5463 et
3425 5416 3504 5459 ne
3533 5416 3752 5460 novum

2101 5494 2446 5577 quemdam,
2472 5494 2576 5555 sed
2600 5512 2733 5555 eum
2758 5492 2866 5570 qui
2895 5509 3136 5572 semper
3154 5489 3347 5552 Patris
3369 5486 3752 5552 consiliarius

2101 5585 2300 5665 iuit,et
2316 5584 2414 5646 cui
2432 5584 2578 5648 dixit
2604 5604 2618 5646 :
2651 5582 3002 5645 «Faciamus
3013 5581 3314 5644 hominem
3333 5579 3407 5642 ad
3429 5577 3749 5657 imaginem

2101 5683 2365 5740 nostram
2418 5693 2488 5738 ac
2516 5672 2995 5751 similitudinem,
3033 5693 3059 5731 ιι
3117 5668 3404 5732 inducere
3451 5667 3754 5730 videretur
