4086 6442
409 332 526 396 963
1569 335 1952 398 ADDENDA.
2022 369 2097 381 ——
2166 334 2611 403 NOVEMBER.
3667 344 3785 409 964

411 475 769 530 incarnatum
802 482 850 528 et
877 472 1022 528 inter
1047 485 1152 526 nos
1180 480 1598 540 conversatum,
1620 474 1726 530 hac
1758 473 1827 529 de
1857 485 2023 529 causa

2134 480 2406 538 σκηνῶσαι
2463 472 2519 529 ἒν
2551 475 2712 548 ἡμῖν,
2744 474 2929 530 τούτου
2987 475 3146 553 χάριν
3197 476 3282 545 τὸ,
3339 499 3364 529 α
3406 475 3491 532 Ἐν
3519 476 3668 555 ἀρχῆ
3716 477 3785 542 ἧν

420 556 510 643 {In
526 555 821 643 principio
843 564 965 612 erat
985 553 1572 643 Verbumndixitcui
1595 558 1746 643 enim
1771 556 2033 643 Theologt

2143 564 2170 617 6
2232 561 2427 638 Λόγος,
2466 583 2491 619 ι
2555 560 2864 642 ἆγθέγξατο,
2899 569 3008 621 Ποῦ
3038 564 3137 640 γὰρ
3181 566 3332 621 τοῦτο
3359 567 3448 620 τὸν
3478 564 3786 643 θεολογικὸν

414 642 498 702 illi
523 641 582 701 in
613 649 871 703 mentem
907 639 1129 700 venerit
1161 638 1318 718 quod
1346 649 1402 699 tu
1432 657 1605 720 prave
1631 640 2031 720 interpretatis

2144 651 2347 708 ἕκεϊνον
2381 649 2652 730 εἰσέδραμε
2700 659 2817 708 νοῦν
2879 654 2905 708 ὃ
2965 653 3026 708 σὺ
3058 659 3235 714 κακῶς
3281 652 3472 731 ἐξηγῇ,
3503 652 3578 709 ἵν’
3627 654 3786 710 ὕστε-

413 746 476 798 ut
509 735 723 796 Filium
756 736 931 795 Patre
974 732 1365 812 posteriorem
1401 743 1631 796 asserat
1684 745 1740 796 et
1770 755 1907 797 eum
1953 739 2051 816 qui

411 847 648 891 omnem
671 837 1001 888 creaturam
1021 826 1080 884 in
1114 827 1404 906 sapientia
1425 829 1664 902 creavit,
1699 831 1855 891 inter
1878 848 2053 891 crea-

408 928 573 978 turas
621 921 982 977 accenseat‘?
1025 914 1327 994 Theologo
1385 916 1496 989 illi,
1535 919 1800 997 inquam,
1838 928 1935 999 qui
1994 925 2051 980 et

408 1006 671 1068 Verbum
699 1005 895 1084 ipsum
932 1003 1165 1064 inducit
1193 1005 1440 1066 dicens:
1483 1029 1505 1063 (ι
1533 1006 1652 1085 Ego
1676 1007 1734 1068 in
1767 1006 1961 1080 Patre,
1995 1015 2054 1069 et

402 1095 581 1158 Pater
608 1095 668 1155 in
707 1113 824 1155 me.
866 1114 892 1152 ι
927 1091 989 1154 Si
1022 1095 1182 1154 enim
1216 1093 1477 1157 Verbum
1511 1096 1804 1174 posterius
1834 1097 2048 1158 factum

404 1193 648 1264 esset,et
675 1202 790 1244 non
813 1199 1054 1261 semper
1073 1200 1208 1242 cum
1233 1182 1405 1245 Patre
1428 1185 1842 1264 coexstitisset,
1885 1188 2047 1263 peri-

403 1277 601 1337 culum
638 1282 728 1335 est
758 1291 834 1334 ne
861 1275 1377 1352 Pater,antequam
1407 1273 1665 1335 Verbum
1691 1276 1882 1354 fieret,
1918 1275 2049 1336 sine

403 1363 603 1428 Verbo
628 1362 934 1441 (amomi
951 1360 1084 1422 sine
1105 1361 1401 1440 sapientia
1423 1363 1619 1425 fuerit.
1654 1362 1725 1425 Et
1749 1363 2047 1444 quomodo

403 1455 632 1516 dicetur
662 1450 815 1531 quod
842 1468 949 1530 per
978 1450 1327 1530 sapientiam
1356 1461 1570 1513 terram
1604 1454 1954 1525 fundaverit,
1990 1464 2050 1515 et

405 1541 561 1624 quod
587 1541 648 1601 in
673 1559 854 1602 sensu
877 1539 1014 1599 illus
1039 1539 1227 1618 abyssi
1263 1541 1547 1620 disrupta;
1565 1541 1730 1604 sint?
1765 1542 1917 1615 Quid
1942 1543 2046 1605 tibi

401 1629 697 1693 videbitur
727 1627 802 1690 de
851 1647 921 1688 eo
952 1627 1106 1707 quod
1166 1627 1356 1688 Verbo
1415 1629 1652 1691 Domini
1684 1632 1900 1692 firmati
1931 1633 2050 1692 sint

397 1722 532 1784 caeli
567 1732 627 1781 et
678 1717 890 1796 spiritu
921 1718 1041 1777 oris
1101 1718 1233 1796 ejus
1283 1719 1476 1780 omnis
1527 1720 1764 1780 illorum
1815 1720 2047 1782 virtus?

2140 761 2229 816 ρον
2303 737 2550 815 ἀποδείξῃ
2610 749 2703 798 τοῦ
2764 743 2966 818 Πιτρὸς
3046 741 3136 796 τὸν
3200 743 3339 820 Υἱὸν,
3419 745 3506 798 καὶ
3578 744 3788 818 συνάψῃ

2139 841 2256 890 τοῖς
2316 829 2565 903 κτίσμασι
2623 831 2714 884 τὸν
2772 830 2870 896 τὴν
2930 830 3098 885 κτίσιν
3160 852 3334 886 πασαν
3377 831 3429 886 ἐν
3477 832 3630 911 σοφίᾳ
3688 829 3788 898 δη-

2140 919 2561 995 μιουργήσαντα,
2615 921 2642 974 6
2693 921 2784 974 τὸν
2841 920 3015 997 Λόγον
3073 921 3228 975 αὐτον
3287 922 3534 998 εἰσάγων,
3583 944 3610 976 α
3647 919 3791 997 Ἐγὼ

2139 1007 2193 1062 ἐν
2249 1014 2324 1080 τῷ
2356 1009 2542 1085 Πατρὶ,
2582 1031 2606 1061 n
2671 1007 2913 1087 λέγοντα,
2957 1033 2982 1063 α
3032 1010 3119 1064 καὶ
3162 1011 3189 1064 6
3237 1010 3418 1087 Πατὴρ
3447 1009 3500 1064 ἐν
3544 1009 3662 1084 ἐμοι
3701 1031 3717 1084 ;
3758 1032 3786 1066 n

2139 1097 2196 1152 Ei
2248 1098 2347 1172 γὰρ
2377 1094 2593 1174 ὕστερον
2643 1096 2790 1159 οὗτος
2837 1096 3138 1174 ἐπεγένετο,
3173 1099 3260 1153 καὶ
3317 1098 3410 1152 ούκ
3463 1099 3544 1154 ἀεὶ
3575 1101 3786 1178 σύμφυ-

2134 1207 2224 1247 τος
2281 1187 2347 1251 ὴν
2380 1193 2456 1258 τῷ
2514 1187 2700 1264 Πατρὶ,
2733 1183 3014 1245 κινδυνεύει
3071 1188 3172 1263 πρὸ
3204 1197 3292 1244 τοῦ
3352 1189 3591 1265 γενέσθαι
3647 1186 3779 1245 ἁλο-

2132 1297 2227 1352 φον
2283 1275 2426 1330 εἶναι
2473 1276 2606 1330 κατὰ
2639 1275 2696 1331 σὲ
2753 1285 2839 1330 ναι
2871 1275 3067 1354 ἄσοφον
3099 1278 3188 1330 τὸν
3249 1278 3479 1354 Πατέρα.
3521 1278 3614 1334 Καὶ
3666 1283 3781 1340 πῶς

2131 1367 2198 1437 τῇ
2258 1365 2411 1442 σοφίᾳ
2441 1362 2761 1421 θεμελιώσαι
2817 1365 2915 1430 τὴν
2946 1369 3047 1440 γῆν
3103 1363 3315 1442 λέγεται
3360 1367 3446 1420 καὶ
3478 1365 3532 1420 ἓν
3590 1367 3778 1435 αἰσθή-

2132 1453 2211 1507 σέι
2272 1456 2429 1510 αὐτοῦ
2459 1450 2713 1516 ἀϐύσσους
2773 1451 3163 1531 διαρραγῆναι;
3212 1460 3331 1516 Πῶς
3391 1453 3442 1508 δὲ
3503 1476 3586 1511 σοι
3643 1453 3777 1520 δόξει

2130 1545 2218 1598 καὶ
2275 1544 2337 1598 τὸ
2380 1543 2456 1616 τῷ
2515 1541 2661 1619 λόγῳ
2725 1543 2909 1620 Κυρίου
2960 1543 3304 1620 ἐστερέὧσθαι
3349 1546 3468 1606 τοὺς
3529 1545 3778 1624 ούρανοίις

2130 1632 2218 1687 καὶ
2260 1639 2338 1704 τῷ
2380 1632 2640 1706 πνεύματι
2671 1655 2764 1688 του
2815 1654 3076 1707 στοματος
3108 1633 3268 1688 αὐτοῦ
3324 1639 3495 1689 πᾶσαν
3530 1642 3624 1701 τὴν
3682 1637 3782 1691 αύ-

2129 1726 2236 1775 τῶν
2280 1719 2497 1796 δύναμιν
2535 1737 2550 1794 ;
2585 1727 2703 1782 Πῶς
2756 1719 2799 1775 δ’
2835 1720 2896 1776 ἂν
2929 1723 3018 1776 καὶ
3075 1720 3321 1788 ἐνενόησε
3351 1744 3402 1777 τι
3446 1729 3551 1780 τῶν
3599 1722 3786 1799 ἐσομέ-

398 1808 706 1882 Quomodo
737 1814 936 1866 mente
990 1807 1334 1886 conceperit
1361 1807 1583 1888 aliquid
1647 1827 1856 1870 eorum
1917 1827 2033 1889 qua

2133 1831 2234 1864 νων
2297 1810 2460 1886 λὸγου
2525 1811 2612 1865 καὶ
2686 1811 2868 1889 σοφίας
2934 1809 3392 1889 ἐστερημένος,
3465 1813 3556 1867 τὸν
3615 1813 3788 1890 Λόγον

398 1899 596 1960 futura
617 1894 863 1970 erant,si
887 1895 1064 1956 verbo
1095 1897 1464 1975 etsapientia
1496 1899 1727 1978 caruit;
1760 1909 1859 1960 aut
1887 1918 2033 1979 quo-

2129 1898 2285 1955 a616v
2346 1906 2459 1961 πῶς
2495 1900 2551 1954 τὸ
2596 1900 2872 1979 καταρχὰς
2930 1897 3227 1977 προήνεγκε
3264 1899 3384 1956 καθ’
3414 1902 3574 1981 ὑμᾶς,
3621 1899 3677 1958 εἴ
3717 1924 3780 1980 γε

397 1988 574 2049 modo
605 1988 667 2048 in
700 1984 1018 2064 principio,
1042 1985 1372 2046 secundum
1415 2005 1539 2062 vos,
1578 1988 1858 2068 produxit
1887 1987 2042 2051 Ver-

395 2076 624 2156 bum,si
657 2074 820 2137 verbi
851 2083 911 2136 et
939 2078 1244 2153 sapientiae
1273 2093 1486 2156 expers
1505 2077 1645 2139 fuit?
1670 2075 1842 2140 Unde
1866 2095 2042 2158 porro

395 2168 451 2230 ei
473 2166 693 2229 accidit
715 2173 778 2226 ut
800 2163 1062 2227 Verbum
1093 2183 1208 2225 non
1238 2168 1536 2227 exsistens
1560 2167 1810 2228 voluerit
1841 2168 2044 2247 progi-

393 2275 576 2334 gnere
605 2261 632 2317 ?
661 2252 934 2315 Humana
956 2252 1115 2313 enim
1139 2272 1310 2315 mens
1331 2254 1482 2336 ipsa,
1515 2256 1565 2316 si
1599 2273 1840 2335 prorsus
1864 2257 2045 2319 verbo

395 2354 550 2408 esset
609 2343 834 2423 privata
865 2360 1062 2418 neque
1114 2340 1259 2403 illud
1291 2343 1405 2404 sibi
1456 2345 1712 2406 inditum
1770 2345 2039 2419 haberet,

395 2433 692 2516 quomodo
743 2431 1012 2492 differret
1039 2450 1073 2490 a
1105 2440 1304 2492 mente
1333 2432 1703 2508 animalium,
1744 2434 2039 2515 siquidem

394 2533 455 2587 tu
486 2525 616 2604 ipse
649 2520 795 2582 mihi
821 2563 838 2582 .
869 2570 882 2583 .
914 2567 928 2583 .
963 2520 1071 2581 sed
1105 2522 1264 2584 Deus
1294 2522 1586 2603 propitius
1615 2524 1692 2584 sit
1727 2545 1740 2586 :
1788 2533 1846 2586 tu
1881 2525 2038 2587 enim

391 2617 453 2676 in
486 2629 664 2675 causa
693 2629 758 2674 es
789 2610 947 2689 quod
979 2610 1132 2671 hanc
1160 2611 1564 2693 blasphemam
1589 2632 1792 2675 vocem
1828 2624 2040 2695 protu-

393 2703 592 2766 lerim:
621 2701 726 2764 Dei
757 2718 826 2762 ac
856 2700 1049 2762 Patris
1081 2710 1339 2762 mentem
1374 2701 1556 2765 Verbi
1587 2712 1891 2784 expertem
1916 2706 2040 2766 ani-

392 2795 632 2857 malium
668 2791 857 2853 menti
889 2790 1145 2852 similem
1178 2792 1238 2852 in
1266 2792 1561 2874 principio
1591 2794 1773 2857 fuisse
1804 2795 2031 2858 statuis.

469 2883 569 2946 Vl.
597 2880 928 2944 Eunomius
951 2879 1026 2942 ad
1047 2881 1174 2942 haec
1203 2881 1371 2945 dixit:
1403 2882 1714 2954 Quomodo
1747 2886 2036 2966 interpre-

2126 1985 2288 2065 λόγου
2349 1988 2434 2044 καὶ
2489 1987 2673 2067 σοφίας
2733 1987 2956 2066 ἄμοιρος
3009 1988 3131 2063 ἧντ,
3191 1989 3354 2046 Πόθεν
3415 1987 3462 2044 δ’
3519 1991 3581 2045 ἃν
3636 1992 3782 2064 αὖτῷ

2125 2076 2336 2155 ἐγένετο
2392 2077 2564 2155 Λόγον
2615 2075 2862 2144 ἐθελῆσαι
2921 2077 3010 2132 τὸν
3060 2077 3139 2152 μὴ
3193 2076 3318 2133 ὅντα
3371 2093 3778 2157 παρενεγκεϊνς

2129 2166 2292 2230 Αὐτὸς
2339 2166 2440 2242 γὰρ
2499 2168 2526 2221 6
2579 2165 2901 2234 ἆνθρώπειός
2959 2188 3015 2221 τε
3076 2169 3162 2222 καὶ
3233 2166 3492 2244 ἡμέτερος
3542 2178 3683 2249 νοῦς,
3736 2172 3780 2226 εἰ

2127 2253 2288 2332 λόγου
2338 2253 2432 2321 εἴη
2504 2255 2564 2310 τὰ
2623 2277 2870 2329 παραπαν
2931 2255 3306 2334 ἐστερημένος,
3359 2256 3453 2312 καί
3515 2257 3609 2315 οὒκ
3657 2258 3776 2339 ἔχει

2124 2351 2309 2402 τοῦτον
2353 2346 2444 2400 τὸν
2518 2343 2835 2423 ἐνδιάθετον,
2869 2346 2916 2400 τὶ
2973 2344 3034 2401 ἂν
3069 2353 3160 2401 τοῦ
3202 2352 3411 2414 κτηνῶν
3441 2348 3558 2411 νοὸς
3589 2346 3776 2428 διαφέ-

2124 2457 2226 2513 ροι,
2274 2436 2319 2489 εί
2362 2435 2439 2510 μή
2490 2455 2549 2512 γε
2595 2435 2656 2490 σύ
2689 2457 2802 2509 μοι.
2842 2478 2856 2492 .
2895 2480 2910 2495 .
2947 2478 2960 2492 .
3024 2433 3145 2490 ἀλλ’
3177 2434 3338 2498 ἵλεως
3387 2433 3480 2502 εἴη
3512 2437 3665 2495 Θεὸς’
3710 2439 3774 2493 σὺ

2125 2525 2224 2601 γὰρ
2281 2523 2457 2586 αἴτιος
2488 2530 2582 2582 τοῦ
2643 2522 2965 2601 βλασφήμου
2995 2525 3181 2580 τούτου
3227 2525 3488 2604 ῥήματος,
3523 2525 3774 2595 κτηνώδη

2126 2616 2240 2670 νοῦν
2297 2614 2440 2670 εἶναι
2489 2615 2548 2669 τὸ
2609 2615 2883 2692 καταρχὰς
2938 2615 3028 2669 τὸν
3088 2621 3181 2671 τοῦ
3239 2621 3370 2673 Θεοῦ
3426 2616 3512 2671 καὶ
3570 2620 3775 2694 Πατρὸς

2122 2701 2452 2780 δογματίζεις
2498 2703 2670 2781 Λόγου
2700 2704 3076 2779 ἒστερημένον.

2197 2882 2280 2956 ς’
2311 2883 2408 2940 Καὶ
2457 2883 2485 2937 6
2519 2882 2779 2955 Δύνόμιος
2824 2882 2966 2946 αὖθίς
2999 2897 3152 2962 φησι⁶
3207 2885 3302 2941 Καὶ
3335 2889 3448 2948 πῶς
3491 2905 3584 2958 μοι
3643 2883 3770 2951 ἐξη-

389 2972 611 3036 taberis
633 2969 1150 3044 istud,«D0minus
1180 2973 1403 3032 creavit
1422 2990 1515 3034 me
1537 2973 1894 3055 principium
1918 2976 2033 3037 via«

2119 2972 2264 3048 γήσῃ
2295 2971 2378 3042 τὸ,
2432 2995 2456 3027 ιι
2497 2971 2680 3049 Κύριος
2727 2971 2899 3027 ἔκτισὲ
2931 2993 2998 3048 με
3061 2971 3240 3050 ἀρχὴν
3301 2970 3435 3028 ὁδῶν
3496 2973 3653 3032 αὐτοῦ
3688 2974 3763 3036 εἷς

387 3082 518 3126 rum
571 3079 814 3123 suarum
848 3060 910 3121 in
942 3077 1124 3140 opera
1173 3059 1383 3139 ipsius,
1415 3071 1554 3124 ante
1597 3082 1809 3126 omnes
1837 3073 2033 3128 autem

2120 3060 2247 3138 ἔργα
2291 3060 2472 3117 αύτοῦ·
2499 3063 2599 3138 πρὸ
2657 3058 2709 3115 δὲ
2742 3061 2953 3117 πάντων
2984 3061 3188 3138 βουνῶν
3241 3067 3397 3138 γεννᾷ
3426 3081 3492 3136 με
3528 3079 3543 3136 ;
3583 3085 3609 3116 ο
3678 3062 3770 3124 Ὠς

383 3153 570 3215 colles
599 3159 844 3229 generat
889 3167 984 3210 me
1009 3149 1038 3208 ‘2
1069 3172 1090 3204 ι
1127 3149 1266 3211 Haec
1294 3151 1474 3213 verba
1525 3153 1686 3213 enim
1719 3171 1752 3213 e
1785 3172 2033 3233 persona

2121 3149 2182 3205 ἐκ
2210 3151 2498 3228 προσώπου
2526 3149 2625 3226 γὰρ
2667 3154 2766 3216 τῆς
2811 3152 2992 3228 σοφίας
3040 3149 3202 3215 αὐτῆς
3235 3153 3262 3205 6
3307 3149 3477 3228 Λόγος
3532 3156 3776 3228 προῆκτο

385 3214 689 3324 sapientiae
710 3239 939 3320 prolata
957 3247 1095 3299 sunt
1125 3257 1256 3318 quin
1279 3241 1598 3302 conﬁtetur
1626 3259 1690 3303 se
1713 3214 1846 3303 esse
1873 3214 2033 3305 crea-

2122 3214 2490 3315 ὁμολογούσης
2539 3214 2735 3313 κτίσμα
2795 3214 2900 3312 μὲν⁵
2951 3239 3119 3312 εἶναι,
3152 3240 3255 3314 πρὸ
3315 3214 3528 3294 πάίτων
3560 3214 3613 3293 ἑὲ
3665 3242 3776 3295 τῶν

387 3323 608 3400 turam.
636 3338 772 3392 ante
803 3346 1012 3390 omnes
1068 3337 1267 3390 autem
1301 3338 1604 3391 creaturas
1639 3332 2030 3410 progenitam.

2120 3330 2346 3384 κτιστῶν
2398 3326 2647 3405 προῆθαι.
2708 3327 2896 3388 Κτίσας
2927 3326 3027 3404 γὰρ
3079 3326 3243 3393 άύιὴν
3286 3328 3313 3381 6
3374 3327 3504 3390 Θεὸς
3559 3323 3624 3380 δι’
3668 3327 3770 3383 αὐ-

383 3421 698 3500 Postquam
733 3417 890 3478 enim
915 3418 1074 3479 Deus
1091 3434 1221 3478 eam
1246 3428 1570 3500 creaverat,
1602 3437 1706 3499 per
1736 3437 1864 3480 eam
1898 3439 2033 3498 quae

2119 3417 2217 3484 τῆς
2275 3417 2340 3472 τὰ
2368 3416 2495 3472 ὄντα
2553 3413 2964 3493 ἐδημιούργησε.
3005 3416 3102 3473 Καὶ
3135 3417 3162 3470 6
3222 3411 3605 3495 Ἀμφιλόχιος·
3660 3415 3767 3473 Καί

383 3520 526 3573 sunt
555 3505 848 3570 condidit.
883 3505 974 3567 Ad
1011 3523 1144 3586 qua:
1173 3507 1636 3585 Amphilochius
1670 3525 1684 3570 :
1720 3507 2026 3580 Quomodo

2119 3507 2162 3562 τί
2191 3515 2347 3564 τοῦτο
2391 3502 2639 3562 δύσλυτον
2677 3502 2789 3585 ἔχει
2841 3511 2918 3579 τῷ
2961 3525 3018 3583 γε
3077 3505 3176 3571 τὴν
3204 3504 3356 3582 ῥῆσιν
3415 3503 3768 3581 εὐγνωμόνως

380 3601 496 3662 hoc
540 3596 723 3658 ullam
757 3593 983 3656 creabit
1014 3594 1418 3657 difficultatem
1449 3597 1506 3659 ei
1561 3596 1663 3676 qui
1694 3597 1876 3660 verba
1926 3599 2030 3662 illa

2119 3592 2455 3675 ἐκδεχομένῳ
2511 3595 2599 3650 καὶ
2661 3594 2738 3670 μὴ
2793 3592 3107 3672 φιλονείκως
3171 3594 3302 3673 πρὸς
3361 3593 3527 3661 αὐτὴν
3579 3591 3764 3674 ἔχοντι

379 3708 515 3753 cum
547 3704 731 3768 grano
758 3684 899 3746 salis
930 3689 1259 3764 exceperit,
1285 3703 1393 3748 nec
1426 3685 1724 3748 obstinato
1759 3690 2024 3750 malevo-

375 3780 554 3860 loque
598 3778 800 3838 animo
833 3773 1230 3854 explicuerit?
1261 3774 1322 3836 Si
1351 3777 1512 3837 enim
1544 3775 1705 3839 Deus
1729 3794 1862 3858 quae
1891 3785 2028 3839 sunt

371 3885 578 3932 creare
603 3864 720 3927 alio
745 3863 923 3926 modo
942 3862 1100 3925 haud
1127 3865 1461 3944 potuit,nisi
1495 3866 1657 3947 prius
1674 3867 2023 3947 sapientiam

372 3974 646 4034 tanquam
671 3961 1119 4016 instrumentum
1156 3959 1446 4030 quoddam
1477 3959 1829 4019 condidisset
1861 3960 2027 4034 cuius

374 4066 486 4130 ope
512 4064 584 4110 ea
617 4063 748 4125 quae
770 4052 906 4105 sunt
937 4047 1478 4126 progigneret,jure
1503 4046 1637 4128 quis
1665 4047 1897 4124 rogabit
1920 4047 2024 4109 ite-

375 4155 508 4200 rum
557 4135 868 4216 cujusnam
903 4153 1022 4212 ope
1064 4135 1416 4215 sapientiam
1480 4138 1790 4200 creaverit.
1848 4136 2027 4201 Aliud

373 4226 533 4289 enim
566 4225 810 4287 omnino
839 4222 1017 4285 fuerit
1045 4223 1104 4284 id
1136 4225 1294 4305 quod
1325 4225 1485 4287 illam
1519 4225 1747 4288 creavit
1777 4235 1836 4287 et
1865 4227 2026 4306 quod

373 4317 485 4380 hoc
513 4335 548 4377 a
579 4319 700 4380 Deo
725 4313 1032 4394 sapientiae
1061 4323 1120 4376 et
1151 4314 1316 4377 verbi
1349 4323 1612 4394 experte,
1639 4315 1786 4376 heu?
1813 4315 2027 4377 condi-

372 4415 498 4469 tum
532 4404 632 4468 sit.
682 4405 745 4465 Si
776 4411 998 4477 autem,
1026 4409 1092 4464 ut
1111 4403 1220 4478 ais,
1246 4403 1538 4465 Dominus
1568 4403 1763 4466 istavit
1782 4405 2022 4482 creavit,

371 4495 673 4575 quomodo
704 4493 995 4569 insipiens
1024 4510 1155 4553 eam
1185 4493 1409 4554 creavit
1436 4491 1462 4554 ?
1489 4491 1792 4573 quomodo
1840 4493 2020 4555 verbo

2108 3689 2196 3742 καὶ
2239 3687 2517 3754 κακοήθως
2573 3681 2940 3759 διακειμένῳ;
2995 3683 3053 3740 Ei
3110 3683 3210 3761 γὰρ
3271 3679 3526 3740 ἀδύνατον
3557 3681 3622 3749 ἧν
3683 3688 3766 3757 τῷ

2110 3781 2227 3847 Θεῷ
2277 3772 2452 3840 ἄλλως
2509 3773 2688 3830 κτίσαι
2722 3772 2787 3828 τὰ
2832 3771 2983 3846 ὄντα,
3017 3773 3061 3828 εί
3113 3773 3190 3847 μὴ
3220 3771 3478 3850 πρότερον
3508 3773 3668 3828 οἱονεί
3710 3795 3764 3830 τι

2107 3862 2390 3944 ἔργαλεῖον
2451 3863 2538 3931 τὴν
2595 3865 2781 3942 σοφίαν
2836 3859 3284 3942 ἐδημιούργησεν,
3313 3861 3452 3918 ὥστε
3483 3859 3550 3917 δι’
3599 3864 3767 3930 αὐτῆς

2110 3955 2177 4011 τὰ
2226 3954 2352 4011 ὄντα
2380 3965 2740 4033 παραγαγεῖν,
2776 3952 3058 4022 ζητήσειεν
3108 3951 3169 4007 ἄν
3226 3973 3305 4014 τις
3361 3951 3539 4030 ἕτερον
3599 3953 3659 4008 τὸ
3715 3950 3767 4009 δι

2109 4051 2168 4102 o6
2216 4043 2382 4114 πήλιν
2412 4043 2512 4110 τὴν
2558 4042 2742 4122 σοφίαν
2772 4039 3135 4120 ἐδημιούργει.
3197 4039 3368 4098 ’Άλλο
3397 4063 3503 4119 γαα
3551 4064 3600 4098 τι
3633 4043 3772 4098 πάν-

2110 4155 2213 4200 τως
2274 4131 2335 4188 ἂν
2367 4134 2460 4200 εἴη
2521 4133 2582 4188 16
2613 4131 2807 4198 ταύτην
2860 4128 3260 4210 δημιουργῆσαν
3301 4137 3389 4188 καὶ
3419 4141 3571 4190 τοῦτο
3612 4133 3766 4188 ἐκτί-

2111 4227 2228 4280 σθαι
2283 4223 2428 4300 παρὰ
2458 4231 2550 4280 τοῦ
2575 4221 2777 4301 ἀσόφου
2833 4227 2928 4299 φεῦ
2957 4219 2972 4279 ί
3039 4222 3132 4277 καὶ
3159 4221 3356 4299 ἀλόγου
3387 4223 3538 4284 Θεοῦ,
3576 4225 3633 4280 Εἰ
3678 4220 3760 4299 δὲ,

2112 4313 2326 4390 Κύριος,
2359 4310 2524 4390 ἐρεῖς,
2559 4309 2761 4376 ταύτην
2809 4309 3008 4383 ἔκτισε,
3046 4316 3160 4376 πῶς
3191 4307 3388 4390 ἄσοφος
3429 4309 3504 4367 ὢν
3537 4309 3761 4387 Evince;

2108 4400 2222 4464 πῶς
2281 4399 2442 4478 λόγου
2473 4397 2824 4478 ἐστερημένος
2859 4419 2874 4480 ς
2910 4405 3044 4478 Ορᾷς
3077 4401 3148 4466 είς
3179 4397 3322 4478 ξοῗας
3354 4405 3592 4478 πρόεισιν
3620 4399 3760 4458 ἆτο-

2108 4489 2232 4552 πίας
2270 4490 2331 4544 τὸ
2387 4489 2465 4563 μὴ
2495 4487 2589 4551 τοίς
2632 4490 2730 4555 τῆς
2786 4490 2927 4552 θείας
2956 4493 3170 4570 Γραφῆς
3219 4489 3567 4568 εὐγνωμόνως
3602 4488 3754 4546 ἐκδέ-

370 4583 1016 4648 destitutusiViden’ad
1041 4601 1216 4664 quam
1244 4583 1671 4645 absurditatem
1691 4581 2021 4664 abripiatur

2119 4581 2294 4658 [εσθαι
2343 4578 2579 4654 Music;
2644 4576 2820 4645 Δῆλον
2850 4586 2926 4654 τῷ
2978 4578 3312 4658 ἁγαθοθελῶς
3344 4579 3440 4647 τὴν
3500 4580 3754 4648 τοιαύτην

371 4675 473 4755 qui
504 4672 826 4753 Scriptura;
851 4690 1035 4734 sacrae
1057 4673 1233 4735 verba
1257 4672 1354 4753 pio
1378 4673 1580 4735 animo
1606 4679 1884 4754 excipere
1916 4691 2017 4735 re-

373 4762 572 4825 cusat?
593 4761 648 4823 Is
677 4763 778 4842 qui
798 4761 1086 4825 benevole
1108 4761 1252 4824 illud
1276 4763 1512 4825 effatum
1539 4763 2014 4843 comprehendit,

369 4853 528 4916 bene
549 4852 867 4932 intelliget,
896 4852 1055 4934 quod
1077 4853 1251 4916 Pater
1267 4861 1404 4914 ante
1425 4871 1633 4914 omnes
1655 4852 1838 4914 colles
1871 4851 2021 4915 Ver-

372 4941 514 5005 bum
548 4951 814 5022 generat,
840 4960 958 5004 non
991 4951 1186 5004 tamen
1218 4943 1395 5004 veluti
1421 4961 1540 5004 non
1571 4942 1888 5018 exsistens,
1911 4942 2017 5004 sed

370 5043 646 5114 tanquam
700 5033 856 5113 quod
903 5032 1133 5094 exsistit
1175 5042 1424 5112 generat
1473 5031 1770 5113 siquidem
1821 5033 2022 5112 planta

365 5140 608 5202 quoque
628 5123 839 5184 florem
863 5128 1109 5201 generat
1141 5140 1261 5183 non
1286 5122 1371 5185 ita
1403 5131 1464 5183 ut
1483 5140 1618 5184 eum
1647 5131 1846 5184 autem
1870 5121 1931 5182 in
1958 5140 2022 5184 se

368 5229 491 5273 non
522 5211 936 5288 habuerit,sed
959 5230 1135 5292 quem
1171 5211 1576 5291 potentialiter
1607 5211 1669 5272 in
1702 5228 1766 5272 se
1789 5210 2017 5287 habuit,

373 5308 434 5362 et
455 5302 676 5381 pariter
695 5318 943 5380 granum
967 5301 1250 5362 frumenti
1273 5309 1516 5380 generat
1538 5300 1901 5362 frumentum
1927 5309 2021 5362 ut-

368 5399 506 5471 pote
534 5390 694 5470 quod
745 5390 1152 5471 potentialiter
1181 5390 1241 5451 in
1288 5409 1352 5452 se
1381 5389 1582 5452 habet.
1617 5391 1792 5452 Creat
1819 5400 2018 5453 autem

365 5479 526 5542 Deus
568 5479 827 5542 Verbum
859 5489 1152 5560 quatenus
1174 5480 1459 5562 decrevit,
1487 5489 1550 5542 ut
1583 5479 1728 5542 illud
1754 5488 2024 5560 tempore

365 5570 640 5651 sequenti
694 5588 933 5633 carnem
985 5579 1243 5632 creatam
1303 5580 1662 5632 assumeret.
1696 5571 2025 5650 Propterea

365 5661 544 5726 etiam
571 5664 760 5726 Deum
785 5661 1053 5743 appellat
1081 5659 1312 5724 Patrem
1341 5678 1514 5724 suum
1538 5659 1748 5742 Filius,
1781 5659 2021 5739 quando

2103 4668 2402 4741 περικοπὴν
2461 4664 2872 4748 ἒκλαμϐάνοντι,
2931 4671 3004 4732 ὡς
3056 4675 3212 4748 γεννᾷ
3268 4669 3365 4743 μὲν
3426 4669 3516 4725 τὸν
3575 4670 3754 4748 Λόγον

2102 4761 2130 4816 6
2157 4758 2346 4837 Πατὴρ
2405 4758 2505 4838 πρὸ
2565 4756 2778 4815 πάντων
2821 4758 3042 4835 βουνῶν.
3091 4759 3195 4838 οὐχ
3249 4761 3322 4822 ὡς
3378 4759 3455 4834 μη
3485 4757 3610 4815 ὄντα
3668 4757 3752 4836 δὲ,

2101 4847 2224 4906 ἀλλ’
2272 4849 2344 4914 ὡς
2377 4845 2503 4904 ὄντα
2551 4853 2731 4926 γεννᾷ·
2770 4847 2884 4905 ἐπεὶ
2933 4851 3021 4905 καὶ
3051 4850 3209 4927 φυτὸν
3268 4845 3421 4914 ἄνθος
3468 4851 3572 4928 οὐχ
3615 4847 3644 4904 ὃ
3676 4851 3762 4922 μὴ

2103 4940 2232 5019 εἶχε
2262 4936 2386 5015 παρ’
2420 4938 2612 5017 ἑαυτῷ,
2647 4934 2767 4993 ἀλλ’
2823 4937 2852 4992 ὃ
2882 4935 3098 5013 δυνάμει
3129 4939 3257 5017 εἶχε
3297 4942 3476 5014 γεννᾷ,
3514 4939 3599 4994 καὶ
3627 4939 3764 4995 κόκ-

2105 5051 2195 5093 κος
2254 5028 2398 5084 σίτου
2427 5040 2576 5084 σῖτον
2633 5029 2738 5106 οὐχ
2780 5027 2838 5082 ὃν
2901 5027 2978 5103 μὴ
3010 5030 3140 5106 εἶχε
3197 5025 3435 5102 δυναμει.
3471 5028 3642 5100 Κτίζει
3701 5027 3765 5085 δὲ

2103 5119 2219 5176 καθ’
2279 5117 2307 5174 ὃ
2337 5118 2390 5174 ἐν
2419 5117 2620 5197 ὑστέρῳ
2649 5116 2904 5183 εὖδόκησε
2935 5124 3121 5175 τοῦτον
3179 5116 3275 5182 τὴν
3307 5117 3530 5185 κτιστην
3585 5119 3762 5195 σάρκα

2103 5204 2417 5267 ἀναλαϐεῖν.
2469 5207 2567 5263 Διὰ
2595 5213 2749 5263 τοῦτο
2798 5207 2898 5284 γὰρ
2929 5207 3016 5262 καὶ
3061 5205 3190 5262 Θεὸν
3223 5207 3378 5263 αύτοῠ
3426 5208 3517 5263 τὸν
3547 5207 3766 5287 Πατέρα

2104 5302 2261 5356 καλεῖ
2309 5300 2336 5354 ό
2369 5296 2510 5362 Υἱός.
2581 5317 2604 5351 α
2640 5293 2934 5353 Ἀναϐαίνω
2984 5295 3107 5375 γάρ,
3140 5319 3167 5352 n
3224 5298 3376 5375 φησὶ,
3417 5316 3446 5356 (
3476 5299 3606 5375 πρὸς
3662 5301 3764 5356 τὸν

2103 5386 2313 5466 Πατέρα
2371 5406 2471 5462 μου
2529 5386 2616 5442 καὶ
2676 5386 2883 5461 Πατέρα
2940 5386 3110 5466 ὃμῶν,
3170 5387 3257 5442 καὶ
3316 5387 3446 5442 Θεόν
3504 5410 3603 5462 μοι)
3665 5392 3764 5448 καί

2109 5481 2239 5536 Θεὸν
2287 5478 2458 5552 ὑμῶν.
2498 5499 2526 5530 n
2603 5484 2702 5545 Τοῦ
2757 5476 3045 5551 κτίσματος
3103 5475 3202 5556 γάρ
3262 5477 3390 5539 Θεὸς
3422 5477 3450 5533 ὀ
3505 5480 3658 5553 Θεὸς,
3693 5481 3759 5535 οὗ

2106 5577 2197 5628 τοῦ
2245 5566 2442 5644 Λόγου,
2501 5567 2557 5622 Εἰ
2587 5564 2641 5623 δέ
2673 5589 2755 5624 σοι
2800 5569 2882 5646 τὸ,
2924 5591 2948 5622 ιι
2987 5569 3092 5645 Πρὸ
3122 5567 3333 5623 πάντων
3361 5567 3562 5642 βουνῶν
3593 5578 3760 5646 γεννᾷ

2105 5681 2196 5738 με,
2234 5682 2262 5716 ι
2310 5658 2559 5716 ὑπονοεῖν
2589 5656 2794 5717 δίδωσιν
2837 5661 2907 5725 ὡς
2957 5657 3120 5738 ὀλίγῳ
3153 5657 3404 5738 πρότερον
3460 5665 3555 5718 106
3598 5661 3758 5742 γενέ-
