4086 6414
282 355 394 423 965

1286 356 1474 422 VITA
1517 359 1575 419 S.
1626 351 2138 420 AMPHILOCHII
2182 351 2637 418 ICONIENSIS.

3528 354 3650 419 966

284 500 396 552 σθαι
448 495 568 557 τοὺς
628 495 845 570 βουνοὺς
916 495 1006 550 τὸν
1070 497 1188 552 Υἱὸν
1248 495 1566 574 γεγέννηκεν
1625 497 1653 549 ὃ
1713 490 1913 568 Πατὴρ,

2016 490 2103 552 iit:
2137 489 2417 552 Ascendo
2443 489 2512 549 ad
2539 489 2775 549 Patrem
2803 505 3001 548 meum
3029 495 3083 548 et
3109 485 3341 548 Patrem
3367 496 3643 565 vestrum,

282 584 387 664 ὥρα
441 606 523 640 σοι
553 587 641 640 καὶ
688 582 931 663 ἀγγέλων
975 585 1132 642 αὐτὸν
1190 584 1242 641 ἐν
1287 583 1485 658 ὑστέρῳ
1514 582 1731 646 τιθέναι,
1783 582 1923 658 Πρό-

2016 577 2082 639 ad
2106 578 2290 640 Deum
2320 596 2520 639 meum
2543 577 2806 639 etDeum
2833 577 3288 664 vestrum.Deus
3308 575 3466 638 enim
3493 597 3654 642 crea-

281 695 416 753 τερυι
469 675 570 751 γὰρ
598 675 646 730 οἱ
703 671 922 752 ἄγγελοι
955 675 1059 730 τῶν
1108 675 1311 750 βουνῶν
1351 677 1426 730 ὧν
1475 675 1923 753 προγεγεννῆσθαι

284 752 492 832 λέγεται
548 756 575 809 ὁ
633 755 776 817 Υἱός.
840 755 1053 818 Τούτοις
1107 768 1224 818 τοῖς
1271 754 1452 834 λόγοις
1509 752 1600 811 οἷά
1643 776 1744 810 τινι
1788 752 1922 829 πέδη

2009 677 2154 730 turaa
2187 677 2272 730 est
2308 670 2487 748 Deus,
2522 685 2642 728 non
2687 665 2894 729 Verbi.
2947 663 3008 726 Si
3055 672 3250 727 autem
3287 664 3400 728 ista
3445 668 3648 746 verba,

2013 760 2198 821 «Ante
2220 776 2429 819 omnes
2458 757 2644 818 colles
2673 761 3092 836 generatme,»
3121 753 3650 836 itainterpretaris,

280 843 375 910 τὴν
407 841 652 920 γλῶτταν
711 842 926 924 ληφθεὶς
955 845 982 900 ὁ
1013 844 1271 920 Εὐνόμιος
1304 845 1397 900 καί
1432 845 1509 920 μὴ
1539 843 1683 922 ἔχων
1711 843 1741 898 ’ὁ
1785 842 1918 898 ἀντ-

2016 861 2068 910 nt
2095 851 2319 910 Patrem
2346 851 2516 922 paulo
2546 863 2677 909 ante
2705 865 2875 922 quam
2906 848 3085 907 colles
3117 849 3292 907 creati
3324 859 3458 908 sunt
3478 867 3655 924 gene-

282 935 416 990 εἷποι
466 934 597 1010 πρὸς
629 932 766 990 οὕτω
821 932 964 1012 σαφῆ
1007 935 1094 994 καὶ
1144 933 1581 1013 ὁμολογουμένην
1637 932 1918 1013 ἀλήθειαν,

2002 952 2158 994 rasse
2181 937 2389 994 Filium
2414 935 2924 999 dicas,necessario
2945 949 3074 991 eum
3093 934 3460 1006 angelisipsis
3473 949 3659 1008 poste-

281 1025 609 1101 εὖπροσώπῳ
665 1021 810 1102 λόγῳ
865 1024 932 1079 τὰ
983 1030 1077 1080 τοῦ
1131 1024 1334 1103 ἀγῶνος
1391 1024 1571 1104 ὥσπερ
1616 1021 1921 1080 ἀναϐαλλό-

2016 1021 2226 1083 riorem
2256 1020 2575 1082 concedes.
2610 1018 2850 1081 Priores
2873 1018 3033 1080 enim
3065 1019 3232 1080 fuere
3255 1019 3447 1098 angeli
3478 1022 3655 1085 colli-

282 1133 460 1188 μενος,
493 1113 566 1170 Οὔ
609 1119 722 1189 νῦν,
754 1111 871 1170 ἀλλ’
916 1114 988 1178 εἷς
1033 1113 1128 1191 αὕρ
1142 1137 1238 1189 ιον,
1275 1114 1399 1192 ἔφη,
1434 1113 1656 1170 ἐνώπιόν
1693 1137 1775 1171 σοι
1833 1115 1926 1170 τοῦ

2016 1115 2119 1177 bus
2142 1121 2278 1176 ante
2307 1131 2456 1195 quos
2477 1113 2663 1175 Filius
2684 1120 3016 1192 generatus
3034 1129 3167 1173 esse
3181 1110 3655 1186 dicitur.Quibus

280 1201 540 1278 βασιλέως
574 1203 659 1258 καὶ
705 1200 913 1258 πολλῶν
943 1201 1276 1284 διαλέξομαι,
1305 1205 1394 1260 καὶ
1435 1205 1612 1279 μάτην
1661 1203 1924 1278 ληροῦντα

2016 1207 2200 1264 verbis
2231 1222 2361 1264 cum
2392 1205 2564 1263 veluti
2591 1205 2824 1262 vinculo
2853 1204 3218 1262 cohiberetur
3246 1204 3510 1264 Eunomii
3543 1209 3652 1266 lin-

281 1290 448 1368 δείξω,
480 1294 570 1348 καὶ
599 1290 747 1348 οῦδὲν
791 1291 930 1356 ὅλως
960 1294 1105 1371 ὑγιὲς
1139 1291 1400 1372 λέγονται,
1445 1299 1549 1351 Καί
1593 1294 1622 1350 ὁ
1653 1291 1921 1374 Ἀμφιλό-

2016 1310 2272 1372 gua,non
2307 1290 2517 1353 habuit
2546 1290 2776 1371 quaead
2805 1299 2923 1352 tam
2955 1288 3212 1350 lucidam
3245 1289 3316 1351 ab
3339 1292 3653 1356 omnibus-

280 1380 429 1461 χιος,
465 1380 614 1439 Ἀλλ’
658 1387 717 1442 οὗ
767 1383 866 1462 γὰρ
915 1381 1119 1454 ἐξέσται
1177 1405 1257 1440 σοι
1299 1383 1395 1440 καί
1449 1383 1760 1460 βουλομένῳ
1807 1381 1928 1439 δια-

277 1469 535 1550 λεχθῆναι
546 1519 560 1533 ,

2009 1401 2125 1464 que
2151 1382 2413 1460 agnitam
2444 1381 2758 1442 veritatem
2790 1388 3131 1462 reponeret.
3170 1377 3365 1450 Quare
3388 1385 3658 1461 specioso

2011 1489 2292 1533 sermone
2319 1470 2780 1551 disputationem
2804 1468 2974 1547 quasi
2997 1467 3478 1549 difi‘erens,Haud
3503 1493 3660 1536 nunc

279 1558 546 1641 quidem,
579 1559 795 1641 inquit,
827 1559 933 1623 sed
975 1579 1108 1624 cras
1137 1579 1334 1625 coram
1384 1580 1525 1642 rege
1556 1580 1628 1624 ac
1660 1561 1878 1644 populo
1925 1561 2359 1643 colloquemur,
2398 1558 2830 1639 ostendamque
2863 1570 2920 1622 te
2970 1557 3187 1618 frustra
3221 1559 3430 1638 nugari
3461 1579 3660 1640 neque

282 1652 530 1711 omnino
560 1649 690 1712 sani
734 1651 874 1732 quid
909 1650 1199 1733 proferre.
1253 1651 1713 1734 Amphilochius
1745 1651 2056 1733 respondit
2093 1673 2106 1715 :
2168 1651 2467 1731 Attamen,
2503 1649 2614 1711 etsi
2645 1648 2928 1725 volueris,
2963 1647 3023 1708 in
3054 1646 3415 1728 colloquium
3457 1653 3664 1715 venire

281 1739 436 1802 haud
469 1737 573 1800 tibi
602 1739 825 1804 licebit.

361 1829 447 1892 Z'.
482 1830 556 1888 Τὰ
591 1831 688 1906 μὲν
719 1830 806 1888 οὖν
837 1836 937 1899 τῆς
972 1831 1249 1899 διαλέξεως
1295 1833 1433 1890 οὕτω
1462 1835 1522 1890 τὸ
1552 1831 1713 1912 πέρας
1745 1832 1928 1912 ἔσχεν.

2102 1828 2225 1894 VII.
2261 1829 2384 1892 Hoc
2416 1827 2593 1890 modo
2625 1825 3008 1907 disputationi
3039 1825 3176 1886 finis
3203 1835 3295 1888 est
3322 1829 3658 1910 impositus.

283 1921 538 1979 Ἀπιόντα
589 1918 645 1977 δὲ
703 1923 792 1978 τὸν
851 1921 1109 1999 Εὐνόμιον
1158 1922 1343 1982 οἴκαδε
1396 1930 1618 2002 πυρετὸς
1676 1920 1933 1998 λαμϐάνει

283 2009 524 2091 σφοδρὸς,
572 2009 670 2068 καί
718 2011 832 2088 ἅμα
891 2013 1210 2083 κλινοπετὴς
1269 2017 1490 2092 γίνεται,
1542 2004 1603 2071 Ἠ
1659 2011 1710 2068 δὲ
1773 2013 1930 2077 πόλις

280 2101 459 2158 ἅπασα
504 2102 771 2180 μετέωρος
825 2101 890 2169 ἧν
934 2104 1031 2170 τῆν
1075 2102 1487 2182 ἐπηγγελμένην
1532 2103 1729 2169 ταύτην
1774 2100 1924 2159 ἐκδε-

280 2191 494 2272 χομένη
559 2189 856 2255 διάλεκτον.
915 2185 974 2251 εΟ
1033 2194 1216 2269 μέντοι
1262 2196 1357 2251 τοῦ
1403 2195 1532 2252 Οεοῦ
1576 2190 1758 2256 δοῦλος
1801 2191 1926 2272 παρ’

277 2280 408 2348 ὅλην
463 2284 564 2346 τὴν
649 2281 808 2339 νύκτα
880 2283 1176 2362 εὐχόμενος
1233 2281 1453 2340 διετέλει
1502 2281 1717 2350 δοθῆναι
1787 2285 1929 2359 αὗτῷ

280 2369 437 2448 λόγον
493 2371 636 2449 παρὰ
684 2376 781 2438 τῆς
842 2371 1043 2428 ἄνωθεν
1084 2374 1310 2452 χάριτος
1343 2373 1425 2430 ἐπὶ
1498 2371 1782 2450 βεϐαιώσει
1837 2378 1928 2442 τῆς

287 2461 459 2538 ὑγιοῦς
509 2482 566 2517 τε
597 2462 686 2517 καὶ
733 2460 961 2528 ἀληθοῦς
1029 2463 1282 2526 πίστεως,
1321 2454 1552 2541 Ἠμέρας
1604 2463 1706 2532 ἤδη
1758 2465 1928 2520 51:10-

290 2547 541 2626 γαζούσης
599 2552 692 2607 τὸν
744 2551 1120 2630 ἀρχιδιάκονον
1152 2553 1313 2612 αὐτοῦ
1363 2554 1616 2629 καλέσας,
1658 2556 1929 2629 Σήμερον,

287 2637 408 2718 ἔφη,
460 2639 666 2714 τέκνον,
721 2639 758 2717 ᾖ
816 2642 1065 2712 ζήσεσθαι
1109 2643 1248 2717 ἡμῖν
1290 2644 1564 2721 πρόκειται
1626 2644 1662 2711 ἢ
1721 2644 1930 2700 ἀποθα-

283 2731 411 2791 νείν.
457 2728 606 2796 Πλὴν
639 2730 668 2786 ὃ
718 2729 871 2807 λάγω
902 2754 986 2788 σοι
1019 2733 1150 2810 πρὸς
1182 2732 1346 2810 πέρας
1390 2734 1615 2813 ἀγαγεϊδ
1648 2735 1930 2812 προθυμή-

281 2835 424 2895 θητι⁹
485 2817 702 2897 ἐπείπερ
735 2817 848 2882 ἔθος
893 2819 1056 2897 ἐστὶν,
1090 2824 1164 2886 ὡς
1220 2819 1396 2900 οἶδας,
1430 2823 1735 2880 ἐπισκόπων
1793 2825 1932 2880 εἱσι-

283 2907 447 2966 όντων
497 2909 628 2989 πρὸς
655 2909 898 2985 βασιλέα,
933 2911 1023 2968 τὸν
1080 2909 1323 2969 διάκονον
1371 2915 1453 2993 τὸ,
1487 2913 1661 2992 Ὀρθοῖ
1708 2915 1929 2994 πάντες,

283 3001 569 3078 ἒκφωνετν.
630 2999 704 3054 Σὺ
734 3006 890 3057 τοῦτο
923 2999 977 3056 ἐν
1024 3007 1100 3076 τῷ
1131 2999 1348 3077 μέλλειν
1398 3003 1488 3058 καί
1517 3005 1660 3078 ἡμᾶς
1716 3002 1930 3059 εἰσιέναι

283 3089 531 3157 ποίησον.
599 3078 660 3144 Ὠ
691 3085 767 3164 δὲ,
800 3093 1136 3170 ἰ’φορῶμαι,
1188 3089 1442 3167 δέσποτα,
1477 3090 1601 3170 ἔφη,
1633 3091 1714 3148 ὅτι
1773 3092 1929 3150 τοῦτό

2018 1921 2354 1984 Ευηοη.ἱυε
2407 1924 2606 1980 autem
2658 1917 2900 1978 domum
2954 1916 3269 1977 discedens
3298 1919 3461 1996 gravi
3511 1920 3664 1983 febri

2016 2017 2326 2090 correptus
2345 2007 2621 2088 lectoque
2643 2005 3005 2068 decumbere
3027 2014 3266 2066 coactus
3289 2015 3395 2067 est.
3427 2007 3498 2070 Et
3519 2009 3661 2072 dum

2016 2099 2294 2161 universa
2317 2097 2526 2159 civitas
2549 2095 2788 2157 curiose
2810 2094 3485 2175 exspectaretinilictum
3503 2099 3662 2162 istud

2011 2189 2614 2270 colloquium,servus
2635 2184 2742 2248 Dei
2764 2193 2884 2246 tota
2910 2194 3086 2246 nocte
3115 2184 3174 2246 in
3201 2204 3410 2266 preces
3440 2188 3662 2252 effusos

2011 2279 2199 2340 oravit
2223 2286 2284 2338 ut
2305 2278 2379 2338 ad
2404 2275 2875 2337 confirmandam
2903 2293 3106 2335 sanam
3131 2293 3453 2357 veramque
3480 2279 3658 2342 fidem

2009 2367 2124 2430 sibi
2155 2386 2188 2429 a
2210 2368 2393 2448 gratia
2423 2365 2619 2427 divina
2667 2364 3103 2426 concederetur
3135 2365 3219 2426 vis
3270 2365 3652 2447 eloquentiae.

2015 2455 2121 2520 Die
2151 2467 2344 2518 autem
2373 2457 2759 2517 illucescente
2801 2453 3227 2516 archidiacono
3280 2474 3387 2518 suo
3436 2459 3662 2520 adscito

2015 2545 2187 2608 dixit:
2222 2544 2526 2619 Hodie,mi
2558 2543 2748 2615 ﬁli,de
2777 2543 2893 2604 vita
2913 2549 3104 2622 agitur
3134 2551 3190 2606 et
3220 2545 3295 2607 de
3317 2548 3663 2610 [ποι-161188-

2017 2643 2208 2697 terum
2243 2645 2304 2696 tu
2331 2636 2514 2696 faeies
2549 2632 2704 2714 quod
2739 2632 2844 2694 tibi
2860 2633 2985 2712 jam
3010 2632 3276 2695 dicturus
3299 2652 3452 2698 sum.
3489 2637 3658 2716 Cum,

2017 2725 2101 2786 uti
2132 2725 2310 2805 nosti,
2338 2723 2638 2805 episcopis
2667 2722 2739 2784 ad
2770 2741 2973 2803 regem
3007 2723 3505 2806 ingredientibus,
3527 2727 3661 2788 dia-

2016 2833 2204 2876 conus
2235 2813 2309 2875 de
2335 2831 2501 2875 more
2535 2812 2661 2874 haec
2683 2811 2884 2886 verba,
2921 2833 2949 2872 ‹
2987 2813 3160 2876 Recti
3192 2831 3423 2889 omnes,
3456 2839 3478 2874 ο
3519 2835 3663 2896 pro-

2014 2903 2270 2978 nuntiet,
2294 2910 2352 2963 tu
2383 2919 2619 2984 quoque
2653 2900 2755 2962 ubi
2786 2900 3198 2981 ingrediemur
3228 2901 3320 2964 fac
3351 2903 3536 2968 idem.
3569 2905 3663 2968 Ad

2014 3012 2146 3075 quae
2178 2993 2303 3070 ille,
2329 2994 2550 3067 Metuo,
2577 2992 2794 3073 inquit,
2819 3010 2852 3053 ο
2874 2991 3140 3067 domine,
3165 3011 3243 3054 ne
3268 3010 3396 3066 rex,
3421 2995 3658 3076 quando

2014 3103 2109 3146 me
2159 3085 2287 3145 haec
2318 3082 2635 3144 facientem
2666 3083 3072 3161 conspexerit,
3108 3081 3271 3144 illico
3316 3083 3656 3148 interﬁciat.

286 3200 352 3255 με
403 3181 430 3234 ὁ
459 3175 710 3255 βασιλεὺς
753 3169 885 3235 ἷδων
924 3169 1226 3251 ποιήσαντα
1273 3181 1462 3246 εὐθέως
1495 3169 1806 3242 ἆποκτενεϊ.
1867 3173 1926 3241 (Ο

2016 3172 2472 3256 Amphilochius
2492 3171 2838 3252 respondit:
2872 3169 3098 3234 Verere
3128 3170 3295 3232 illum
3320 3176 3420 3253 qui
3444 3192 3663 3254 praece-

283 3267 361 3346 δὲ,
395 3269 586 3342 Αὐτὸν,
638 3268 818 3345 εἶπεν,
853 3266 1117 3336 αἰδέσθητι
1173 3272 1266 3327 τὸν
1320 3269 1603 3330 κελεύοντα
1633 3271 1712 3348 μὴ
1770 3269 1931 3328 δεδοι-

284 3357 432 3416 κέναι
486 3359 606 3424 τοὺς
663 3360 724 3416 τὸ
786 3365 943 3435 σῶμα
1013 3359 1331 3418 ἀποκτεῖναι
1401 3360 1744 3438 δυναμένους,
1810 3360 1932 3419 ἀλλ’

285 3448 492 3506 Ξκεϊνον
541 3446 746 3524 μᾶλλον
775 3450 864 3506 τὸν
918 3449 1294 3532 ἂπολέσαιᾷκαὶ
1323 3457 1481 3527 σῶμα
1529 3451 1614 3509 καὶ
1644 3451 1829 3532 ψυχὴν
1878 3451 1933 3508 ἐν

283 3537 471 3618 γεέννῃ
518 3535 829 3615 δυνάμενον.
891 3539 990 3597 Καὶ
1049 3539 1132 3620 ὃς,
1181 3530 1271 3606 Ὠς
1327 3539 1630 3617 ἐκέλευσας,
1665 3530 1790 3622 ἔφη,
1845 3541 1933 3598 καὶ

286 3632 344 3685 τὸ
388 3627 541 3707 ἔργον
571 3625 882 3698 ἐκϐήσεται.
943 3627 1095 3686 Ἐπεὶ
1123 3628 1178 3684 δὲ
1234 3630 1296 3686 τὸ
1328 3629 1588 3687 παλάτιον
1632 3630 1792 3711 εῖχεν
1833 3631 1932 3687 αύ-

287 3720 403 3793 τὸν,
433 3716 700 3794 μέλλοντα
741 3715 844 3786 ἤδη
881 3719 1013 3790 πρὸς
1069 3717 1292 3795 βασιλέα
1320 3719 1480 3796 ἰέναι,
1511 3721 1611 3786 τὴν
1661 3719 1932 3798 ἱερατικῆν

286 3808 484 3876 ἐσθῆτα
535 3805 704 3889 ἰνδὺς,
739 3807 847 3876 Τὴν
896 3810 1379 3891 παρακαταθήκην,
1410 3809 1513 3889 ἔφη
1572 3815 1650 3867 τῶ
1681 3807 1930 3886 διακόνῳ,

285 3895 508 3979 ἀπόδος,
541 3920 636 3974 μοι
689 3897 756 3979 ἣν
829 3895 980 3964 ἐξιὼν
1040 3903 1138 3974 τῇς
1190 3897 1604 3979 μητροπόλεως
1630 3899 1933 3979 παρεθέμην

287 4002 397 4040 σοι.
446 3977 646 4037 Αὒτίκα
674 3978 842 4035 τοίνυν
898 3979 999 4046 τὴν
1027 3979 1218 4046 ὀθόνην
1272 3981 1309 4056 ᾗ
1343 3982 1372 4036 ὁ
1428 3977 1614 4059 ἄνθραξ
1666 3977 1934 4038 ἐντετύλι-

283 4091 381 4127 κτο
446 4067 687 4134 ἆνελίξας
741 4068 964 4147 εὑρίσκει
1021 4068 1506 4148 πεπυρακτωμένον
1562 4072 1690 4130 αὐτὸ
1745 4069 1845 4151 ἔτι,
1890 4068 1936 4128 ὣ

285 4167 380 4216 τοῦ
435 4165 619 4216 καινοῦ
665 4154 984 4233 θαύματοςέ
1046 4156 1180 4234 μήτ’
1242 4160 1400 4217 αὐτοῦ
1447 4165 1523 4235 τῷ
1553 4159 1747 4235 μεταξὺ
1805 4158 1934 4216 σϐε-

287 4248 523 4322 σθέντος,
554 4249 694 4324 μήτε
736 4252 814 4321 τῷ
869 4248 991 4327 πυρὶ
1017 4252 1116 4315 τῆς
1161 4248 1352 4317 ὀθόνης
1397 4249 1460 4305 τὸ
1492 4251 1740 4327 παράπαν
1794 4248 1933 4328 βλα-

283 4336 491 4406 ϐείσης.
548 4337 648 4396 Τὸν
709 4335 799 4394 οὗν
855 4335 1086 4415 ἄνθρακα
1127 4339 1457 4417 θυμιατηρίῳ
1498 4337 1693 4409 ἒνθεῖς,
1743 4339 1829 4396 καί
1883 4362 1934 4397 τι

283 4428 373 4484 καὶ
419 4433 523 4485 τῶν
581 4425 821 4504 εὐόσμων
875 4421 1125 4502 ἐμϐαλὼν
1182 4427 1238 4484 ἐν
1294 4428 1459 4502 αὐτῷ,
1499 4427 1811 4509 ἆκφωνῆσαι
1859 4436 1936 4505 τῷ

281 4515 518 4592 διακόνῳ
565 4517 704 4574 κατὰ
732 4517 793 4574 τὸ
849 4514 1263 4596 επιτεταγμένον
1294 4515 1528 4582 ἐκέλευε.
1578 4519 1676 4577 Καὶ
1735 4519 1792 4583 ὃς
1836 4541 1934 4598 γε-

280 4606 559 4686 γονωτέρᾳ
617 4609 768 4685 φωνῇ
811 4607 895 4668 τὸ.
957 4603 1132 4685 Ὀρθοὶ
1162 4607 1377 4682 πάντες,
1425 4606 1694 4676 ἒξεεόησε.
1757 4616 1932 4690 Θροη-

278 4696 462 4760 θέντες
512 4695 602 4754 οὗν
653 4697 700 4753 oi
730 4694 988 4776 παρόντες
1046 4699 1151 4754 τῶν
1201 4697 1396 4776 θρόιων
1453 4698 1600 4761 εὐθὺς
1651 4697 1940 4766 ἐξανέστηο

279 4811 408 4849 σαν.
465 4779 524 4848 Ὀ
582 4787 681 4866 μὲν
738 4786 827 4844 οὖν
870 4784 1117 4864 βασιλεὺς
1180 4789 1281 4856 τὴν
1332 4787 1580 4867 ἀκαιρίαν
1637 4787 1791 4858 δῆθεν
1848 4799 1942 4850 τοῦ

278 4879 601 4960 πράγματος
653 4877 742 4934 καὶ
797 4875 1101 4954 ἐμέμψατο,
1162 4878 1251 4934 καὶ
1308 4879 1474 4954 θυμοῦ
1531 4877 1938 4946 ἀναπέπληστο·

278 4969 330 5025 οἱ
407 4966 465 5024 δὲ
519 4971 621 5036 τῆς
695 4965 948 5046 αἱρέσεως
1018 4964 1379 5046 ἀφηγούμενοι
1459 4964 1770 5046 δραξάμενοι
1851 4975 1943 5027 τοῦ

277 5064 497 5139 καιροῦ,
533 5059 651 5138 Οὖχ
685 5055 874 5134 ἥμετς,
921 5063 999 5131 τῷ
1049 5055 1266 5134 βασιλεῖ
1325 5055 1548 5138 ἔφησαν,
1584 5058 1703 5137 περὶ
1757 5059 1943 5117 τούτου

279 5149 364 5224 τῷ
395 5153 476 5223 σῷ
529 5149 853 5229 προείπομεν
902 5168 1112 5227 κρατει,
1145 5145 1226 5204 ὅτι
1272 5145 1433 5226 λῆρός
1493 5145 1603 5204 ἐστι
1635 5149 1729 5204 καί
1769 5149 1941 5217 ἀνόη-

279 5261 379 5305 τος
412 5259 431 5315 ;
467 5235 719 5318 Ἐγγίσας
749 5234 804 5293 δὲ
861 5237 890 5294 ὃ
921 5234 1308 5318 Ἀμφιλόχιος,
1341 5237 1580 5316 Χαίροις,
1613 5236 1801 5318 ἔφησε,
1832 5239 1940 5317 βα-

279 5328 457 5406 σιλεῦ,
492 5332 616 5387 εἶτα
667 5330 726 5384 ἒν
767 5324 920 5393 δεξιῶ
967 5331 1045 5400 τῷ
1074 5325 1219 5383 παιδὶ
1275 5328 1435 5386 αὐτοῦ
1487 5327 1796 5404 καθημένῳ,
1831 5326 1938 5387 Καῖ

277 5421 345 5477 σὺ
397 5421 639 5502 χαίροις,
684 5415 810 5498 ἔφη,
844 5413 1074 5493 παιδίον,
1109 5415 1463 5494 ἠμελημένως
1515 5441 1631 5502 πως
1661 5419 1750 5475 καὶ
1796 5440 1938 5492 παρ-

277 5498 455 5590 έργως
497 5498 597 5578 τὴν
641 5506 1061 5587 προσαγόρευσιν
1118 5507 1506 5585 ποιησάμενος.
1555 5498 1614 5566 Ὀ
1673 5505 1729 5564 δὲ
1787 5507 1938 5585 βασι-

274 5598 404 5669 λεὺς
461 5603 557 5660 τὸν
609 5595 1153 5676 καταπεφρονημένον
1209 5603 1395 5656 τοῦτον
1451 5599 1544 5657 τοῦ
1610 5598 1722 5655 υἱοῦ
1770 5598 1938 5655 ἄσπα-

273 5692 420 5774 σμὸν
478 5689 809 5768 ἐπακούσας,
842 5686 1052 5760 ἀνέζεσε
1103 5693 1180 5765 τῷ
1209 5689 1359 5768 θυμῷ
1399 5689 1487 5748 καὶ
1517 5687 1709 5770 μικροῦ
1752 5684 1939 5748 διέσπα

2017 3264 2196 3344 pit,ut
2215 3282 2292 3325 ne
2315 3262 2446 3324 illos
2466 3260 2567 3343 qui
2599 3278 2816 3341 corpus
2837 3260 3184 3323 interimere
3212 3260 3657 3329 valentmetua-

2017 3372 2173 3435 mus,
2197 3353 2304 3415 sed
2328 3352 2495 3414 illum
2526 3352 2724 3433 potius
2756 3351 2855 3432 qui
2885 3358 2944 3413 et
2974 3369 3193 3432 corpus
3211 3361 3270 3414 et
3299 3353 3560 3418 animam
3597 3358 3661 3420 in

2014 3444 2291 3524 gehenna
2314 3441 2568 3523 perdere
2585 3448 2798 3522 potest.
2831 3440 3306 3504 Archidiaconus
3323 3443 3469 3507 dixit
3496 3468 3509 3510 :
3542 3445 3660 3510 Fa-

2015 3533 2167 3596 ciam
2201 3532 2356 3614 quod
2381 3531 2635 3612 jussisti.
2687 3533 2834 3594 Cum
2867 3531 3070 3613 igitur,
3105 3540 3265 3595 veste
3307 3535 3667 3601 sacerdotali

2015 3623 2275 3696 iadutus,
2310 3623 2381 3684 ad
2417 3622 2696 3703 palatium
2732 3620 3103 3700 pervenisset
3130 3631 3188 3686 et
3218 3622 3279 3684 in
3312 3642 3382 3686 eo
3416 3633 3574 3689 esset
3605 3636 3667 3690 ut

2015 3711 2088 3774 ad
2120 3729 2322 3792 regem
2352 3711 2788 3791 ingrederetur,
2814 3711 3091 3787 diacono,
3121 3713 3208 3775 Da
3241 3713 3410 3789 mihi,
3445 3715 3658 3797 inquit,

2017 3801 2353 3883 depositum
2387 3800 2533 3863 illud
2566 3801 2725 3883 quod
2771 3819 2908 3863 cum
2939 3801 3317 3882 metropolim
3350 3804 3661 3886 relinque-

2017 3909 2168 3972 rem,
2205 3889 2312 3952 tibi
2367 3889 2585 3952 traditi.
2622 3889 2833 3954 Statim
2889 3889 3065 3969 igitur
3093 3889 3281 3953 linteo
3331 3911 3449 3973 qno
3483 3895 3661 3959 carbo

2017 3981 2318 4044 involutus
2339 3989 2467 4043 erat
2483 3979 2775 4062 explicato
2799 3980 3026 4042 invenit
3041 3979 3212 4041 illum
3237 3979 3431 4044 adhuc
3452 3983 3669 4048 arden-

2018 4080 2164 4153 tem,
2188 4089 2221 4132 o
2252 4089 2466 4134 novum
2509 4070 2861 4132 miraculum
2892 4069 2907 4128 !
2961 4068 3044 4132 ita
3075 4081 3139 4132 ut
3167 4088 3363 4151 neque
3393 4080 3666 4154 tempore

2017 4162 2414 4225 interlabente
2450 4160 2803 4238 exstinctus,
2835 4177 3028 4242 neque
3059 4160 3308 4224 linteum
3341 4163 3461 4225 ullo
3489 4165 3664 4227 modo

2016 4252 2156 4332 igne
2186 4259 2530 4332 corruptum
2586 4259 2766 4313 esset.
2816 4251 3019 4330 Itaque
3047 4251 3312 4312 carbone
3361 4251 3666 4316 thuribulo

2017 4341 2297 4424 imposito
2328 4351 2389 4404 et
2424 4342 2599 4403 thure
2623 4340 2859 4420 adjecto
2891 4340 3206 4402 diaconum
3236 4339 3298 4402 in
3328 4341 3508 4404 verba
3537 4361 3670 4424 quas

2016 4434 2128 4514 ipsi
2178 4438 2562 4512 praeceperat,
2595 4447 2914 4509 erumpere
2936 4427 3139 4509 jussit.
3173 4427 3464 4494 Clamavit
3493 4431 3672 4512 igitur

1958 4521 2122 4612 Dille
2168 4521 2361 4584 altiori
2391 4540 2581 4612 voce:
2624 4518 3076 4612 Rectipmnes.
3110 4518 3518 4612 Obstup_efacti
3565 4522 3666 4603 qui

2021 4610 2271 4674 aderant
2299 4629 2334 4673 e
2364 4610 2599 4672 thronis
2625 4609 2749 4673 suis
2771 4607 2932 4671 illico
2950 4626 3293 4676 surrexere.
3323 4607 3446 4674 Rex
3468 4619 3671 4675 autem

2023 4719 2144 4762 non
2168 4700 2360 4762 solum
2383 4701 2497 4762 hoc
2529 4706 2747 4782 praeter
2776 4699 3281 4780 Opportunitatem
3315 4697 3536 4762 factum
3567 4719 3669 4765 re-

2025 4789 2478 4872 prehendit,sed
2504 4792 2680 4850 etiam
2706 4789 2797 4850 ira
2821 4787 3087 4865 repletus
3112 4797 3222 4850 est.
3255 4787 3453 4862 Quare
3474 4791 3673 4854 hare-

2022 4897 2160 4942 seos
2189 4879 2395 4956 duces,
2430 4878 2746 4942 occasione
2778 4890 2972 4958 capta,
3003 4877 3076 4939 ad
3107 4896 3310 4958 regem
3343 4877 3623 4942 dixerunt
3654 4899 3669 4944 :

2023 4968 2236 5032 Nonne
2295 4973 2583 5049 majestati
2616 4978 2734 5030 tua;
2782 4967 2857 5030 de
2888 4967 3001 5028 hoc
3059 4966 3302 5030 homine
3321 4970 3448 5050 jam
3497 4979 3677 5034 antea

2026 5058 2287 5122 diximus
2333 5059 2489 5141 quod
2519 5066 2770 5138 nugator
2824 5056 2901 5119 sit
2930 5065 2988 5117 et
3018 5057 3321 5122 stolidus?
3369 5057 3677 5124 Accedens

2026 5157 2224 5212 autem
2255 5149 2731 5231 Amphilochius,
2766 5145 2960 5228 Salve,
2988 5145 3206 5224 inquit,
3231 5167 3265 5210 ο
3296 5167 3425 5228 rex;
3459 5150 3679 5213 deinde

2023 5238 2097 5301 ad
2129 5239 2258 5319 ejus
2289 5238 2474 5301 filium
2531 5256 2568 5301 a
2596 5238 2804 5300 dextra
2833 5236 3146 5299 sedentem
3197 5257 3518 5303 conversus
3543 5239 3625 5302 ait
3658 5261 3673 5305 :

2022 5326 2196 5393 Salve
2234 5337 2295 5390 tu
2331 5347 2589 5410 quoque,
2625 5328 2705 5389 mi
2741 5328 2844 5403 ﬁli,
2877 5327 2960 5390 ita
2986 5334 3186 5390 tamen
3219 5337 3280 5391 ut
3308 5328 3503 5392 obiter
3547 5343 3680 5392 tan-

2024 5427 2144 5480 tum
2165 5425 2377 5480 etcum
2399 5419 2676 5498 neglectu
2697 5417 2955 5498 quodam
2972 5417 3387 5481 salutationem
3418 5437 3680 5500 pronun-

2025 5509 2217 5571 tiaret.
2250 5507 2394 5571 Cum
2419 5517 2615 5570 autem
2641 5525 2744 5570 rex
2774 5508 2927 5569 hanc
2951 5505 3370 5570 salutationem
3399 5508 3504 5570 filii
3527 5527 3680 5572 con-

2022 5597 2295 5680 temptim
2347 5599 2634 5680 prolatam
2668 5597 2980 5674 audiisset,
3017 5597 3218 5661 animo
3267 5597 3588 5661 excanduit
3621 5605 3681 5659 et

2023 5706 2233 5773 parum
2295 5688 2482 5753 abfuit
2507 5689 2652 5771 quin
2708 5696 2918 5755 sancto
2949 5703 3192 5752 manum
3238 5687 3508 5756 inferret.
3543 5685 3676 5753 Jam
