4086 6410
429 301 546 367 967

1596 302 1985 369 ADDENDA.
2047 328 2127 343 —
2191 295 2634 363 NOVEMBER.

3677 302 3792 368 968

429 455 571 500 vero
591 434 748 499 haud
766 434 1026 517 amplius
1048 436 1161 499 sibi
1187 437 1557 512 temperavit,
1587 438 1985 515 exsiliensque
2009 432 2070 493 in

2169 434 2245 489 τὸν
2275 434 2425 512 ἅγιον
2469 434 2585 492 οῦδὲ
2620 438 2869 502 καθεκτὸς
2921 437 3017 516 ὢν,
3050 435 3172 492 ἀλλ’
3224 436 3600 512 ἐξαλλόμενος.
3637 439 3698 495 Τί
3754 436 3806 493 δὲ

431 533 699 587 sanctum
736 527 828 587 bis
849 526 1118 588 invectus
1144 536 1232 586 est
1259 524 1453 586 verbis
1480 547 1493 588 :
1522 525 1641 588 Cur
1662 528 1770 588 hoc
1791 525 1984 587 fecisti
2015 531 2078 583 ut

434 634 531 677 me
560 615 801 696 quidem
828 614 1195 687 salutaveris,
1233 615 1416 675 filium
1449 623 1645 676 autem
1681 634 1904 690 meum,
1943 624 2075 676 tan-

436 722 610 784 quam
642 724 828 765 unum
863 725 895 765 e
938 702 1136 784 plebe,
1170 703 1337 764 nihili
1371 704 1629 767 feceris?
1660 703 1871 766 Nonne
1891 716 1950 766 et
1980 702 2078 764 hic

435 810 539 854 rex
573 792 709 853 est?
732 791 941 854 Nonne
970 810 1189 853 corona
1232 801 1291 854 et
1322 810 1581 873 purpura
1611 803 1669 854 et
1697 793 1927 856 caeteris
1957 794 2075 853 im-

434 881 587 960 perii
617 880 951 960 insignibus
983 888 1227 942 ornatus
1254 880 1284 940 ?
1346 882 1471 943 Jam
1506 881 1720 961 dignus
1751 900 1816 945 es
1845 882 1943 962 qui
1973 900 2073 944 ca-

432 964 554 1048 pite
585 970 885 1050 plectaris.
947 970 1397 1051 Amphilochius
1431 980 1635 1033 contra
1664 971 1916 1052 regessit
1947 993 1960 1034 :
2015 970 2074 1033 Si

430 1068 515 1133 tu,
542 1078 575 1120 0
607 1077 737 1140 rex,
763 1059 866 1141 qui
896 1059 1076 1122 hodie
1109 1061 1343 1122 exsistis
1369 1069 1427 1123 et
1456 1080 1590 1124 eras
1616 1063 1921 1125 communi
1954 1063 2074 1124 fato

430 1147 705 1228 subjaces
736 1158 794 1211 et
825 1150 885 1211 in
919 1149 1155 1211 cineres
1188 1149 1530 1230 resolveris,
1564 1152 1639 1213 de
1671 1151 1791 1212 lilio
1826 1160 1925 1212 tuo
1958 1170 2078 1212 non

430 1237 517 1299 uti
547 1239 717 1301 decet
770 1239 1058 1301 honorato
1093 1239 1420 1319 indignaris
1470 1252 1648 1321 atque
1681 1242 1834 1302 hanc
1863 1250 2077 1302 contu-

431 1327 669 1389 meliam
703 1330 867 1409 quasi
900 1328 1006 1389 tibi
1034 1327 1244 1389 factam
1295 1337 1558 1408 reputas,
1599 1348 1798 1391 nonne
1827 1349 1930 1392 rex
1961 1332 2082 1391 im-

432 1417 719 1496 mortalis,
740 1416 977 1497 quando
1006 1415 1187 1478 Filius
1216 1419 1343 1497 ejus
1384 1419 1457 1479 ab
1491 1418 1687 1498 impiis
1720 1418 2081 1482 contumelia

430 1506 706 1582 afﬁcitur,
743 1507 926 1568 multo
958 1514 1153 1587 potius
1176 1506 1614 1584 indignabitur?
1637 1510 1751 1571 Aut
1783 1509 2080 1588 quomodo

431 1603 605 1676 putas
634 1614 768 1657 eum
814 1595 947 1658 Filii
978 1595 1068 1658 sui
1121 1596 1553 1674 neglectionem
1597 1606 2079 1678 supportaturum

431 1690 597 1746 esse?
640 1685 728 1745 Ad
764 1685 890 1747 haec
921 1704 1048 1757 rex,
1082 1686 1275 1746 adhuc
1314 1685 1402 1746 ira
1432 1697 1786 1767 commotus,
1820 1688 1941 1750 Cur
1992 1696 2077 1762 tu,

2162 525 2247 579 καὶ
2291 532 2441 581 τοῦτο
2496 526 2775 603 εποίηοας,
2812 527 2940 603 πρὸς
2991 526 3080 580 τὸν
3115 523 3265 602 ἅγιον
3318 526 3442 604 ἔφη,
3479 526 3572 589 ἐμὲ
3624 525 3721 601 μὲν
3775 529 3808 602 ᾗ

2161 617 2615 692 προσηγόρευσας,
2660 612 3006 680 ἐξουδενώσας
3079 612 3131 668 δὲ
3192 618 3283 670 τὸν
3340 616 3449 673 υἱὸν
3518 616 3606 670 τὸν
3682 616 3808 689 ἐμὸν

2162 704 2246 758 καὶ
2289 705 2361 767 ὡς
2396 704 2470 777 τῷ
2521 705 2747 784 τυχόντι
2799 705 3174 783 προσενεχθείς
3207 723 3222 778 ς
3285 707 3417 784 Θῦχὶ
3446 703 3694 780 βασιλεὺς
3728 706 3810 761 καὶ

2161 793 2361 871 αῦτόςς
2425 795 2561 873 Θῦχὶ
2637 794 2823 872 στέφος
2894 793 2981 849 καὶ
3038 792 3317 870 ἁλουργίδα
3376 795 3667 872 περίκειται
3729 796 3810 850 καὶ

2159 878 2332 939 τᾶλλα
2388 882 2486 938 ὅσα
2512 888 2611 948 τῆς
2661 883 2932 960 βασιλείας
2979 884 3326 958 παράσημα;
3372 884 3473 940 Νῦν
3506 887 3565 941 οῦ
3621 885 3808 952 στήσε-

2159 992 2247 1026 ται
2300 973 2334 1039 ἡ
2369 972 2574 1051 κεφαλὴ
2622 995 2715 1029 σου
2747 972 2832 1028 ἐπὶ
2880 982 2986 1027 τῶν
3019 969 3182 1045 ὤμων
3243 994 3356 1028 σου.
3395 971 3450 1029 Ὀ
3509 968 3562 1026 δὲ
3610 968 3809 1052 Ἀμφι-

2159 1060 2372 1141 λόχιος,
2412 1065 2468 1119 Εἰ
2498 1068 2585 1135 σὺ,
2621 1062 2747 1143 ἔφη,
2778 1060 3017 1139 βασιλεῦ,
3054 1066 3080 1117 ὸ
3112 1060 3343 1138 σάμερον
3389 1061 3461 1118 ὢν
3494 1064 3579 1118 καὶ
3635 1061 3808 1139 αῦριον

2164 1157 2231 1226 τῇ
2279 1157 2431 1228 κοινῇ
2463 1153 2608 1228 φύσει
2667 1152 2985 1230 λειτουργῶν
3034 1152 3121 1207 καὶ
3171 1149 3517 1225 διαλυόμενος
3549 1160 3643 1211 τοῦ
3699 1155 3810 1208 υἱοῦ

2164 1262 2257 1298 σου
2315 1240 2392 1313 μὴ
2452 1244 2523 1306 ὡς
2582 1242 2852 1319 προσῆκόν
2901 1241 3011 1297 ἐστι
3062 1240 3374 1311 τιμηθέντος
3432 1240 3811 1318 ἠγανάκτησας

2162 1351 2219 1384 τε
2280 1332 2367 1385 καὶ
2397 1328 2540 1409 ὕϐριν
2595 1333 2792 1387 οἰκείαν
2824 1331 2882 1385 τὸ
2932 1350 3154 1406 πρα-εμα
3205 1329 3508 1403 νενόμικας,
3544 1332 3570 1385 ὁ
3614 1330 3811 1389 ἀθάνα-

2163 1441 2253 1480 τος
2288 1420 2536 1495 βασιλεὺς
2577 1435 2637 1477 ου
2696 1418 2878 1490 πολλῷ
2911 1419 3115 1494 μᾶλλον
3173 1419 3487 1497 ἀγανακτῶν
3522 1420 3667 1474 ἔσται
3726 1425 3816 1476 τοῦ

2165 1511 2288 1565 Υἱοῦ
2346 1513 2503 1567 αὐτοῦ
2558 1506 2999 1587 καθυϐριζομένου
3072 1509 3213 1586 παρὰ
3270 1509 3376 1564 τῶν
3435 1506 3691 1584 ἀσεϐῶνς
3744 1506 3814 1565 ’Ἡ

2163 1598 2278 1663 πῶς
2337 1597 2441 1654 οἷέι
2476 1597 2647 1679 φέρειν
2700 1598 2855 1655 αὐτὸν
2908 1599 3005 1664 τὴν
3038 1605 3128 1653 τοῦ
3191 1604 3516 1674 Μονογενοῦς
3578 1597 3814 1654 ἐλάττω-

2162 1708 2245 1742 σιν
2271 1705 2284 1742 Σ

2271 1705 2288 1762 ;
2351 1690 2445 1745 Καὶ
2479 1690 2505 1744 ὁ
2560 1687 2805 1764 βασιλεὺς
2834 1686 2910 1743 ἔτι
2941 1694 3017 1759 τῷ
3064 1692 3213 1761 θυμῷ
3245 1688 3561 1761 νικώμενος,
3616 1688 3712 1743 Διὰ
3743 1686 3811 1757 τί,

430 1773 644 1853 inquit,
679 1792 860 1835 senex
892 1774 1232 1854 impudens,
1268 1794 1481 1836 canum
1523 1779 1706 1837 instar
1739 1779 1894 1856 quod
1961 1796 2080 1839 non

2169 1777 2348 1854 φησὶν,
2407 1777 2757 1856 ἀναίσχυντος
2819 1777 2873 1832 εἶ
2945 1776 3113 1851 γέρων
3170 1777 3305 1831 κατᾶ
3362 1778 3481 1839 τοὺς
3540 1778 3696 1840 κύνας
3754 1777 3815 1831 τὸ

432 1862 606 1924 decet
633 1862 945 1944 proferes?
975 1863 1081 1927 Cui
1114 1882 1415 1943 reponens
1450 1865 1928 1944 Amphilochius,
1952 1865 2077 1948 0p-

2170 1868 2181 1884 v
2287 1864 2336 1920 δι
2532 1865 2562 1889 ρ
2601 1865 2695 1920 λλο
2836 1888 2854 1901 ,
2896 1884 2907 1897 ,
2972 1858 2986 1879 κ
3076 1864 3121 1899 ις)-
3186 1863 3199 1884 ν
3407 1867 3437 1899 ιι
3528 1889 3546 1899 ⁸
3656 1869 3669 1887 ν
3765 1867 3774 1887 ι

2169 1888 2282 1921 αναι
2318 1888 2369 1931 ις
2429 1887 2594 1943 προοα
2669 1887 2856 1940 ομενο,
2896 1911 2911 1939 ,
2992 1886 3030 1934 ο
3071 1886 3121 1920 ος
3205 1864 3575 1945 Αμφιλολαιος,
3612 1874 3813 1923 Euno-

432 1952 602 2025 time,
655 1952 866 2032 inquit,
902 1970 1028 2028 rex,
1063 1952 1297 2014 locutus
1348 1972 1454 2016 es:
1497 1972 1675 2016 senex
1729 1955 1887 2015 enim
1946 1976 2077 2017 sum

2169 1977 2305 2034 χως,
2366 1954 2493 2034 ἔφη,
2552 1953 2794 2031 βασιλεῦ,
2880 1955 3131 2033 εῗρηκας⁶
3190 1959 3359 2032 γέρων
3420 1956 3520 2032 γάρ
3578 1956 3684 2028 εἰμι
3739 1961 3814 2028 τῷ

429 2042 587 2123 quod
620 2060 830 2122 annos,
858 2040 1176 2122 impudens
1207 2049 1402 2104 autem
1444 2051 1689 2125 propter
1719 2050 2077 2106 inverecun-

2169 2041 2362 2122 γρόνῳ,
2399 2041 2617 2111 αναιδὴς
2649 2042 2703 2099 δὲ
2748 2041 2831 2099 διὰ
2862 2046 2984 2107 τοὺς
3046 2043 3329 2108 ἀτάκτους·
3362 2045 3426 2099 τὰ
3475 2043 3528 2099 δὲ
3560 2050 3665 2098 τῶν
3718 2066 3816 2098 κυ-

431 2131 559 2204 dos,
595 2141 652 2194 et
701 2150 914 2193 canum
949 2150 1178 2193 morem
1227 2149 1448 2212 sequor
1479 2142 1720 2213 propter
1748 2134 1918 2215 lupos
1978 2133 2079 2216 qui

2169 2134 2271 2189 νῶν
2327 2131 2685 2208 ἐπιδείκνυμαι
2744 2131 2829 2188 διὰ
2888 2134 3007 2198 τοὺς
3064 2131 3252 2198 λύκους
3299 2135 3352 2189 οἳ
3388 2133 3484 2200 τὴν
3537 2135 3631 2189 τοῦ
3688 2140 3819 2189 Θεοῦ

430 2220 537 2282 Dei
567 2218 892 2283 Ecclesium
939 2220 1349 2283 contaminent
1377 2230 1434 2282 et
1478 2222 1844 2303 discerpunt.
1880 2222 2083 2295 Quan-

432 2308 533 2371 diu
564 2310 725 2372 enim
758 2311 902 2371 istos
934 2309 1103 2370 video
1132 2307 1347 2372 Christi
1379 2312 1496 2372 mei
1527 2329 1768 2390 gregem
1801 2312 2077 2375 adorien-

432 2406 545 2480 tes,
578 2399 797 2461 latrare
828 2398 1114 2461 adversus
1140 2417 1243 2461 eos
1270 2418 1389 2462 non
1421 2399 1691 2463 cessabo.

512 2486 666 2552 VIII.
703 2490 851 2552 Tum
902 2507 1028 2570 rex,
1066 2496 1128 2550 ut
1161 2499 1298 2568 pote
1345 2490 1518 2569 cujus
1569 2489 1835 2552 animum
1882 2489 2085 2553 divina

435 2579 623 2657 gratia
652 2577 725 2640 ad
757 2577 981 2640 bonum
1007 2585 1339 2659 revocaret,
1371 2584 1516 2641 iram
1549 2581 1835 2661 repressit
1858 2587 1916 2641 et
1944 2600 2082 2643 ver-

432 2668 644 2729 borum
699 2669 885 2730 sancti
920 2668 1200 2730 conscius
1256 2669 1466 2744 factus,
1499 2688 1752 2748 surgens
1781 2687 1920 2731 eum
1951 2689 2083 2732 am-

433 2756 701 2838 plexatus
720 2757 1140 2838 osculatusque
1165 2756 1801 2839 est,dixitque:0ptime
1824 2768 1882 2822 et
1904 2758 2081 2839 digno

433 2847 609 2907 modo
660 2846 1122 2927 Amphilochius
1150 2846 1352 2908 divino
1384 2847 1616 2928 judicio
1649 2850 1869 2911 electes
1901 2851 2084 2912 verba

430 2934 592 2999 fecit.
627 2936 857 2997 Etenim
890 2935 942 2997 si
970 2954 1082 3015 ego
1113 2936 1212 3018 qui
1259 2936 1439 2999 homo
1469 2956 1630 3020 sum,
1659 2939 2082 3001 contumeliam

430 3027 551 3087 ﬁlio
582 3045 705 3088 meo
738 3028 955 3087 illatam
978 3045 1092 3088 non
1129 3040 1428 3089 mansuete
1459 3032 1584 3099 tuli,
1606 3033 1897 3105 quomodo
1928 3033 2084 3092 Deus

2166 2220 2491 2287 Ἐκκλησίαν
2572 2220 2912 2296 λυμαίνονται
3000 2223 3079 2277 κεὶ
3173 2222 3588 2299 σπαράττουσιν.
3673 2220 3818 2286 ’Ἕως

2167 2313 2266 2390 γὰρ
2291 2313 2507 2373 τούτους
2569 2314 2675 2389 ὁρῶ
2706 2317 2772 2388 τῇ
2827 2321 2919 2369 τοῦ
2948 2310 3078 2387 ἐμοῦ
3125 2317 3350 2386 Χριστοῦ
3381 2311 3578 2387 ποίμνῃ
3638 2310 3819 2366 ἐπιόν-

2165 2422 2288 2475 τας,
2320 2399 2664 2459 καθυλακτῶν
2696 2400 2880 2462 αὐτοὺς
2913 2404 3007 2459 οῦκ
3035 2399 3319 2479 ἀφέξομαι.

2249 2490 2345 2553 Η’.
2409 2480 2467 2548 Ὀ
2498 2488 2552 2546 δὲ
2602 2489 2876 2571 βασιλεὺς,
2909 2495 3008 2556 τῆς
3064 2491 3204 2553 θείας
3241 2489 3462 2569 χάριτος
3495 2488 3693 2548 πάντος
3750 2491 3823 2554 εἷς

2166 2581 2265 2647 τὴν
2345 2580 2502 2636 αὐτοῦ
2569 2578 2787 2658 καρδίαν
2856 2579 3030 2656 ὀγαθὰ
3109 2578 3453 2653 λαλησασης,
3512 2585 3604 2634 τυῦ
3658 2578 3825 2653 θυμοῦ

2168 2670 2434 2727 κατέπαυέ
2495 2691 2578 2744 τε,
2649 2670 2735 2726 καὶ
2808 2669 2917 2725 τῶν
2970 2677 3063 2727 τοῦ
3124 2669 3383 2746 μακαρίου
3437 2668 3691 2745 ῥημάτων
3766 2670 3822 2723 ἓν

2166 2757 2501 2825 συναισθήσει
2535 2759 2758 2837 γίνεται.
2794 2760 2882 2814 καὶ
2934 2756 3169 2820 ἀναστὰς
3210 2753 3491 2813 πεοιέϐαλέ
3538 2777 3595 2812 τε
3638 2757 3819 2835 αῦτδν,

2164 2850 2251 2907 καὶ
2298 2847 2468 2916 ἡδέως
2520 2846 2809 2928 κατεφίλει,
2859 2845 3047 2911 Καλῶς
3091 2848 3178 2904 καὶ
3235 2844 3583 2915 εὐεπιϐόλως,
3617 2844 3819 2926 λέγων,

2165 2941 2193 2996 ὁ
2251 2940 2353 2996 ὑπὸ
2380 2939 2522 3003 θείας
2588 2939 2767 3014 ψήφον
2826 2937 3237 3016 πρηγειρισθείς
3270 2935 3628 3017 Ἀμφιλόχιος
3659 2934 3820 3015 εἴρη-

2165 3050 2277 3091 κεν,
2325 3030 2385 3085 Εἰ
2434 3029 2534 3107 γὰρ
2591 3028 2700 3106 ἐγὼ
2758 3026 3030 3106 ἄνθρωπος
3089 3026 3161 3085 ὣν
3239 3028 3339 3093 τὴν
3397 3028 3514 3103 περὶ
3570 3027 3661 3082 τὸν
3712 3026 3821 3081 υἱὸν

429 3114 718 3206 honorem
753 3114 1040 3206 unigeniti
1084 3114 1274 3206 ipsius
1301 3113 1436 3206 Filii
1467 3116 1741 3206 imminui
1773 3117 2026 3197 patietur
2055 3125 2080 3182 ?

2169 3115 2317 3194 ἄὸριν
2372 3118 2554 3195 πράως
2587 3119 2680 3172 οῦκ
2722 3115 2949 3195 ἣνεγκα,
2984 3118 3012 3171 ὁ
3063 3116 3191 3176 Θεὸς
3234 3120 3347 3177 πῶς
3404 3113 3545 3169 ο’ίσει
3577 3114 3676 3180 τὴν
3732 3120 3824 3171 τοῦ

426 3202 608 3267 Jubet
656 3203 858 3286 itaque
908 3202 1070 3266 illico
1118 3202 1478 3266 Eunomium
1526 3205 1777 3285 ejusque
1825 3206 2080 3269 asseclas

2170 3205 2489 3282 μονογενοῦς
2560 3206 2715 3261 αῦτοῦ
2786 3201 2981 3266 Παιδὸς
3047 3205 3276 3281 ’ὑφεσινς

428 3292 662 3353 thronis
692 3291 1043 3353 deturbatos
1075 3292 1284 3354 exsilio
1339 3291 1601 3367 multari,
1638 3293 1718 3354 ita
1747 3292 1991 3373 quidem
2022 3305 2087 3355 ut

429 3381 596 3461 prius
626 3379 976 3443 verberibus
998 3380 1279 3461 gravibus
1309 3381 1447 3442 cassi
1470 3388 1525 3442 et
1554 3380 1802 3443 camelis
1824 3380 2080 3463 impositi

2169 3385 2366 3462 θρόνων
2450 3383 2536 3439 καὶ
2620 3381 2923 3459 ὑπερορίους

430 3488 536 3550 per
560 3469 815 3531 mediam
847 3469 1059 3531 urbem
1093 3469 1564 3533 traducerentur.
1593 3471 2082 3552 Amphilochium

427 3567 624 3620 autem
649 3559 807 3639 apud
832 3577 898 3621 se
928 3557 1175 3620 retinuit
1194 3578 1263 3621 ac
1292 3558 1488 3621 verbis
1512 3560 1920 3640 doctrinaque
1947 3561 2081 3641 ejus

427 3647 634 3709 faciles
659 3665 837 3710 aures
856 3647 1126 3728 praebuit.
1161 3648 1358 3710 Multis
1373 3651 1495 3728 jam
1529 3649 1927 3730 praeterlapsis
1954 3649 2085 3712 die-

428 3736 539 3798 bus
582 3737 770 3800 sancti
829 3741 956 3818 regi
1007 3737 1191 3801 dixit:
1243 3736 1508 3820 Tempus
1555 3737 1829 3820 requirit,
1861 3748 1927 3800 ut
1974 3758 2082 3821 pa-

429 3831 628 3890 stores
657 3827 728 3889 ad
759 3846 898 3890 oves
918 3846 1054 3890 suas
1082 3836 1482 3890 revertantur.
1513 3829 1793 3893 Attamen
1821 3846 1948 3906 rex,
1982 3828 2081 3890 di-

432 3918 626 3979 missis
647 3917 902 4001 caateris,
928 3918 1152 3980 diutius
1174 3937 1311 3980 eum
1329 3917 1488 4000 apud
1499 3937 1564 3981 se
1583 3918 1850 3980 retinere
1870 3917 2076 4000 cupiit.

432 4024 565 4067 cum
594 4016 793 4069 autem
823 4008 1160 4071 vehementi
1185 4007 1479 4070 redeundi
1501 4007 1803 4070 desiderio
1827 4027 1961 4070 eum
1987 4017 2079 4070 te-

434 4095 566 4157 neri
586 4096 1193 4173 animadvertisset,ut
1213 4098 1437 4179 aliquid
1463 4116 1497 4159 a
1515 4117 1581 4160 se
1604 4097 2077 4181 petat,quidquid

3368 3199 3580 3258 Κελεύει
3652 3202 3825 3259 τοίνυν

2170 3294 2316 3358 εῦθὺς
2376 3294 2496 3355 τοὺς
2546 3292 2645 3368 μὲν
2690 3293 2809 3369 περὶ
2864 3293 3118 3367 Εῦνόμιον
3172 3289 3549 3366 καθαιρεθῆναί
3603 3311 3660 3344 τε
3716 3296 3825 3346 τῶν

3013 3383 3496 3459 παραπεμφθῆναι,
3569 3379 3827 3457 πρότερον

2166 3471 2451 3553 ωφθὲντας
2481 3472 2569 3527 καὶ
2591 3469 2826 3549 σφοδρῶς
2857 3471 2944 3527 καὶ
2975 3469 3246 3544 καμήλοις
3280 3468 3674 3548 ἔποχηθέντας,
3701 3482 3827 3525 εἶτα

2167 3560 2251 3619 διὰ
2311 3561 2481 3637 μέσης
2516 3558 2956 3641 θριαμϐευθὲντας
3009 3559 3107 3627 τῆς
3162 3558 3396 3624 πόλεως·
3454 3559 3543 3615 τὸν
3595 3556 3649 3613 δὲ
3680 3556 3826 3634 Ἀμ-

2165 3651 2418 3734 φιλόχιον
2466 3647 2584 3729 παρ’
2616 3651 2788 3724 ἑαυτῷ
2832 3650 3123 3729 γατασχὼν
3171 3645 3341 3734 ἡδέως
3383 3647 3491 3704 τῶν
3521 3668 3578 3703 τε
3606 3733 3610 3734 7
3642 3645 3825 3726 λόγων

2167 3726 2254 3800 λαὶ
2294 3726 2643 3802 διδασκαλίας
2686 3744 2786 3805 τῆς
2841 3726 3263 3805 αὐτοῦ-ἤκουεν.
3326 3726 3570 3813 Ἦμερῶν
3598 3733 3652 3791 δὲ
3703 3753 3827 3793 ικα-

2167 3839 2270 3908 νῷν
2327 3828 2741 3910 διαγενομένων,
2797 3834 2874 3884 τῶ
2932 3827 3148 3904 βασιλεῖ
3195 3830 3222 3883 ὁ
3281 3827 3566 3907 μακάρισς,
3604 3826 3825 3910 Καιγρὸς,

2164 3920 2292 4001 ἔφη,
2353 3916 2541 3976 λοιπὸν
2598 3917 2720 4001 τοὺς
2778 3915 3036 3992 ποιμένας
3110 3914 3195 3971 ἐπὶ
3263 3914 3329 3969 τὰ
3398 3911 3535 4001 ἴδια
3578 3909 3820 4001 πρόϐατα

2165 3998 2571 4088 ἐπανέρχεσθαι.
2632 3998 2690 4063 Ὀ
2721 4002 2775 4061 δὲ
2825 4002 3072 4081 βασιλεὺς
3107 4005 3227 4065 τοὺς
3281 4001 3468 4068 ἄλλους
3526 4000 3817 4075 ἐκπέμπων

2165 4100 2320 4157 αὑτὸν
2376 4098 2463 4154 καὶ
2493 4094 2573 4151 ἔτι
2610 4091 3008 4172 παρακατέχειν
3062 4089 3345 4160 ἠϐούλετο.
3379 4089 3595 4160 Ἐπειδὴ
3651 4094 3821 4170 ἰσχυ-

433 4183 674 4248 demum
705 4186 804 4270 sit,
825 4186 1019 4267 jubet.
1056 4190 1308 4251 Sanctus
1336 4180 1666 4268 respondet
1699 4204 1713 4250 :
1763 4188 1935 4261 Quod
1966 4204 2080 4268 ego

2169 4196 2270 4268 ρῶς
2326 4188 2466 4261 ἑώρα
2497 4185 2589 4252 τῆς
2620 4181 2878 4240 ἐπανόδου
2929 4183 3215 4263 ἐχόμενον,
3250 4180 3501 4249 αἵστησιν
3540 4194 3823 4260 προτεῖναι

434 4275 790 4351 desideravi,
825 4277 983 4338 Deus
1009 4276 1131 4356 jam
1182 4295 1292 4357 per
1321 4286 1379 4338 te
1413 4277 1709 4357 praestitit,
1743 4284 1922 4359 atque
1971 4275 2080 4337 hoc

2170 4279 2230 4348 ἢν
2261 4275 2504 4356 βούλεται
2535 4273 2703 4352 λέγει.
2756 4271 2817 4329 Ὀ
2849 4272 2929 4352 δὲ,
2958 4274 3029 4330 Τὸ
3073 4272 3223 4349 ἐμὸν,
3258 4272 3410 4351 φησὶ,
3449 4270 3659 4359 θελημα
3689 4270 3823 4335 Θεὸς

433 4383 624 4446 usque
652 4366 723 4428 ad
757 4366 937 4428 finem
969 4365 1363 4448 permanebit.
1395 4369 1687 4428 Caeterum
1709 4358 1859 4426 nihil
1890 4373 2080 4426 terre-

2169 4365 2269 4435 ἤδη
2338 4363 2422 4423 διὰ
2452 4369 2547 4421 σοῦ
2592 4361 2955 4436 τετελείωκεν,
2989 4362 3017 4416 ὃ
3073 4363 3162 4419 καὶ
3192 4361 3354 4441 μέχρι
3414 4359 3594 4423 τέλους
3627 4358 3827 4435 διαμε-

434 4472 579 4515 num
631 4457 707 4516 ita
739 4454 886 4516 mihi
915 4453 978 4517 in
1030 4461 1177 4517 votis
1208 4465 1299 4518 est
1335 4463 1399 4515 ut
1429 4473 1464 4517 a
1496 4455 1804 4533 majestate
1842 4460 1940 4513 tua
1971 4471 2080 4533 pe-

2169 4468 2276 4516 νεῒ.
2308 4455 2446 4532 Ἐρῶ
2476 4450 2529 4508 δὲ
2562 4449 2771 4514 οῦδενὸς
2805 4456 2909 4506 τῶν
2932 4450 3018 4507 ἐπὶ
3039 4451 3136 4520 τῆς
3167 4455 3294 4528 γῆς,
3323 4448 3418 4506 ’ἕνα
3446 4472 3540 4508 σου
3575 4454 3667 4505 τοῦ
3695 4451 3833 4527 κρά-

433 4551 561 4605 tere
591 4543 704 4604 tale
726 4543 872 4621 quid
903 4543 1147 4625 possim.
1183 4533 1329 4606 Cum
1352 4550 1547 4605 autem
1574 4543 1760 4622 magis
1778 4541 2080 4623 magisque

2169 4566 2290 4608 τους
2316 4541 2448 4620 ὑπὲρ
2504 4542 2663 4599 αῦτοῦ
2691 4540 2957 4608 δεηθείην,
3005 4538 3099 4604 Ὣς
3153 4537 3207 4595 δὲ
3237 4538 3323 4596 ἐπὶ
3378 4539 3512 4596 πολὺ
3540 4539 3681 4617 παρᾶ
3730 4547 3832 4597 τοῦ

434 4649 468 4692 a
496 4648 640 4712 rege
670 4643 984 4712 urgeretur
1011 4633 1084 4693 ad
1118 4631 1341 4713 aliquid
1383 4635 1806 4714 expetendum,
1839 4649 1905 4694 se
1937 4632 2086 4695 velle

436 4719 584 4782 dixit
631 4729 693 4782 ut
722 4721 785 4782 in
814 4719 966 4783 urbe
994 4718 1294 4785 Iconiensi
1326 4719 1443 4784 duo
1470 4722 1690 4801 templa
1732 4730 2085 4783 extrueren-

435 4816 556 4885 tur,
583 4828 769 4871 unum
799 4810 1039 4891 quidem
1062 4811 1125 4872 in
1145 4811 1433 4873 honorem
1458 4810 1566 4873 Dei
1596 4809 2086 4891 sapientim,alte-

435 4917 570 4960 runt
601 4898 849 4962 Joannis
873 4899 1150 4981 Baptistae
1178 4918 1192 4964 :
1228 4901 1385 4982 quod
1421 4919 1525 4963 rex
1556 4918 1620 4963 se
1639 4901 1934 4963 facturum
1964 4921 2086 4964 ma-

436 5007 551 5067 gna
598 5007 733 5051 cum
762 4993 948 5052 animi
977 4992 1383 5073 propensione
1412 4990 1754 5074 spopondit.
1788 4989 2079 5073 Denique,

435 5088 684 5161 accepta
731 5098 911 5142 aurea
940 5098 1141 5155 cruce,
1183 5080 1243 5141 in
1274 5100 1392 5162 qua
1443 5080 1730 5162 particula
1760 5082 2086 5144 venerandi

435 5167 582 5248 ligni
629 5179 757 5231 erat
786 5171 985 5232 crucis
1014 5170 1288 5246 viviﬁcze,
1322 5189 1464 5251 rege
1521 5172 1770 5233 salutato
1801 5171 2082 5235 discedit.

431 5256 660 5321 Itinere
684 5278 890 5322 rursus
913 5258 1296 5342 perinediam
1320 5260 1617 5339 confecto,
1645 5272 1883 5323 antrum
1908 5280 2082 5323 suum

434 5349 701 5428 intravit,
736 5349 939 5432 ibique
972 5369 1188 5413 munus
1234 5352 1461 5431 regium
1494 5352 1799 5433 deposuit.
1851 5351 1923 5413 Et
1951 5371 2084 5414 cum

434 5448 669 5503 noctem
701 5441 829 5503 sine
853 5459 1064 5503 somno
1096 5442 1445 5523 peregisset,
1476 5461 1649 5506 mane
1680 5443 1844 5504 clero
1876 5461 2087 5505 convo-

434 5541 563 5592 cato
616 5531 879 5594 divinum
931 5532 1307 5595 administrat
1356 5535 1725 5614 mysterium,
1760 5553 1879 5611 quo
1932 5534 2085 5597 facto

431 5619 701 5685 Iconium
726 5622 1078 5703 ingreditur.
1112 5623 1309 5687 Missts
1332 5622 1553 5685 deinde
1571 5641 1703 5703 quae
1723 5622 1797 5686 ab
1827 5623 2082 5705 Amphi-

2168 4631 2431 4712 βασιλέως
2478 4630 2791 4701 αἰτήσασθαί
2844 4652 2894 4686 τι
2947 4629 3405 4708 κατηναγκάζετο,
3450 4627 3538 4685 δύο
3608 4624 3827 4684 οτκοδο-

2168 4727 2405 4801 μηθῆναι
2464 4722 2616 4785 ναοὺς
2671 4718 2813 4785 ἀξιοῖ
2870 4719 2922 4776 ἐν
2976 4725 3045 4795 τῇ
3095 4716 3248 4775 πόλει
3307 4725 3401 4775 τοῦ
3443 4715 3684 4795 Ἰκονίου,
3729 4715 3830 4773 ἕνα

2168 4815 2267 4892 μὲν
2324 4811 2408 4870 ἐπ’
2441 4812 2661 4885 ὀνόματι
2718 4809 2816 4878 τῆς
2846 4817 2937 4868 τοῦ
2991 4814 3121 4865 Θεοῦ
3169 4811 3379 4888 σοφίας,
3413 4807 3590 4885 ἕτερον
3641 4803 3695 4861 δὲ
3726 4813 3827 4863 τοῦ

2169 4905 2465 4964 Βαπτιστοῦ
2517 4902 2782 4960 Ἰωάννου’
2847 4901 2875 4956 ὃ
2933 4902 3022 4954 καὶ
3077 4898 3167 4953 σὺν
3224 4896 3401 4974 πολλῇ
3456 4901 3524 4973 τῇ
3573 4894 3826 4974 προθέσει

2167 5008 2345 5053 ποιεῖν
2377 4995 2404 5049 ὁ
2447 4990 2693 5070 βασιλεὺς
2746 4986 3155 5067 ἐπαγγέλλεται.
3195 4987 3295 5044 Καὶ
3352 4985 3416 5055 δὴ
3443 4989 3531 5042 καὶ
3564 4985 3826 5064 προπέμ-

2166 5107 2324 5142 πεται
2385 5081 2510 5159 παρ’
2568 5084 2725 5140 αὐτοῦ
2777 5080 2998 5156 σταυρὸν
3076 5083 3304 5155 χρυσοῦν
3362 5074 3597 5155 εἰληφὼς
3656 5072 3713 5129 ἐν
3778 5075 3830 5151 ᾦ

2165 5175 2256 5233 καί
2304 5196 2355 5230 τι
2387 5172 2544 5249 μέρος
2576 5171 2644 5239 ἦν
2699 5175 2791 5226 τοῦ
2822 5167 2997 5243 τιμίου
3030 5163 3180 5230 ξύλου
3224 5164 3314 5223 τοῦ
3341 5166 3621 5245 ζωηφόροο
3651 5187 3827 5222 σταυ-

2170 5271 2284 5341 ροῦ,
2317 5262 2540 5324 "Auito:
2591 5259 2645 5314 δὲ
2675 5259 2834 5315 πάλιν
2885 5258 2982 5323 τὴν
3022 5253 3277 5312 ἐπάνοδον
3321 5253 3565 5319 διανύσας
3599 5256 3659 5310 τὸ
3718 5254 3832 5310 αῦ-

2170 5365 2263 5415 τοῦ
2332 5348 2593 5410 κατέλαϐε
2637 5347 2926 5427 σπήλαιον,
2966 5345 3086 5403 ἔνθα
3129 5347 3217 5402 καὶ
3276 5347 3333 5402 τὸ
3378 5344 3654 5423 βασιλικὸν
3720 5342 3837 5401 ἀπ-

2172 5446 2317 5503 έθετο
2367 5441 2612 5519 δώρημα.
2676 5438 2879 5493 ’Ὕπνου
2936 5434 2986 5491 δὲ
3041 5437 3138 5503 τὴν
3178 5436 3337 5492 νύκτα
3371 5435 3449 5511 μῆ
3504 5435 3831 5514 μετασχὼν,

2170 5537 2331 5592 ἕωθεν
2380 5532 2472 5589 τοῦ
2501 5528 2700 5609 κλήρου
2759 5527 3211 5607 συναθροισθέντος
3269 5523 3479 5581 ἐκτελεῖ
3521 5529 3621 5591 τὴν
3679 5524 3838 5580 θείαν

2171 5622 2570 5705 μυσταγωγίαν,
2603 5621 2691 5678 καὶ
2753 5614 2891 5677 οὕτω
2946 5617 3046 5686 τὴν
3101 5622 3195 5674 τοῦ
3248 5615 3463 5676 Ἰκονίου
3495 5613 3649 5673 πόλιν
3709 5615 3839 5671 εἰσ-
