4086 6400
429 301 541 370 971

1635 294 2022 369 ADDENDA.
2071 333 2148 348 —
2175 290 2605 366 DECEMBER.

3696 297 3810 368 972

433 446 520 508 eis
545 446 741 508 statim
773 444 1067 507 excitetur
1100 443 1355 520 animus,
1403 448 1462 505 et
1505 450 1730 523 quaerat
1760 444 2076 504 instructas

2167 442 2276 499 τίκα
2332 463 2390 498 τε
2425 443 2609 504 αὐτοῖς
2639 440 2672 504 ἡ
2719 439 2875 518 ψυχὴ
2926 436 3274 518 διανίστατάι,
3319 439 3408 496 καί
3449 461 3550 496 που
3580 440 3669 496 καὶ
3701 462 3808 496 πα-

431 537 612 611 acies,
648 544 707 596 et
740 553 952 596 manus
983 550 1304 596 conserere
1340 532 1587 613 cupiant
1619 551 1755 594 cum
1789 531 2081 604 hostibus,

436 632 494 687 et
523 643 641 706 quo
667 627 834 706 plura
857 623 931 685 de
953 624 1044 685 his
1065 621 1246 684 verba
1267 621 1399 684 ﬁeri
1419 621 1782 696 audiverint,
1805 639 1875 683 eo
1903 622 2086 700 magis

435 715 522 776 eis
553 714 772 776 crescit
803 712 1263 785 desiderium,et
1295 710 1432 772 talia
1455 710 1720 773 facinora
1749 711 1948 774 statim
1977 729 2085 789 ag-

434 802 604 881 gredi
662 802 911 882 cupiunt
962 818 976 862 :
1033 802 1114 860 ita
1165 799 1341 862 etiam
1401 799 1632 861 virtutis
1687 798 2079 870 amatoribus,

434 900 498 952 ut
521 893 571 952 si
607 892 745 971 quis
773 891 863 952 eis
893 896 1099 951 narret
1127 888 1296 971 vitas,
1334 907 1466 969 quae
1487 889 1548 950 in
1581 890 1910 950 monastica
1941 906 2082 950 ver-

433 989 639 1042 santur
672 979 1119 1055 exercitatione,
1147 987 1205 1040 et
1237 997 1347 1060 per
1368 996 1608 1040 omnem
1624 977 1953 1058 pervadunt
1974 977 2085 1039 vir-

433 1076 644 1145 tutem,
681 1087 812 1150 quae
839 1067 958 1130 Deo
990 1066 1292 1142 conciliat,
1326 1066 1504 1128 simul
1535 1067 2000 1141 inﬂammantur,
2028 1074 2087 1127 et

432 1177 500 1220 ea
555 1159 826 1237 cupiunt,
883 1175 1019 1236 qum
1071 1165 1208 1218 sunt
1257 1155 1369 1217 sibi
1427 1156 1869 1230 convenientia,
1924 1165 1984 1218 et
2011 1153 2086 1217 ad

430 1265 754 1322 summam,
790 1248 863 1310 iis
895 1265 1027 1328 qua;
1057 1246 1364 1322 dicuntur,
1396 1254 1460 1307 ut
1485 1265 1615 1328 quae
1644 1246 1762 1307 sint
1795 1244 1910 1307 sibi
1942 1263 2085 1325 pro-

430 1338 582 1418 pria,
636 1336 1001 1412 afficiuntur,
1056 1343 1116 1398 et
1163 1353 1228 1397 se
1281 1347 1492 1416 parant
1537 1335 1610 1396 ad
1664 1335 2080 1398 imitationem.

433 1426 828 1489 Admirabilis
857 1427 1056 1508 itaque
1087 1425 1202 1486 vita
1233 1425 1409 1504 hujus
1454 1425 1742 1499 Danielis,
1789 1424 2084 1506 quemad-

435 1515 681 1578 modum
711 1517 801 1578 vel
833 1533 958 1578 non
989 1513 1115 1576 sola
1147 1515 1406 1576 maxime
1435 1514 1664 1577 sufﬁcit
1687 1515 1761 1576 ad
1791 1515 2082 1593 animum,

432 1605 536 1681 qui
575 1613 782 1686 captus
813 1613 902 1667 est
935 1622 1140 1666 amore
1171 1603 1432 1684 virtutis,
1465 1605 1688 1684 majore
1717 1602 1844 1668 zelo
1873 1622 2087 1666 accen-

2169 530 2406 610 ρατάξεις
2481 529 2748 600 ἐπιζητεῖ,
2819 531 2907 584 καὶ
2961 529 3091 606 πρὸς
3165 527 3481 604 συμπλοκὴν
3541 527 3809 602 πολεμίων

2169 624 2306 698 ὁρμᾷ
2335 668 2350 695 ,
2415 621 2503 675 καὶ
2561 617 2771 697 ὅσῳπερ
2847 617 2907 674 ἂν
2981 617 3185 691 μᾶλλον
3262 619 3382 680 τοὺς
3439 619 3557 695 περὶ
3611 618 3809 674 τούτων

2168 709 2402 766 ἀκούωσι
2454 706 2668 786 λόγους,
2716 707 2802 763 ἐπὶ
2859 705 3022 763 πλέον
3060 728 3116 763 τε
3162 709 3335 764 αὐτῶν
3390 709 3418 774 ἡ
3470 707 3610 784 ὁρμὴ
3658 704 3809 772 αὔξε-

2168 821 2277 874 ται,
2336 799 2423 854 καὶ
2474 798 2726 852 τοιούτων
2768 794 2933 874 ἔργων
2976 795 3120 859 εύθὺς
3167 795 3438 874 ὀρέγονται
3477 812 3492 828 ⁶
3541 793 3680 852 οὕτω
3730 796 3812 852 καὶ

2169 889 2255 944 ἐπὶ
2310 894 2418 943 τῶν
2475 891 2570 953 τῆς
2630 885 2821 964 ἀρετῆς
2879 884 3112 964 ἐραστῶν
3148 903 3162 918 ’
3213 885 3273 941 ἂν
3349 886 3672 952 ὰσκητιιιοὺς
3733 906 3812 950 τις

2170 981 2351 1038 αὐτοῖς
2397 973 2677 1055 διέρχηται
2720 976 2864 1052 βίους
2911 977 2993 1031 καὶ
3038 973 3121 1032 διὰ
3165 976 3341 1042 πάσης
3393 973 3584 1052 ἀρετῆς
3644 973 3816 1042 ἤκυνι

2170 1089 2266 1130 τας
2311 1065 2500 1122 ὁπόσαι
2555 1065 2670 1138 Θεῷ
2716 1069 3018 1139 οἰκειοῦσιν,
3066 1064 3177 1140 ἅμα
3227 1085 3285 1120 τε
3333 1061 3809 1141 διαθερμαίνονται,

2169 1157 2255 1213 καὶ
2296 1157 2401 1213 τῶν
2455 1155 2652 1229 ὁμοίων
2711 1154 2963 1235 ἐφίενται,
3018 1156 3103 1211 καὶ
3135 1154 3274 1217 ὅλως
3309 1153 3516 1218 οἰκείως
3550 1151 3812 1209 διατιθεν-

2167 1269 2252 1302 ται
2296 1258 2414 1311 τοῖς
2473 1243 2808 1324 λεγομένοις,
2861 1245 2948 1300 καὶ
3007 1244 3496 1322 παρασκευάζονται
3541 1245 3672 1321 πρὸς
3715 1244 3812 1312 τὴν

2168 1337 2414 1412 μίμησιν.
2447 1326 2510 1392 Ὀ
2553 1335 2676 1412 γοῦν
2721 1333 2814 1390 τοῦ
2871 1336 3162 1409 θαυμασίου
3203 1335 3389 1390 τούτου
3458 1331 3658 1402 Δανιὴλ
3701 1333 3811 1410 βίος

2167 1432 2280 1488 πῶς
2341 1426 2460 1504 οὐχὶ
2518 1425 2605 1480 καὶ
2649 1425 2810 1499 μόνος
2855 1423 3177 1487 ἰκανώτατός
3223 1423 3365 1480 ἔστιν
3421 1422 3613 1502 ἀρετῆς
3672 1422 3811 1501 ἐρῶ-

2167 1537 2263 1572 σαν
2290 1519 2474 1594 ψυχὴν
2505 1516 2577 1579 εἷς
2607 1512 2825 1570 πλείονα
2860 1512 3024 1584 ζῆλον
3053 1513 3331 1588 ἐκκαῦσαι,
3359 1535 3448 1590 καί
3478 1512 3619 1578 ὅλως
3645 1513 3811 1574 αὒτὶν

2171 1605 2382 1670 κινῆσαι
2413 1605 2502 1660 καὶ
2531 1601 2840 1668 καταθέλξαι
2873 1622 2891 1682 ;

432 1694 722 1770 dendum,
760 1706 818 1757 et
851 1694 1048 1775 ipsum
1081 1693 1328 1755 omnino
1389 1695 1743 1756 movendum
1776 1701 1836 1756 et
1887 1693 2376 1769 demulcendum,
2411 1700 2472 1755 et
2516 1692 3004 1754 suavissimorum
3041 1690 3310 1754 laborum
3369 1689 3814 1754 exercitationis

429 1785 795 1846 atferendam
829 1783 1213 1865 voluptatem,
1253 1801 1389 1860 quae
1418 1802 1536 1844 non
1570 1783 1747 1845 habet
1777 1785 2106 1846 satietatem
2143 1801 2160 1861 ;
2194 1783 2324 1857 Quo
2356 1790 2445 1845 est
2475 1781 2634 1844 enim
2662 1780 3092 1862 admirabilior,
3126 1799 3198 1844 eo
3231 1789 3322 1843 est
3349 1781 3530 1846 etiam
3563 1781 3807 1848 utilior:

429 1883 493 1936 et
545 1873 595 1934 si
627 1872 760 1954 quis
790 1891 925 1934 eum
984 1872 1242 1935 voluerit
1277 1871 1562 1948 aemulari,
1592 1873 1649 1934 in
1700 1872 1934 1935 modico
1968 1872 2238 1950 multam,
2273 1883 2337 1934 et
2393 1889 2529 1949 quas
2580 1889 2712 1935 cum
2748 1871 2952 1952 paucis
2999 1870 3260 1933 conferri
3293 1879 3502 1953 potest,
3547 1870 3815 1934 inveniet

427 1963 725 2024 virtutem.

511 2077 584 2139 ιι.
619 2077 769 2140 Huic
795 2095 935 2156 ergo
963 2075 1136 2139 beato
1169 2076 1354 2158 patria
1385 2074 1626 2158 quidem
1659 2082 1807 2152 erat,
1833 2096 1966 2160 qua:
1989 2077 2076 2138 in-

2239 2083 2319 2142 B’.
2354 2079 2533 2152 Τούτῷ
2579 2079 2752 2134 τοίνυν
2808 2085 2888 2151 τῷ
2945 2077 3202 2154 μακαρίῳ
3243 2079 3430 2155 πατρὶς
3483 2076 3580 2153 μὲν
3630 2077 3666 2144 ἦ
3716 2077 3816 2146 τῆς

429 2178 521 2230 ter
554 2166 913 2248 Euphratem
937 2175 996 2228 et
1015 2163 1240 2246 Tigrim
1265 2165 1400 2247 sita,
1429 2177 1488 2228 et
1507 2173 1620 2240 est,
1651 2174 1711 2228 et
1733 2168 2080 2230 nominatur

429 2255 876 2336 Mesopotamia.
912 2253 1097 2316 Natus
1141 2265 1234 2316 est.
1277 2263 1472 2317 autem
1521 2253 1582 2316 in
1635 2255 1892 2336 quodam
1925 2257 2074 2341 vico,

432 2347 628 2409 vicino
647 2345 776 2407 urbi
796 2347 1262 2408 Samosatorum:
1289 2345 1629 2424 eorum,qui
1646 2345 1771 2408 illic
1785 2345 2076 2420 habitant,

432 2435 634 2513 lingua
666 2452 800 2495 eum
849 2441 1017 2495 vocat
1057 2432 1339 2498 Maratha.
1384 2432 1450 2494 Ei
1487 2441 1652 2512 pater
1679 2434 1920 2516 quidem
1953 2442 2082 2496 erat

431 2523 586 2604 Eliu,
625 2532 812 2585 mater
840 2541 981 2584 vero
1012 2523 1283 2600 Martha;
1334 2523 1442 2584 fuit
1489 2531 1687 2586 autem
1739 2523 1834 2585 hic
1867 2522 2078 2585 modus

433 2613 867 2693 conceptionis.
902 2611 1101 2674 Matris
1147 2612 1277 2692 ejus
1324 2621 1531 2676 uterus
1579 2621 1704 2675 erat
1756 2612 2075 2675 admodum

433 2719 680 2764 mancus
697 2719 765 2762 ac
786 2701 1060 2778 mutilus;
1096 2703 1392 2764 cratenim
1409 2701 1632 2764 sterilis
1653 2700 1725 2764 ad
1749 2701 2077 2764 liberorum

435 2791 940 2871 procreationem.
987 2792 1135 2852 Cum
1167 2789 1370 2871 itaque
1402 2791 1562 2854 mille
1589 2791 1827 2873 probris
1860 2810 1988 2854 eam
2016 2790 2080 2853 in

433 2881 566 2942 dies
583 2881 1021 2942 insectarentur
1043 2881 1312 2954 maritus,
1333 2880 1483 2956 noti,
1506 2881 1761 2960 cognati,
1786 2889 1844 2943 et
1868 2899 2079 2943 omnes

437 2970 559 3050 alii,
593 2979 651 3032 et
677 2969 1003 3032 liberorum
1037 2977 1359 3049 egestatem
1392 2969 1448 3031 ei
1470 2970 1688 3032 acerbe
1719 2969 2075 3051 objicerent,

434 3059 534 3122 illa
563 3060 636 3122 ab
670 3061 756 3122 eis
781 3061 934 3122 male
957 3061 1167 3122 affecta
1192 3067 1252 3121 et
1282 3061 1462 3122 corde
1491 3061 1773 3138 cruciata,
1809 3061 1952 3142 quid
1985 3061 2080 3122 fa-

434 3147 565 3210 cit?
596 3149 874 3229 Confugit
905 3149 976 3210 ad
1010 3167 1174 3225 eum,
1208 3149 1307 3230 qui
1353 3149 1479 3211 haec
1512 3159 1708 3230 potest
1737 3167 1992 3227 curare;
2022 3157 2082 3211 et

438 3238 588 3299 clam
626 3237 803 3300 domo
826 3238 1024 3300 media
1045 3246 1217 3300 nocte
1238 3257 1502 3318 egressa,
1531 3257 1740 3301 manus
1771 3238 1830 3300 in
1865 3238 2082 3301 caelum

442 3327 683 3402 tollens,
706 3341 762 3388 et
791 3337 1006 3390 terram
1027 3327 1301 3409 lacrytnis
1323 3327 1581 3408 irrigans
1608 3349 1621 3391 :
1656 3328 1908 3390 Domine
1930 3325 2080 3401 Rex,

2163 2168 2429 2248 Εὔφράτου
2483 2169 2570 2224 καὶ
2628 2168 2888 2245 Τίγρητος
2977 2165 3170 2242 μεταξὺ
3211 2165 3438 2240 κειμένη
3495 2173 3818 2222 Μεσοποταο

2160 2258 2256 2332 μία
2319 2258 2428 2313 ἐστί
2467 2277 2526 2312 τε
2570 2257 2656 2312 καὶ
2701 2257 2905 2320 οἰκείως
2957 2256 3376 2330 κατονομάζεται
3409 2274 3424 2290 ’
3466 2259 3521 2311 ἑν
3565 2255 3728 2332 κώμῃ
3764 2254 3819 2310 δὲ

2161 2347 2392 2404 τίκτεται
2447 2347 2600 2403 πόλει
2655 2349 2849 2414 γείτονι
2908 2346 3240 2421 Σαμοσάτων
3274 2360 3288 2376 ⁸
3339 2349 3560 2413 Μαραθᾶ
3615 2347 3819 2412 ταύτην

2161 2437 2195 2504 ἦ
2248 2435 2515 2515 ἐγχώριος
2573 2434 2785 2514 γλῶττα
2833 2435 3015 2497 καλεῖ.
3050 2435 3231 2508 Τούτῳ
3265 2436 3439 2514 πατὴρ
3470 2435 3569 2510 μὲν
3601 2433 3807 2515 Ἠλιοῦ,

2161 2525 2344 2604 μήτηρ
2373 2524 2427 2580 δὲ
2461 2526 2642 2603 Μάρθα
2679 2543 2691 2556 ·
2751 2524 2946 2604 τρόπος
3010 2522 3065 2579 δὲ
3123 2529 3221 2592 τῆς
3275 2523 3591 2600 συλλήψεως
3625 2523 3812 2589 οὗτος.

2165 2616 2460 2694 Πεπήρωτο
2517 2615 2618 2693 γὰρ
2674 2614 2772 2683 τήν
2821 2614 3052 2694 γαστέρα
3121 2611 3303 2678 δεινῶς
3356 2615 3392 2682 ἡ
3452 2615 3658 2693 μήτηρ,
3718 2617 3808 2672 καὶ

2163 2705 2342 2782 στείρα
2382 2703 2449 2771 ἦν
2492 2706 2621 2781 πρὸς
2677 2702 2877 2760 παίδων
2935 2705 3122 2782 γονήν.
3180 2703 3390 2782 Μυρίοις
3443 2712 3532 2761 οῦν
3587 2701 3808 2760 ὀνείδεσι

2163 2794 2495 2861 καθεκάστην
2565 2791 2979 2851 ὑποϐαλλόντων
3051 2795 3213 2863 αὐτὴν
3271 2791 3478 2871 ἀνδρὸς,
3530 2799 3808 2873 γνωστῶν,

2162 2889 2454 2962 συγγενῶν,
2504 2889 2611 2940 τῶν
2667 2879 2848 2940 ἄλλων
2912 2883 3188 2958 ἁπάντων,
3247 2883 3424 2951 ἐκείνη
3477 2885 3657 2950 κακῶς
3713 2882 3811 2940 ὑπὸ

2160 2973 2360 3030 τούτων
2420 2973 2706 3053 πάσχουσα
2781 2974 2867 3030 καὶ
2941 2973 3041 3042 τὴν
3097 2971 3312 3052 καρδίαν
3373 2971 3705 3055 ὀδυνωμένη,
3761 2974 3812 3030 τί

2162 3075 2356 3139 mut;
2403 3064 2540 3142 Πρὸς
2584 3065 2674 3120 τὸν
2715 3061 3002 3139 δυνάμενον
3062 3070 3226 3120 ταῦτα
3270 3065 3579 3143 θεραπεύειν
3639 3084 3814 3120 κατα-

2163 3153 2340 3231 φεύγει
2371 3153 2526 3225 Θεὸν,
2558 3153 2647 3209 καὶ
2703 3152 2869 3230 λάθρα
2912 3157 3012 3220 τῆς
3057 3152 3223 3216 οἰκίας
3273 3155 3333 3209 ὲκ
3389 3153 3568 3228 μέσων
3627 3153 3816 3217 νυκτὸς

2165 3240 2442 3307 ἐξελθοῦσα
2496 3242 2587 3298 καὶ
2642 3241 2734 3304 τὰς
2794 3253 2986 3321 χεῖρας
3060 3243 3134 3305 εἰς
3196 3242 3414 3320 οὐρανὸν
3471 3241 3667 3316 ἄρασα,
3715 3238 3818 3296 δά-

2162 3331 2313 3409 κρυσί
2367 3351 2424 3386 τε
2453 3329 2552 3397 τὴν
2597 3335 2700 3407 γῆν
2742 3331 3039 3410 βρέχουσα,
3093 3328 3246 3408 Κύριε
3303 3328 3544 3408 βασιλεῦ,
3610 3327 3820 3409 ἔλεγεν,

435 3416 655 3496 inquit,
684 3419 788 3496 qui
809 3415 883 3477 ab
907 3415 1074 3477 initio
1097 3417 1426 3480 masculum
1459 3425 1516 3479 et
1546 3417 1828 3478 feminam
1858 3415 2076 3491 fecisti,

2167 3422 2193 3476 6
2226 3419 2326 3486 τὴν
2357 3419 2536 3500 ἀρχὴν
2566 3417 2722 3497 ἄρσεν
2752 3420 2841 3476 καί
2897 3419 3030 3488 θῆλυ
3065 3421 3317 3496 ποιήσας,
3357 3423 3384 3477 6
3415 3419 3600 3492 εἰπὼν,
3644 3441 3672 3474 ε
3706 3421 3820 3476 Αύ-

439 3507 539 3586 qui
565 3505 784 3580 dixisti,
817 3529 839 3562 ιι
872 3506 1132 3570 Crescite
1161 3515 1219 3569 et
1243 3505 1795 3586 multiplicamini';
1825 3531 1852 3562 ι
1872 3505 2082 3586 quide-

2167 3509 2377 3575 ξάνεσθε
2435 3511 2523 3566 καὶ
2597 3507 2925 3577 πληθύνεσθε
2960 3525 2974 3540 ⁸
3041 3513 3069 3567 6
3133 3507 3252 3572 δοὺς
3328 3509 3501 3589 Σάρῤᾳ
3558 3509 3659 3585 μὲν
3728 3510 3820 3567 τὸν

438 3598 576 3658 disti
605 3598 663 3658 in
691 3598 1006 3661 sterilitate
1025 3601 1184 3662 Sarae
1208 3598 1448 3678 quidem
1476 3597 1662 3671 Isaac,
1686 3601 2082 3661 Annaeautem

2167 3597 2371 3674 Ἰσαὰκ,
2407 3597 2576 3678 ’Ἃννῃ
2620 3597 2673 3655 δὲ
2725 3601 2814 3656 τὸν
2877 3599 3158 3677 Σαμουὴλ,
3193 3597 3474 3656 Ἐλισάϐετ
3518 3597 3571 3655 δὲ
3627 3597 3819 3656 Ἰωάν-

440 3685 808 3767 Samuelem,
833 3687 1194 3750 Elisabethae
1219 3705 1356 3750 vero
1381 3686 1674 3750 Joannem
1707 3709 1724 3765 ;
1755 3697 1815 3749 tu
1847 3704 2082 3768 quoque

2167 3711 2264 3756 νην
2299 3708 2314 3725 ·
2361 3690 2515 3754 αὐτὸς
2577 3692 2728 3747 οὗτος
2773 3694 2871 3756 τῆς
2919 3689 3105 3765 ὁμοίας
3164 3689 3388 3756 ἐλέησον
3427 3689 3564 3764 κᾶμέ
3603 3711 3817 3769 συμφο-

443 3795 590 3837 ιῐιθω
625 3777 837 3838 similis
859 3776 1146 3839 miserere
1172 3777 1718 3857 calamitatis,etme
1743 3775 2084 3839 misericor-

439 3865 593 3927 diter
614 3864 875 3941 intuere,
904 3875 962 3928 et
993 3865 1153 3930 solve
1177 3865 1570 3941 sterilitatem,
1597 3875 1657 3929 et
1675 3867 1841 3929 aufer
1857 3884 2080 3948 oppro-

441 3954 660 4032 brium,
696 3963 755 4016 et
786 3955 1007 4017 sterilis
1037 3955 1199 4018 uteri
1230 3954 1305 4017 da
1349 3956 1493 4017 mihi
1542 3955 1820 4033 fructum,
1853 3965 1917 4019 ut
1943 3975 2080 4018 eum

443 4064 675 4124 quoque
704 4046 807 4106 tibi
838 4046 1105 4125 offeram,
1140 4046 1243 4126 qui
1277 4044 1540 4128 dederis,
1568 4047 1865 4128 quomodo
1891 4047 2086 4128 prisca

439 4134 609 4196 Anna
641 4133 1004 4197 Sainuelem.
1033 4134 1175 4196 Cum
1198 4145 1311 4197 tam
1337 4135 1553 4198 acerbe
1575 4138 1834 4200 ﬂevisset
1857 4136 1917 4196 in
1941 4154 2085 4198 con-

442 4224 683 4286 tritione
708 4225 975 4304 spiritus,
1001 4226 1465 4288 domumrursus
1486 4225 1844 4306 ingreditur,
1867 4235 2082 4287 etcum

441 4333 648 4394 parum
674 4315 1080 4391 dormitasset,
1102 4317 1260 4381 videt
1284 4317 1340 4378 in
1363 4316 1591 4378 somnis
1604 4315 1722 4377 duo
1741 4315 2081 4395 luminaria,

441 4404 724 4484 praeclara
752 4405 1215 4487 pulchritudine,
1242 4407 1509 4486 ingentia
1540 4403 1974 4482 magnitudine,
2007 4403 2082 4462 ti-

437 4511 585 4570 gura
643 4503 837 4556 autem
895 4496 1058 4556 disco
1117 4497 1356 4559 similia.
1404 4495 1487 4556 Ea
1531 4493 1842 4555 videbatur
1888 4491 2088 4553 videre

441 4582 589 4644 ccelo
631 4584 840 4645 relicto
891 4586 1115 4646 sensim
1164 4583 1613 4657 descendentia,
1670 4583 1930 4663 desuper
1960 4582 2089 4661 ejus

439 4670 758 4735 imminere
791 4675 988 4754 capiti.
1023 4675 1165 4736 Cum
1195 4691 1367 4736 mane
1395 4682 1593 4734 autem
1626 4672 2004 4749 surrexisset,
2030 4680 2089 4735 et

2167 3786 2285 3860 ρᾶς,
2345 3780 2434 3835 καὶ
2477 3781 2608 3857 πρὸς
2660 3779 2850 3836 οἶκτον
2909 3777 3016 3854 ἴδε,
3059 3780 3149 3836 καὶ
3184 3780 3281 3846 τὴν
3325 3781 3600 3858 στείρωσιν
3629 3776 3812 3854 λῦσον,

2163 3871 2250 3926 καὶ
2307 3870 2400 3925 τὸν
2443 3867 2740 3945 όνειδισμὸν
2799 3868 2984 3949 ἄφελε,
3051 3870 3137 3925 καὶ
3192 3867 3278 3930 δός
3337 3891 3426 3944 μοι
3458 3874 3556 3936 τῆς
3591 3866 3816 3925 ἀτέκνου

2162 3957 2366 4023 κοιλίας
2426 3961 2654 4036 καρπὸν,
2712 3957 2804 4013 ’ίνα
2863 3959 2948 4014 ναὶ
3007 3959 3193 4017 τοῦτόν
3275 3979 3357 4014 σοι
3416 3963 3492 4032 τῷ
3561 3955 3814 4016 δεδωκότι

2166 4047 2432 4122 προσάξω,
2482 4048 2716 4125 καθάπερ
2745 4048 2780 4116 ἡ
2815 4049 2930 4126 πρὶν
2981 4046 3150 4104 "Aw:
3206 4048 3298 4103 τὸν
3352 4047 3628 4123 Σαμουήλ.
3662 4045 3818 4106 Οὕτω

2166 4145 2368 4217 πικρῶς
2401 4139 2455 4194 ἐν
2488 4135 2738 4217 συντριϐῇ
2799 4137 3101 4212 πνεύματος
3158 4135 3455 4214 κλαύσασα,
3507 4135 3642 4194 εἵσω
3700 4137 3814 4194 πά-

2166 4227 2249 4283 λιν
2318 4233 2416 4294 τῆς
2503 4227 2670 4289 οἰκίας
2757 4238 2958 4306 χωρεῖ,
3037 4227 3126 4282 καὶ
3203 4228 3393 4306 μικρὸν
3450 4226 3820 4308 ἀφυπνώσασα

2167 4319 2449 4394 φωστῆρας
2483 4315 2571 4373 δύο
2612 4315 2887 4394 λαμπροὺς
2922 4317 2983 4371 το
3013 4314 3210 4378 κάλλος
3241 4315 3366 4393 ὄναρ
3397 4318 3514 4389 ὁρᾷ,
3548 4317 3610 4372 τὸ
3643 4315 3822 4395 μέγε-

2169 4407 2258 4467 θος
2315 4406 2619 4483 μεγίστους,
2667 4406 2728 4460 τὸ
2774 4407 2966 4485 σχῆμα
3010 4402 3173 4480 δίσκῳ
3235 4406 3638 4484 προσεοικότας,
3673 4408 3820 4464 Τού-

2171 4494 2292 4556 τοὺς
2336 4493 2502 4550 ἐδόκει
2559 4496 2650 4550 τὸν
2709 4494 2929 4572 ούρανὸν
2987 4493 3265 4575 λιπόντας,
3305 4496 3474 4574 ἡρέμα
3515 4517 3574 4553 τε
3603 4497 3822 4554 ὑποκα-

2172 4584 2380 4649 τιόντας
2431 4583 2628 4640 ἄνωθεν
2674 4584 2836 4652 αὐτῆς
2881 4584 3011 4664 ὑπὲρ
3043 4583 3279 4665 κεφαλῆς
3336 4585 3600 4663 γενέσθαι.
3658 4585 3820 4645 "Eco-

2172 4675 2258 4728 θεν
2309 4680 2396 4730 οῦν
2451 4673 2755 4742 ἆναστάσης
2811 4674 2898 4731 καὶ
2956 4679 3034 4748 τῷ
3090 4673 3232 4752 ἀνδρὶ
3272 4675 3371 4742 τὴν
3412 4674 3534 4752 ὄψιν
3575 4677 3662 4733 καὶ
3693 4690 3821 4744 τοῖς

443 4763 654 4823 marito
686 4761 978 4825 visionem
1010 4772 1069 4825 et
1101 4763 1226 4824 suis
1263 4764 1530 4841 cognatis
1561 4761 2082 4842 communicasset,

2174 4763 2450 4840 συγγενέσι
2479 4764 2907 4844 κοινωσαμένης,
2943 4763 3103 4830 ἄλλος
3136 4765 3234 4841 μὲν
3265 4764 3396 4822 ἄλλο
3447 4787 3497 4822 τι
3547 4767 3608 4824 τὸ
3669 4767 3822 4825 ἄπο-

438 4849 591 4912 alius
625 4852 862 4932 quidem
907 4851 1127 4932 aliquid
1178 4851 1338 4913 aliud
1399 4851 1634 4914 dicebat
1685 4860 2082 4932 eventurum;

439 4939 587 5002 illud
620 4960 755 5003 vero
782 4949 908 5003 erat
951 4941 1310 5020 significatio
1360 4943 1514 5022 ejus,
1559 4943 1718 5023 quod
1763 4961 1832 5004 ex
1862 4960 1934 5004 ea
1962 4948 2088 5004 erat

441 5048 862 5110 processurum
897 5030 985 5091 vel
1019 5031 1162 5110 ipsis
1190 5030 1378 5094 stellis
1409 5031 1686 5096 lucidius.

523 5145 617 5209 IlI.
658 5147 788 5210 Non
821 5148 1070 5209 multum
1122 5148 1410 5228 temporis
1458 5149 1819 5227 intercessit,
1852 5159 1916 5214 ut
1942 5170 2080 5214 cum

441 5238 841 5317 conCepisset,
876 5236 1108 5318 peperit
1150 5237 1386 5300 beatum
1440 5241 1770 5315 Danielem,
1807 5248 1864 5303 et
1913 5251 2081 5322 partu

443 5327 714 5406 utrisque
763 5345 897 5388 mox
928 5325 1235 5404 liberatur,
1287 5347 1505 5411 nempe
1552 5340 1610 5394 et
1658 5333 1991 5408 sterilitate,
2021 5341 2083 5395 et

443 5414 626 5476 animi
655 5416 1023 5495 aegritudine.
1059 5415 1195 5480 Haec
1243 5417 1412 5481 beato
1457 5421 1689 5486 D.==nieli
1735 5425 1863 5486 vita:
1913 5426 2081 5488 fuere

520 5624 538 5672 ¹
576 5621 722 5691 Gen.
757 5643 799 5704 ι,
835 5626 933 5692 28.

2171 4850 2468 4930 ϐησόμενον
2499 4853 2650 4933 ἔλεγε
2684 4871 2697 4886 °
2733 4857 2794 4911 τὸ
2820 4852 2874 4910 δὲ
2901 4852 3002 4934 ἄρα
3042 4864 3133 4915 τοῦ
3159 4853 3213 4922 ἐξ
3263 4857 3426 4929 αύτῆς
3455 4857 3586 4936 ὑπὲρ
3616 4857 3821 4937 ἀστέρα

2171 4941 2484 5020 ἱάμιινοντος-
2509 4943 2847 5026 προδήλωσις
2881 4946 2966 5011 ἦν.

2247 5154 2328 5214 Γ’.
2363 5158 2436 5213 Ού
2493 5153 2627 5211 πολυ
2671 5154 2735 5210 τὸ
2777 5151 2832 5208 ἐν
2875 5149 3044 5227 μέσῲ,
3093 5152 3180 5208 καί
3237 5152 3567 5212 συλλαϐοῦσα
3622 5155 3822 5215 τέτοκε

2163 5257 2255 5302 τὸν
2317 5244 2575 5320 μακάριον
2622 5240 2848 5313 Δανιὴλ,
2895 5243 2982 5296 καὶ
3027 5247 3132 5297 τῶν
3163 5239 3365 5299 ὠδίνων
3408 5245 3611 5324 ἀμφοῖν
3659 5268 3818 5304 στει-

2164 5335 2378 5414 ρώσεώς
2433 5354 2491 5389 τε
2548 5333 2636 5388 καὶ
2691 5330 2912 5404 ἀθυμίας
2977 5327 3124 5393 εὒθὺς
3206 5330 3520 5392 ἀπολύεται.
3581 5344 3824 5395 Τοιαῦτα

2163 5437 2240 5504 τῷ
2283 5423 2529 5502 μακαρίῳ
2586 5421 2664 5476 τὰ·
2705 5426 2797 5476 τοῦ
2847 5420 2962 5495 βίου
2991 5420 3244 5500 προοίμια
3284 5440 3298 5459 ⁸
3333 5421 3472 5479 οὕτω
3514 5427 3824 5506 προσῆλθεν
