4086 6398
301 314 419 381 973

1430 318 1618 386 VITA
1662 322 1722 385 S.
1773 323 2134 386 DANIELlS
2177 320 2552 386 STYLIT/E.

3561 317 3678 386 974

302 458 372 514 είς
405 454 516 532 φῶς
561 452 622 507 τὸ
664 473 760 508 του
802 453 975 531 φωτὸς
1009 451 1174 518 ὅντως
1233 452 1496 531 γέννημα,
1549 454 1800 529 Πέμπτου
1853 453 1948 527 μὲν

2054 455 2324 517 ιτοωιηίε
2359 474 2373 516 :
2407 453 2495 516 sic
2527 453 2747 535 prodiit
2764 453 2828 517 in
2870 453 3067 516 lucem
3116 454 3165 516 is
3189 453 3288 536 qui
3322 460 3448 516 erat
3473 469 3683 517 revera

303 543 394 598 οὖν
424 543 450 596 6
497 553 629 602 ταῖς
673 538 918 597 ἐπέϐαινε
950 543 1149 621 χρόνου
1183 557 1196 572 ⁸
1246 542 1396 600 οὔπω
1423 541 1479 599 δέ
1509 565 1648 608 τινος
1681 547 1810 622 πρὸς
1843 550 1947 600 τῶν

302 631 638 710 γεννητόρων
682 631 943 704 ὀνόματος
1004 632 1216 712 ὴξίωτο,
1270 631 1363 689 ἅτε
1414 633 1467 689 δὲ
1500 634 1643 711 παρὰ
1676 641 1807 692 Θεοῦ
1861 634 1946 689 ναὶ

301 721 458 777 τοῦτο
501 718 838 796 βουλομένων
897 721 973 794 τῷ
1022 720 1168 777 παιδὶ
1201 721 1467 800 γενέσθαι,
1502 723 1683 800 ὥσπερ
1715 722 1816 801 ἄρα
1859 723 1947 780 καὶ

303 810 403 877 τὴν
454 811 528 873 εἷς
583 812 677 864 τὸν
735 810 846 885 βίον
895 812 1249 889 παραγωγήν,
1311 812 1553 892 Ἀπῆγον
1607 813 1702 887 μὲι
1761 815 1850 868 οὖν
1899 815 1946 870 οἱ

303 912 485 974 γονεῖς
543 898 629 962 εἴς
672 920 722 954 τι
769 911 1019 971 σεμνεϊον
1072 901 1164 956 τὸν
1193 899 1361 957 παῖδα
1394 903 1746 978 εσυναπῆγον
1775 901 1830 956 δὲ
1859 904 1945 958 καὶ

2029 543 2183 606 fetus
2234 544 2497 606 luminis.
2551 543 2744 624 Atque
2799 561 2946 622 puer
2978 541 3222 623 quidem
3256 542 3532 625 quintum
3565 562 3676 605 an-

2030 652 2171 693 num
2197 634 2322 712 jam
2345 631 2918 712 attigerat,nondum
2940 641 3139 694 autem
3161 631 3217 693 ei
3244 631 3431 693 ullum
3456 650 3680 694 nomen

2029 720 2220 783 fuerat
2249 721 2590 802 impositum
2623 740 2659 782 a
2689 719 3039 800 parentibus
3071 728 3132 781 ut
3154 719 3257 802 qui
3288 721 3403 784 hoc
3433 738 3683 802 quoque

2031 810 2086 872 ei
2115 811 2336 873 vellent
2369 810 2495 874 dari
2525 830 2560 872 a
2589 810 2736 886 Deo,
2791 809 3090 892 quomodo
3136 810 3268 889 ejus
3322 828 3563 891 quoque
3615 809 3679 871 in

2028 901 2203 960 vitam
2267 900 2578 978 productio
2629 899 2702 961 ab
2763 918 2834 962 eo
2905 907 3301 978 processerat.
3363 898 3684 961 Duxerunt

305 987 405 1044 ὅσα
460 987 774 1066 προσφέρειν
817 985 1056 1052 εὐσεϐεῖς
1119 1002 1305 1068 χεῖρες
1351 989 1559 1068 φιλούσι
1611 998 1747 1066 Θεῷ,
1793 989 1869 1046 ἵν’
1918 993 1946 1048 6

2054 1006 2170 1065 ιι·εο
2202 997 2479 1068 parentes
2512 1007 2759 1068 puerum
2794 989 2851 1048 in
2885 986 3182 1068 quoddam
3218 987 3675 1052 monasterium.

304 1079 442 1154 ἱερὸς
494 1075 660 1138 ὄντως
720 1078 813 1132 καί
873 1077 1082 1156 ἐνίερῴ
1110 1079 1261 1152 τόπῳ
1316 1080 1414 1146 τὴν
1459 1079 1651 1147 κλῆσιν
1708 1079 1943 1148 δεξτιται.

2054 1078 2219 1140 Simul
2267 1086 2466 1139 autem
2527 1078 2790 1139 tulerunt
2842 1095 3083 1158 quoque
3142 1095 3520 1159 quaecunque
3567 1078 3682 1158 pia

309 1165 761 1242 Παραγενομένων
820 1172 910 1222 οὖν
962 1169 1050 1222 καὶ
1106 1165 1371 1244 λεγόντων
1415 1175 1490 1240 τῷ
1519 1168 1616 1236 τῆς
1650 1189 1943 1243 πνευματι-

2054 1186 2248 1228 nanus
2279 1167 2398 1229 Deo
2431 1167 2626 1229 solent
2655 1166 2899 1236 offerre,
2926 1177 2987 1228 ut
3018 1167 3116 1230 hic
3147 1185 3284 1229 vere
3307 1184 3480 1230 sacer
3499 1167 3681 1228 etiam

312 1259 409 1320 κῆς
455 1251 687 1330 μανδρας
742 1253 1132 1332 προηγουμένῳ
1187 1254 1320 1312 ἄλλο
1364 1279 1414 1311 τι
1473 1256 1641 1331 ὄνομα
1699 1257 1774 1331 τῷ
1807 1258 1952 1314 παιδὶ

2059 1276 2096 1317 n
2143 1274 2314 1318 sacro
2371 1255 2504 1317 loco
2571 1258 2910 1335 susciperet
2967 1256 3454 1336 appellationem.
3533 1255 3679 1320 Cum

307 1347 504 1416 θεῖναι,
541 1342 715 1406 ἔνθους
776 1342 955 1422 ὥσπερ
1013 1347 1041 1400 6
1098 1348 1241 1408 θεῖος
1298 1345 1431 1424 ἀνὴρ
1480 1345 1688 1410 ἐκεῖνος
1721 1347 1950 1422 γενόμειι

2054 1363 2174 1407 ποι-ο
2213 1345 2591 1419 accessisset,
2643 1352 2702 1406 et
2753 1343 3028 1406 dicerent
3083 1345 3366 1425 prml‘ecto
3417 1344 3685 1407 mandrae

307 1455 423 1506 νος,
482 1439 639 1489 τοῦτο
696 1431 796 1512 ἔφη
855 1435 1163 1503 τεθήσεσθαι
1218 1435 1245 1490 ὃ
1289 1435 1350 1491 ἃν
1414 1437 1442 1491 6
1505 1435 1688 1512 Κύριος
1740 1437 1952 1501 πάντως

2054 1433 2325 1514 spiritalis
2379 1452 2392 1496 :
2444 1431 2754 1507 Quodnam
2816 1451 3037 1494 nomen
3095 1443 3186 1494 est
3245 1432 3684 1513 imponendum

308 1521 634 1598 ἀποκαλύψῃ
670 1538 685 1554 ⁸
745 1524 832 1578 καὶ
862 1521 974 1598 ἅμα
1003 1525 1132 1600 πρὸς
1191 1525 1280 1580 τὸν
1325 1521 1491 1580 παῖδα
1550 1523 1752 1600 βλέψας
1799 1527 1956 1584 αὐτὸν

2054 1543 2226 1602 puero
2250 1523 2280 1584 ?
2299 1523 2400 1585 ille
2423 1522 2511 1585 vir
2531 1521 2793 1604 divinus,
2825 1522 3026 1585 divino
3066 1521 3244 1586 veluti
3271 1522 3556 1585 instinctu
3590 1522 3684 1584 af-

307 1609 373 1678 δὴ
425 1620 637 1691 τοῦτον,
669 1611 759 1668 τόν
796 1610 997 1679 Δανιὴλ
1028 1615 1187 1692 φημὶ,
1221 1614 1275 1670 ’έν
1307 1613 1518 1671 ἐκέλευε
1564 1619 1669 1669 τῶν
1726 1622 1794 1687 cf}
1828 1635 1954 1692 τραο

2054 1614 2232 1693 datus,
2265 1613 2412 1675 dicit
2443 1613 2499 1675 id
2533 1631 2665 1674 esse
2726 1611 3162 1693 imponendum
3203 1611 3361 1693 quod
3394 1611 3687 1674 Dominus

306 1701 446 1775 πέζῃ
477 1702 738 1775 κειμένων
772 1701 997 1780 ἀγαγεῖν
1027 1698 1242 1777 βιϐλίων
1293 1701 1427 1779 (ἔθος
1473 1704 1572 1779 γὰρ
1629 1703 1809 1768 αὐτοῖς
1865 1711 1958 1760 τοὺ

2054 1703 2283 1764 nnnino
2323 1701 2719 1778 revelaverit;
2757 1711 2816 1764 et
2835 1700 3014 1762 simul
3037 1703 3111 1763 ad
3139 1719 3388 1781 puerum
3423 1701 3688 1782 intuens,

305 1794 448 1866 ἱεροῦ
505 1793 879 1870 θυσιαστηρίου
959 1795 1266 1870 προκεῖσθαι
1343 1793 1436 1856 τὰς
1494 1790 1701 1868 βίϐλους
1771 1797 1953 1859 κοινῆς

2054 1792 2112 1853 ιιι
2145 1793 2324 1866 hunc,
2357 1792 2621 1883 inquam,
2657 1792 2851 1883 ipsum
2879 1881 2888 1883 _
2919 1790 3250 1866 Danielem,
3279 1789 3460 1870 jussit
3489 1789 3691 1853 afferri

306 1880 463 1936 ἕνεκα
517 1885 624 1935 τῶν
679 1887 939 1960 μοναχῶν
991 1880 1300 1960 ὠφελείας).
1336 1882 1530 1937 Αὐτίκα
1561 1882 1730 1938 τοίνυν
1763 1883 1791 1938 6
1822 1895 1954 1944 παῖς

2054 1899 2220 1942 mum
2275 1900 2344 1943 ex
2401 1881 2474 1940 iis
2535 1879 2726 1955 libris,
2790 1881 2891 1959 qui
2951 1887 3122 1940 erant
3174 1896 3358 1960 supra
3417 1896 3686 1940 mensam

307 1971 475 2026 ἓποίει
519 1971 580 2026 τὸ
635 1969 935 2050 κελευσθέν,
998 1973 1087 2027 καὶ
1143 1972 1344 2045 κομίζει
1405 1968 1608 2046 βιϐλίον
1638 1971 1742 2050 οὺχ
1773 1973 1847 2036 ὡς
1893 1970 1954 2027 ἂν

2054 1969 2198 2052 [mos
2228 1970 2387 2031 enim
2417 1979 2546 2032 erat
2574 1969 2661 2030 eis
2705 1987 2927 2049 ponere
2952 1967 3136 2030 libros
3173 1984 3358 2046 super
3388 1985 3554 2029 aram
3585 1985 3686 2030 sa-

309 2081 392 2122 τις
451 2058 600 2116 εἴποι
653 2060 797 2140 τύχῃ
830 2062 953 2131 τινὶ,
987 2059 1124 2116 ἀλλᾶ
1153 2061 1264 2132 θείᾳ
1294 2060 1486 2138 γνώμῃ
1516 2061 1605 2116 καὶ
1635 2059 1825 2138 δδηγίᾳ
1866 2062 1954 2138 βί-

2054 2079 2220 2132 :ram,
2249 2067 2480 2134 propter
2505 2077 2872 2120 communem
2899 2063 3314 2120 monachorum
3333 2061 3686 2131 utilitatem).

310 2148 439 2205 ϐὰον
469 2147 676 2215 ἑκείνην
709 2148 745 2216 ἢ
776 2150 842 2205 τὰ
885 2157 976 2206 τοὺ
1020 2150 1290 2228 προφήτου
1339 2149 1540 2217 Δανιὴλ
1589 2150 1718 2230 εἶχε
1774 2150 1953 2228 λόγιά,

2054 2151 2320 2214 Protinus
2341 2167 2480 2226 ergo
2503 2147 2642 2210 facit
2663 2165 2816 2228 puer
2835 2146 2894 2208 id
2919 2146 3076 2228 quod
3099 2145 3153 2208 ei
3193 2147 3386 2208 fuerat
3418 2145 3686 2226 impera-

316 2239 504 2315 Κρίνας
563 2246 654 2297 οὖν
696 2241 722 2294 6
781 2239 914 2318 ἀνὴρ
956 2241 1028 2301 ὡς
1086 2238 1140 2303 ἐξ
1197 2241 1416 2316 οὖροινοῦ
1469 2241 1624 2295 τοῦτο
1671 2237 1960 2318 σύμϐολον,

2054 2248 2198 2316 tum;
2216 2247 2274 2301 et
2293 2238 2462 2300 affert
2484 2238 2856 2312 librum,non
2879 2236 3029 2298 forte
3055 2235 3308 2316 fortuna,
3342 2235 3448 2297 sed
3485 2233 3688 2296 divina

308 2329 609 2401 ὁμωνύμως
695 2327 841 2392 εὐθὺς
956 2335 1031 2401 τῷ
1133 2329 1382 2407 προφήτῃ
1484 2329 1575 2384 τὸν
1662 2329 1960 2408 ὒμότροπον

2054 2330 2353 2392 voluntate
2372 2337 2430 2390 et
2452 2327 2614 2389 dictu
2639 2327 2766 2401 Dei,
2802 2325 3022 2387 librum
3049 2323 3350 2402 illum,qui
3384 2324 3692 2406 prephetze

319 2417 602 2490 ὀνομάζει,
715 2419 806 2474 καὶ
910 2417 1114 2486 Δανιὴλ
1219 2420 1310 2474 τὸν
1415 2416 1585 2474 παῖδα
1667 2419 1961 2498 θεαρέστως

2054 2418 2309 2481 Danielis
2338 2415 2594 2480 habebat
2617 2415 2880 2496 eloquia.
2917 2413 3059 2477 Cum
3099 2413 3200 2475 ille
3231 2430 3374 2492 ergo
3405 2411 3495 2473 vir
3517 2411 3690 2492 judi-

322 2503 500 2562 καλεῖ.

2054 2517 2238 2571 casset
2257 2526 2290 2570 e
2308 2507 2458 2570 cmlo
2481 2505 2681 2567 datum
2701 2523 2834 2568 esse
2851 2505 2964 2566 hoc
2979 2501 3460 2582 signum,eodem
3488 2501 3689 2564 statim

320 2593 712 2678 nomine,quo
732 2595 1283 2677 prophetam,vocat
1305 2596 1712 2677 eum,quierat
1734 2596 1789 2658 ei
1815 2597 2082 2661 moribus
2103 2595 2614 2675 similis,etutDeo
2641 2594 2879 2677 placuit,
2889 2611 3138 2674 puerum
3164 2598 3333 2653 vocat
3357 2589 3691 2654 Danielem.

400 2685 483 2748 A',
520 2688 575 2742 Εἰ
607 2688 703 2762 μὲν
734 2695 822 2743 οὖν
866 2687 978 2749 εἶξε
1035 2701 1153 2751 τοῖς
1203 2685 1387 2765 λόγοις
1433 2695 1537 2744 τῶν
1568 2688 1902 2766 γεννητόρων
1933 2691 1960 2746 6

2123 2687 2426 2770 lV.Atque
2449 2687 2495 2747 si
2523 2695 2838 2766 parentum
2861 2683 3100 2765 quidem
3127 2678 3330 2770 verbis
3352 2679 3692 2770 acquievis-

312 2775 466 2838 θεῖος
498 2782 646 2838 οὗτος
679 2776 837 2855 ἀνὴρ,
885 2776 1004 2833 τότε
1033 2775 1096 2830 ἄν
1156 2777 1300 2840 εὐθὺς
1351 2776 1570 2842 ἀνετέθη
1635 2777 1836 2844 Δανιὴλ
1885 2780 1962 2851 τῷ

2054 2791 2156 2854 set,
2191 2778 2291 2840 hic
2322 2769 2410 2840 vir
2439 2776 2848 2855 divinus,tunc
2873 2773 3078 2835 fuisset
3103 2773 3225 2834 Deo
3252 2769 3462 2833 Daniel
3493 2769 3692 2832 conti-

318 2870 460 2944 Θεῷ,
493 2865 582 2921 καὶ
610 2865 670 2921 ἐκ
699 2866 917 2944 πρώτης
947 2867 1132 2945 τριχὸς
1165 2863 1470 2944 κατελέχθη
1501 2866 1623 2929 τοῖς
1662 2871 1958 2946 μοναχοῖς,

2054 2887 2165 2929 nuo
2198 2865 2528 2938 dedicatus,
2564 2875 2622 2926 et
2646 2863 2720 2925 ab
2752 2861 3002 2925 infantia
3031 2860 3243 2922 fuisset
3292 2866 3601 2938 cooptatus
3630 2859 3694 2920 in

316 2953 491 3010 Αύτοῦ
549 2952 602 3010 δὲ
658 2955 736 3030 μὴ
791 2955 1120 3035 πεισθέντος,
1192 2953 1328 3010 ἀλλὰ
1380 2952 1812 3031 προϐαλλομένου
1865 2956 1964 3023 τὴν

2054 2974 2368 3018 numerum
2401 2949 3011 3016 monachorum.Cum
3034 2950 3085 3011 is
3107 2957 3305 3010 autem
3340 2965 3460 3009 non
3492 2954 3696 3028 posset

659 3018 670 3030 .
723 3018 736 3022 -
1104 3018 1120 3035 ,
1423 3018 1432 3031 .
1653 3018 1664 3030 .
1920 3018 1932 3023 -

315 3042 532 3110 ἡλικίαν
590 3046 675 3100 καὶ
707 3043 767 3100 τὰ
796 3042 992 3119 κομιδῆ
1038 3046 1256 3122 νήπιον,
1289 3043 1409 3099 τότε
1454 3044 1554 3118 μὲν
1587 3042 1699 3119 ἅμα
1738 3051 1814 3119 τῷ
1849 3053 1961 3100 Δα-

2054 3045 2426 3127 persuaderi,
2453 3043 2559 3105 sed
2583 3051 2851 3104 teneram
2877 3045 3228 3101 causaretur
3251 3018 3561 3127 aetatem-et
3594 3035 3692 3098 ni-

319 3130 443 3200 νιὴλ
475 3129 660 3188 οἴκαδε
688 3134 1012 3209 ἱπανῄεσαν,
1044 3131 1196 3198 δόξαν
1241 3131 1378 3190 οὕτω
1427 3139 1503 3208 τῷ
1561 3135 1820 3212 κρείττονι
1871 3133 1963 3190 ’ίνα

319 3222 400 3296 μὴ
430 3227 499 3299 τῇ
538 3221 752 3301 ἑτέρων,
788 3229 854 3299 τῇ
886 3223 1072 3279 ἑαυτοῦ
1105 3221 1159 3278 δὲ
1191 3222 1383 3302 γνώμῃ
1439 3224 1501 3280 τὸ
1545 3223 1740 3301 ἀγαθὸν
1771 3226 1797 3280 6
1829 3223 1965 3285 παῖς

319 3310 534 3382 ἕληται,
571 3313 729 3377 Εὐθὺς
773 3312 870 3387 μὲν
916 3319 1006 3368 οὖν
1064 3311 1250 3391 πρώτη
1306 3311 1512 3389 βλάστη
1563 3312 1756 3370 ὁποῖον
1818 3312 1965 3370 ἔσται

319 3402 385 3456 τὸ
439 3403 600 3479 φῦτὸν
659 3399 960 3480 παρεδήλου
1013 3402 1103 3458 καὶ
1156 3407 1263 3457 τῶν
1315 3401 1516 3480 ἀρετῶν
1575 3403 1626 3457 αἱ
1687 3404 1830 3458 σκιαὶ
1861 3401 1964 3470 ἤδη

319 3496 398 3563 τῷ
452 3487 537 3546 διὰ
589 3491 762 3568 φωτὸς
792 3488 1022 3547 ὁδεύοντι
1055 3489 1394 3558 ἦκολούθουν.
1461 3492 1604 3548 Μετὰ
1661 3492 1852 3569 μικρὸν
1911 3489 1965 3547 δὲ

321 3581 423 3646 τῆς
479 3579 690 3648 ἡλικίας
749 3583 886 3655 οὖτῷ
971 3579 1268 3658 προϊούσης
1343 3582 1431 3636 καὶ
1483 3586 1722 3658 φανερῶς
1777 3577 1966 3645 ἔδειξεν

321 3667 457 3733 ὅσην
502 3671 591 3726 καὶ
648 3670 773 3749 παρ’
831 3671 1043 3737 ἡλικίαν
1089 3668 1249 3735 αὔξην
1297 3668 1492 3736 ηὔξησε
1524 3669 1622 3737 τὴν
1652 3676 1746 3726 τοῦ
1802 3669 1964 3726 πνεύ-

2049 3123 2228 3197 iniam
2262 3133 2746 3208 infantiam,tuuc
2768 3128 3012 3208 quidem
3034 3144 3257 3190 reversn
3288 3131 3428 3188 sunt
3446 3123 3691 3188 domum

2047 3245 2181 3288 cum
2219 3223 2486 3298 Daniele,
2523 3241 2656 3284 cum
2691 3221 2770 3282 ita
2798 3220 2986 3281 visum
3021 3228 3177 3280 esset
3208 3217 3286 3290 ei,
3332 3213 3434 3296 qui
3467 3223 3556 3278 est
3584 3233 3689 3276 su-

2052 3315 2270 3396 perior,
2302 3327 2513 3375 utnon
2570 3311 2850 3386 aliorum,
2909 3307 3015 3396 sed
3072 3325 3181 3368 sua
3209 3304 3518 3396 sententia
3543 3322 3696 3386 puer

2049 3394 2270 3465 bonum
2306 3402 2576 3481 eligeret.
2625 3399 2819 3480 Atque
2850 3395 3122 3478 protinus
3151 3395 3394 3475 quidem
3432 3394 3696 3475 primum

2047 3512 2295 3573 germen
2319 3489 2717 3572 significabat,
2753 3487 2945 3570 qualis
2976 3485 3174 3548 futura
3203 3491 3362 3546 esset
3387 3485 3606 3562 arbor;
3640 3491 3700 3545 et

2050 3583 2331 3644 virtutum
2363 3579 2589 3643 umbrae
2611 3579 2736 3660 jam
2782 3575 3194 3654 sequebantur
3247 3592 3410 3648 eum,
3455 3573 3558 3655 qui
3592 3590 3701 3654 per

2050 3671 2247 3733 lucem
2279 3669 2637 3732 ambulabat.
2675 3666 2958 3728 Paulatim
2983 3673 3182 3726 autem
3217 3664 3274 3725 ei
3334 3661 3700 3743 procedente

324 3779 514 3834 ματος,
548 3757 718 3838 ’Ἀρτι
777 3758 875 3836 μὲν
905 3760 1004 3838 γὰρ
1033 3765 1126 3816 τοῦ
1155 3757 1376 3814 δεκάτου
1408 3757 1554 3823 ἔτους
1586 3760 1612 3812 6
1649 3757 1852 3825 Δανιὴλ
1883 3758 1968 3815 ἐπί

2054 3768 2464 3840 aetute,aperte
2497 3756 3075 3836 ostendit,quantum
3107 3756 3548 3840 incrementum
3578 3749 3700 3840 spi-

320 3849 446 3912 τοῖς
506 3835 650 3904 δυσίν
709 3835 931 3924 ἥπτετο,
979 3835 1080 3906 Vat-1t
1132 3846 1322 3923 μηδενί
1359 3846 1529 3923 μηδὲν
1583 3848 1809 3926 είρῆκὼς
1840 3847 1968 3924 μηδ’

2054 3850 2204 3912 ritus
2235 3835 2570 3928 accepisset
2600 3835 3092 3926 prmter’mtatem.
3125 3835 3274 3903 Nam
3300 3838 3423 3919 jam
3451 3837 3700 3920 quidem

323 3937 598 4016 ἰξαγαγὼν
654 3939 717 3994 τὸ
775 3943 870 4006 τῆς
931 3940 1116 4018 ψυχῆς
1176 3937 1449 4015 βούλημα,
1508 3938 1828 4016 ὑπερφρονεῖ
1871 3938 1968 4014 μὲν

2055 3939 2330 4017 attigerat
2361 3935 2565 3998 Daniel
2605 3952 2826 3997 annum
2876 3930 3300 4018 duodecimum
3333 3936 3390 3989 et
3422 3946 3557 3990 cum
3585 3945 3700 4018 nef

324 4015 661 4108 γεννητόρων
729 4025 814 4086 διὰ
875 4015 1124 4108 Χριστὸν,
1184 4029 1503 4107 ὑπερφρονεῖ
1561 4025 1616 4083 δὲ
1676 4015 1966 4106 συγγενῶν,

2058 4015 2204 4090 [ιιίπὶ
2234 4025 2558 4107 quidquam
2585 4023 2856 4103 dixisset,
2892 4037 3089 4101 neque
3122 4017 3481 4080 voluntatem
3516 4015 3704 4108 animi

323 4104 532 4196 παρορᾳ
559 4104 618 4173 δὲ
651 4117 738 4174 καὶ
780 4116 892 4193 βίον
921 4117 1007 4173 καὶ
1049 4104 1121 4172 1&-
1161 4115 1216 4172 ὲν
1260 4104 1390 4193 βίω,
1449 4119 1534 4175 καὶ
1582 4104 1799 4192 κώμην-
1828 4117 1968 4174 ἐκεί-

2057 4104 2685 4199 protulisset,despicit
2703 4111 2942 4193 quidem
2967 4118 3245 4199 parentes
3265 4114 3511 4189 propter
3534 4104 3704 4170 Chri-

324 4229 424 4273 νην
468 4204 587 4282 ᾔτις
633 4207 790 4264 αὐτὸν
819 4205 1040 4285 ἤνεγκε,
1089 4205 1273 4284 Πόῤῥω
1322 4207 1516 4274 ταύτης
1575 4208 1702 4264 ὡσεὶ
1746 4205 1968 4269 σταδίοις

2055 4197 2238 4286 stum,
2271 4205 2527 4285 despicit
2561 4213 2618 4264 et
2674 4209 2978 4279 cognatos,
3034 4197 3446 4286 mundumque
3479 4203 3537 4258 et
3567 4213 3706 4276 qum

326 4296 614 4374 γενόμενος
643 4293 845 4352 δώδεκα
876 4284 1179 4376 ἀφικνεῖται
1211 4295 1310 4371 μὲν
1348 4295 1430 4362 εἴς
1477 4317 1527 4352 τι
1571 4294 1834 4354 κοινόϐιον
1865 4319 1968 4372 μοι·

2058 4304 2196 4358 suut
2223 4284 2286 4357 in
2319 4284 2978 4370 mundo,omnibnsque
3009 4284 3706 4376 relictis,amicis_asqua-

328 4391 514 4465 ναχῶν
549 4403 568 4421 ο
624 4386 938 4461 προσπεσὼν
982 4384 1038 4440 δὲ
1091 4397 1210 4449 τοῖς
1265 4385 1395 4442 ποσί
1457 4392 1549 4442 τοῦ
1599 4386 1968 4466 ἀφηγουμένου

2059 4386 2234 4458 libus,
2269 4384 2398 4446 vico
2431 4383 2556 4458 illo,
2609 4382 2709 4464 qui
2741 4399 2876 4442 eum
2914 4379 3074 4460 tulit,
3111 4395 3246 4438 cum
3288 4373 3494 4466 procul
3528 4373 3602 4466 ab
3634 4391 3707 4435 eo

325 4462 476 4540 ἠξίου
521 4475 607 4530 καὶ
651 4476 808 4532 αὐτὸν
855 4474 1074 4539 ἐκείνοις
1105 4473 1484 4554 καταλεγῆναι,
1533 4476 1621 4532 καὶ
1649 4462 1770 4532 -τῶν
1799 4496 1968 4552 μονα-

2058 4475 2345 4538 abfuisset
2381 4462 2972 4535 circiter‘iluodecim
3030 4468 3240 4541 stadia,
3279 4465 3436 4554 venit
3466 4462 3708 4554 quidem

325 4569 452 4642 χῶν
507 4569 703 4644 σχῆμα
761 4561 1152 4642 περιϐαλέσθαι.
1204 4553 1397 4626 ‘uc'aa
1442 4567 1504 4621 τὸ
1533 4563 1742 4622 ἁπαλὸν
1771 4564 1975 4627 ἐκεῖνος

327 4655 475 4726 αὖτῷ
529 4660 624 4710 τοῦ
682 4650 932 4730 σώματος
986 4656 1073 4710 καὶ
1133 4653 1250 4709 νέον
1279 4654 1553 4733 προφέρων
1583 4654 1676 4711 οὒκ
1705 4653 1854 4733 ἔλεγε
1883 4651 1978 4710 δυ·-

327 4744 488 4800 νατὸν
519 4743 664 4800 εἶναι
705 4743 772 4800 τὰ
805 4749 911 4800 τῶν
943 4749 1202 4823 μοναχῶν
1230 4742 1505 4818 ὑπελθεῖν,
1552 4744 1604 4801 ἐν
1649 4745 1852 4824 βραχεῖ
1881 4745 1980 4822 γὰρ

327 4831 483 4890 ἔσται
539 4834 670 4912 πρὸς
729 4833 853 4898 τοὺς
911 4833 1106 4896 πόνους
1161 4832 1530 4912 ἀπαγορεύων,
1594 4835 1649 4889 οἳ
1691 4831 1883 4890 πολλοί
1925 4830 1984 4888 τέ

328 4926 432 4980 είσι
493 4925 583 4980 καὶ
639 4921 886 5002 ἀνδράσιν
943 4925 1127 4986 αὐτοῖς
1187 4921 1470 5001 χαλεποὶ,
1523 4921 1668 5001 Ἐγὼ
1724 4923 1822 4998 μὲν
1869 4924 1981 5000 οὖν,

326 5011 434 5088 ἔφη
466 5013 494 5068 6
542 5011 766 5093 Δανιὴλ,
813 5014 896 5069 ιιαὶ
927 5009 995 5069 δι’
1050 5012 1177 5070 αὒτὸ
1225 5019 1387 5070 τοῦτο
1453 5013 1848 5092 παρεγενόμην,
1907 5008 1983 5067 ἵν’

330 5100 476 5158 οὕτω
532 5103 680 5174 ζήσω
735 5102 832 5179 μὲν
895 5109 970 5176 τῷ
1021 5108 1253 5181 Χριστῷ,
1313 5101 1562 5158 ἀποθανω
1600 5099 1655 5157 δὲ
1703 5109 1771 5179 τῇ
1802 5099 1983 5180 σαρκί,

332 5193 394 5249 Εἰ
449 5189 504 5248 δὲ
547 5194 636 5248 καὶ
678 5191 916 5268 μετιόντι
980 5215 1072 5268 μοι
1127 5194 1250 5255 τοὺς
1296 5189 1488 5258 ιιαλοὺς
1547 5193 1761 5257 τούτους
1795 5193 1986 5254 πόνους

335 5279 520 5357 ἕψεται
554 5282 617 5338 τὸ
669 5284 875 5356 θανεῖν,
933 5280 1145 5358 βέλτιον
1205 5281 1323 5357 ἐμοὶ
1369 5289 1526 5340 τοῦτο
1568 5285 1760 5339 παθεῖν
1810 5282 1846 5350 ἢ
1889 5281 1986 5349 τὴν

335 5383 504 5452 χεῖρα
535 5368 767 5448 βαλόντα
797 5369 885 5427 ἐπ’
916 5369 1135 5451 ἄροτρον
1184 5369 1538 5449 εὐαγγελικὼς
1574 5374 1869 5452 στραιρῆναι
1913 5372 1987 5436 εἷς

335 5482 402 5517 τα
431 5481 625 5519 οπισω.

2063 4567 2123 4628 in
2158 4564 2455 4646 quoddam
2501 4560 2842 4624 cmnohium
2895 4557 3350 4646 monachorum.
3385 4551 3712 4646 Procidens

2062 4641 2261 4718 autem
2290 4655 2362 4716 ad
2398 4652 2582 4733 pedes
2623 4649 2886 4731 praefecti
2931 4647 3085 4710 sacri
3118 4645 3340 4726 gregis,
3372 4641 3619 4724 rogabat
3648 4649 3715 4703 ut

2065 4745 2194 4825 ipse
2219 4761 2457 4824 quoque
2491 4748 2874 4822 cooptaretur
2905 4738 2966 4799 in
2998 4754 3323 4798 numerum
3357 4733 3626 4825 illorum,
3637 4738 3717 4825 __et

2067 4820 2202 4896 eum
2237 4820 2570 4894 monastico
2601 4820 2823 4890 amictu
2866 4827 3168 4889 indueret.
3201 4827 3348 4887 Cum
3379 4832 3579 4886 autem
3613 4820 3719 4883 ille

2069 4933 2128 4985 et
2183 4921 2454 5003 corporis
2505 4917 3000 4991 imbecillitatem,
3063 4922 3124 4976 et
3174 4923 3440 5003 teneram
3471 4918 3718 5003 aetatem

2072 4999 2394 5093 objicie'ns,
2433 5009 2682 5071 dixisset
2711 5027 2829 5069 non
2864 5023 3039 5087 posse
3071 5023 3206 5093 eum
3237 5021 3327 5093 ea‘
3351 4999 3558 5093 subire
3594 5016 3724 5081 quas

2073 5089 2336 5165 subeunt
2369 5089 2686 5174 monachi;
2721 5097 2848 5158 fore
2879 5095 3134 5169 enim,ut
3164 5090 3332 5156 brevi
3363 5089 3726 5169 defatigetur

2071 5189 2400 5265 laboribus,
2435 5189 2536 5270 qui
2569 5193 2711 5248 sunt
2741 5184 2912 5247 multi
2943 5193 3002 5245 et
3032 5184 3125 5245 vel
3155 5181 3306 5264 ipsis
3334 5181 3474 5242 viris
3505 5177 3728 5270 difﬁci-

2073 5281 2160 5343 les
2193 5301 2208 5341 :
2236 5267 2478 5359 vigilia,
2515 5270 3334 5353 humicubationes,jejunia,
3368 5267 3729 5359 corporiset

2072 5371 2203 5451 ejus
2250 5357 2618 5430 voluntatum
2665 5364 2930 5446 perfecta
2975 5362 3354 5424 mortificatio
3393 5407 3410 5435 ,
3475 5365 3534 5420 et
3593 5357 3728 5451 ideo

2070 5447 2375 5532 suaderet,
2409 5465 2472 5519 ut
2500 5458 2872 5538 aliquantum
2925 5451 3211 5534 temporis
3263 5456 3534 5538 maneret
3561 5447 3726 5528 apud

338 5557 642 5632 parentes,
667 5557 729 5612 et
757 5567 866 5613 nos
921 5557 1117 5613 tantos
1173 5550 1505 5633 susciperet
1553 5549 1790 5614 labores
1822 5549 1882 5612 in
1941 5558 2111 5613 aetate
2141 5561 2257 5612 tam
2317 5537 2661 5622 immatura,
2690 5553 2751 5608 et
2781 5561 3032 5626 corpore
3063 5560 3183 5604 non
3210 5540 3351 5633 satis
3399 5537 3640 5600 robusto
3671 5542 3734 5599 et

336 5629 548 5711 adulto
583 5659 598 5705 :
627 5629 752 5722 Ego
781 5639 1052 5722 quidem,
1084 5641 1280 5721 inquit
1336 5629 1575 5720 Daniel,
1606 5640 1743 5705 ideo
1799 5640 2050 5716 accessi,
2084 5650 2148 5704 ut
2177 5641 2265 5703 sic
2293 5635 2536 5722 quidem
2569 5635 2807 5702 Christo
2832 5633 3045 5710 vivam,
3082 5629 3304 5694 moriar
3335 5635 3534 5692 autem
3567 5641 3712 5692 earn
