4086 6412
420 314 537 394 975
561 393 566 400 .

1619 321 1876 386 ADDEN
1884 319 2005 382 DA.
2057 351 2130 363 —
2175 306 2608 381 DECEMBER.

3681 307 3799 375 976

422 463 588 536 Quod
621 465 670 525 si
703 463 842 525 dum
875 461 984 524 hos
1030 459 1308 542 pulchros
1336 457 1655 538 suscipiam
1690 454 1947 530 labores,
1985 471 2152 542 mors,
2186 461 2479 534 aequetur,
2515 451 2729 514 melius
2759 451 2870 513 erit
2901 450 3050 513 mihi
3082 449 3256 542 mori,
3290 467 3466 531 quam
3496 448 3666 511 abire
3693 466 3798 510 va-

423 572 622 628 cuum,
657 561 716 614 et
746 539 1076 613 mittentem
1131 567 1366 610 manum
1429 548 1501 608 ad
1534 555 1817 619 aratrum,
1853 552 1913 605 ut
1943 563 2081 605 cum
2112 541 2430 628 Evangelia
2467 543 2686 618 dicam,
2718 549 2882 604 retro
2915 539 3209 603 converti.

503 642 575 705 V.
608 625 756 704 Cum
783 659 921 720 ergo
945 639 1127 700 multa
1146 637 1386 717 quidem
1429 636 1700 715 dixisset,
1733 635 1917 695 multa
1948 651 2058 695 au-

2226 632 2307 695 E'.
2350 625 2436 697 ’ος
2479 633 2568 690 οὖν
2598 632 2774 690 πολλὰ
2831 632 2927 708 μὲν
2969 632 3154 706 εἰπὼν,
3216 629 3392 688 πολλὰ
3422 627 3477 686 δὲ
3509 631 3596 686 καὶ
3627 629 3796 687 ἁκού-

424 742 540 795 tem
565 731 741 793 etiam
765 727 1090 792 audivisset
1111 725 1430 806 prafectus
1453 743 1637 787 sacrae
1659 724 2068 802 mandraa,nec

423 821 714 897 potuisset
735 819 868 899 ejus
889 817 1307 878 vehementem
1335 815 1644 878 retardare
1675 815 1981 895 impetum,
2011 821 2070 875 et

418 928 616 973 acrem
637 910 796 970 hunc
814 923 1105 982 amorem,
1133 905 1345 967 fratres
1365 904 1609 967 adhibet
1635 905 1694 965 in
1721 902 2061 976 consilium,

419 1017 490 1059 an
514 1009 770 1072 oporteat
793 1014 922 1056 eum
944 1000 999 1055 in
1023 999 1280 1068 ipsorum
1308 998 1528 1056 admitti
1553 996 2066 1055 monasterium.“-

419 1085 487 1141 lis
512 1098 645 1141 vero
667 1086 829 1154 pueri
853 1097 1120 1154 magnam
1148 1083 1486 1140 mirantibus
1511 1084 1915 1148 constantiam,
1948 1080 2069 1137 ala-

417 1187 640 1249 creque
671 1176 730 1229 et
758 1167 1055 1228 intensum
1085 1167 1215 1246 ejus
1241 1167 1423 1229 animi
1456 1166 1747 1240 studium,
1770 1177 1828 1226 et
1855 1165 2064 1226 existi-

421 1262 715 1324 mantibus
744 1279 877 1323 esse
909 1260 1124 1338 Deum,
1159 1261 1262 1342 qui
1296 1280 1431 1322 eum
1467 1266 1826 1339 moveret,et
1857 1267 1920 1320 ut
1951 1259 2062 1320 ad-

419 1351 780 1428 mitteretur,
818 1349 1076 1410 libenter
1103 1349 1602 1421 assentientibus,
1630 1349 1704 1409 de
1728 1357 1945 1412 caetero
1977 1355 2066 1409 est

415 1459 549 1502 cum
585 1439 673 1501 eis
725 1457 961 1520 quoque
1019 1438 1251 1515 Daniel,
1308 1443 1426 1500 imo
1483 1457 1619 1500 vero
1665 1455 1845 1518 supra
1877 1438 2062 1517 ipsos,

414 1528 574 1610 quod
602 1528 675 1589 ad
708 1529 880 1589 vitam
907 1545 979 1590 ex
1001 1527 1124 1589 Deo
1146 1529 1436 1608 agendam
1461 1529 1765 1604 attinet,et
1787 1528 2063 1588 ardorem

412 1619 486 1680 ad
517 1619 818 1680 virtutem.
853 1617 1198 1680 Intercessit
1233 1636 1444 1697 parum
1481 1617 1787 1698 temporis,
1824 1626 1882 1678 et
1927 1635 2064 1678 cum

411 1711 784 1787 cognovisset
814 1715 1117 1788 parentes,
1151 1707 1398 1768 ubinam
1442 1708 1544 1782 sit,
1587 1715 1645 1768 et
1696 1705 1852 1787 apud
1887 1723 2060 1786 quos,

410 1797 495 1859 illi
521 1797 759 1878 quidem
813 1795 886 1857 ad
941 1813 1078 1857 eum
1141 1796 1439 1860 accedunt
1467 1815 1604 1858 cum
1638 1795 2061 1858 admiratione.

411 1886 558 1949 Cum
593 1885 877 1946 vidissent
909 1893 1104 1947 autem
1137 1904 1390 1966 puerum
1422 1886 1689 1966 seipsum
1725 1884 2059 1967 dedicasse,

412 1985 473 2040 et
503 1975 623 2038 Deo
655 1992 1065 2052 consecrasse,
1101 1993 1478 2056 nequaquam
1511 1975 1600 2036 eis
1629 1975 1866 2055 accidit,
1903 1975 2060 2054 quod
2090 2005 2123 2054 Β

409 2066 564 2128 solet
593 2063 943 2127 hominibus
973 2071 1038 2128 et
1086 2065 1458 2146 parentibus,
1512 2083 1708 2146 neque
1760 2063 2062 2145 petierunt

409 2153 826 2217 cbarissimum
860 2154 1044 2216 tilium
1071 2164 1135 2216 ut
1158 2173 1296 2217 eum
1329 2157 1700 2235 acciperent,
1727 2163 1787 2216 et
1816 2154 2060 2215 domum

411 2243 794 2318 reducerent,
829 2243 1010 2324 idque
1057 2262 1190 2306 cum
1245 2245 1509 2306 nondum
1544 2253 1704 2306 esset
1735 2244 2061 2306 monastico

411 2333 616 2396 habitu
639 2340 1124 2408 consummatus;
1159 2335 1263 2395 sed
1309 2352 1518 2397 revera
1550 2333 1817 2396 volentes
1853 2341 2058 2394 osten-

412 2423 557 2485 dere
582 2440 648 2483 se
681 2439 812 2482 esse
843 2421 1003 2482 illius
1039 2430 1344 2503 parentes,
1379 2423 1551 2484 valde
1608 2422 1787 2484 laetati
1818 2429 1956 2484 sunt
1986 2422 2061 2484 de

412 2529 484 2574 eo
517 2510 674 2588 quod
707 2510 921 2571 factum
957 2511 1175 2592 fuerat,
1203 2519 1262 2574 et
1319 2512 1517 2573 multis
1551 2510 1830 2592 precibus
1861 2530 1894 2573 a
1926 2530 2060 2573 mo-

413 2599 662 2662 nasterii
687 2599 971 2680 praefecto
999 2600 1464 2676 contenderunt,
1494 2612 1560 2662 ut
1582 2610 1720 2663 ante
1741 2620 1881 2663 suos
1910 2620 2060 2663 ocu-

413 2689 504 2751 los
525 2689 855 2750 monastico
885 2707 1018 2751 eum
1046 2688 1268 2752 amictu
1290 2689 1708 2754 indueret.Ille
1737 2708 1876 2752 vero
1910 2691 2064 2753 hanc

411 2797 538 2840 rem
569 2796 776 2839 rursus
807 2779 1210 2840 communicat
1261 2780 1594 2853 monachis,
1658 2789 1718 2842 et
1751 2789 2062 2861 postquam

413 2868 547 2930 illos
577 2886 813 2948 quoque
845 2867 989 2929 vidit
1025 2869 1331 2950 assentiri,
1368 2889 1501 2932 cum
1546 2871 1827 2950 jussisset
1854 2888 2063 2932 omnes

412 2959 757 3036 congregari
785 2957 846 3018 in
872 2957 1274 3038 Dominico,et
1298 2959 1530 3021 Danieli
1556 2979 1788 3022 sacram
1808 2963 2060 3022 recitas-

409 3055 500 3108 set
529 3048 817 3126 regulam,
854 3046 1062 3109 tondet
1092 3046 1149 3110 ei
1179 3048 1450 3129 capillos,
1479 3059 1537 3111 et
1564 3050 1898 3112 monastico
1921 3068 2057 3110 eum

410 3135 608 3197 induit
635 3134 863 3215 habitu,
899 3137 1000 3216 qui
1047 3137 1168 3215 jam
1210 3137 1366 3199 sicut
1398 3138 1675 3199 monachi
1708 3137 1962 3212 vivebat,
1996 3147 2058 3200 et:

407 3224 603 3286 vivere
633 3231 936 3286 statuerat.
971 3226 1119 3286 Cum
1143 3227 1274 3306 ejus
1295 3235 1493 3290 autem
1528 3229 1910 3308 praecepisset
1944 3243 2050 3306 pa-

2153 745 2246 786 σας
2295 725 2323 779 ὸ
2355 726 2450 790 τῆς
2483 724 2624 800 ἱερᾶς
2671 721 2968 800 ἡγούμενος
3032 718 3289 798 μάνδρας,
3341 721 3434 776 οὒκ
3467 718 3626 799 ἔσχεν
3658 722 3803 793 αὐτῷ

2151 813 2248 879 τὴν
2308 813 2479 891 ὁρμὴν
2525 809 2810 890 ἀμϐλῦναι,
2846 807 3172 873 συμϐούλους
3204 805 3462 883 λαμϐάνει
3493 809 3614 873 τοὺς
3644 807 3795 863 ἀδελο

2151 902 2304 982 φοὺς,
2365 903 2408 957 εἷ
2467 899 2580 956 δέον
2623 901 2778 959 αὐτὸν
2833 903 2890 954 ἓν
2948 905 3016 974 τῇ
3073 896 3191 954 κατ’
3240 898 3430 962 αὖτοὺς
3465 895 3800 978 εἰσδεχθῆναι

2151 996 2313 1067 μονῇ.
2362 997 2477 1048 Τῶν
2523 988 2576 1045 δὲ
2641 989 2740 1056 τὴν
2773 988 2982 1054 πολλὴν
3013 987 3256 1044 ἔνστασιν
3285 995 3376 1044 τοῦ
3407 985 3592 1049 παιδὸς
3622 988 3708 1042 καὶ
3739 987 3802 1044 τὸ

2148 1086 2246 1147 τῆς
2308 1081 2594 1158 προθυμίας
2655 1080 2900 1135 σύντονον
2960 1076 3332 1154 ἐκπλαγέντων
3386 1078 3474 1133 καὶ
3525 1081 3670 1133 θεῖον
3701 1075 3798 1131 εἶ-

2149 1193 2232 1226 ναι
2292 1171 2353 1226 τὸ
2395 1179 2574 1228 κινοῦν
2621 1179 2775 1228 τοῦτο
2833 1166 3232 1246 ὺπειληφότων,
3279 1168 3366 1222 καὶ
3408 1167 3538 1244 πρὸς
3569 1166 3664 1234 τὴν
3695 1188 3800 1222 πα-

2147 1257 2386 1339 ραδοχὴν
2436 1258 2678 1334 ἀσμένως
2739 1257 3134 1332 καταθεμένων,
3207 1257 3405 1335 γίνεται
3463 1255 3653 1313 λοιπὸν
3709 1257 3799 1311 καὶ

2153 1348 2352 1416 Δανιὴλ
2387 1346 2502 1422 μετ’
2533 1350 2705 1405 αὐτῶν
2742 1367 2756 1382 ·
2788 1346 2918 1422 ὑπὲρ
2950 1346 3136 1410 acuto);
3169 1343 3223 1401 δὲ
3277 1343 3481 1420 pano»
3534 1351 3609 1418 τῷ
3658 1345 3796 1400 κατὰ

2151 1441 2282 1496 Θεὸν
2335 1438 2433 1514 βίῳ
2475 1439 2562 1494 καὶ
2619 1443 2687 1514 τῇ
2737 1438 2870 1515 πρὸς
2922 1437 3114 1515 ἀρετὴν
3157 1437 3470 1512 θερμότητι,
3525 1435 3733 1514 Βραχὺς
3767 1436 3796 1490 ὁ

2148 1531 2204 1584 ἒν
2235 1527 2385 1603 μέσῳ
2415 1529 2632 1607 χρόνος,
2666 1528 2754 1583 καὶ
2786 1539 2903 1589 τοῖς
2935 1531 3142 1602 γονεῦσι
3199 1524 3433 1602 γνωσθὲν
3482 1523 3542 1580 οὗ
3582 1525 3639 1580 τέ
3683 1523 3795 1578 ἐστι

2149 1620 2235 1675 καὶ
2267 1614 2392 1696 παρ’
2425 1620 2536 1694 οἷς,
2570 1619 2616 1672 οἱ
2662 1615 2758 1691 μὲν
2807 1617 2896 1672 σὺν
2947 1617 3181 1690 θαύμασι
3228 1615 3608 1693 παραγίνονται
3666 1615 3797 1691 πρὸς

2147 1707 2330 1766 αὐτόν.
2406 1707 2507 1765 Τὸν
2565 1703 2734 1762 παῖδα
2789 1704 2843 1762 δὲ
2898 1706 3218 1780 θεασάμενοι
3293 1703 3480 1760 ἑαυτὸν
3542 1703 3800 1759 ἀναθέντα

2150 1799 2234 1853 καὶ
2291 1795 2688 1874 καθιερώσαντα
2745 1802 2822 1870 τῷ
2883 1801 3022 1868 Θεῷ,
3089 1792 3237 1851 οὐδὲν
3297 1792 3624 1869 ἀνθρώπινον
3695 1813 3801 1848 πε·-

2147 1887 2420 1959 πόιθασιν,
2470 1883 2614 1942 οὒδέν
2645 1885 2901 1964 πατρικόν
2935 1904 2946 1918 ·
2984 1883 3092 1940 οὔδ’
3149 1883 3420 1959 ᾐτήσαντο
3465 1883 3557 1938 τὸν
3605 1881 3801 1962 φίλτα-

2147 1997 2237 2032 τον
2269 1979 2411 2038 αὖθις
2469 1973 2757 2032 ἀναλαϐετν
2798 1975 2888 2031 καὶ
2934 1975 3064 2052 πρὸς
3109 1975 3175 2029 τὰ
3218 1970 3363 2030 οἴκοι
3417 1985 3650 2052 χωρεῖν,
3712 1973 3802 2028 καὶ

2147 2071 2310 2121 ταῦτα
2374 2066 2542 2139 μήπω
2615 2063 2962 2120 τελειωθέντα
3046 2067 3122 2136 τῷ
3179 2069 3464 2141 μοναχικῷ
3521 2063 3795 2141 σχήματι,

2147 2153 2269 2211 ἀλλ’
2322 2153 2459 2232 ἔργῳ
2506 2152 2671 2219 δεῖξαι
2716 2151 3032 2230 βουλόμενοι
3079 2151 3302 2229 πατέρες
3358 2151 3504 2216 ὄντες
3565 2151 3793 2224 ἐιείνου,

2145 2246 2234 2301 καὶ
2277 2243 2515 2312 ἥσθησαν
2578 2242 2784 2319 μᾶλλον
2814 2249 2890 2316 τῷ
2940 2240 3232 2319 γενομένῳ,
3279 2241 3367 2297 καὶ
3429 2239 3627 2304 πολλὰς
3662 2237 3795 2306 δεή-

2147 2355 2257 2396 σεις
2303 2340 2380 2407 τῷ
2431 2339 2724 2410 προεστῶτι
2782 2337 2880 2399 τῆς
2925 2337 3103 2406 μονῆς
3165 2330 3434 2410 προσῆγον
3487 2352 3629 2407 παρα
3673 2344 3794 2394 τοῖς

2145 2425 2314 2480 αὐτῶν
2344 2422 2644 2497 ὀφθαλμοῖς
2676 2419 2986 2499 περιϐαλεῖν
3015 2427 3092 2495 τῷ
3122 2423 3216 2494 υἱῷ
3247 2421 3307 2476 τὸ
3365 2426 3472 2477 τῶν
3531 2425 3794 2499 μοναχῶν

2146 2509 2360 2587 ἔνδυμα.
2392 2513 2453 2571 '0
2507 2511 2561 2568 δὲ
2621 2513 2738 2589 περὶ
2781 2513 2964 2569 τούτου
3022 2509 3183 2567 πάλιν
3236 2509 3635 2588 κοινολογετται
3667 2509 3793 2574 τοῖς

2146 2615 2435 2682 μιιναχοῖς,
2492 2603 2583 2658 καὶ
2627 2601 2738 2659 ἐπεὶ
2825 2600 3096 2664 κάκείνους
3181 2601 3309 2680 εἶχε
3369 2599 3791 2675 συντιθεμένους,

2143 2690 2396 2754 κελεύσας
2452 2691 2689 2754 ἅπαντας
2753 2690 2806 2747 ἐν
2855 2695 2932 2764 τῷ
2980 2696 3222 2769 κυριακῷ
3280 2694 3638 2770 συναχθῆναι,
3695 2687 3794 2745 καΐ

2146 2782 2235 2837 τὸν
2293 2783 2430 2860 ἱερὸν
2459 2781 2657 2854 ἐπᾴσας
2689 2781 2888 2837 κανόνα
2914 2783 2993 2854 τῷ
3056 2778 3258 2847 Δανιὴλ
3321 2779 3481 2856 κείρει
3545 2800 3595 2835 τε
3653 2781 3797 2853 αὖτῷ

2142 2871 2234 2933 τὰς
2293 2873 2482 2950 τρίχας
2537 2873 2623 2927 καὶ
2684 2871 2746 2931 τὰ
2810 2876 2916 2926 τῶν
2975 2874 3236 2949 μοναχῶν
3292 2867 3460 2926 ἐνδόει
3521 2869 3614 2925 τὸν
3659 2869 3795 2926 κατὰ

2143 2963 2414 3041 μοναχοὺς
2445 2959 2549 3028 ἤδη
2582 2962 2670 3018 καὶ
2712 2961 2930 3037 βιοῦντα
2963 2961 3051 3016 καὶ
3088 2965 3183 3036 ζῇν
3243 2957 3522 3034 ἑλόμενον.
3584 2955 3791 3016 Ἐντει-

2141 3047 2368 3125 λάμενος
2401 3049 2456 3106 δὲ
2483 3063 2596 3116 τοῖς
2627 3052 2786 3107 αὐτοῦ
2840 3049 3067 3128 πατράσι
3125 3055 3224 3116 τῆς
3284 3049 3450 3123 μονῆς
3519 3047 3792 3124 προεστὼς

2139 3139 2217 3214 μὴ
2244 3139 2444 3203 πυκνὰς
2475 3143 2744 3202 ποιεῖσθαι
2777 3141 2908 3217 πρὸς
2935 3139 3028 3196 τὸν
3061 3137 3230 3195 παῖδα
3264 3139 3358 3200 τὰς
3391 3136 3790 3216 προσελεύσεις,

2136 3229 2426 3307 χαίροντας
2470 3227 2758 3302 ἐκπέμπει.

404 3315 698 3389 rentibus,
734 3332 809 3375 ne
837 3314 907 3375 ad
943 3313 1128 3376 tilium
1177 3315 1525 3396 frequenter
1554 3317 1933 3396 accederent;
1970 3315 2135 3378 latos
2191 3315 2429 3393 emittit,
2466 3317 2624 3397 quod
2653 3313 2895 3397 quidem
2929 3322 3018 3376 est
3048 3313 3216 3376 valde
3249 3331 3489 3395 novum,
3513 3320 3792 3394 parentes

406 3406 665 3488 privatos
696 3405 840 3465 ﬁlio.

486 3495 584 3556 Vl.
619 3491 757 3554 Erat
788 3511 925 3573 ergo
956 3493 1082 3556 illic
1114 3494 1324 3558 beatus
1352 3496 1558 3559 Daniel
1612 3497 1957 3578 proﬁciens,
1987 3503 2044 3558 et

2207 3497 2312 3572 ς·’.
2373 3484 2472 3556 Ἠν
2534 3506 2622 3557 οὖν
2682 3500 2708 3553 ὁ
2783 3497 3046 3576 μακάριος
3087 3499 3207 3553 εκεῖ
3268 3494 3470 3563 Δανιὴλ
3509 3495 3779 3572 πνεύματι

403 3583 779 3646 invalescens
816 3583 1057 3665 spiritu,
1086 3595 1143 3646 et
1181 3586 1236 3647 ei
1269 3587 1565 3648 crescenti
1597 3586 1776 3647 simul
1808 3605 2050 3668 quoque

405 3671 751 3736 crescebant
783 3673 983 3735 omnia
1011 3673 1242 3737 semina
1274 3676 1534 3751 virtutis,
1571 3683 1629 3739 et
1659 3675 1775 3739 alia
1807 3695 2049 3758 quoque

402 3765 559 3825 haud
590 3764 668 3823 ita
700 3762 884 3825 multo
919 3773 1050 3845 post
1071 3774 1475 3828 accesserunt.
1513 3765 1683 3839 Quod
1715 3775 1913 3829 autem
1940 3785 2052 3829 ex-

404 3852 773 3914 cellentioris
803 3853 858 3914 ei
892 3853 1002 3913 fuit
1031 3853 1163 3915 vitae
1215 3853 1599 3934 principium,
1638 3862 1697 3917 et
1725 3855 1888 3918 radix
1923 3857 2051 3918 fru-

405 3941 737 4022 ctuum,qui
763 3950 966 4022 postea
991 3945 1538 4024 provenerunt,hoc
1558 3944 1682 4026 jam
1710 3964 1840 4008 sum
1865 3946 2054 4009 dictu-

402 4033 653 4094 rus.Cor
674 4031 802 4110 ejus
833 4033 1108 4094 accendit
1137 4052 1311 4096 amor
1340 4034 1601 4112 divinus,
1639 4043 1698 4099 et
1743 4036 1806 4097 in
1840 4054 1912 4099 eo
1945 4055 2051 4098 ve-

402 4120 652 4182 hemens
705 4122 920 4182 excitat
976 4123 1346 4185 desiderium
1401 4125 1648 4190 videndi
1704 4128 1830 4188 loca
1861 4126 1961 4188 illa
1992 4128 2050 4187 in

2132 3588 2448 3665 προκόπτων
2503 3589 2591 3644 καὶ
2646 3587 3088 3666 κραταιούμενος,
3135 3585 3204 3644 "0
3275 3583 3330 3641 δὲ
3388 3584 3483 3652 τῆς
3541 3586 3780 3661 μείζονος

2133 3680 2278 3750 αὒτῷ
2321 3677 2600 3743 πολιτείας
2643 3677 2921 3756 ἀρχὴκαὶ
2983 3682 3088 3732 τῶν
3152 3677 3290 3751 μετὰ
3343 3697 3508 3733 ταυτα
3567 3682 3784 3754 καρπῶν

2132 3767 2168 3834 ἡ
2226 3767 2362 3841 ῥίζα,
2422 3777 2577 3828 τοῦτο
2639 3765 2690 3822 δὲ
2751 3767 2834 3822 καὶ
2897 3765 3059 3831 λέξων
3096 3765 3357 3844 ἄρχομαι.
3405 3764 3583 3844 ’Ἔρως
3629 3767 3790 3824 αὐτοῦ

2133 3859 2278 3918 θεῖος
2340 3857 2438 3924 τήν
2477 3854 2691 3936 καρδίαν
2736 3853 3111 3934 διαθερμαίνει,
3157 3856 3244 3911 καὶ
3297 3852 3520 3932 σφοδρὸν
3566 3853 3789 3912 ἆνσίπτει

2135 3947 2332 4026 πυρσὸν
2388 3944 2520 4004 ἰδεῖν
2576 3944 2774 4006 τόπους
2832 3943 3062 4008 ἐκείνους
3118 3943 3174 3998 ἐν
3219 3943 3309 4006 οἷς
3355 3946 3382 3998 ὁ
3443 3945 3666 4022 Χριστὸς
3723 3946 3788 4001 τὸ

2133 4037 2264 4107 ὑπὲρ
2320 4037 2475 4104 ἡμῶν
2547 4032 2822 4100 ἀνεδέξατο
2888 4034 3081 4107 πάθος,
3128 4033 3216 4088 καὶ
3261 4033 3322 4087 οὗ
3361 4031 3638 4107 τέθαπται,
3689 4034 3785 4089 καί

2136 4125 2251 4182 ὅθεν
2295 4124 2579 4190 ἐξαναστὰς
2626 4125 2757 4202 πρὸς
2815 4123 3063 4199 οὖρᾶνοὺς
3108 4120 3450 4192 ἀνελήλυθεν,
3503 4121 3673 4200 "Aput
3731 4121 3789 4179 δὲ

400 4211 615 4290 quibus
642 4210 914 4273 Christus
948 4231 1056 4291 pro
1093 4213 1266 4274 nobis
1319 4224 1408 4276 est
1468 4233 1700 4295 passus,
1739 4223 1797 4276 et
1827 4214 1930 4276 ubi
1964 4226 2054 4277 est

2144 4214 2230 4272 καὶ
2289 4215 2400 4270 θεία
2461 4235 2540 4279 τις
2597 4213 2845 4289 ἐπιθυμία
2892 4208 3135 4290 διέφλεγε
3190 4211 3290 4278 τὴν
3349 4213 3536 4292 ψυχὴν
3584 4215 3677 4270 τὸν
3730 4211 3788 4269 ἐν

397 4301 754 4379 sepultus,et
787 4299 1112 4377 unde,cum
1143 4301 1802 4376 surrexisset,ascendit
1833 4302 1892 4362 in
1927 4319 2051 4362 cce-

2144 4304 2358 4373 Ξισκήσει
2403 4305 2596 4381 μέγαν,
2651 4304 2740 4359 τὸν
2803 4302 2888 4358 ἐπὶ
2917 4311 3008 4359 τοῦ
3055 4301 3266 4376 στόλου,
3309 4304 3471 4382 φημὶ,
3503 4302 3788 4359 θεάσασθαι

396 4387 707 4452 los.Simul
730 4402 928 4452 autem
962 4390 1161 4451 divina
1185 4410 1426 4471 quoque
1449 4391 1723 4467 quaedam
1755 4388 2052 4468 cupiditas

2144 4393 2379 4466 Συμεών.
2417 4395 2511 4450 Καὶ
2546 4390 2599 4446 δὲ
2632 4398 2707 4464 τῷ
2737 4397 3038 4469 παρεστῶτι
3094 4390 3192 4458 τῆς
3250 4390 3417 4466 μονῆς
3476 4389 3788 4471 προσελθὼν

397 4478 529 4558 ejus
561 4478 970 4539 inﬂammabat
1002 4479 1296 4552 animum,
1352 4479 1598 4540 videndi
1643 4484 1838 4539 virum
1876 4477 2046 4540 illum

2144 4482 2368 4536 ικινοῦτό
2411 4502 2467 4536 τε
2530 4483 2590 4536 τὸ
2634 4478 2903 4560 βούλημα,
2969 4481 3056 4536 καὶ
3101 4481 3177 4556 μὴ
3220 4481 3520 4560 ἀποτυχεῖν
3573 4487 3672 4549 τῆς
3705 4484 3789 4538 αἱ·-

397 4585 676 4645 magnum
703 4567 760 4626 in
789 4568 1244 4642 exercitatione,
1269 4569 1647 4646 Simeonem,
1670 4567 2048 4648 inquam,qui

2144 4567 2337 4638 εῆσεως
2388 4567 2682 4638 ἠντιϐόλει.
2719 4561 2776 4628 Ὀ
2833 4568 2888 4626 δὲ
2945 4571 3066 4627 τότε
3120 4571 3219 4647 μὲν
3268 4571 3406 4627 ἑκὼν
3435 4570 3530 4628 οὒκ
3558 4569 3788 4650 ἐπέτρε-

397 4664 523 4715 erat
551 4655 611 4715 in
643 4654 964 4736 columna;
1001 4664 1057 4716 et
1086 4656 1385 4717 accedens
1410 4657 1482 4717 ad
1519 4655 1862 4735 praefectum
1914 4675 2045 4717 mo-

2144 4665 2199 4736 ιιε
2234 4679 2247 4693 ·
2309 4658 2425 4734 μετ’
2483 4662 2543 4716 οὗ
2602 4659 2738 4718 πολὺ
2796 4659 2852 4716 δὲ
2907 4661 2994 4718 καὶ
3023 4659 3166 4717 ἄκων
3211 4661 3428 4741 ἐφῆκεν.
3463 4652 3556 4724 ιίιὶς
3586 4661 3686 4740 γὰρ
3714 4662 3785 4730 ἦν

395 4744 664 4823 nasterii,
698 4743 756 4805 id
788 4746 946 4825 quod
980 4744 1302 4820 volebat,ei
1334 4746 1826 4820 communicavit,
1853 4753 1912 4806 et
1941 4764 2043 4808 ro-

2144 4752 2273 4823 ιῦτῴ
2305 4749 2600 4828 ἀναγκαῖον
2631 4749 2718 4807 ἐπὶ
2749 4751 2848 4817 τὴν
2894 4747 3178 4830 Ἀντιόχου
3236 4755 3423 4830 φοιτᾷν
3479 4748 3784 4817 ἐκκλησια-

391 4833 548 4911 gavit
575 4835 826 4923 nequod
865 4833 1257 4916 petebat,sibi
1306 4835 1732 4915 denegaretur.
1767 4834 1874 4896 Ille
1904 4854 2045 4898 vero

2144 4844 2325 4895 ττικῶν
2358 4837 2512 4894 ἕνεκα
2541 4838 2850 4920 φροντίδων,
2907 4839 3026 4896 τότε
3080 4839 3134 4896 δὲ
3187 4842 3275 4896 καὶ
3305 4842 3396 4897 τὸν
3436 4838 3634 4909 Δανιὴλ
3667 4835 3788 4914 μεθ’

392 4933 536 4984 tunc
558 4922 799 5002 quidem
825 4941 932 4985 sua
976 4933 1189 5004 sponte
1215 4943 1335 4986 non
1358 4925 1692 5001 concessit;
1719 4925 1890 5005 paulo
1917 4934 2045 5007 post

2144 4928 2318 4986 ἑαυτοῦ
2376 4929 2465 4984 καί
2521 4952 2668 4994 τινας
2729 4927 2922 4992 ἄλλους
2980 4935 3086 4985 τῶν
3127 4927 3369 5008 ἀδελφῶν
3435 4929 3790 5008 συμπαραλαο

390 5023 590 5072 autem
614 5011 705 5073 vel
729 5015 949 5074 invitus
981 5014 1396 5081 dimisit.Nam
1427 5033 1563 5077 cum
1595 5016 1652 5076 ei
1685 5033 1932 5078 necesse
1957 5034 2047 5078 es-

2144 5016 2262 5092 ῗὼν,
2319 5023 2418 5085 τῆς
2479 5020 2694 5097 πορείας
2756 5017 3007 5098 ἄρχεται.
3075 5018 3177 5074 Καὶ
3238 5018 3422 5087 ἐπειδὴ
3453 5019 3589 5076 κατὰ
3621 5018 3787 5090 τήνδε

387 5102 692 5163 setvenire
707 5103 1116 5180 Antiochiam,
1130 5113 1376 5184 propter
1393 5122 1567 5166 curas
1582 5105 2043 5183 ecclesiasticas,

2144 5108 2228 5175 τὴν
2279 5108 2471 5183 κώμην
2502 5107 2748 5186 ἒγένοντο
2777 5108 2813 5172 ἣ
2843 5106 2908 5175 δὴ
2943 5108 3032 5162 καὶ
3084 5105 3316 5163 Τελαδὰν
3348 5109 3687 5189 ὀνομάζεται,
3723 5110 3790 5166 οὗ

387 5203 532 5252 tunc
564 5211 699 5252 cum
730 5211 936 5255 secum
961 5200 1386 5274 assumpsisset
1419 5195 1827 5271 Danielem,et
1857 5215 2045 5274 quos-

2144 5199 2216 5255 ιαὶ
2250 5200 2277 5254 ὁ
2320 5199 2489 5275 μέγας
2541 5196 2594 5251 ἐν
2644 5197 2882 5262 ὁσιότητι
2947 5195 3168 5270 Συμεὼν
3203 5198 3323 5260 τοὺς
3370 5199 3604 5276 μακροὺς
3638 5197 3786 5254 ὲκεί-

383 5281 517 5340 dam
549 5281 696 5342 alios
726 5281 967 5359 fratres,
1021 5283 1233 5364 incipit
1289 5286 1402 5346 iter
1458 5284 1714 5363 ingredi.
1752 5284 1820 5346 Et
1880 5295 2048 5366 post-

2144 5309 2249 5350 μους
2313 5292 2412 5353 τῆς
2470 5285 2749 5355 ἀσκήσεως
2812 5284 3024 5362 ἀγῶνας
3072 5283 3303 5354 διήνυεν,
3349 5286 3497 5343 Ἐπεὶ
3552 5286 3606 5342 δὲ
3654 5290 3788 5368 πρὸς

384 5388 561 5449 quam
589 5371 850 5434 fuissent
881 5374 942 5433 in
977 5373 1076 5434 illo
1101 5373 1254 5456 vico,
1280 5375 1383 5455 qui
1417 5377 1767 5438 nominatur
1796 5374 2039 5454 Telada,

2144 5376 2274 5451 ιῦτῷ
2315 5374 2419 5443 ἢδη
2451 5383 2527 5450 τῷ
2557 5373 2736 5447 στόλῳ
2793 5373 3056 5456 γένοιντο,
3104 5375 3326 5432 togam:
3361 5397 3416 5433 τε
3449 5378 3509 5433 τὸ
3544 5384 3636 5434 του
3663 5379 3786 5435 κίο-

379 5458 482 5520 ubi
521 5479 768 5540 magnus
795 5462 896 5523 ille
932 5469 990 5524 in
1020 5464 1336 5526 sanctitate
1367 5465 1612 5529 Simeon
1634 5483 1885 5545 magnos
1909 5465 2043 5528 illos

2144 5489 2213 5530 νος
2271 5466 2404 5542 ὕψος
2459 5467 2545 5521 καὶ
2607 5466 2705 5531 τὴν
2737 5472 2830 5521 τού
2889 5465 3053 5524 τόπου
3085 5467 3422 5546 τραχύτητα,
3453 5468 3538 5523 καὶ
3572 5467 3718 5532 ὅπως
3755 5472 3784 5526 ὁ

378 5550 700 5630 peragebat
755 5551 996 5614 labores
1063 5553 1536 5631 exercitationis,
1572 5572 1705 5618 cum
1740 5554 1814 5616 ad
1847 5556 2040 5637 ipsam

2144 5554 2376 5634 γεννάδας
2412 5553 2622 5619 ἐκεῖνος
2656 5552 2805 5633 ἔφερε
2836 5555 2926 5611 καὶ
2957 5557 3154 5635 κρυμὸν
3214 5557 3490 5636 χειμῶνος
3543 5560 3631 5614 καὶ
3688 5559 3784 5616 θέτο

375 5657 470 5705 am
496 5641 805 5705 venissent
853 5641 1242 5728 columnam,
1279 5645 1806 5727 contemplabatur
1851 5651 1908 5708 et
1931 5664 2038 5709 co-

2144 5666 2245 5710 μους
2299 5643 2543 5725 φλογμὸν
2600 5645 2691 5703 καὶ
2747 5642 2975 5713 ἀπειλὴν
3051 5643 3262 5726 ὄμϐρων
3319 5648 3405 5705 καὶ
3461 5649 3781 5727 πνευμάτων
