4086 6430
312 380 427 453 977

1432 394 1619 461 VITA
1664 393 1724 459 S.
1775 391 2133 460 DANIELIS
2176 388 2554 459 STYLIT/E.

3565 392 3687 466 978

308 527 426 605 βίαν
483 527 574 585 καὶ
626 524 727 588 τὴν
783 525 953 596 ἄλλην
999 535 1174 589 πᾶσαν
1238 535 1329 586 τοῦ
1386 526 1635 605 σώματος
1704 528 1940 587 κακοπά-

2038 524 2679 609 lumnae'altitudinem,
2723 530 2779 589 et
2806 523 2923 590 loci
2952 525 3355 611 asperitatem,
3383 534 3442 596 et
3470 549 3687 613 quem-

306 621 481 695 θειαν,
540 619 616 681 ὡς
668 623 835 676 ταῦτα
888 616 1057 694 εἶδον,
1108 623 1155 676 οἱ
1185 619 1285 695 μὲν
1327 618 1477 678 ἄλλοι
1527 626 1632 676 τῶν
1662 617 1956 687 ἀνοητοτέ-

307 730 413 787 ρων
435 706 590 774 δόξης
612 707 782 783 ᾤοντο
812 710 1040 784 ματαίας
1094 711 1213 776 τοὺς
1261 707 1608 777 τηλικούτους
1663 711 1754 766 τὸν
1809 708 1955 766 ὅσιον

302 800 590 873 ὑπομένειν
618 798 853 877 ἀγῶνας.
919 801 980 857 Ὃ
1037 796 1090 855 δὲ
1128 799 1393 875 μακάριος
1454 798 1649 867 Δανιὴλ
1703 801 1765 857 οὗ
1794 798 1956 875 μόνον

304 886 658 959 ἐξεπλήττετο
713 888 800 944 καὶ
856 887 1170 964 ἐθαύμαζεν,
1232 888 1372 946 ἀλλᾶ
1429 890 1673 968 καὶπρὸς
1702 890 1801 957 τὴν
1858 887 1953 962 μί-

301 999 467 1054 μησιν
499 978 788 1057 ἠρεθίζετο,
822 979 919 1035 καὶ
980 980 1193 1056 κέντρον
1239 981 1438 1057 ἀγαθοῦ
1484 976 1649 1050 ζήλου
1698 983 1768 1055 τῇ
1798 981 1955 1056 ψυχῇ

298 1065 648 1147 παρεδέχετο.
707 1057 800 1126 Ὠς
830 1065 1011 1126 δὲκαὶ
1062 1068 1299 1124 κάτωθεν
1347 1066 1659 1144 βοησάντων
1708 1069 1736 1122 ὁ
1787 1064 1953 1143 μέγας

303 1157 505 1220 ἐκεῖνος
537 1158 814 1234 προκύψας
847 1156 1044 1214 ἄνωθεν
1101 1156 1267 1238 ἔφησε
1318 1160 1492 1215 θεῖναι
1543 1155 1802 1236 κλίμακα,
1854 1154 1950 1213 καί

306 1248 430 1326 πρὸς
480 1248 639 1306 αὔτον
697 1245 939 1302 ἀνελθεῖν
995 1246 1063 1315 ἧν
1120 1246 1242 1303 τότε
1301 1245 1479 1310 καλῶς
1551 1243 1685 1303 ἰδεῖν
1739 1241 1950 1318 ἀκριϐὲς

301 1338 407 1395 ter
434 1341 628 1417 ψυχῶν
658 1333 920 1410 δοκίμιον*
980 1337 1008 1392 ὁ
1071 1336 1169 1410 μὲν
1225 1337 1325 1413 γὰρ
1371 1334 1548 1393 ποδῶν
1577 1333 1868 1405 ἀσθένειαν,
1923 1334 1952 1390 ὅ

298 1425 352 1482 δὲ
411 1431 636 1505 νεφρῶν,
702 1428 730 1482 ὁ
789 1425 844 1481 δὲ
894 1426 1097 1505 γήρως,
1153 1427 1181 1481 ὁ
1211 1423 1266 1481 δὲ
1295 1423 1430 1482 ἄλλο
1473 1447 1525 1482 τι
1579 1424 1951 1499 αἰτιασάμενος

295 1530 598 1594 παρῃτεῖτο
625 1515 725 1583 τὴν
754 1514 963 1586 ἄνοδον,
1007 1517 1034 1571 ὁ
1071 1518 1272 1581 Δανιὴλ
1328 1512 1384 1571 δὲ
1439 1513 1653 1593 δραμὼν
1707 1515 1802 1569 καί
1862 1518 1953 1568 ruﬁ

293 1607 611 1681 καθηγητοῦ
638 1604 837 1672 δεηθεὶς
867 1607 957 1661 καὶ
985 1604 1110 1681 παρ’
1168 1608 1327 1663 αὗτοῦ
1381 1603 1732 1683 προτραπεὶς,
1786 1600 1954 1658 ἔνεισί

292 1716 351 1753 τε
414 1696 694 1771 προθύμως
749 1695 838 1751 καὶ
893 1696 986 1750 τὸν
1042 1693 1215 1771 μέγαν
1298 1694 1654 1760 άνατπάξεται
1730 1693 1950 1769 Συμεὼν

294 1787 389 1842 σὺν
423 1784 585 1853 ἦδονῆ
617 1786 710 1851 καί
743 1784 989 1859 θαύματι.

2038 615 2360 677 admodum
2385 619 2474 679 vir
2489 617 2591 679 ille
2607 634 2935 698 generosus
2951 626 3009 682 et
3033 620 3250 683 hiemis
3280 621 3514 686 ferebat
3531 625 3697 705 algo-

2038 722 2193 787 rem,
2212 716 2275 767 et
2302 707 2491 770 aetatis
2520 707 2806 782 calorem,
2838 716 2899 771 et
2928 709 3121 773 minas
3145 710 3452 792 imbrium,
3485 722 3546 775 et
3575 716 3688 777 vim

2038 803 2374 875 ventorum,
2411 803 2473 860 et
2499 814 2739 860 omnem
2771 796 2946 862 aliam
2981 800 3250 880 corporis
3284 803 3685 868 tolerantiam.

2038 884 2183 947 Cum
2211 883 2337 946 hac
2365 884 2643 948 viderunt
2669 885 2768 949 alii
2801 888 3044 967 quidem
3066 889 3533 972 insipientiores,
3570 901 3693 957 ext-

2035 973 2354 1035 stimabant
2381 981 2649 1038 sanctum
2697 994 2848 1038 vana
2892 978 3083 1057 gloria
3139 980 3488 1060 adductum,
3526 992 3689 1047 tanta

2033 1062 2334 1124 sustinere
2367 1063 2723 1127 certamina.
2751 1064 2971 1130 Beatus
2987 1075 3187 1130 autem
3211 1068 3415 1133 Daniel
3438 1090 3555 1134 non
3578 1092 3689 1135 so-

2035 1150 2154 1212 lum
2171 1152 2534 1232 eastupebat
2551 1161 2612 1215 et
2634 1153 3100 1234 mirabatur,sed
3127 1159 3306 1221 etiam
3332 1160 3688 1226 incitabatur

2034 1241 2129 1333 ad
2164 1240 2580 1333 imitationem,
2644 1251 2704 1306 et
2752 1243 2896 1308 boni
2943 1246 3054 1309 zeli
3099 1244 3404 1311 stimulum
3455 1253 3687 1333 accepit

2034 1329 2258 1420 animo.
2292 1328 2436 1392 Cum
2459 1348 2625 1413 vero,
2647 1333 2752 1396 ubi
2773 1333 3012 1398 inferne
3033 1336 3413 1417 clamassent,
3437 1328 3685 1420 magnus

2036 1419 2140 1481 ille
2170 1419 2433 1500 desuper
2470 1421 2870 1502 prospiciens,
2894 1425 3139 1488 dixisset
3179 1435 3457 1507 oportere
3475 1419 3688 1493 adimo-

2036 1526 2178 1599 vere
2209 1509 2424 1599 scalas,
2458 1517 2519 1570 et
2549 1509 2622 1573 ad
2653 1511 2846 1592 ipsum
2888 1516 3239 1591 ascendere,
3269 1524 3410 1580 tunc
3438 1520 3687 1599 pulchre

2033 1597 2204 1659 licuit
2223 1596 2426 1660 videre
2438 1599 2774 1665 animorum
2800 1603 3215 1682 probationem
3238 1596 3681 1688 :aliusquidem

2031 1694 2311 1749 causatus
2333 1688 2551 1768 pedum
2576 1689 3080 1767 imbecillitatem,
3101 1695 3256 1759 alius
3274 1698 3682 1777 renum,alius

2029 1784 2425 1852 senectutem,
2477 1778 2631 1842 alius
2655 1780 2879 1863 aliquid
2908 1782 3096 1864 aliud,
3124 1787 3441 1849 recusabat
3466 1805 3682 1851 ascen-

293 1874 466 1938 dere.
504 1872 713 1937 Daniel
745 1889 884 1935 νει-ο
913 1889 1045 1934 cum
1081 1872 1436 1947 cucurisset,
1471 1881 1530 1932 et
1560 1870 1907 1950 magistrum
1938 1872 2226 1946 rogasset,
2251 1876 2308 1928 et
2338 1866 2412 1955 ab
2443 1885 2516 1930 eo
2539 1869 2746 1948 jussus
2774 1880 2954 1953 esset,
2986 1872 3256 1937 acsendit
3285 1882 3559 1955 prompto
3617 1885 3678 1940 et

292 1963 474 2025 alacri
519 1962 744 2043 animo,
778 1970 836 2023 et
859 1979 1134 2042 magnum
1169 1962 1382 2023 salutat
1406 1960 1753 2024 Simeonem
1784 1977 1921 2022 cum
1952 1955 2172 2043 gaudio
2205 1964 2264 2016 et
2294 1954 2712 2025 admisatione.

371 2052 458 2116 Z’.
511 2042 737 2127 Ἀμέλει
783 2053 869 2109 καὶ
922 2053 1187 2130 εὖλογίας,
1235 2051 1416 2126 ὥσπερ
1466 2046 1592 2123 ἔδει,
1626 2049 1755 2129 παρ’
1792 2051 1940 2107 αὗτοῦ

2115 2042 2238 2106 VII.
2274 2045 2484 2127 Neque
2513 2063 2653 2110 vero
2705 2049 2813 2112 fuit
2841 2051 2941 2114 hic
2970 2051 3140 2115 labor
3170 2052 3396 2116 Danieli
3427 2055 3683 2128 inutilis,

289 2141 525 2209 ἀξιωθεὶς
581 2148 649 2219 τῇ
700 2147 800 2209 τῆς
858 2144 1044 2224 χειρὸς
1103 2142 1331 2199 ἐπιθέσει
1376 2144 1464 2199 καὶ
1508 2145 1607 2209 τὴν
1658 2148 1750 2198 τοῦ
1799 2138 1932 2201 μὲλ-

290 2230 477 2295 λοντος
534 2253 909 2310 κροαγορευσιν
964 2231 1206 2313 δέχεται.
1266 2230 1468 2289 "limus
1527 2233 1652 2311 γάρ’
1725 2229 1938 2309 Ἀνδρέα

287 2329 404 2400 ζου,
461 2322 669 2401 τέκνον,
729 2323 818 2379 καὶ
860 2324 1220 2400 κραταιούσθω
1266 2322 1302 2388 in
1347 2321 1529 2401 καρδία
1574 2343 1691 2381 σου.
1743 2319 1940 2382 Πὸνους

294 2412 397 2486 γὰρ
426 2409 646 2473 πολλούς
705 2433 762 2467 τε
819 2415 913 2467 καί
948 2411 1229 2493 χαλαποὺς
1257 2412 1539 2488 ὑπομένειν
1594 2409 1807 2493 μέλλεις
1835 2407 1941 2493 *διὰ

298 2493 540 2570 Χριστὸν,
593 2494 651 2557 ὃς
699 2496 799 2549 καὶ
850 2489 990 2569 πρὸς
1021 2495 1082 2549 τὸ
1127 2494 1383 2571 γενναίως
1436 2496 1611 2573 φέρειν
1660 2489 1940 2569 ἑπιῤῥώαει

292 2601 389 2636 σου
437 2580 536 2648 τὴν
592 2583 801 2661 ψυχήν.
866 2583 1114 2641 Κάτεισιν
1169 2583 1259 2639 οὖν
1315 2584 1344 2639 ὁ
1405 2579 1607 2650 Δανιὴλ
1654 2582 1791 2655 μετὰ
1843 2580 1941 2647 τὴν

283 2668 544 2748 γλυκεῖαν
598 2672 796 2738 ταύτην
852 2678 942 2729 τοῦ
1001 2669 1184 2736 ἀνδρὸς
1243 2670 1484 2746 ὁμιλίαν,
1539 2672 1631 2727 καὶ
1681 2672 1813 2747 πρὸς
1841 2680 1942 2736 την

2027 2144 2090 2197 et
2123 2135 2196 2195 ad
2230 2152 2366 2196 eum
2400 2138 2700 2213 ascensio,
2730 2140 2835 2202 sed
2871 2141 3124 2222 primum
3177 2143 3421 2224 quidem
3446 2143 3519 2206 ad
3549 2145 3677 2209 vir-

2026 2232 2208 2286 tutem
2245 2225 2537 2289 excitatur
2582 2235 2645 2291 et
2699 2229 3036 2306 instruitur,
3087 2239 3148 2294 et
3194 2231 3465 2296 redditur
3493 2233 3675 2296 vehe-

2027 2316 2292 2379 mentius
2323 2318 2457 2399 ejus
2485 2317 2881 2383 desiderium.
2934 2319 3166 2385 Deinde
3219 2330 3416 2385 autem
3476 2323 3551 2386 ab
3609 2342 3682 2386 eo

2024 2423 2287 2486 quoque,
2318 2416 2383 2469 ut
2412 2406 2750 2489 oportebat,
2787 2410 3178 2492 consequitur
3203 2411 3685 2477 benedictionem

2025 2513 2238 2557 manus
2270 2497 2677 2578 impositioue,
2712 2506 2771 2560 et
2796 2498 2983 2562 futuri
3031 2501 3295 2580 suscepit
3340 2502 3689 2581 praedictio-.

2024 2603 2162 2646 nem
2198 2605 2216 2659 ;
2250 2603 2387 2647 eum
2422 2587 2581 2648 enim
2640 2587 2866 2651 audivit
2921 2589 3221 2653 dicentem
3282 2590 3372 2654 vel
3423 2592 3680 2654 maxime

2025 2674 2426 2755 prophetice:
2464 2674 2605 2738 Esto
2658 2676 2855 2753 fortis,
2908 2679 3012 2754 ﬁli,
3051 2686 3111 2742 et
3156 2681 3546 2744 conﬁrmetur
3573 2699 3678 2744 cor

280 2762 426 2838 ἱερΞιν
459 2760 630 2835 μονὴν
660 2762 862 2828 ταύτην
892 2761 1184 2820 ἐπάνεισιν.
1248 2760 1406 2818 Ἐπεί
1455 2760 1508 2817 δξ
1557 2763 1650 2817 τὸν
1695 2761 1794 2826 τῆς
1828 2782 1937 2835 μο-

2024 2769 2210 2826 tuum.
2252 2764 2462 2827 Multos
2490 2765 2653 2827 enim
2687 2774 2748 2829 et
2798 2767 3070 2833 difﬁciles
3129 2768 3368 2833 labores
3431 2778 3673 2851 propter

281 2855 379 2917 νῆς
410 2857 722 2929 προεστῶτα
752 2849 930 2908 ἐκάλει
963 2854 1096 2929 πρὸς
1128 2852 1314 2907 ἑαυτὸν
1367 2852 1396 2907 ὁ
1444 2852 1598 2939 Θεὸς,
1648 2852 1676 2906 ί,
1723 2847 1779 2905 δὲ
1826 2872 1934 2939 κα-

2024 2853 2321 2915 Christum
2382 2872 2448 2916 es
2499 2863 2916 2939 suscepturus,
2979 2859 3080 2938 qui
3137 2867 3197 2922 et
3223 2847 3674 2923 sufliciens'erit

282 2940 374 3006 λός
404 2943 557 3003 οὗτος
596 2939 797 3008 Δανιὴλ
843 2940 1023 3005 καλῶς
1077 2941 1454 3015 ποιμαίνεσθαι
1502 2937 1768 3019 διδαχθεὶς
1817 2937 1934 3016 ἄρτι

2024 2941 2125 3005 tibi
2155 2943 2511 3017 consolatio,
2560 2951 2619 3005 et
2662 2944 2733 3006 ad
2784 2937 3163 3010 eos'fortiter
3192 2948 3473 3011 ferendos
3500 2957 3665 3011 tuum

278 3033 368 3087 καὶ
397 3029 576 3095 καλῶς
608 3030 904 3104 ποιμαίνειν
963 3030 1265 3103 ἐπενοεῖτο,
1319 3032 1407 3086 καὶ
1466 3029 1554 3106 βίᾳ
1595 3030 1728 3106 πρὸς
1777 3035 1935 3085 τυῦτο

2024 3031 2324 3094 roborabit
2369 3032 2658 3097 animum.
2717 3033 3037 3099 Descendit
3091 3054 3232 3114 ergo
3294 3037 3503 3101 Daniel
3537 3045 3670 3118 post

278 3121 426 3197 παρὰ
451 3126 558 3176 τῶν
592 3126 968 3199 συμφοιτητῶν
1001 3119 1236 3176 εἵλκετο·
1273 3119 1434 3184 αὐτὸς
1462 3121 1562 3185 τῆς
1591 3117 1746 3197 φίλης
1802 3118 1934 3185 ἠσυ-

2024 3122 2172 3183 hanc
2203 3139 2445 3184 suavem
2479 3140 2612 3184 cum
2639 3140 2710 3185 eo
2732 3125 3241 3207 congressionem,
3275 3133 3334 3188 et
3362 3144 3569 3188 rursus
3593 3126 3665 3188 ad

280 3212 409 3289 χίας
438 3210 923 3289 μεταποιούμενος,
957 3223 1075 3273 τοῖς
1125 3210 1224 3283 μὲν
1271 3209 1488 3265 ἐκείνων
1539 3207 1720 3285 λόγοις
1771 3207 1932 3266 οὖδα-

2024 3229 2252 3273 sacrum
2288 3211 2444 3274 redit
2474 3214 2925 3276 monasterium.
2961 3213 3278 3296 Postquam
3307 3225 3505 3278 autem
3542 3235 3668 3279 mo-

280 3305 394 3372 μῶς
456 3299 626 3355 εἴκειν
684 3298 841 3377 ἔγνω,
901 3298 1017 3356 ἀλλ’
1067 3298 1246 3375 ἕτερον
1295 3300 1478 3364 αυτοῖς
1511 3300 1787 3377 εἰσηγεῖτο
1839 3300 1932 3355 τὸν

2024 3302 2265 3362 nasterii
2300 3300 2644 3381 prmfectum
2691 3303 2765 3365 ad
2797 3322 2864 3365 se
2892 3305 3121 3366 vocavit
3148 3306 3307 3367 Deus
3340 3325 3355 3382 ;
3392 3307 3664 3386 egregius

277 3387 568 3453 λυσιτελῶς
638 3390 1097 3466 προσκτησάμενον·
1175 3389 1348 3456 ἑαυτῷ
1420 3387 1476 3444 δὲ
1548 3389 1611 3445 τὰ
1682 3386 1932 3465 βέλτιστα

2024 3408 2154 3453 vero
2177 3391 2272 3454 hic
2297 3391 2524 3466 Daniel,
2547 3393 2647 3471 qui
2684 3393 2844 3488 pasci
2878 3394 3127 3474 pulchre
3158 3395 3660 3468 didicerat,modo

276 3475 650 3554 συμϐουλεύων
705 3480 794 3552 ἧν,
853 3478 1008 3557 Ἰδοὺ,
1068 3479 1262 3556 λέγων,
1331 3477 1601 3557 ἐλεύθερος
1676 3476 1925 3556 γέγονας,

2024 3490 2177 3544 recte
2209 3499 2383 3562 posse
2401 3498 2643 3562 pascere
2675 3482 3009 3562 putabatur,
3036 3494 3091 3547 et
3122 3485 3175 3545 vi
3213 3486 3285 3547 ad
3318 3486 3431 3547 hoc
3458 3486 3659 3547 trahe-

280 3567 506 3642 Δανιὴλ,
568 3567 775 3632 οὒδενὺς
833 3569 1098 3646 κάτοχος.
1150 3566 1280 3626 Ἰδοὺ
1312 3569 1498 3641 καιρὸς
1546 3570 1607 3624 οὗ
1654 3567 1928 3643 πρόπαλαι

274 3656 432 3735 ἤρας⁹
483 3657 616 3737 ἔχου
671 3658 844 3716 τοίνυν
896 3659 985 3715 καὶ
1035 3666 1241 3715 σκοποῦ
1280 3659 1369 3714 καὶ
1410 3655 1556 3730 ὁδοῦ,
1604 3658 1692 3713 καὶ
1720 3658 1749 3713 ὃ
1791 3678 1928 3734 προσ·

276 3746 394 3804 ἐθου
448 3749 535 3804 καὶ
597 3748 670 3812 εἷς
724 3747 887 3825 πέρας
940 3748 1166 3825 ἀγαγεῖν
1198 3746 1503 3826 ἐπείχθητι,
1539 3746 1716 3803 Πάντα
1757 3745 1927 3802 τοίνυν

273 3838 412 3894 οὔτω
443 3836 773 3915 καταλιπὼν,
806 3841 896 3895 καὶ
931 3834 1117 3911 μηδενὶ
1177 3838 1237 3892 τὸ
1287 3838 1390 3902 τῆς
1439 3840 1625 3915 ψυχῆς
1683 3833 1923 3912 απόῤῥη-

272 3948 365 3983 τον
393 3925 638 4002 ἐξειπὼν,
672 3926 843 3984 λαθὼν
873 3927 1031 3993 ἔξεισι
1063 3932 1162 3994 τῆς
1209 3931 1402 4001 μονῆς,
1436 3928 1524 3983 καὶ
1568 3921 1926 3999 καταλαμϐά-

270 4037 348 4073 νει
407 4015 641 4094 μάνδραν
694 4017 901 4084 ἐκείνην
1051 4017 1141 4073 καὶ
1190 4018 1219 4073 ὁ
1268 4015 1361 4072 τοῦ
1409 4015 1669 4090 μακαρίου
1701 4014 1924 4088 Συμεὼν

268 4104 502 4182 ἥδρασῖο
556 4105 766 4170 στῦλος
825 4107 894 4172 ἦν
951 4127 1051 4183 γαρ
1117 4126 1167 4162 τι
1226 4105 1374 4161 κάτω
1428 4103 1554 4181 περί
1610 4104 1764 4160 arfith
1834 4103 1922 4159 καὶ

267 4192 533 4252 κοινόϐιον
592 4195 713 4251 ἔντα
772 4196 858 4251 καὶ
916 4195 1171 4274 τέσσαρας
1215 4194 1343 4255 ὅλας
1402 4191 1605 4270 ἡμέρας
1658 4193 1744 4247 ἒπὶ
1802 4204 1922 4257 ταῖς

267 4282 394 4341 δέκα
451 4283 814 4360 διενεγκόντα,
873 4286 1081 4354 Στμεὸν
1142 4284 1226 4340 καὶ
1277 4282 1353 4339 ἔτι
1407 4282 1534 4358 παρ’
1564 4281 1709 4353 αὖτῷ
1739 4281 1920 4354 μένειν

265 4376 361 4430 τὸν
424 4374 625 4441 Δανιὴλ
684 4373 893 4441 ἤθελεν,
955 4373 1105 4431 Ἐπεὶ
1163 4371 1218 4430 δὲ
1272 4370 1422 4452 φίλον
1479 4377 1556 4446 τῷ
1614 4370 1783 4446 ὁμοίῳ
1860 4372 1921 4427 τὸ

2011 3568 2185 3632 batur
2212 3590 2247 3632 a
2278 3571 2401 3631 suis
2431 3570 2859 3651 condiscipulis
2892 3590 2908 3646 ;
2957 3574 3087 3653 ipse
3114 3575 3212 3656 qui
3254 3582 3480 3654 gratam
3513 3593 3662 3636 con-

2011 3659 2351 3722 sectabatur
2374 3659 2620 3741 quidem
2651 3670 2714 3722 et
2742 3661 3070 3738 silentium,
3120 3676 3181 3725 et
3230 3665 3344 3727 hoc
3374 3663 3660 3739 ambibat,

2013 3758 2078 3811 ut
2103 3759 2261 3812 esset
2288 3758 2554 3812 remotus
2583 3751 2656 3810 ab
2681 3750 2962 3814 omnibus
3020 3753 3298 3834 negotiis,
3351 3763 3411 3813 at
3441 3752 3665 3830 sciens,

2008 3845 2297 3919 quantum
2332 3856 2403 3899 ea
2450 3837 2638 3919 possit
2670 3838 2949 3901 conferre
2979 3840 3052 3901 ad
3085 3842 3388 3915 virtutem,
3424 3841 3671 3904 minime

2007 3927 2213 3989 statuit
2268 3927 2510 4001 cedere,
2574 3928 2678 3989 sed
2733 3928 2914 3989 alium
2969 3929 3218 4002 addixit,
3255 3930 3359 4010 qui
3393 3937 3559 3991 esset
3583 3934 3670 3992 eis

2007 4016 2234 4077 utiliter
2261 4015 2630 4095 praefuturus
2657 4063 2673 4090 ,
2707 4016 2818 4077 sibi
2841 4024 3041 4079 autem
3076 4019 3299 4098 optimc
3329 4017 3664 4080 consuluit:

2006 4104 2184 4178 Ecce,
2222 4105 2453 4184 dicens,
2491 4102 2648 4165 liber
2677 4104 2868 4167 factus
2896 4123 2984 4179 es,
3018 4105 3249 4167 Daniel.
3297 4105 3520 4168 nemini
3552 4105 3667 4170 ob-

2009 4193 2412 4255 noxius.Ecce
2436 4193 2866 4275 tempus,quod
2890 4200 3029 4256 ante
3058 4195 3438 4258 desiderasti.
3473 4194 3666 4256 Tuum

2008 4302 2150 4362 ergo
2180 4300 2544 4363 persequere
2596 4300 2869 4362 scopum,
2927 4294 2984 4344 et
3040 4283 3154 4346 vim
3209 4284 3574 4364 institutum,
3608 4294 3668 4345 et

2005 4375 2165 4451 quod
2198 4371 2588 4453 proposuisti,
2625 4390 2805 4452 perge
2864 4373 3132 4454 exsequi.
3170 4374 3316 4436 Cum
3376 4374 3464 4434 sic
3524 4391 3668 4450 ergo

267 4461 475 4538 ὅμοιον,
529 4463 734 4526 ἐκεῖνος
779 4462 834 4519 δὲ
900 4463 995 4520 οὒκ
1046 4463 1302 4541 ἠνείχετο
1355 4461 1517 4539 ἑτέρῳ
1564 4461 1707 4535 πόθῳ
1761 4459 1927 4517 κατά-

2024 4463 2213 4526 πηηίει
2233 4461 2603 4543 reliquisset,
2629 4469 2688 4522 et
2711 4462 2861 4525 nulli
2888 4463 3073 4524 animi
3105 4463 3194 4524 sui
3217 4481 3496 4526 arcanum
3519 4481 3669 4543 ape-

266 4574 468 4632 σχετος
522 4552 620 4622 ὢν,
674 4556 781 4609 τῶν
831 4554 931 4630 γὰρ
980 4555 1132 4622 ἱερῶν
1165 4551 1420 4632 ἐγλίχετο
1463 4551 1670 4625 τόπων,
1705 4552 1795 4608 καὶ
1826 4553 1926 4608 τὴν

2024 4557 2250 4627 ruisset,
2284 4552 2593 4631 egreditur
2650 4550 2802 4613 clam
2836 4570 2869 4613 e
2902 4552 3284 4620 monasterio.
3318 4561 3376 4614 et
3406 4551 3566 4614 venit
3591 4552 3665 4614 ad

264 4641 541 4719 ἐνδοτέραν
592 4641 791 4719 ἔρημον
847 4640 1116 4711 ἐπεξήτει·
1159 4640 1295 4697 ἀλλὰ
1348 4644 1447 4707 τὴν
1492 4642 1623 4706 πρὸς
1667 4642 1763 4709 τὴν
1809 4646 1926 4696 Πα-

2024 4643 2320 4706 manrlram
2354 4643 2540 4715 illam,
2580 4639 2639 4701 in
2672 4659 2788 4722 qua
2839 4647 2965 4702 erat
3009 4641 3123 4704 sita
3179 4641 3461 4704 columna
3512 4640 3667 4704 beati

262 4732 543 4799 λαιστίνην
600 4732 805 4789 rixo-iuni
852 4730 1110 4812 χαλεπὴν
1160 4731 1307 4787 εἶναι
1356 4732 1447 4787 καὶ
1479 4728 1800 4806 ἀδιόδευτον,
1833 4729 1924 4785 ἅτε

2024 4731 2337 4794 Simeonis.
2393 4731 2552 4794 Infra
2610 4720 2772 4791 enim
2827 4732 2985 4793 circa
3033 4750 3163 4793 eam
3220 4740 3345 4793 erat
3369 4731 3666 4812 quoddam

263 4829 614 4897 Σαμαρειτῶν
697 4821 935 4895 πολέμου
1017 4820 1165 4895 νόμῳ
1247 4827 1586 4895 Χριστιανοῖς
1670 4819 1924 4893 ἐπιθεμέ-

2024 4821 2488 4894 monasterium;
2544 4819 2602 4880 in
2657 4838 2776 4899 quo
2826 4837 2961 4883 cum
3011 4828 3162 4881 totos
3216 4819 3665 4901 quatuordecim

262 4933 392 4967 νων·
456 4911 611 4977 αὒτὸς
669 4912 767 4979 τῆς
826 4911 1114 4973 «sollertia;
1157 4910 1355 4974 trime
1399 4909 1610 4986 ὑφεῖναι
1657 4907 1734 4982 μὴ
1794 4906 1921 4962 ἀνε-

2024 4910 2137 4971 lies
2172 4909 2583 4988 transegisset,
2605 4907 2840 4970 volebat
2858 4907 3101 4971 Simeon
3135 4909 3439 4970 Danielem
3474 4907 3666 4970 adhuc

256 5002 519 5083 χόμενος,
583 5005 771 5063 ἑαυτὸν
825 5001 1118 5080 ὲπιῤῥώαας
1178 5002 1263 5057 καὶ
1320 5008 1505 5062 πείσας
1559 5000 1785 5057 θανάτου
1815 5020 1920 5056 κα·-

2024 4999 2162 5077 ιρυό
2197 5017 2262 5061 se
2298 5016 2542 5061 manere
2573 4995 2803 5077 (simile
2834 4998 2994 5059 enim
3047 4998 3226 5060 simili
3281 4996 3660 5078 delectatur),

252 5107 541 5173 ταφρονεῖν
572 5097 836 5170 προθυμος
859 5093 927 5160 ἧν
958 5091 1144 5148 ἀνῦσαι
1175 5092 1236 5147 τὸ
1268 5088 1721 5163 σπουδαζόμενον.

2031 5073 2110 5149 lle
2136 5097 2333 5150 autem
2360 5106 2479 5149 non
2508 5073 2813 5171 sustinuit,
2848 5105 2985 5148 cum
3018 5087 3132 5147 alio
3165 5095 3472 5150 teneretur
3496 5073 3663 5147 desi-

255 5181 454 5243 derio.
515 5181 908 5243 Desiderabat
939 5179 1098 5241 enim
1154 5178 1360 5241 videre
1411 5195 1580 5241 sacra
1637 5178 1794 5252 loca,
1829 5186 1888 5241 et
1949 5178 2300 5240 interiorem
2361 5173 2665 5257 quaerebat
2705 5175 3129 5237 solitudinem:
3185 5175 3289 5237 sed
3323 5176 3497 5249 viam,
3536 5193 3668 5256 quas

255 5273 450 5349 vergit
501 5273 574 5332 ad
608 5270 1008 5343 Palaestinam,
1040 5268 1294 5331 audiens
1323 5286 1461 5331 esse
1491 5266 1826 5346 difﬁcilem,
1857 5275 1916 5330 et
1948 5286 2136 5349 prope
2194 5267 2438 5339 inviam,
2475 5272 2675 5345 utpote
2707 5266 2864 5341 quod
2898 5264 3257 5329 Samaritani
3306 5265 3461 5327 bello
3490 5263 3651 5327 inva.

254 5361 474 5423 derent
527 5360 921 5434 Christianos,
957 5359 1086 5439 ipse
1131 5377 1249 5420 non
1280 5350 1482 5420 ferens
1533 5357 1609 5419 de
1639 5357 1754 5421 hoc
1793 5375 1902 5420 suo
1963 5366 2237 5440 prompto
2270 5365 2328 5419 et
2369 5355 2552 5419 alacri
2583 5354 2771 5417 animi
2828 5355 3025 5417 studio
3055 5354 3275 5434 aliquid
3327 5356 3657 5427 remittere,

255 5470 395 5513 cum
444 5469 511 5513 se
538 5451 951 5513 conﬁrmasset
991 5457 1051 5511 et
1079 5447 1192 5509 sibi
1226 5456 1476 5511 mortem
1512 5454 1909 5511 contemnere
1956 5447 2375 5528 persuasisset,
2410 5453 2647 5526 paratus
2678 5454 2805 5507 erat
2853 5444 3096 5526 exsequi
3126 5443 3210 5527 id,
3244 5446 3413 5525 cujus
3458 5442 3652 5506 studio

256 5540 600 5605 tenebatur.
3394 5602 3399 5603 γ

340 5631 429 5689 [ι’.
469 5633 567 5689 Καὶ
623 5629 807 5697 ἐπειδὴ
864 5633 963 5698 τῆς
1016 5627 1321 5704 ἀποδημίας
1368 5627 1544 5703 ἥψατο
1589 5634 1815 5699 συναντᾷ
1842 5649 1925 5690 τις

2095 5624 2243 5690 Vlll.
2298 5628 2442 5689 Cum
2496 5643 2635 5687 vero
2664 5627 2779 5687 iter
2830 5631 2988 5687 esset
3017 5624 3343 5703 ingressus,
3373 5629 3431 5682 et
3461 5619 3521 5682 in
3551 5621 3644 5683 via

251 5725 403 5796 αὗτῷ
462 5722 602 5779 κατὰ
656 5720 752 5790 τήν
813 5718 930 5776 ὅδὸν
989 5719 1148 5799 ἀνὴρ,
1197 5722 1343 5796 ᾧπερ
1392 5716 1575 5788 ἡλικία
1607 5716 1921 5801 πρεσϐύτου,

2024 5716 2270 5780 Jccurrit
2299 5714 2387 5777 vir
2410 5714 2676 5799 quidam,
2695 5713 2791 5777 cui
2820 5720 2948 5779 erat
2977 5720 3116 5781 aetas
3142 5710 3324 5785 senis,
3360 5709 3640 5773 monachi
