4086 6396
308 365 418 432 981

1441 367 1627 433 VITA
1669 368 1731 430 S.
1778 363 2142 431 DANIELIS
2183 367 2557 432 STYLITE.

3559 362 3676 432 982

307 506 406 572 τὴν
462 502 692 561 κελεύων
723 505 878 563 αὐτὸν
937 505 1024 562 καὶ
1054 502 1304 581 βασιλίδα
1345 502 1670 562 καταλαϐεῖν
1703 509 1806 583 τῷν
1854 503 1959 561 πό-

2049 501 2424 582 Simeon,qui
2443 499 2693 580 jubebat
2713 517 2850 562 eum
2881 494 3428 582 frequentissimam
3453 506 3510 562 et
3533 501 3696 563 civi-

307 593 465 665 λεων,
500 593 593 650 ’ίνα
625 595 709 651 καὶ
741 593 967 660 πολλοῖς
997 592 1115 657 ὁδὸς
1161 595 1308 658 οὗτος
1340 595 1472 673 πρὸς
1503 596 1764 672 σωτηρίαν
1794 594 1963 672 γένη-

309 705 414 745 ται.
482 682 647 750 Δόξαν
696 693 784 743 οὖν
841 684 978 742 οὕτώ
1007 705 1182 740 ποιειν
1233 682 1420 758 μηδενὶ
1476 682 1644 758 μηδὲν
1674 687 1702 740 ὁ
1763 681 1963 751 Δανιὴλ

299 773 554 849 εἰρηκώς·
615 773 730 830 ἐπεὶ
781 771 836 828 δὲ
894 775 989 837 τὰς
1044 774 1344 851 νυκτερινὰς
1395 772 1522 848 ᾖσεν
1577 771 1715 848 ᾠδὰς
1764 794 1959 829 συντα-

301 861 520 936 ξάμενος
602 869 726 920 πᾶσι
785 864 872 919 καὶ
947 861 1168 928 ἐξελθών
1236 863 1321 918 ἐπὶ
1391 863 1490 930 τὴν
1565 863 1958 920 Κωνσταντίνου

299 950 458 1008 πόλιν
521 950 817 1016 σπουδαίως
879 950 1098 1032 ἐχώρει,
1145 952 1231 1007 καὶ
1289 951 1425 1007 κατὰ
1477 953 1569 1006 τὸν
1621 960 1713 1008 τοῦ
1763 949 1961 1007 Πόντου

303 1040 562 1098 εἴσπλουν
607 1041 894 1119 γενόμενον
937 1042 964 1097 ὀ
995 1048 1087 1098 τοῦ
1115 1041 1547 1120 ἀρχιστρατήγου
1581 1037 1804 1120 Μιχαὴλ
1835 1041 1958 1102 ναὸς

305 1131 459 1186 αὗτὸν
512 1128 858 1210 ὑποδέχεται,
916 1129 974 1195 ὃς
1045 1133 1164 1187 ὲκεῖ
1219 1128 1396 1193 καλῶς
1450 1129 1680 1208 ἵδρυται,
1743 1130 1828 1185 καὶ
1886 1130 1959 1192 εἷς

310 1221 505 1297 ἡμέρας
566 1220 728 1298 εἶχεν
786 1219 943 1282 ἑπτά,
1003 1217 1257 1282 Ἀκούσας
1337 1219 1392 1274 δὲ
1467 1219 1627 1275 τινῶν
1688 1220 1775 1273 καὶ
1831 1217 1957 1296 περὶ

309 1317 430 1367 ναοῦ
487 1307 666 1385 ἑτέρου
725 1308 990 1386 λεγόντιιην
1045 1308 1102 1374 '6;
1160 1307 1448 1385 κατωτέρω
1511 1309 1610 1381 μὲν
1671 1315 1764 1364 τοῦ
1823 1310 1962 1383 ἱεροῦ

304 1397 634 1474 καλουμένου
691 1396 934 1471 διέκειτο,
1002 1399 1030 1454 ὀ
1097 1395 1151 1454 δὲ
1221 1399 1383 1462 τόπος
1458 1395 1596 1454 οὕτω
1654 1398 1798 1474 παρά
1853 1402 1960 1452 των

302 1487 579 1568 ἑθχωρίων
635 1486 962 1564 φιλὲμπορος
1021 1487 1348 1562 ᾠνομᾶζετο,
1394 1488 1482 1542 καὶ
1541 1487 1722 1561 μαθὼν
1766 1484 1847 1542 ὅτι
1905 1507 1960 1541 τε

299 1578 352 1636 iv
415 1580 557 1651 αὖτῷ
614 1585 918 1635 κατοικοῦσι
975 1577 1253 1652 πνεύματα
1307 1576 1535 1652 πονηρὰ,
1593 1576 1681 1632 καὶ
1734 1573 1814 1630 ὅτι
1873 1571 1962 1632 καὶ

2051 601 2233 654 talum
2257 589 2525 669 reginam
2552 589 2722 652 adire
2751 588 3078 670 civitatem,
3112 597 3177 650 ut
3201 590 3326 651 haec
3355 598 3516 653 esset
3539 589 3698 651 mul-

2046 681 2121 742 tis
2152 682 2238 741 via
2291 679 2362 741 ad
2393 680 2673 741 salutem.
2718 681 2864 742 Cum
2899 697 3040 755 ergo
3093 678 3179 740 sic
3210 679 3266 741 ei
3303 679 3488 740 visum
3539 689 3700 741 esset

2046 771 2268 850 facere,
2301 788 2497 850 neque
2549 768 2654 830 ulli
2703 768 3026 849 quidquam
3085 765 3356 849 dixisset,
3386 778 3696 850 postquam

2044 869 2337 921 nocturna
2389 857 2610 920 cecinit
2654 857 2904 931 cantica,
2941 857 3219 919 omnibus
3272 858 3473 919 valere
3513 859 3698 938 jussis

2044 967 2342 1025 egressus,
2381 965 2635 1028 propere
2664 945 3066 1008 contendebat
3097 948 3694 1028 Constantinopolim,

2046 1044 2106 1098 et
2147 1055 2280 1097 cum
2314 1035 2374 1096 in
2405 1035 2621 1096 ostium
2655 1035 2825 1097 Ponti
2875 1042 3034 1096 esset
3066 1036 3393 1112 ingressus,
3427 1054 3561 1096 eum
3591 1055 3697 1097 ex-

2045 1125 2189 1206 cipit
2233 1123 2521 1204 templum
2554 1123 2865 1186 Michaelis
2915 1123 3142 1185 militiae
3194 1124 3502 1205 principis,
3537 1125 3695 1206 quod

2043 1213 2165 1275 illic
2196 1213 2446 1294 pulchre
2476 1220 2566 1273 est
2608 1211 2902 1291 positum;
2935 1222 2996 1275 et
3021 1221 3250 1293 septem
3283 1212 3406 1273 illic
3447 1213 3574 1274 dies
3609 1223 3698 1275 est

2041 1311 2330 1363 versatus.
2379 1304 2528 1364 Cum
2562 1311 2760 1362 autem
2795 1301 3118 1364 audivisset
3147 1303 3376 1382 aliquos
3427 1302 3697 1364 dicentes

2043 1392 2117 1453 de
2141 1392 2252 1453 alio
2283 1391 2530 1474 templo,
2565 1393 2720 1472 quod
2771 1393 2951 1453 situm
2985 1392 3226 1474 quidem
3269 1401 3398 1454 erat
3426 1411 3604 1473 supra
3636 1393 3694 1455 id

2041 1481 2198 1562 quod
2228 1481 2448 1543 dicitur
2478 1480 2731 1556 Hieron,
2761 1482 2929 1544 locus
2964 1500 3100 1543 vero
3132 1481 3205 1544 ab
3237 1482 3308 1543 iis
3340 1483 3438 1561 qui
3467 1483 3697 1545 incole-

2045 1572 2209 1648 bant,
2245 1572 2590 1633 nominatur
2639 1571 3109 1652 Philemporus;
3171 1580 3392 1634 etcum
3424 1573 3696 1654 accepis-

293 1666 558 1731 πλέοντας
615 1667 758 1724 ἔστιν
812 1665 898 1723 ὅτε
949 1667 1230 1744 βυθίζουσι,
1279 1667 1367 1722 καὶ
1410 1679 1526 1731 τοῖς
1585 1662 1959 1737 παροδεύουσιν

2049 1672 2134 1725 set
2167 1663 2225 1722 in
2259 1681 2329 1723 eo
2365 1661 2554 1723 malos
2584 1661 2856 1724 habitare
2886 1661 3159 1742 spiritus,
3185 1671 3245 1723 et
3273 1681 3698 1742 nonnunquam

294 1757 638 1835 ἐπιτίθενται,
687 1757 776 1812 καὶ
835 1769 953 1819 τοῖς
1011 1755 1383 1835 προσοικοῦσιν
1441 1755 1539 1810 εἶσὶ
1567 1757 1790 1831 πονηροὶ
1848 1753 1959 1831 γεί-

2049 1751 2434 1828 submergere
2457 1751 2830 1829 navigantes,
2857 1760 2917 1813 et
2945 1750 3226 1813 invadere
3244 1770 3347 1814 eos
3377 1752 3474 1832 qui
3499 1760 3698 1814 trans-

295 1868 470 1916 τονες,
524 1847 614 1901 καὶ
645 1847 740 1902 οὐκ
799 1844 938 1902 ἔστιν
985 1844 1186 1902 ἐκεῖθέν
1243 1867 1362 1901 τινα
1395 1842 1567 1900 ἐλθεῖν
1599 1840 1810 1909 ἀϐλαϐῆ
1855 1845 1956 1920 οὐχ

2049 1849 2208 1915 eunt,
2244 1849 2304 1902 et
2335 1840 2524 1902 malos
2555 1858 2688 1901 esse
2718 1840 2947 1902 vicinos
2998 1841 3245 1921 accolis,
3278 1849 3337 1902 et
3368 1861 3482 1903 non
3523 1860 3699 1922 posse

290 1936 480 2012 ἕωθεν,
529 1937 634 2014 οὐχ
690 1934 944 2012 ἑσπέρας,
994 1936 1053 1992 οὗ
1107 1929 1466 2012 μεσημϐρίας,
1532 1932 1586 1988 ἐν
1646 1938 1722 2006 νῷ
1777 1927 1954 1987 λαϐὼν

2049 1932 2296 2010 aliquem
2323 1949 2459 1990 eum
2485 1930 2889 1992 transmittere
2913 1929 3190 2004 illaesum,
3218 1949 3333 1991 non
3362 1949 3555 2006 mane,
3579 1950 3697 1992 non

294 2023 585 2082 Ἀντώνιόν
642 2046 700 2080 τε
742 2025 834 2080 τὸν
891 2023 1062 2102 μέγαν
1115 2026 1204 2080 καὶ
1260 2044 1319 2080 τε
1379 2022 1605 2094 ἐκείνου,
1653 2022 1741 2077 καὶ
1800 2020 1955 2083 ὅσους

2049 2019 2445 2094 meridie,non
2477 2036 2752 2100 veSpere,
2785 2038 3068 2082 revocans
3099 2021 3158 2081 in
3183 2020 3530 2081 memoriam
3565 2039 3698 2081 ma-

297 2113 550 2176 κᾶκεῐνος
610 2111 672 2168 ἐκ
701 2119 808 2169 τῶν
865 2111 1131 2188 δαιμόνων
1175 2112 1425 2186 ὑπέμεινε
1483 2110 1837 2188 πειρασμοὺς,
1870 2114 1960 2169 καὶ

2049 2128 2220 2187 gnum
2255 2108 2576 2171 Antonium
2609 2117 2671 2172 et
2699 2127 2798 2171 res
2829 2109 3016 2183 illius,
3045 2120 3106 2193 et
3133 2127 3312 2190 quam
3346 2109 3565 2171 multas
3597 2110 3698 2172 ille

296 2208 369 2271 ὣς
428 2206 503 2267 εἷς
533 2204 675 2260 ἅπαν
733 2206 906 2262 αὐτῶν
967 2203 1020 2259 ἐν
1078 2203 1224 2260 τέλει
1255 2209 1324 2279 τῇ
1378 2208 1470 2258 τοῦ
1504 2201 1689 2278 Κυρίου
1744 2198 1959 2273 δυνάμει

2051 2217 2289 2280 quoque
2337 2216 2372 2258 a
2406 2199 2780 2260 daamonibus
2827 2199 3178 2261 sustinuerit
3229 2198 3609 2274 tentationes,
3643 2207 3701 2260 et

309 2294 671 2374 περιεγένετο,
718 2295 804 2350 καὶ
861 2292 1000 2350 ὅσων
1057 2293 1466 2370 περιγενόμενος
1523 2289 1722 2358 ἠξιώθη
1764 2311 1822 2346 τε
1883 2311 1968 2344 τι·

315 2391 458 2460 μῶν,
509 2385 594 2440 ἐπὶ
640 2385 732 2441 τὸν
776 2381 933 2440 ἆθλον
989 2385 1077 2439 καὶ
1119 2384 1276 2446 αὐτὸς
1322 2379 1505 2438 ἀπέδυ·
1545 2382 1634 2437 καὶ
1673 2377 1844 2445 δεῖξαι
1876 2379 1968 2434 τὸν

321 2478 447 2530 ναὸν
490 2475 623 2548 αὐτῷ
681 2473 801 2537 τοὺς
851 2473 1114 2548 παρόντας
1169 2473 1332 2530 εἰπὼν
1402 2471 1487 2528 καὶ
1547 2467 1862 2526 καταλαϐὼν
1902 2469 1968 2524 τὰ

313 2561 592 2639 προαύλια,
647 2564 808 2637 μέσος
865 2570 958 2619 τοῦ
1016 2568 1142 2619 ναοῦ
1198 2562 1398 2640 γίνεται
1453 2562 1548 2617 τὸν
1591 2565 1684 2615 τοῦ
1740 2557 1967 2636 Χριστοῦ

310 2653 536 2730 σταυρὸν
593 2652 772 2728 ὥσπερ
803 2649 970 2708 ὅπλον
1023 2650 1241 2727 ἆμαψον
1285 2650 1640 2728 ἐπαγόμενος,
1673 2650 1758 2705 καὶ
1818 2646 1963 2725 ψάλ-

305 2741 416 2799 λων
471 2742 604 2816 ἆμα·
673 2763 698 2798 ι
738 2741 920 2819 Κύριος
977 2741 1251 2820 φωτισμός
1303 2763 1404 2816 μου
1446 2742 1533 2797 καὶ
1597 2740 1776 2816 σωτήρ
1835 2758 1960 2809 μου*

2054 2288 2209 2370 quod
2244 2307 2349 2349 eos
2381 2287 2621 2350 tandem
2656 2289 2873 2352 virtute
2903 2288 3138 2351 Domini
3172 2288 3414 2350 omnino
3445 2307 3699 2366 supera-

2053 2380 2226 2458 verit,
2259 2388 2318 2440 et
2369 2397 2545 2460 quam
2581 2378 2799 2441 multos
2843 2379 2961 2440 illis
2991 2379 3282 2460 superatis
3339 2379 3598 2440 honores
3627 2379 3703 2440 sit

2049 2477 2382 2540 assecutus,
2418 2469 2545 2549 ipse
2593 2487 2830 2550 quoque
2860 2488 2926 2532 se
2975 2469 3048 2530 ad
3093 2468 3494 2548 aggredienda
3539 2470 3704 2531 exuit

2053 2558 2404 2631 certamina,
2439 2569 2498 2619 et
2549 2578 2684 2620 cum
2711 2559 2991 2639 jussisset
3044 2577 3148 2620 eos
3196 2558 3301 2635 qui
3341 2558 3590 2620 aderant
3619 2560 3696 2636 ei,

2051 2647 2336 2728 templum
2360 2648 2702 2724 ostendere,
2733 2658 2789 2710 et
2807 2649 3068 2711 venisset
3089 2649 3145 2710 in
3169 2649 3407 2719 atrium,
3439 2649 3698 2710 medium

2051 2739 2333 2818 templum
2399 2738 2773 2816 ingreditur,
2840 2739 3056 2802 Christi
3127 2757 3364 2799 crucem
3425 2747 3698 2819 tanquam

303 2833 420 2890 τίνα
483 2829 862 2906 φοϐηθήσομαι
893 2851 908 2911 ;
941 2855 968 2885 ι
1022 2832 1114 2887 Διὸ
1145 2829 1211 2898 δη
1268 2833 1354 2886 καὶ
1411 2829 1512 2907 πρὸ
1542 2833 1641 2895 τῆς
1691 2825 1960 2903 συμϐολῆς

2049 2845 2210 2889 arma
2245 2826 2515 2889 inferens
2545 2827 3055 2908 inexpugnabilia,
3091 2836 3151 2889 et
3180 2827 3356 2889 simul
3390 2829 3648 2908 psallens
3682 2851 3694 2887 :

304 2923 468 2989 αὖτὴν
526 2922 623 2989 τὴν
651 2927 758 2976 τῶν
815 2919 1082 2996 δαιμόνων
1125 2920 1373 2999 φάλαγγα
1426 2919 1692 2996 πτοήσας,
1727 2917 1958 2985 ἑκάστην

2052 2941 2074 2973 σ
2113 2917 2401 2980 Dominus
2450 2918 2800 2980 illuminatio
2834 2937 2966 2979 mea
3013 2925 3072 2978 et
3097 2917 3261 2978 salus
3293 2935 3423 2979 mea
3459 2937 3476 2991 ;
3519 2937 3694 2998 quem

303 3013 513 3090 περιῄει
575 3012 770 3087 γωνίαν
826 3009 1241 3089 δραπετεύοντας
1297 3010 1417 3075 τοὺς
1481 3007 1764 3083 πολεμίους
1835 3010 1955 3064 ἑπι-

2049 3006 2268 3068 timebo
2296 3009 2328 3058 5
2350 3006 2380 3066 ?
2415 3033 2438 3062 η
2471 3008 2876 3080 Quamobrem
2910 3007 2999 3068 vel
3030 3015 3165 3068 ante
3195 3006 3536 3068 conﬂictum
3572 3027 3702 3087 per-

304 3109 510 3176 ζητῶν,
545 3102 634 3157 καὶ
663 3098 745 3180 ἔφ’
777 3101 976 3179 ἑκαστῃ
1007 3101 1206 3157 τούτων
1232 3097 1567 3178 γονυκλισίας
1598 3096 1874 3178 ἑφιτελὼν,

2049 3096 2249 3158 territa
2309 3097 2436 3177 ipsa
2487 3097 2777 3177 phalange
2827 3095 3188 3177 daemonum,
3237 3095 3443 3158 obibat
3489 3115 3700 3159 omnes

2047 3185 2317 3265 angulos,
2348 3203 2623 3266 quaerens
2678 3186 2972 3264 fugientes
3001 3187 3303 3248 daemones
3351 3195 3409 3248 et
3439 3187 3499 3249 in
3543 3206 3695 3249 uno-

2049 3294 2285 3356 quoque
2316 3294 2524 3336 eorum
2558 3276 2806 3338 flectens
2835 3293 3049 3355 genua.

389 3372 453 3431 I'.
516 3369 748 3449 Ἐσπέρα
805 3381 904 3444 μεν
934 3377 1024 3426 οὐν
1071 3367 1176 3437 ἤδη
1233 3372 1323 3444 ἦν,
1386 3369 1473 3426 καὶ
1529 3368 1558 3424 ὁ
1603 3369 1696 3424 τοῦ
1745 3365 1965 3429 σκότους

2131 3363 2204 3430 X.
2258 3364 2452 3445 Atque
2473 3365 2597 3444 jam
2631 3365 2871 3445 quidem
2903 3373 3032 3427 erat
3091 3383 3363 3446 veSpera,
3397 3375 3458 3427 et
3497 3366 3702 3428 aderat

309 3461 498 3540 ἄρχων
555 3461 753 3539 παρῆν,
789 3462 872 3515 καὶ
929 3458 1060 3516 λίθοι
1094 3461 1226 3516 κατὰ
1283 3465 1374 3516 τού
1421 3457 1622 3526 Δανιὴλ
1662 3455 1965 3535 ἐῤῥιπτοῦν-

2055 3453 2336 3535 princeps
2367 3452 2750 3516 tenebrarum
2771 3466 2827 3516 et
2840 3453 3217 3534 jaciebantur
3248 3454 3475 3536 lapides
3505 3456 3564 3515 in
3593 3457 3702 3518 Da-

313 3574 402 3626 το,
437 3552 525 3606 καὶ
553 3552 696 3630 ηχος
747 3549 991 3628 ἠκούετο,
1023 3553 1114 3605 καὶ
1155 3549 1254 3627 βοὴ
1286 3549 1580 3626 συμμιγὴς,
1614 3549 1700 3603 καὶ
1750 3543 1965 3622 θόρυϐος

2053 3544 2300 3616 nielem,
2334 3553 2394 3605 et
2425 3562 2607 3605 sonus
2638 3543 3018 3624 audiebatur,
3053 3553 3110 3605 et
3139 3544 3380 3605 confusa
3411 3544 3700 3607 vocifera-

308 3637 634 3717 διηγείρετο.
689 3640 748 3697 Ὀ
804 3636 857 3693 δὲ
911 3643 980 3714 τῇ
1037 3644 1316 3718 προσευχῇ
1361 3638 1448 3693 καὶ
1496 3637 1638 3699 αὖθις
1697 3657 1965 3712 προσκαρ-

2053 3633 2133 3694 tio
2184 3639 2241 3694 et
2293 3633 2577 3712 strepitus
2631 3633 3019 3697 excitabatur.
3080 3632 3186 3695 Ille
3244 3646 3440 3696 autem
3499 3653 3702 3696 rursus

304 3735 477 3807 τερῶν
511 3729 739 3806 ἀτρέμας
783 3727 871 3796 ἦν,
937 3731 1072 3785 Εἶτα
1102 3730 1188 3784 καὶ
1224 3729 1350 3804 πρὸς
1383 3726 1592 3803 αὐτοὺς,
1627 3749 1654 3780 α
1689 3725 1814 3782 Ἐὰν
1861 3725 1962 3779 πά-

2053 3739 2442 3803 perseverans
2473 3722 2533 3782 in
2592 3723 2886 3804 oratione,
2920 3721 3111 3783 stabat
3161 3723 3423 3802 quietus.
3475 3721 3702 3785 Deinde

305 3818 571 3897 ραταξητε
606 3818 690 3874 ἐπ’
751 3818 846 3892 ἐμὲ
891 3814 1263 3894 παρεμϐολὴν,
1297 3815 1505 3892 ἔλεγεν,
1539 3816 1598 3871 οὒ
1657 3812 1962 3894 φοϐηθήσε-

2051 3810 2122 3872 ad
2157 3829 2298 3872 eos:
2341 3808 2438 3872 «Si
2471 3811 2754 3872 adversus
2784 3830 2904 3891 me,
2933 3810 3194 3890 dicebat,
3219 3822 3444 3872 Sll‘thta
3474 3814 3700 3873 consti-

303 3932 392 3966 ται
423 3911 458 3976 ἡ
491 3906 675 3986 καρδια
707 3931 831 3981 μου.
869 3930 892 3962 ιι
943 3907 1118 3966 Νύκτα
1149 3907 1248 3981 μὲν
1277 3914 1366 3963 οὖν
1420 3905 1627 3971 ἐκείνην
1658 3905 1756 3971 την
1810 3902 1962 3977 πρώ-

2050 3900 2178 3961 teri!
2202 3899 2514 3980 acies,non
2545 3899 2773 3961 timebit
2794 3919 2898 3962 cor
2935 3919 3131 3962 meum
3149 3902 3236 3964 ὃ..
3278 3900 3533 3962 Primam
3561 3919 3701 3980 ergo

303 4022 404 4066 την
467 4002 554 4054 καὶ
625 3999 725 4065 τὴν
787 3997 923 4072 μετὰ
995 4004 1157 4055 ταῦτα
1227 3995 1469 4074 δευτέραν
1525 3993 1682 4055 οὕτω,
1741 3993 1849 4060 Τὴν
1910 3990 1962 4048 δὲ

2049 3989 2208 4050 illam
2243 3997 2503 4062 noctem,
2540 3998 2598 4050 et
2631 3989 2988 4062 secundam,
3023 4008 3150 4068 quae
3201 3999 3402 4069 postea
3433 3999 3522 4051 est
3554 4009 3703 4052 con-

302 4089 490 4166 τρίτην
550 4087 852 4164 ἀνθρώπους
926 4086 1064 4164 ἐώρα
1121 4093 1198 4160 τῷ
1270 4085 1477 4162 μεγέθει
1535 4084 1838 4162 μεγίστους,
1898 4087 1965 4158 τῇ

2049 4088 2272 4149 secuta,
2298 4077 2383 4138 sic
2414 4078 2766 4140 transmisit.
2802 4078 3004 4140 Tertia
3025 4087 3220 4140 autem
3253 4079 3396 4139 vidit
3427 4079 3705 4142 homines

304 4183 486 4257 μορφῇ
555 4175 897 4254 ἀλλοκότους,
969 4181 1038 4252 τῇ
1105 4175 1370 4250 ὠμότητι,
1426 4175 1500 4237 ὼς
1566 4174 1788 4242 εἰκάζειν
1873 4173 1962 4246 ᾖν,

2053 4166 2460 4246 magnitudine
2497 4167 2809 4241 maximus,
2833 4167 3018 4228 forma
3049 4169 3301 4242 alienos,
3326 4169 3700 4244 crudelitate,

302 4263 693 4344 σαρκοϐὀρους,
746 4266 884 4321 πάνυ
945 4262 1114 4320 δεινὸν
1171 4265 1480 4343 τετριγότας
1536 4264 1622 4327 καὶ
1689 4259 1965 4318 ἀπειλοῦν-

2049 4265 2334 4335 quantum
2356 4255 2574 4318 licebat
2597 4256 2925 4335 conjicere,
2955 4258 3318 4327 carnivoros,
3343 4257 3707 4320 liorribiliter

300 4379 396 4416 τας
462 4361 539 4428 τῷ
575 4354 804 4434 Δανιὴλ,
835 4356 924 4411 καὶ
968 4361 1045 4428 τῷ
1075 4352 1222 4430 φόϐῳ
1271 4355 1362 4418 τὰς
1412 4351 1708 4429 δικολογίας
1762 4351 1963 4426 ἀναμι-

2049 4348 2396 4423 stiidentes,
2437 4355 2495 4408 et
2547 4351 2842 4408 minantes
2896 4347 3152 4426 Danieli,
3187 4357 3244 4407 et
3295 4346 3476 4408 metui
3506 4347 3703 4408 admi-

299 4447 552 4522 γνύντας,
615 4447 721 4517 καὶ,
789 4445 876 4509 Τίς
941 4466 1023 4516 σε,
1077 4443 1352 4522 λέγοντας,
1406 4441 1573 4512 ἄθλιε,
1635 4442 1700 4497 τὰ
1748 4439 1965 4495 ἐνταῦθα

2050 4445 2288 4497 scentes
2325 4454 2450 4497 suae
2481 4454 2677 4498 causae
2719 4435 3157 4510 defensionem,
3193 4436 3464 4497 dicentes
3499 4455 3511 4498 :
3563 4437 3706 4508 Quis

302 4521 634 4593 καταλαϐεῖν
695 4533 899 4591 ἔπεισεν
935 4551 951 4609 ;
983 4536 1069 4589 ὁτε
1121 4521 1210 4590 καὶ
1267 4521 1432 4608 μηδὲν
1489 4529 1697 4610 ἄλλο,ὅ
1747 4550 1808 4608 γε
1836 4528 1965 4608 χρθ-

2055 4525 2186 4596 tibi,
2221 4545 2253 4586 ο
2300 4525 2529 4605 infelix,
2557 4535 2623 4588 ut
2655 4527 2770 4587 huc
2824 4526 3081 4605 venires,
3122 4527 3433 4606 persuasit,
3465 4528 3704 4602 quando

305 4647 393 4690 νος
455 4626 513 4680 ὃν
539 4624 699 4696 ἒεᾳέν
758 4623 979 4682 ἐνταῦθα
1039 4622 1246 4699 κυρίους
1305 4621 1450 4696 ἡμᾶς
1498 4619 1602 4688 ἤδη
1663 4628 1752 4676 τοῦ
1804 4621 1970 4674 τόπου

304 4713 560 4774 δείκνυσι.
641 4713 734 4770 Καὶ
804 4713 1011 4768 ταύτων
1072 4713 1120 4766 οἱ
1191 4710 1288 4785 μὲν
1361 4711 1434 4773 εἰς
1491 4707 1752 4764 θάλατταν
1811 4705 1969 4762 αὐτὸν

304 4801 568 4879 ἐμϐαλεῖν
621 4801 898 4875 ἠπείλουν,
962 4802 1008 4857 οἱ
1053 4797 1107 4855 δε
1162 4801 1248 4854 καὶ
1321 4798 1464 4862 αὖθις
1527 4796 1695 4858 λίθους
1748 4795 1970 4874 ἠφίεσαν

305 4890 634 4968 εὔμεγέθεις’
725 4889 888 4952 οὖδεὶς
962 4893 1141 4963 μέντοι
1224 4889 1366 4961 αὖτῷ
1438 4887 1662 4966 ίγγίζειν
1744 4882 1962 4962 ἑθαῤῥει.

305 4985 368 5042 Τί
412 4983 503 5038 οὖν
546 4995 694 5038 ποιεῖ
733 4999 748 5054 ;
794 4981 1034 5038 Πείθεται
1086 4984 1163 5052 τῷ
1211 4977 1479 5054 Δεσπότῃ,
1512 4983 1666 5032 τοῦτο
1713 4975 1774 5030 τὸ
1817 4973 1968 5051 γένος

302 5075 509 5130 εἰπόντι
569 5071 786 5142 νηστείᾳ
850 5068 992 5144 μόνῃ
1076 5070 1162 5124 καὶ
1217 5065 1497 5146 προλευχῆ
1567 5060 1968 5142 φυγαδεύεσθαι,

307 5164 420 5221 Καὶ
484 5165 668 5237 πρῶτα
738 5160 836 5233 μὲν
917 5159 1073 5222 αὐτὸς
1153 5154 1480 5234 αντηπείλει,
1553 5173 1804 5210 τοσουτον
1873 5153 1973 5232 γὰρ

302 5249 522 5329 εθάρρει
582 5255 648 5325 τῇ
688 5249 780 5306 τοῦ
810 5255 1035 5324 Χριστοῦ
1090 5245 1327 5321 δυνάμει⁹
1368 5243 1546 5301 ἔπειτα
1579 5241 1652 5306 ὤς
1697 5241 1774 5297 ἔτι
1827 5240 1972 5315 μᾶλ-

300 5341 395 5398 λον
467 5339 947 5418 ἇ“ιαι.τχυντοῦ·ιτας
1007 5336 1148 5414 ἑώρα
1222 5337 1309 5392 καὶ
1373 5331 1738 5412 θορυϐοῦντας,
1796 5331 1973 5399 πάντη

303 5430 719 5508 καταφροντζπας
777 5430 950 5502 αὖτῷν
999 5425 1324 5505 ἀναφρήττει
1383 5431 1558 5481 πᾶσαν
1617 5422 1717 5490 τὴν
1765 5419 1974 5478 εἴσοδον

302 5528 400 5577 τοῦ
461 5528 588 5577 ναοῦ
642 5518 892 5574 δεικνύων
947 5515 1027 5572 ὅτι
1087 5515 1246 5590 μόνος
1305 5513 1551 5591 βούλεται
1598 5512 1723 5590 πρὸς
1781 5528 1972 5587 μονοος

407 5713 441 5766 5
467 5711 630 5778 Atri.
663 5727 820 5795 xxvi,
852 5712 892 5774 l.
979 5710 1013 5763 θ
1041 5709 1191 5774 Ibid.
1227 5709 1288 5774 3.

2052 4617 2160 4676 etsi
2221 4615 2368 4676 nihil
2401 4615 2586 4695 aliud,
2619 4623 2852 4698 tempus
2911 4615 3148 4696 quidem
3214 4624 3400 4690 certe,
3433 4636 3550 4695 quo
3609 4616 3706 4677 hic

2052 4704 2296 4778 fuimus,
2333 4724 2442 4765 nos
2503 4705 2616 4766 loci
2649 4705 2925 4766 dominos
2985 4707 3186 4785 utique
3234 4707 3428 4766 effecit
3460 4705 3483 4766 Υ
3517 4708 3586 4766 Et
3637 4726 3706 4768 ex

2051 4793 2124 4855 iis
2154 4794 2252 4855 alii
2309 4795 2548 4874 quidem
2587 4793 2967 4857 minabantur
3009 4814 3073 4855 se
3104 4814 3236 4856 cum
3288 4795 3346 4854 in
3381 4813 3544 4856 mare
3573 4814 3708 4858 esse

2047 4883 2320 4962 jacturos
2357 4906 2372 4956 ;
2419 4883 2505 4944 illi
2533 4893 2726 4945 autem
2759 4903 2970 4945 rursus
3006 4884 3294 4945 maximos
3324 4884 3546 4965 lapides
3587 4886 3706 4945 im-

2056 4971 2416 5048 mittebant;
2473 4992 2650 5035 nemo
2684 4991 2822 5034 vero
2875 4973 3133 5035 audebat
3159 4974 3230 5034 ad
3266 4991 3399 5034 eum
3431 4975 3710 5038 accidere

2057 5061 2324 5142 propius.
2363 5060 2516 5134 Quid
2542 5081 2683 5142 ergo
2709 5062 2880 5126 facit?
2910 5062 3112 5126 Credit
3130 5061 3406 5142 Domino,
3441 5062 3542 5142 qui
3564 5065 3712 5126 dixit

2057 5151 2170 5212 hoc
2221 5169 2412 5230 genus
2442 5151 2663 5232 expelli
2713 5152 3100 5232 solojejunio
3133 5161 3190 5213 et
3241 5159 3605 5232 precatione.
3638 5154 3712 5215 Et

2057 5240 2144 5301 sic
2193 5239 2437 5321 quidem
2485 5241 2646 5313 facit,
2680 5250 2738 5303 et
2790 5259 2894 5303 eos
2954 5242 3273 5315 minantes,
3306 5251 3481 5322 atque
3530 5243 3708 5304 etiam

2049 5331 2342 5407 jacientes
2372 5349 2581 5410 parum
2607 5339 2707 5393 ant
2735 5331 2883 5392 nihil
2919 5349 3154 5410 curans,
3185 5331 3440 5411 primum
3469 5333 3708 5410 quidem

2054 5419 2182 5498 ipse
2215 5437 2454 5500 quoque
2484 5430 2692 5483 contra
2725 5420 3066 5482 minabatur
3101 5441 3118 5498 ;
3171 5429 3393 5483 tantum
3429 5421 3587 5481 enim
3648 5421 3710 5482 in

2055 5506 2276 5574 Christi
2327 5510 2538 5575 virtute
2568 5509 2911 5576 confitebat.
2949 5510 3180 5576 Deinde
3209 5527 3341 5572 cum
3386 5527 3488 5572 eos
3515 5509 3710 5573 adhuo
