4086 6418
418 432 539 502 983
1583 436 1970 501 ADDENDA.
2053 470 2114 483 -—
2193 439 2627 501 DECEMBER.
3686 429 3802 495 984

420 570 653 634 videret
682 586 749 635 se
780 566 969 650 magis
985 567 1376 650 impudentnr
1392 588 1601 647 gerere
1622 578 1680 631 et
1702 570 2058 633 tumultuari

2160 573 2351 636 αὐτοὺς
2408 569 2674 646 παλαίειν,
2712 570 2795 627 καὶ
2827 568 2907 625 ὅτι
2940 566 3057 626 οὗδὲ
3112 570 3283 648 φυγῆς
3314 564 3483 625 δεῖται
3529 563 3806 645 προσϐαλ-

418 661 569 743 ipsis
626 660 870 723 omnino
931 659 1248 740 despectis,
1281 658 1538 720 obstruit
1592 677 1828 720 omnem
1878 664 2057 740 templ

2166 662 2367 720 λόντων
2432 662 2625 733 αὐτῶν,
2703 660 2894 739 μικρὰν
2951 657 3004 716 δὲ
3083 662 3251 733 μόνην
3315 655 3563 734 διανοίτει
3632 654 3807 733 θυρίδα

419 750 677 825 aditum,
713 747 1039 812 ostendens
1079 766 1146 810 se
1195 747 1389 810 solum
1451 748 1604 811 velle
1655 768 1790 809 cum
1842 750 1931 811 eis
1983 751 2058 813 lu‘

2162 752 2280 815 θέας
2342 755 2449 807 τῶν
2506 749 2832 829 προσιόντων
2887 748 3064 822 ἕνεκα,
3097 749 3183 805 καὶ
3239 754 3333 804 τοῦ
3389 748 3487 814 τὴν
3542 748 3811 827 βραχεῖαν

420 839 593 915 ctari,
622 847 682 900 et
712 856 823 901 nec
851 838 986 917 fuga
1011 836 1252 917 quidem
1285 855 1485 919 egere,
1509 838 1559 899 si
1584 838 1694 918 ipsi
1726 838 2074 922 irruperint,

420 928 608 991 solam
630 938 831 990 autem
862 927 1054 1007 aperit
1082 928 1500 1002 fenestram,ut
1530 927 1756 990 videret
1775 930 2074 992 acceden-

417 1024 527 1094 tes,
564 1025 623 1079 et
672 1026 737 1078 ut
764 1017 1001 1096 corpori
1050 1019 1328 1095 exiguum
1371 1017 1675 1098 acciperet
1731 1019 2072 1083 nutrimen-

418 1114 568 1171 tum.
597 1108 732 1171 Non
767 1106 1018 1169 multum
1051 1105 1394 1168 intercessit
1420 1108 1734 1187 temporis,
1769 1117 1826 1169 et
1851 1109 2071 1171 Christi

418 1195 663 1276 quidem
695 1196 916 1258 virtute
942 1194 1139 1257 deleta
1167 1203 1259 1258 est
1313 1195 1509 1258 omnis
1540 1197 1638 1258 illa
1672 1197 1825 1259 mala
1853 1198 2070 1261 daemo-

414 1303 559 1348 num
621 1285 945 1366 operatio;
1003 1284 1275 1347 redditus
1330 1293 1421 1347 est
1486 1300 1683 1349 autem
1754 1288 2069 1351 universus

411 1373 582 1438 locus
610 1374 774 1438 liber
819 1375 894 1437 ab
925 1373 1162 1436 illorum
1195 1372 1536 1455 insultibus,
1570 1388 1629 1436 et
1673 1376 1959 1458 deinceps
1991 1378 2067 1439 li-

413 1470 583 1541 bere,
616 1472 675 1526 et
723 1466 853 1526 sine
886 1462 1026 1526 ullis
1079 1461 1324 1527 insidiis
1378 1463 1764 1528 ambulabant
1795 1475 1852 1528 et
1906 1486 2070 1531 mare

408 1551 785 1630 navigabant.

490 1669 590 1733 XI.
622 1668 816 1750 Hujus
845 1684 988 1731 vero
1017 1669 1105 1731 rei
1139 1670 1293 1731 fama
1325 1671 1581 1732 manavit
1612 1672 1670 1732 in
1702 1691 1915 1735 omnes
1938 1693 2070 1754 par-

2159 864 2359 921 τροφην
2416 841 2492 915 τῷ
2550 840 2756 915 σώματι
2810 836 3079 918 δέχεσθαι.
3141 837 3213 895 Οὔ
3256 835 3390 893 πολὺ
3433 836 3493 891 τὸ
3537 834 3591 890 ἐν
3633 835 3808 910 μέσῳ,

2160 934 2246 988 καὶ
2299 932 2636 1009 κατήργηται
2691 928 2788 1003 μὲν
2844 934 2987 984 πᾶσα
3035 932 3141 983 τῶν
3191 923 3454 1002 δαιμόνων
3511 926 3546 993 ἡ
3603 925 3813 1003 πονηρὰ

2158 1020 2394 1099 ἐνέργεια
2426 1018 2647 1094 δυνάμει
2706 1024 2954 1097 Χριστοῦ,
2990 1014 3257 1094 ἐλεόθερος
3311 1012 3365 1070 δὲ
3422 1020 3524 1077 πᾶς
3573 1014 3600 1070 ὁ
3630 1020 3811 1094 χῶρος

2157 1108 2251 1177 τῆς
2297 1109 2348 1175 ἐξ
2393 1107 2563 1163 αὖτῶν
2622 1105 2872 1183 ἐπηρείας
2918 1103 3199 1179 δείκνυται,
3233 1104 3318 1161 καὶ
3375 1102 3562 1160 λοιπὸν
3614 1103 3811 1169 πάντες

2156 1195 2514 1262 ἀνεπιϐούλως
2576 1197 2660 1251 καὶ
2716 1194 2996 1273 ἐλευθέρως
3056 1192 3247 1252 ὥδευᾶν
3303 1215 3361 1250 τε
3418 1194 3503 1249 καὶ
3550 1192 3646 1262 τὴν
3704 1193 3807 1249 θά-

2152 1298 2345 1344 ).ατταν
2378 1285 2589 1350 ἔπλεον,

2235 1669 2342 1733 1Α’,
2399 1672 2567 1743 Φήμη
2637 1669 2691 1725 δὲ
2752 1672 2870 1746 περὶ
2930 1671 3089 1726 αὐτοῦ
3143 1672 3401 1747 πανταχῆ
3460 1665 3667 1745 διέρῤει,
3713 1666 3807 1724 καὶ

410 1765 526 1834 tes,
560 1770 619 1822 et
650 1758 870 1821 licebat
900 1758 1101 1820 videre
1134 1759 1294 1820 viros
1333 1759 1508 1821 simul
1540 1768 1598 1823 et
1628 1762 1931 1834 mulieres,
1960 1766 2058 1843 ju-

2150 1766 2217 1830 ἧν
2259 1760 2389 1817 ἰδεῖν
2416 1758 2604 1837 ἄνδρας
2659 1762 2792 1833 ὁμοῦ
2823 1762 2910 1815 καὶ
2961 1771 3238 1834 γυναῖκας,
3273 1757 3421 1822 νέους
3467 1759 3555 1815 καὶ
3610 1756 3806 1836 γέρον-

407 1865 595 1911 venes
614 1857 670 1911 et
696 1866 895 1923 senes,
932 1866 1228 1928 pauperes
1252 1855 1309 1909 et
1330 1849 1563 1924 divites,
1595 1852 1696 1927 qui
1722 1852 2058 1915 habitabant

2150 1872 2267 1929 τας,
2328 1849 2562 1915 πένητας
2619 1849 2708 1905 καὶ
2772 1847 3080 1925 πλουσίους,
3157 1850 3251 1903 καὶ
3310 1852 3414 1903 πᾶν
3491 1845 3614 1901 ὅσον
3682 1846 3805 1909 τους

407 1938 800 2001 circumcirca
830 1940 887 2000 in
919 1937 1065 1999 locis
1130 1937 1420 2012 ﬁnitimis,
1457 1947 1734 2019 tanquam
1768 1943 2053 2005 ﬂuentum

2150 1938 2294 2016 πέριξ
2364 1940 2558 2003 τόπους
2644 1939 2897 2012 κατῴκει,
2964 1938 3142 2015 ὥσπερ
3210 1958 3263 1992 τι
3345 1938 3510 2013 ῥεῦμα
3581 1949 3808 2014 συνεχεῖ

407 2026 674 2109 aliquod,
698 2026 982 2089 continuo
1008 2036 1192 2090 tractu
1215 2028 1285 2089 ad
1311 2046 1446 2089 cum
1470 2029 1634 2103 ferri,
1662 2039 1720 2091 et
1745 2032 2050 2107 admirari,

405 2134 663 2196 quonam
697 2115 895 2191 modo,
931 2115 1033 2178 ubi
1088 2134 1281 2196 nuper
1312 2116 1554 2197 quidem
1602 2131 1733 2180 erat
1779 2122 2050 2202 exitium,

402 2204 531 2269 illic
563 2204 640 2267 sit
669 2205 871 2281 salus;
926 2205 1027 2267 ubi
1055 2214 1254 2269 autem
1287 2206 1625 2269 daemonum
1681 2210 2057 2274 vociferatio-

406 2314 539 2375 nes,
573 2295 696 2357 illic
729 2303 908 2359 noctu
939 2304 998 2358 et
1026 2295 1128 2358 diu
1160 2304 1451 2358 canantur
1475 2297 1547 2358 ad
1581 2298 1768 2361 Deum
1804 2302 2055 2364 cantica.

408 2384 655 2449 Invidus
687 2401 829 2447 vero
862 2383 1063 2459 Satan,
1098 2394 1156 2446 et
1188 2386 1494 2447 hominum
1528 2388 1831 2462 inimicus,
1869 2410 2065 2472 neque

408 2472 487 2536 de
514 2492 580 2536 se
628 2491 851 2555 partam
881 2474 1212 2548 victoriam,
1247 2494 1441 2554 neque
1469 2478 1662 2539 sancti
1695 2479 2061 2559 patientiam,

409 2580 609 2645 neque
639 2563 873 2645 piorum
904 2562 1110 2626 videre
1138 2567 1445 2626 sustinens
1488 2566 1825 2640 utilitatem,
1859 2570 1930 2630 ad
1964 2588 2061 2631 se-

406 2653 671 2715 cundum
733 2652 1079 2733 aggreditur
1135 2652 1416 2715 callidum
1479 2665 1939 2734 commentum;
2006 2668 2064 2721 et

405 2743 767 2827 quibusdam
800 2764 871 2808 ex
900 2745 975 2806 iis
1004 2746 1105 2826 qui
1136 2746 1196 2807 in
1230 2747 1456 2827 templo
1509 2750 1766 2829 cooptati
1801 2761 1971 2814 erant
2003 2753 2064 2813 in

414 2836 671 2915 clerum,
706 2835 852 2898 tales
909 2835 1175 2897 immittit
1203 2836 1615 2915 cogitationes,
1651 2838 1860 2914 quales
1918 2842 2059 2903 olim

406 2922 632 2987 Judaais
657 2924 941 2986 adversus
973 2922 1298 3001 Christum,
1337 2943 1457 2986 non
1498 2925 1719 2988 bonum
1751 2947 1886 2991 esse
1918 2949 2058 3011 per-

410 3013 651 3076 mittere
673 3014 898 3076 homini
928 3014 1025 3076 hic
1056 3013 1349 3091 habitare,
1375 3033 1552 3095 quem
1588 3017 2062 3099 ignoretis,uude

405 3102 509 3167 sit.
543 3102 651 3166 Ille
678 3112 877 3166 autem
909 3112 971 3165 et
998 3103 1153 3165 fama
1182 3121 1393 3165 omnes
1422 3103 1494 3166 ad
1528 3122 1592 3166 se
1623 3108 1957 3183 attrahit,et
1984 3110 2060 3173 il-

409 3192 528 3255 lius
556 3194 750 3256 honor
769 3202 860 3256 est
887 3193 1134 3255 omnino
1165 3194 1483 3256 diminutio
1515 3205 1842 3258 vestrarum
1875 3200 2059 3261 vecti-

2562 2028 2720 2085 αὐτὸν
2799 2028 3118 2107 φερόμένιους
3198 2028 3285 2083 καὶ
3371 2023 3455 2082 δια
3533 2027 3805 2101 θαύματος

2139 2029 2284 2103 ὁλκῷ
2347 2031 2477 2107 πρὸς

2138 2118 2484 2194 ποιουμένους
2560 2124 2670 2178 πῶς
2745 2118 2878 2174 ὅπου
2950 2117 3047 2190 μὲν
3126 2116 3315 2192 πρώην
3376 2116 3617 2194 ὄλεθρος,
3682 2112 3809 2172 ἐκεῖ

2139 2210 2395 2288 σωτηρία,
2461 2208 2594 2266 ὅπου
2634 2206 2689 2264 δὲ
2755 2205 3018 2282 δαιμόνων
3077 2208 3220 2285 βοαὶ,
3271 2205 3387 2288 ἐκεῖ
3447 2207 3534 2263 καὶ
3595 2205 3803 2282 νύκτωρ

2150 2300 2234 2356 καὶ
2293 2287 2411 2374 μεθ’
2462 2297 2667 2376 ἡμέραν
2724 2295 2853 2371 ᾠδαὶ
2909 2297 3043 2374 πρὸυ
3099 2297 3253 2356 Θεόν.
3304 2287 3361 2354 Ὀ
3438 2293 3493 2351 δὲ
3547 2296 3803 2375 φθονερὸς

2150 2395 2323 2445 Σατᾶν
2380 2391 2468 2445 καὶ
2538 2386 2931 2465 μισάνθρωπος,
2999 2388 3137 2457 μήτε
3194 2385 3293 2453 τὴν
3365 2386 3552 2442 ἑαυτοῦ
3628 2386 3801 2451 ἧτταν

2149 2480 2289 2553 μήτε
2350 2479 2448 2545 τὴν
2486 2477 2762 2552 ὑπομονὴν
2811 2483 2904 2534 τοῦ
2958 2477 3103 2535 δσὶου
3146 2476 3284 2551 μήτε
3341 2479 3437 2542 τὴν
3493 2479 3599 2531 τῶν
3643 2476 3802 2531 εὐσε-

2150 2567 2381 2624 ὂούντων
2439 2567 2698 2646 ὠφέλειαν
2759 2567 2883 2637 όρᾷν
2944 2565 3301 2644 ἀνεχόμενος,
3334 2564 3419 2621 ἐπὶ
3460 2565 3521 2620 τὸ
3562 2562 3803 2643 δεύτερον

2147 2659 2335 2733 μετῂει
2392 2659 2651 2735 σόφισμα,
2688 2658 2775 2713 καί
2830 2676 2933 2711 τισι
2972 2662 3076 2713 τῶν
3120 2655 3174 2710 ἐν
3231 2660 3308 2727 τῷ
3363 2661 3474 2728 ναῷ
3521 2651 3801 2731 κεκληρω-

2148 2748 2322 2821 μένων
2374 2749 2644 2809 τοιούτους
2700 2745 2869 2813 ἐνίησι
2928 2744 3219 2822 λογισμοὺς
3277 2744 3425 2808 οἵους
3478 2743 3643 2801 πάλαι
3686 2757 3805 2809 τοῖς

2151 2834 2422 2901 Ἰουδαίοις
2478 2837 2613 2893 κατὰ
2699 2834 2945 2915 Χριστοῦ,
3003 2837 3077 2897 ὡς
3130 2836 3204 2892 Οὔ
3259 2832 3421 2890 καλὸν
3494 2848 3805 2913 συγχωρεῖν

2146 2926 2420 3004 ἄνθρωπον
2479 2926 2697 2983 ἐνταῦθα
2754 2926 2922 2982 οἰκεῖν
2947 2924 3005 2981 ό¹ν
3063 2923 3159 2980 οὐκ
3188 2922 3371 2981 οἴδατε
3429 2925 3586 2980 πόθεν
3637 2924 3799 2986 ἐστίν,

2142 3016 2205 3074 Ὀ
2261 3014 2315 3071 δὲ
2385 3018 2474 3073 καὶ
2535 3017 2738 3079 πάντας
2811 3020 2877 3089 τῇ
2935 3012 3092 3091 φήμῃ
3151 3015 3283 3089 πρὸς
3355 3013 3541 3069 ἑαυτὸν
3597 3012 3791 3086 ἐλκύει,

2144 3108 2231 3162 καὶ
2289 3108 2323 3174 ὴ
2383 3106 2585 3162 ἐκείνου
2640 3105 2772 3177 τιμὴ
2828 3103 3013 3183 ὕφεσις
3070 3104 3283 3165 πάντως
3329 3103 3457 3176 ὑμῖν
3503 3109 3608 3158 τῶν
3640 3125 3805 3180 προσ·

2144 3193 2278 3252 όδων
2310 3195 2531 3273 γίνεται.
2566 3192 2736 3251 Ἀλλὰ
2792 3190 2929 3257 δῆλα
2988 3197 3152 3246 ταῦτα
3210 3197 3286 3261 τῷ
3315 3190 3591 3263 ἐπισκόπῳ
3635 3193 3799 3261 ποιή-

409 3282 654 3363 galium.
712 3281 829 3345 Sed
877 3281 1232 3361 signiﬁcate,
1285 3282 1542 3359 dicebat,
1578 3286 1702 3347 haec
1757 3288 2058 3367 episcopo,

2150 3305 2332 3347 σαντες
2393 3281 2694 3348 ἐξελαύνετε
2746 3284 2932 3337 θᾶττον
2988 3278 3165 3340 αὖτόν,
3219 3279 3316 3335 Καὶ
3370 3278 3521 3352 ὁμὲν
3574 3282 3798 3354 σπορεὺς

413 3379 472 3433 et
493 3388 630 3433 eum
663 3371 780 3434 cito
808 3372 1074 3451 expellit.
1101 3371 1170 3433 Et
1197 3383 1361 3434 sator
1389 3373 1627 3452 quidem
1662 3375 1756 3436 hic
1785 3386 1872 3435 est
1900 3398 1912 3433 :
1950 3378 2065 3438 tale

411 3470 609 3523 autem
682 3478 913 3523 semen.
987 3459 1098 3532 Qui
1155 3477 1300 3523 vero
1358 3472 1737 3543 acceperant,
1803 3482 1921 3525 non
1991 3484 2064 3527 ex

406 3548 526 3612 alio
571 3551 713 3618 noti,
750 3567 927 3631 quam
960 3549 1119 3631 quod
1151 3550 1278 3612 haec
1328 3552 1613 3613 continuo
1646 3552 2057 3631 produxerim.

413 3636 560 3702 Cum
592 3636 848 3719 primum
882 3656 1086 3700 semen
1119 3648 1505 3719 acceperunt,
1540 3639 1794 3701 fructum
1832 3643 2057 3722 produ-

410 3736 666 3791 xerunt:
720 3738 779 3790 et
803 3728 1098 3792 accedunt
1125 3727 1199 3790 ad
1235 3728 1607 3809 episcopum,
1641 3739 1699 3792 et
1752 3730 1827 3792 de
1859 3743 2061 3795 sancto

403 3818 775 3881 renuntiant.
792 3816 1119 3899 Episcopus
1141 3826 1343 3880 autem
1374 3818 2063 3901 Constantinopolitanus

402 3907 482 3987 (is
536 3916 666 3971 erat
706 3906 1065 3986 Anatolius),
1099 3907 1170 3969 Et
1220 3908 1545 3988 quomodo,
1580 3910 1796 3991 inquit,
1829 3914 1903 3974 de
1960 3915 2058 3976 ho-

408 3997 572 4059 mine
600 3997 976 4071 maledicitis,
1009 4005 1067 4059 et
1097 3998 1399 4076 expellere
1429 4000 2049 4083 aggredimini,quem,

407 4087 570 4150 unde
615 4086 713 4163 sit,
747 4087 1014 4161 nescitis,
1047 4104 1242 4167 neque
1294 4106 1562 4168 quasnam
1613 4090 1690 4152 sit
1737 4092 1868 4170 ejus
1925 4094 2054 4155 vitae

402 4177 599 4258 ratio;
658 4195 796 4240 cum
853 4184 1059 4240 contra
1111 4185 1382 4257 oporteat
1440 4179 1683 4259 quidem
1738 4200 1872 4242 cum
1928 4182 2053 4245 illic

402 4267 627 4341 sinere,
660 4277 724 4329 ut
752 4267 800 4328 si
831 4266 908 4329 sit
936 4266 1175 4347 quidem
1208 4268 1425 4339 bonus,
1463 4286 1569 4329 nos
1600 4287 1838 4350 quoque
1880 4270 2055 4332 faciat

403 4356 726 4438 participes
754 4355 1022 4419 utilitatis
1055 4375 1070 4415 :
1106 4356 1197 4416 sin
1244 4363 1441 4417 autem
1475 4367 1707 4431 contra,
1746 4360 1872 4437 ipse
1919 4366 2057 4436 qui-

406 4447 543 4510 dem
576 4448 717 4510 hinc
761 4447 901 4527 jure
932 4444 1287 4525 expelletur,
1324 4462 1425 4505 vos
1468 4462 1602 4505 vero
1633 4455 1690 4506 et
1719 4463 1828 4523 ego
1857 4448 1967 4507 hac
1999 4454 2055 4507 in

400 4554 469 4599 re
526 4535 864 4599 vacabimus
919 4534 1418 4611 reprehensione.
1484 4532 1580 4595 Sic
1631 4533 1784 4595 illia
1842 4535 2059 4614 seipsis

2146 3373 2325 3433 οὗτος·
2385 3374 2413 3428 ὀ
2484 3370 2535 3427 δὲ
2599 3370 2793 3446 σπόρος
2840 3377 3100 3433 τοιοῦτος·
3165 3370 3211 3424 οἱ
3258 3365 3527 3442 δεξάμενοι
3588 3365 3643 3423 δὲ
3702 3366 3800 3424 οὐκ

2144 3460 2363 3518 ἄλλοθεν
2440 3462 2475 3529 ἢ
2542 3467 2634 3517 τοῦ
2721 3460 2864 3521 εὒθός
2921 3457 3085 3514 ταῦτα
3142 3455 3438 3533 βλαστῆσαι
3513 3456 3794 3534 γνώριμοι.

2143 3550 2293 3625 ’Ἅμα
2349 3553 2474 3628 γοῦν
2532 3547 2722 3606 ἔλαϐον
2785 3549 2885 3618 τήν
2940 3548 3167 3625 σπορὰν,
3231 3546 3457 3625 ἤνεγκαν
3514 3548 3605 3602 τὸν
3661 3569 3799 3623 καρ-

2145 3642 2270 3696 πόν*
2329 3642 2418 3698 καὶ
2450 3641 2694 3718 προσίασι
2741 3645 2815 3710 τῷ
2873 3636 3174 3711 ἐπισκὸπῳ,
3211 3637 3297 3692 καὶ
3352 3638 3426 3700 ὡς
3456 3637 3490 3703 ἡ
3532 3634 3702 3712 βουλὴ
3732 3637 3799 3695 τὰ

2144 3732 2282 3786 κατὰ
2339 3732 2429 3787 τὸν
2506 3728 2648 3786 ὅσιον
2730 3724 3181 3806 ἀπαγγέλλουσιν.
3248 3724 3306 3784 Ὀ
3376 3724 3431 3781 δε
3512 3724 3800 3790 ἐπίσκοπος

2146 3818 2763 3881 Κωνσταντινουπόλεως
2856 3814 3191 3892 (Ἀνατὸλιος
3275 3814 3393 3894 ἦν),
3474 3816 3570 3873 Καὶ
3654 3820 3794 3889 πῶς,

2146 3912 2331 3990 φησὶν,
2417 3910 2691 3989 ἄνθρωπον
2774 3912 2953 3968 κακῶς
3055 3904 3261 3981 λέγετε,
3343 3904 3432 3960 καὶ
3506 3901 3796 3969 ἐξελαύνειν

2143 4001 2475 4080 ἐπιχειρεῖτε
2520 4000 2577 4055 ’ὃν
2635 3997 2754 4056 οὔτε
2808 3998 2966 4053 πόθεν
3011 3996 3152 4051 ἐστὶν
3198 3991 3381 4051 οἴδατε
3441 3992 3555 4050 οὐδὲ
3608 3998 3724 4055 οἷος
3771 3995 3801 4050 ὀ

2135 4090 2329 4163 τρόπος
2408 4091 2549 4162 αὐτῷ
2613 4094 2712 4153 τῆς
2773 4085 3098 4164 διαγωγῆςς
3158 4082 3470 4142 Τοῦναντίον
3542 4084 3640 4160 μὲν
3709 4086 3801 4141 οὖν

2137 4170 2252 4235 δέον
2313 4179 2401 4251 ἐᾷν
2456 4178 2613 4235 αὐτὸν
2671 4178 2936 4252 ἐνταυθοῖ,
2972 4173 3046 4228 ’ἕν’
3098 4174 3141 4230 εί
3198 4173 3298 4248 μὲν
3340 4172 3534 4249 ἀγαθὸς
3591 4174 3651 4243 ἦ,
3708 4175 3801 4231 καὶ

2139 4269 2276 4341 ἡμῖν
2336 4266 2653 4334 κοινωνήσει
2685 4270 2780 4331 τῆς
2838 4263 3121 4341 ὠφελείας
3156 4264 3201 4318 εἰ
3257 4260 3309 4317 δὲ
3341 4263 3639 4319 τούναντίον
3698 4264 3798 4319 αὐ-

2138 4359 2230 4419 τὸς
2292 4358 2391 4431 μὲν
2461 4355 2674 4420 δικαίως
2731 4354 2965 4409 ἐντεῦθεν
3025 4352 3287 4429 ἂπελαθῇ,
3334 4355 3493 4425 ὑμεῖς
3549 4350 3604 4408 δὲ
3650 4352 3802 4430 κάγὼ

2137 4449 2283 4518 ὦμεν
2358 4445 2422 4500 τά
2491 4466 2551 4521 γε
2609 4454 2828 4502 τοιαῦτα
2903 4441 3253 4520 ἀνέγκλητοι.
3328 4442 3507 4507 Οὕτως
3593 4441 3798 4498 ἐκεῖνοι

2139 4533 2357 4596 ἁλόντες
2414 4530 2498 4613 ὑφ’
2557 4534 2758 4590 ἑαιτῶν
2819 4532 3079 4612 (τοιοῦτον
3134 4533 3235 4610 γὰρ
3284 4534 3318 4600 ἡ
3389 4531 3570 4588 κακία*
3633 4531 3800 4607 ἑαυτῇ

401 4627 555 4706 capti
570 4628 694 4715 (res
722 4622 999 4715 enimuest
1026 4620 1325 4715 ejusmodi
1359 4620 1789 4715 vit_ium,ipsum
1812 4624 2052 4704 quidem

2150 4630 2423 4703 πανταχοῦ
2475 4625 2800 4701 περιπίπτει,
2859 4624 2948 4679 καὶ
3010 4636 3127 4687 τοῖς
3184 4621 3396 4685 οἰκείοις
3464 4618 3793 4700 ἁλίσκεται),

398 4715 464 4775 in
494 4714 759 4793 seipsum
792 4712 974 4791 cadit,
1003 4718 1062 4773 et
1087 4728 1122 4771 a
1151 4707 1331 4771 rebus
1356 4710 1480 4770 suis
1506 4712 1757 4791 capitur)
1794 4730 1912 4793 pra:
1940 4734 2053 4795 pu-

2150 4715 2369 4793 ιῖσχύνῃ
2424 4714 2491 4769 τὰ
2544 4715 2804 4792 πρόσωπα
2895 4711 3244 4792 καλυφθέντες
3314 4721 3405 4770 τοῦ
3473 4723 3795 4788 κακουργεῖν

401 4801 549 4865 dore
578 4800 772 4864 vultus
804 4806 1078 4879 tegentes
1110 4806 1421 4860 cessarunt
1449 4798 1522 4860 ab
1553 4799 1953 4880 improbitate.

483 4968 612 5034 XII.
648 4970 968 5052 Postquam
1020 4977 1216 5031 autem
1249 4985 1458 5030 eorum
1517 4968 1764 5032 insidias
1796 4972 1880 5033 sic
1912 4974 2055 5038 vidit

2136 4803 2342 4860 ἐπαύσα
2353 4826 2436 4860 ντο
2447 4849 2459 4863 .

2286 4984 2300 5006 ν
2383 4983 2478 5019 ἀι..
2606 4986 2690 5019 una:
2746 4983 2946 5019 nucleo-nu
2978 4983 3133 5019 κληιῆῆ
3181 4980 3276 5019 Ῥηλυ
3310 4977 3599 5019 ξηιέηηὶσλυ
3654 4977 3711 5019 m'i

2286 4984 2300 5006 9
2383 4983 2398 5007 ν
2677 4986 2690 5003 ‘
2828 4983 2840 5004 I
3018 4983 3031 5003 ἳ
3106 4989 3128 4998 υ
3220 4980 3233 4998 ‘
3313 4978 3325 4996 9
3466 5002 3475 5019 '
3540 4979 3551 4992 ⁸
3685 4977 3711 5015 r7

2219 4992 2279 5041 IB
2311 5029 2322 5043 .
2406 4996 2478 5047 Ως
2521 4981 2574 5037 δὲ
2606 5004 2693 5039 και
2746 5003 2946 5047 ταυτην
2977 5001 3134 5038 αυτου
3181 5000 3276 5047 την
3309 4976 3599 5048 επιϐοδλην
3654 5000 3795 5035 ουτω

401 5060 696 5140 malignus
724 5077 857 5122 esse
887 5060 1108 5133 irritas,
1144 5059 1386 5135 longum
1421 5067 1584 5120 esset
1613 5058 1836 5134 dicere,
1874 5082 2050 5142 quam

2150 5072 2279 5129 εῖδεν
2328 5071 2715 5129 διαλυθεῖσανὸ
2772 5071 3026 5147 πονηρὸς,
3085 5069 3287 5145 μακρὸν
3345 5068 3407 5123 ἃν
3466 5069 3558 5135 εἴη
3616 5066 3797 5145 λέγειν

401 5149 616 5213 multas
641 5148 885 5232 quidem
915 5167 1126 5211 rursus
1147 5148 1404 5211 visiones
1427 5148 1729 5229 prioribus
1747 5154 2053 5228 graviores

2150 5162 2267 5227 Ξσας
2300 5164 2399 5239 μὲν
2440 5161 2601 5219 πάλιν
2632 5161 2919 5240 φαντασίας
2965 5163 3068 5213 τῶν
3126 5158 3243 5234 πρὶν
3274 5155 3567 5235 δεινοτέρας
3625 5157 3797 5235 ἐπῆγε

393 5240 569 5303 beato
618 5239 914 5315 intulerit,
948 5256 1126 5321 quam
1162 5238 1377 5299 multas
1424 5246 1620 5300 autem
1656 5241 1961 5305 molestias
1995 5254 2053 5306 et

2150 5260 2209 5325 τῷ
2268 5254 2533 5328 μακαρίῳ,
2569 5251 2696 5312 ὅσας
2757 5249 2808 5304 δὲ
2840 5249 2936 5310 τὰς
2982 5249 3240 5325 ὀχλήσεις
3289 5253 3378 5302 νῦν
3413 5248 3509 5323 μὲν
3558 5245 3796 5304 ἀπειλῶν

396 5329 762 5406 vexationes,
798 5348 958 5392 nunc
992 5328 1231 5407 quidem
1261 5328 1453 5391 minas
1499 5346 1563 5389 se
1588 5348 1724 5391 eum
1758 5330 2051 5395 interem-

2150 5344 2293 5399 ιὺτὸν
2350 5341 2587 5419 ἀνελεῖν,
2620 5347 2706 5396 νῦν
2759 5336 2814 5394 δὲ
2844 5342 3276 5416 καταποντῶσαι,
3310 5344 3396 5393 νῦν
3455 5335 3509 5392 δὲ
3555 5336 3685 5394 ἄλλο
3742 5360 3795 5395 τι

399 5430 830 5503 pturum,nunc
854 5436 995 5483 vero
1014 5419 1075 5481 in
1099 5427 1244 5481 mari
1265 5418 1741 5497 submersurum,
1771 5439 1929 5484 nunc
1952 5443 2053 5486 au-

2150 5431 2319 5508 Ξρᾶσαι
2377 5432 2483 5487 τῶν
2532 5418 2866 5506 ἀϐουλήτων,
2910 5426 3010 5483 κᾶν
3055 5425 3137 5483 ὅτι
3193 5426 3424 5502 μαλιστα
3480 5433 3644 5484 ταῦτα
3680 5449 3795 5484 πα-

397 5520 517 5574 tem
569 5508 793 5590 aliquid
837 5508 999 5572 aliud
1058 5508 1348 5572 facturum
1410 5526 1616 5570 eorum
1649 5528 1781 5589 quae
1834 5510 2036 5587 nollet,

2150 5539 2240 5579 νεῖν
2296 5519 2384 5577 ὑπ’
2442 5522 2642 5577 ἐκείνου
2694 5520 2848 5583 αὺτὸς
2917 5540 2966 5574 τε
3024 5522 3110 5575 καὶ
3158 5518 3217 5574 τό
3274 5516 3359 5574 ὄπ’
3407 5520 3562 5574 αὖτὸν
3621 5520 3790 5597 στρα-

396 5600 626 5664 etiamsi
660 5600 920 5663 maxime
952 5609 1009 5662 et
1031 5599 1159 5681 ipse
1190 5608 1248 5661 et
1278 5598 1466 5660 malus
1486 5597 1618 5677 ejus
1651 5605 1948 5687 exercitus
1970 5606 2042 5665 ab

2150 5634 2297 5686 εευμα
2355 5612 2588 5687 πονηρὸν
2643 5608 2889 5683 ἔμελλον,
2955 5606 3049 5673 ’δὶς
3109 5609 3208 5687 γὰρ
3257 5606 3321 5675 δὴ
3378 5608 3626 5670 κάκεῖνος
3657 5606 3788 5665 δια-

389 5691 523 5772 ipso
549 5690 676 5753 haec
699 5698 868 5753 erant
892 5691 1121 5771 passuri
1138 5687 1302 5778 Nam
1323 5698 1636 5778 postquam
1666 5686 2045 5778 ille_surgens

2150 5702 2324 5765 ιαστὲις
2398 5699 2731 5778 προσηύξατό
2791 5718 2847 5755 τε
2918 5700 3006 5756 καὶ
3075 5697 3398 5775 θαρρούντως
3471 5695 3782 5778 ἐφθέγξατο,

389 5782 596 5863 oravit,
633 5790 691 5844 et
740 5780 1023 5845 audacter
1053 5787 1143 5843 est
1170 5777 1426 5855 locutus,
1464 5775 1674 5838 dicens
1709 5794 1722 5840 :
1757 5774 2048 5853 Dominus

2154 5789 2335 5858 ιησοῦς
2369 5791 2396 5846 ὀ
2426 5790 2674 5871 Χριστὸς,
2706 5789 2761 5846 ὅν
2808 5787 3087 5847 ἐπίστευσά
3121 5808 3177 5844 τε
3207 5787 3293 5845 καὶ
3326 5788 3582 5864 πιστεύω,
3623 5787 3784 5857 αὒτός
