4086 6460
370 408 488 475 985

1497 408 1684 476 VITA
1729 407 1791 473 S.
1838 407 2200 472 DANIELIS
2241 406 2616 474 STYLIT/E.

3623 400 3742 468 986

362 548 502 624 ὑμᾶς
546 545 619 611 εἷς
651 544 749 614 τὴν
800 541 1025 605 ἄϐυσσον
1078 544 1506 603 καταποντώσειε
1564 545 1664 613 τὴν
1719 543 1961 625 ἐσχάτην

2096 541 2272 607 Jesus
2302 543 2594 627 Christus,
2628 545 2687 607 in
2719 562 2897 627 quem
2934 544 3274 610 credidistis
3310 543 3393 624 (Ι)
3424 549 3483 605 et
3526 537 3735 614 credo,

361 638 560 694 ἐκεῖνοι
614 635 731 692 τότε
773 637 971 712 πικρὸν
1004 634 1343 701 ὀλολύξαντες
1395 637 1483 693 καὶ
1537 636 1725 715 γοερὸν
1776 634 1987 712 ἀνακρά-

2095 634 2225 715 ipse
2244 653 2345 697 vos
2366 637 2424 697 in
2448 637 2724 699 ultimum
2748 638 3024 719 abyssum
3047 636 3445 700 demerserit:
3482 632 3568 696 illi
3600 640 3738 691 tunc

359 725 565 794 ξαντες,

654 728 741 783 καὶ
819 732 897 800 τῷ
982 724 1159 783 δοκεῖν
1243 726 1309 782 τὰ
1391 727 1652 804 πρόσωπα
1723 726 1987 783 τύπτοντες

2093 724 2313 787 acerbe
2338 727 2635 790 ululantes
2666 736 2723 789 et
2754 728 3038 791 ﬂebiliter
3052 728 3468 807 clamantes,et
3489 739 3627 787 suas
3652 720 3739 782 fa-

356 818 645 895 νυκτερίσιν
705 814 1075 897 ὁμοιωθέντες,
1147 817 1304 875 αὑτοῦ
1372 815 1573 873 ἑκείνου
1648 822 1810 874 ταῦτα

2094 812 2239 887 cies,
2278 823 2342 876 ut
2367 817 2738 889 videbantur,
2794 818 3120 898 pulsantes,
3145 816 3452 880 assimilati
3482 828 3733 896 vesper-

350 929 549 972 ποντος
604 905 697 964 τοῦ
751 906 896 962 ὁσίου
953 903 1255 977 ἐξῆλθόντε,
1314 904 1411 962 xcvi
1469 906 1715 970 ἀπιόντες
1771 908 2005 985 ᾤχοντο.

349 998 412 1056 '0
443 995 495 1053 δὲ
550 994 817 1072 μηδέποτε
849 1004 940 1054 τοῦ
997 995 1306 1067 ἐπηρεάζειν
1367 995 1692 1071 παυόμενος,
1753 996 2004 1074 νομίζων,

352 1087 396 1142 εἰ
437 1089 650 1151 πυκνῶς
702 1088 867 1159 αὐτῷ,
925 1086 1160 1162 καθάπερ
1218 1084 1273 1141 ἐν
1330 1082 1628 1164 πολιορκίᾳ,
1691 1083 2003 1163 προσϐάλοι,

354 1174 454 1252 ὀψὲ
502 1183 629 1254 γοῦν
685 1173 926 1254 χαλάσαι
970 1182 1062 1232 τοῦ
1111 1175 1369 1254 μακαρίου
1421 1176 1481 1231 τὸ
1510 1176 1758 1254 φρόνημα
1788 1173 2003 1239 δυνατὸς

358 1265 522 1343 ἔσται,
554 1266 649 1321 καί
678 1264 764 1321 ἐπὶ
813 1265 989 1343 τρίτην
1040 1277 1231 1344 πεῖραν
1288 1263 1384 1320 καΐ
1442 1264 1755 1342 κακουργίαν
1803 1276 2001 1344 χωρεῖ,

351 1356 437 1412 καὶ
495 1355 619 1419 τοὺς
674 1356 959 1435 προτέρως
1016 1353 1161 1429 αύτῷ
1217 1356 1543 1435 συκοφάντας
1616 1354 1839 1411 ἑπισείει
1909 1353 2004 1410 καί

348 1445 493 1508 αὗθις
525 1445 660 1519 μετὰ
689 1452 783 1502 τοῦ
813 1444 971 1501 αὖτοῦ
1010 1445 1434 1524 μηχανήματος,
1484 1443 1554 1503 Οἵ
1583 1442 1648 1512 δὴ
1704 1444 1789 1501 καὶ
1830 1465 2002 1524 προσ-

347 1533 590 1597 ελθόντες
646 1540 724 1609 τῷ
781 1533 1078 1613 ἐπισκόπῳ,
1140 1533 1321 1611 ὥσπερ
1351 1533 1455 1601 ἤδη
1508 1535 1575 1590 τα
1628 1533 1855 1612 μέγιστα
1882 1532 2002 1589 ἀδι-

343 1625 620 1701 κούμενοι,
680 1633 976 1702 κακοῦργον
1035 1624 1126 1679 τὸν
1172 1622 1318 1680 ὅσιον
1376 1623 1575 1702 εἴρωνά
1631 1645 1689 1679 τε
1737 1624 1827 1679 καὶ
1858 1623 2004 1679 ἄπα-

341 1720 516 1773 τεῶνα
549 1712 792 1787 ἐκάλουν,
832 1714 917 1770 καί
966 1711 1046 1769 ὅτι
1098 1714 1443 1793 Δύσχρηστος
1504 1715 1640 1784 ἡμῖν
1699 1712 1810 1768 ἐστι
1868 1735 2002 1794 φορ-

339 1803 491 1868 τικός
519 1825 579 1860 τε
609 1802 705 1859 καῖ
761 1805 924 1879 μόνον
973 1802 1332 1877 βλεπόμενος,
1386 1803 1643 1868 Κάκεῖνος
1674 1801 1849 1870 ἥττων
1898 1802 2000 1870 ἤδη

2093 903 2529 986 tilionibus,illo
2552 907 2681 988 ipso
2705 909 2831 971 haec
2851 907 3226 989 adspiciente
3255 916 3485 982 sancto,
3510 900 3737 985 egressi

2090 1000 2231 1054 sunt
2253 1003 2310 1056 et
2331 994 2627 1059 abierunt.
2663 996 2770 1060 Ille
2816 1007 3013 1061 autem
3040 1014 3340 1078 nunquam
3363 1012 3606 1058 cessans
3632 991 3732 1054 in-

2083 1081 2306 1161 juriam
2342 1085 2560 1168 facere,
2593 1088 2940 1150 existimans
2969 1087 3127 1170 quod
3156 1088 3205 1149 si
3236 1105 3370 1148 eum
3404 1102 3564 1165 saepe
3592 1092 3728 1144 tan-

2088 1190 2267 1252 quam
2301 1174 2362 1238 in
2392 1175 2558 1238 urbis
2588 1177 2902 1241 obsidione
2932 1178 3262 1258 invaderet,
3283 1175 3523 1238 tandem
3556 1180 3730 1255 pote-

2086 1261 2164 1322 rit
2196 1262 2355 1326 beati
2374 1266 2620 1346 spiritus
2642 1276 2699 1329 et
2720 1286 3080 1349 generosum
3103 1266 3367 1329 animum
3387 1265 3730 1347 deprimere

2086 1369 2156 1413 ac
2185 1352 2487 1435 frangere,
2536 1358 2770 1420 accedit
2820 1358 2895 1419 ad
2933 1357 3208 1419 maleﬁcii
3240 1356 3471 1418 tertiam
3506 1353 3724 1436 proba-

2086 1441 2332 1515 tionem,
2362 1456 2421 1507 et
2451 1446 2738 1509 adversus
2777 1466 2914 1509 eum
2948 1465 3156 1509 rursus
3200 1453 3537 1508 commovet
3567 1442 3723 1524 prio-

2086 1550 2186 1595 res
2217 1535 2700 1599 calumniatores.
2732 1539 2844 1612 Qui
2898 1555 3032 1599 cum
3067 1535 3470 1598 accessissent
3498 1534 3570 1596 ad
3603 1532 3731 1612 epi-

2085 1642 2359 1705 scopum,
2397 1627 2648 1707 perinde
2677 1645 2747 1690 ac
2770 1628 2893 1708 jam
2929 1626 3203 1688 maximis
3233 1623 3427 1688 aﬂ'ecti
3459 1622 3723 1703 injuriis,

2084 1723 2355 1775 sanctum
2389 1714 2678 1777 vocabant
2710 1716 3068 1787 maleﬁcum,
3104 1714 3640 1789 simulatoremque
3671 1720 3731 1772 et

2083 1803 2510 1885 deceptorem;
2570 1806 2972 1887 dicebantque
3043 1807 3173 1887 ejus
3228 1802 3726 1866 consuetudinem

338 1895 629 1975 γενόμενος
686 1901 793 1951 τῶν
850 1893 1161 1974 ὀχλήσεων,
1238 1892 1459 1969 πέμψας
1532 1894 1679 1953 εῦθὺς
1736 1892 1853 1970 ἄγει
1908 1894 1987 1949 tbi

2084 1910 2218 1954 esse
2248 1894 2335 1954 eis
2365 1893 2833 1968 intolerabilem,
2869 1903 2931 1955 ut
2956 1895 3058 1976 qui
3095 1894 3185 1956 vel
3215 1894 3341 1955 solo
3370 1901 3616 1972 aspectu
3648 1892 3727 1952 sit

342 1983 548 2051 Δανιὴλ
605 1981 730 2063 παρ’
803 1985 958 2040 αὒτὸν
1015 1985 1103 2040 καὶ
1159 1983 1470 2039 πυνθάνεται
1522 1982 1601 2048 τίς
1659 2003 1715 2038 τε
1773 1981 1848 2039 ὢν
1910 1985 1999 2040 καὶ

337 2075 498 2133 πόθεν
553 2074 650 2131 καὶ
709 2077 861 2131 τίνων
912 2072 1184 2147 δεόμενος,
1241 2073 1327 2129 καὶ
1376 2071 1461 2129 ἐπὶ
1516 2078 1643 2128 πᾶσι
1691 2073 1845 2136 ποίας
1900 2071 1997 2151 ἄρα

336 2166 459 2242 περὶ
513 2165 573 2220 τὸ
636 2167 784 2220 θετον
839 2161 994 2230 δόξης
1055 2162 1319 2243 ἐχόμενος
1374 2164 1576 2227 τούτοις
1620 2175 1737 2226 τοῖς
1783 2163 1995 2241 μέρισιν

338 2253 703 2329 ἐπεδήμησεν,
769 2245 825 2311 Ὀ
883 2251 937 2309 δὲ
967 2252 1060 2309 τοῦ
1115 2252 1368 2329 μεγίστου
1398 2254 1483 2310 καὶ
1514 2251 1725 2331 πρώτου
1772 2253 1871 2318 τῆς
1920 2254 1992 2313 εἰς

342 2346 565 2422 Χριστὸν
637 2341 917 2424 ὀφθοδὸξου
977 2344 1206 2405 πίστεως
1263 2345 1447 2419 πρῶτα
1507 2342 1780 2418 μνησθε“ς,
1856 2340 1993 2398 οὕτω

346 2432 416 2502 δή
444 2435 526 2490 καὶ
571 2432 741 2490 τίλλα
802 2446 1034 2509 συ-ιετρε,
1089 2429 1310 2509 πατρίδα
1344 2432 1437 2489 καῖ
1485 2432 1660 2512 γένος,
1721 2433 1807 2488 καὶ
1840 2430 1993 2495 τέλος

346 2522 428 2579 ὅτι
482 2524 585 2580 θεία
637 2528 826 2580 τοῦτον
881 2523 1124 2590 εκίνησεν
1193 2521 1530 2598 ἀποκάλυψις
1588 2524 1647 2578 τὸ
1713 2522 1993 2593 Βυζάντιόν

340 2634 396 2669 τε
458 2611 584 2670 raw.
653 2613 750 2670 καὶ
817 2612 885 2668 τὰ
955 2610 1172 2669 ἐνταῦθα
1245 2608 1594 2670 καταλαϐεῖν.
1672 2618 1847 2670 Ταῦτα
1919 2612 1993 2674 ὡς

331 2700 557 2770 ἤκουσεν
615 2702 643 2759 ὁ
702 2700 1014 2774 ἐπίσκοπος,
1077 2699 1347 2767 ὑπανέστη
1419 2702 1508 2758 καὶ
1575 2700 1987 2778 περιεπτύξατο,

332 2794 415 2870 κρί
445 2793 519 2856 ὡς
548 2796 693 2848 θεῖον
750 2790 994 2872 ἀτεχνῶς
1051 2789 1209 2869 ἄνδρα
1264 2789 1509 2865 ἐτίμησε,
1575 2795 1662 2847 καὶ
1718 2803 1838 2856 τοῖς
1870 2790 1991 2848 κατ’

330 2882 492 2939 αὒτοῦ
547 2879 791 2959 λέγουσιν
862 2877 1175 2953 ἐπετίμησε.
1256 2881 1352 2937 Καὶ
1421 2882 1584 2937 ταῦτα
1656 2879 1755 2955 μὲν
1825 2879 1989 2948 οὕτως

330 2971 726 3049 ἐστρατήγηται
784 2968 964 3033 καλῶς
1021 2976 1098 3042 τῷ
1156 2970 1398 3046 μεγάλῳ
1454 2971 1547 3025 οὒκ
1574 2970 1640 3038 ἧν
1670 2968 1723 3025 δὲ
1772 2971 1987 3036 πάντως

329 3064 420 3118 τὸν
450 3062 549 3128 τὴν
582 3067 814 3138 Χριστοῦ
865 3058 1138 3115 πολιτείαν
1196 3058 1583 3135 ἐπανελόμενον
1633 3061 1711 3135 μὴ
1755 3062 1850 3117 καί
1889 3064 1989 3126 τὴν

329 3150 475 3217 τάξιν
533 3156 632 3217 τῆς
687 3150 953 3213 πολιτείας
1009 3150 1082 3213 εἰς
1154 3146 1370 3205 δυνατὸν
1428 3154 1655 3229 φανῆναι
1715 3151 1984 3226 μιμούμε..

2083 1984 2372 2047 molestus
2429 1994 2489 2047 et
2541 1986 2940 2064 importunus.
2988 1985 3095 2047 Ille
3145 2002 3282 2045 vero
3308 1984 3432 2064 jam
3462 1982 3652 2043 victus
3684 1998 3717 2040 a

2080 2080 2166 2133 tot
2193 2074 2710 2152 vexa'iouibus,ad
2735 2093 2801 2137 se
2828 2074 3427 2145 accersitDanielem,
3462 2080 3520 2134 et
3553 2077 3721 2149 rogat

2078 2162 2353 2242 quisnam
2387 2164 2482 2236 sit,
2511 2173 2565 2226 et
2597 2165 3218 2246 unde,etquibusnam
3240 2164 3422 2225 rebus
3444 2179 3593 2243 opus
3616 2162 3721 2222 ha-

2076 2249 2247 2331 bens,
2284 2259 2345 2315 et
2374 2263 2697 2334 postremo,
2759 2273 3077 2336 quamnam
3138 2255 3199 2315 in
3263 2256 3448 2317 Deum
3507 2260 3717 2311 tenens

2077 2342 2445 2421 opinionem,
2484 2345 2541 2405 in
2576 2345 2682 2407 has
2715 2355 2911 2426 partes
2939 2345 3171 2408 venerit
3215 2344 3321 2407 Ille
3351 2351 3546 2404 autem
3579 2357 3714 2402 cum

2079 2431 2231 2511 ejus,
2264 2434 2419 2514 quod
2464 2443 2555 2495 est
2611 2436 2928 2497 maximum
2963 2444 3024 2498 et
3055 2435 3342 2516 primum,
3371 2449 3590 2509 nempe
3622 2446 3715 2490 or-

2079 2521 2352 2584 thodoxa;
2380 2524 2440 2584 in
2492 2524 2791 2587 Christum
2824 2526 2985 2594 ﬁdei.
3025 2526 3280 2606 primum
3316 2520 3715 2599 meminisset,

2077 2609 2192 2671 alia
2213 2611 2433 2675 deinde
2453 2616 2782 2689 contexuit,
2803 2616 3146 2697 patriam,et
3169 2620 3449 2695 genus,et
3478 2610 3659 2671 tinem
3699 2629 3712 2671 :

2077 2718 2296 2781 nempe
2325 2704 2480 2784 quod
2516 2723 2651 2767 eum
2686 2706 2885 2767 divina
2922 2706 3172 2768 moverit
3214 2701 3520 2773 revelatio,
3547 2713 3608 2760 ut
3635 2697 3715 2759 vi-

2075 2789 2247 2852 deret
2266 2792 2633 2877 Byzantium,
2678 2806 2736 2857 et
2786 2797 2847 2857 in
2901 2797 3027 2858 hanc
3084 2797 3216 2857 loca
3262 2792 3515 2855 veniret.
3568 2788 3708 2852 Haec

2074 2897 2207 2941 cum
2240 2882 2562 2946 audivisset
2609 2886 2950 2967 episcopus,
2983 2883 3327 2957 assurrexit,
3362 2892 3427 2944 et
3457 2898 3591 2943 eum
3621 2884 3713 2939 est

2072 2971 2404 3051 amplexus,
2438 2982 2496 3036 et
2526 2993 2663 3037 eum
2714 2984 2992 3057 tanquam
3055 2976 3243 3037 virum
3294 2989 3509 3034 revera
3556 2968 3713 3031 divi-

2073 3078 2215 3121 num
2261 3064 2590 3128 honoravit.
2617 3066 2808 3147 Atque
2834 3068 2957 3128 haec
2978 3066 3219 3148 quidem
3254 3064 3343 3125 sic
3366 3070 3530 3125 recte
3551 3066 3715 3140 gesta

2072 3148 2307 3213 fuerant
2326 3172 2358 3214 a
2380 3171 2590 3234 magno
2609 3157 2874 3218 Daniele.
2918 3156 3066 3220 Fieri
3091 3167 3293 3216 autem
3320 3152 3560 3214 omnino
3592 3167 3709 3211 non

328 3265 440 3301 νον.
476 3241 688 3318 ’Ὥσπερ
719 3240 808 3296 οὖν
838 3240 866 3295 ὁ
896 3240 1078 3295 τούτου
1134 3241 1411 3305 Δεσπότης
1467 3241 1603 3315 μετὰ
1656 3243 1745 3297 τὸν
1796 3264 1987 3319 πειρα-

2074 3249 2326 3321 ροιθιαῐ,
2362 3252 2423 3305 ut
2466 3246 2565 3327 qui
2599 3246 2817 3308 Christi
2878 3247 3006 3308 vitae
3048 3246 3398 3336 institutum
3434 3258 3713 3321 suscepe-

330 3334 464 3408 σμὸν
497 3330 732 3411 φαίνεται
762 3335 869 3384 τῶν
912 3330 1150 3403 σημείων
1212 3329 1539 3409 ἀρχόμεοος,
1601 3331 1739 3386 οὕτω
1795 3330 1860 3399 δὴ
1896 3336 1987 3389 καί

2073 3341 2182 3406 rat,
2219 3353 2334 3394 non
2397 3336 2572 3397 etiam
2633 3337 2765 3417 ejus
2824 3337 2955 3399 vitae
3003 3334 3250 3416 agendae
3297 3332 3569 3395 ordinem
3604 3348 3710 3411 pro

332 3423 506 3500 οὗτος,
592 3418 737 3485 πλὴν
810 3420 931 3475 ὁσον
1018 3420 1105 3474 καὶ
1189 3420 1376 3476 τοῦτον
1448 3420 1645 3476 ἐκείνου
1716 3428 1986 3484 κινοῦντος

327 3513 414 3568 καὶ
481 3511 667 3567 τούτου
733 3515 803 3585 τῇ
876 3508 1077 3565 ἐκείνου
1160 3506 1377 3585 δυνάμει
1462 3514 1837 3590 κατορθοῦντος
1919 3512 1988 3567 τὰ

326 3602 591 3678 θαύματα.

410 3777 512 3837 ῐΓ’.
581 3770 803 3858 Ἡμέραι
860 3777 1132 3858 παρῆλθον
1189 3780 1311 3857 οὖχὶ
1383 3780 1598 3858 συχναὶ,
1672 3779 1759 3835 καὶ
1830 3781 1983 3844 νόσος

325 3870 645 3939 ὲπισκήπτει
704 3875 780 3942 τῷ
839 3870 1151 3949 πατριάρχῃ
1208 3866 1377 3947 δεινὴ,
1430 3866 1464 3934 ἤ
1514 3869 1601 3925 καὶ
1651 3869 1832 3934 ἱκέτην
1884 3872 1981 3927 αὗ-

324 3961 418 4017 τὸν
474 3959 712 4037 γενέσθαι
779 3965 871 4014 τοῦ
940 3959 1086 4015 ὁσίου
1157 3970 1328 4036 ποιεῖ,
1405 3959 1491 4013 καὶ
1563 3958 1981 4033 μεταστέλλεται

324 4056 507 4106 τοῦτον
552 4049 722 4120 εὖθὺς,
756 4047 853 4104 καί
909 4049 1038 4127 ὑπὲρ
1096 4049 1253 4103 αἰετοῦ
1314 4045 1564 4114 δεηθῆναι
1625 4046 1796 4103 δεϊττι
1850 4056 1981 4122 Χρι-

325 4140 450 4195 στὸν
502 4137 761 4215 βοηθῆσαι
820 4136 1067 4202 κάμοντι.
1143 4144 1245 4194 Τοῦ
1314 4135 1369 4192 δὲ
1440 4138 1506 4193 τὰ
1561 4138 1759 4214 γόνατα
1819 4138 1980 4213 μόνον

325 4231 398 4291 εἷς
455 4227 627 4307 εὖχὴν
685 4225 962 4290 κλίναντος
1020 4227 1192 4303 παρῆν
1235 4226 1468 4297 ἐπήκοος
1513 4230 1541 4284 ὁ
1588 4229 1810 4305 Χριστὸς
1842 4231 1978 4309 φθά·

323 4341 426 4376 νων
490 4323 679 4395 μικροῦ
736 4318 823 4373 καὶ
882 4317 979 4384 τὴν
1038 4315 1281 4384 αἴτησιν
1333 4319 1421 4373 καὶ
1456 4319 1491 4380 ἡ
1526 4317 1675 4381 νόσος
1703 4318 1842 4395 ῥᾳων
1883 4319 1971 4393 ἦν,

320 4409 409 4465 καὶ
470 4408 497 4462 ὁ
558 4407 836 4486 ἀρχιερεὺς
894 4406 1126 4474 ἀπαθῆς.
1187 4408 1283 4465 Καὶ
1341 4406 1479 4463 οὕτω
1511 4407 1607 4481 μέν
1635 4408 1700 4463 τὰ
1728 4414 1819 4465 τοῦ
1846 4410 1975 4464 θαύ-

321 4513 514 4574 ματος⁶
574 4499 634 4553 οὔ
689 4496 895 4570 μᾶλλον
948 4496 1004 4551 δὲ
1062 4496 1125 4553 ἄν
1179 4518 1261 4561 τις
1319 4497 1476 4552 αὑτὸν
1525 4495 1820 4575 ἐκπλαγείη
1875 4504 1973 4566 τῆς

2073 3422 2299 3485 viribus
2327 3424 2631 3487 videretur
2651 3427 2895 3490 imitari.
2922 3425 3235 3499 Quomodo
3266 3442 3407 3503 ergo
3430 3423 3563 3502 ejus
3594 3421 3709 3483 Uo-

2074 3512 2272 3573 minus
2290 3532 2426 3575 cum
2453 3517 2880 3578 tentationihus
2902 3517 3069 3597 signa
3099 3515 3337 3577 videtur
3364 3513 3701 3579 inchoasse.

2069 3600 2151 3662 ita
2183 3602 2278 3664 hic
2306 3624 2566 3685 quoque,
2600 3608 2716 3668 nisi
2764 3616 3061 3688 quatenus
3089 3606 3192 3667 ille
3224 3607 3380 3666 hunc
3412 3601 3709 3682 movebat,

2071 3698 2129 3751 et
2160 3692 2257 3754 hic
2288 3693 2452 3756 illius
2481 3696 2703 3757 virtute
2734 3696 2986 3759 faciebat
3019 3696 3329 3757 miracula.

2148 3781 2313 3845 XIII.
2342 3781 2469 3845 Non
2493 3784 2660 3846 multi
2684 3785 2812 3846 dies
2845 3785 3349 3865 pmterieruntﬂ
3378 3784 3710 3845 vehemens

2070 3869 2313 3931 morbus
2343 3872 2564 3935 invadit
2596 3875 2992 3953 patriarcham
3028 3892 3041 3936 :
3073 3873 3174 3954 qui
3206 3873 3380 3934 etiam
3407 3871 3609 3950 etIicit,
3643 3877 3707 3933 ut

2066 3958 2118 4020 is
2143 3959 2315 4021 ﬁeret
2345 3971 2550 4023 sancto
2583 3964 2857 4044 supplex,
2892 3972 2950 4025 et
2999 3982 3134 4025 eum
3190 3961 3477 4023 continuo
3505 3977 3708 4022 accer-

2063 4058 2248 4122 seret,
2282 4059 2344 4111 ut
2373 4069 2478 4130 pro
2524 4052 2651 4131 ipso
2683 4053 2982 4116 Christum
3024 4062 3286 4131 rogaret,
3320 4058 3383 4112 ut
3409 4049 3702 4112 laboranti

2063 4155 2236 4218 opem
2269 4140 2470 4203 ferret.
2507 4142 2650 4204 Cum
2712 4143 2764 4202 is
2807 4151 3006 4203 autem
3065 4141 3256 4203 solum
3289 4158 3482 4221 genua
3512 4140 3709 4202 ﬂexis~

2062 4239 2153 4289 set
2183 4230 2255 4289 ad
2290 4231 2651 4312 orationem,
2681 4230 2868 4293 adfuit
2897 4231 3167 4294 Christus
3203 4229 3527 4293 exaudiens
3561 4247 3704 4309 pro-

2062 4319 2379 4399 pemodum
2413 4329 2793 4383 antevertens
2842 4322 3187 4402 petitionem
3225 4339 3239 4384 :
3280 4318 3702 4401 convaluitque

2061 4418 2119 4470 et
2145 4427 2325 4473 sanus
2356 4412 2538 4473 evasit
2567 4413 2918 4493 patriarcha.
2955 4410 3020 4473 Et
3043 4412 3129 4474 sic
3161 4411 3399 4493 quidem
3449 4408 3703 4471 miracu-

2059 4498 2180 4560 lum
2212 4520 2227 4574 ;
2263 4519 2379 4562 non
2414 4503 2601 4581 magis
2633 4511 2829 4564 autem
2887 4511 2978 4564 est
3031 4501 3417 4563 admirandus
3460 4509 3703 4580 propter

319 4587 598 4667 θεραπείας
657 4585 691 4653 ἦ
747 4588 847 4653 τῆς
907 4585 991 4642 ἐπὶ
1047 4592 1117 4663 τῇ
1165 4586 1415 4665 θεραπείᾳ
1446 4587 1842 4666 χρηστότητος.
1881 4579 1971 4653 Ὠς

2073 4590 2452 4665 :urationem,
2486 4579 2661 4673 quam
2707 4600 2951 4674 propter
2979 4592 3404 4671 benignitatem
3438 4590 3499 4651 in
3531 4579 3701 4651 cura-

317 4658 417 4757 γαρ
472 4678 657 4734 ἰάσατο
712 4678 919 4749 τοῦτον,
979 4658 1102 4745 ἢτει
1154 4658 1340 4750 μισθὸν
1551 4677 1768 4740 ἰάσεως·
1829 4680 1856 4733 ὁ
1917 4676 1970 4733 δὲ

2073 4676 2236 4739 Lione.
2275 4681 2422 4742 Nam
2482 4658 2793 4761 postquam
2821 4658 2990 4743 ‘eum
3044 4658 3293 4749 sanavit,
3348 4679 3515 4761 petiit
3548 4698 3702 4741 mer-

314 4765 382 4835 ἧν
440 4766 697 4846 ἄφεθῆναι
753 4778 872 4831 τοῖς
929 4762 1310 4833 διαϐεϐληκόσι
1369 4766 1432 4821 τὸ
1489 4763 1736 4845 ὄφλημα.
1798 4764 1858 4825 Ὀ
1916 4765 1973 4823 δὲ

315 4855 596 4937 ἀρχιερεὺς
654 4854 899 4931 ἀσμένως
959 4875 1017 4910 τε
1079 4858 1211 4934 πρὸς
1264 4856 1368 4921 τὴν
1441 4853 1662 4921 αἴτησιν
1734 4853 1969 4927 διετέθη,

315 4948 428 5018 καὶ,
490 4950 609 5010 Πῶς
664 4945 763 5022 γὰρ
818 4946 897 5019 μὴ
954 4942 1170 5023 ἀφήσω,
1228 4943 1353 5023 ἔφη,
1403 4946 1488 5008 οἷς
1521 4950 1711 5021 μικροῦ
1740 4943 1854 5001 δέον
1885 4947 1973 5003 καὶ

315 5036 479 5117 χάριν
540 5033 832 5112 ὁμολογεῖν
889 5033 967 5090 ὄτι
1022 5036 1082 5090 σὲ
1135 5036 1227 5091 τὸν
1276 5034 1403 5107 ἐμὸν
1450 5034 1668 5110 σωτῆρα
1700 5033 1971 5116 παρέσχον

314 5124 474 5204 ἰδεῖν,
531 5125 618 5180 καὶ
674 5122 802 5202 πρὸς
858 5124 1003 5203 ἡμᾶς
1061 5123 1312 5204 φοιτῆσαι
1362 5122 1698 5189 κατέστησαν
1750 5121 1969 5201 mittet;

314 5214 475 5274 Ἐπεῖ
534 5211 589 5269 δὲ
645 5215 778 5290 πρὸς
836 5212 995 5269 αὐτόν
1043 5215 1132 5271 καὶ
1202 5212 1559 5286 μοναστηρίοο
1631 5213 1716 5268 καὶ
1789 5210 1971 5293 δώρων

314 5306 404 5363 καῖ
462 5303 555 5361 τοῦ
610 5315 849 5360 συνεῖναι
896 5303 1065 5377 τούτῳ
1120 5300 1405 5366 διαπαντὸς
1460 5300 1756 5377 ἐμέμνητο,
1807 5303 1873 5361 Εἴ
1904 5325 1970 5380 με

311 5394 506 5470 θέλεις,
544 5393 703 5473 φησὶν
732 5394 761 5449 ὁ
794 5391 986 5472 μέγας,
1037 5393 1099 5449 τὰ
1154 5393 1382 5471 μέγιστα
1432 5392 1762 5472 θεραπεύειν,
1817 5391 1876 5450 ἔα
1908 5395 1973 5451 τὰ

310 5489 388 5559 τῷ
445 5487 562 5557 Θεῷ
615 5483 702 5539 καὶ
761 5480 880 5558 ἐμοὶ
939 5480 1192 5540 δοκοῦντα
1256 5494 1454 5544 ποιεῖν.
1533 5483 1631 5540 Καὶ
1702 5481 1839 5540 οὔτω
1907 5481 1973 5553 δὴ

308 5576 443 5655 πρὸς
496 5575 591 5631 τὸν
647 5574 776 5630 ναὸν
834 5572 928 5629 σὺν
984 5570 1163 5653 πολλῇ
1209 5574 1296 5630 καὶ
1340 5571 1559 5653 λαμπρᾷ
1603 5577 1668 5649 τῇ
1694 5571 1972 5654 δορυφορίᾳ

2056 4767 2268 4829 cedem
2301 4770 2626 4832 sanationis
2655 4794 2669 4847 ;
2705 4791 2775 4833 ea
2825 4788 2961 4833 vero
2993 4778 3212 4844 erat,ut
3242 4771 3316 4831 iis
3346 4769 3449 4850 qui
3480 4770 3702 4832 calum-

2059 4859 2197 4919 niati
2260 4858 2545 4936 fuerant,
2611 4865 3021 4924 remitteretur
3077 4860 3371 4923 debitum.
3432 4858 3699 4921 Pontifex

2056 4954 2253 5009 autem
2290 4947 2345 5010 ei
2382 4949 2636 5012 libenter
2665 4952 2961 5013 concessit
2993 4949 3364 5031 petitionem,
3400 4959 3454 5011 et
3495 4965 3508 5012 :
3545 4949 3702 5022 Quo-

2057 5037 2234 5098 modo
2260 5038 2445 5113 enim,
2475 5038 2690 5122 inquit,
2728 5059 2843 5101 non
2876 5040 3202 5113 remittam,
3235 5039 3455 5120 quibus
3487 5057 3697 5121 parum

2055 5126 2225 5188 abest
2253 5126 2396 5207 quin
2429 5128 2604 5190 etiam
2658 5147 2826 5208 agam
2886 5130 3131 5208 gratias,
3166 5127 3326 5209 quod
3360 5127 3694 5203 effecerint,

2056 5224 2121 5278 ut
2155 5226 2209 5277 te
2241 5217 2534 5299 viderem,
2569 5218 2669 5300 qui
2704 5218 2851 5280 mihi
2910 5218 3128 5281 dedisti
3174 5218 3452 5294 salutem,
3487 5226 3544 5280 et
3574 5218 3692 5279 fue-

2054 5316 2192 5367 runt
2216 5323 2416 5380 causa,
2452 5317 2516 5368 ut
2571 5317 2630 5369 tu
2667 5309 2739 5370 ad
2797 5327 2903 5371 nos
2954 5308 3235 5371 venires?
3290 5308 3436 5372 Cum
3493 5315 3693 5370 autem

2052 5396 2205 5477 apud
2232 5414 2368 5458 eum
2396 5406 2456 5460 et
2488 5399 2857 5475 monasterii,
2887 5406 2945 5461 et
2974 5399 3296 5473 donorum,
3347 5407 3408 5459 et
3447 5409 3510 5459 ut
3558 5413 3693 5459 cum

2053 5503 2124 5548 eo
2183 5495 2470 5566 perpetuo
2519 5497 2699 5565 esset,
2749 5488 3168 5552 meminisset:
3212 5487 3277 5550 Si
3304 5486 3393 5548 vis
3424 5505 3543 5565 me,
3591 5484 3691 5549 in-

2053 5575 2177 5656 quit
2209 5575 2312 5638 ille
2346 5594 2622 5660 magnus,
2652 5596 2865 5659 magno
2896 5577 3095 5640 studio
3127 5576 3568 5660 prosequi,sine
3600 5593 3694 5638 me

394 5745 490 5837 (4).
543 5744 815 5837 Credidi,
851 5746 1170 5827 legendum
1223 5745 1481 5826 videtur,
1513 5753 1614 5809 aut
1675 5745 2150 5829 intelligendum,
2186 5762 2250 5813 ut
2281 5749 2535 5815 Iacobus
2588 5750 2720 5821 ait;
2776 5752 3095 5819 Daemones
3124 5749 3484 5837 credunt,“
3543 5766 3692 5819 oon-

312 5829 688 5897 tremiscunt.
