4086 6410
411 350 524 424 987
1629 364 1885 430 ADDEN
1893 363 2015 427 DA.
2047 391 2128 407 —
2169 363 2603 434 DECEMBER.
3689 374 3806 445 988

417 509 488 556 ea
514 491 733 590 facere,
771 513 902 590 quas
950 498 1074 560 Deo
1105 505 1165 560 et
1213 499 1359 560 mihi
1399 499 1702 562 videntur.
1738 502 1810 590 Et
1868 500 1952 562 sic
1984 497 2047 562 ad

2141 505 2567 584 παραπεμφθεὶς,
2632 506 2728 564 καῖ
2783 505 2944 566 πάλιν
3001 508 3068 566 τὰ
3146 510 3276 570 αὒτὰ
3345 523 3463 576 τοῖς
3523 512 3802 590 προτέροις

415 583 704 681 templum
767 588 981 648 missus
1037 608 1170 650 cum
1226 608 1438 668 magno
1499 596 1559 651 et
1618 588 1902 667 praeclaro
1961 608 2047 651 cor

2144 591 2400 681 ποιήσας,
2437 595 2519 649 καὶ
2551 593 2832 676 διαφράξας
2880 599 2976 667 τὴν
3027 596 3235 657 εἴσοδον
3299 598 3382 659 διὰ
3439 583 3582 668 τινος
3611 583 3804 681 μικρᾶς

416 671 818 768 ῐηίιειυηευπι
850 675 1056 738 eadem
1091 677 1330 741 fecisset
1359 697 1490 758 qua;
1521 678 1707 758 prius,
1743 685 1802 740 et
1830 679 2047 741 aditum

2145 680 2281 747 ὀπῆς
2350 681 2539 754 ὠμὶλει
2609 697 2727 749 τοῖς
2799 696 3123 766 προσιοῦσιν.
3193 688 3376 748 Ἐννέα
3465 694 3533 750 τὰ
3605 671 3803 768 μεταξὺ

415 762 826 858 obstruxisset,
863 783 978 858 per
999 785 1244 858 parvum
1279 769 1578 850 quoddam
1638 768 1912 831 foramen
1937 769 2047 831 col-

2143 767 2355 836 διῆλθον
2385 770 2501 846 ἔτη,
2537 775 2624 831 καὶ
2654 775 2738 833 ἐπὶ
2769 781 2868 846 τήν
2924 777 3252 858 τελεωτέραν
3315 779 3478 838 αδτὸν
3526 781 3804 839 πολιτεὶαν

415 850 774 932 loquebatur
791 873 925 949 cum
945 855 1016 918 iis
1038 857 1140 937 qui
1162 859 1786 949 accedebant.Novem
1816 860 2047 921 interim

2140 861 2174 928 ἡ
2207 861 2426 937 πρόνοια
2456 863 2690 922 καλοῦσα
2746 871 2982 946 φανερῶς
3039 871 3105 927 τὰ
3159 850 3428 946 μέλλοντα
3475 869 3797 949 προεδήλου.

414 948 553 1003 anni
582 944 1014 1022 praeterieram,
1051 955 1109 1008 et
1135 967 1271 1010 eum
1311 949 1383 1010 ad
1416 948 1591 1010 vitam
1627 949 2056 1026 perfectiorem

413 1048 629 1092 vocans
662 1033 1040 1097 Providentia
1069 1047 1271 1118 aperte
1329 1038 1591 1101 ostendit
1632 1040 1852 1103 futura.
1906 1041 2053 1102 Cum

415 1120 574 1182 enim
607 1120 817 1184 fuisset
839 1122 899 1185 in
936 1128 1177 1204 exstasi,
1209 1128 1367 1189 videt
1395 1128 1735 1190 columnam
1771 1128 1970 1202 nubis,
2000 1136 2060 1190 et

414 1227 484 1271 ea
512 1211 837 1273 admodum
870 1213 1130 1279 sublime
1175 1227 1302 1280 erat
1327 1217 1586 1296 sublata,
1621 1227 1680 1280 et
1706 1237 1777 1280 ex
1805 1219 2054 1280 adverso

412 1299 543 1378 ejus
569 1301 861 1380 pendebat
890 1304 949 1364 in
967 1321 1146 1378 aere;
1193 1314 1253 1368 et
1271 1305 1642 1369 admirabilis
1664 1305 1910 1370 Simeon
1943 1317 2051 1369 sta~

413 1386 515 1450 bat
543 1407 727 1470 super
754 1401 930 1470 caput
979 1395 1294 1458 columnae.
1350 1395 1538 1458 Simul
1589 1405 1784 1459 autem
1817 1415 1951 1459 cum
1983 1415 2054 1459 eo

412 1476 532 1567 duo
588 1479 862 1543 astabant
925 1482 1379 1562 adolescentes;
1443 1496 1686 1567 eratque
1737 1487 1826 1548 eis
1875 1485 2056 1549 vestis

414 1566 576 1629 clara
607 1577 666 1631 et
691 1570 1014 1650 refulgens.
1037 1576 1307 1654 Desuper
1336 1594 1476 1637 vero
1509 1566 1809 1656 exicapite
1831 1575 2055 1638 colum-

2141 952 2236 1044 ὁρᾷ
2464 952 2518 1010 ἐν
2578 955 2824 1044 ἐκστάσει
2897 961 3186 1036 γενόμενος
3263 959 3453 1022 στῦλον
3544 962 3799 1044 νεφέλης,

2140 1041 2228 1097 καὶ
2284 1040 2436 1107 οὗτος
2491 1045 2626 1119 ὑψοῦ
2684 1043 2801 1102 λίαν
2855 1047 3078 1129 ἐπῆρτο,
3135 1050 3223 1107 καί
3273 1052 3591 1129 καταντικρὺ
3617 1040 3804 1112 ⁷αὐτοῦ

2141 1131 2462 1223 ἁπῃώρητο·
2539 1135 2623 1191 καὶ
2679 1138 2708 1192 6
2767 1139 3033 1212 θαυματὸς
3096 1141 3314 1215 Συμεὼν
3371 1141 3502 1219 ὑπὲρ
3557 1141 3804 1223 κεφαλῆς

2137 1227 2233 1277 τοῦ
2289 1220 2480 1279 στύλου
2537 1223 2809 1303 ἐφίστατο.
2885 1228 2986 1284 Δύο
3058 1227 3113 1285 δὲ
3177 1234 3320 1304 αὒτῷ
3371 1220 3805 1309 συμπαρίσταντο

2139 1310 2428 1368 νεανίσκοιο
2490 1314 2578 1369 καί
2635 1315 2668 1383 ἡ
2729 1315 2886 1384 ἐσθὴς
2941 1317 3125 1383 αὐτοῖς
3179 1316 3402 1396 λαμπρὰ
3433 1322 3521 1378 καὶ
3594 1321 3799 1398 ἀστρά-

2137 1417 2364 1490 πτουσα.
2422 1399 2664 1463 ’Ἃνωθεν
2720 1405 2808 1462 οὖν
2865 1409 2972 1464 απὸ
3024 1413 3124 1476 τῆς
3167 1416 3260 1467 τοῦ
3307 1408 3502 1467 στόλου
3553 1409 3802 1490 κεφαλης

2137 1487 2316 1578 ακούει
2374 1492 2574 1568 φωνῆς,
2639 1502 2801 1572 Δεῦρο
2862 1498 2992 1574 πρός
3051 1519 3142 1572 με,
3203 1497 3490 1578 λεγούσης,
3570 1487 3798 1569 Δανιήλ’

2136 1575 2343 1669 divellite.
2407 1589 2507 1639 Τοῦ
2564 1580 2644 1654 δὲ,
2709 1585 2801 1642 Καδ
2853 1592 2970 1648 πῶς
3012 1585 3142 1664 ἐγὼ,
3176 1575 3344 1669 κύριε,
3377 1591 3510 1667 πρὸς
3542 1592 3796 1648 τοσοῦτον

414 1674 508 1759 na:
537 1658 936 1759 auditnvocem
969 1663 1266 1726 dicentem
1308 1686 1320 1727 :
1357 1665 1482 1727 Huc
1539 1666 1609 1726 ad
1643 1684 1737 1726 me
1769 1667 2047 1739 ascende,

2134 1665 2266 1742 ὕψος
2338 1669 2560 1744 ἀρθῆναι
2628 1671 2977 1752 δυνήσομαι,
3055 1658 3506 1759 ἆτέοκριναμένου,
3585 1679 3803 1758 ἐπιτρέ-

410 1744 642 1810 Daniel.
701 1747 846 1844 Cum
878 1749 1154 1844 is_autem
1191 1754 1622 1844 respondisset.
1656 1753 1723 1844 Et
1753 1755 2047 1844 quomodo

2138 1762 2234 1833 ψκι
2291 1773 2408 1822 τοῖς
2481 1769 2720 1818 συνοῦσιν
2807 1765 2947 1837 αὖτῷ
3023 1768 3316 1830 νεανίσκοις
3401 1770 3492 1825 τὸν
3580 1771 3806 1844 ΣυμεὼΑ

414 1838 1122 1937 poterohego,dom_ine,i_n
1148 1853 1364 1937 tantam
1387 1843 1591 1906 extolli
1617 1843 2000 1937 altitudinem
2026 1849 2047 1907 ‘l

2137 1845 2441 1921 κατελθεῖν,
2502 1852 2590 1907 καὶ
2643 1851 3007 1917 ἀναλαϐόντας
3061 1857 3192 1932 πρὸς
3244 1857 3402 1914 αὺτὸν
3461 1838 3710 1937 ἀγαγεῖνο
3747 1857 3804 1915 οἳ

406 1923 587 2024 jussit
616 1923 859 2024 Simeon
892 1929 969 2024 iis
993 1931 1091 2011 qui
1125 1952 1256 1995 cum
1292 1933 1420 2015 ipso
1449 1943 1646 2012 erant,
1697 1932 2047 1995 adolescen-

2141 1937 2226 1993 καὶ
2287 1938 2819 2016 κατακεκελευσμένα
2875 1945 3260 2019 πεποιηκότες,
3323 1944 3534 2024 αἵρουσί
3586 1968 3642 2004 τε
3715 1948 3806 2004 καὶ

413 2013 1171 2116 tibus._utﬂdescenderent,
1197 2032 1246 2085 et
1274 2013 1646 2104 assumptum
1668 2022 1741 2084 ad
1771 2041 1835 2084 se
1855 2022 2047 2085 dedu-

2136 2027 2324 2116 ίστῷσι
2383 2028 2609 2097 πλησίον
2641 2036 2821 2094 αὑτοῦ,
2886 2035 3149 2099 Κάκεῖνος
3199 2037 3345 2102 εὖθὺς
3390 2013 3591 2095 ¹τοῦτον
3641 2058 3804 2116 περι-

412 2113 636 2166 cerent.
674 2105 784 2206 Qui
817 2127 951 2170 cum
986 2111 1274 2192 imperata
1333 2113 1636 2194 fecissent,
1671 2131 1810 2174 eum
1844 2112 2047 2175 tollunt

2139 2114 2464 2206 πτυξάμενος
2521 2122 2619 2201 εὶς,
2682 2123 2901 2198 οὖρανὸν
2961 2125 3266 2206 ἀνεφέρετο,
3330 2127 3415 2183 καὶ
3471 2126 3587 2202 ἅμα
3659 2105 3806 2206 μέγα

411 2203 472 2254 ει
505 2213 690 2294 prOpe
731 2197 927 2294 ipsum
981 2211 1264 2267 statuunt.
1321 2204 1424 2266 Ille
1453 2213 1648 2264 autem
1685 2221 1820 2264 eum
1853 2203 2047 2264 statim

2139 2205 2351 2286 ἐφώνει,
2385 2197 2675 2290 Ἀνδρίζου,
2753 2212 2976 2292 Δανιὴλ,
3041 2197 3369 2294 ἶ’σ·ὶυε,’καὶ
3441 2197 3594 2283 nam
3660 2197 3804 2293 ‘75;-

411 2285 745 2383 amplexus,
774 2288 950 2383 simul
977 2291 1037 2352 in
1059 2294 1273 2355 coelum
1299 2313 1432 2356 eum
1460 2292 1724 2358 tollebat,
1753 2300 1816 2355 et
1847 2311 2047 2370 magna

2139 2285 2343 2358 vatum.
2399 2285 2521 2355 Καί
2575 2285 2761 2368 ἐπειδή
2830 2285 2974 2358 πάνυ,
3032 2285 3278 2379 λαμπρὸν
3352 2285 3693 2383 περιήχησεν
3764 2305 3802 2373 ἡ

411 2391 556 2438 voce
585 2375 878 2471 clamabat
913 2401 924 2438 :
970 2380 1108 2444 Esto
1139 2384 1330 2465 fortis,
1366 2385 1572 2447 Daniel
1603 2401 1618 2458 ;
1655 2391 1710 2444 te
1742 2393 2047 2444 strenuum

2135 2384 2310 2464 φωνὴ,
2383 2383 2582 2465 φοϐερὰ
2638 2389 2738 2466 γὰρ
2795 2390 2950 2464 ἐῴκει
3006 2375 3151 2448 εἶναι
3189 2375 3295 2449 ’καὶ
3354 2375 3801 2471 ὁμοίαηβροντῇ,

411 2482 482 2562 ac
515 2466 821 2528 robustum
867 2471 1084 2548 praebe,
1130 2483 1188 2536 et
1237 2484 1324 2536 sta
1358 2475 1606 2557 pulchre
1637 2491 1706 2534 ac
1737 2491 2047 2550 generose.

2136 2475 2164 2528 6
2226 2472 2424 2540 Δανιὴλ
2482 2475 2707 2554 πληγεὶς
2768 2481 2867 2546 τὴν
2922 2479 3090 2548 ἀκοὴν
3155 2482 3242 2538 καὶ
3304 2466 3684 2562 συνταραχθεὶς

411 2550 734 2636 Postquam
760 2575 898 2619 vero
923 2580 1028 2626 vox
1047 2550 1551 2628 admodum-clara
1569 2582 1707 2626 eum
1733 2563 2047 2625 circumso-

2137 2563 2423 2641 ὀνειράτων
2453 2550 2632 2644 ὥσπερ
2659 2566 2759 2638 ἇνή
2771 2590 2944 2646 νεγκε,

409 2657 588 2724 nabat
624 2659 762 2722 (visa
793 2665 882 2720 est
913 2658 1070 2718 enim
1120 2656 1430 2727 terribilis,
1463 2665 1522 2718 et
1554 2653 1801 2716 tonitrui
1849 2651 2110 2729 similis),
2143 2649 2349 2714 Daniel
2409 2652 2506 2715 cui
2539 2672 2840 2735 percussas
2869 2668 2927 2720 et
2973 2657 3343 2722 conturbata;
3372 2667 3545 2723 erant
3596 2678 3799 2736 aures,

410 2763 480 2808 ex
511 2768 721 2811 somno
764 2747 1204 2828 quodammodo
1229 2746 1299 2807 ad
1334 2765 1397 2808 se
1427 2744 1629 2807 rediit.

487 2839 644 2902 XIV.
680 2841 804 2902 Hoc
831 2837 1094 2899 futurum
1125 2837 1256 2915 ejus
1289 2835 1419 2897 vita;
1447 2834 2047 2914 institutum,Simeo-

2212 2831 2328 2890 1Δ¹.
2391 2835 2554 2891 Τοῦτὶι
2606 2835 2704 2904 τὴν
2756 2835 3055 2911 μέλλουσαν
3086 2843 3227 2915 αὐτῷ
3278 2843 3416 2900 κατὰ
3446 2844 3536 2900 τὸν
3570 2841 3798 2916 Συμεὼν

409 2927 502 2989 nis
525 2929 790 2990 instituto
813 2927 1196 3000 conveniens,
1223 2926 1384 3006 prius
1413 2923 1855 3003 signiﬁcavit,et
1887 2923 2044 3005 quod

2130 2924 2402 2979 πολιτείαν
2459 2926 2846 3006 προανεφώνεν,
2907 2930 2995 2986 καὶ
3057 2929 3139 2986 ὅτι
3199 2929 3285 2989 δεῖ
3341 2933 3500 2989 αὐτὸν
3549 2933 3638 2988 καὶ
3670 2931 3800 2987 στύ-

407 3018 721 3096 0portebat
746 3036 881 3080 eum
903 3024 961 3079 et
985 3017 1322 3079 columnam
1349 3015 1772 3086 ascendere,et
1795 3015 2047 3076 transire

2130 3010 2224 3068 λου
2259 3009 2506 3079 ἐπιϐῆναι
2558 3017 2645 3073 καὶ
2675 3018 2840 3074 τόπον
2887 3019 3170 3096 παραπολὺ
3212 3029 3303 3078 τοῦ
3358 3021 3548 3080 στόλου
3606 3019 3801 3096 μετελ-

408 3107 478 3169 ad
515 3107 734 3188 locum,
770 3108 1048 3169 columna
1107 3107 1281 3184 longe
1328 3105 1741 3167 excelsiorem.
1797 3104 1890 3167 Sic
1921 3123 2047 3166 sen-

2135 3107 2248 3160 θεῖν
2313 3103 2664 3182 ὑψηλότερον.
2727 3107 2904 3173 Οὕτως
2978 3114 3120 3184 αὖτῷ
3191 3112 3366 3169 πάντα
3438 3112 3629 3188 γνώμῃ
3701 3109 3800 3169 τοῦ

407 3197 596 3259 tentia
616 3207 668 3260 et
695 3197 996 3259 voluntate
1018 3194 1562 3274 Omnipotentis,ab
1596 3213 1666 3255 eo
1689 3194 1898 3256 eﬂ‘ccta
1916 3203 2047 3256 sunt

2139 3193 2445 3270 Κρείττονος
2506 3193 2832 3275 ἐπεραίνετο,
2898 3199 2984 3254 καὶ
3042 3200 3178 3274 μετὰ
3237 3203 3426 3274 μικρὸν
3479 3201 3567 3257 καὶ
3609 3202 3643 3267 ἡ
3679 3223 3799 3270 μη-

408 3288 630 3357 omnia,
659 3295 717 3348 et
737 3287 808 3348 ad
828 3305 961 3348 eum
991 3287 1164 3366 paulo
1190 3295 1319 3364 post
1344 3285 1522 3346 missa
1545 3295 1634 3346 est
1679 3283 1853 3364 pellis
1877 3284 2047 3345 ovilla

2134 3279 2281 3348 λωτη
2340 3281 2523 3338 Ἠλιοΰ
2573 3291 2648 3358 τῷ
2708 3287 2845 3342 κατὰ
2901 3287 3096 3362 τρόπον
3145 3287 3435 3362 Ἐλισσαίῳ
3489 3285 3790 3363 ἐπέμπετο.

407 3377 482 3437 ab
513 3375 743 3450 Elia,ad
769 3395 929 3449 eum,
966 3377 1228 3456 inquam,
1255 3375 1356 3456 qui
1392 3374 1656 3436 moribus
1687 3382 1813 3435 erat
1835 3373 2046 3436 Elisreo

2136 3368 2438 3445 Ἐπέμπετο
2494 3370 2548 3427 δὲ
2606 3371 2794 3436 οὕτως·
2832 3371 3145 3434 Ἐστέλλετο
3206 3378 3304 3452 μὲν
3352 3379 3498 3449 παρὰ
3554 3383 3648 3433 τοῦ
3678 3383 3795 3432 Συ-

406 3465 745 3529 similis.Sic
771 3475 968 3527 autem
998 3466 1176 3526 missa
1206 3474 1316 3526 est.
1352 3465 1400 3526 Α
1434 3465 1715 3527 Simeone
1746 3463 1817 3525 ad
1854 3464 2045 3543 impe-

404 3565 662 3616 ratorem
693 3556 772 3634 (9')
804 3556 1018 3617 missus
1050 3555 1292 3633 quidem
1327 3563 1452 3617 erat
1479 3555 1749 3632 Sergius,
1789 3553 1920 3631 ejus
1951 3553 2044 3613 di-

404 3644 691 3727 scipulus,
731 3645 801 3707 ad
857 3664 991 3707 eum
1057 3643 1336 3707 deferens
1379 3645 1628 3711 donum.
1663 3642 1862 3704 omnia
1896 3641 2047 3703 mala

403 3733 962 3816 dept-llensmempe
989 3746 1222 3814 tegmen
1255 3735 1409 3816 quod
1439 3733 1696 3796 habebat
1721 3734 1780 3794 in
1811 3739 2000 3812 capite
2027 3751 2042 3808 ;

407 3825 598 3887 solent
624 3836 820 3888 autem
845 3825 903 3887 id
937 3845 1147 3888 vocare
1179 3825 1501 3888 cucullam.
1534 3827 1679 3888 Cum
1711 3831 1908 3884 autem
1943 3822 2049 3882 im-

408 3925 643 3996 perator
667 3916 910 3978 haberet
932 3916 1198 3978 animum
1222 3915 1354 3977 aliis
1374 3915 1696 3988 intentum,
1723 3920 1784 3975 et
1805 3925 1962 3973 esset
1986 3911 2045 3974 in

407 4005 567 4066 curis
599 4005 852 4083 publicis
902 4015 1251 4086 occupatus,
1285 4004 1405 4066 Deo
1454 4004 1578 4065 haec
1612 4003 1810 4066 omnia
1844 4001 2045 4083 provi-

406 4093 584 4155 dente
611 4095 1098 4176 etdispcnsante,
1130 4095 1248 4175 hic,
1275 4112 1451 4176 quem
1485 4092 1769 4166 diximus,
1804 4093 2046 4168 Sergius

405 4185 606 4244 statuit
635 4186 912 4264 navigare
945 4194 1004 4248 et
1037 4185 1274 4263 redire;
1309 4192 1366 4245 et
1398 4182 1800 4246 contendebat
1837 4199 2049 4259 perve-

404 4273 534 4334 nire
567 4273 636 4335 ad
679 4276 1127 4347 monasterium,
1165 4275 1323 4356 quod
1359 4274 1667 4335 nominant
1702 4276 2042 4335 Αεωωεῑο-

405 4363 626 4438 rum,id
651 4372 760 4444 est,
797 4384 914 4427 non
947 4365 1394 4426 dormientium.
1431 4364 1578 4426 Cum
1610 4380 1751 4439 ergo
1786 4361 1912 4438 ipse
1944 4378 2045 4419 re-

2131 3459 2274 3534 μεὼν
2334 3461 2407 3534 τῷ
2464 3461 2681 3538 βασιλεῖ
2738 3463 2956 3542 Σέργιος
3022 3469 3049 3523 6
3099 3467 3286 3524 τούτου
3329 3465 3577 3542 μαθητὴς
3624 3463 3799 3545 δῶρον

2129 3549 2271 3624 αὒτῷ
2336 3553 2532 3615 παντὸς
2591 3563 2757 3613 κακοῦ
2807 3554 3171 3633 ἀποτρόπαιον
3229 3559 3289 3613 τὸ
3345 3556 3435 3614 ἐπὶ
3491 3562 3587 3624 τῆς
3620 3576 3796 3635 κεφα-

2129 3643 2227 3704 Αῆς
2285 3638 2539 3716 κάλυμμα
2599 3643 2945 3722 (κουκούλλαν
3005 3645 3120 3703 τόδε
3164 3645 3355 3703 καλεῖν
3387 3643 3633 3723 σύνηδες)
3687 3668 3797 3702 κο-

2129 3729 2278 3802 μίζον
2308 3731 2469 3804 αὐτῷ·
2509 3739 2601 3788 τοῦ
2659 3731 2714 3789 δὲ
2771 3733 3036 3810 βασιλέως
3069 3737 3197 3813 πρὸς
3228 3735 3412 3801 ἄλλοις
3477 3736 3571 3803 τήν
3604 3734 3799 3815 ψυχὴν

2130 3815 2349 3898 ἔχοντος
2409 3821 2496 3877 καὶ
2555 3824 2790 3902 φροντίσι
2849 3822 3131 3900 δημοσίαις
3195 3824 3625 3905 ἀσχολουμένου,
3661 3830 3797 3881 Θεοῦ

2127 3910 2291 3965 ταῦτα
2342 3910 2554 3973 πάντως
2614 3914 3042 3988 οὶκονομοῦντος,
3102 3916 3132 3972 ὅ
3201 3915 3378 3990 ῥηθεὶς
3437 3917 3588 3977 οὗτος
3649 3914 3788 3992 Σέρ-

2127 4021 2240 4076 γιος
2271 3997 2596 4058 ἀναπλεῦσαι
2655 3999 2871 4079 διέγνω,
2930 4006 3018 4062 καὶ
3073 4007 3174 4073 τὴν
3205 4006 3379 4080 μονὴν
3410 4005 3476 4074 ἣν
3515 4003 3790 4079 Ἀκοιμή-

2127 4110 2234 4144 των
2288 4087 2675 4163 ἐπονομάζουσι
2734 4090 3060 4149 καταλαϐεῖν
3115 4092 3392 4156 ἔσπευδεν,
3454 4093 3602 4151 Ἐπεὶ
3665 4099 3793 4171 γοῦν

2130 4177 2407 4234 ἀναπλέων
2438 4179 2647 4253 σύταμα
2677 4183 2783 4237 τισὶ
2812 4189 2903 4239 τοῦ
2963 4182 3166 4250 Δανιὴλ
3223 4184 3549 4261 προσήγγιζε
3610 4184 3788 4256 τόπῳ,

2129 4267 2364 4345 καθάπερ
2394 4267 2454 4324 ἐκ
2483 4271 2816 4343 συνθήματος
2875 4272 3022 4336 εὐθὺς
3082 4273 3136 4329 ἐν
3194 4273 3317 4337 τοῖς
3365 4273 3616 4329 ἁπάντων
3654 4272 3792 4329 στό-

2129 4377 2292 4428 μασιν
2348 4359 2375 4413 6
2427 4380 2688 4436 μακαριος
2751 4360 2840 4427 ἦν,
2900 4363 2998 4418 Καὶ
3043 4365 3090 4420 οἱ
3118 4361 3219 4438 μὲν
3263 4364 3422 4421 αὐτοῦ
3449 4366 3548 4431 τῆς
3579 4363 3790 4436 ὑπομο-

401 4462 644 4514 vertens
667 4443 800 4514 cum
826 4455 1180 4531 quibusdam
1206 4453 1340 4515 aliis
1374 4452 1724 4514 accessisset
1747 4466 1931 4527 prope
1953 4449 2008 4508 lo
2027 4480 2046 4492 -

2131 4449 2227 4510 νῆς
2260 4443 2583 4521 ἐμέμνηντο,
2620 4451 2667 4504 οἱ
2711 4447 2766 4506 δὲ.
2792 4456 2898 4507 τῶν
2958 4453 3158 4532 ιῦχῶν,
3220 4455 3267 4510 οἱ
3323 4451 3376 4508 δὲ
3408 4457 3513 4508 τῶν
3566 4452 3786 4525 ἷάσεων,

404 4562 539 4604 Cum
566 4542 849 4619 Danielis,
884 4545 1084 4606 statim
1116 4553 1392 4624 tanquam
1447 4542 1614 4620 signo
1646 4539 1807 4618 dato,
1843 4536 2046 4596 beatus

2130 4535 2176 4588 oi
2208 4533 2230 4588 ὲ
2260 4531 2342 4590 ὅτι
2373 4539 2461 4590 τὸν
2501 4535 2665 4592 τόπον
2692 4535 2933 4614 δαίμοσιν
2983 4541 3109 4598 ὄντα
3144 4531 3392 4622 κάτοχον
3448 4540 3784 4620 ἒυημέρωσε·

405 4642 532 4695 erat
561 4633 623 4694 in
647 4651 754 4718 ore
784 4634 1072 4695 omnium.
1113 4633 1180 4695 Et
1213 4623 1316 4694 alii
1353 4631 1596 4707 quidem
1651 4625 2047 4718 meminerant

2130 4626 2213 4678 καὶ
2285 4625 2372 4679 νῦν
2427 4623 2713 4691 ἀκινδύνως
2783 4629 2881 4705 μὲν
2953 4633 2999 4688 οἱ
3065 4634 3122 4688 ἐν
3187 4631 3430 4708 θαλάσσῃ
3505 4628 3786 4704 πλέουσιν,

404 4722 535 4802 ejus
559 4722 922 4794 tolerantiae;
956 4723 1057 4786 alii
1098 4730 1292 4783 autem
1329 4739 1597 4800 precum,
1634 4717 1734 4779 alii
1767 4735 1904 4778 vero
1935 4734 2044 4778 cu-

400 4812 728 4889 rationum,
762 4813 862 4875 alii
893 4832 1052 4888 vero,
1079 4811 1237 4892 quod
1273 4809 1660 4872 mansuefecit
1689 4807 1907 4880 locum,
1941 4811 2042 4886 qui

406 4903 822 4983 possidebatur
856 4921 888 4962 a
919 4901 1289 4963 damonibus
1317 4917 1331 4961 :
1367 4909 1426 4961 et
1459 4917 1613 4959 nunc
1643 4896 1884 4977 quidem
1941 4895 2040 4976 qui

401 5002 539 5055 sunt
572 4993 628 5052 in
666 4994 838 5069 mari,
891 4992 1020 5053 sine
1061 4990 1326 5070 periculo
1379 4990 1694 5069 navigant;
1731 4985 1894 5049 illmsi
1929 5004 2041 5046 au-

405 5091 522 5142 tem
558 5081 672 5143 iter
718 5081 941 5142 obeunt
997 5081 1038 5141 ii
1087 5081 1189 5160 qui
1233 5091 1373 5141 sunt
1406 5080 1464 5140 in
1491 5078 1584 5140 via
1615 5077 1860 5158 pedites.
1901 5077 2042 5138 Haec

402 5169 960 5250 intelligitSergius,
993 5173 1085 5230 cui
1141 5169 1526 5231 commissum
1583 5168 1771 5229 fuerat
1821 5166 2042 5227 donum

401 5259 944 5342 pretiosissimum;
1002 5269 1060 5320 et
1113 5278 1248 5322 cum
1311 5259 1441 5340 ejus
1499 5257 1801 5320 desiderio
1850 5264 2046 5316 mutus

397 5351 617 5412 fuisset
637 5349 895 5422 animus,
927 5358 1092 5427 rogat
1124 5349 1396 5428 quisnam
1433 5349 1529 5410 hic
1563 5349 1660 5429 sit,
1717 5355 1776 5409 et
1827 5343 1952 5424 ubi,
1989 5351 2046 5404 et

399 5457 473 5500 an
505 5439 677 5500 liceat
705 5455 838 5498 eum
871 5439 1218 5503 convenire.
1248 5438 1338 5502 llli
1363 5457 1500 5500 vero
1519 5447 1576 5500 et
1601 5438 1796 5498 locum
1823 5433 2043 5497 alacri-

402 5537 491 5590 ter
525 5527 932 5604 ostenderunt,
963 5536 1172 5591 etcum
1197 5531 1256 5591 in
1303 5538 1518 5590 terram
1541 5527 1891 5609 appulisset,
1927 5523 2043 5603 ipsi

478 5707 563 5789 (2)
589 5705 737 5772 Vide
767 5705 985 5774 Baron.
1015 5725 1172 5771 anno
1203 5705 1342 5772 300.
1378 5707 1641 5770 Leonem
1671 5700 1962 5782 intelligo.

2128 4711 2373 4780 ἀϐλαϐῶς
2431 4712 2487 4770 δὲ
2545 4717 2590 4772 οἱ
2659 4716 2713 4772 ἐν
2909 4721 3206 4792 πεζεύουσι.
3284 4722 3548 4778 Μανθάνει
3616 4725 3790 4777 ταῦτα

2128 4805 2213 4861 καὶ
2273 4804 2493 4882 Σέργιος
2551 4808 2578 4863 6
2637 4808 2697 4864 τὸ
2749 4808 3046 4884 πολύτιμον
3078 4808 3302 4888 δώρημα
3331 4810 3648 4879 πιστεδθεὶς,
3685 4806 3786 4864 καί

2123 4893 2221 4961 τὴν
2254 4895 2440 4974 ψυχὴν
2472 4897 2602 4974 πρὸς
2664 4897 2833 4976 ἔρωτα
2892 4902 3119 4968 κινηθεὶς
3177 4900 3494 4959 πυνθάνεται
3553 4900 3632 4962 τίς
3699 4897 3792 4954 οὗ-

2121 5003 2212 5048 τος
2253 4986 2343 5041 καὶ
2396 4985 2552 5066 ὅπου,
2599 4989 2687 5043 καὶ
2746 4990 2791 5044 εἰ
2846 4987 3070 5045 δυνατὸα
3131 4989 3274 5063 αὒτῷ
3331 4989 3599 5069 ἐντυχεῖν.
3637 4988 3697 5046 Oi.
3727 4985 3786 5044 δὲ

2123 5073 2214 5130 τὸν
2271 5095 2327 5130 τε
2384 5077 2550 5132 τόπον
2608 5077 2890 5156 προθόμως
2945 5075 3242 5152 ὑπέδειξαν,
3277 5079 3366 5134 καὶ
3395 5083 3463 5154 τῇ
3516 5084 3586 5158 γῆ.
3619 5099 3786 5156 προσο

2127 5161 2454 5237 οκείλαντες,
2533 5166 2681 5258 αὐτοί
2735 5187 2793 5223 τε
2845 5167 2974 5243 πρὸς
3019 5168 3109 5223 τὸν
3153 5165 3299 5224 ὅσιον
3342 5168 3550 5240 σύναμα
3583 5166 3790 5245 Σεργίῳ

2127 5251 2492 5334 ἀφικνοῦνται.
2555 5251 2650 5318 ”Ος
2707 5258 2795 5312 καὶ
2859 5254 3058 5333 σφόδρα
3116 5256 3417 5338 φιλοφόνως
3478 5258 3570 5315 τὸν
3601 5256 3788 5331 μακᾶ-

2127 5364 2239 5420 ριον
2298 5343 2698 5422 ἀσπασάμενος,
2755 5345 2821 5400 τὰ
2878 5344 2977 5419 μὲν
3039 5348 3197 5412 αὐτὸς
3247 5346 3545 5426 ἐξηγεῖται,
3593 5348 3694 5414 τὴν
3727 5365 3787 5402 τε

2126 5439 2220 5489 τοῦ
2250 5435 2472 5507 Συμεὼν
2502 5436 2640 5514 φημὶ
2669 5439 2772 5489 τῶν
2799 5433 3001 5491 ἐνθένδε
3032 5436 3376 5516 ἀπαλλαγὴν,
3435 5438 3524 5494 καὶ
3580 5437 3608 5492 ὃ
3655 5434 3788 5514 παρ’

2127 5521 2286 5580 αὐτοῦ
2338 5524 2542 5598 κομίζει
2599 5523 2674 5600 τῷ
2729 5523 2946 5602 βασιλεῖ
3004 5525 3199 5609 δῶρου,
3266 5529 3398 5607 Πρὸς
3469 5547 3528 5584 σε
3577 5523 3787 5605 μᾶλλον
