4086 6380
349 358 467 430 989

1473 358 1660 427 VITA
1704 358 1765 423 S.
1808 357 2174 423 DANIELIS
2215 356 2589 422 STYLITE.

3602 354 3721 427 990

347 497 512 556 εἰπὼν
585 496 729 577 παρὰ
810 502 902 555 τοῦ
987 500 1121 553 Θεοῦ
1191 492 1540 557 ἀπεστάλθαι.
1603 493 1679 552 Τὰ
1720 490 1776 550 δὲ
1833 492 1984 553 πέλιι

2076 492 2370 557 accedunt
2396 494 2470 557 ad
2500 501 2796 571 sanctum,
2831 507 2892 559 et
2941 515 3060 560 una
3115 515 3250 561 cum
3307 493 3396 559 eis
3450 494 3716 575 Sergius,

347 588 491 665 παρὰ
543 594 640 644 τοῦ
693 585 891 657 Δανιὴλ
943 585 1126 647 ἀκούει
1183 584 1217 641 ἃ
1247 587 1275 642 6
1321 586 1451 649 Θεὸς
1495 585 1637 658 αύτῷ
1666 584 1786 662 περί
1812 606 1871 641 τε
1906 590 1996 641 τοῦ

346 678 569 753 Συμεὼν
628 680 716 734 καὶ
770 676 865 745 τῆς
942 672 1062 733 κατ’
1141 675 1300 734 αὐτὸν
1385 673 1640 752 ἒγνώρισε
1695 673 1988 736 πολιτείας.

343 764 520 844 "Amp
548 767 781 830 ἀκούσας
811 769 839 824 6
870 765 1088 844 Σέργιος
1123 766 1208 822 καὶ
1252 765 1313 820 τὸ
1358 764 1496 843 ἱερὸν
1556 764 1741 822 αὗτίκα
1772 761 1994 842 δώρημα

343 853 582 916 ἐκϐαλὼν
613 864 690 929 τῷ
724 854 923 925 Δανιὴλ
968 852 1167 928 δίδωσι,
1212 854 1303 911 καὶ
1355 854 1541 910 ἑαυτὸν
1588 852 1771 927 ἐκείνῳ
1818 875 1990 933 προσ-

342 944 698 1013 παραδίδωσιν
753 944 861 1004 ὰπὸ
913 951 1007 1003 τοῦ
1050 945 1247 1023 πατρὸς
1302 953 1395 1003 τοῦ
1456 943 1676 1018 Συμεὼν
1721 944 1849 1021 πρὸς
1879 965 1989 1000 πα-

339 1033 468 1113 τέρα
542 1035 934 1110 μετοικίζεσθαι
989 1033 1163 1110 λέγων
1235 1034 1328 1091 τὸν
1387 1031 1611 1102 Δανιήλ.
1673 1036 1770 1090 Καὶ
1827 1039 1992 1091 ταῦτα

344 1132 441 1201 μὲν
475 1125 769 1202 ἐπράττετο
792 1123 942 1201 τῇδε,

2079 583 2190 657 Qui
2211 603 2345 646 cum
2373 583 2632 663 benigne
2650 585 2971 649 admodum
2991 585 3231 653 beatum
3265 585 3721 666 salutasset,alia

2077 672 2317 753 quidem
2373 674 2503 755 ipse
2564 677 2828 757 exponit,
2882 675 3207 753 Simeonis,
3259 678 3524 758 inquam,
3582 676 3721 737 hinc

2075 763 2411 839 decessum,
2444 774 2502 827 et
2532 766 2687 846 quod
2721 767 2797 828 ab
2846 766 2979 847 ipso
3026 767 3250 829 donum
3283 766 3466 830 ferret
3495 765 3572 830 ad
3602 765 3722 827 im-

2076 863 2437 934 peratorem,
2473 855 2680 918 dicens
2710 856 2964 933 Danieli,
3000 857 3058 918 id
3092 859 3164 920 ad
3192 876 3326 919 eum
3364 856 3558 936 potius
3587 872 3724 918 esse

2078 944 2349 1019 missum,
2385 964 2560 1026 quam
2611 945 2682 1007 ad
2715 946 2910 1022 illum,
2944 948 3017 1009 ad
3073 965 3248 1028 quem
3310 946 3439 1026 ipse
3477 944 3535 1006 id
3570 942 3719 1005 mitti

2075 1032 2449 1113 opinaretur.
2508 1035 2641 1098 Alia
2686 1046 2882 1098 autem
2918 1055 3126 1098 rursus
3154 1036 3319 1101 audit
3364 1055 3397 1098 a
3445 1033 3717 1114 Daniele,

2075 1142 2208 1205 quae
2238 1123 2294 1185 ei
2324 1122 2482 1187 Deus
2511 1124 2867 1205 signiﬁcavit
2916 1129 2993 1189 de
3024 1127 3331 1202 Simeone,
3361 1134 3417 1188 et
3468 1124 3543 1186 de
3600 1122 3719 1184 vita

349 1219 478 1298 ejus
528 1219 660 1281 vitae
701 1218 974 1282 instituto
1004 1225 1406 1298 congruenter
1446 1216 1697 1297 agenda.
1730 1216 1873 1291 Quae
1922 1215 2164 1298 quidem
2197 1237 2333 1281 cum
2391 1219 2655 1281 audisset
2687 1218 2950 1300 Sergius,
2982 1240 3213 1283 sacrum
3246 1220 3442 1283 statim
3494 1217 3717 1281 donum

340 1307 612 1388 ejiciens,
642 1307 704 1370 id
733 1308 919 1371 donat
942 1306 1199 1386 Danieli,
1233 1326 1269 1370 ε
1296 1318 1467 1388 patre
1496 1307 1780 1371 Simeone
1810 1304 2021 1369 dicens
2065 1306 2325 1389 migrare
2356 1307 2429 1370 ad
2462 1319 2690 1390 patrem
2723 1310 3057 1375 Danielem.
3091 1309 3161 1372 Et
3189 1310 3315 1373 haec
3347 1309 3586 1391 quidem
3629 1306 3718 1371 sic

337 1396 586 1462 ﬁebant.

406 1491 524 1552 IE'.
570 1493 645 1551 Τὸ
700 1495 849 1550 θεῖον
905 1491 960 1548 δὲ
1016 1490 1180 1550 πάλιν
1207 1493 1275 1550 τὰ
1316 1493 1519 1562 συνήθη
1562 1498 1750 1550 ποιοῦν
1785 1491 1987 1566 ἠρέθιζε

324 1583 418 1641 τὸν
453 1580 659 1650 Δανιὴλ
689 1581 810 1657 ὄψει
866 1585 963 1639 τινὶ
1021 1581 1265 1661 θειοτέρα
1322 1582 1437 1659 βίου
1480 1583 1677 1647 παντὸς
1708 1581 1982 1658 ὑψηλοτέ-

322 1695 416 1753 ρου
459 1673 547 1730 καὶ
607 1671 851 1746 μείζονος
912 1671 1151 1747 ἅψασθαι
1208 1670 1507 1750 πολιτείας,
1540 1670 1771 1748 ἐκλογῆς
1829 1672 1984 1729 αὐτὸν

323 1769 514 1827 σκεῦος
550 1763 688 1818 κατὰ
732 1760 938 1818 Παῦλον
984 1759 1242 1839 προειδὼς
1298 1761 1572 1837 ἐσόμενον.
1634 1763 1729 1820 Καὶ
1774 1760 1810 1828 ἦ
1861 1759 1984 1836 ἅψις

2148 1489 2274 1554 XV.
2299 1493 2459 1556 Deus
2496 1502 2694 1557 autem
2731 1512 2940 1557 rursus
2972 1504 3254 1559 consueta
3283 1495 3529 1569 faciens,
3554 1493 3715 1555 inci-

2074 1581 2231 1644 tabat
2276 1583 2580 1646 Danielem
2632 1584 2861 1647 visione
2936 1588 3191 1666 quadam
3251 1585 3540 1647 diviniore
3576 1634 3590 1659 ,
3656 1594 3721 1646 ut

2069 1672 2500 1751 aggrederetur
2529 1673 2768 1737 vivendi
2799 1674 3090 1738 rationem
3126 1679 3411 1754 majorem
3442 1685 3505 1736 et
3532 1673 3717 1737 subli-

2072 1761 2350 1843 miorem,
2382 1782 2480 1825 vas
2509 1782 2644 1825 eum
2678 1762 3010 1840 electionis,
3051 1765 3350 1845 quomodo
3383 1763 3630 1826 Paulum
3660 1764 3713 1838 7,

322 1853 385 1909 οὗ
440 1855 523 1926 τῷ
583 1849 810 1931 Δανιὴλ,
873 1849 1013 1907 ἀλλὰ
1068 1858 1146 1926 τῷ
1194 1851 1400 1929 Σεργίῳ
1429 1849 1635 1927 μᾶλλον
1667 1850 1979 1927 παρίστατο.

2072 1855 2396 1930 prmsciens
2432 1852 2725 1917 futurum.
2771 1853 3060 1934 Apparuit
3093 1873 3232 1916 vero
3263 1853 3411 1916 visio
3442 1872 3559 1915 non
3596 1855 3713 1917 Da-

323 1938 536 2001 Ἐδόκει
590 1942 692 2019 γὰρ
735 1953 882 2015 τρεῖς
927 1942 1072 2016 αύτῷ
1102 1941 1407 2005 νεανίσκους
1451 1939 1700 2005 ἐλθόντας
1751 1941 1924 1996 εἰπεῖν
1965 1959 1977 1973 ·

322 2027 618 2105 Ἀναστὰς,
651 2029 863 2110 Σέργιε,
899 2028 1022 2107 λέγε
1066 2037 1142 2104 τῷ
1171 2027 1309 2103 ἆϐϐᾷ
1343 2029 1549 2099 Δανιήλ
1583 2046 1595 2060 ·
1657 2020 1715 2088 Ὀ
1775 2029 1871 2096 τῆς
1927 2028 1980 2085 ὲν

320 2126 399 2195 τῷ
457 2126 572 2195 ναῷ
629 2119 904 2183 κατοικίας
959 2119 1162 2198 χρόνος
1203 2119 1308 2188 ἤδη
1369 2119 1718 2197 πεπλήρωται
1755 2134 1768 2147 ·
1832 2116 1980 2198 δεῦρο

322 2209 540 2290 λοιπὸν,
614 2209 709 2266 καί
771 2212 902 2288 πρὸς
964 2212 1210 2285 μείζονας
1268 2210 1480 2287 ἀγῶνας
1554 2209 1975 2288 παρασκευάζου.

326 2299 515 2369 Δήλην
581 2299 671 2357 οὖν
715 2299 860 2375 αὐτῷ
924 2300 1017 2357 τοῦ
1060 2300 1282 2379 Σεργίου
1333 2301 1434 2368 τὴν
1488 2300 1630 2357 θείαν
1686 2297 1811 2375 ὄψιν
1880 2320 1977 2357 πεσ

326 2390 619 2456 ποιηκότος
641 2434 658 2460 ,
744 2389 958 2469 ἐπείπερ
1038 2388 1278 2467 ἔγνωστο
1349 2392 1426 2463 τῷ
1500 2387 1644 2467 ἀνδρὶ
1715 2403 1830 2454 τοῖς
1889 2398 1983 2448 τοῦ

328 2480 635 2557 Κρείττονος
724 2480 945 2553 νεύμασι
1005 2486 1067 2536 τὸ
1145 2479 1398 2558 παράπαν
1477 2479 1556 2554 μὴ
1639 2479 1934 2559 ἀντιλέγειν
1962 2501 1977 2516 ·

320 2565 498 2629 ἄλλως
543 2588 601 2623 τε
642 2564 699 2624 δὲ
741 2569 831 2624 καὶ
877 2573 944 2644 τῇ
985 2568 1212 2646 προτέρᾳ
1254 2572 1353 2634 τῆς
1415 2568 1674 2630 ὀπτασίας
1720 2567 1841 2643 ὄψει
1894 2567 1982 2626 καὶ

314 2657 352 2724 ἡ
404 2653 625 2735 δευτέρα
681 2653 977 2731 συνέϐαινε,
1025 2661 1122 2713 καί
1171 2658 1302 2736 πρὸς
1366 2657 1571 2722 τούτοις
1626 2658 1715 2714 καὶ
1773 2659 1837 2714 τὸ
1891 2663 1982 2714 τοῦ

318 2746 549 2822 Συμεὼν
606 2744 802 2821 ἔδδυμα
857 2748 957 2814 τῆς
1028 2748 1279 2814 τοιαύτης
1326 2745 1603 2812 πολιτείας
1661 2749 1688 2804 6
1745 2746 1981 2826 ἆῤῥαϐὼν

320 2837 416 2912 ἦν,
449 2835 722 2912 πέμπεται
751 2836 976 2917 Σέργιος
1032 2840 1153 2902 τοὺς
1200 2858 1259 2894 τε
1319 2836 1514 2913 λόφους
1564 2838 1802 2900 καὶτοὺς
1834 2836 1980 2912 μᾶλ-

316 2924 415 2983 λον
471 2927 771 3004 ἒρημιιιοὺς
824 2927 1024 2992 τόπους
1084 2926 1199 2984 ὅσοι
1286 2927 1465 2984 ἐκεῖσε
1535 2931 1864 3002 καταμαθεῖν
1925 2929 1987 2982 οὗ

312 3016 468 3075 κίονα
523 3022 796 3095 προσῆκον
852 3017 1064 3097 ἱόρὺσαι
1108 3019 1196 3075 καὶ
1244 3018 1356 3095 βίον
1397 3022 1557 3089 ζῆσαι
1615 3019 1706 3074 τὸν
1749 3016 1984 3096 φιλήσυ-

322 3129 439 3186 χον
489 3104 792 3174 ἐπιτήδειον
826 3123 840 3138 '
903 3108 961 3172 ὃς
1006 3109 1094 3164 καὶ
1147 3107 1285 3184 μέρη
1319 3107 1434 3166 τινὰ
1478 3108 1572 3163 τοῦ
1599 3105 1763 3185 λόφου
1804 3105 1985 3175 καλῶς

2065 1940 2229 2016 nieli,
2261 1942 2365 2003 sed
2397 1942 2594 2023 potius
2624 1940 2852 2024 Sergio.
2888 1942 3250 2006 Videbantur
3291 1942 3451 2005 enim
3486 1951 3607 2005 tres
3640 1942 3711 2006 ad

2065 2049 2200 2094 eum
2225 2031 2457 2094 venisse
2470 2032 2980 2107 adolescentes,et
2999 2032 3220 2095 dixisse
3247 2051 3262 2096 :
3289 2032 3711 2110 Surge,Sergi,

2064 2120 2160 2182 dic
2191 2120 2387 2183 abbati
2418 2120 2649 2184 Danieli
2688 2142 2701 2185 :
2736 2120 3050 2203 Expletum
3104 2131 3197 2185 est
3247 2132 3483 2203 tempus
3512 2131 3626 2184 tua:
3653 2121 3714 2182 in

2065 2211 2283 2291 templo
2307 2210 2939 2275 habitationis.Adesto
2967 2211 3277 2291 deinceps,
3311 2220 3368 2275 et
3393 2212 3466 2274 ad
3492 2212 3718 2291 majora

2064 2318 2275 2381 parare
2296 2301 2649 2365 certamina.
2684 2304 2828 2366 Cum
2865 2319 3005 2379 ergo
3055 2301 3111 2363 ei
3170 2302 3419 2381 Sergius
3452 2301 3708 2365 divinam

2061 2393 2397 2470 aperuisset
2445 2390 2764 2461 visionem,
2813 2391 3091 2472 quoniam
3151 2391 3202 2453 is
3251 2399 3536 2454 statuerat
3591 2409 3709 2452 non

2063 2497 2385 2555 repugnare
2406 2484 2678 2542 omnibus
2695 2484 2930 2541 nunbus
2955 2484 3401 2555 Omnipotentis,
3424 2494 3476 2540 et
3499 2482 3573 2540 ali
3590 2484 3716 2556 -qui

2067 2566 2252 2649 priori
2283 2586 2520 2649 quoque
2581 2567 2792 2630 visioui
2826 2570 3107 2629 secunda
3161 2565 3582 2630 consentiebal
3613 2587 3629 2644 ;
3659 2574 3718 2629 et

2067 2666 2354 2737 praaterea
2386 2658 2687 2721 Simeonis
2719 2657 2899 2721 etiam
2935 2656 3351 2721 indumentum
3389 2665 3514 2719 erat
3537 2656 3714 2719 arrha

2066 2746 2197 2808 talis
2228 2747 2356 2808 vitae
2387 2746 2694 2827 degendae,
2753 2747 3004 2809 mittitur
3065 2745 3329 2826 Sergius,
3364 2757 3423 2808 ul
3456 2746 3715 2808 disceret

2067 2835 2199 2898 loca
2230 2837 2418 2915 magis
2466 2835 2752 2914 solitaria,
2815 2856 2946 2919 quae
2979 2836 3102 2899 illic
3152 2844 3315 2917 sunt,
3350 2847 3413 2898 ut
3444 2844 3710 2916 oporteat

2068 2944 2293 3006 ponere
2313 2926 2679 3006 columnam,
2708 2935 2767 2988 et
2790 2934 2990 3007 aptum
3016 2925 3087 2987 ad
3120 2926 3406 3003 agendam
3444 2932 3617 2988 vitam
3649 2924 3712 2987 in

2069 3016 2269 3096 quiete
2302 3026 2358 3077 et
2386 3014 2924 3089 silentio.Quicum
2951 3023 3151 3095 partes
3182 3016 3463 3097 quasdam
3489 3013 3712 3093 fastigii

2070 3105 2290 3167 montis
2322 3105 2568 3186 pulchre
2602 3114 2765 3169 esset
2816 3112 3239 3187 perscrutatus,
3275 3119 3586 3187 postquam
3621 3121 3715 3165 ve-

2005 3194 2258 3287 ;nisset
2305 3195 2366 3256 in
2424 3194 2590 3256 illum
2641 3195 2887 3287 locum,_
2922 3195 2984 3257 in
3029 3214 3157 3287 quo
3188 3194 3501 3274 oportebat
3550 3201 3712 3287 stare

314 3293 513 3353 στῆναι
563 3288 656 3344 τὸν
709 3287 857 3345 κίονα
903 3288 1290 3367 παραγένοιτο,
1325 3286 1412 3366 σὺ,
1473 3284 1570 3342 Θεὲ
1617 3286 1851 3361 πάντων,
1886 3283 1983 3342 καῖ

2075 3283 2702 3365 columnam,tu,Deus
2728 3284 3138 3365 omnium,boc
3163 3303 3397 3366 quoque
3420 3283 3710 3347 ostendis.

308 3376 469 3435 τοῦτο
526 3375 807 3440 δεικνύεις.
872 3368 1001 3457 Ὀρᾷ
1044 3376 1167 3456 γοῦν
1224 3379 1251 3434 6
1315 3377 1490 3454 ῥηθεὶς
1553 3375 1772 3454 Σέργιος
1828 3396 1984 3447 περι·

2078 3373 2246 3438 Videt
2278 3391 2416 3454 ergo
2452 3375 2719 3454 protinus
2747 3373 2939 3437 dictus
2978 3374 3218 3455 Sergius
3247 3375 3440 3437 albam
3473 3373 3709 3436 colum-

306 3467 505 3544 στερὰν
587 3471 772 3527 αὐτίκα
856 3469 1053 3536 Λευκήν
1089 3482 1104 3496 ⁸
1191 3468 1281 3523 καὶ
1356 3466 1493 3532 αὕτη
1582 3465 1984 3545 πτερυσσομένη

2072 3462 2231 3541 bam,
2267 3483 2403 3544 quas
2431 3466 2557 3527 alas
2610 3463 2962 3546 frequenter
3010 3465 3378 3546 expandens,
3410 3476 3470 3527 et
3504 3483 3710 3546 parum

304 3557 482 3614 πυκνὰ
513 3557 610 3614 atati
638 3558 830 3634 μικρὸν
861 3559 1007 3623 αὖθις
1070 3554 1422 3633 ἆνιπταμένη
1468 3553 1631 3611 πάλιν
1661 3555 1978 3614 κατέπιπτε.

2072 3572 2276 3618 rursus
2309 3554 2650 3626 subvolans,
2721 3557 2937 3617 iterum
2998 3555 3342 3620 decidebat.
3376 3554 3713 3619 Arbitralus

309 3644 481 3712 Δόξας
510 3648 599 3703 οὖν
647 3647 864 3723 θήραμα
913 3647 1118 3713 ταύτην
1174 3648 1322 3703 εἶναι
1357 3646 1446 3700 καὶ
1471 3642 1696 3723 βρόχοις
1726 3644 1977 3721 ἡμμένην

2072 3663 2201 3724 ergo
2228 3664 2356 3706 eam
2395 3663 2526 3705 esse
2559 3652 2789 3725 captam
2832 3654 2890 3707 et
2923 3644 3176 3707 vinctam
3211 3644 3545 3725 laqueis,ad
3579 3662 3709 3706 eam

307 3733 520 3793 σπεύδει
552 3757 610 3792 τε
662 3735 747 3792 ἐπ’
793 3736 987 3810 αὐτὴν,
1044 3737 1137 3793 καὶ
1181 3736 1284 3792 ὑπὸ
1327 3748 1497 3814 χεῖρα
1540 3730 1728 3791 λαϐεῖν
1756 3732 1973 3811 ἐπείγε-

2072 3733 2320 3814 Festinat,
2357 3743 2415 3795 et
2445 3735 2757 3796 contendit
2788 3754 2920 3796 eam
2978 3753 3192 3815 capere
3257 3733 3554 3796 manibus.
3606 3732 3712 3796 illa

305 3846 423 3883 ται.
481 3815 543 3881 Ἦ
600 3822 655 3880 δὲ
700 3825 849 3890 εὖθὺς
904 3825 1199 3882 ἀποπτᾶσα
1247 3825 1336 3881 xxi
1377 3821 1677 3902 ὀφθαλμοῖς
1728 3820 1971 3889 ἄληπτος

2072 3842 2194 3885 vero
2225 3842 2359 3886 cum
2390 3823 2587 3885 statim
2615 3823 3014 3903 evolasset,n'e
3037 3823 3226 3886 oculis
3259 3824 3497 3905 quidem
3534 3832 3709 3905 pote-

303 3917 397 3985 ἧν.
431 3913 585 3972 Οὕτω
612 3913 775 3985 δῆλοι
808 3916 871 3972 τὸ
903 3912 1176 3989 σύμϐολον
1207 3911 1496 3990 δεξάμενος
1544 3918 1642 3981 τῆς
1695 3911 1966 3987 ἱδρύσεως,

2072 3922 2146 3976 rat
2174 3913 2570 3994 apprehendi.
2612 3911 2756 3976 Cum
2813 3925 3009 3978 tamen
3071 3913 3319 3976 evidens
3378 3913 3711 3993 accepisset

300 4005 629 4079 καταμαθὼν
687 4003 743 4061 δὲ
802 4006 889 4062 καὶ
934 4003 1093 4070 αὐτὸς
1142 4003 1291 4067 ὅπως
1338 4003 1500 4083 εἶχεν
1551 4004 1579 4058 6
1636 4001 1800 4066 τόπος
1845 4004 1969 4057 επι-

2072 4003 2286 4080 iignum
2318 4003 2651 4065 statuenda:
2685 4002 3002 4078 columnae,
3042 4013 3098 4065 et
3131 4003 3257 4084 ipse
3292 4022 3530 4084 quoque
3564 4002 3706 4065 satis

302 4091 556 4172 τηδείως,
602 4094 808 4151 κάτεισι
869 4095 1003 4173 πρὸς
1066 4095 1160 4151 τὸν
1218 4091 1398 4170 ἅγιον,
1460 4092 1546 4148 καὶ
1604 4092 1779 4148 πάντα
1836 4091 1970 4147 κατὰ

2082 4092 2653 4172 ιιίθΙΙθΧίεεθι,(ιιιὶιω
2691 4100 2855 4154 esset
2884 4103 3062 4170 aptus
3090 4092 3601 4167 locus,descendit
3632 4094 3706 4156 ad

303 4181 469 4258 μέρος
500 4181 620 4259 μεθ’
650 4184 716 4253 ἧς
747 4181 891 4241 εἶδεν
922 4182 1158 4261 ὁράσεως
1208 4180 1566 4260 ἀπαγγέλλει,
1606 4173 1664 4238 Ὀ
1718 4179 1772 4237 δὲ
1828 4179 1967 4249 ἥσθη

2072 4190 2350 4255 :anctum,
2390 4191 2449 4243 et
2508 4181 2709 4243 omnia
2767 4181 3071 4260 sigillatim
3107 4182 3411 4244 renuntiat
3440 4201 3576 4244 cum
3612 4201 3706 4261 ea,

301 4294 365 4330 τε
423 4271 676 4352 ἀκούσας,
735 4278 827 4331 καὶ
912 4274 1002 4330 τὸν
1089 4274 1256 4329 τόπον
1339 4269 1669 4328 καταλαϐεῖν
1730 4269 1967 4327 ἔσπευδε.

2072 4291 2239 4354 quam
2269 4271 2518 4350 viderat,
2554 4270 2799 4333 visione.
2838 4272 2945 4334 ille
2976 4280 3175 4334 autem
3210 4280 3271 4335 et
3299 4271 3532 4333 lmtatus
3589 4280 3702 4352 est,

307 4373 577 4440 Δωρετται
609 4360 674 4431 δὴ
709 4364 926 4443 Μάρκος
982 4361 1079 4438 μὲν
1142 4361 1295 4442 φίλος
1359 4365 1500 4435 αὐτῷ
1530 4362 1617 4418 καὶ
1647 4359 1819 4418 τᾶλλα
1851 4383 1981 4417 συν-

2072 4381 2200 4424 cum
2232 4361 2576 4433 audivisset,
2604 4371 2662 4422 et
2685 4361 2755 4422 ad
2792 4361 2986 4422 locum
3020 4361 3225 4423 venire
3257 4359 3556 4442 cupiebat.
3598 4364 3707 4425 Dat

301 4454 450 4523 ήθης
506 4453 599 4508 τὸν
654 4453 811 4510 κίονα
847 4469 861 4483 ’
921 4451 1215 4531 γενομένου
1304 4449 1359 4507 δὲ
1445 4452 1533 4508 καὶ
1591 4457 1683 4508 τοῦ
1738 4452 1980 4522 συνήθως

2072 4470 2202 4514 vero
2225 4454 2459 4514 Marcus
2487 4451 2730 4532 quidem
2763 4450 2820 4512 ei
2850 4450 3081 4513 amicus
3130 4460 3201 4514 et
3243 4451 3359 4512 alio
3395 4451 3495 4528 qui
3532 4451 3705 4513 fami-

300 4540 638 4608 καλουμένου
695 4540 880 4618 μοδίου
930 4544 1028 4599 καὶ
1071 4546 1139 4618 τῇ
1189 4539 1401 4621 κεφαλῇ
1458 4546 1550 4598 τοῦ
1581 4539 1774 4598 στύλου
1805 4563 1974 4625 προσ-

2072 4541 2229 4604 Iiaris
2259 4541 2626 4603 columnam.
2662 4539 2807 4603 Cum
2840 4554 3039 4603 autem
3072 4540 3261 4602 factus
3291 4553 3450 4603 esset
3479 4539 3530 4601 is
3552 4559 3667 4622 quo
3691 4577 3704 4590 -

299 4630 684 4712 αρμοσθέντος,
745 4632 953 4690 κελεύει
1010 4633 1133 4707 περὶ
1190 4633 1358 4706 μέσας
1438 4629 1582 4702 αὒτῷ
1639 4632 1830 4694 νύκτας
1883 4621 1976 4687 τὸν

2072 4649 2199 4712 que,
2233 4631 2332 4712 qui
2383 4632 2536 4692 solet
2566 4630 2763 4692 vocari
2820 4630 3078 4701 modius,
3116 4639 3175 4692 et
3205 4630 3381 4711 capiti
3413 4621 3709 4692 columnae

298 4728 398 4778 τοῦ
485 4727 614 4778 ναοῦ
688 4735 885 4803 τοῖχον
944 4721 1326 4799 διατρηθῆναι,
1386 4720 1475 4777 καὶ
1555 4719 1693 4777 οὕτω
1771 4721 1973 4812 πάντας

2072 4720 2264 4812 inisset
2316 4719 2649 4812 adaptatus,
2695 4719 2894 4812 jubet
2936 4718 3093 4781 circa
3148 4721 3405 4812 mediam
3471 4728 3705 4812 noctem

297 4809 478 4867 λαθὼν
535 4810 714 4888 ἀνῄει.
777 4812 916 4870 Εἶτα
986 4813 1075 4869 καὶ
1161 4810 1474 4889 προσευχὴν
1551 4808 1792 4887 ἐπιλέγει
1852 4807 1968 4885 μεθ’

2072 4808 2348 4871 )erl‘orari
2380 4807 2497 4869 sibi
2526 4808 2733 4889 templi
2772 4807 3060 4889 parietem
3092 4828 3108 4883 ;
3143 4820 3203 4870 et
3233 4809 3335 4889 ita,
3373 4827 3581 4870 omnes
3613 4808 3703 4869 la—

297 4898 503 4969 ἠδονῆς
539 4899 706 4967 οὕτως
737 4900 972 4981 ἔχουσαν
1005 4917 1019 4932 ⁸
1062 4900 1200 4967 Δόξα
1250 4921 1359 4970 σοι,
1410 4898 1604 4972 Χριστὲ
1637 4900 1665 4954 6
1698 4900 1851 4979 Θεὸς,
1887 4892 1969 4956 ὅτι

2080 4913 2211 4973 ens,
2240 4897 2531 4958 ascendit.
2568 4896 2800 4960 Deinde
2827 4896 3007 4958 etiam
3033 4915 3166 4958 cum
3202 4897 3414 4977 gaudio
3446 4897 3708 4977 concipit

294 4989 558 5046 τοιούτων
613 4990 751 5065 κάμὲ
785 4993 999 5069 ἀγαθῶν
1047 4991 1145 5047 καὶ
1198 4986 1471 5052 πολιτείας
1520 4994 1772 5055 τοιαύτης
1799 4988 1965 5057 ἠξίω-

2072 5004 2285 5068 )ι·οεεε,
2334 5004 2466 5067 quae
2526 4986 2606 5047 ita
2659 4985 3010 5049 habebant:
3072 4984 3274 5049 Gloria
3307 4986 3441 5062 tibi,
3473 4986 3708 5050 Christe

298 5101 427 5145 σας.
475 5078 627 5136 Ἀλλ’
658 5082 817 5148 αὐτὸς
861 5079 1041 5154 οἶδας,
1094 5078 1365 5154 Δέσποτα,
1398 5076 1480 5134 ὅτι
1533 5099 1616 5133 σοι
1662 5079 1811 5152 μόνῳ
1831 5078 1965 5158 θαῤ-

2072 5078 2232 5151 )eus,
2266 5076 2426 5158 quod
2464 5094 2560 5139 me
2592 5074 2807 5137 talibus
2837 5074 3012 5137 bonis
3036 5083 3094 5137 et
3127 5075 3231 5136 tali
3263 5082 3403 5138 vitae
3437 5074 3708 5138 instituto

299 5170 407 5247 βῶν
465 5170 557 5225 τὸν
638 5170 793 5227 κίονα
870 5168 1139 5226 ἀναϐαίνω
1202 5171 1294 5225 καί
1370 5168 1462 5223 τὸν
1538 5166 1720 5245 ἀγῶνα
1776 5170 1966 5225 τοῦτον

2072 5185 2115 5227 is
2159 5166 2461 5245 dignatus.
2495 5162 2614 5227 Sed
2648 5173 2707 5225 tu
2738 5165 2876 5240 scis,
2911 5183 2945 5226 o
2997 5162 3271 5238 Domine,
3307 5164 3462 5246 quod
3496 5172 3556 5226 te
3580 5165 3709 5227 solo

296 5257 628 5339 ὅπέρχομαι.
697 5256 850 5323 Δέξαι
909 5280 1012 5335 μου
1063 5258 1160 5327 τὴν
1209 5256 1481 5336 πρόθεσιν,
1516 5256 1799 5336 ἐνίσχυσον
1830 5259 1963 5336 πρὸς

2072 5257 2241 5318 'retus
2270 5256 2424 5317 hanc
2456 5253 2719 5316 ascendo
2767 5254 3133 5327 columnam,
3169 5262 3227 5316 et
3255 5254 3370 5317 hoc
3403 5263 3709 5316 certamen

295 5349 393 5405 τὸν
451 5346 674 5427 δρόμον,
731 5346 1015 5405 τελείωσον
1074 5349 1137 5404 τὸ
1192 5346 1523 5426 ἐγχείρημα.
1562 5344 1743 5409 Οὕτως
1775 5349 1802 5402 ὅ
1847 5369 1961 5421 μαμ-

2072 5346 2256 5407 .ubeo.
2288 5342 2544 5424 Suscipe
2581 5361 2779 5405 meum
2843 5343 3211 5425 propositum
3242 5367 3258 5416 ;
3296 5343 3586 5406 conﬁrma
3610 5361 3706 5406 me

299 5438 487 5516 κάριος
521 5438 582 5493 οὗ
611 5435 750 5493 κατὰ
780 5443 990 5512 πνεῦμα
1046 5439 1210 5513 μόνον
1260 5433 1440 5493 τελεῖν
1496 5434 1763 5509 οὗράνιος,
1822 5434 1963 5492 ἀλλὰ

2072 5434 2116 5496 id
2146 5451 2388 5496 cursum
2420 5440 2727 5512 ;coeptum
2752 5451 2950 5494 meum
2974 5429 3339 5495 absolve.Sic
3365 5434 3574 5493 beatus
3601 5430 3704 5493 ille

296 5527 388 5584 καὶ
419 5526 497 5592 ὦς
529 5524 652 5583 οἶόν
680 5546 737 5584 τε
766 5528 905 5584 κατὰ
930 5529 1087 5603 σῶμα
1135 5523 1456 5601 ἐξεϐιάζετο,
1492 5525 1578 5583 καὶ
1632 5532 1724 5586 τοῦ
1768 5524 1959 5584 λοιποῦ

2072 5541 2162 5586 non
2198 5522 2413 5605 spiritu
2446 5519 2643 5584 solum
2670 5539 2805 5585 esse
2824 5520 3106 5600 caelestis,
3137 5521 3244 5584 sed
3276 5519 3477 5599 etiam,
3501 5520 3694 5604 quoad

311 3194 826 3273 διερευνησάμενος,
859 3195 1048 3266 ἐπειδὴ
1081 3196 1204 3255 κατ’
1255 3196 1433 3254 έκεῖνο
1482 3195 1647 3253 τόπου
1706 3195 1827 3253 ἔνθα
1883 3194 2042 3273 ἰίδειλ.Ἰ

375 5707 407 5759 ⁷
436 5703 576 5772 Act.
607 5719 688 5784 Iv,
723 5702 824 5768 15.
