4086 6410
414 340 522 412 991

1619 351 2002 417 ADDENDA.
2061 385 2114 398 -
2147 352 2290 419 DEC
2303 353 2576 420 EMBER.

3665 352 3783 422 992

413 483 546 565 ejus
574 479 708 548 ﬁeri
748 492 1002 569 poterat,
1057 507 1306 572 corpore
1339 507 1470 553 esse
1519 486 1954 561 contendebat;
1991 497 2037 551 et

2135 488 2297 566 μόνος
2342 491 2409 560 ἧν
2451 491 2506 548 ἐν
2547 497 2624 566 τῷ
2658 489 2816 569 κίονι,
2855 490 3097 572 μεθόριον
3140 491 3326 550 ἑαυτὸι
3368 490 3585 570 θέμενος
3619 492 3782 572 οὖρα-

415 578 490 637 de
517 584 730 640 caetero
763 579 926 641 solus
964 589 1088 643 erat
1117 581 1174 641 in
1211 580 1515 654 columna,
1573 579 1838 658 seipsum
1866 579 2056 641 collo-

415 683 556 730 cans
587 668 650 729 in
697 669 832 730 οωΙί
891 679 946 732 et
997 679 1173 733 terrae
1222 670 1485 732 confinio
1513 688 1529 745 ;
1561 668 1634 730 ab
1673 669 1782 731 hac
1813 669 2055 750 quidem

412 756 708 820 recedens
736 777 916 821 carne
938 768 995 822 et
1023 762 1254 842 spiritu,
1289 762 1363 823 ad
1397 759 1543 823 illud
1575 767 1771 822 autem
1805 768 2056 822 conten-

413 845 585 912 deus.

492 960 791 1028 XVI.H.'ee
817 975 1012 1029 autem
1047 988 1165 1032 non
1193 975 1428 1052 poterat
1449 966 1686 1030 invidus
1715 965 1874 1028 ferre
1905 982 2052 1025 ocu-

412 1047 526 1131 lus,
553 1071 752 1130 neque
779 1058 930 1137 patri
954 1047 1384 1123 invidiaeerant
1423 1058 1526 1120 illa
1549 1054 1903 1117 tolerabilia.
1939 1052 2052 1116 Sed

410 1157 545 1202 cum
576 1143 687 1210 loci
719 1145 999 1211 dominus
1023 1149 1095 1212 ad
1120 1151 1333 1213 horum
1363 1149 1626 1212 venisset
1647 1143 2049 1224 cognitionem

407 1232 554 1302 (erat
576 1243 772 1297 autem
796 1237 884 1301 illi
909 1259 1126 1302 nomen
1151 1234 1932 1320 Gelasius),inconsiderate
1964 1233 2051 1294 ira

406 1321 606 1382 animo
641 1326 1142 1404 perturbatus,aut
1165 1329 1358 1410 potius
1380 1326 1667 1389 daemonis
1688 1320 2049 1403 importuni-

406 1417 530 1470 tate
562 1425 984 1494 commotus,et
1012 1419 1299 1482 adversus
1331 1425 1598 1480 sanctum
1630 1415 1824 1475 virum
1851 1413 2050 1474 furore

407 1502 672 1578 percitus
695 1513 889 1580 (causa
906 1519 1100 1571 autem
1129 1503 1754 1590 praetexebatur,quod
1776 1522 1891 1564 non
1917 1521 2047 1563 eam

405 1595 692 1662 posuisset
714 1599 1004 1660 voluntate
1029 1602 1212 1674 illius)
1230 1600 1558 1672 imperatori
1583 1597 1814 1670 quidem
1842 1610 2047 1652 renun-

410 1677 513 1739 tiat
542 1679 600 1742 id
635 1683 792 1760 quod
828 1685 1044 1748 factum
1079 1684 1624 1750 fuerat.Renuntiat
1639 1690 1834 1743 autem
1870 1679 2046 1740 etiam

407 1765 719 1834 Gennadio
756 1775 828 1853 (is
880 1779 1036 1838 enim
1085 1779 1438 1838 constitutus
1497 1775 1686 1836 fuerat
1733 1771 2048 1851 episcopus

401 1858 1092 1944 Constantinopolitanus
1123 1874 1253 1948 post
1283 1867 1594 1928 decessum
1629 1860 1906 1932 Anatolt).
1939 1859 2046 1948 At-

406 1965 523 2026 que
554 1950 626 2011 ab
647 1951 1004 2034 imperatore
1027 1947 1266 2038 quidem
1291 1955 1499 2016 dicens
1526 1972 1643 2014 non
1665 1950 1774 2011 fuit
1797 1947 2048 2010 exaudi-

405 2043 520 2113 tus;
543 2040 862 2124 episcopus
885 2064 1022 2107 vero
1047 2047 1273 2108 invidia
1298 2053 1512 2121 motus,
1551 2060 1656 2103 seu
1680 2039 1733 2102 ei
1759 2043 1855 2120 qui
1879 2056 2047 2116 roga-

399 2136 492 2218 rat
522 2133 883 2218 concedens,
910 2156 1026 2198 non
1053 2138 1242 2200 solum
1268 2134 1553 2197 censebat
1581 2139 1846 2193 sanetum
1875 2147 1906 2187 e
1938 2147 2044 2188 co-

399 2215 600 2280 lumna
620 2215 1159 2303 dejiciendum,sed
1182 2227 1356 2288 etiam
1381 2241 1565 2304 pinnae
1579 2218 2040 2300 subjiciendum.

400 2306 578 2372 Redit
597 2330 737 2389 ergo
757 2314 1024 2378 Gelasius
1048 2325 1204 2379 totus
1229 2317 1310 2377 ira
1335 2313 1618 2396 percitus,
1636 2311 1783 2371 alios
1806 2325 2044 2388 quoque

402 2399 618 2461 multos
649 2420 850 2465 secum
881 2424 1218 2476 aSSumens,
1273 2415 1330 2467 et
1375 2423 1408 2466 e
1462 2402 1740 2463 columna
1770 2405 2041 2459 sanctum

399 2488 605 2551 volens
635 2492 973 2557 detrahere.
1011 2493 1122 2558 Sed
1157 2495 1258 2577 qui
1309 2510 1548 2574 semper
1577 2492 1635 2551 in
1670 2487 1894 2551 sanctis
1923 2489 2044 2577 suis

399 2589 484 2666 est
511 2580 875 2645 admirabilis
894 2575 1412 2666 Dominus,qua|ia
1432 2599 1591 2643 nunc.
1614 2597 1851 2659 quoque
1874 2575 2035 2649 fecit,

397 2665 564 2729 illum
591 2672 869 2735 audacter
889 2665 1271 2737 insultantem
1300 2672 1727 2754 reprimens,et
1750 2667 1879 2746 ejus
1907 2682 2038 2726 ser-

403 2769 658 2835 vnm,qui
682 2776 802 2826 erat
826 2769 1430 2840 orcultus,gloriosum
1452 2766 1709 2822 eﬂlciens
1739 2762 1879 2818 Nam
1905 2773 2038 2816 cum

401 2859 560 2912 esset.
593 2852 846 2914 maxima
877 2857 1166 2917 serenitas
1191 2863 1464 2934 essetque
1489 2869 1591 2912 aer
1615 2866 1796 2928 purus
1830 2856 1888 2906 et
1912 2845 2039 2906 lim-

399 2943 586 3010 pidus.
612 2948 794 3003 nubes
818 2961 1049 3018 repente
1078 2953 1515 3009 concurrerunt,
1556 2955 1608 3000 et
1631 2952 1749 2998 orta
1781 2950 1866 2996 est
1897 2939 2040 2995 eali-

395 3046 490 3105 ἕο,
518 3039 574 3090 et
601 3031 926 3095 vehemens
959 3033 1153 3112 pluvia
1171 3043 1227 3095 et
1251 3031 1474 3112 grando
1501 3031 1780 3090 deorsum
1810 3025 2038 3085 fereba-

397 3126 512 3179 tur.
547 3118 886 3202 Tantusque
918 3133 1046 3184 erat
1073 3125 1202 3204 ejus
1232 3124 1580 3202 impetus,et
1611 3130 1727 3180 tam
1767 3116 2038 3204 ingettles

395 3207 571 3270 mina)
600 3211 704 3272 irae
734 3226 1104 3292 supernze,ut
1133 3214 1308 3274 etiam
1337 3212 1544 3271 vitium
1580 3206 1866 3267 caderent
1899 3203 2094 3291 foliac

395 3305 452 3356 et
484 3300 769 3380 pampini,
807 3321 924 3362 non
959 3305 1149 3366 solum
1185 3303 1412 3365 fructus
1449 3323 1460 3360 :
1509 3307 1634 3361 erat
1686 3294 1843 3356 enim
1893 3301 2033 3354 tunc

392 3394 629 3467 ίθῖηβυε
660 3391 1122 3454 Vindemiae.Sed
1159 3411 1269 3454 nec
1303 3393 1425 3452 htee
1451 3389 1689 3472 quidem
1725 3383 2029 3462 reprime—

393 3475 533 3537 bant
556 3481 812 3541 amentis
837 3482 1295 3544 stultiliam.Sed
1327 3501 1459 3541 cum
1491 3499 1605 3540 non
1640 3475 1886 3537 multum
1921 3472 2031 3532 ab-

393 3565 621 3649 fuisset,
660 3569 797 3649 quin
831 3571 932 3633 ille
993 3573 1237 3652 periret,
1277 3590 1348 3632 ne
1383 3571 1465 3632 sic
1492 3568 1730 3650 quidem
1766 3560 2036 3623 discebat

392 3674 609 3727 sapere.
658 3675 712 3722 et
732 3681 790 3722 se
809 3667 1099 3724 moderate
1122 3683 1320 3737 gerere
1345 3687 1358 3733 ;
1393 3680 1578 3735 neque
1608 3660 1832 3717 vo'ebat
1863 3657 2026 3720 scire,

393 3755 608 3823 quanta
638 3769 896 3829 superna
927 3752 1114 3829 gratia
1165 3751 1558 3831 locupletatus
1608 3753 1764 3806 esset
1794 3739 2026 3802 Daniel.

393 3840 507 3901 Sed
568 3844 877 3918 anhelans,
920 3856 977 3908 et
1028 3846 1419 3916 madefactus,
1457 3861 1592 3907 cum
1654 3840 1726 3899 iis
1779 3835 1877 3916 qui
1909 3833 2068 3894 circa

391 3930 702 4011 clamabat,
739 3944 798 3996 et
827 3936 1094 4016 dejicere
1125 3949 1395 3997 sanctum
1427 3930 1897 4013 aggrediebatur.

470 4066 676 4128 XVIII.
711 4068 823 4131 Sed
860 4081 1169 4152 postquam
1203 4071 1459 4152 quicum
1485 4090 1556 4132 eo
1589 4077 1781 4144 erant,
1816 4068 1866 4129 ei
1899 4082 2032 4146 quin

391 4167 558 4218 erant
588 4157 1286 4240 optima,suggesserunt,
1321 4161 1591 4222 dicentes
1623 4179 1733 4221 nec
1765 4175 1900 4220 esse
1933 4177 2029 4216 co-

389 4245 651 4308 lumnam
685 4268 826 4325 agro
856 4251 1275 4331 propinquam,
1308 4251 1520 4312 ethinc
1546 4251 1600 4311 ei
1625 4249 1846 4310 nullam
1881 4247 2032 4306 futu-

387 4355 511 4398 ram
537 4337 865 4400 molestiam
894 4362 908 4420 ;
945 4341 1063 4402 imo
1091 4361 1230 4402 vero
1254 4361 1389 4402 eum
1429 4351 1849 4419 pereepturutn
1873 4336 2028 4396 fruc-

389 4434 508 4486 tum
545 4427 861 4490 multarum
897 4431 1323 4504 orationum,et
1351 4432 1406 4492 ei
1431 4433 1690 4492 futurum
1719 4425 1888 4487 valde
1921 4423 2030 4484 uti-

2073 1865 2108 1915 B
2131 1861 2219 1920 λεῖ
2250 1865 2347 1940 μὲν
2376 1866 2463 1922 οὖν
2521 1865 2695 1944 λέγων
2738 1868 2970 1938 cia-47.00;
3028 1870 3093 1938 ἧν
3129 1885 3145 1902 ⁸

2137 587 2227 636 νοῦ
2283 604 2340 638 τε
2403 583 2486 638 καὶ
2541 581 2638 650 τῆς
2717 587 2844 659 γῆς,
2937 583 3096 655 σαρκί
3170 583 3269 658 μὲν
3340 585 3438 641 καὶ
3511 584 3780 660 πνεύματι

2137 669 2516 750 ἀφιστάμενος,
2551 673 2682 752 πρὸς
2714 669 2769 728 δὲ
2801 673 2892 731 τὸν
2925 672 3298 752 ἐπειγόμενος,

2220 967 2346 1042 ις’.
2379 974 2553 1026 Ταῦτα
2587 967 2641 1024 δὲ
2677 969 2768 1025 τὸν
2797 969 3067 1045 βάσκανον
3096 968 3366 1050 ὀφθαλμὸν
3399 973 3493 1030 οὒκ
3521 970 3588 1039 ἧν
3632 967 3794 1050 ἐνεγ-

2135 1072 2276 1135 κεῖν,
2325 1057 2433 1116 οὐδ’
2475 1062 2618 1132 αύτῷ
2661 1059 2845 1132 ἐκείνῳ
2886 1067 2963 1135 τῷ
3004 1068 3096 1118 τοῦ
3139 1060 3329 1141 φθόνου
3358 1059 3522 1139 πατρῖ
3555 1063 3790 1143 φορητά.

2135 1146 2288 1204 Ἀλλ’
2319 1147 2347 1203 ὅ
2377 1150 2472 1205 τοῦ
2502 1149 2665 1205 τόπου
2699 1150 2884 1226 Κύριος
2917 1151 2991 1208 εἷς
3024 1151 3222 1228 γνῶσιν
3242 1151 3444 1208 τούτων
3475 1149 3668 1226 ἐλθὼν,
3693 1158 3792 1208 1‘s-

2132 1235 2316 1301 λάσιος
2351 1237 2534 1311 ἐκείνῳ
2562 1236 2816 1314 τοῦνομα,
2855 1238 3118 1317 ἀλογίστῳ
3145 1241 3295 1315 θυμῶ
3323 1241 3422 1308 τὴν
3457 1241 3644 1320 ψυχὴν
3673 1239 3792 1298 δια·

2129 1326 2444 1407 ταραχθεὶς,
2481 1328 2516 1396 ἢ
2548 1327 2749 1403 μᾶλλον
2779 1326 3064 1404 δαιμονίως
3095 1333 3376 1397 σκαιότητι
3406 1331 3660 1406 κινηθεὶς,
3696 1333 3789 1390 καὶ

2131 1418 2266 1473 κατὰ
2295 1425 2388 1474 τοῦ
2418 1416 2562 1474 ὁσίου
2591 1416 2776 1496 ἀνδρός
2808 1420 3079 1500 εκμανεὶς,
3107 1421 3193 1476 καὶ
3216 1421 3249 1488 ἡ
3276 1420 3416 1476 αἰτία
3433 1421 3495 1476 τὸ
3527 1420 3606 1495 μὴ
3637 1421 3787 1499 γνώ-

2131 1529 2208 1583 μῃ
2241 1505 2441 1564 ἐκείνου
2483 1509 2575 1564 τὸν
2607 1507 2798 1565 στῦλον
2830 1508 2884 1565 ἐν
2928 1523 3044 1574 τοῖς
3086 1510 3288 1569 ἐκείνου
3315 1507 3640 1588 ἱδρύσασθαι,
3674 1511 3780 1590 ἂγ-

2130 1595 2310 1672 γέλλει
2371 1598 2470 1671 μὲν
2523 1597 2740 1675 βασιλεῖ
2795 1600 2856 1656 τὸ
2899 1599 3165 1680 πραχθὲν,
3225 1599 3475 1678 ἀγγέλλει
3529 1599 3582 1656 δὲ
3626 1609 3785 1660 τοῦτο

2129 1688 2224 1742 καί
2259 1686 2533 1762 Γενναδίῳ,
2569 1691 2719 1754 οὗτος
2768 1691 2866 1768 γὰρ
2922 1689 3208 1756 ἐπίσκοπος
3272 1693 3784 1749 Κωνσταντινουπό-

2130 1774 2266 1839 λεως
2325 1779 2458 1851 μετὰ
2513 1778 2613 1844 τὴν
2644 1779 2958 1837 Ἀνατολίου
2987 1781 3268 1837 καθίστατο
3303 1781 3576 1850 τελευτήν,
3613 1789 3785 1838 Βασι-

3198 1872 3225 1926 ὁ
3255 1868 3309 1924 δὲ
3340 1871 3632 1935 ἐπίσκοπος
3665 1871 3784 1928 εἴτε

2128 1953 2303 2031 φθόνω
2344 1953 2510 2012 εἴκων
2539 1957 2573 2024 ἢ
2618 1959 2704 2013 καὶ
2747 1963 2824 2030 τῷ
2880 1957 3114 2026 δεηθέντι
3173 1960 3550 2038 χαριζόμενος,
3585 1961 3645 2017 οὗ
3689 1969 3786 2018 τοῦ

2126 2043 2316 2101 στύλου
2355 2047 2738 2127 κατενεχθῆδαι
2787 2051 2972 2130 μόνον,
3005 2049 3159 2130 μάλλὰ
3210 2051 3297 2106 καὶ
3345 2050 3599 2125 ἐπιτιμίῴ
3640 2051 3784 2107 ὑπο-

2125 2131 2387 2202 ϐληθῆναι
2420 2137 2510 2192 τὸν
2540 2125 2692 2216 ἅγιον
2719 2125 2970 2196 ἐδικαίουξ
3005 2125 3236 2197 Ἃνεισιν
3297 2142 3386 2197 οῦν
3436 2142 3464 2197 ὁ
3524 2139 3781 2204 Γελάσιος

2128 2221 2252 2285 ὅλος
2298 2224 2457 2302 ὀργῆς
2502 2225 2576 2282 ὢν
2636 2229 2864 2308 συχνοὺς
2895 2231 2985 2286 καὶ
3015 2227 3207 2294 ἄλλως
3245 2229 3360 2301 μεθ’
3393 2231 3582 2287 ἑαυτοῦ
3638 2253 3780 2304 συμ-

2129 2311 2474 2390 παραλαϐὼν,
2539 2319 2624 2372 καὲ
2687 2321 2772 2374 τοῦ
2821 2319 3013 2376 στόλου
3072 2320 3162 2375 τόν
3207 2320 3358 2397 ἅγιον
3401 2317 3594 2377 ἐθέλων
3640 2342 3780 2378 κατ-

2127 2418 2388 2481 ενεγκεῖν.
2430 2404 2577 2463 Ἀλλ’
2625 2411 2651 2464 ὁ
2695 2408 2774 2466 ἀεὶ
2816 2410 3116 2483 θαυμαστὸς
3160 2409 3215 2464 ἐν
3259 2423 3376 2474 τοῖς
3417 2411 3586 2487 ἇγίοις
3618 2415 3780 2470 αὐτοῦ

2129 2494 2315 2571 Κύριος
2369 2498 2460 2551 οἶα
2495 2499 2579 2552 καὶ
2611 2506 2698 2555 νῦν
2749 2498 2940 2573 ἐποίει,
3003 2499 3212 2555 ἐκεῖνόν
3271 2522 3329 2556 τε
3384 2502 3779 2578 θρασυνόμενον

2124 2581 2460 2640 ἀναστέλλων
2499 2633 2515 2665 ,
2604 2588 2690 2642 καὶ
2762 2590 2851 2644 τὸν
2943 2590 3102 2646 αὐτοῦ
3169 2589 3462 2668 θεράποντα
3548 2589 3780 2662 δοξάζων

2125 2672 2487 2750 κρυπτόμενον
2524 2694 2537 2708 ·
2600 2675 2771 2742 εὒδίας
2829 2679 2928 2756 γὰρ
2992 2675 3239 2755 ἀκριϐοῦς
3321 2679 3481 2745 οὔσης
3543 2683 3626 2736 καὶ
3685 2688 3778 2737 τοῦ

2124 2761 2273 2837 ἀέρος
2331 2762 2575 2838 ἀλαμπὲς
2664 2765 2810 2823 οῦδὲν
2884 2767 3108 2847 ἔχοντος
3183 2768 3314 2847 νέφη
3369 2789 3426 2824 τε
3485 2766 3774 2844 συνέδραμε

2124 2851 2418 2938 παραυτίκα
2473 2856 2561 2910 καὶ
2620 2856 2830 2936 ὁμίχλη
2894 2856 3246 2938 προσέπιπτε,
3309 2860 3395 2914 καὶ
3436 2860 3588 2924 ὑετὸς
3641 2860 3778 2938 ῥαγ-

2122 2936 2272 3004 δαῖος
2331 2942 2420 2997 καὶ
2498 2943 2712 3022 χάλαζα
2787 2936 3264 3025 συγκατεφέροντο.
3349 2949 3444 3006 Καὶ
3520 2936 3776 3007 τοσοῦτον

2121 3029 2319 3094 ταύτης
2352 3032 2385 3097 ἡ
2431 3032 2638 3106 ἐμϐολὴ
2686 3037 2771 3091 καὶ
2817 3037 2850 3104 ἢ
2904 3041 3002 3103 τῆς
3047 3035 3243 3093 ἄνωθεν
3275 3038 3436 3115 ὀργῆς
3468 3038 3670 3107 ἀπειλῆ
3702 3042 3777 3105 ὡς

2120 3120 2208 3174 καὶ
2252 3121 2316 3175 τὰ
2362 3122 2465 3178 τῶν
2526 3123 2782 3198 ἆμπελων
2840 3125 3166 3204 ἆποῤῥεῦσαι
3217 3125 3408 3205 φύλλα,
3445 3130 3523 3200 μή
3573 3127 3659 3184 ὅτι
3714 3151 3776 3208 γε

2121 3208 2210 3262 τὸν
2266 3211 2489 3287 καρπὸν,
2554 3217 2818 3288 τρυγητὸς
2863 3215 2962 3292 γᾶρ
3002 3215 3088 3282 ἧν.
3149 3212 3279 3272 Οὖδὲ
3350 3216 3516 3270 ταῦτα
3575 3215 3774 3295 ἐπεῖχε

2117 3299 2215 3363 τὴν
2271 3309 2364 3354 τοῦ
2419 3310 2876 3380 παραφρονοῦντος
2923 3303 3201 3361 ἀσυνεσίαν
3243 3321 3258 3338 ⁶
3295 3302 3432 3358 ἀλλὰ
3476 3305 3562 3359 καὶ
3615 3305 3770 3381 ἐγγὺς

2114 3387 2318 3451 ἐκεῖνος
2374 3389 2468 3443 τοῦ
2527 3390 2813 3448 ἀπολέσθαι
2869 3391 3178 3467 γενόμενος,
3215 3389 3332 3448 οῦδὲ
3377 3390 3541 3457 οὕτως
3594 3391 3766 3466 ἐμάν-

2113 3478 2232 3530 θανε
2292 3493 2640 3555 σωφρονεῖν,
2724 3480 2831 3540 οὔδ’
2909 3481 3032 3537 ὅσον
3093 3479 3338 3537 ἐπλούτει
3401 3480 3606 3547 Δανιὴλ
3665 3483 3768 3549 τὴν

2114 3562 2311 3620 ἄνωθεν
2369 3568 2529 3646 χάριν
2609 3570 2753 3638 ἠξίου
2807 3575 2998 3646 μαθεῖν
3033 3587 3047 3601 ⁸
3129 3569 3265 3626 ἀλλὰ
3335 3571 3629 3627 πνευστιῶν
3682 3574 3772 3628 καὶ

2114 3649 2399 3740 διάϐροχος
2459 3658 2548 3713 σὺν
2607 3673 2726 3722 τοῖς
2785 3660 2922 3740 ἀμφ’
2979 3661 3134 3716 αὐτὸν
3179 3658 3416 3716 ἐπελθὼν
3454 3659 3765 3736 ἦγανάκτει,

2115 3739 2402 3825 διηπείλει,
2437 3744 2583 3823 ἐϐόα,
2617 3739 2962 3828 κατενεγκεῖν
2993 3754 3082 3807 τὸν
3115 3750 3261 3806 ὅσιον
3292 3749 3582 3827 ἐπεγείρει.

2127 3853 2262 3896 eum
2297 3848 2488 3916 erant,
2548 3860 2884 3922 aggressus,
2917 3842 3359 3923 indignabatur,
3409 3841 3767 3919 minabatur,

2198 4064 2298 4121 lZ'.
2337 4065 2495 4125 Ἐπεὶ
2555 4067 2608 4126 δὲ
2654 4074 2701 4127 οἱ
2746 4073 2990 4137 συνόντες
3034 4072 3099 4128 τὰ
3131 4070 3382 4148 βέλτιστα
3432 4073 3770 4152 εἰσηγοῦντο,

2114 4157 2186 4216 ὡς
2219 4155 2335 4212 οῦτε
2367 4161 2394 4214 ὁ
2453 4161 2582 4215 κίων
2626 4159 2849 4238 ἔγγιστα
2893 4161 2984 4216 τοῦ
3027 4160 3212 4240 ἀγροῦ,
3265 4160 3534 4240 λέγοντες,
3585 4163 3771 4220 ἐντεῦ-

2113 4245 2200 4300 Θέν
2258 4269 2312 4303 τε
2370 4247 2485 4306 οὐδὲ
2547 4249 2671 4322 μίαν
2727 4247 2960 4330 ὄχλησιν
3025 4248 3151 4324 ἕξει,
3201 4251 3286 4307 ὃτι
3334 4253 3411 4326 μὴ
3459 4255 3546 4309 καὶ
3586 4252 3771 4332 εῦχῶν

2114 4335 2318 4410 μᾶλλον
2376 4338 2666 4396 ἀπολαύσει
2708 4338 2940 4412 πολλῶν,
2991 4343 3082 4396 καὶ
3126 4338 3464 4411 λυσιτελήσει
3514 4343 3657 4416 αύτῷ
3702 4343 3773 4398 τὰ

2114 4426 2340 4503 μέγιστα
2421 4431 2613 4504 γείτων
2702 4427 2896 4505 ἀγαθὸς
2969 4429 3043 4486 ὤν
3081 4447 3095 4464 ·
3158 4430 3271 4486 ἐπεὶ
3331 4441 3494 4490 ταῦτα
3553 4431 3765 4511 ἔλεγον,

385 4516 529 4593 lem,
564 4535 698 4577 cum
734 4520 811 4578 sit
841 4518 1034 4582 bonus
1065 4522 1313 4600 vicinus;
1347 4528 1656 4598 postquam
1696 4517 1819 4576 haec
1852 4513 2022 4574 dixe-

2123 4515 2332 4575 ἔπειθον.
2379 4521 2484 4575 Καὶ
2518 4517 2638 4574 τότε
2687 4519 2784 4592 μὲν
2836 4517 3044 4576 ἐκέλευε
3103 4519 3384 4577 κατελθεῖν
3443 4519 3510 4577 δι’
3563 4520 3767 4601 αίδοῦς,

383 4615 1002 4685 runt,persuaserunt.
1029 4609 1098 4670 Et
1129 4618 1265 4670 tunc
1297 4607 1535 4689 quidem
1563 4607 1742 4686 jussit
1771 4603 2028 4664 descen-

384 4695 550 4766 dere,
589 4695 839 4774 pudore,
877 4709 939 4760 ut
992 4699 1272 4777 arbitror,
1309 4707 1499 4758 motus
1534 4703 1775 4775 propter
1798 4711 1900 4754 eos
1930 4694 2030 4774 qui

381 4784 651 4860 aderant,
688 4805 762 4847 ne
795 4788 1094 4849 videretur
1148 4788 1368 4848 frustra
1403 4787 1677 4860 venisse;
1707 4796 1912 4864 postea
1934 4803 2031 4845 au-

383 4882 500 4936 tem
535 4875 590 4936 ei
615 4894 819 4938 rursus
853 4877 1251 4958 pollicebatur
1277 4895 1615 4951 ascensum,
1651 4886 1872 4937 etcum
1900 4893 2028 4936 rur-

384 4984 483 5026 sus
513 4967 900 5042 ascendisset,
956 4978 1240 5048 quantum
1303 4967 1610 5045 voluisset,
1647 4983 2020 5026 mansurum.

386 5053 528 5116 Cum
563 5070 780 5127 autem,
818 5060 1111 5118 columna
1131 5057 1391 5119 admotis
1423 5056 1619 5124 scalis,
1653 5066 1892 5118 sanctus
1920 5055 2023 5116 de-

384 5145 724 5225 scenderet,
757 5147 958 5225 etjam
992 5147 1051 5206 in
1084 5154 1248 5206 sexto
1299 5147 1482 5224 gradu
1539 5145 1749 5226 pedem
1787 5146 2017 5226 ﬁgeret,

384 5253 519 5294 eum
554 5235 654 5314 qui
689 5245 816 5296 erat
843 5235 1206 5307 inflexibilis,
1237 5237 1395 5315 cepit
1428 5235 2020 5311 misericordia,dum

386 5323 522 5384 illos
553 5324 780 5385 videret
809 5325 994 5403 pedes
1027 5333 1302 5406 tanquam
1337 5325 1480 5386 alias
1512 5326 1844 5405 columnas,
1873 5344 2022 5404 quos

388 5431 496 5493 per
529 5421 675 5474 totas
705 5422 911 5475 noctes
935 5421 994 5475 et
1020 5413 1149 5475 dies
1180 5415 1470 5477 stationes
1494 5416 1883 5479 reddiderant
1926 5425 2021 5476 tu-

387 5501 580 5564 midos
608 5511 664 5563 et
697 5502 1012 5579 ulceratos,
1047 5512 1104 5564 et
1134 5505 1476 5566 vulneribus
1517 5505 1898 5586 plenos.Quaa
1925 5506 2026 5568 ille

384 5609 518 5654 eum
552 5600 794 5672 stupore
823 5594 1277 5675 contemplatus,
1311 5604 1370 5655 et
1411 5605 1678 5657 sanctum
1711 5596 2019 5675 adjuravit,

384 5690 449 5743 ut
464 5699 669 5744 rursus
692 5683 1002 5765 rediret,et
1023 5685 1264 5748 audacis
1277 5685 1368 5746 sui
1387 5685 1560 5769 ccepti
1577 5684 1747 5768 petiit
1766 5685 1992 5748 veniam
2009 5734 2020 5746 .

2116 4607 2298 4685 οἶμαι,
2358 4608 2480 4671 τοὺς
2539 4608 2805 4686 παρόντας
2867 4611 3220 4691 ποιούμενος,
3298 4610 3390 4667 ’ίνα
3447 4612 3526 4687 μὴ
3584 4612 3766 4686 μάτην

2115 4697 2390 4776 ἀφικέσθαι
2436 4695 2588 4772 δοκῇ,
2663 4699 2882 4777 ὕστερον
2940 4699 2994 4757 δὲ
3067 4701 3210 4774 αὒτῷ
3268 4702 3356 4757 καὶ
3405 4705 3504 4768 την
3576 4699 3764 4758 ἄνοδον

2113 4788 2460 4868 ὑπισχνεῖτο,
2493 4789 2579 4845 καὶ
2627 4788 2912 4848 ἀνελθόντα
2957 4791 3137 4866 μένειν
3193 4789 3280 4868 ἐφ’
3311 4788 3437 4847 ὅσον
3485 4789 3760 4867 βούλοιτο.

2113 4877 2271 4936 Ἐπεί
2370 4887 2496 4956 γοῦν
2578 4878 2836 4954 κλίμακος
2914 4883 3375 4958 προσερεισθείσης
3467 4888 3543 4952 τῷ
3622 4882 3761 4937 κίονι

2107 4969 2296 5045 κατῄει
2333 4970 2359 5025 ὁ
2404 4967 2572 5043 ὅσιος,
2620 4970 2708 5026 καὶ
2752 4967 2816 5036 δὴ
2867 4970 2993 5046 πρὸς
3043 4969 3136 5033 τὴν
3180 4967 3342 5034 ἕκτην
3388 4969 3464 5025 ἔτι
3523 4967 3762 5045 βαθμίδα

2105 5059 2196 5114 τὸν
2247 5057 2383 5115 πόδα
2432 5057 2659 5138 ἤρειδεν,
2731 5059 2918 5123 οἶκτος
3007 5055 3162 5113 ἔλαϐε
3253 5060 3344 5114 τὸν
3422 5058 3758 5140 αμείλικτον,

2105 5151 2308 5226 ὁρῶντα
2382 5148 2548 5214 πόδας
2628 5149 2853 5210 ἐκείνους
2929 5150 2999 5213 ὡς
3061 5147 3265 5223 ἐτέρους
3319 5149 3499 5214 κίονας
3559 5151 3647 5214 οῦς
3707 5155 3760 5208 αἱ

2105 5241 2369 5320 πάννυχοι
2413 5239 2627 5304 στάσεις
2678 5242 2772 5294 καί
2819 5236 3144 5315 πανημέριοι
3202 5235 3469 5303 οἰδοῦντας
3503 5241 3592 5296 καὶ
3651 5239 3761 5308 ἠλ-

2103 5329 2375 5404 κωμὲνους
2436 5330 2521 5385 καὶ
2578 5328 2892 5406 τραυμάτων
2950 5324 3170 5404 πλήρεις
3225 5325 3486 5388 ἐδείκνυον
3524 5345 3537 5359 ⁸
3594 5328 3627 5385 ἃ
3671 5332 3761 5388 καὶ

2108 5421 2238 5497 πρὸς
2295 5416 2548 5483 ἔκπληξιν
2605 5417 2930 5491 θεασάμενος
3011 5415 3230 5495 ὥρκωσέ
3313 5439 3371 5474 τε
3447 5417 3609 5475 πάλιν
3667 5421 3763 5476 τὸν

2109 5508 2254 5565 ὅσιον
2317 5505 2584 5580 ἀνελθεῖν,
2643 5507 2731 5562 καὶ
2788 5506 3112 5585 συγγνώμην
3168 5506 3284 5581 ᾔτει
3355 5515 3446 5565 τοῦ
3490 5507 3762 5588 ἐγχειρή-

2110 5619 2301 5673 ματος.
2338 5596 2595 5674 Ὕστερον
2641 5593 2696 5652 δὲ
2745 5600 2885 5670 αύτῷ
2936 5598 3022 5653 καὶ
3063 5599 3154 5652 τὸν
3184 5599 3329 5654 κίονα
3360 5598 3576 5665 ἵστησιν
3605 5600 3756 5673 ὑψη-

2108 5687 2348 5767 λότερον,
2384 5688 2562 5745 καὶτὸ
2617 5688 2797 5770 πάχος
2850 5684 3209 5765 στερρότερον,
3274 5689 3359 5744 καὶ
3419 5689 3516 5758 τὴν
3572 5689 3752 5769 βάσιν,
