4086 6398
276 315 399 388 993

1408 309 1595 384 VITA
1639 311 1699 380 S.
1747 312 2110 381 DANIELIS
2152 310 2528 378 STYLIT/E.

3539 310 3654 376 991

275 464 364 519 καὶ
421 459 590 518 τᾶλλα
643 459 1108 537 πολυτελέστερον,
1145 471 1394 536 γνώριμα
1454 459 1540 512 γαί
1583 456 1725 530 αὐτῷ
1782 457 1933 533 βασιηι

2039 453 2228 514 .’ostea
2282 470 2417 512 vero
2450 451 2505 512 ei
2535 467 2774 531 quoque
2825 449 3167 511 columnam
3202 451 3401 530 posuit
3458 454 3656 515 excel-

277 552 370 608 λεῖ
441 551 508 606 τὰ
570 550 665 616 τῆς
745 549 1019 624 ὀπομονῆς
1079 547 1280 604 ἐκείνου
1336 548 1424 603 καὶ
1485 551 1582 612 τῆς
1655 547 1928 623 καρτερίαις

2044 543 2257 622 iorem,
2291 552 2348 604 et
2378 539 2771 603 crassitudine
2804 538 3435 621 validiorem,basique
3459 552 3516 604 et
3536 563 3656 605 cre-

276 644 518 718 θέμενος,
581 639 771 717 ’Ἤρκει
818 662 916 713 μεν
976 640 1065 694 οὖν
1108 639 1196 694 καὶ
1254 636 1417 692 ταῦτα
1472 634 1704 692 πλεῖστά
1730 657 1785 691 τε
1842 635 1929 691 καὶ

2039 633 2156 694 eris
2203 630 2802 709 magniﬁcentiorem,
2840 635 2898 687 et
2933 627 3224 718 ideillius
3272 629 3558 708 patientia
3603 642 3662 694 et

278 728 489 808 μεγάλα
537 730 871 808 τυγχάνοντα
903 727 1068 794 δεῖξαι
1124 729 1213 784 τὸν
1247 733 1337 784 τοῦ
1382 725 1524 783 ὁσίου
1581 727 1691 802 βίον
1718 727 1810 782 καί
1861 728 1927 794 ἧς

2039 721 2324 783 olerantia
2376 720 2798 808 imperatorem
2841 716 3106 777 reddidit
3163 719 3505 782 certiorem.
3553 723 3660 784 At-

279 825 435 884 αὖτος
496 818 687 886 ἠξίωτο
718 819 858 897 παρᾶ
891 825 1023 876 Θεοῦ
1068 817 1316 896 χάριτος.
1355 807 1412 872 Ὀ
1471 814 1524 870 δὲ
1557 814 1711 892 λόγος
1771 816 1932 892 μικρὰ

2039 831 2132 892 lue
2164 811 2289 872 haec
2342 809 2580 890 quidem
2632 807 2992 879 sufﬁcerent,
3029 815 3325 897 qua:_sunt
3377 810 3654 890 plurima,

277 917 442 966 ταῦτα
488 911 574 964 καὶ
610 909 764 964 οἱονεὶ
799 895 1072 986 στοιχεῖα
1101 895 1190 963 καὶ
1249 906 1420 984 ἀρχὰς
1465 903 1807 982 λογιζόμενος
1867 905 1931 962 τὰ

2039 910 2072 961 et
2097 899 2356 961 maxima
2371 898 2444 959 ad
2463 903 2648 958 sancti
2671 906 2839 957 vitam
2861 895 3654 976 ostendendam,etgratiam,

277 997 466 1071 ποκλῴ
498 999 713 1071 μείζονα
743 997 942 1052 τούτων
972 994 1162 1062 δηλοῦν
1197 996 1456 1072 ἐπίγεται,

2017 1010 2190 1072 quam
2217 990 2393 1068 ipsea
2418 991 2537 1051 Deo
2571 995 2696 1048 erat
2725 994 3052 1048 assecutus.
3088 983 3287 1046 Oratio
3310 997 3507 1048 autem
3539 991 3660 1054 h:ee

281 1108 463 1171 parra
518 1106 652 1149 esse
691 1087 1104 1164 considerans,
1142 1098 1202 1150 et
1260 1097 1534 1168 tanquam
1570 1085 1864 1149 elementa
1911 1105 1979 1148 ac
2039 1085 2351 1166 principia,
2389 1101 2524 1162 quae
2551 1089 2685 1142 sunt
2745 1081 2839 1142 his
2873 1082 3046 1158 longe
3091 1080 3336 1160 majora,
3385 1094 3662 1164 properat

283 1179 608 1243 declarare.

363 1272 472 1332 IH'.
508 1267 641 1329 Ἠκέ
671 1295 747 1336 τις
807 1273 942 1347 μετὰ
974 1274 1162 1350 μικρὸν
1187 1274 1317 1352 πρὸς
1351 1274 1440 1328 τὸν
1495 1271 1642 1328 ὅσιον
1672 1273 1730 1329 τὸ
1774 1271 1923 1350 γένος

282 1363 438 1443 Θρᾲξ,
466 1362 564 1419 tim
613 1361 822 1429 ἠλικίαν
881 1363 1196 1439 γεγηρακὼς

1207 1410 1222 1441 ,
1256 1363 1350 1426 τὰς
1405 1371 1491 1418 τοῦ
1525 1361 1636 1438 βίου
1687 1361 1927 1440 ἄφορμὰς

2079 1268 2265 1325 XVIII.
2299 1267 2464 1323 Vt-uit
2495 1265 2661 1336 paulo
2695 1272 2818 1334 [JOrl
2847 1263 3073 1334 quidam
3105 1262 3174 1318 ad
3197 1275 3478 1333 sanctum,
3511 1267 3662 1325 Trax

2013 1353 2254 1434 quidem
2286 1369 2532 1431 genere,
2567 1356 2738 1412 aetate
2768 1359 2968 1408 autem
3019 1365 3224 1421 senex,
3257 1349 3356 1428 qui
3406 1369 3472 1410 ex
3504 1354 3656 1416 scri.

279 1441 426 1533 ’έχων
485 1453 589 1533 ἀπὸ
620 1461 714 1510 τοῦ
741 1452 805 1510 τὰ
863 1449 1165 1526 συμϐόλαια
1210 1452 1450 1530 γράφειν,
1490 1453 1705 1526 νομικὸν
1746 1457 1932 1507 τοῦτον

2039 1447 2231 1508 tendis
2262 1444 2665 1508 contractibus
2697 1441 2808 1502 sibi
2840 1441 3056 1502 victu-.n
3088 1441 3330 1520 parabat
3360 1463 3373 1505 :
3411 1469 3656 1522 νομικον,

282 1526 430 1598 εἴποι
511 1526 708 1616 ’Ἑλλῃν
770 1540 924 1618 ἀνήρ.
988 1543 1150 1604 Οὗτος
1209 1526 1375 1597 παῖδα
1434 1526 1603 1620 ιρέρων
1672 1543 1935 1616 μονογενῆ

2041 1537 2077 1597 d
2125 1545 2238 1612 est,
2302 1535 2448 1614 legis
2508 1539 2783 1612 peritum,
2835 1539 3043 1591 vocant
3095 1529 3306 1595 Graeci.
3359 1532 3414 1592 Is
3474 1535 3660 1598 ﬁlium

285 1637 543 1707 πνεύματι
615 1636 834 1706 πονηρῷ
922 1631 1184 1709 κάτοχοι,
1244 1631 1347 1692 θεὶς
1436 1630 1592 1686 αὺτὸν
1670 1631 1772 1708 πρὸ
1846 1635 1939 1685 τοῦ

2039 1628 2219 1688 'erens
2252 1626 2593 1703 unigenam,
2627 1621 2732 1699 qui
2767 1642 2799 1680 a
2845 1620 3107 1698 maligno
3139 1620 3520 1684 detinebatur
3547 1627 3673 1706 spi-

280 1721 458 1785 κίονος
508 1718 703 1798 δάκρυά
760 1741 814 1775 τε
869 1718 1001 1798 ἔρρει
1045 1726 1152 1776 τῶν
1209 1719 1519 1800 ὀφθαλμῷ),
1574 1721 1668 1776 καί
1725 1721 1940 1798 ῥήματα

281 1811 580 1890 προσετίθει
610 1795 740 1866 Ὕτῶν
771 1795 1007 1886 δακρύων
1052 1795 1401 1887 ἐλεεινότεροι.
1449 1795 1579 1888 ΙὈρα
1609 1795 1735 1887 γὰρ’
1771 1810 1939 1870 πόσας

2025 1719 2165 1791 ritu,
2191 1735 2323 1777 cum
2350 1731 2484 1774 eum
2514 1712 2810 1792 posuisset
2833 1709 2904 1769 ad
2929 1711 3286 1784 columnam,
3313 1712 3446 1774 etei
3479 1713 3672 1796 lacry—

2026 1824 2136 1867 mze
2187 1803 2450 1866 ﬂuebant
2497 1821 2568 1864 ex
2599 1801 2814 1879 oculis,
2850 1810 2906 1860 et
2958 1799 3226 1877 adjunxit
3256 1799 3434 1862 verba
3479 1803 3672 1884 lacry-

285 1886 413 1980 εἶχε
467 1901 598 1977 πρὸς
628 1897 851 1976 ὃδυρμὸν
899 1900 1164 1978 ἀφορμὰς,
1197 1899 1294 1966 τὴν
1316 1886 1323 1887 7
1349 1886 1529 1978 φύσιν,
1564 1886 1662 1962 τὴν
1722 1897 1932 1968 πολιὰν,

2039 1895 2141 1955 mis
2175 1893 2365 1972 magis
2399 1889 2783 1952 miserabilia.
2838 1886 2989 1949 Vide
3020 1891 3202 1961 enim,
3245 1908 3422 1965 quam
3458 1894 3673 1956 multas

223 1985 230 1992 ’
282 1991 381 2058 τὴν
411 1991 506 2046 τοῦ
535 1986 722 2053 παιδὸς
785 1987 1035 2065 νεότητα,
1070 1989 1131 2044 τὸ
1162 1988 1246 2044 ἐπὶ
1284 1989 1432 2062 μόνῳ
1473 1988 1642 2060 τούτῳ
1675 1984 1938 2064 σαλεύειν,

279 2081 341 2136 τὸ
429 2079 639 2160 μακρὰν
715 2077 962 2134 ἓστάλθαι
1049 2080 1137 2134 καὶ
1238 2075 1448 2144 πολλὴν
1532 2075 1940 2154 ταλαιπωρῆσαι

282 2169 520 2249 πορείαν,
567 2170 660 2226 κπὶ
716 2167 879 2224 ταῦτα
937 2165 1257 2243 δαιμονῶντι
1317 2169 1406 2222 καὶ
1465 2165 1632 2228 οὕτως
1691 2166 1939 2227 ἀτάκτως

279 2264 364 2316 καὶ
409 2265 648 2335 μανικῶς
679 2257 887 2338 ἔχοντι.
942 2260 1038 2315 Καὶ
1092 2257 1244 2321 τέλος
1307 2261 1547 2334 προσθεὶς
1579 2258 1658 2313 ὃτι
1717 2267 1942 2335 Τριακο-

281 2349 384 2416 στῆ
440 2347 575 2414 αὕτη
636 2348 806 2426 ἡμέρα
857 2347 1036 2418 ἐζότου
1101 2351 1160 2403 τὸ
1213 2350 1303 2404 σὸν
1363 2346 1532 2421 ὄνομα
1590 2350 1651 2402 τὸ
1708 2348 1942 2422 πονηρὸν

290 2437 564 2515 ἆνακράξει
609 2437 841 2512 πνεῦμα,
890 2439 988 2504 τὴν
1033 2439 1303 2505 εὐκίνητον
1364 2438 1547 2516 ψυχὴν
1606 2437 1734 2512 πρὸς
1797 2435 1944 2490 ἔλεον

291 2528 436 2588 εὐθὺς
493 2527 649 2606 εἶχεν
708 2528 850 2600 αὒτῷ
894 2530 1290 2602 συμπαθοῦσαν,
1371 2529 1466 2585 Καὶ
1526 2532 1641 2588 πῶς
1698 2526 1797 2603 γὰρ
1851 2528 1945 2582 οὒκ

287 2614 480 2692 ἔμελλε
537 2619 837 2691 συμπαθεῖν
904 2619 931 2674 ὁ
987 2617 1080 2674 τοῦ
1137 2623 1360 2695 Χριστοῦ
1419 2617 1715 2694 pip-nnis;
1787 2617 1840 2672 Εἰ
1883 2615 1945 2669 σὺ

285 2705 398 2780 οὖν,
432 2705 558 2786 ἔφη,
591 2703 660 2787 δι⁶
694 2705 824 2782 ἐμοῦ
880 2707 1144 2770 πιστεύεις
1203 2708 1410 2774 ἰαθῆναι
1470 2707 1561 2762 τὸν
1611 2702 1801 2777 παῖδα,
1851 2703 1943 2760 δο-

282 2796 503 2864 θήσεταί
563 2817 645 2851 σοι
730 2795 866 2852 κατὰ
923 2797 1020 2862 τὴν
1086 2797 1253 2852 πίστιν
1329 2818 1444 2857 σου,
1526 2797 1619 2852 Καὶ
1691 2794 1800 2869 ἅμα
1855 2799 1947 2849 106

286 2884 468 2941 ἐλαίου
525 2886 682 2941 αὒτὲιν
739 2885 948 2942 ἐκέλευε
1006 2889 1320 2952 ποτισθῆναι
1375 2892 1481 2940 τῶν
1525 2883 1700 2940 ἐκεῖσε
1756 2883 1943 2961 ἁγίων,

283 2978 343 3032 06
396 2976 684 3053 γενομένου
732 2973 915 3050 βάλλει
948 2976 1046 3050 μὲν
1099 2975 1252 3031 αὗτὸν
1311 2975 1456 3039 εὐθὺς
1491 2972 1581 3030 ἔπ’
1632 2971 1848 3051 ἐδάφους
1887 2973 1946 3027 τὸ

288 3063 531 3145 χαλεπὸν
589 3060 885 3139 δαιμόνιον,
921 3065 1012 3120 καί
1053 3063 1280 3129 πολλοῖς
1311 3066 1494 3135 αἰκίζει
1542 3063 1940 3140 σπαράγμασιν,

288 3154 414 3210 εἶτα
473 3153 614 3231 μέγα
670 3153 875 3230 βοῆσαν
930 3153 984 3208 ἐν
1070 3154 1304 3233 οἰμωγῇ,
1367 3151 1712 3233 Ἐξέρχομαι.
1801 3146 1941 3231 φεῦί

2025 1986 2198 2046 ﬂetus
2245 1982 2502 2044 habebat
2556 1981 2951 2042 occasiones:
3016 1988 3308 2053 naturam,
3362 1982 3668 2058 canitiem,

2025 2075 2131 2136 ﬁlii
2161 2068 2812 2149 adolescentiam,quod
2842 2077 3084 2147 propter
3115 2086 3249 2128 eum
3284 2068 3473 2129 solum
3501 2071 3672 2134 labo-

2025 2162 2374 2244 raret,quocl
2399 2162 2576 2239 longe
2599 2167 2756 2220 esset
2781 2157 3104 2238 profectus,
3142 2172 3200 2217 et
3226 2159 3418 2237 magni
3445 2161 3672 2224 itineris

2026 2253 2262 2314 labores
2307 2260 2464 2313 esset
2514 2266 2854 2330 perpessus,
2890 2246 3068 2327 idque
3117 2266 3248 2306 cum
3311 2259 3467 2330 esset
3529 2271 3677 2330 puer

2028 2343 2453 2412 deemoniacus,
2490 2351 2546 2402 et
2578 2348 2737 2399 tanta
2767 2345 2924 2398 esset
2954 2337 3087 2415 ejus
3117 2337 3346 2397 vexatio
3378 2348 3437 2399 et
3470 2341 3680 2403 immo-

2028 2433 2280 2494 deratio.
2318 2433 2393 2494 Et
2444 2448 2578 2491 cum
2614 2437 2914 2509 postremo
2968 2426 3326 2506 addidisset,
3364 2446 3494 2490 esse
3547 2432 3674 2509 jam

2033 2525 2399 2585 tricesimum
2446 2521 2630 2592 diem,
2665 2536 2736 2578 ex
2766 2535 2882 2597 quo
2915 2534 3134 2577 nomen
3165 2516 3326 2578 illius
3383 2519 3676 2600 malignus

2030 2613 2316 2675 clamaret
2359 2610 2625 2691 spiritus,
2661 2609 2792 2688 ejus
2821 2607 3076 2678 animus,
3113 2608 3216 2685 qui
3264 2607 3438 2669 facile
3469 2627 3677 2673 move-

2031 2705 2201 2764 batur
2255 2698 2689 2762 misericordia.
2744 2697 2932 2776 ipsius
2990 2698 3190 2757 statim
3249 2705 3307 2757 et
3372 2696 3674 2764 misertus.

2031 2791 2250 2864 Quidni
2286 2791 2445 2851 enim
2495 2785 2907 2849 misericordia
2938 2786 3269 2847 movendus
3300 2795 3428 2847 erat
3456 2789 3679 2854 Christi

2031 2880 2362 2962 discipulus
2385 2887 2412 2942 ?
2440 2879 2504 2939 Si
2526 2887 2584 2938 tu
2619 2895 2783 2955 ergo,
2809 2876 3025 2950 inquit,
3051 2874 3248 2935 credis
3278 2874 3424 2946 fore,
3453 2886 3514 2938 ut
3533 2898 3673 2958 per-

2031 2980 2274 3033 sanetur
2317 2977 2450 3030 tuus
2483 2967 2660 3035 ﬁlius,
2697 2965 2936 3026 dabitur
2968 2962 3076 3026 tibi
3121 2965 3454 3027 secundum
3493 2969 3675 3033 ﬁdem

2030 3071 2229 3131 tuam;
2289 3069 2346 3122 et
2375 3057 2552 3120 simul
2603 3073 2736 3116 eum
2763 3053 2945 3134 jussit
2981 3054 3168 3132 potari
3203 3055 3334 3115 oleo
3364 3073 3399 3116 a
3427 3061 3673 3137 sanctis,

2036 3152 2135 3234 qui
2186 3151 2307 3212 illic
2356 3157 2544 3211 erant.
2580 3145 2773 3234 Quod,
2801 3163 2933 3205 cum
2987 3144 3207 3234 factum
3253 3155 3434 3221 esset,
3480 3149 3676 3212 statim

289 3227 605 3322 ἐξέρχομαι,
664 3227 895 3321 ἱΟγδόης
943 3240 1048 3309 ἤδη
1105 3227 1377 3322 παρούσης
1447 3227 1650 3318 ἡμέρας
1709 3227 1875 3317 μέλαν
1926 3243 1951 3296 ὁ

2040 3227 2280 3322 quidem
2308 3258 2440 3302 eum
2477 3233 2807 3313 humijacit
2833 3251 3052 3294 saevum
3085 3233 3474 3317 daemonium,
3503 3256 3678 3300 eum-

289 3333 556 3408 ὃαιμονῶν
613 3330 864 3407 ἐξεμέσας
922 3335 1062 3408 αἷμα
1125 3334 1216 3388 καὶ
1276 3335 1523 3410 πεπηγὸς
1586 3334 1780 3412 εὐχαῖς
1837 3331 1952 3386 ἰᾶτο

289 3432 381 3482 τοῦ
434 3419 680 3497 ἀοιδίμου
756 3423 980 3502 Πατρὸς,
1046 3423 1129 3479 κοὶ
1187 3424 1352 3502 ὑγιῶς
1425 3421 1571 3500 ἔχων
1630 3429 1707 3495 τῷ
1767 3422 1952 3476 ἑαυτοῦ

291 3511 456 3587 πατρὶ
517 3507 881 3588 παραδίδοται.
947 3503 1004 3568 Ὀ
1059 3509 1113 3567 δὲ
1156 3512 1254 3581 τὴν
1311 3509 1480 3569 παῖδα
1526 3509 1703 3568 λαϐὼν
1746 3515 1814 3587 τῇ
1852 3509 1951 3586 μὲν

293 3601 512 3679 γλώττῃ
571 3602 701 3673 πρὸς
757 3602 1101 3681 εὐχαριστίαν
1172 3600 1379 3681 ἐχρῆτο
1443 3614 1558 3666 τοϊ;
1611 3599 1824 3678 δάκρυσι
1895 3597 1949 3654 δὲ

291 3692 422 3768 πρὸς
481 3689 680 3770 χαράν.
736 3689 891 3746 ’Ἐστι
924 3691 1024 3771 γὰρ
1081 3692 1170 3748 καὶ
1213 3688 1407 3759 ἡδονῆς
1467 3688 1684 3768 δάκρυα.
1719 3690 1844 3746 ὃταν
1901 3687 1952 3752 ἐξ

292 3779 457 3860 ἄκρας
513 3781 732 3857 ἀθυμίας
766 3785 938 3860 χαρᾶς
997 3781 1290 3861 ἀκρότητες
1347 3781 1447 3847 τὴν
1502 3780 1695 3858 ψυχὴν
1753 3775 1952 3837 λαϐοῦ-

293 3893 384 3927 σαι
441 3871 501 3926 τὸ
543 3871 856 3946 πιεζόμενον
907 3869 1061 3950 νέφος
1107 3872 1252 3936 εὐθὺς
1312 3867 1532 3944 λύσωσι,
1596 3861 1682 3925 καὶ
1738 3875 1807 3945 τῇ
1849 3871 1956 3926 τὼν

295 3960 534 4040 δακρύων
596 3965 794 4039 φυσικῇ
823 3957 992 4016 λιϐάδι
1053 3961 1144 4016 σὺν
1173 3958 1342 4037 ἡδονῇ
1401 3961 1738 4039 χρήσωνται.
1775 3956 1953 4016 Οὕτως

294 4051 323 4108 ὃ
355 4061 486 4112 παῖς
546 4052 639 4108 οὒκ
697 4049 836 4105 ίᾶται
889 4047 1046 4126 μόνον
1079 4053 1171 4106 τοῦ
1231 4051 1466 4126 πονηροῦ
1516 4046 1790 4129 δαίμονος,
1821 4045 1958 4104 ἀλλὰ

294 4140 565 4197 καὶκατὰ
634 4137 899 4215 δαιμόνων
954 4143 1098 4200 εὐθὺς
1170 4139 1440 4211 ὁπλίζεται
1502 4145 1570 4214 τῷ
1614 4144 1730 4212 Θεῷ
1800 4137 1957 4195 αὐτὸν

295 4237 392 4289 τοῦ
447 4231 652 4308 Πατρὸς
699 4227 834 4304 μετά
887 4229 986 4297 τὴν
1044 4231 1324 4310 θεραπείαν
1383 4227 1823 4308 καθιερώσαντος,
1869 4227 1955 4284 καὶ

297 4323 363 4378 τὸ
416 4327 521 4376 τῶν
555 4325 812 4399 μοναχῶν
856 4316 1057 4376 ἐνδῦναι
1113 4325 1307 4401 σχῆμα
1360 4320 1448 4376 καὶ
1490 4320 1579 4374 τὸν
1610 4318 1720 4396 βίον
1779 4340 1953 4397 παρα-

298 4411 681 4484 σκευάσαντος,
727 4414 805 4482 τῷ
861 4410 1024 4487 ἴατρῷ
1076 4430 1132 4466 τε
1177 4417 1268 4466 τοῦ
1326 4409 1575 4484 σώματος
1633 4406 1956 4486 παραδόντος

297 4494 388 4548 καὶ
432 4491 610 4569 ἰατρὸν
658 4492 896 4570 γενέσθαι
943 4492 1029 4547 καὶ
1083 4495 1182 4567 τῇς
1241 4491 1426 4571 ψυχῆς
1503 4487 1955 4554 καταξιώσαντος·

297 4581 357 4647 ὃς
402 4579 499 4636 καὶ
557 4583 796 4659 καθαρῶς
844 4587 922 4655 τῷ
955 4583 1166 4658 καθαρῷ
1225 4578 1490 4659 προσῆλθε
1549 4579 1647 4646 τὴν
1699 4587 1791 4636 τοῦ
1847 4579 1960 4656 βίου

302 4677 476 4729 πᾶσαν
534 4669 811 4728 ἆπολιπὼν
843 4669 1205 4747 ματαιότητα.
1257 4668 1357 4726 ⁹Ἐν
1407 4669 1506 4744 μὲν
1559 4666 1626 4736 δὴ
1655 4676 1810 4727 τοῦτο
1865 4669 1962 4726 καὶ

298 4760 467 4823 οὕτως
498 4758 651 4842 ἔχοιθ’
684 4759 900 4840 ὕστερον
932 4757 986 4815 δὲ
1017 4761 1205 4816 τούτου
1235 4757 1477 4834 οὐδαμῶς
1509 4756 1754 4820 ἔλαττον.

2037 3349 2154 3412 que
2206 3330 2378 3392 valde
2407 3327 2587 3388 laniat
2623 3343 2691 3386 ac
2738 3323 2983 3385 lacerat.
3021 3322 3246 3384 Deinde
3296 3343 3506 3404 magna
3534 3348 3680 3392 voce

2037 3440 2169 3483 cum
2202 3420 2366 3482 luctu
2415 3419 2652 3488 clamat,
2683 3413 2969 3493 Egredior
3014 3413 3154 3488 heu,
3195 3415 3408 3497 inquit,
3442 3420 3678 3496 egredi.

2035 3529 2124 3575 or.
2157 3512 2306 3574 Cum
2339 3509 2468 3570 dies
2493 3507 2619 3587 jam
2647 3505 2886 3566 adesset
2913 3512 3172 3578 octavus,
3208 3503 3304 3565 ubi
3349 3506 3679 3570 daemonia-

2036 3619 2139 3662 cus
2172 3599 2404 3677 nigrum
2437 3605 2496 3659 et
2521 3602 2868 3657 concretum
2901 3593 3260 3654 evomuisset
3299 3598 3677 3682 sanguinem,

2034 3689 2275 3768 gloriosi
2325 3687 2518 3750 Patris
2549 3700 2794 3746 sanatus
2842 3695 2934 3743 est
2963 3683 3264 3764 precibus,
3301 3693 3360 3746 et
3406 3704 3584 3751 sanus
3617 3705 3680 3757 et

2039 3785 2202 3840 recte
2231 3795 2296 3840 se
2331 3775 2556 3838 habens
2587 3792 2693 3834 suo
2727 3772 2877 3852 patri
2912 3779 3003 3833 est
3036 3771 3306 3836 traditus.
3351 3773 3458 3837 Ille
3487 3791 3688 3846 autem

2039 3887 2172 3930 cum
2207 3867 2536 3946 accepisset
2567 3863 2778 3937 ﬁlium,
2808 3863 3006 3938 lingua
3031 3861 3273 3941 quidem
3306 3863 3583 3931 utebatur
3611 3873 3688 3934 ad
3743 3877 3750 3884 ’

2040 3960 2293 4033 agendas
2320 3957 2830 4031 gratias,lacrymis
2853 3969 2986 4012 vero
3003 3957 3075 4010 ad
3097 3955 3516 4019 laetitiam.Sunt
3534 3967 3689 4025 enim

2040 4047 2212 4104 etiam
2237 4045 2446 4102 laetitiae
2471 4039 2994 4112 lacrymmquando
3016 4053 3299 4098 summam
3321 4045 3498 4102 animi
3523 4051 3694 4122 aegri-

2042 4129 2309 4191 tudinem
2342 4143 2592 4188 summae
2635 4124 3006 4202 excipientes
3037 4123 3276 4201 laetitiae,
3312 4127 3532 4192 nubem
3561 4153 3694 4215 quas

2041 4222 2375 4305 premebat,
2431 4218 2703 4300 protinus
2761 4217 3123 4298 depulerint,
3159 4227 3217 4280 et
3258 4223 3511 4284 naturali
3571 4228 3692 4288 flu-

2039 4314 2218 4375 xione
2251 4312 2643 4390 lacrymarum
2675 4325 2797 4368 usae
2827 4312 3045 4369 iuerint
3074 4327 3206 4369 cum
3239 4309 3557 4392 voluptate.
3593 4315 3694 4379 Sic

2043 4420 2192 4484 puer
2241 4419 2359 4462 non
2419 4401 2610 4461 solum
2671 4404 2910 4458 curatur
2945 4415 2980 4457 a
3038 4398 3190 4460 malo
3242 4399 3538 4484 daemone,
3581 4407 3692 4468 sed

2043 4493 2221 4555 etiam
2251 4490 2536 4554 continuo
2581 4497 2847 4550 armatur
2875 4487 3160 4549 adversus
3191 4489 3516 4568 daemones,
3553 4514 3690 4558 cum

2044 4592 2212 4664 pater
2245 4587 2377 4661 post
2406 4579 2768 4663 curationem
2820 4596 2953 4639 cum
2988 4579 3114 4640 Deo
3165 4593 3598 4659 consecrasset,
3635 4593 3696 4648 et

2043 4681 2107 4733 ut
2128 4671 2521 4732 monasticum
2545 4667 2827 4730 amictum
2865 4675 2924 4730 et
2952 4667 3128 4730 vitam
3167 4670 3526 4751 susciperet,
3555 4675 3697 4737 effe-

2045 4761 2240 4824 cisset.
2281 4769 2339 4822 et
2368 4757 2602 4820 medico
2631 4757 2906 4836 corporis
2936 4776 3072 4819 eum
3106 4759 3473 4836 tradidisset,
3509 4771 3566 4825 et
3599 4783 3695 4826 ro.

297 4859 504 4936 gasset
562 4860 625 4914 ut
655 4859 815 4916 esset
870 4851 1049 4914 etiam
1083 4850 1352 4914 medicus
1404 4849 1618 4912 animae
1651 4871 1666 4931 ;
1703 4851 1806 4931 qui
1841 4851 2023 4914 etiam
2080 4872 2266 4935 purus
2297 4852 2368 4914 ad
2427 4869 2639 4933 purum
2695 4851 2968 4930 accessit,
2998 4859 3158 4914 omni
3192 4854 3510 4918 mundana;
3570 4858 3700 4921 vitm

301 4943 517 5008 relicta
546 4941 824 5005 vanitate.
853 4941 978 5004 Hoc
1017 4943 1257 5023 quidem
1290 4939 1401 5002 fuit
1427 4957 1610 5000 unum
1646 4939 1944 5019 ejusmodi
1982 4964 1998 5021 ;
2032 4944 2285 5006 alterum
2320 4953 2519 5004 autem
2552 4959 2622 5003 eo
2653 4960 2772 5002 non
2803 4939 3077 5005 inferius.

389 5038 504 5103 ιϐ’.
561 5041 711 5119 Κύρῳ
738 5041 840 5098 τινὶ
895 5040 1125 5120 ὑπάρχῳ
1154 5037 1250 5115 μὲι
1293 5036 1538 5117 γεγονότι
1583 5036 1643 5093 τὸ
1687 5035 1964 5117 πρότερον,

301 5129 525 5210 ὕστερον
580 5129 754 5186 δὲκαὶ
808 5129 993 5206 θρόνου
1044 5128 1340 5196 ἐπισκοπῆς
1399 5125 1662 5201 ἐπιϐάντι,
1700 5128 1756 5182 τὸ
1788 5125 1841 5183 ἐν
1898 5135 1967 5205 τῇ

302 5221 508 5300 Φρυγίᾳ
566 5220 849 5280 Κοτυάειον
881 5219 1012 5288 ούτη
1068 5220 1157 5300 ἦν,
1193 5219 1280 5274 καὶ
1328 5216 1526 5283 ταύτης
1579 5216 1825 5272 ὶκστάντι
1883 5215 1967 5274 διά

301 5333 425 5367 τινα
484 5307 604 5366 κατ’
637 5311 795 5368 αὐτοῦ
851 5311 1165 5377 κινηθεῖσαν
1220 5303 1500 5383 διαϐολὴν,
1544 5305 1820 5384 θυγάτριον
1873 5307 1963 5386 ἦν,

304 5397 651 5480 Ἀλεξανδρία
710 5401 880 5476 ταύτῃ
939 5400 1000 5455 τὸ
1052 5396 1242 5474 ὄνομα.
1302 5394 1446 5463 Αὕτη
1500 5402 1576 5470 τῷ
1631 5395 1870 5475 προτέρῳ
1901 5398 1966 5453 τὰ

305 5489 472 5568 ὅμοια
526 5489 828 5566 ἐπεπόνθει,
874 5491 964 5548 καὶ
1007 5489 1110 5546 ὑπὸ
1165 5486 1411 5563 δαίμονος
1454 5485 1698 5566 ὠχλεττο
1755 5483 1961 5550 δεινῶς,

307 5571 374 5642 Ὀ
426 5585 515 5640 οὖν
545 5581 744 5648 ταύτης
795 5582 973 5661 πατὴρ
1015 5583 1106 5638 τὸν
1136 5577 1284 5635 ὅσιον
1331 5575 1428 5634 ἐπὶ
1484 5583 1604 5634 νοῦν
1633 5572 1812 5634 λαϐὼν
1850 5576 1965 5656 ἄγει

306 5677 441 5760 πρὸς
505 5675 667 5733 αὐτὸν
725 5675 822 5743 τὴν
887 5669 1055 5732 παῖδα
1113 5675 1184 5750 τῇ
1255 5672 1453 5749 φυσικῇ
1511 5671 1710 5746 στοργῇ
1765 5668 1967 5749 θέρμην

2132 5036 2292 5103 XIX.
2341 5035 2590 5098 Cuidam
2626 5034 2801 5114 Cyro,
2837 5035 2939 5115 qui
2970 5037 3135 5116 prius
3161 5038 3403 5117 quidem
3440 5041 3550 5103 fuit
3575 5061 3700 5124 pra;

2051 5135 2382 5207 ses,postea
2412 5134 2609 5187 autem
2634 5126 2904 5186 ascendit
2925 5126 3102 5186 etiam
3136 5127 3208 5187 ad
3233 5128 3438 5192 sedem
3472 5132 3702 5213 episco-

2050 5221 2238 5293 palem
2265 5221 2510 5278 civitatis
2533 5221 2589 5276 in
2616 5218 2986 5292 Phrygia,cui
3008 5233 3214 5278 nomen
3238 5231 3360 5280 erat
3379 5223 3698 5298 Cotyaium,

2050 5314 2110 5368 et
2162 5305 2236 5367 ab
2267 5305 2368 5368 illo
2432 5313 2638 5386 postea
2688 5304 3044 5366 discesserat
3090 5314 3334 5386 propter
3381 5311 3701 5390 quamdam

2049 5405 2248 5459 notam
2273 5395 2558 5458 adversus
2579 5413 2713 5456 eum
2739 5394 3126 5471 calumniam,
3155 5405 3283 5458 erat
3307 5397 3425 5460 ﬁlia
3456 5401 3703 5464 nomine

2049 5486 2432 5549 Alexandria.
2469 5485 2551 5547 Ea
2581 5485 2793 5548 eodem
2825 5485 3000 5547 modo
3035 5487 3422 5560 erat-aﬂ‘ecta,
3450 5509 3567 5570 quo
3597 5490 3700 5554 ille

2049 5595 2227 5659 quem
2255 5576 2420 5660 prius
2440 5577 2790 5651 diximus,et
2809 5574 3064 5652 graviter
3080 5575 3401 5638 vexabatur
3417 5597 3450 5640 a
3481 5580 3700 5642 damo-

2052 5685 2153 5731 ne.
2202 5666 2349 5748 Ejus
2379 5685 2518 5747 ergo
2570 5675 2762 5749 pater,
2797 5684 2933 5728 cum
2973 5673 3216 5730 sanctus
3243 5665 3301 5730 ei
3343 5667 3605 5734 venisset
3637 5670 3700 5739 in
