4086 6432
438 299 555 372 995

1645 307 2028 386 ADDENDA.
2079 355 2149 368 —
2197 309 2625 384 DEGEMBER.

3710 304 3831 378 996

441 447 730 515 mentem,
766 443 839 504 ad
876 445 1068 526 ipsum
1098 442 1262 508 ducit
1297 445 1502 527 ﬁliam,
1537 449 1790 510 naturali
1823 451 2069 514 benevo-

2174 450 2342 517 Ξλλην
2385 451 2613 526 κεράσας
2671 447 2758 504 καὶ
2794 447 2892 513 τὴν
2934 445 2994 502 ἐκ
3025 447 3281 506 πίστεως.
3339 444 3491 520 ’Ἅμα
3523 443 3612 502 οὖν
3644 446 3694 499 αἱ
3739 450 3832 500 τοῦ

439 531 640 592 lentiae
697 533 876 594 alium
909 536 1304 598 commiscens
1337 537 1612 599 ardorem
1648 557 1864 620 nempe
1922 542 2086 605 ﬁdei.

439 619 626 682 Simul
653 631 830 702 atque
861 643 999 703 ergo
1033 627 1218 686 sancti
1254 645 1462 687 manus
1489 628 1619 706 ejus
1642 619 1812 708 capiti
1846 630 2092 693 fuerunt

438 711 754 790 impositae,
792 715 1020 791 fugatus
1071 724 1158 776 est
1189 715 1451 795 spiritus,
1486 725 1545 777 et
1571 737 1700 797 quae
1759 719 2086 801 laborabat,

435 807 628 861 statim
664 809 979 879 conSpecta
1010 813 1100 864 est
1132 823 1296 865 sana.
1333 807 1516 866 Porro
1548 816 1744 868 autem
1781 808 1918 871 huic
1946 829 2086 890 quo.

435 907 553 968 que
584 890 868 951 miraculo
903 891 1009 951 fuit
1040 892 1290 954 alterum
1325 896 1736 974 conjunctum.
1763 897 1891 959 Jam
1925 899 2086 960 enim

435 979 616 1067 gyrus
635 988 838 1039 sancto
868 981 1034 1041 valde
1055 983 1389 1064 conﬁdens,
1416 986 1545 1063 ejus
1578 986 1848 1047 utebatur
1877 989 2083 1067 gratia.

432 1066 602 1129 Unde
657 1068 830 1128 etiam
893 1089 1138 1132 uxorem
1174 1077 1323 1152 ejus,
1361 1076 1457 1134 cui
1511 1093 1752 1136 suorum
1807 1066 2086 1155 agrorum

429 1157 624 1218 fuerat
655 1157 930 1219 mandata
956 1178 1269 1237 cura,quae
1304 1164 1433 1242 ipsa
1462 1183 1695 1244 quoque
1720 1176 1843 1226 erat
1869 1167 2086 1228 daemo-

431 1246 620 1317 niaca,
657 1248 820 1307 duxit
865 1249 938 1309 ad
975 1250 1197 1329 ipsum.
1260 1250 1465 1332 Neque
1521 1273 1654 1314 eum
1710 1273 1816 1316 sua
1875 1256 2086 1317 fefellit

429 1335 666 1416 ﬁducia,
703 1336 805 1397 sed
851 1355 919 1398 ea
949 1357 1188 1418 quoque
1252 1360 1384 1401 eum
1423 1343 1541 1403 ﬁlia
1583 1346 1866 1406 mundata
1897 1346 2002 1407 fuit
2052 1365 2086 1407 a

433 1423 598 1486 rabie
630 1428 944 1489 daemonis.
981 1431 1096 1491 Pro
1149 1430 1364 1509 quibus
1399 1432 1467 1493 iis
1500 1432 1701 1512 utique
1758 1454 1998 1513 magnas
2029 1435 2085 1497 ei

429 1515 657 1576 babens
689 1524 746 1576 et
796 1534 978 1595 agens
1009 1518 1226 1596 gratias
1261 1521 1414 1598 (erat
1458 1523 1613 1582 enim
1652 1526 1735 1584 vir
1765 1524 1992 1601 doctus,
2027 1535 2088 1587 et

2172 541 2324 619 ἅγίου
2381 539 2576 620 χεῖραξ
2606 543 2673 613 τῇ
2725 535 2932 616 κεφαλῇ
2962 535 3124 603 αὐτῆς
3180 535 3497 606 ἐπετίθεντο,
3532 536 3592 589 τὸ
3624 533 3831 608 πνεῦμα

2172 628 2544 710 ἐφυγαδεύετο,
2607 629 2692 682 καὶ
2748 625 2902 704 ὑγιὴς
2969 627 3111 690 εὐθὺς
3167 626 3201 692 ἡ
3274 625 3562 702 πάσχουσα
3617 627 3828 679 καθεω-

2172 727 2323 799 ρᾶτο.
2380 717 2599 792 Ἀμέλει
2657 719 2743 772 καὶ
2773 722 2849 788 τῷ
2904 715 3128 788 τοιούτῳ
3166 714 3392 789 θαύματι
3441 717 3614 789 θαῦμα
3663 713 3830 781 συνή-

2172 830 2333 865 πτετο
2389 806 2589 884 ἕτερον.
2625 803 2767 871 ’Ήδη
2821 806 2920 883 γὰρ
2979 806 3005 860 6
3042 813 3203 881 Kt‘ipor
3254 804 3321 858 τὰ
3371 801 3582 880 μεγάλα
3629 801 3833 881 θαῤῥῶν

2171 899 2303 974 πρὸς
2356 897 2446 952 τόν
2480 895 2628 972 ἅγιον
2681 898 2747 971 τῇ
2809 896 2966 952 αὐτοῦ
3022 894 3205 973 χάριτι
3260 892 3675 972 καταχρώμενος
3735 893 3829 958 ἦν,

2170 971 2320 1043 Γ’όθεν
2375 988 2473 1041 κα³ι
2529 971 2630 1050 τὴν
2691 996 2919 1060 γυναῖκα
2977 989 3071 1038 τοῦ
3121 989 3228 1039 τῶν
3282 982 3459 1060 ἀγρῶν
3524 985 3678 1039 αὖτοῦ
3731 982 3829 1049 τὴν

2170 1073 2415 1154 φροντίδα
2505 1073 2924 1147 πεπιστευμένου
3010 1070 3345 1147 δαιμονῶσιν
3442 1071 3528 1127 καὶ
3628 1071 3828 1137 ταύτην

2171 1168 2328 1222 οὖσαν
2384 1165 2513 1234 πρὸς
2569 1163 2724 1218 αὐτὸν
2782 1159 2976 1240 ἤγαγε,
3014 1163 3099 1217 καὶ
3154 1159 3353 1239 θαῤῥὼν
3413 1164 3515 1239 οὐχ
3573 1161 3826 1238 ἡμάρτα-

2169 1277 2274 1334 νεν,
2310 1253 2446 1309 ἀλλὰ
2506 1255 2592 1308 καὶ
2650 1256 2846 1317 ταύτην
2877 1252 3010 1320 μετὰ
3071 1251 3165 1319 τῇς
3213 1251 3468 1327 θυγατρὸς
3514 1249 3644 1328 εἶχε
3701 1248 3825 1304 δαν.-

2167 1347 2351 1421 μονίας
2409 1342 2609 1408 λύσσης
2654 1340 3073 1416 κεκαθαρμένην·
3133 1340 3263 1414 ὑπὲρ
3325 1342 3397 1393 ὧν
3457 1339 3519 1404 δὴ
3573 1340 3658 1393 καὶ
3717 1361 3824 1413 με-

2168 1433 2334 1512 γάλας
2398 1435 2610 1510 ὁμογῶν
2671 1431 2891 1510 χάριτος
2954 1431 3058 1503 (καὶ
3120 1431 3219 1507 γὰρ
3278 1433 3394 1506 περὶ
3450 1427 3639 1506 λόγους
3697 1431 3826 1508 εἶχε

2168 1525 2256 1580 καὶ
2313 1525 2409 1590 τὴν
2483 1520 2806 1588 Ἑλληνικὴν
2865 1521 3051 1598 σοφίαν
3115 1517 3454 1597 πεπαίδευτο)
3517 1517 3828 1596 ἐπίγραμμα

427 1605 708 1666 humanis
740 1604 954 1666 litteris
987 1608 1300 1682 eruditus),
1348 1610 1404 1669 in
1440 1610 1628 1690 posita
1660 1611 1780 1674 illic
1809 1614 2069 1675 columna

2167 1619 2244 1686 τῷ
2305 1612 2521 1688 ὕστερον
2595 1613 2736 1681 αύτῷ
2793 1607 3039 1688 ἱδρυθέντι
3098 1609 3230 1665 κίονι
3315 1608 3638 1687 ὲνεκόλαχεν
3695 1608 3828 1688 ἔχον

429 1694 1036 1794 epigramma-postea
1065 1697 1404 1794 insculpsit,
1441 1700 1596 1778 quod
1630 1701 1714 1762 sic
1749 1702 1950 1794 habet:
1978 1706 2069 1767 Hic

2168 1704 2357 1766 οὕτως·
2418 1692 2651 1758 Ἳσταται
2738 1698 2868 1777 ἀνὴρ
2927 1699 3181 1754 πάντοθεν
3253 1697 3537 1774 ἀρνύμενος
3609 1698 3695 1752 καὶ
3767 1699 3829 1754 οὗ

3011 1787 3050 1794 --
3121 1789 3132 1794 -
3198 1786 3222 1794 ..
3327 1790 3336 1794 -
3508 1789 3516 1794 .
3811 1778 3825 1794 .

424 1791 550 1872 stat
569 1781 676 1857 vir,
714 1783 980 1858 undique
1012 1785 1347 1863 impetitur,
1382 1797 1442 1847 et
1471 1797 1678 1850 ventos
1710 1811 1827 1853 non
1884 1793 2069 1854 timet.

2163 1793 2402 1872 τρομέων
2469 1791 2712 1866 ἀνέμους·
2764 1795 2934 1868 τροφῇ
3005 1787 3050 1843 δ’
3112 1786 3374 1865 ἀμϐροσίῃ
3432 1789 3678 1865 τρὲςεται
3737 1781 3829 1844 καὶ

423 1871 738 1934 Ambrosiu
793 1883 987 1932 autem
1027 1875 1206 1936 utitur
1259 1878 1567 1958 alimento,
1599 1889 1655 1939 et
1686 1881 1780 1941 siti
1835 1891 2069 1960 experte

2163 1871 2404 1956 ἀναίμονι
2467 1880 2617 1959 δίψῃ,
2662 1881 2858 1958 τεύχεα
2927 1878 3151 1955 ῥιζώσας
3199 1882 3327 1933 κίονι
3389 1873 3662 1956 διχθαδξῳ,
3711 1883 3824 1932 Συ-

422 1960 751 2038 sanguinis;
786 1968 932 2023 actis
955 1981 1092 2024 vero
1121 1965 1724 2041 radicibus,fundavit
1754 1971 2069 2034 aidiﬁcium

2162 1973 2305 2046 μεὼν
2330 1971 2383 2026 δὲ
2417 1972 2528 2049 ῥίζα
2561 1969 2674 2025 ύὶέα
2703 1969 2980 2047 κηρύττων
3013 1968 3216 2043 μητρὸς
3249 1966 3638 2044 ἂπειρογάμου.

419 2050 697 2142 columna
728 2050 978 2142 duplici.
1033 2051 1132 2142 Est
1160 2064 1358 2116 autem
1419 2057 1582 2117 radix
1615 2055 1886 2142 Simeon,
1925 2062 2111 2124 ﬁlium
2175 2060 2506 2140 praedicans
2551 2057 2778 2128 matris,
2813 2075 2942 2138 quae
2977 2072 3095 2118 non
3126 2063 3215 2117 est
3276 2063 3516 2136 experta
3549 2054 3810 2135 nuptias.

423 2137 539 2201 Sed
569 2139 690 2199 [nec
724 2139 966 2219 quidem
1000 2141 1107 2202 sic.

502 2226 622 2289 XX.
672 2227 965 2308 Deinceps
995 2249 1132 2292 vero
1179 2243 1306 2294 erat
1336 2234 1577 2314 quidem
1612 2237 1763 2310 dies,
1801 2239 2069 2301 omnium

2242 2238 2331 2298 K'.
2393 2239 2468 2295 Τὰ
2525 2234 2579 2291 δὲ
2626 2237 2744 2304 ἑξῆς
2800 2236 2972 2311 ἡμέρα
3017 2237 3085 2304 ἦν
3119 2237 3148 2304 ἡ
3203 2237 3353 2313 κυρία
3406 2237 3511 2291 τὼν
3572 2237 3816 2312 ἡμερῶν,

420 2317 653 2378 dierum
711 2319 1067 2398 praecipuus.
1105 2322 1206 2382 Vir
1230 2333 1424 2384 autem
1459 2324 1698 2404 quidam
1735 2344 1804 2388 ex
1838 2328 1929 2408 iis,
1968 2328 2069 2406 qui

2160 2329 2320 2406 Ἀνὴρ
2379 2325 2434 2382 δέ
2478 2349 2557 2390 τις
2593 2331 2698 2381 τῶν
2751 2328 2890 2404 παρὰ
2933 2328 3020 2384 τὸν
3074 2325 3309 2391 Εὔξεινον
3353 2324 3547 2380 πόντον
3603 2325 3816 2382 οἰκούν-

419 2425 604 2488 prope
632 2405 887 2468 Euxium
934 2422 1180 2488 pontum
1216 2412 1582 2489 habitabant,
1619 2415 1778 2475 venit
1817 2405 2069 2478 aﬁ'erens

2160 2405 2301 2476 τωνί
2345 2421 2442 2486 ἧκε
2504 2413 2670 2472 παῖδα
2743 2417 2973 2492 κομίζων
3047 2413 3253 2490 δαίμονι
3313 2415 3408 2490 μὲν
3485 2415 3570 2472 καὶ
3656 2415 3817 2471 αὐτὸν

416 2495 628 2577 ﬁlium,
663 2497 762 2576 qui
822 2498 952 2578 ipse
999 2519 1237 2578 quoque
1290 2501 1704 2582 possidebatur
1746 2506 1986 2585 quidem
2040 2527 2069 2568 a

2160 2509 2495 2586 κατάσχετον
2553 2505 2705 2579 ἄιτα,
2753 2505 2892 2573 πλὴν
2923 2504 3090 2562 τᾶλλα
3147 2507 3326 2583 κωφόν
3384 2525 3439 2560 τε
3471 2506 3558 2560 καὶ
3615 2502 3818 2561 ἄλαλον

415 2586 712 2660 daemone,
743 2587 851 2648 sed
883 2597 1012 2650 erat
1041 2590 1259 2671 alioqui
1293 2600 1352 2652 et
1399 2593 1616 2654 surdus
1647 2602 1706 2655 et
1741 2595 1981 2671 multus,
2017 2605 2069 2658 el

2160 2599 2246 2653 καὶ
2304 2599 2491 2653 ὁποῖον
2550 2593 2614 2661 δὴ
2661 2597 2749 2650 τὶν
2809 2597 3032 2672 Χριστὸν
3086 2599 3399 2672 θεραπεῦσαι
3449 2595 3515 2650 τὰ
3571 2593 3819 2672 Εὐαγγέ-

417 2679 652 2754 qualem
707 2695 948 2739 curasse
981 2679 1274 2741 Christum
1311 2683 1530 2744 docent
1558 2681 1891 2763 Evangelia.
1924 2687 2069 2748 Cum

2160 2686 2272 2747 λια.
2335 2685 2428 2749 Ὠς
2462 2685 2550 2742 οὗν
2582 2682 2684 2751 ἤδη
2721 2693 2795 2760 τῷ
2840 2683 3012 2756 στελῳ
3042 2686 3400 2763 προσ-ἤγγιζον
3434 2685 3462 2740 6
3520 2695 3650 2748 παῖς
3682 2685 3822 2759 μετὰ

415 2776 611 2826 autem
660 2765 1094 2849 columnaejam
1141 2772 1694 2852 appropinquarent
1737 2774 1893 2836 ﬁlius
1935 2795 2069 2837 cum

2160 2783 2246 2834 τοῦ
2297 2775 2526 2852 πατρὸς,
2559 2772 2828 2839 ἐκτινάξας
2895 2776 2921 2829 6
2978 2771 3178 2850 δαίμων
3235 2774 3326 2830 τὸν
3371 2770 3540 2829 παῖδα
3583 2775 3667 2828 καὶ
3716 2779 3822 2830 τῶν

416 2864 602 2934 patre,
629 2857 946 2918 excutiens
979 2877 1234 2937 puerum
1262 2861 1519 2934 daemon,
1548 2871 1608 2924 et
1636 2864 1903 2926 avellens
1937 2883 2069 2927 eum

2160 2865 2488 2945 κρατούντων
2546 2863 2705 2918 αὒτὸν
2761 2863 3078 2926 ἀποσπάσας
3125 2861 3294 2930 ἤλασε
3340 2864 3472 2940 πρὸς
3539 2862 3638 2930 τὴν
3696 2861 3820 2918 κλί-

413 2944 486 3006 ab
511 2946 787 3025 ipsis,qui
814 2946 1006 3026 ipsum
1042 2949 1346 3031 tenebant,
1381 2951 1618 3032 impulit
1648 2972 1786 3015 eum
1819 2954 1892 3016 ad
1927 2972 2068 3017 sca-

2160 2944 2300 3028 μακα
2367 2951 2480 3019 ἥτις
2541 2951 2891 3030 ἐρηρεισμενη
2950 2954 3070 3008 τότε
3130 2955 3207 3026 τῷ
3282 2951 3456 3026 στύλῳ
3527 2951 3814 3030 ἐτύγχανε.

415 3033 525 3109 las,
551 3052 681 3115 quae
713 3044 852 3126 tunc
901 3039 1142 3117 quidem
1175 3037 1410 3100 fuerant
1448 3042 1700 3102 admota:
1732 3044 2066 3126 colutnnw;

2160 3046 2253 3101 Καὶ
2307 3045 2335 3099 6
2391 3044 2490 3118 μὲν
2551 3045 2696 3106 εὐθὺς
2743 3048 2839 3110 τῆς
2891 3041 3149 3118 κλίμακος
3193 3039 3381 3106 ἐπιϐὰς
3438 3042 3613 3117 ἀνῂει,
3676 3045 3703 3098 6
3761 3039 3812 3096 δὲ

413 3133 474 3184 et
504 3125 602 3185 ille
627 3123 870 3202 quidem
896 3127 1165 3205 protinus
1189 3129 1553 3191 ascendebat
1573 3132 1794 3208 scalas;
1828 3123 2069 3196 sanctus

2160 3131 2300 3198 ὅσιος
2377 3131 2570 3189 ἄνωθεν
2625 3135 2760 3212 ὁρῶν
2821 3131 2994 3188 ἐδέετο
3042 3131 3136 3188 τοῦ
3187 3137 3342 3193 Θεοῦ.
3408 3132 3505 3229 limi
3556 3137 3672 3193 πῶς
3715 3132 3811 3208 γὰρ

410 3231 550 3274 vero
586 3213 845 3294 desuper
881 3216 1199 3294 aspiciens,
1236 3219 1419 3280 Deum
1454 3219 1719 3298 rogabat.
1759 3222 2066 3293 Quomodo

2160 3221 2246 3278 οὒκ
2300 3221 2362 3278 ἂν
2417 3223 2520 3276 ὑπὸ
2583 3229 2675 3278 τοῦ
2728 3219 2974 3294 δαίμονος
3027 3219 3192 3299 ῥιφεὶς
3237 3224 3336 3284 τῆς
3391 3217 3651 3291 κλίμακος
3707 3241 3813 3274 κο.-

409 3303 570 3363 enim
598 3321 715 3363 non
736 3321 770 3364 a
810 3303 1083 3366 daemone
1115 3305 1289 3367 scalis
1323 3309 1645 3388 projectus,
1675 3309 1882 3371 fuisset
1913 3329 2063 3372 con-

2160 3308 2339 3388 τεᾶγη,
2403 3311 2448 3365 εἷ
2521 3309 2598 3381 μὴ
2667 3305 3036 3387 προκατέσχεν
3105 3307 3255 3369 οὗτος
3313 3307 3404 3362 τὸν
3461 3303 3681 3379 δαίμονα
3741 3308 3812 3382 τῇ

407 3393 656 3467 fractus,
692 3391 808 3454 nisi
853 3393 902 3453 is
936 3394 1283 3457 retinuisset
1314 3397 1642 3458 daemonem
1677 3400 2068 3479 precatione?

2160 3400 2289 3478 εὐχῇ
2327 3418 2342 3479 ;
2399 3397 2596 3456 Οὔκουν
2627 3397 2770 3471 αὐτῷ
2813 3397 2904 3461 τὰς
2938 3408 3128 3476 χεῖρας
3187 3395 3467 3471 ἐπέθηκεν,
3502 3392 3615 3450 οὒδὲ
3674 3393 3811 3474 ἅπερ

405 3479 537 3542 Non
591 3499 730 3560 ergo
763 3482 820 3544 ei
873 3501 1082 3544 manus
1140 3485 1448 3563 imposuit,
1485 3505 1682 3568 neque
1733 3489 1898 3566 fecit,
1933 3509 2062 3570 quas

2160 3489 2230 3544 ini
2282 3500 2400 3552 τοῖς
2460 3485 2755 3562 ’ἔμπροσθεν
2802 3485 2972 3542 εἰώθει
3016 3497 3196 3541 ποιεῖν
3245 3482 3485 3562 ἔδρασεν,
3519 3479 3637 3539 ἀλλ’
3697 3481 3811 3539 ἅνω

407 3570 540 3631 aliis
574 3571 772 3633 facere
801 3575 1327 3647 consueverat,sed
1357 3575 1457 3637 ille
1486 3577 1730 3654 quidem
1765 3581 2058 3659 precaba-

2160 3579 2246 3634 ιὲν
2290 3577 2497 3640 ἐκεῖνος
2533 3575 2761 3655 ηὔχετο,
2797 3574 2943 3631 κάτω
2987 3573 3040 3630 δὲ
3072 3573 3146 3632 ὣν
3178 3576 3204 3630 6
3232 3586 3361 3636 παῖς
3398 3573 3472 3628 ἔτι
3503 3574 3589 3628 καὶ
3639 3573 3809 3648 μήπω

407 3668 503 3721 tur
532 3662 828 3740 superius.
865 3660 1018 3722 Puer
1048 3674 1244 3724 autem
1270 3683 1403 3727 cum
1436 3675 1593 3728 esset
1623 3668 1818 3730 adhuc
1847 3669 2060 3731 inferi-

2160 3669 2209 3724 τὰ
2268 3668 2406 3744 μέσα
2437 3670 2537 3732 τῆς
2595 3663 2856 3740 κλίμακος
2885 3666 3127 3745 ἓφθακὼς
3193 3667 3290 3730 τῆς
3343 3662 3619 3739 θεραπείας
3668 3663 3807 3718 ἀπέ-

405 3769 498 3828 us,
529 3760 587 3812 et
608 3751 680 3812 ad
699 3751 934 3813 medias
955 3753 1144 3814 scalas
1176 3756 1440 3816 nondum
1476 3759 1870 3840 pervenisset,
1894 3759 2060 3821 sani-

2160 3765 2323 3818 tauev.
2393 3753 2544 3821 Ἐνὸς
2573 3754 2651 3811 ἔτι
2696 3758 2861 3831 μόνου
2892 3757 3139 3832 μνησθεὶς
3183 3753 3289 3810 τῶν
3322 3751 3498 3808 ἄλλων
3544 3751 3599 3806 ὲν
3633 3758 3806 3831 καιρῷ

404 3848 582 3902 tatem
637 3850 726 3902 est
751 3852 1086 3903 assecutus.
1145 3845 1291 3904 Cum
1343 3845 1520 3906 unius
1579 3855 1805 3909 tantum
1860 3848 2060 3912 fecero

2160 3847 2246 3905 ιτά)
2261 3871 2306 3905 ιν
2336 3846 2448 3922 ἰδίῳ
2477 3847 2884 3923 μνησθήσομαι,

403 3929 800 4010 mentionem,
833 3932 1087 3992 aliorum
1115 3951 1222 3994 suo
1255 3942 1524 4015 tempore
1557 3938 1912 4000 meminero.

473 4023 854 4094 XXMlagnus
878 4024 1118 4095 Leo,qui
1143 4026 1460 4085 Romanum
1480 4031 1710 4100 quidem
1735 4035 2068 4105 imperium,

413 4119 687 4170 naturam
719 4119 917 4172 autem
951 4129 1164 4191 regere
1198 4131 1315 4174 non
1349 4124 1600 4194 poterat,
1635 4117 1738 4178 sed
1779 4121 1980 4198 proles
2013 4117 2071 4182 ei

407 4201 614 4261 deerat
643 4201 925 4275 mascula,
954 4202 1093 4281 quid
1120 4200 1285 4264 facit?
1315 4203 1593 4283 Confugit
1613 4207 1684 4267 ad
1711 4206 1894 4268 Deum
1929 4228 2063 4270 om-

408 4290 575 4350 nium
617 4289 959 4366 Dominum,
999 4291 1154 4371 apud
1187 4295 1378 4371 ipsum
1433 4295 1679 4356 Daniele
1709 4314 1851 4356 usus
1881 4299 2062 4360 inter-

407 4397 667 4442 cessore.
719 4379 824 4442 ille
853 4398 996 4442 vero
1049 4383 1262 4461 paruit,
1297 4391 1355 4444 et
1402 4402 1560 4444 anno
1591 4384 1867 4462 sequenti
1913 4387 2060 4466 pari-

408 4480 601 4532 turam
619 4488 752 4532 esse
771 4488 1014 4533 uxorem
1035 4471 1308 4553 protinus
1330 4474 1706 4550 signiﬁcavit.
1742 4475 1863 4536 Res
1890 4494 2053 4556 ergo,

409 4569 470 4619 ut
518 4561 762 4634 dixerat,
800 4564 1110 4636 successit,
1146 4571 1205 4622 et
1241 4569 1451 4622 natura
1498 4562 1676 4622 cessit
1724 4564 2002 4642 precibus
2039 4585 2051 4627 :

407 4667 527 4709 non
585 4650 775 4710 solum
809 4651 881 4710 ad
935 4653 1070 4730 hoc,
1107 4659 1171 4711 ut
1224 4650 1390 4711 daret
1424 4651 1634 4727 ﬁlium,
1671 4652 1776 4712 sed
1810 4653 1880 4714 ad
1943 4654 2056 4716 hoc

409 4739 606 4814 etiam,
637 4750 699 4800 ut
722 4741 891 4800 daret
912 4740 1012 4800 illo
1033 4751 1450 4821 tetnpore,quo
1474 4740 1663 4804 sancti
1694 4761 1760 4803 os
1787 4744 2054 4806 divinum

364 4876 366 4878 -
405 4831 781 4911 ρτωάίχθνοι.
823 4829 924 4892 Sic
978 4831 1079 4892 ille
1111 4849 1229 4892 non
1267 4831 1459 4891 solum
1493 4845 1619 4891 erat
1664 4832 1823 4894 ﬁlius
1857 4853 2058 4915 preca-

408 4923 608 4996 tionis,
635 4924 738 4982 sed
785 4922 963 4982 etiam
1009 4939 1116 5000 per
1148 4938 1356 5001 preces
1407 4920 1584 4981 dabat
1614 4921 1744 4984 aliis
1777 4933 1837 4984 ut
1868 4925 2056 4988 habe-

405 5021 537 5072 rent
568 5011 745 5075 ﬁlios.
799 5010 1033 5072 Idcirco
1065 5029 1201 5071 eum
1258 5029 1652 5073 remunerans
1707 5013 2056 5095 imperator,

405 5103 591 5162 tertiae
620 5101 909 5163 columnae
940 5105 993 5161 ei
1021 5101 1168 5179 jecit
1209 5099 1689 5162 fundamentum.

469 5195 634 5253 XXII.
662 5196 802 5253 Cum
833 5195 974 5250 fama
999 5209 1135 5265 ergo
1157 5203 1417 5250 sanctum
1454 5197 1668 5266 ubique
1691 5197 2051 5268 praedicaret,

402 5285 473 5342 ad
527 5301 663 5342 eum
696 5281 853 5341 venit
898 5278 1246 5358 imperatrix
1274 5277 1536 5340 Eudocia
1571 5281 1632 5359 (3
1639 5295 1660 5358 )
1703 5300 1834 5362 quae
1861 5300 2054 5363 nuper

400 5381 628 5433 servata
680 5389 749 5431 ex
779 5368 1021 5442 Africa;
1073 5378 1130 5429 et
1159 5386 1432 5448 magnam
1486 5370 1726 5449 quidem
1761 5371 1816 5432 ei
1873 5390 2048 5434 reve-

395 5464 675 5534 rentiam,
731 5460 980 5520 multum
1032 5467 1226 5520 autem
1280 5459 1550 5522 tribuens
1612 5461 1924 5539 honorem,
1993 5461 2048 5523 ei

2234 4026 2367 4092 KA'.
2426 4027 2574 4084 Λέὼν
2632 4028 2660 4083 ὁ
2711 4026 2878 4102 μέγας
2937 4026 3144 4104 ἐκράτει
3203 4023 3300 4099 μὲν
3372 4022 3468 4091 τῆς
3532 4021 3810 4097 Ῥωμαίων

2153 4121 2356 4199 ἀρχῆς,
2393 4117 2586 4179 ἥκιστα
2639 4114 2693 4171 δὲ
2725 4120 2812 4170 καὶ
2873 4117 3077 4194 φύσεως
3111 4127 3236 4192 εἶχε
3269 4126 3510 4192 κρατεῖν,
3559 4109 3676 4167 ἀλλ’
3706 4111 3810 4190 ἆῤ-

2149 4209 2297 4285 ῥενος
2355 4207 2566 4286 ἡμοίρει
2595 4209 2784 4284 γονῆς.
2841 4205 2900 4261 Τί
2933 4205 3020 4260 οὗν
3069 4216 3219 4260 ποιεῖ
3253 4225 3269 4277 ;
3303 4202 3424 4260 Ἐπὶ
3475 4200 3567 4258 τὸν
3595 4199 3810 4258 πάντων

2148 4304 2435 4376 κρατοῦντα
2493 4294 2813 4375 καταφεύγει
2877 4295 3032 4372 Θεὸν,
3082 4292 3274 4368 μεσίτῃ
3330 4298 3458 4370 πρὸς
3520 4291 3672 4348 αὐτὸν
3729 4295 3811 4364 τῷ

2149 4387 2350 4452 Δανιὴλ
2407 4386 2775 4464 χρησάμενος.
2845 4384 2942 4440 Καὶ
2993 4383 3050 4445 ὃς
3095 4383 3351 4456 ὑπήκουε,
3386 4385 3472 4437 καὶ
3521 4380 3602 4436 ὅτι
3659 4376 3806 4446 τέξε-

2143 4496 2227 4532 ται
2285 4477 2320 4542 ἡ
2350 4475 2484 4550 γυνὴ
2541 4475 2602 4529 τὸ
2635 4472 2783 4528 ἐπιὸν
2835 4470 2952 4536 ἔτος
2983 4471 3129 4534 εὐθύς
3174 4471 3392 4547 ἐμήνυε,
3447 4470 3666 4548 Γέγονεν
3711 4468 3806 4526 οὖν

2142 4563 2269 4621 αὐτὸ
2340 4568 2561 4640 πρᾶγμα
2599 4563 2662 4618 τὸ
2693 4562 2870 4638 ῥῶμα,
2903 4562 2991 4618 καὶ
3020 4575 3144 4626 ταῖς
3201 4563 3393 4641 εὐχαῖς
3426 4559 3567 4626 εἶξεν
3601 4562 3635 4628 ἦ
3695 4560 3803 4638 φύ-

2139 4676 2220 4716 σις
2252 4653 2310 4711 ού
2367 4651 2542 4708 δοῦναι
2576 4653 2738 4728 μόνον
2796 4653 2929 4726 υἱὸν,
2965 4650 3103 4708 ἀλλὰ
3157 4653 3244 4708 καὶ
3303 4649 3419 4707 κατ’
3466 4650 3678 4707 ἐκεῖνον
3725 4649 3803 4706 δεὶ

2138 4746 2230 4801 τὸν
2289 4743 2472 4822 καιρὸν
2517 4740 2694 4800 δοῦναι
2747 4742 2864 4799 καθ’
2925 4742 2982 4798 ὃν
3041 4744 3101 4799 τὸ
3157 4743 3408 4821 θεοφόρον
3465 4739 3640 4814 στόμα
3704 4746 3802 4797 τοῦ

2139 4833 2288 4912 ἆγέου
2345 4831 2643 4910 προέλεξεν,
2680 4832 2858 4898 Οὕτως
2892 4831 3096 4898 ἐκεῖνος
3151 4833 3211 4888 οὖ
3267 4831 3427 4907 μόνον
3458 4833 3628 4908 εὐχῆς
3689 4830 3800 4888 υἱὸς

2141 4925 2230 4998 ἦν,
2266 4921 2403 4982 ἀλλά
2453 4924 2542 4979 καὶ
2573 4935 2692 4985 τοῖς
2725 4920 2910 4986 ἄλλοις
2942 4919 3106 4978 ἐδίδου
3156 4918 3303 4999 ἔχειν
3333 4917 3398 4975 δι’
3431 4922 3601 4998 εὐχῆς
3631 4919 3798 4984 υἱούς.

2143 5019 2315 5070 Ταῦτα
2374 5013 2462 5069 καὶ
2521 5011 2768 5088 βασιλεὺς
2833 5010 2974 5084 αύτῷ
3046 5005 3428 5086 ἀμειϐόμενος,
3488 5009 3662 5084 τρίτου
3704 5009 3798 5064 θε-

2140 5101 2326 5179 μέλιον
2355 5103 2528 5166 κίονος
2565 5103 2719 5159 αὐτὸν
2750 5097 3100 5160 κατεϐάλετο,

2222 5192 2348 5251 ΚΒ’.
2411 5199 2522 5259 Τῆς
2551 5192 2741 5271 φήμης
2797 5189 2886 5247 οὖν
2919 5189 3009 5244 τὸν
3063 5186 3215 5266 ἅγιον
3244 5187 3560 5268 ἁπανταχοῦ
3599 5185 3800 5256 διακη-

2135 5282 2422 5361 ρυττούσης
2458 5293 2758 5361 αφικνεῖται
2819 5279 2947 5358 πρὸς
3006 5278 3165 5335 αὐτὸν
3219 5279 3307 5334 καὶ
3357 5278 3393 5347 ἠ
3421 5276 3629 5354 βασιλὶς
3692 5277 3798 5333 Εὗ-

2133 5371 2281 5429 δοκία
2340 5370 2400 5429 ἐκ
2454 5372 2552 5438 τῆς
2605 5369 2824 5449 ’Ἀφρων
2879 5366 2993 5448 ἄρτι
3055 5367 3241 5447 χώρας
3285 5367 3644 5441 ἆνασωθεϊσα,
3708 5367 3799 5424 καὶ

2133 5461 2334 5530 πολλὴν
2387 5461 2485 5535 μὲν
2517 5458 2664 5536 otiati),
2701 5457 2906 5526 πολλὴν
2961 5456 3015 5513 δὲ
3059 5457 3225 5524 τιμὴν
3283 5456 3516 5533 νέμουσα
3577 5455 3797 5522 ἂξιοῦσά

479 5577 576 5656 (3)
606 5574 867 5638 Eudocia
896 5585 1126 5638 servata
1157 5594 1226 5638 ex
1261 5574 1467 5640 Africa
1495 5575 1740 5658 dicitur,
1774 5577 1931 5660 quod
1963 5597 1998 5642 a
2029 5577 2351 5642 Genserico
2383 5573 2824 5640 Wandalorum
2855 5591 2997 5656 rege
3031 5572 3262 5658 captiva
3289 5573 3351 5635 in
3378 5571 3643 5637 Africam
3677 5570 3790 5636 de-

395 5665 595 5748 ducta,
631 5676 763 5752 post
793 5666 1038 5731 dimissa
1066 5675 1178 5732 est.
