  <div class='ocr_page' id='page_1' title='image "/cluster/home/n/w/nwhite01/storage/ocr_20150623/116:no.3/coo.31924054870203/506.png"; bbox 0 0 4086 6400; ppageno 0'>
   <div class='ocr_carea' id='block_1_1' title="bbox 267 294 384 366">
    <p class='ocr_par' dir='ltr' id='par_1_1' title="bbox 267 294 384 366">
     <span class='ocr_line' id='line_1_1' title="bbox 267 294 384 366; baseline -0.017 0"><span class='ocrx_word' id='word_1_1' title='bbox 267 294 384 366; x_wconf 85' lang='grc'><strong>997</strong></span> 
     </span>
    </p>
   </div>
   <div class='ocr_carea' id='block_1_2' title="bbox 1398 291 2516 366">
    <p class='ocr_par' dir='ltr' id='par_1_2' title="bbox 1398 291 2516 366">
     <span class='ocr_line' id='line_1_2' title="bbox 1398 291 2516 366; baseline -0.004 -2"><span class='ocrx_word' id='word_1_2' title='bbox 1398 291 1582 365; x_wconf 82' lang='lat' dir='ltr'><strong>VITA</strong></span> <span class='ocrx_word' id='word_1_3' title='bbox 1627 301 1689 365; x_wconf 91' lang='lat' dir='ltr'><strong>S.</strong></span> <span class='ocrx_word' id='word_1_4' title='bbox 1738 297 2102 366; x_wconf 86' lang='lat' dir='ltr'><strong>DANIELIS</strong></span> <span class='ocrx_word' id='word_1_5' title='bbox 2145 291 2516 364; x_wconf 70' lang='lat' dir='ltr'><strong>STYLITE.</strong></span> 
     </span>
    </p>
   </div>
   <div class='ocr_carea' id='block_1_3' title="bbox 3528 297 3647 367">
    <p class='ocr_par' dir='ltr' id='par_1_3' title="bbox 3528 297 3647 367">
     <span class='ocr_line' id='line_1_3' title="bbox 3528 297 3647 367; baseline -0.008 0"><span class='ocrx_word' id='word_1_6' title='bbox 3528 297 3647 367; x_wconf 79' lang='lat'><strong>998</strong></span> 
     </span>
    </p>
   </div>
   <div class='ocr_carea' id='block_1_4' title="bbox 268 433 1941 516">
    <p class='ocr_par' dir='ltr' id='par_1_4' title="bbox 268 433 1941 515">
     <span class='ocr_line' id='line_1_4' title="bbox 268 433 1941 515; baseline 0 -23"><span class='ocrx_word' id='word_1_7' title='bbox 268 458 324 492; x_wconf 91' lang='grc' dir='ltr'><strong>τε</strong></span> <span class='ocrx_word' id='word_1_8' title='bbox 371 435 528 493; x_wconf 50' lang='lat' dir='ltr'><strong>nam</strong></span> <span class='ocrx_word' id='word_1_9' title='bbox 556 443 649 493; x_wconf 81' lang='grc' dir='ltr'><strong>τοῦ</strong></span> <span class='ocrx_word' id='word_1_10' title='bbox 697 441 796 510; x_wconf 77' lang='grc' dir='ltr'><strong>μὲν</strong></span> <span class='ocrx_word' id='word_1_11' title='bbox 847 436 1020 501; x_wconf 85' lang='grc' dir='ltr'><strong>κίονος</strong></span> <span class='ocrx_word' id='word_1_12' title='bbox 1049 433 1350 510; x_wconf 70' lang='grc' dir='ltr'><strong>κατελθεῖν,</strong></span> <span class='ocrx_word' id='word_1_13' title='bbox 1397 441 1647 515; x_wconf 67' lang='grc' dir='ltr'><strong>φοιτῆσαι</strong></span> <span class='ocrx_word' id='word_1_14' title='bbox 1679 433 1733 492; x_wconf 70' lang='grc' dir='ltr'><strong>δέ</strong></span> <span class='ocrx_word' id='word_1_15' title='bbox 1785 437 1941 514; x_wconf 45' lang='grc' dir='ltr'><strong>πρὸςι</strong></span> 
     </span>
    </p>
   </div>
   <div class='ocr_carea' id='block_1_5' title="bbox 2028 433 3644 516">
    <p class='ocr_par' dir='ltr' id='par_1_5' title="bbox 2033 433 3644 516">
     <span class='ocr_line' id='line_1_5' title="bbox 2033 433 3644 516; baseline 0.002 -20"><span class='ocrx_word' id='word_1_16' title='bbox 2033 453 2214 513; x_wconf 88' lang='lat' dir='ltr'><strong>ogans</strong></span> <span class='ocrx_word' id='word_1_17' title='bbox 2238 434 2533 514; x_wconf 84' lang='lat' dir='ltr'><strong>ipsum,ut</strong></span> <span class='ocrx_word' id='word_1_18' title='bbox 2564 433 2638 496; x_wconf 82' lang='lat' dir='ltr'><strong>de</strong></span> <span class='ocrx_word' id='word_1_19' title='bbox 2661 433 2936 496; x_wconf 72' lang='lat' dir='ltr'><strong>coiumna</strong></span> <span class='ocrx_word' id='word_1_20' title='bbox 2964 434 3201 516; x_wconf 84' lang='lat' dir='ltr'><strong>quidem</strong></span> <span class='ocrx_word' id='word_1_21' title='bbox 3227 435 3644 514; x_wconf 85' lang='lat' dir='ltr'><strong>descenderet,</strong></span> 
     </span>
    </p>
   </div>
   <div class='ocr_carea' id='block_1_6' title="bbox 268 525 1927 599">
    <p class='ocr_par' dir='ltr' id='par_1_6' title="bbox 268 525 1927 599">
     <span class='ocr_line' id='line_1_6' title="bbox 268 525 1927 599; baseline -0.001 -17"><span class='ocrx_word' id='word_1_22' title='bbox 268 527 391 590; x_wconf 81' lang='grc' dir='ltr'><strong>τοὺς</strong></span> <span class='ocrx_word' id='word_1_23' title='bbox 447 527 610 593; x_wconf 72' lang='grc' dir='ltr'><strong>αὐτῆς</strong></span> <span class='ocrx_word' id='word_1_24' title='bbox 668 527 885 599; x_wconf 80' lang='grc' dir='ltr'><strong>τόπους,</strong></span> <span class='ocrx_word' id='word_1_25' title='bbox 918 528 1005 582; x_wconf 86' lang='grc' dir='ltr'><strong>καὶ</strong></span> <span class='ocrx_word' id='word_1_26' title='bbox 1063 527 1278 588; x_wconf 75' lang='grc' dir='ltr'><strong>τούτους</strong></span> <span class='ocrx_word' id='word_1_27' title='bbox 1334 527 1570 591; x_wconf 74' lang='grc' dir='ltr'><strong>οἰκῆσαι,</strong></span> <span class='ocrx_word' id='word_1_28' title='bbox 1624 525 1817 584; x_wconf 87' lang='grc' dir='ltr'><strong>Πολλοὶ</strong></span> <span class='ocrx_word' id='word_1_29' title='bbox 1873 526 1927 581; x_wconf 82' lang='grc' dir='ltr'><strong>δὲ</strong></span> 
     </span>
    </p>
   </div>
   <div class='ocr_carea' id='block_1_7' title="bbox 273 613 1927 695">
    <p class='ocr_par' dir='ltr' id='par_1_7' title="bbox 273 613 1927 695">
     <span class='ocr_line' id='line_1_7' title="bbox 273 613 1927 695; baseline -0.001 -23"><span class='ocrx_word' id='word_1_30' title='bbox 273 639 392 695; x_wconf 86' lang='grc' dir='ltr'><strong>μοι,</strong></span> <span class='ocrx_word' id='word_1_31' title='bbox 427 615 630 693; x_wconf 76' lang='grc' dir='ltr'><strong>ἔλεγεν,</strong></span> <span class='ocrx_word' id='word_1_32' title='bbox 689 616 855 688; x_wconf 75' lang='grc' dir='ltr'><strong>οὗτοι,</strong></span> <span class='ocrx_word' id='word_1_33' title='bbox 886 617 974 672; x_wconf 79' lang='grc' dir='ltr'><strong>καὶ</strong></span> <span class='ocrx_word' id='word_1_34' title='bbox 1025 613 1136 690; x_wconf 75' lang='grc' dir='ltr'><strong>ἅμα</strong></span> <span class='ocrx_word' id='word_1_35' title='bbox 1190 616 1288 690; x_wconf 79' lang='grc' dir='ltr'><strong>μὲν</strong></span> <span class='ocrx_word' id='word_1_36' title='bbox 1347 617 1572 695; x_wconf 80' lang='grc' dir='ltr'><strong>ἡσυχίας</strong></span> <span class='ocrx_word' id='word_1_37' title='bbox 1618 614 1780 694; x_wconf 71' lang='grc' dir='ltr'><strong>φίλοι,</strong></span> <span class='ocrx_word' id='word_1_38' title='bbox 1816 613 1927 689; x_wconf 77' lang='grc' dir='ltr'><strong>ἅμα</strong></span> 
     </span>
    </p>
   </div>
   <div class='ocr_carea' id='block_1_8' title="bbox 269 702 1924 783">
    <p class='ocr_par' dir='ltr' id='par_1_8' title="bbox 269 702 1924 783">
     <span class='ocr_line' id='line_1_8' title="bbox 269 702 1924 783; baseline -0.001 -21"><span class='ocrx_word' id='word_1_39' title='bbox 269 704 324 762; x_wconf 77' lang='grc' dir='ltr'><strong>δὲ</strong></span> <span class='ocrx_word' id='word_1_40' title='bbox 381 707 472 762; x_wconf 82' lang='grc' dir='ltr'><strong>καὶ</strong></span> <span class='ocrx_word' id='word_1_41' title='bbox 522 706 850 783; x_wconf 69' lang='grc' dir='ltr'><strong>παραμυθίαν</strong></span> <span class='ocrx_word' id='word_1_42' title='bbox 913 703 1085 772; x_wconf 77' lang='grc' dir='ltr'><strong>ἄλλην</strong></span> <span class='ocrx_word' id='word_1_43' title='bbox 1145 704 1346 783; x_wconf 76' lang='grc' dir='ltr'><strong>ὀρέγειν</strong></span> <span class='ocrx_word' id='word_1_44' title='bbox 1398 703 1695 779; x_wconf 82' lang='grc' dir='ltr'><strong>δυνάμενοι.</strong></span> <span class='ocrx_word' id='word_1_45' title='bbox 1757 703 1818 763; x_wconf 82' lang='grc' dir='ltr'>Ὀ</span> <span class='ocrx_word' id='word_1_46' title='bbox 1869 702 1924 760; x_wconf 81' lang='grc' dir='ltr'><strong>δὲ</strong></span> 
     </span>
    </p>
   </div>
   <div class='ocr_carea' id='block_1_9' title="bbox 267 792 1924 874">
    <p class='ocr_par' dir='ltr' id='par_1_9' title="bbox 267 792 1924 874">
     <span class='ocr_line' id='line_1_9' title="bbox 267 792 1924 874; baseline -0.001 -23"><span class='ocrx_word' id='word_1_47' title='bbox 267 800 371 862; x_wconf 82' lang='grc' dir='ltr'><strong>τῆς</strong></span> <span class='ocrx_word' id='word_1_48' title='bbox 417 794 621 871; x_wconf 80' lang='grc' dir='ltr'><strong>ἀγαθῆς</strong></span> <span class='ocrx_word' id='word_1_49' title='bbox 671 795 834 862; x_wconf 71' lang='grc' dir='ltr'><strong>αὐτὴν</strong></span> <span class='ocrx_word' id='word_1_50' title='bbox 897 793 1120 870; x_wconf 73' lang='grc' dir='ltr'><strong>γνώμης</strong></span> <span class='ocrx_word' id='word_1_51' title='bbox 1153 792 1554 874; x_wconf 77' lang='grc' dir='ltr'><strong>ἀποδεχόμενος</strong></span> <span class='ocrx_word' id='word_1_52' title='bbox 1609 798 1702 853; x_wconf 79' lang='grc' dir='ltr'><strong>οὐκ</strong></span> <span class='ocrx_word' id='word_1_53' title='bbox 1756 793 1924 873; x_wconf 79' lang='grc' dir='ltr'>ἔκρινε</span> 
     </span>
    </p>
   </div>
   <div class='ocr_carea' id='block_1_10' title="bbox 273 881 1928 963">
    <p class='ocr_par' dir='ltr' id='par_1_10' title="bbox 273 881 1928 963">
     <span class='ocr_line' id='line_1_10' title="bbox 273 881 1928 963; baseline -0.001 -23"><span class='ocrx_word' id='word_1_54' title='bbox 273 881 633 963; x_wconf 79' lang='grc' dir='ltr'><strong>μεταϐαίνειν,</strong></span> <span class='ocrx_word' id='word_1_55' title='bbox 680 883 798 938; x_wconf 79' lang='grc' dir='ltr'><strong>ἀλλ’</strong></span> <span class='ocrx_word' id='word_1_56' title='bbox 853 885 1070 940; x_wconf 76' lang='grc' dir='ltr'><strong>ἐνταῦθα</strong></span> <span class='ocrx_word' id='word_1_57' title='bbox 1127 883 1194 952; x_wconf 80' lang='grc' dir='ltr'><strong>δὴ</strong></span> <span class='ocrx_word' id='word_1_58' title='bbox 1241 882 1605 963; x_wconf 73' lang='grc' dir='ltr'><strong>διακαρτερεῖν</strong></span> <span class='ocrx_word' id='word_1_59' title='bbox 1662 883 1780 940; x_wconf 81' lang='grc' dir='ltr'><strong>ἔνθα</strong></span> <span class='ocrx_word' id='word_1_60' title='bbox 1839 884 1928 940; x_wconf 81' lang='grc' dir='ltr'><strong>καὶ</strong></span> 
     </span>
    </p>
   </div>
   <div class='ocr_carea' id='block_1_11' title="bbox 272 973 1927 1053">
    <p class='ocr_par' dir='ltr' id='par_1_11' title="bbox 272 973 1927 1053">
     <span class='ocr_line' id='line_1_11' title="bbox 272 973 1927 1053; baseline -0.001 -23"><span class='ocrx_word' id='word_1_61' title='bbox 272 975 414 1051; x_wconf 80' lang='grc' dir='ltr'><strong>παρὰ</strong></span> <span class='ocrx_word' id='word_1_62' title='bbox 478 980 703 1051; x_wconf 78' lang='grc' dir='ltr'><strong>Χριστοῦ</strong></span> <span class='ocrx_word' id='word_1_63' title='bbox 761 973 1056 1053; x_wconf 72' lang='grc' dir='ltr'><strong>πεφύτευτο</strong></span> <span class='ocrx_word' id='word_1_64' title='bbox 1125 979 1193 1050; x_wconf 80' lang='grc' dir='ltr'><strong>τῇ</strong></span> <span class='ocrx_word' id='word_1_65' title='bbox 1263 974 1426 1052; x_wconf 80' lang='grc' dir='ltr'><strong>ἀρετῇ</strong></span> <span class='ocrx_word' id='word_1_66' title='bbox 1488 974 1772 1052; x_wconf 70' lang='grc' dir='ltr'><strong>ῥιζοῦσθαι,</strong></span> <span class='ocrx_word' id='word_1_67' title='bbox 1843 975 1927 1028; x_wconf 81' lang='grc' dir='ltr'><strong>καὶ</strong></span> 
     </span>
    </p>
   </div>
   <div class='ocr_carea' id='block_1_12' title="bbox 270 1061 1922 1142">
    <p class='ocr_par' dir='ltr' id='par_1_12' title="bbox 270 1061 1922 1142">
     <span class='ocr_line' id='line_1_12' title="bbox 270 1061 1922 1142; baseline 0 -22"><span class='ocrx_word' id='word_1_68' title='bbox 270 1066 364 1120; x_wconf 85' lang='grc' dir='ltr'><strong>τὸν</strong></span> <span class='ocrx_word' id='word_1_69' title='bbox 416 1065 622 1141; x_wconf 81' lang='grc' dir='ltr'><strong>καρπὸν</strong></span> <span class='ocrx_word' id='word_1_70' title='bbox 683 1061 878 1118; x_wconf 78' lang='grc' dir='ltr'><strong>διδόναι</strong></span> <span class='ocrx_word' id='word_1_71' title='bbox 949 1063 1087 1119; x_wconf 82' lang='grc' dir='ltr'><strong>κατὰ</strong></span> <span class='ocrx_word' id='word_1_72' title='bbox 1157 1065 1338 1142; x_wconf 82' lang='grc' dir='ltr'><strong>καιρὸν</strong></span> <span class='ocrx_word' id='word_1_73' title='bbox 1394 1064 1486 1118; x_wconf 82' lang='grc' dir='ltr'><strong>τὸν</strong></span> <span class='ocrx_word' id='word_1_74' title='bbox 1563 1065 1922 1140; x_wconf 72' lang='grc' dir='ltr'><strong>προσήκοντα.</strong></span> 
     </span>
    </p>
   </div>
   <div class='ocr_carea' id='block_1_13' title="bbox 275 1149 1926 1229">
    <p class='ocr_par' dir='ltr' id='par_1_13' title="bbox 275 1149 1926 1229">
     <span class='ocr_line' id='line_1_13' title="bbox 275 1149 1926 1229; baseline -0.004 -19"><span class='ocrx_word' id='word_1_75' title='bbox 275 1159 448 1210; x_wconf 78' lang='grc' dir='ltr'><strong>ταῦτα</strong></span> <span class='ocrx_word' id='word_1_76' title='bbox 507 1155 598 1208; x_wconf 81' lang='grc' dir='ltr'><strong>καὶ</strong></span> <span class='ocrx_word' id='word_1_77' title='bbox 653 1151 848 1208; x_wconf 85' lang='grc' dir='ltr'><strong>τοιαῦθ’</strong></span> <span class='ocrx_word' id='word_1_78' title='bbox 906 1150 1059 1229; x_wconf 78' lang='grc' dir='ltr'><strong>ἕτερα</strong></span> <span class='ocrx_word' id='word_1_79' title='bbox 1111 1149 1262 1216; x_wconf 75' lang='grc' dir='ltr'><strong>λέξας</strong></span> <span class='ocrx_word' id='word_1_80' title='bbox 1319 1152 1405 1206; x_wconf 85' lang='grc' dir='ltr'><strong>καὶ</strong></span> <span class='ocrx_word' id='word_1_81' title='bbox 1463 1149 1704 1229; x_wconf 73' lang='grc' dir='ltr'><strong>εὐλογίας</strong></span> <span class='ocrx_word' id='word_1_82' title='bbox 1765 1149 1926 1216; x_wconf 76' lang='grc' dir='ltr'><strong>αὐτὴν</strong></span> 
     </span>
    </p>
   </div>
   <div class='ocr_carea' id='block_1_14' title="bbox 281 1237 1926 1319">
    <p class='ocr_par' dir='ltr' id='par_1_14' title="bbox 281 1237 1926 1319">
     <span class='ocr_line' id='line_1_14' title="bbox 281 1237 1926 1319; baseline -0.002 -22"><span class='ocrx_word' id='word_1_83' title='bbox 281 1240 503 1307; x_wconf 77' lang='grc' dir='ltr'><strong>ἀξιώσας</strong></span> <span class='ocrx_word' id='word_1_84' title='bbox 537 1240 825 1315; x_wconf 76' lang='grc' dir='ltr'><strong>ἐκπέμπει.</strong></span> <span class='ocrx_word' id='word_1_85' title='bbox 876 1241 982 1298; x_wconf 72' lang='grc' dir='ltr'>Καί</span> <span class='ocrx_word' id='word_1_86' title='bbox 1022 1241 1144 1296; x_wconf 78' lang='grc' dir='ltr'><strong>τότε</strong></span> <span class='ocrx_word' id='word_1_87' title='bbox 1203 1237 1267 1307; x_wconf 78' lang='grc' dir='ltr'><strong>δὴ</strong></span> <span class='ocrx_word' id='word_1_88' title='bbox 1296 1241 1427 1319; x_wconf 81' lang='grc' dir='ltr'><strong>πρὸς</strong></span> <span class='ocrx_word' id='word_1_89' title='bbox 1484 1241 1574 1296; x_wconf 82' lang='grc' dir='ltr'><strong>τὸν</strong></span> <span class='ocrx_word' id='word_1_90' title='bbox 1605 1247 1698 1297; x_wconf 83' lang='grc' dir='ltr'><strong>τοῦ</strong></span> <span class='ocrx_word' id='word_1_91' title='bbox 1754 1237 1926 1296; x_wconf 86' lang='grc' dir='ltr'><strong>Γελα-</strong></span> 
     </span>
    </p>
   </div>
   <div class='ocr_carea' id='block_1_15' title="bbox 277 1327 1928 1408">
    <p class='ocr_par' dir='ltr' id='par_1_15' title="bbox 277 1327 1928 1408">
     <span class='ocr_line' id='line_1_15' title="bbox 277 1327 1928 1408; baseline -0.002 -22"><span class='ocrx_word' id='word_1_92' title='bbox 277 1331 389 1390; x_wconf 86' lang='grc' dir='ltr'><strong>σίου</strong></span> <span class='ocrx_word' id='word_1_93' title='bbox 442 1330 592 1388; x_wconf 88' lang='grc' dir='ltr'><strong>κίονα</strong></span> <span class='ocrx_word' id='word_1_94' title='bbox 623 1328 953 1408; x_wconf 82' lang='grc' dir='ltr'><strong>μεταϐαίνει,</strong></span> <span class='ocrx_word' id='word_1_95' title='bbox 986 1331 1074 1386; x_wconf 87' lang='grc' dir='ltr'><strong>καὶ</strong></span> <span class='ocrx_word' id='word_1_96' title='bbox 1123 1327 1236 1405; x_wconf 79' lang='grc' dir='ltr'><strong>ἅμα</strong></span> <span class='ocrx_word' id='word_1_97' title='bbox 1289 1330 1366 1404; x_wconf 86' lang='grc' dir='ltr'>τῷ</span> <span class='ocrx_word' id='word_1_98' title='bbox 1422 1329 1620 1402; x_wconf 88' lang='grc' dir='ltr'><strong>στύλῳ,</strong></span> <span class='ocrx_word' id='word_1_99' title='bbox 1651 1327 1928 1404; x_wconf 78' lang='grc' dir='ltr'><strong>ὑψηλότε-</strong></span> 
     </span>
    </p>
   </div>
   <div class='ocr_carea' id='block_1_16' title="bbox 274 1416 1930 1498">
    <p class='ocr_par' dir='ltr' id='par_1_16' title="bbox 274 1416 1930 1498">
     <span class='ocr_line' id='line_1_16' title="bbox 274 1416 1930 1498; baseline -0.004 -19"><span class='ocrx_word' id='word_1_100' title='bbox 274 1443 368 1497; x_wconf 90' lang='grc' dir='ltr'><strong>ρος</strong></span> <span class='ocrx_word' id='word_1_101' title='bbox 425 1421 527 1498; x_wconf 82' lang='grc' dir='ltr'><strong>γὰρ</strong></span> <span class='ocrx_word' id='word_1_102' title='bbox 567 1418 654 1488; x_wconf 72' lang='grc' dir='ltr'><strong>ἦν,</strong></span> <span class='ocrx_word' id='word_1_103' title='bbox 694 1420 788 1476; x_wconf 72' lang='grc' dir='ltr'><strong>καί</strong></span> <span class='ocrx_word' id='word_1_104' title='bbox 845 1423 987 1478; x_wconf 78' lang='grc' dir='ltr'><strong>αὺτῶ</strong></span> <span class='ocrx_word' id='word_1_105' title='bbox 1037 1420 1104 1475; x_wconf 80' lang='grc' dir='ltr'><strong>τὰ</strong></span> <span class='ocrx_word' id='word_1_106' title='bbox 1156 1424 1254 1486; x_wconf 80' lang='grc' dir='ltr'><strong>τῆς</strong></span> <span class='ocrx_word' id='word_1_107' title='bbox 1285 1420 1480 1496; x_wconf 79' lang='grc' dir='ltr'><strong>ἀρετῆς</strong></span> <span class='ocrx_word' id='word_1_108' title='bbox 1537 1416 1795 1489; x_wconf 69' lang='grc' dir='ltr'><strong>ἒπεδίδου,</strong></span> <span class='ocrx_word' id='word_1_109' title='bbox 1842 1417 1930 1472; x_wconf 82' lang='grc' dir='ltr'><strong>καὶ</strong></span> 
     </span>
    </p>
   </div>
   <div class='ocr_carea' id='block_1_17' title="bbox 276 1504 1934 1586">
    <p class='ocr_par' dir='ltr' id='par_1_17' title="bbox 276 1504 1934 1586">
     <span class='ocr_line' id='line_1_17' title="bbox 276 1504 1934 1586; baseline -0.003 -19"><span class='ocrx_word' id='word_1_110' title='bbox 276 1509 552 1574; x_wconf 75' lang='grc' dir='ltr'><strong>πολιτείας</strong></span> <span class='ocrx_word' id='word_1_111' title='bbox 609 1507 942 1586; x_wconf 73' lang='grc' dir='ltr'><strong>ὑψηλοτέρας</strong></span> <span class='ocrx_word' id='word_1_112' title='bbox 1001 1505 1421 1583; x_wconf 75' lang='grc' dir='ltr'><strong>ἐπελαμϐάνετο.</strong></span> <span class='ocrx_word' id='word_1_113' title='bbox 1477 1510 1586 1566; x_wconf 81' lang='grc' dir='ltr'><strong>Οῦκ</strong></span> <span class='ocrx_word' id='word_1_114' title='bbox 1643 1505 1834 1582; x_wconf 81' lang='grc' dir='ltr'><strong>ἔμελλε</strong></span> <span class='ocrx_word' id='word_1_115' title='bbox 1878 1504 1934 1562; x_wconf 77' lang='grc' dir='ltr'><strong>δὲ</strong></span> 
     </span>
    </p>
   </div>
   <div class='ocr_carea' id='block_1_18' title="bbox 276 1595 1934 1679">
    <p class='ocr_par' dir='ltr' id='par_1_18' title="bbox 276 1595 1934 1679">
     <span class='ocr_line' id='line_1_18' title="bbox 276 1595 1934 1679; baseline -0.004 -23"><span class='ocrx_word' id='word_1_116' title='bbox 276 1601 379 1679; x_wconf 81' lang='grc' dir='ltr'><strong>ἄρα</strong></span> <span class='ocrx_word' id='word_1_117' title='bbox 463 1597 580 1656; x_wconf 72' lang='grc' dir='ltr'><strong>οὔτε</strong></span> <span class='ocrx_word' id='word_1_118' title='bbox 663 1603 738 1671; x_wconf 82' lang='grc' dir='ltr'><strong>τῷ</strong></span> <span class='ocrx_word' id='word_1_119' title='bbox 813 1596 1044 1672; x_wconf 80' lang='grc' dir='ltr'><strong>διαϐόλῳ</strong></span> <span class='ocrx_word' id='word_1_120' title='bbox 1113 1597 1229 1655; x_wconf 76' lang='grc' dir='ltr'><strong>οὔτε</strong></span> <span class='ocrx_word' id='word_1_121' title='bbox 1304 1611 1421 1661; x_wconf 89' lang='grc' dir='ltr'><strong>τοῖς</strong></span> <span class='ocrx_word' id='word_1_122' title='bbox 1481 1598 1680 1654; x_wconf 79' lang='grc' dir='ltr'><strong>ἐκείνου</strong></span> <span class='ocrx_word' id='word_1_123' title='bbox 1747 1595 1934 1652; x_wconf 79' lang='grc' dir='ltr'><strong>ἐνεκτὰ</strong></span> 
     </span>
    </p>
   </div>
   <div class='ocr_carea' id='block_1_19' title="bbox 2011 525 3649 596">
    <p class='ocr_par' dir='ltr' id='par_1_19' title="bbox 2011 525 3649 596">
     <span class='ocr_line' id='line_1_19' title="bbox 2011 525 3649 596; baseline 0.003 -11"><span class='ocrx_word' id='word_1_124' title='bbox 2011 526 2080 585; x_wconf 87' lang='lat' dir='ltr'><strong>ad</strong></span> <span class='ocrx_word' id='word_1_125' title='bbox 2113 544 2218 586; x_wconf 91' lang='lat' dir='ltr'><strong>sua</strong></span> <span class='ocrx_word' id='word_1_126' title='bbox 2255 543 2386 587; x_wconf 83' lang='lat' dir='ltr'><strong>vero</strong></span> <span class='ocrx_word' id='word_1_127' title='bbox 2420 525 2548 585; x_wconf 77' lang='lat' dir='ltr'><strong>lora</strong></span> <span class='ocrx_word' id='word_1_128' title='bbox 2607 525 2854 596; x_wconf 85' lang='lat' dir='ltr'><strong>veniret,</strong></span> <span class='ocrx_word' id='word_1_129' title='bbox 2913 533 2972 584; x_wconf 88' lang='lat' dir='ltr'><strong>et</strong></span> <span class='ocrx_word' id='word_1_130' title='bbox 3028 543 3096 585; x_wconf 86' lang='lat' dir='ltr'><strong>ea</strong></span> <span class='ocrx_word' id='word_1_131' title='bbox 3129 527 3441 590; x_wconf 88' lang='lat' dir='ltr'><strong>habitaret.</strong></span> <span class='ocrx_word' id='word_1_132' title='bbox 3497 531 3649 590; x_wconf 77' lang='lat' dir='ltr'><strong>Sunt</strong></span> 
     </span>
    </p>
   </div>
   <div class='ocr_carea' id='block_1_20' title="bbox 2008 614 3646 698">
    <p class='ocr_par' dir='ltr' id='par_1_20' title="bbox 2008 614 3646 698">
     <span class='ocr_line' id='line_1_20' title="bbox 2008 614 3646 698; baseline 0.002 -22"><span class='ocrx_word' id='word_1_133' title='bbox 2008 623 2228 689; x_wconf 88' lang='lat' dir='ltr'><strong>autem,</strong></span> <span class='ocrx_word' id='word_1_134' title='bbox 2266 614 2501 676; x_wconf 88' lang='lat' dir='ltr'><strong>dicebat</strong></span> <span class='ocrx_word' id='word_1_135' title='bbox 2531 631 2620 685; x_wconf 87' lang='lat' dir='ltr'><strong>ea,</strong></span> <span class='ocrx_word' id='word_1_136' title='bbox 2660 614 2805 674; x_wconf 90' lang='lat' dir='ltr'><strong>mihi</strong></span> <span class='ocrx_word' id='word_1_137' title='bbox 2865 615 3068 688; x_wconf 86' lang='lat' dir='ltr'><strong>multa,</strong></span> <span class='ocrx_word' id='word_1_138' title='bbox 3104 628 3163 676; x_wconf 87' lang='lat' dir='ltr'><strong>et</strong></span> <span class='ocrx_word' id='word_1_139' title='bbox 3195 616 3370 676; x_wconf 80' lang='lat' dir='ltr'><strong>simul</strong></span> <span class='ocrx_word' id='word_1_140' title='bbox 3403 618 3646 698; x_wconf 90' lang='lat' dir='ltr'><strong>quidem</strong></span> 
     </span>
    </p>
   </div>
   <div class='ocr_carea' id='block_1_21' title="bbox 2007 704 3654 785">
    <p class='ocr_par' dir='ltr' id='par_1_21' title="bbox 2007 704 3654 785">
     <span class='ocr_line' id='line_1_21' title="bbox 2007 704 3654 785; baseline 0.004 -21"><span class='ocrx_word' id='word_1_141' title='bbox 2007 704 2198 766; x_wconf 89' lang='lat' dir='ltr'><strong>amica</strong></span> <span class='ocrx_word' id='word_1_142' title='bbox 2221 704 2554 777; x_wconf 87' lang='lat' dir='ltr'><strong>silentio,et</strong></span> <span class='ocrx_word' id='word_1_143' title='bbox 2583 722 2716 784; x_wconf 73' lang='lat' dir='ltr'><strong>quae</strong></span> <span class='ocrx_word' id='word_1_144' title='bbox 2747 709 2973 782; x_wconf 89' lang='lat' dir='ltr'><strong>possint</strong></span> <span class='ocrx_word' id='word_1_145' title='bbox 3003 705 3175 766; x_wconf 87' lang='lat' dir='ltr'><strong>aliam</strong></span> <span class='ocrx_word' id='word_1_146' title='bbox 3209 707 3484 785; x_wconf 86' lang='lat' dir='ltr'><strong>praebere</strong></span> <span class='ocrx_word' id='word_1_147' title='bbox 3515 726 3654 769; x_wconf 90' lang='lat' dir='ltr'><strong>con-</strong></span> 
     </span>
    </p>
   </div>
   <div class='ocr_carea' id='block_1_22' title="bbox 2007 795 3655 870">
    <p class='ocr_par' dir='ltr' id='par_1_22' title="bbox 2007 795 3655 870">
     <span class='ocr_line' id='line_1_22' title="bbox 2007 795 3655 870; baseline 0.003 -17"><span class='ocrx_word' id='word_1_148' title='bbox 2007 797 2368 854; x_wconf 86' lang='lat' dir='ltr'><strong>solationem.</strong></span> <span class='ocrx_word' id='word_1_149' title='bbox 2404 795 2499 852; x_wconf 83' lang='lat' dir='ltr'><strong>ille</strong></span> <span class='ocrx_word' id='word_1_150' title='bbox 2524 812 2656 854; x_wconf 76' lang='lat' dir='ltr'><strong>velo</strong></span> <span class='ocrx_word' id='word_1_151' title='bbox 2681 796 2888 853; x_wconf 84' lang='lat' dir='ltr'><strong>bonam</strong></span> <span class='ocrx_word' id='word_1_152' title='bbox 2912 797 3037 867; x_wconf 78' lang='lat' dir='ltr'><strong>eius</strong></span> <span class='ocrx_word' id='word_1_153' title='bbox 3079 808 3326 855; x_wconf 87' lang='lat' dir='ltr'><strong>mentem</strong></span> <span class='ocrx_word' id='word_1_154' title='bbox 3362 801 3655 870; x_wconf 82' lang='lat' dir='ltr'><strong>accipiens</strong></span> 
     </span>
    </p>
   </div>
   <div class='ocr_carea' id='block_1_23' title="bbox 2011 881 3652 960">
    <p class='ocr_par' dir='ltr' id='par_1_23' title="bbox 2011 881 3652 960">
     <span class='ocr_line' id='line_1_23' title="bbox 2011 881 3652 960; baseline 0.003 -19"><span class='ocrx_word' id='word_1_155' title='bbox 2011 889 2070 941; x_wconf 88' lang='lat' dir='ltr'><strong>et</strong></span> <span class='ocrx_word' id='word_1_156' title='bbox 2097 881 2577 955; x_wconf 88' lang='lat' dir='ltr'><strong>laudans,statuit</strong></span> <span class='ocrx_word' id='word_1_157' title='bbox 2598 901 2715 942; x_wconf 91' lang='lat' dir='ltr'><strong>non</strong></span> <span class='ocrx_word' id='word_1_158' title='bbox 2749 883 3190 960; x_wconf 79' lang='lat' dir='ltr'><strong>transmigrare,</strong></span> <span class='ocrx_word' id='word_1_159' title='bbox 3216 883 3320 944; x_wconf 88' lang='lat' dir='ltr'><strong>sed</strong></span> <span class='ocrx_word' id='word_1_160' title='bbox 3346 883 3404 943; x_wconf 91' lang='lat' dir='ltr'><strong>in</strong></span> <span class='ocrx_word' id='word_1_161' title='bbox 3429 903 3498 945; x_wconf 95' lang='lat' dir='ltr'><strong>eo</strong></span> <span class='ocrx_word' id='word_1_162' title='bbox 3520 885 3652 946; x_wconf 91' lang='lat' dir='ltr'><strong>loco</strong></span> 
     </span>
    </p>
   </div>
   <div class='ocr_carea' id='block_1_24' title="bbox 2013 970 3657 1053">
    <p class='ocr_par' dir='ltr' id='par_1_24' title="bbox 2013 970 3657 1053">
     <span class='ocr_line' id='line_1_24' title="bbox 2013 970 3657 1053; baseline 0.004 -23"><span class='ocrx_word' id='word_1_163' title='bbox 2013 987 2418 1049; x_wconf 83' lang='lat' dir='ltr'><strong>perseverare,</strong></span> <span class='ocrx_word' id='word_1_164' title='bbox 2456 970 2517 1032; x_wconf 88' lang='lat' dir='ltr'><strong>in</strong></span> <span class='ocrx_word' id='word_1_165' title='bbox 2565 990 2680 1051; x_wconf 92' lang='lat' dir='ltr'><strong>quo</strong></span> <span class='ocrx_word' id='word_1_166' title='bbox 2713 971 2908 1032; x_wconf 84' lang='lat' dir='ltr'><strong>fuerat</strong></span> <span class='ocrx_word' id='word_1_167' title='bbox 2932 990 2966 1032; x_wconf 88' lang='lat' dir='ltr'><strong>a</strong></span> <span class='ocrx_word' id='word_1_168' title='bbox 2997 972 3233 1034; x_wconf 89' lang='lat' dir='ltr'><strong>Christo</strong></span> <span class='ocrx_word' id='word_1_169' title='bbox 3269 973 3657 1053; x_wconf 84' lang='lat' dir='ltr'><strong>plantatus,et</strong></span> 
     </span>
    </p>
   </div>
   <div class='ocr_carea' id='block_1_25' title="bbox 2013 1060 3653 1137">
    <p class='ocr_par' dir='ltr' id='par_1_25' title="bbox 2013 1060 3653 1137">
     <span class='ocr_line' id='line_1_25' title="bbox 2013 1060 3653 1137; baseline 0.004 -19"><span class='ocrx_word' id='word_1_170' title='bbox 2013 1061 2239 1120; x_wconf 90' lang='lat' dir='ltr'><strong>virtutis</strong></span> <span class='ocrx_word' id='word_1_171' title='bbox 2260 1061 2492 1120; x_wconf 71' lang='lat' dir='ltr'><strong>radices</strong></span> <span class='ocrx_word' id='word_1_172' title='bbox 2514 1061 2574 1121; x_wconf 92' lang='lat' dir='ltr'><strong>in</strong></span> <span class='ocrx_word' id='word_1_173' title='bbox 2600 1079 2670 1121; x_wconf 90' lang='lat' dir='ltr'><strong>eo</strong></span> <span class='ocrx_word' id='word_1_174' title='bbox 2693 1078 2893 1137; x_wconf 89' lang='lat' dir='ltr'><strong>agere,</strong></span> <span class='ocrx_word' id='word_1_175' title='bbox 2927 1071 2980 1124; x_wconf 91' lang='lat' dir='ltr'><strong>et</strong></span> <span class='ocrx_word' id='word_1_176' title='bbox 3005 1060 3263 1122; x_wconf 79' lang='lat' dir='ltr'><strong>fructum</strong></span> <span class='ocrx_word' id='word_1_177' title='bbox 3282 1063 3653 1124; x_wconf 87' lang='lat' dir='ltr'><strong>convenien-</strong></span> 
     </span>
    </p>
   </div>
   <div class='ocr_carea' id='block_1_26' title="bbox 2012 1150 3658 1230">
    <p class='ocr_par' dir='ltr' id='par_1_26' title="bbox 2012 1150 3658 1230">
     <span class='ocr_line' id='line_1_26' title="bbox 2012 1150 3658 1230; baseline 0.004 -20"><span class='ocrx_word' id='word_1_178' title='bbox 2012 1159 2128 1211; x_wconf 90' lang='lat' dir='ltr'><strong>tem</strong></span> <span class='ocrx_word' id='word_1_179' title='bbox 2164 1150 2308 1211; x_wconf 82' lang='lat' dir='ltr'><strong>dare</strong></span> <span class='ocrx_word' id='word_1_180' title='bbox 2338 1168 2447 1211; x_wconf 91' lang='lat' dir='ltr'><strong>suo</strong></span> <span class='ocrx_word' id='word_1_181' title='bbox 2484 1153 2934 1230; x_wconf 68' lang='lat' dir='ltr'><strong>tempore.Cum~</strong></span> <span class='ocrx_word' id='word_1_182' title='bbox 2963 1151 3088 1212; x_wconf 76' lang='lat' dir='ltr'><strong>haec</strong></span> <span class='ocrx_word' id='word_1_183' title='bbox 3119 1161 3176 1214; x_wconf 90' lang='lat' dir='ltr'><strong>et</strong></span> <span class='ocrx_word' id='word_1_184' title='bbox 3235 1152 3352 1213; x_wconf 88' lang='lat' dir='ltr'><strong>alia</strong></span> <span class='ocrx_word' id='word_1_185' title='bbox 3403 1155 3658 1216; x_wconf 84' lang='lat' dir='ltr'><strong>dixisset</strong></span> 
     </span>
    </p>
   </div>
   <div class='ocr_carea' id='block_1_27' title="bbox 2011 1244 3654 1316">
    <p class='ocr_par' dir='ltr' id='par_1_27' title="bbox 2011 1244 3654 1316">
     <span class='ocr_line' id='line_1_27' title="bbox 2011 1244 3654 1316; baseline 0.002 -18"><span class='ocrx_word' id='word_1_186' title='bbox 2011 1244 2314 1314; x_wconf 87' lang='lat' dir='ltr'><strong>ejusmodi.</strong></span> <span class='ocrx_word' id='word_1_187' title='bbox 2347 1255 2400 1302; x_wconf 86' lang='lat' dir='ltr'><strong>et</strong></span> <span class='ocrx_word' id='word_1_188' title='bbox 2425 1245 2821 1302; x_wconf 66' lang='lat' dir='ltr'><strong>benedictione</strong></span> <span class='ocrx_word' id='word_1_189' title='bbox 2849 1260 2969 1301; x_wconf 89' lang='lat' dir='ltr'><strong>eam</strong></span> <span class='ocrx_word' id='word_1_190' title='bbox 3004 1247 3389 1316; x_wconf 87' lang='lat' dir='ltr'><strong>impertiisset,</strong></span> <span class='ocrx_word' id='word_1_191' title='bbox 3425 1251 3654 1305; x_wconf 75' lang='lat' dir='ltr'><strong>emittit.</strong></span> 
     </span>
    </p>
   </div>
   <div class='ocr_carea' id='block_1_28' title="bbox 2012 1328 3656 1405">
    <p class='ocr_par' dir='ltr' id='par_1_28' title="bbox 2012 1328 3656 1405">
     <span class='ocr_line' id='line_1_28' title="bbox 2012 1328 3656 1405; baseline 0.003 -15"><span class='ocrx_word' id='word_1_192' title='bbox 2012 1328 2179 1391; x_wconf 89' lang='lat' dir='ltr'><strong>Tunc</strong></span> <span class='ocrx_word' id='word_1_193' title='bbox 2202 1338 2398 1390; x_wconf 90' lang='lat' dir='ltr'><strong>autem</strong></span> <span class='ocrx_word' id='word_1_194' title='bbox 2424 1331 2631 1392; x_wconf 86' lang='lat' dir='ltr'><strong>transit</strong></span> <span class='ocrx_word' id='word_1_195' title='bbox 2652 1331 2723 1391; x_wconf 89' lang='lat' dir='ltr'><strong>ad</strong></span> <span class='ocrx_word' id='word_1_196' title='bbox 2749 1333 3084 1392; x_wconf 88' lang='lat' dir='ltr'><strong>columnam</strong></span> <span class='ocrx_word' id='word_1_197' title='bbox 3109 1333 3351 1405; x_wconf 86' lang='lat' dir='ltr'><strong>Gelasii,</strong></span> <span class='ocrx_word' id='word_1_198' title='bbox 3391 1341 3450 1394; x_wconf 89' lang='lat' dir='ltr'><strong>et</strong></span> <span class='ocrx_word' id='word_1_199' title='bbox 3477 1335 3656 1396; x_wconf 89' lang='lat' dir='ltr'><strong>simul</strong></span> 
     </span>
    </p>
   </div>
   <div class='ocr_carea' id='block_1_29' title="bbox 2014 1421 3657 1495">
    <p class='ocr_par' dir='ltr' id='par_1_29' title="bbox 2014 1421 3657 1495">
     <span class='ocr_line' id='line_1_29' title="bbox 2014 1421 3657 1495; baseline 0.004 -19"><span class='ocrx_word' id='word_1_200' title='bbox 2014 1433 2141 1478; x_wconf 86' lang='lat' dir='ltr'><strong>cum</strong></span> <span class='ocrx_word' id='word_1_201' title='bbox 2163 1421 2429 1479; x_wconf 77' lang='lat' dir='ltr'><strong>columna</strong></span> <span class='ocrx_word' id='word_1_202' title='bbox 2453 1426 2598 1492; x_wconf 86' lang='lat' dir='ltr'><strong>(erat</strong></span> <span class='ocrx_word' id='word_1_203' title='bbox 2622 1425 2775 1479; x_wconf 90' lang='lat' dir='ltr'><strong>enim</strong></span> <span class='ocrx_word' id='word_1_204' title='bbox 2820 1423 3123 1491; x_wconf 82' lang='lat' dir='ltr'><strong>excelsior)</strong></span> <span class='ocrx_word' id='word_1_205' title='bbox 3145 1427 3193 1479; x_wconf 92' lang='lat' dir='ltr'><strong>ei</strong></span> <span class='ocrx_word' id='word_1_206' title='bbox 3227 1439 3455 1495; x_wconf 87' lang='lat' dir='ltr'><strong>quoque</strong></span> <span class='ocrx_word' id='word_1_207' title='bbox 3491 1435 3657 1482; x_wconf 79' lang='lat' dir='ltr'><strong>aucta</strong></span> 
     </span>
    </p>
   </div>
   <div class='ocr_carea' id='block_1_30' title="bbox 2013 1506 3659 1586">
    <p class='ocr_par' dir='ltr' id='par_1_30' title="bbox 2013 1506 3659 1586">
     <span class='ocr_line' id='line_1_30' title="bbox 2013 1506 3659 1586; baseline 0.002 -19"><span class='ocrx_word' id='word_1_208' title='bbox 2013 1513 2100 1567; x_wconf 91' lang='lat' dir='ltr'><strong>est</strong></span> <span class='ocrx_word' id='word_1_209' title='bbox 2121 1506 2312 1567; x_wconf 90' lang='lat' dir='ltr'><strong>virtus</strong></span> <span class='ocrx_word' id='word_1_210' title='bbox 2333 1527 2350 1582; x_wconf 88' lang='lat'><strong>;</strong></span> <span class='ocrx_word' id='word_1_211' title='bbox 2372 1517 2428 1567; x_wconf 88' lang='lat' dir='ltr'><strong>et</strong></span> <span class='ocrx_word' id='word_1_212' title='bbox 2450 1508 2577 1568; x_wconf 66' lang='lat' dir='ltr'><strong>vita:</strong></span> <span class='ocrx_word' id='word_1_213' title='bbox 2600 1507 2932 1569; x_wconf 91' lang='lat' dir='ltr'><strong>institutum</strong></span> <span class='ocrx_word' id='word_1_214' title='bbox 2973 1525 3287 1586; x_wconf 82' lang='lat' dir='ltr'><strong>aggressus</strong></span> <span class='ocrx_word' id='word_1_215' title='bbox 3338 1517 3426 1570; x_wconf 92' lang='lat' dir='ltr'><strong>est</strong></span> <span class='ocrx_word' id='word_1_216' title='bbox 3456 1511 3659 1571; x_wconf 83' lang='lat' dir='ltr'><strong>excel-</strong></span> 
     </span>
    </p>
   </div>
   <div class='ocr_carea' id='block_1_31' title="bbox 2015 1598 3661 1674">
    <p class='ocr_par' dir='ltr' id='par_1_31' title="bbox 2015 1598 3661 1674">
     <span class='ocr_line' id='line_1_31' title="bbox 2015 1598 3661 1674; baseline 0.004 -20"><span class='ocrx_word' id='word_1_217' title='bbox 2015 1598 2282 1655; x_wconf 74' lang='lat' dir='ltr'><strong>sius.Non</strong></span> <span class='ocrx_word' id='word_1_218' title='bbox 2315 1609 2478 1656; x_wconf 87' lang='lat' dir='ltr'><strong>erant</strong></span> <span class='ocrx_word' id='word_1_219' title='bbox 2507 1610 2696 1656; x_wconf 87' lang='lat' dir='ltr'><strong>autem</strong></span> <span class='ocrx_word' id='word_1_220' title='bbox 2729 1602 2915 1658; x_wconf 78' lang='lat' dir='ltr'><strong>futura</strong></span> <span class='ocrx_word' id='word_1_221' title='bbox 2953 1603 3072 1657; x_wconf 71' lang='lat' dir='ltr'><strong>haec</strong></span> <span class='ocrx_word' id='word_1_222' title='bbox 3101 1601 3450 1672; x_wconf 69' lang='lat' dir='ltr'><strong>tolerabilia,</strong></span> <span class='ocrx_word' id='word_1_223' title='bbox 3477 1617 3661 1674; x_wconf 82' lang='lat' dir='ltr'><strong>neque</strong></span> 
     </span>
    </p>
   </div>
   <div class='ocr_carea' id='block_1_32' title="bbox 271 1680 1941 1767">
    <p class='ocr_par' dir='ltr' id='par_1_32' title="bbox 271 1688 1928 1766">
     <span class='ocr_line' id='line_1_32' title="bbox 271 1688 1928 1766; baseline -0.003 -20"><span class='ocrx_word' id='word_1_224' title='bbox 271 1697 441 1747; x_wconf 86' lang='grc' dir='ltr'><strong>ταῦτα</strong></span> <span class='ocrx_word' id='word_1_225' title='bbox 502 1689 669 1746; x_wconf 75' lang='grc' dir='ltr'><strong>εἶναι,</strong></span> <span class='ocrx_word' id='word_1_226' title='bbox 727 1688 826 1743; x_wconf 79' lang='grc' dir='ltr'><strong>Διά</strong></span> <span class='ocrx_word' id='word_1_227' title='bbox 877 1709 958 1743; x_wconf 85' lang='grc' dir='ltr'><strong>τοι</strong></span> <span class='ocrx_word' id='word_1_228' title='bbox 1012 1693 1178 1744; x_wconf 85' lang='grc' dir='ltr'><strong>ταῦτα</strong></span> <span class='ocrx_word' id='word_1_229' title='bbox 1234 1690 1389 1753; x_wconf 70' lang='grc' dir='ltr'><strong>αὐτὸς</strong></span> <span class='ocrx_word' id='word_1_230' title='bbox 1445 1688 1544 1763; x_wconf 82' lang='grc' dir='ltr'><strong>μὲν</strong></span> <span class='ocrx_word' id='word_1_231' title='bbox 1600 1689 1845 1766; x_wconf 74' lang='grc' dir='ltr'><strong>ὑπῆρχεν</strong></span> <span class='ocrx_word' id='word_1_232' title='bbox 1901 1688 1928 1741; x_wconf 99' lang='lat'><strong>6</strong></span> 
     </span>
    </p>
   </div>
   <div class='ocr_carea' id='block_1_33' title="bbox 2028 1680 3660 1767">
    <p class='ocr_par' dir='ltr' id='par_1_33' title="bbox 2028 1680 3660 1767">
     <span class='ocr_line' id='line_1_33' title="bbox 2028 1680 3660 1767; baseline 0.004 -25"><span class='ocrx_word' id='word_1_233' title='bbox 2028 1680 2276 1762; x_wconf 82' lang='lat' dir='ltr'><strong>liabolo,</strong></span> <span class='ocrx_word' id='word_1_234' title='bbox 2311 1701 2504 1763; x_wconf 88' lang='lat' dir='ltr'><strong>neque</strong></span> <span class='ocrx_word' id='word_1_235' title='bbox 2536 1683 2696 1745; x_wconf 88' lang='lat' dir='ltr'><strong>illius</strong></span> <span class='ocrx_word' id='word_1_236' title='bbox 2727 1685 2992 1746; x_wconf 79' lang='lat' dir='ltr'><strong>asseclis.</strong></span> <span class='ocrx_word' id='word_1_237' title='bbox 3015 1689 3332 1766; x_wconf 84' lang='lat' dir='ltr'><strong>Propterea</strong></span> <span class='ocrx_word' id='word_1_238' title='bbox 3363 1686 3491 1766; x_wconf 89' lang='lat' dir='ltr'><strong>ipse</strong></span> <span class='ocrx_word' id='word_1_239' title='bbox 3521 1687 3660 1767; x_wconf 88' lang='lat' dir='ltr'><strong>qui-</strong></span> 
     </span>
    </p>
   </div>
   <div class='ocr_carea' id='block_1_34' title="bbox 269 1765 1941 1857">
    <p class='ocr_par' dir='ltr' id='par_1_34' title="bbox 269 1765 1927 1856">
     <span class='ocr_line' id='line_1_34' title="bbox 269 1765 1927 1856; baseline -0.005 -19"><span class='ocrx_word' id='word_1_240' title='bbox 269 1779 500 1855; x_wconf 77' lang='grc' dir='ltr'><strong>κάμινον</strong></span> <span class='ocrx_word' id='word_1_241' title='bbox 547 1779 691 1852; x_wconf 75' lang='grc' dir='ltr'><strong>αὖτῷ</strong></span> <span class='ocrx_word' id='word_1_242' title='bbox 734 1776 893 1834; x_wconf 78' lang='grc' dir='ltr'><strong>πάλιν</strong></span> <span class='ocrx_word' id='word_1_243' title='bbox 950 1781 1058 1838; x_wconf 78' lang='grc' dir='ltr'><strong>τῶν</strong></span> <span class='ocrx_word' id='word_1_244' title='bbox 1110 1783 1425 1856; x_wconf 82' lang='grc' dir='ltr'><strong>πειρασμῶν</strong></span> <span class='ocrx_word' id='word_1_245' title='bbox 1475 1776 1750 1850; x_wconf 83' lang='grc' dir='ltr'><strong>ἀνάπτων,</strong></span> <span class='ocrx_word' id='word_1_246' title='bbox 1777 1765 1927 1830; x_wconf 16' lang='grc' dir='ltr'><strong>ίέκέ-</strong></span> 
     </span>
    </p>
   </div>
   <div class='ocr_carea' id='block_1_35' title="bbox 2028 1765 3659 1857">
    <p class='ocr_par' dir='ltr' id='par_1_35' title="bbox 2028 1765 3659 1857">
     <span class='ocr_line' id='line_1_35' title="bbox 2028 1765 3659 1857; baseline 0.004 -25"><span class='ocrx_word' id='word_1_247' title='bbox 2028 1771 2149 1832; x_wconf 80' lang='lat' dir='ltr'><strong>lem</strong></span> <span class='ocrx_word' id='word_1_248' title='bbox 2185 1775 2236 1833; x_wconf 90' lang='lat' dir='ltr'><strong>ei</strong></span> <span class='ocrx_word' id='word_1_249' title='bbox 2296 1790 2507 1835; x_wconf 83' lang='lat' dir='ltr'><strong>rursus</strong></span> <span class='ocrx_word' id='word_1_250' title='bbox 2564 1774 2838 1834; x_wconf 85' lang='lat' dir='ltr'><strong>accendit</strong></span> <span class='ocrx_word' id='word_1_251' title='bbox 2885 1765 3184 1836; x_wconf 82' lang='lat' dir='ltr'><strong>fornacem</strong></span> <span class='ocrx_word' id='word_1_252' title='bbox 3221 1765 3659 1857; x_wconf 78' lang='lat' dir='ltr'><strong>tentationum;</strong></span> 
     </span>
    </p>
   </div>
   <div class='ocr_carea' id='block_1_36' title="bbox 273 1865 1931 1951">
    <p class='ocr_par' dir='ltr' id='par_1_36' title="bbox 273 1865 1931 1951">
     <span class='ocr_line' id='line_1_36' title="bbox 273 1865 1931 1951; baseline -0.012 -14"><span class='ocrx_word' id='word_1_253' title='bbox 273 1889 454 1951; x_wconf 79' lang='grc' dir='ltr'><strong>χρητο</strong></span> <span class='ocrx_word' id='word_1_254' title='bbox 495 1865 551 1923; x_wconf 65' lang='grc' dir='ltr'><strong>δὲ</strong></span> <span class='ocrx_word' id='word_1_255' title='bbox 608 1879 728 1932; x_wconf 78' lang='grc' dir='ltr'><strong>τοῖς</strong></span> <span class='ocrx_word' id='word_1_256' title='bbox 783 1865 838 1922; x_wconf 69' lang='grc' dir='ltr'><strong>ἐν</strong></span> <span class='ocrx_word' id='word_1_257' title='bbox 913 1867 1175 1940; x_wconf 79' lang='grc' dir='ltr'><strong>Βυζαντίῳ</strong></span> <span class='ocrx_word' id='word_1_258' title='bbox 1249 1873 1354 1922; x_wconf 84' lang='grc' dir='ltr'><strong>τῶν</strong></span> <span class='ocrx_word' id='word_1_259' title='bbox 1417 1867 1696 1944; x_wconf 81' lang='grc' dir='ltr'><strong>αἱρετικῶν</strong></span> <span class='ocrx_word' id='word_1_260' title='bbox 1747 1866 1931 1922; x_wconf 75' lang='grc' dir='ltr'><strong>παισὶν</strong></span> 
     </span>
    </p>
   </div>
   <div class='ocr_carea' id='block_1_37' title="bbox 273 1955 1927 2038">
    <p class='ocr_par' dir='ltr' id='par_1_37' title="bbox 273 1955 1927 2038">
     <span class='ocr_line' id='line_1_37' title="bbox 273 1955 1927 2038; baseline -0.004 -23"><span class='ocrx_word' id='word_1_261' title='bbox 273 1957 588 2038; x_wconf 75' lang='grc' dir='ltr'><strong>ὑπηρέταις.</strong></span> <span class='ocrx_word' id='word_1_262' title='bbox 623 1955 779 2015; x_wconf 86' lang='grc' dir='ltr'><strong>Οὗτοι</strong></span> <span class='ocrx_word' id='word_1_263' title='bbox 831 1957 1045 2034; x_wconf 84' lang='grc' dir='ltr'><strong>γύναιόν</strong></span> <span class='ocrx_word' id='word_1_264' title='bbox 1090 1977 1140 2012; x_wconf 89' lang='grc' dir='ltr'><strong>τι</strong></span> <span class='ocrx_word' id='word_1_265' title='bbox 1199 1963 1304 2013; x_wconf 85' lang='grc' dir='ltr'><strong>τῶν</strong></span> <span class='ocrx_word' id='word_1_266' title='bbox 1362 1955 1772 2032; x_wconf 80' lang='grc' dir='ltr'><strong>ἑταιριζομένων</strong></span> <span class='ocrx_word' id='word_1_267' title='bbox 1816 1975 1927 2010; x_wconf 89' lang='grc' dir='ltr'><strong>πα-</strong></span> 
     </span>
    </p>
   </div>
   <div class='ocr_carea' id='block_1_38' title="bbox 276 2041 1930 2128">
    <p class='ocr_par' dir='ltr' id='par_1_38' title="bbox 276 2041 1930 2128">
     <span class='ocr_line' id='line_1_38' title="bbox 276 2041 1930 2128; baseline -0.002 -24"><span class='ocrx_word' id='word_1_268' title='bbox 276 2044 599 2128; x_wconf 75' lang='grc' dir='ltr'><strong>ραλαϐόντες</strong></span> <span class='ocrx_word' id='word_1_269' title='bbox 643 2049 680 2123; x_wconf 76' lang='grc' dir='ltr'>ᾗ</span> <span class='ocrx_word' id='word_1_270' title='bbox 722 2047 784 2102; x_wconf 84' lang='grc' dir='ltr'><strong>τὸ</strong></span> <span class='ocrx_word' id='word_1_271' title='bbox 827 2045 924 2122; x_wconf 77' lang='grc' dir='ltr'><strong>μὲν</strong></span> <span class='ocrx_word' id='word_1_272' title='bbox 983 2045 1138 2124; x_wconf 78' lang='grc' dir='ltr'><strong>γένος</strong></span> <span class='ocrx_word' id='word_1_273' title='bbox 1191 2045 1372 2126; x_wconf 85' lang='grc' dir='ltr'><strong>Ἀσία,</strong></span> <span class='ocrx_word' id='word_1_274' title='bbox 1440 2043 1713 2102; x_wconf 84' lang='grc' dir='ltr'><strong>πλεύσασα</strong></span> <span class='ocrx_word' id='word_1_275' title='bbox 1758 2041 1812 2099; x_wconf 78' lang='grc' dir='ltr'><strong>δὲ</strong></span> <span class='ocrx_word' id='word_1_276' title='bbox 1855 2045 1930 2107; x_wconf 75' lang='grc' dir='ltr'><strong>εἷς</strong></span> 
     </span>
    </p>
   </div>
   <div class='ocr_carea' id='block_1_39' title="bbox 281 2134 1930 2216">
    <p class='ocr_par' dir='ltr' id='par_1_39' title="bbox 281 2134 1930 2216">
     <span class='ocr_line' id='line_1_39' title="bbox 281 2134 1930 2216; baseline -0.004 -22"><span class='ocrx_word' id='word_1_277' title='bbox 281 2138 609 2211; x_wconf 70' lang='grc' dir='ltr'><strong>Βσζάντιον,</strong></span> <span class='ocrx_word' id='word_1_278' title='bbox 665 2137 926 2216; x_wconf 80' lang='grc' dir='ltr'><strong>φορισμὸν</strong></span> <span class='ocrx_word' id='word_1_279' title='bbox 1004 2136 1167 2212; x_wconf 75' lang='grc' dir='ltr'><strong>ἑαυτῇ</strong></span> <span class='ocrx_word' id='word_1_280' title='bbox 1229 2140 1372 2216; x_wconf 65' lang='lat' dir='ltr'><strong>ipsi&quot;)!</strong></span> <span class='ocrx_word' id='word_1_281' title='bbox 1428 2135 1534 2191; x_wconf 78' lang='grc' dir='ltr'><strong>ἀπὸ</strong></span> <span class='ocrx_word' id='word_1_282' title='bbox 1592 2136 1685 2190; x_wconf 85' lang='grc' dir='ltr'><strong>τοῦ</strong></span> <span class='ocrx_word' id='word_1_283' title='bbox 1739 2134 1930 2191; x_wconf 80' lang='grc' dir='ltr'><strong>οἰκείου</strong></span> 
     </span>
    </p>
   </div>
   <div class='ocr_carea' id='block_1_40' title="bbox 279 2221 1926 2304">
    <p class='ocr_par' dir='ltr' id='par_1_40' title="bbox 279 2221 1926 2304">
     <span class='ocr_line' id='line_1_40' title="bbox 279 2221 1926 2304; baseline -0.005 -18"><span class='ocrx_word' id='word_1_284' title='bbox 279 2229 532 2303; x_wconf 84' lang='grc' dir='ltr'><strong>σώματος</strong></span> <span class='ocrx_word' id='word_1_285' title='bbox 562 2226 796 2304; x_wconf 85' lang='grc' dir='ltr'><strong>πονηρόν</strong></span> <span class='ocrx_word' id='word_1_286' title='bbox 839 2225 1104 2285; x_wconf 70' lang='grc' dir='ltr'><strong>ἐποιεῖτο.</strong></span> <span class='ocrx_word' id='word_1_287' title='bbox 1168 2226 1376 2294; x_wconf 82' lang='grc' dir='ltr'><strong>Ταύτην</strong></span> <span class='ocrx_word' id='word_1_288' title='bbox 1434 2224 1614 2302; x_wconf 82' lang='grc' dir='ltr'><strong>λόγοις</strong></span> <span class='ocrx_word' id='word_1_289' title='bbox 1649 2221 1926 2292; x_wconf 71' lang='grc' dir='ltr'><strong>ἐξαπατά-</strong></span> 
     </span>
    </p>
   </div>
   <div class='ocr_carea' id='block_1_41' title="bbox 278 2315 1929 2395">
    <p class='ocr_par' dir='ltr' id='par_1_41' title="bbox 278 2315 1929 2395">
     <span class='ocr_line' id='line_1_41' title="bbox 278 2315 1929 2395; baseline -0.004 -21"><span class='ocrx_word' id='word_1_290' title='bbox 278 2338 467 2380; x_wconf 88' lang='grc' dir='ltr'><strong>σαντες</strong></span> <span class='ocrx_word' id='word_1_291' title='bbox 526 2317 615 2373; x_wconf 79' lang='grc' dir='ltr'><strong>καὶ</strong></span> <span class='ocrx_word' id='word_1_292' title='bbox 657 2315 836 2394; x_wconf 81' lang='grc' dir='ltr'><strong>ὅρκοις</strong></span> <span class='ocrx_word' id='word_1_293' title='bbox 884 2317 1158 2378; x_wconf 83' lang='grc' dir='ltr'><strong>πείσαντες</strong></span> <span class='ocrx_word' id='word_1_294' title='bbox 1191 2319 1278 2372; x_wconf 82' lang='grc' dir='ltr'><strong>καὶ</strong></span> <span class='ocrx_word' id='word_1_295' title='bbox 1330 2319 1632 2395; x_wconf 65' lang='grc' dir='ltr'><strong>χρημάτων</strong></span> <span class='ocrx_word' id='word_1_296' title='bbox 1687 2317 1929 2390; x_wconf 75' lang='grc' dir='ltr'><strong>ἒπαγγε-</strong></span> 
     </span>
    </p>
   </div>
   <div class='ocr_carea' id='block_1_42' title="bbox 283 2403 1928 2483">
    <p class='ocr_par' dir='ltr' id='par_1_42' title="bbox 283 2403 1928 2483">
     <span class='ocr_line' id='line_1_42' title="bbox 283 2403 1928 2483; baseline -0.003 -21"><span class='ocrx_word' id='word_1_297' title='bbox 283 2406 374 2479; x_wconf 74' lang='grc' dir='ltr'><strong>λία</strong></span> <span class='ocrx_word' id='word_1_298' title='bbox 419 2406 548 2474; x_wconf 80' lang='grc' dir='ltr'><strong>ὃλην</strong></span> <span class='ocrx_word' id='word_1_299' title='bbox 600 2407 731 2483; x_wconf 86' lang='grc' dir='ltr'><strong>πρὸς</strong></span> <span class='ocrx_word' id='word_1_300' title='bbox 774 2403 905 2483; x_wconf 76' lang='grc' dir='ltr'><strong>ὅπερ</strong></span> <span class='ocrx_word' id='word_1_301' title='bbox 946 2403 1238 2472; x_wconf 75' lang='grc' dir='ltr'><strong>ἠϐούλοντο</strong></span> <span class='ocrx_word' id='word_1_302' title='bbox 1289 2406 1756 2482; x_wconf 77' lang='grc' dir='ltr'><strong>παρορμήσαντες,</strong></span> <span class='ocrx_word' id='word_1_303' title='bbox 1818 2423 1928 2458; x_wconf 84' lang='grc' dir='ltr'><strong>πα-</strong></span> 
     </span>
    </p>
   </div>
   <div class='ocr_carea' id='block_1_43' title="bbox 2014 1863 3665 1946">
    <p class='ocr_par' dir='ltr' id='par_1_43' title="bbox 2014 1863 3665 1946">
     <span class='ocr_line' id='line_1_43' title="bbox 2014 1863 3665 1946; baseline 0.004 -24"><span class='ocrx_word' id='word_1_304' title='bbox 2014 1879 2154 1922; x_wconf 91' lang='lat' dir='ltr'><strong>usus</strong></span> <span class='ocrx_word' id='word_1_305' title='bbox 2177 1872 2266 1923; x_wconf 91' lang='lat' dir='ltr'><strong>est</strong></span> <span class='ocrx_word' id='word_1_306' title='bbox 2290 1878 2432 1923; x_wconf 89' lang='lat' dir='ltr'><strong>vero</strong></span> <span class='ocrx_word' id='word_1_307' title='bbox 2458 1863 2744 1924; x_wconf 85' lang='lat' dir='ltr'><strong>ministris</strong></span> <span class='ocrx_word' id='word_1_308' title='bbox 2766 1863 3083 1942; x_wconf 71' lang='lat' dir='ltr'><strong>haereticis,</strong></span> <span class='ocrx_word' id='word_1_309' title='bbox 3113 1866 3215 1944; x_wconf 86' lang='lat' dir='ltr'><strong>qui</strong></span> <span class='ocrx_word' id='word_1_310' title='bbox 3244 1874 3417 1926; x_wconf 85' lang='lat' dir='ltr'><strong>erant</strong></span> <span class='ocrx_word' id='word_1_311' title='bbox 3438 1870 3665 1946; x_wconf 74' lang='lat' dir='ltr'><strong>Byzan-</strong></span> 
     </span>
    </p>
   </div>
   <div class='ocr_carea' id='block_1_44' title="bbox 2015 1949 3667 2032">
    <p class='ocr_par' dir='ltr' id='par_1_44' title="bbox 2015 1949 3667 2032">
     <span class='ocr_line' id='line_1_44' title="bbox 2015 1949 3667 2032; baseline 0.005 -21"><span class='ocrx_word' id='word_1_312' title='bbox 2015 1952 2103 2011; x_wconf 91' lang='lat' dir='ltr'><strong>tii.</strong></span> <span class='ocrx_word' id='word_1_313' title='bbox 2137 1949 2236 2012; x_wconf 85' lang='lat' dir='ltr'><strong>Isti</strong></span> <span class='ocrx_word' id='word_1_314' title='bbox 2271 1970 2406 2013; x_wconf 92' lang='lat' dir='ltr'><strong>cum</strong></span> <span class='ocrx_word' id='word_1_315' title='bbox 2439 1953 2756 2031; x_wconf 88' lang='lat' dir='ltr'><strong>quamdam</strong></span> <span class='ocrx_word' id='word_1_316' title='bbox 2791 1954 3192 2032; x_wconf 85' lang='lat' dir='ltr'><strong>sumpsissent</strong></span> <span class='ocrx_word' id='word_1_317' title='bbox 3247 1955 3558 2018; x_wconf 87' lang='lat' dir='ltr'><strong>mulierem</strong></span> <span class='ocrx_word' id='word_1_318' title='bbox 3594 1975 3667 2019; x_wconf 80' lang='lat' dir='ltr'><strong>ex</strong></span> 
     </span>
    </p>
   </div>
   <div class='ocr_carea' id='block_1_45' title="bbox 2017 2040 3668 2126">
    <p class='ocr_par' dir='ltr' id='par_1_45' title="bbox 2017 2040 3668 2126">
     <span class='ocr_line' id='line_1_45' title="bbox 2017 2040 3668 2126; baseline 0.004 -25"><span class='ocrx_word' id='word_1_319' title='bbox 2017 2040 2610 2122; x_wconf 71' lang='lat' dir='ltr'><strong>meretricibus,quze</strong></span> <span class='ocrx_word' id='word_1_320' title='bbox 2641 2051 2772 2104; x_wconf 87' lang='lat' dir='ltr'><strong>erat</strong></span> <span class='ocrx_word' id='word_1_321' title='bbox 2801 2043 3046 2122; x_wconf 82' lang='lat' dir='ltr'><strong>quidem</strong></span> <span class='ocrx_word' id='word_1_322' title='bbox 3079 2061 3300 2121; x_wconf 83' lang='lat' dir='ltr'><strong>genere</strong></span> <span class='ocrx_word' id='word_1_323' title='bbox 3332 2045 3577 2126; x_wconf 83' lang='lat' dir='ltr'><strong>Asiana,</strong></span> <span class='ocrx_word' id='word_1_324' title='bbox 3610 2046 3668 2108; x_wconf 90' lang='lat' dir='ltr'><strong>ei</strong></span> 
     </span>
    </p>
   </div>
   <div class='ocr_carea' id='block_1_46' title="bbox 2014 2133 3666 2212">
    <p class='ocr_par' dir='ltr' id='par_1_46' title="bbox 2014 2133 3666 2212">
     <span class='ocr_line' id='line_1_46' title="bbox 2014 2133 3666 2212; baseline 0.002 -20"><span class='ocrx_word' id='word_1_325' title='bbox 2014 2141 2209 2192; x_wconf 87' lang='lat' dir='ltr'><strong>autem</strong></span> <span class='ocrx_word' id='word_1_326' title='bbox 2237 2139 2363 2192; x_wconf 89' lang='lat' dir='ltr'><strong>erat</strong></span> <span class='ocrx_word' id='word_1_327' title='bbox 2397 2150 2615 2192; x_wconf 89' lang='lat' dir='ltr'><strong>nomen</strong></span> <span class='ocrx_word' id='word_1_328' title='bbox 2649 2133 2932 2194; x_wconf 87' lang='lat' dir='ltr'><strong>Bassiana</strong></span> <span class='ocrx_word' id='word_1_329' title='bbox 2961 2155 2976 2208; x_wconf 85' lang='lat'><strong>;</strong></span> <span class='ocrx_word' id='word_1_330' title='bbox 3004 2152 3138 2194; x_wconf 92' lang='lat' dir='ltr'><strong>cum</strong></span> <span class='ocrx_word' id='word_1_331' title='bbox 3165 2134 3490 2212; x_wconf 81' lang='lat' dir='ltr'><strong>navigasset</strong></span> <span class='ocrx_word' id='word_1_332' title='bbox 3520 2151 3666 2198; x_wconf 85' lang='lat' dir='ltr'><strong>vero</strong></span> 
     </span>
    </p>
   </div>
   <div class='ocr_carea' id='block_1_47' title="bbox 2014 2218 3659 2304">
    <p class='ocr_par' dir='ltr' id='par_1_47' title="bbox 2014 2218 3659 2304">
     <span class='ocr_line' id='line_1_47' title="bbox 2014 2218 3659 2304; baseline 0.003 -23"><span class='ocrx_word' id='word_1_333' title='bbox 2014 2218 2382 2301; x_wconf 81' lang='lat' dir='ltr'><strong>Byzantium,</strong></span> <span class='ocrx_word' id='word_1_334' title='bbox 2416 2220 2782 2301; x_wconf 88' lang='lat' dir='ltr'><strong>improbum,</strong></span> <span class='ocrx_word' id='word_1_335' title='bbox 2817 2223 2966 2302; x_wconf 88' lang='lat' dir='ltr'><strong>proh</strong></span> <span class='ocrx_word' id='word_1_336' title='bbox 3000 2221 3172 2283; x_wconf 88' lang='lat' dir='ltr'><strong>dolor</strong></span> <span class='ocrx_word' id='word_1_337' title='bbox 3202 2222 3214 2284; x_wconf 90' lang='lat'><strong>!</strong></span> <span class='ocrx_word' id='word_1_338' title='bbox 3251 2231 3537 2304; x_wconf 74' lang='lat' dir='ltr'><strong>quaestum</strong></span> <span class='ocrx_word' id='word_1_339' title='bbox 3568 2228 3659 2286; x_wconf 80' lang='lat' dir='ltr'><strong>fa-</strong></span> 
     </span>
    </p>
   </div>
   <div class='ocr_carea' id='block_1_48' title="bbox 2012 2309 3644 2392">
    <p class='ocr_par' dir='ltr' id='par_1_48' title="bbox 2012 2309 3644 2392">
     <span class='ocr_line' id='line_1_48' title="bbox 2012 2309 3644 2392; baseline 0.001 -20"><span class='ocrx_word' id='word_1_340' title='bbox 2012 2309 2208 2372; x_wconf 79' lang='lat' dir='ltr'><strong>ciebat</strong></span> <span class='ocrx_word' id='word_1_341' title='bbox 2229 2328 2336 2372; x_wconf 91' lang='lat' dir='ltr'><strong>suo</strong></span> <span class='ocrx_word' id='word_1_342' title='bbox 2359 2309 2786 2389; x_wconf 84' lang='lat' dir='ltr'><strong>corpore.Eam</strong></span> <span class='ocrx_word' id='word_1_343' title='bbox 2813 2329 2947 2372; x_wconf 89' lang='lat' dir='ltr'><strong>cum</strong></span> <span class='ocrx_word' id='word_1_344' title='bbox 2978 2311 3174 2372; x_wconf 84' lang='lat' dir='ltr'><strong>verbis</strong></span> <span class='ocrx_word' id='word_1_345' title='bbox 3197 2312 3644 2392; x_wconf 84' lang='lat' dir='ltr'><strong>decepissent,e</strong></span> 
     </span>
    </p>
   </div>
   <div class='ocr_carea' id='block_1_49' title="bbox 2014 2399 3661 2481">
    <p class='ocr_par' dir='ltr' id='par_1_49' title="bbox 2014 2399 3661 2481">
     <span class='ocr_line' id='line_1_49' title="bbox 2014 2399 3661 2481; baseline 0.001 -21"><span class='ocrx_word' id='word_1_346' title='bbox 2014 2399 2310 2480; x_wconf 81' lang='lat' dir='ltr'><strong>promissa</strong></span> <span class='ocrx_word' id='word_1_347' title='bbox 2341 2401 2809 2479; x_wconf 86' lang='lat' dir='ltr'><strong>pecunia,totam</strong></span> <span class='ocrx_word' id='word_1_348' title='bbox 2835 2399 2906 2480; x_wconf 89' lang='lat' dir='ltr'><strong>ad</strong></span> <span class='ocrx_word' id='word_1_349' title='bbox 2931 2400 2989 2461; x_wconf 89' lang='lat' dir='ltr'><strong>id</strong></span> <span class='ocrx_word' id='word_1_350' title='bbox 3017 2401 3172 2481; x_wconf 86' lang='lat' dir='ltr'><strong>quod</strong></span> <span class='ocrx_word' id='word_1_351' title='bbox 3201 2401 3661 2481; x_wconf 80' lang='lat' dir='ltr'><strong>volebant,inci-</strong></span> 
     </span>
    </p>
   </div>
   <div class='ocr_carea' id='block_1_50' title="bbox 287 2489 1941 2575">
    <p class='ocr_par' dir='ltr' id='par_1_50' title="bbox 287 2491 1925 2575">
     <span class='ocr_line' id='line_1_50' title="bbox 287 2491 1925 2575; baseline -0.004 -23"><span class='ocrx_word' id='word_1_352' title='bbox 287 2497 658 2575; x_wconf 78' lang='grc' dir='ltr'><strong>ρασκευάζουσι</strong></span> <span class='ocrx_word' id='word_1_353' title='bbox 717 2497 849 2573; x_wconf 85' lang='grc' dir='ltr'><strong>πρὸς</strong></span> <span class='ocrx_word' id='word_1_354' title='bbox 904 2496 996 2551; x_wconf 81' lang='grc' dir='ltr'><strong>τὸν</strong></span> <span class='ocrx_word' id='word_1_355' title='bbox 1053 2495 1202 2572; x_wconf 65' lang='grc' dir='ltr'><strong>ἅγιον</strong></span> <span class='ocrx_word' id='word_1_356' title='bbox 1251 2493 1526 2573; x_wconf 79' lang='grc' dir='ltr'><strong>ἀπελθεῖν,</strong></span> <span class='ocrx_word' id='word_1_357' title='bbox 1558 2495 1646 2550; x_wconf 87' lang='grc' dir='ltr'><strong>καὶ</strong></span> <span class='ocrx_word' id='word_1_358' title='bbox 1675 2493 1711 2561; x_wconf 74' lang='grc' dir='ltr'><strong>ἢ</strong></span> <span class='ocrx_word' id='word_1_359' title='bbox 1740 2491 1925 2564; x_wconf 72' lang='grc' dir='ltr'><strong>ἐκείνῳ</strong></span> 
     </span>
    </p>
   </div>
   <div class='ocr_carea' id='block_1_51' title="bbox 2028 2489 3652 2575">
    <p class='ocr_par' dir='ltr' id='par_1_51' title="bbox 2029 2489 3652 2570">
     <span class='ocr_line' id='line_1_51' title="bbox 2029 2489 3652 2570; baseline 0.001 -19"><span class='ocrx_word' id='word_1_360' title='bbox 2029 2499 2253 2563; x_wconf 78' lang='lat' dir='ltr'><strong>essent,</strong></span> <span class='ocrx_word' id='word_1_361' title='bbox 2291 2489 2555 2551; x_wconf 73' lang='lat' dir='ltr'><strong>efﬁciunt</strong></span> <span class='ocrx_word' id='word_1_362' title='bbox 2585 2497 2644 2550; x_wconf 87' lang='lat' dir='ltr'><strong>ut</strong></span> <span class='ocrx_word' id='word_1_363' title='bbox 2674 2489 2845 2551; x_wconf 84' lang='lat' dir='ltr'><strong>vadat</strong></span> <span class='ocrx_word' id='word_1_364' title='bbox 2873 2491 2946 2552; x_wconf 89' lang='lat' dir='ltr'><strong>ad</strong></span> <span class='ocrx_word' id='word_1_365' title='bbox 3007 2499 3305 2570; x_wconf 88' lang='lat' dir='ltr'><strong>sanctum,</strong></span> <span class='ocrx_word' id='word_1_366' title='bbox 3357 2500 3414 2552; x_wconf 92' lang='lat' dir='ltr'><strong>et</strong></span> <span class='ocrx_word' id='word_1_367' title='bbox 3445 2493 3534 2554; x_wconf 86' lang='lat' dir='ltr'><strong>vel</strong></span> <span class='ocrx_word' id='word_1_368' title='bbox 3575 2493 3652 2553; x_wconf 88' lang='lat' dir='ltr'><strong>il-</strong></span> 
     </span>
    </p>
   </div>
   <div class='ocr_carea' id='block_1_52' title="bbox 284 2579 1941 2662">
    <p class='ocr_par' dir='ltr' id='par_1_52' title="bbox 284 2583 1924 2662">
     <span class='ocr_line' id='line_1_52' title="bbox 284 2583 1924 2662; baseline -0.002 -21"><span class='ocrx_word' id='word_1_369' title='bbox 284 2586 320 2655; x_wconf 71' lang='grc' dir='ltr'><strong>ἢ</strong></span> <span class='ocrx_word' id='word_1_370' title='bbox 378 2585 456 2641; x_wconf 83' lang='grc' dir='ltr'><strong>ἐνί</strong></span> <span class='ocrx_word' id='word_1_371' title='bbox 499 2607 559 2662; x_wconf 86' lang='grc' dir='ltr'><strong>γε</strong></span> <span class='ocrx_word' id='word_1_372' title='bbox 597 2591 706 2641; x_wconf 83' lang='grc' dir='ltr'><strong>τῶν</strong></span> <span class='ocrx_word' id='word_1_373' title='bbox 763 2584 922 2640; x_wconf 74' lang='grc' dir='ltr'><strong>αὑτοῦ</strong></span> <span class='ocrx_word' id='word_1_374' title='bbox 977 2589 1230 2659; x_wconf 85' lang='grc' dir='ltr'><strong>μαθητῶν</strong></span> <span class='ocrx_word' id='word_1_375' title='bbox 1285 2583 1455 2660; x_wconf 78' lang='grc' dir='ltr'><strong>ἔρωτα</strong></span> <span class='ocrx_word' id='word_1_376' title='bbox 1511 2584 1784 2660; x_wconf 80' lang='grc' dir='ltr'><strong>ἑνσπεῖραι</strong></span> <span class='ocrx_word' id='word_1_377' title='bbox 1837 2585 1924 2638; x_wconf 87' lang='grc' dir='ltr'><strong>καὶ</strong></span> 
     </span>
    </p>
   </div>
   <div class='ocr_carea' id='block_1_53' title="bbox 2028 2579 3667 2662">
    <p class='ocr_par' dir='ltr' id='par_1_53' title="bbox 2031 2580 3667 2660">
     <span class='ocr_line' id='line_1_53' title="bbox 2031 2580 3667 2660; baseline 0.002 -20"><span class='ocrx_word' id='word_1_378' title='bbox 2031 2598 2153 2653; x_wconf 87' lang='lat' dir='ltr'><strong>um,</strong></span> <span class='ocrx_word' id='word_1_379' title='bbox 2189 2581 2278 2640; x_wconf 92' lang='lat' dir='ltr'><strong>vel</strong></span> <span class='ocrx_word' id='word_1_380' title='bbox 2311 2598 2499 2640; x_wconf 91' lang='lat' dir='ltr'><strong>unum</strong></span> <span class='ocrx_word' id='word_1_381' title='bbox 2531 2599 2600 2641; x_wconf 80' lang='lat' dir='ltr'><strong>ex</strong></span> <span class='ocrx_word' id='word_1_382' title='bbox 2639 2580 2764 2640; x_wconf 90' lang='lat' dir='ltr'><strong>suis</strong></span> <span class='ocrx_word' id='word_1_383' title='bbox 2791 2580 3126 2660; x_wconf 86' lang='lat' dir='ltr'><strong>discipulis,</strong></span> <span class='ocrx_word' id='word_1_384' title='bbox 3162 2581 3235 2641; x_wconf 87' lang='lat' dir='ltr'><strong>ad</strong></span> <span class='ocrx_word' id='word_1_385' title='bbox 3287 2599 3553 2643; x_wconf 89' lang='lat' dir='ltr'><strong>amorem</strong></span> <span class='ocrx_word' id='word_1_386' title='bbox 3595 2582 3667 2644; x_wconf 87' lang='lat' dir='ltr'><strong>il-</strong></span> 
     </span>
    </p>
   </div>
   <div class='ocr_carea' id='block_1_54' title="bbox 281 2667 1941 2754">
    <p class='ocr_par' dir='ltr' id='par_1_54' title="bbox 281 2671 1926 2754">
     <span class='ocr_line' id='line_1_54' title="bbox 281 2671 1926 2754; baseline -0.004 -22"><span class='ocrx_word' id='word_1_387' title='bbox 281 2675 418 2754; x_wconf 83' lang='grc' dir='ltr'><strong>πρός</strong></span> <span class='ocrx_word' id='word_1_388' title='bbox 470 2675 750 2748; x_wconf 60' lang='grc' dir='ltr'><strong>επιθδμίαν</strong></span> <span class='ocrx_word' id='word_1_389' title='bbox 819 2673 1017 2730; x_wconf 77' lang='grc' dir='ltr'><strong>ἄτοπον</strong></span> <span class='ocrx_word' id='word_1_390' title='bbox 1074 2673 1478 2731; x_wconf 62' lang='grc' dir='ltr'><strong>ἐκκαλέσασθαι.</strong></span> <span class='ocrx_word' id='word_1_391' title='bbox 1543 2671 1751 2730; x_wconf 72' lang='grc' dir='ltr'><strong>’Ἂνεισι</strong></span> <span class='ocrx_word' id='word_1_392' title='bbox 1811 2694 1926 2729; x_wconf 88' lang='grc' dir='ltr'><strong>τοι-</strong></span> 
     </span>
    </p>
   </div>
   <div class='ocr_carea' id='block_1_55' title="bbox 2028 2667 3658 2754">
    <p class='ocr_par' dir='ltr' id='par_1_55' title="bbox 2034 2667 3658 2749">
     <span class='ocr_line' id='line_1_55' title="bbox 2034 2667 3658 2749; baseline 0.003 -21"><span class='ocrx_word' id='word_1_393' title='bbox 2034 2667 2189 2736; x_wconf 89' lang='lat' dir='ltr'><strong>iciat.</strong></span> <span class='ocrx_word' id='word_1_394' title='bbox 2225 2679 2284 2730; x_wconf 91' lang='lat' dir='ltr'><strong>et</strong></span> <span class='ocrx_word' id='word_1_395' title='bbox 2313 2670 2384 2730; x_wconf 83' lang='lat' dir='ltr'><strong>ad</strong></span> <span class='ocrx_word' id='word_1_396' title='bbox 2419 2669 2632 2730; x_wconf 71' lang='lat' dir='ltr'><strong>fmdam</strong></span> <span class='ocrx_word' id='word_1_397' title='bbox 2683 2678 2958 2749; x_wconf 87' lang='lat' dir='ltr'><strong>provocet</strong></span> <span class='ocrx_word' id='word_1_398' title='bbox 3007 2670 3346 2732; x_wconf 87' lang='lat' dir='ltr'><strong>libidinem.</strong></span> <span class='ocrx_word' id='word_1_399' title='bbox 3383 2673 3658 2734; x_wconf 78' lang='lat' dir='ltr'><strong>Proﬁcis-</strong></span> 
     </span>
    </p>
   </div>
   <div class='ocr_carea' id='block_1_56' title="bbox 281 2759 1941 2844">
    <p class='ocr_par' dir='ltr' id='par_1_56' title="bbox 281 2760 1924 2844">
     <span class='ocr_line' id='line_1_56' title="bbox 281 2760 1924 2844; baseline -0.004 -22"><span class='ocrx_word' id='word_1_400' title='bbox 281 2766 480 2844; x_wconf 78' lang='grc' dir='ltr'><strong>γαροῦν</strong></span> <span class='ocrx_word' id='word_1_401' title='bbox 537 2765 573 2831; x_wconf 75' lang='grc' dir='ltr'><strong>ἡ</strong></span> <span class='ocrx_word' id='word_1_402' title='bbox 616 2761 912 2828; x_wconf 83' lang='grc' dir='ltr'><strong>ἀκόλαστος</strong></span> <span class='ocrx_word' id='word_1_403' title='bbox 967 2765 1101 2840; x_wconf 83' lang='grc' dir='ltr'><strong>πρὸς</strong></span> <span class='ocrx_word' id='word_1_404' title='bbox 1156 2765 1248 2819; x_wconf 85' lang='grc' dir='ltr'><strong>τὸν</strong></span> <span class='ocrx_word' id='word_1_405' title='bbox 1313 2763 1580 2842; x_wconf 78' lang='grc' dir='ltr'><strong>σώφρονα,</strong></span> <span class='ocrx_word' id='word_1_406' title='bbox 1642 2764 1774 2839; x_wconf 82' lang='grc' dir='ltr'><strong>πρὸς</strong></span> <span class='ocrx_word' id='word_1_407' title='bbox 1827 2760 1924 2827; x_wconf 78' lang='grc' dir='ltr'><strong>τὴν</strong></span> 
     </span>
    </p>
   </div>
   <div class='ocr_carea' id='block_1_57' title="bbox 2028 2759 3667 2844">
    <p class='ocr_par' dir='ltr' id='par_1_57' title="bbox 2028 2759 3667 2839">
     <span class='ocr_line' id='line_1_57' title="bbox 2028 2759 3667 2839; baseline 0.002 -19"><span class='ocrx_word' id='word_1_408' title='bbox 2028 2759 2164 2820; x_wconf 85' lang='lat' dir='ltr'><strong>:itur</strong></span> <span class='ocrx_word' id='word_1_409' title='bbox 2194 2776 2333 2836; x_wconf 88' lang='lat' dir='ltr'><strong>ergo</strong></span> <span class='ocrx_word' id='word_1_410' title='bbox 2363 2759 2670 2839; x_wconf 83' lang='lat' dir='ltr'><strong>impudica</strong></span> <span class='ocrx_word' id='word_1_411' title='bbox 2709 2759 2780 2819; x_wconf 88' lang='lat' dir='ltr'><strong>ad</strong></span> <span class='ocrx_word' id='word_1_412' title='bbox 2840 2760 3149 2836; x_wconf 88' lang='lat' dir='ltr'><strong>pudicum,</strong></span> <span class='ocrx_word' id='word_1_413' title='bbox 3196 2760 3430 2839; x_wconf 88' lang='lat' dir='ltr'><strong>impura</strong></span> <span class='ocrx_word' id='word_1_414' title='bbox 3467 2763 3667 2824; x_wconf 89' lang='lat' dir='ltr'><strong>anima</strong></span> 
     </span>
    </p>
   </div>
   <div class='ocr_carea' id='block_1_58' title="bbox 273 2847 1941 2932">
    <p class='ocr_par' dir='ltr' id='par_1_58' title="bbox 273 2850 1929 2932">
     <span class='ocr_line' id='line_1_58' title="bbox 273 2850 1929 2932; baseline -0.004 -19"><span class='ocrx_word' id='word_1_415' title='bbox 273 2855 513 2932; x_wconf 79' lang='grc' dir='ltr'><strong>καθαρὰν</strong></span> <span class='ocrx_word' id='word_1_416' title='bbox 570 2852 754 2932; x_wconf 81' lang='grc' dir='ltr'><strong>ψυχὴν</strong></span> <span class='ocrx_word' id='word_1_417' title='bbox 811 2854 846 2921; x_wconf 81' lang='grc' dir='ltr'><strong>ἡ</strong></span> <span class='ocrx_word' id='word_1_418' title='bbox 891 2853 1184 2923; x_wconf 81' lang='grc' dir='ltr'><strong>ἀκάθαρτος</strong></span> <span class='ocrx_word' id='word_1_419' title='bbox 1242 2851 1546 2910; x_wconf 86' lang='grc' dir='ltr'><strong>ἀκολούθων</strong></span> <span class='ocrx_word' id='word_1_420' title='bbox 1572 2851 1772 2916; x_wconf 70' lang='grc' dir='ltr'><strong>πλῆθος</strong></span> <span class='ocrx_word' id='word_1_421' title='bbox 1802 2850 1929 2906; x_wconf 80' lang='grc' dir='ltr'><strong>ἐπα·-</strong></span> 
     </span>
    </p>
   </div>
   <div class='ocr_carea' id='block_1_59' title="bbox 2028 2847 3668 2932">
    <p class='ocr_par' dir='ltr' id='par_1_59' title="bbox 2028 2847 3668 2918">
     <span class='ocr_line' id='line_1_59' title="bbox 2028 2847 3668 2918; baseline 0.002 -10"><span class='ocrx_word' id='word_1_422' title='bbox 2028 2847 2084 2908; x_wconf 82' lang='lat' dir='ltr'><strong>Id</strong></span> <span class='ocrx_word' id='word_1_423' title='bbox 2119 2847 2424 2918; x_wconf 81' lang='lat' dir='ltr'><strong>mundam,</strong></span> <span class='ocrx_word' id='word_1_424' title='bbox 2453 2849 2738 2909; x_wconf 90' lang='lat' dir='ltr'><strong>comitum</strong></span> <span class='ocrx_word' id='word_1_425' title='bbox 2790 2866 2994 2910; x_wconf 86' lang='lat' dir='ltr'><strong>secum</strong></span> <span class='ocrx_word' id='word_1_426' title='bbox 3049 2848 3276 2910; x_wconf 91' lang='lat' dir='ltr'><strong>ducens</strong></span> <span class='ocrx_word' id='word_1_427' title='bbox 3327 2850 3668 2912; x_wconf 85' lang='lat' dir='ltr'><strong>multitudi-</strong></span> 
     </span>
    </p>
   </div>
   <div class='ocr_carea' id='block_1_60' title="bbox 276 2936 1941 3022">
    <p class='ocr_par' dir='ltr' id='par_1_60' title="bbox 276 2939 1927 3022">
     <span class='ocr_line' id='line_1_60' title="bbox 276 2939 1927 3022; baseline -0.003 -21"><span class='ocrx_word' id='word_1_428' title='bbox 276 2943 514 3022; x_wconf 86' lang='grc' dir='ltr'><strong>γομένη,</strong></span> <span class='ocrx_word' id='word_1_429' title='bbox 546 2943 881 3020; x_wconf 78' lang='grc' dir='ltr'><strong>φαντάσμασί</strong></span> <span class='ocrx_word' id='word_1_430' title='bbox 919 2963 977 2997; x_wconf 90' lang='grc' dir='ltr'><strong>τε</strong></span> <span class='ocrx_word' id='word_1_431' title='bbox 1011 2944 1098 2998; x_wconf 78' lang='grc' dir='ltr'><strong>καὶ</strong></span> <span class='ocrx_word' id='word_1_432' title='bbox 1143 2943 1392 3021; x_wconf 76' lang='grc' dir='ltr'><strong>σχήμασι</strong></span> <span class='ocrx_word' id='word_1_433' title='bbox 1444 2939 1720 3019; x_wconf 78' lang='grc' dir='ltr'><strong>βδελυροῖς</strong></span> <span class='ocrx_word' id='word_1_434' title='bbox 1770 2962 1927 3020; x_wconf 83' lang='grc' dir='ltr'><strong>χρω-</strong></span> 
     </span>
    </p>
   </div>
   <div class='ocr_carea' id='block_1_61' title="bbox 2028 2936 3670 3022">
    <p class='ocr_par' dir='ltr' id='par_1_61' title="bbox 2028 2936 3670 3018">
     <span class='ocr_line' id='line_1_61' title="bbox 2028 2936 3670 3018; baseline 0.002 -20"><span class='ocrx_word' id='word_1_435' title='bbox 2028 2955 2175 3012; x_wconf 72' lang='lat' dir='ltr'><strong>iem,</strong></span> <span class='ocrx_word' id='word_1_436' title='bbox 2209 2936 2524 3015; x_wconf 82' lang='lat' dir='ltr'><strong>splendida</strong></span> <span class='ocrx_word' id='word_1_437' title='bbox 2555 2947 2797 2999; x_wconf 84' lang='lat' dir='ltr'><strong>externa</strong></span> <span class='ocrx_word' id='word_1_438' title='bbox 2827 2947 3002 2998; x_wconf 85' lang='lat' dir='ltr'><strong>utens</strong></span> <span class='ocrx_word' id='word_1_439' title='bbox 3031 2942 3259 3018; x_wconf 83' lang='lat' dir='ltr'><strong>specie,</strong></span> <span class='ocrx_word' id='word_1_440' title='bbox 3302 2947 3360 3000; x_wconf 93' lang='lat' dir='ltr'><strong>et</strong></span> <span class='ocrx_word' id='word_1_441' title='bbox 3389 2939 3670 3002; x_wconf 85' lang='lat' dir='ltr'><strong>libidino-</strong></span> 
     </span>
    </p>
   </div>
   <div class='ocr_carea' id='block_1_62' title="bbox 279 3025 1941 3110">
    <p class='ocr_par' dir='ltr' id='par_1_62' title="bbox 279 3028 1930 3110">
     <span class='ocr_line' id='line_1_62' title="bbox 279 3028 1930 3110; baseline -0.004 -22"><span class='ocrx_word' id='word_1_442' title='bbox 279 3033 421 3110; x_wconf 85' lang='grc' dir='ltr'><strong>μένη</strong></span> <span class='ocrx_word' id='word_1_443' title='bbox 478 3033 567 3087; x_wconf 84' lang='grc' dir='ltr'><strong>καὶ</strong></span> <span class='ocrx_word' id='word_1_444' title='bbox 613 3031 850 3110; x_wconf 83' lang='grc' dir='ltr'><strong>χρυσίων</strong></span> <span class='ocrx_word' id='word_1_445' title='bbox 931 3029 1212 3110; x_wconf 72' lang='grc' dir='ltr'><strong>περιϐολῇ,</strong></span> <span class='ocrx_word' id='word_1_446' title='bbox 1285 3033 1374 3087; x_wconf 87' lang='grc' dir='ltr'><strong>καὶ</strong></span> <span class='ocrx_word' id='word_1_447' title='bbox 1459 3031 1696 3104; x_wconf 85' lang='grc' dir='ltr'><strong>κοσμίων</strong></span> <span class='ocrx_word' id='word_1_448' title='bbox 1751 3028 1930 3086; x_wconf 69' lang='grc' dir='ltr'><strong>ἄλλων</strong></span> 
     </span>
    </p>
   </div>
   <div class='ocr_carea' id='block_1_63' title="bbox 2028 3025 3671 3110">
    <p class='ocr_par' dir='ltr' id='par_1_63' title="bbox 2028 3025 3671 3107">
     <span class='ocr_line' id='line_1_63' title="bbox 2028 3025 3671 3107; baseline 0.002 -19"><span class='ocrx_word' id='word_1_449' title='bbox 2028 3026 2096 3088; x_wconf 73' lang='lat' dir='ltr'><strong>iis</strong></span> <span class='ocrx_word' id='word_1_450' title='bbox 2127 3025 2413 3105; x_wconf 77' lang='lat' dir='ltr'><strong>gestibus,</strong></span> <span class='ocrx_word' id='word_1_451' title='bbox 2445 3044 2752 3107; x_wconf 87' lang='lat' dir='ltr'><strong>aureoque</strong></span> <span class='ocrx_word' id='word_1_452' title='bbox 2784 3026 3006 3088; x_wconf 88' lang='lat' dir='ltr'><strong>amictu</strong></span> <span class='ocrx_word' id='word_1_453' title='bbox 3068 3036 3127 3088; x_wconf 90' lang='lat' dir='ltr'><strong>et</strong></span> <span class='ocrx_word' id='word_1_454' title='bbox 3179 3027 3297 3088; x_wconf 88' lang='lat' dir='ltr'><strong>alio</strong></span> <span class='ocrx_word' id='word_1_455' title='bbox 3351 3027 3671 3092; x_wconf 87' lang='lat' dir='ltr'><strong>intertexto</strong></span> 
     </span>
    </p>
   </div>
   <div class='ocr_carea' id='block_1_64' title="bbox 279 3117 1941 3198">
    <p class='ocr_par' dir='ltr' id='par_1_64' title="bbox 279 3117 1926 3198">
     <span class='ocr_line' id='line_1_64' title="bbox 279 3117 1926 3198; baseline -0.003 -19"><span class='ocrx_word' id='word_1_456' title='bbox 279 3119 580 3198; x_wconf 71' lang='grc' dir='ltr'><strong>ὶπιπλοκῇ,</strong></span> <span class='ocrx_word' id='word_1_457' title='bbox 636 3119 882 3176; x_wconf 80' lang='grc' dir='ltr'><strong>κλέπτειν</strong></span> <span class='ocrx_word' id='word_1_458' title='bbox 953 3122 1194 3186; x_wconf 70' lang='grc' dir='ltr'><strong>οἰηθεῖσι</strong></span> <span class='ocrx_word' id='word_1_459' title='bbox 1258 3122 1346 3176; x_wconf 79' lang='grc' dir='ltr'><strong>καὶ</strong></span> <span class='ocrx_word' id='word_1_460' title='bbox 1404 3117 1664 3190; x_wconf 87' lang='grc' dir='ltr'><strong>δελεάζειν</strong></span> <span class='ocrx_word' id='word_1_461' title='bbox 1726 3117 1926 3196; x_wconf 81' lang='grc' dir='ltr'><strong>ὀφθαλ-</strong></span> 
     </span>
    </p>
   </div>
   <div class='ocr_carea' id='block_1_65' title="bbox 2028 3117 3670 3198">
    <p class='ocr_par' dir='ltr' id='par_1_65' title="bbox 2028 3117 3670 3195">
     <span class='ocr_line' id='line_1_65' title="bbox 2028 3117 3670 3195; baseline 0.001 -17"><span class='ocrx_word' id='word_1_462' title='bbox 2028 3125 2251 3195; x_wconf 72' lang='lat' dir='ltr'><strong>3rnatu,</strong></span> <span class='ocrx_word' id='word_1_463' title='bbox 2288 3117 2571 3178; x_wconf 88' lang='lat' dir='ltr'><strong>arbitrata</strong></span> <span class='ocrx_word' id='word_1_464' title='bbox 2625 3134 2690 3177; x_wconf 92' lang='lat' dir='ltr'><strong>se</strong></span> <span class='ocrx_word' id='word_1_465' title='bbox 2744 3117 3091 3179; x_wconf 84' lang='lat' dir='ltr'><strong>allecturam</strong></span> <span class='ocrx_word' id='word_1_466' title='bbox 3153 3130 3212 3177; x_wconf 87' lang='lat' dir='ltr'><strong>et</strong></span> <span class='ocrx_word' id='word_1_467' title='bbox 3268 3117 3670 3180; x_wconf 87' lang='lat' dir='ltr'><strong>inescaturam</strong></span> 
     </span>
    </p>
   </div>
   <div class='ocr_carea' id='block_1_66' title="bbox 286 3204 1941 3288">
    <p class='ocr_par' dir='ltr' id='par_1_66' title="bbox 286 3207 1940 3288">
     <span class='ocr_line' id='line_1_66' title="bbox 286 3207 1940 3288; baseline -0.002 -21"><span class='ocrx_word' id='word_1_468' title='bbox 286 3213 421 3288; x_wconf 81' lang='grc' dir='ltr'><strong>μοὺς</strong></span> <span class='ocrx_word' id='word_1_469' title='bbox 490 3211 744 3284; x_wconf 74' lang='grc' dir='ltr'><strong>ὶκείνους,</strong></span> <span class='ocrx_word' id='word_1_470' title='bbox 793 3207 940 3269; x_wconf 75' lang='grc' dir='ltr'><strong>οὐδὲν</strong></span> <span class='ocrx_word' id='word_1_471' title='bbox 991 3211 1300 3288; x_wconf 81' lang='grc' dir='ltr'><strong>πρόσγειον,</strong></span> <span class='ocrx_word' id='word_1_472' title='bbox 1365 3207 1513 3265; x_wconf 75' lang='grc' dir='ltr'><strong>οὐδὲν</strong></span> <span class='ocrx_word' id='word_1_473' title='bbox 1585 3214 1713 3288; x_wconf 64' lang='grc' dir='ltr'><strong>τῶνΔ</strong></span> <span class='ocrx_word' id='word_1_474' title='bbox 1745 3208 1940 3264; x_wconf 81' lang='grc' dir='ltr'><strong>ὑλικῶν</strong></span> 
     </span>
    </p>
   </div>
   <div class='ocr_carea' id='block_1_67' title="bbox 2028 3204 3675 3288">
    <p class='ocr_par' dir='ltr' id='par_1_67' title="bbox 2028 3204 3675 3286">
     <span class='ocr_line' id='line_1_67' title="bbox 2028 3204 3675 3286; baseline 0.002 -20"><span class='ocrx_word' id='word_1_475' title='bbox 2028 3205 2162 3267; x_wconf 89' lang='lat' dir='ltr'><strong>illos</strong></span> <span class='ocrx_word' id='word_1_476' title='bbox 2182 3206 2410 3278; x_wconf 90' lang='lat' dir='ltr'><strong>oculos,</strong></span> <span class='ocrx_word' id='word_1_477' title='bbox 2448 3206 2547 3286; x_wconf 91' lang='lat' dir='ltr'><strong>qui</strong></span> <span class='ocrx_word' id='word_1_478' title='bbox 2595 3204 2742 3267; x_wconf 87' lang='lat' dir='ltr'><strong>nihil</strong></span> <span class='ocrx_word' id='word_1_479' title='bbox 2777 3214 3107 3278; x_wconf 88' lang='lat' dir='ltr'><strong>terrenum,</strong></span> <span class='ocrx_word' id='word_1_480' title='bbox 3145 3205 3289 3268; x_wconf 87' lang='lat' dir='ltr'><strong>nihil</strong></span> <span class='ocrx_word' id='word_1_481' title='bbox 3321 3224 3393 3268; x_wconf 86' lang='lat' dir='ltr'><strong>ex</strong></span> <span class='ocrx_word' id='word_1_482' title='bbox 3425 3209 3675 3270; x_wconf 88' lang='lat' dir='ltr'><strong>materia</strong></span> 
     </span>
    </p>
   </div>
   <div class='ocr_carea' id='block_1_68' title="bbox 287 3285 1941 3378">
    <p class='ocr_par' dir='ltr' id='par_1_68' title="bbox 287 3285 1941 3378">
     <span class='ocr_line' id='line_1_68' title="bbox 287 3285 1941 3378; baseline -0.003 -20"><span class='ocrx_word' id='word_1_483' title='bbox 287 3285 698 3378; x_wconf 72' lang='grc' dir='ltr'><strong>ἀγαπήσαντας.</strong></span> <span class='ocrx_word' id='word_1_484' title='bbox 765 3285 1156 3378; x_wconf 40' lang='grc' dir='ltr'><strong>Παραμείνασα-</strong></span> <span class='ocrx_word' id='word_1_485' title='bbox 1205 3285 1288 3355; x_wconf 11' lang='grc' dir='ltr'><em>δάγ</em></span> <span class='ocrx_word' id='word_1_486' title='bbox 1323 3321 1422 3355; x_wconf 89' lang='grc' dir='ltr'><strong>τινι</strong></span> <span class='ocrx_word' id='word_1_487' title='bbox 1484 3305 1592 3355; x_wconf 80' lang='grc' dir='ltr'><strong>τῶν</strong></span> <span class='ocrx_word' id='word_1_488' title='bbox 1651 3285 1830 3377; x_wconf 76' lang='grc' dir='ltr'><strong>ἀγρῶν</strong></span> <span class='ocrx_word' id='word_1_489' title='bbox 1887 3297 1941 3363; x_wconf 74' lang='grc' dir='ltr'><strong>ὃς</strong></span> 
     </span>
    </p>
   </div>
   <div class='ocr_carea' id='block_1_69' title="bbox 2028 3285 3677 3378">
    <p class='ocr_par' dir='ltr' id='par_1_69' title="bbox 2028 3285 3677 3378">
     <span class='ocr_line' id='line_1_69' title="bbox 2028 3285 3677 3378; baseline 0.002 -21"><span class='ocrx_word' id='word_1_490' title='bbox 2028 3302 2375 3358; x_wconf 89' lang='lat' dir='ltr'><strong>concretum</strong></span> <span class='ocrx_word' id='word_1_491' title='bbox 2408 3285 2771 3358; x_wconf 86' lang='lat' dir='ltr'><strong>dilexerunt.</strong></span> <span class='ocrx_word' id='word_1_492' title='bbox 2808 3296 3054 3358; x_wconf 78' lang='lat' dir='ltr'><strong>Manens</strong></span> <span class='ocrx_word' id='word_1_493' title='bbox 3093 3305 3292 3358; x_wconf 85' lang='lat' dir='ltr'><strong>autem</strong></span> <span class='ocrx_word' id='word_1_494' title='bbox 3325 3296 3386 3357; x_wconf 89' lang='lat' dir='ltr'><strong>in</strong></span> <span class='ocrx_word' id='word_1_495' title='bbox 3417 3299 3677 3378; x_wconf 89' lang='lat' dir='ltr'><strong>quodam</strong></span> 
     </span>
    </p>
   </div>
   <div class='ocr_carea' id='block_1_70' title="bbox 289 3385 1944 3467">
    <p class='ocr_par' dir='ltr' id='par_1_70' title="bbox 289 3385 1944 3467">
     <span class='ocr_line' id='line_1_70' title="bbox 289 3385 1944 3467; baseline -0.002 -21"><span class='ocrx_word' id='word_1_496' title='bbox 289 3411 386 3446; x_wconf 91' lang='grc' dir='ltr'><strong>του</strong></span> <span class='ocrx_word' id='word_1_497' title='bbox 425 3411 484 3446; x_wconf 87' lang='grc' dir='ltr'><strong>τε</strong></span> <span class='ocrx_word' id='word_1_498' title='bbox 535 3389 708 3453; x_wconf 85' lang='grc' dir='ltr'><strong>κίονος</strong></span> <span class='ocrx_word' id='word_1_499' title='bbox 753 3389 819 3457; x_wconf 78' lang='grc' dir='ltr'><strong>ἦν</strong></span> <span class='ocrx_word' id='word_1_500' title='bbox 871 3388 1088 3466; x_wconf 83' lang='grc' dir='ltr'><strong>ἀντικρὺ</strong></span> <span class='ocrx_word' id='word_1_501' title='bbox 1131 3389 1219 3445; x_wconf 81' lang='grc' dir='ltr'><strong>καὶ</strong></span> <span class='ocrx_word' id='word_1_502' title='bbox 1263 3394 1360 3456; x_wconf 82' lang='grc' dir='ltr'><strong>τῆς</strong></span> <span class='ocrx_word' id='word_1_503' title='bbox 1419 3385 1650 3467; x_wconf 74' lang='grc' dir='ltr'><strong>μάνδρας</strong></span> <span class='ocrx_word' id='word_1_504' title='bbox 1711 3394 1816 3448; x_wconf 83' lang='grc' dir='ltr'><strong>τῶν</strong></span> <span class='ocrx_word' id='word_1_505' title='bbox 1847 3385 1944 3443; x_wconf 85' lang='grc' dir='ltr'><strong>λο-</strong></span> 
     </span>
    </p>
   </div>
   <div class='ocr_carea' id='block_1_71' title="bbox 291 3477 1942 3559">
    <p class='ocr_par' dir='ltr' id='par_1_71' title="bbox 291 3477 1942 3559">
     <span class='ocr_line' id='line_1_71' title="bbox 291 3477 1942 3559; baseline -0.002 -23"><span class='ocrx_word' id='word_1_506' title='bbox 291 3482 462 3559; x_wconf 82' lang='grc' dir='ltr'><strong>γικῶν</strong></span> <span class='ocrx_word' id='word_1_507' title='bbox 517 3479 838 3555; x_wconf 70' lang='grc' dir='ltr'><strong>θρεμμάτων</strong></span> <span class='ocrx_word' id='word_1_508' title='bbox 868 3484 976 3534; x_wconf 80' lang='grc' dir='ltr'><strong>τῶν</strong></span> <span class='ocrx_word' id='word_1_509' title='bbox 1017 3485 1112 3534; x_wconf 87' lang='grc' dir='ltr'><strong>τοῦ</strong></span> <span class='ocrx_word' id='word_1_510' title='bbox 1139 3477 1305 3535; x_wconf 86' lang='grc' dir='ltr'><strong>καλοῦ</strong></span> <span class='ocrx_word' id='word_1_511' title='bbox 1337 3477 1483 3535; x_wconf 81' lang='grc' dir='ltr'><strong>τοῦδε</strong></span> <span class='ocrx_word' id='word_1_512' title='bbox 1520 3477 1776 3548; x_wconf 84' lang='grc' dir='ltr'><strong>ποιμένος</strong></span> <span class='ocrx_word' id='word_1_513' title='bbox 1830 3487 1942 3533; x_wconf 88' lang='grc' dir='ltr'><strong>Δα-</strong></span> 
     </span>
    </p>
   </div>
   <div class='ocr_carea' id='block_1_72' title="bbox 295 3566 1943 3650">
    <p class='ocr_par' dir='ltr' id='par_1_72' title="bbox 295 3566 1943 3650">
     <span class='ocr_line' id='line_1_72' title="bbox 295 3566 1943 3650; baseline -0.002 -25"><span class='ocrx_word' id='word_1_514' title='bbox 295 3568 448 3650; x_wconf 83' lang='grc' dir='ltr'><strong>νιὴλ,</strong></span> <span class='ocrx_word' id='word_1_515' title='bbox 504 3571 592 3625; x_wconf 87' lang='grc' dir='ltr'><strong>καὶ</strong></span> <span class='ocrx_word' id='word_1_516' title='bbox 653 3589 1026 3643; x_wconf 86' lang='grc' dir='ltr'><strong>προσεποιειτο</strong></span> <span class='ocrx_word' id='word_1_517' title='bbox 1089 3584 1296 3648; x_wconf 76' lang='grc' dir='ltr'><strong>νοσε’ν,</strong></span> <span class='ocrx_word' id='word_1_518' title='bbox 1355 3567 1429 3624; x_wconf 72' lang='grc' dir='ltr'><strong>ἵν’</strong></span> <span class='ocrx_word' id='word_1_519' title='bbox 1501 3570 1545 3624; x_wconf 81' lang='grc' dir='ltr'><strong>εἰ</strong></span> <span class='ocrx_word' id='word_1_520' title='bbox 1601 3566 1820 3624; x_wconf 81' lang='grc' dir='ltr'><strong>δυνατὸν</strong></span> <span class='ocrx_word' id='word_1_521' title='bbox 1849 3566 1943 3622; x_wconf 75' lang='grc' dir='ltr'>καί</span> 
     </span>
    </p>
   </div>
   <div class='ocr_carea' id='block_1_73' title="bbox 298 3656 1946 3738">
    <p class='ocr_par' dir='ltr' id='par_1_73' title="bbox 298 3656 1946 3738">
     <span class='ocr_line' id='line_1_73' title="bbox 298 3656 1946 3738; baseline -0.001 -24"><span class='ocrx_word' id='word_1_522' title='bbox 298 3659 446 3733; x_wconf 79' lang='grc' dir='ltr'><strong>αὒτῷ</strong></span> <span class='ocrx_word' id='word_1_523' title='bbox 501 3658 600 3733; x_wconf 78' lang='grc' dir='ltr'><strong>μὲν</strong></span> <span class='ocrx_word' id='word_1_524' title='bbox 659 3665 736 3730; x_wconf 87' lang='grc' dir='ltr'><strong>τῷ</strong></span> <span class='ocrx_word' id='word_1_525' title='bbox 804 3658 940 3736; x_wconf 84' lang='grc' dir='ltr'><strong>ἁγίῳ</strong></span> <span class='ocrx_word' id='word_1_526' title='bbox 998 3662 1242 3738; x_wconf 77' lang='grc' dir='ltr'><strong>ψυχικῆς</strong></span> <span class='ocrx_word' id='word_1_527' title='bbox 1290 3656 1579 3735; x_wconf 80' lang='grc' dir='ltr'><strong>ἀῤῥωστίας</strong></span> <span class='ocrx_word' id='word_1_528' title='bbox 1648 3658 1788 3713; x_wconf 83' lang='grc' dir='ltr'><strong>αἰτία</strong></span> <span class='ocrx_word' id='word_1_529' title='bbox 1846 3656 1946 3734; x_wconf 73' lang='grc' dir='ltr'><strong>γέ-</strong></span> 
     </span>
    </p>
   </div>
   <div class='ocr_carea' id='block_1_74' title="bbox 297 3744 1947 3825">
    <p class='ocr_par' dir='ltr' id='par_1_74' title="bbox 297 3744 1947 3825">
     <span class='ocr_line' id='line_1_74' title="bbox 297 3744 1947 3825; baseline -0.004 -20"><span class='ocrx_word' id='word_1_530' title='bbox 297 3768 446 3806; x_wconf 88' lang='grc' dir='ltr'><strong>νοιτο</strong></span> <span class='ocrx_word' id='word_1_531' title='bbox 479 3762 494 3777; x_wconf 86' lang='lat'><strong>&#39;</strong></span> <span class='ocrx_word' id='word_1_532' title='bbox 529 3749 574 3804; x_wconf 79' lang='grc' dir='ltr'><strong>εἰ</strong></span> <span class='ocrx_word' id='word_1_533' title='bbox 615 3744 662 3803; x_wconf 87' lang='grc' dir='ltr'><strong>δ’</strong></span> <span class='ocrx_word' id='word_1_534' title='bbox 691 3747 803 3822; x_wconf 77' lang='grc' dir='ltr'><strong>οὖν,</strong></span> <span class='ocrx_word' id='word_1_535' title='bbox 850 3759 969 3812; x_wconf 90' lang='grc' dir='ltr'><strong>τοῖς</strong></span> <span class='ocrx_word' id='word_1_536' title='bbox 1000 3768 1060 3825; x_wconf 90' lang='grc' dir='ltr'><strong>γε</strong></span> <span class='ocrx_word' id='word_1_537' title='bbox 1093 3750 1364 3822; x_wconf 80' lang='grc' dir='ltr'><strong>μαθηταῖς</strong></span> <span class='ocrx_word' id='word_1_538' title='bbox 1397 3746 1598 3804; x_wconf 75' lang='grc' dir='ltr'><strong>ἐκείνου</strong></span> <span class='ocrx_word' id='word_1_539' title='bbox 1639 3745 1740 3813; x_wconf 73' lang='grc' dir='ltr'><strong>τὴν</strong></span> <span class='ocrx_word' id='word_1_540' title='bbox 1774 3745 1947 3820; x_wconf 75' lang='grc' dir='ltr'><strong>λύμην</strong></span> 
     </span>
    </p>
   </div>
   <div class='ocr_carea' id='block_1_75' title="bbox 296 3837 494 3905">
    <p class='ocr_par' dir='ltr' id='par_1_75' title="bbox 296 3837 494 3905">
     <span class='ocr_line' id='line_1_75' title="bbox 296 3837 494 3905; baseline 0.005 -10"><span class='ocrx_word' id='word_1_541' title='bbox 296 3837 472 3905; x_wconf 75' lang='grc' dir='ltr'><strong>ἐνθείη</strong></span> <span class='ocrx_word' id='word_1_542' title='bbox 483 3882 494 3896; x_wconf 95' lang='grc'><strong>.</strong></span> 
     </span>
    </p>
   </div>
   <div class='ocr_carea' id='block_1_76' title="bbox 387 3917 1948 4008">
    <p class='ocr_par' dir='ltr' id='par_1_76' title="bbox 387 3917 1948 4008">
     <span class='ocr_line' id='line_1_76' title="bbox 387 3917 1948 4008; baseline -0.004 -22"><span class='ocrx_word' id='word_1_543' title='bbox 387 3925 516 3990; x_wconf 80' lang='grc' dir='ltr'><strong>ΚΓ’.</strong></span> <span class='ocrx_word' id='word_1_544' title='bbox 564 3917 659 3992; x_wconf 65' lang='grc' dir='ltr'><strong>Ὠς</strong></span> <span class='ocrx_word' id='word_1_545' title='bbox 701 3925 756 3982; x_wconf 76' lang='grc' dir='ltr'><strong>δὲ</strong></span> <span class='ocrx_word' id='word_1_546' title='bbox 799 3925 885 3985; x_wconf 66' lang='grc' dir='ltr'><strong>ἐπὶ</strong></span> <span class='ocrx_word' id='word_1_547' title='bbox 927 3926 1096 3984; x_wconf 81' lang='grc' dir='ltr'><strong>πολὺν</strong></span> <span class='ocrx_word' id='word_1_548' title='bbox 1129 3928 1325 4008; x_wconf 86' lang='grc' dir='ltr'><strong>χρόνον</strong></span> <span class='ocrx_word' id='word_1_549' title='bbox 1373 3925 1750 4006; x_wconf 76' lang='grc' dir='ltr'><strong>παραμεινάσῃ</strong></span> <span class='ocrx_word' id='word_1_550' title='bbox 1808 3925 1948 3981; x_wconf 80' lang='grc' dir='ltr'><strong>ἅπαν</strong></span> 
     </span>
    </p>
   </div>
   <div class='ocr_carea' id='block_1_77' title="bbox 2027 3385 3678 3466">
    <p class='ocr_par' dir='ltr' id='par_1_77' title="bbox 2027 3385 3678 3466">
     <span class='ocr_line' id='line_1_77' title="bbox 2027 3385 3678 3466; baseline 0.002 -20"><span class='ocrx_word' id='word_1_551' title='bbox 2027 3403 2192 3465; x_wconf 82' lang='lat' dir='ltr'><strong>agro,</strong></span> <span class='ocrx_word' id='word_1_552' title='bbox 2227 3387 2328 3466; x_wconf 92' lang='lat' dir='ltr'><strong>qui</strong></span> <span class='ocrx_word' id='word_1_553' title='bbox 2358 3394 2482 3447; x_wconf 89' lang='lat' dir='ltr'><strong>erat</strong></span> <span class='ocrx_word' id='word_1_554' title='bbox 2512 3403 2583 3446; x_wconf 80' lang='lat' dir='ltr'><strong>ex</strong></span> <span class='ocrx_word' id='word_1_555' title='bbox 2627 3385 2876 3447; x_wconf 89' lang='lat' dir='ltr'><strong>adverso</strong></span> <span class='ocrx_word' id='word_1_556' title='bbox 2932 3385 3250 3466; x_wconf 66' lang='lat' dir='ltr'><strong>columnae,</strong></span> <span class='ocrx_word' id='word_1_557' title='bbox 3301 3395 3359 3448; x_wconf 92' lang='lat' dir='ltr'><strong>et</strong></span> <span class='ocrx_word' id='word_1_558' title='bbox 3413 3387 3678 3449; x_wconf 84' lang='lat' dir='ltr'><strong>mandrae</strong></span> 
     </span>
    </p>
   </div>
   <div class='ocr_carea' id='block_1_78' title="bbox 2026 3474 3676 3557">
    <p class='ocr_par' dir='ltr' id='par_1_78' title="bbox 2026 3474 3676 3557">
     <span class='ocr_line' id='line_1_78' title="bbox 2026 3474 3676 3557; baseline 0.002 -21"><span class='ocrx_word' id='word_1_559' title='bbox 2026 3474 2272 3536; x_wconf 88' lang='lat' dir='ltr'><strong>rationis</strong></span> <span class='ocrx_word' id='word_1_560' title='bbox 2302 3484 2640 3556; x_wconf 90' lang='lat' dir='ltr'><strong>compotum</strong></span> <span class='ocrx_word' id='word_1_561' title='bbox 2677 3493 2956 3554; x_wconf 85' lang='lat' dir='ltr'><strong>pecorum</strong></span> <span class='ocrx_word' id='word_1_562' title='bbox 3005 3475 3185 3554; x_wconf 85' lang='lat' dir='ltr'><strong>hujus</strong></span> <span class='ocrx_word' id='word_1_563' title='bbox 3215 3476 3438 3556; x_wconf 78' lang='lat' dir='ltr'><strong>egregii</strong></span> <span class='ocrx_word' id='word_1_564' title='bbox 3471 3485 3676 3557; x_wconf 88' lang='lat' dir='ltr'><strong>pasto-</strong></span> 
     </span>
    </p>
   </div>
   <div class='ocr_carea' id='block_1_79' title="bbox 2028 3564 3680 3644">
    <p class='ocr_par' dir='ltr' id='par_1_79' title="bbox 2028 3564 3680 3644">
     <span class='ocr_line' id='line_1_79' title="bbox 2028 3564 3680 3644; baseline 0.002 -19"><span class='ocrx_word' id='word_1_565' title='bbox 2028 3567 2112 3626; x_wconf 90' lang='lat' dir='ltr'><strong>ris</strong></span> <span class='ocrx_word' id='word_1_566' title='bbox 2160 3564 2440 3640; x_wconf 89' lang='lat' dir='ltr'><strong>Danielis,</strong></span> <span class='ocrx_word' id='word_1_567' title='bbox 2475 3564 2791 3626; x_wconf 86' lang='lat' dir='ltr'><strong>simulabat</strong></span> <span class='ocrx_word' id='word_1_568' title='bbox 2840 3583 2906 3627; x_wconf 89' lang='lat' dir='ltr'><strong>se</strong></span> <span class='ocrx_word' id='word_1_569' title='bbox 2954 3575 3283 3644; x_wconf 73' lang='lat' dir='ltr'><strong>aegrotare;</strong></span> <span class='ocrx_word' id='word_1_570' title='bbox 3326 3575 3410 3640; x_wconf 92' lang='lat' dir='ltr'><strong>ut,</strong></span> <span class='ocrx_word' id='word_1_571' title='bbox 3463 3567 3514 3628; x_wconf 88' lang='lat' dir='ltr'><strong>si</strong></span> <span class='ocrx_word' id='word_1_572' title='bbox 3546 3568 3680 3630; x_wconf 85' lang='lat' dir='ltr'><strong>ﬁeri</strong></span> 
     </span>
    </p>
   </div>
   <div class='ocr_carea' id='block_1_80' title="bbox 2030 3653 3680 3734">
    <p class='ocr_par' dir='ltr' id='par_1_80' title="bbox 2030 3653 3680 3734">
     <span class='ocr_line' id='line_1_80' title="bbox 2030 3653 3680 3734; baseline 0.002 -19"><span class='ocrx_word' id='word_1_573' title='bbox 2030 3662 2250 3734; x_wconf 86' lang='lat' dir='ltr'><strong>posset,</strong></span> <span class='ocrx_word' id='word_1_574' title='bbox 2285 3655 2376 3716; x_wconf 89' lang='lat' dir='ltr'><strong>vel</strong></span> <span class='ocrx_word' id='word_1_575' title='bbox 2408 3656 2518 3734; x_wconf 89' lang='lat' dir='ltr'><strong>ipsi</strong></span> <span class='ocrx_word' id='word_1_576' title='bbox 2551 3653 2793 3734; x_wconf 87' lang='lat' dir='ltr'><strong>quidem</strong></span> <span class='ocrx_word' id='word_1_577' title='bbox 2827 3664 3033 3716; x_wconf 89' lang='lat' dir='ltr'><strong>sancto</strong></span> <span class='ocrx_word' id='word_1_578' title='bbox 3062 3656 3466 3734; x_wconf 64' lang='lat' dir='ltr'><strong>aegrotationis</strong></span> <span class='ocrx_word' id='word_1_579' title='bbox 3493 3658 3680 3718; x_wconf 88' lang='lat' dir='ltr'><strong>animi</strong></span> 
     </span>
    </p>
   </div>
   <div class='ocr_carea' id='block_1_81' title="bbox 2030 3743 3679 3825">
    <p class='ocr_par' dir='ltr' id='par_1_81' title="bbox 2030 3743 3679 3825">
     <span class='ocr_line' id='line_1_81' title="bbox 2030 3743 3679 3825; baseline 0.003 -23"><span class='ocrx_word' id='word_1_580' title='bbox 2030 3759 2210 3802; x_wconf 87' lang='lat' dir='ltr'><strong>causa</strong></span> <span class='ocrx_word' id='word_1_581' title='bbox 2237 3750 2441 3815; x_wconf 86' lang='lat' dir='ltr'><strong>esset;</strong></span> <span class='ocrx_word' id='word_1_582' title='bbox 2473 3745 2565 3804; x_wconf 88' lang='lat' dir='ltr'><strong>sin</strong></span> <span class='ocrx_word' id='word_1_583' title='bbox 2599 3743 2819 3818; x_wconf 88' lang='lat' dir='ltr'><strong>minus,</strong></span> <span class='ocrx_word' id='word_1_584' title='bbox 2882 3743 3048 3804; x_wconf 89' lang='lat' dir='ltr'><strong>illius</strong></span> <span class='ocrx_word' id='word_1_585' title='bbox 3099 3744 3310 3805; x_wconf 89' lang='lat' dir='ltr'><strong>saltem</strong></span> <span class='ocrx_word' id='word_1_586' title='bbox 3369 3745 3679 3825; x_wconf 89' lang='lat' dir='ltr'><strong>discipulis</strong></span> 
     </span>
    </p>
   </div>
   <div class='ocr_carea' id='block_1_82' title="bbox 2028 3830 2654 3911">
    <p class='ocr_par' dir='ltr' id='par_1_82' title="bbox 2028 3830 2654 3911">
     <span class='ocr_line' id='line_1_82' title="bbox 2028 3830 2654 3911; baseline 0.006 -21"><span class='ocrx_word' id='word_1_587' title='bbox 2028 3830 2271 3891; x_wconf 83' lang='lat' dir='ltr'><strong>aﬂ‘erret</strong></span> <span class='ocrx_word' id='word_1_588' title='bbox 2302 3831 2654 3911; x_wconf 70' lang='lat' dir='ltr'><strong>perniciem.</strong></span> 
     </span>
    </p>
   </div>
   <div class='ocr_carea' id='block_1_83' title="bbox 2110 3917 3678 4003">
    <p class='ocr_par' dir='ltr' id='par_1_83' title="bbox 2110 3917 3678 4003">
     <span class='ocr_line' id='line_1_83' title="bbox 2110 3917 3678 4003; baseline 0.003 -23"><span class='ocrx_word' id='word_1_589' title='bbox 2110 3917 2486 3982; x_wconf 83' lang='lat' dir='ltr'><strong>XXlll.Cum</strong></span> <span class='ocrx_word' id='word_1_590' title='bbox 2546 3929 2743 3982; x_wconf 89' lang='lat' dir='ltr'><strong>autem</strong></span> <span class='ocrx_word' id='word_1_591' title='bbox 2793 3928 3110 4000; x_wconf 87' lang='lat' dir='ltr'><strong>postquam</strong></span> <span class='ocrx_word' id='word_1_592' title='bbox 3172 3920 3350 4000; x_wconf 88' lang='lat' dir='ltr'><strong>longo</strong></span> <span class='ocrx_word' id='word_1_593' title='bbox 3409 3930 3678 4003; x_wconf 88' lang='lat' dir='ltr'><strong>tempore</strong></span> 
     </span>
    </p>
   </div>
   <div class='ocr_carea' id='block_1_84' title="bbox 294 4009 1941 4096">
    <p class='ocr_par' dir='ltr' id='par_1_84' title="bbox 294 4014 1941 4096">
     <span class='ocr_line' id='line_1_84' title="bbox 294 4014 1941 4096; baseline -0.002 -21"><span class='ocrx_word' id='word_1_594' title='bbox 294 4019 436 4094; x_wconf 68' lang='grc' dir='ltr'><strong>αὐτῇ</strong></span> <span class='ocrx_word' id='word_1_595' title='bbox 477 4018 539 4074; x_wconf 79' lang='grc' dir='ltr'><strong>τὸ</strong></span> <span class='ocrx_word' id='word_1_596' title='bbox 582 4017 816 4096; x_wconf 75' lang='grc' dir='ltr'><strong>σόφισμα</strong></span> <span class='ocrx_word' id='word_1_597' title='bbox 861 4018 1090 4092; x_wconf 81' lang='grc' dir='ltr'><strong>μάταιον</strong></span> <span class='ocrx_word' id='word_1_598' title='bbox 1150 4017 1241 4092; x_wconf 73' lang='grc' dir='ltr'><strong>ἦν,</strong></span> <span class='ocrx_word' id='word_1_599' title='bbox 1294 4018 1619 4095; x_wconf 76' lang='grc' dir='ltr'><strong>κατέρχεται</strong></span> <span class='ocrx_word' id='word_1_600' title='bbox 1674 4015 1772 4090; x_wconf 75' lang='grc' dir='ltr'><strong>μὲν</strong></span> <span class='ocrx_word' id='word_1_601' title='bbox 1819 4014 1941 4094; x_wconf 75' lang='grc' dir='ltr'><strong>πρὸς</strong></span> 
     </span>
    </p>
   </div>
   <div class='ocr_carea' id='block_1_85' title="bbox 2028 4009 3679 4096">
    <p class='ocr_par' dir='ltr' id='par_1_85' title="bbox 2031 4009 3679 4092">
     <span class='ocr_line' id='line_1_85' title="bbox 2031 4009 3679 4092; baseline 0.004 -23"><span class='ocrx_word' id='word_1_602' title='bbox 2031 4009 2554 4089; x_wconf 85' lang='lat' dir='ltr'><strong>mansisset,inane</strong></span> <span class='ocrx_word' id='word_1_603' title='bbox 2581 4017 2640 4070; x_wconf 92' lang='lat' dir='ltr'><strong>et</strong></span> <span class='ocrx_word' id='word_1_604' title='bbox 2670 4011 2910 4072; x_wconf 89' lang='lat' dir='ltr'><strong>irritum</strong></span> <span class='ocrx_word' id='word_1_605' title='bbox 2938 4020 3066 4072; x_wconf 87' lang='lat' dir='ltr'><strong>erat</strong></span> <span class='ocrx_word' id='word_1_606' title='bbox 3091 4009 3372 4072; x_wconf 83' lang='lat' dir='ltr'><strong>callidum</strong></span> <span class='ocrx_word' id='word_1_607' title='bbox 3395 4012 3522 4092; x_wconf 85' lang='lat' dir='ltr'><strong>ejus</strong></span> <span class='ocrx_word' id='word_1_608' title='bbox 3551 4031 3679 4075; x_wconf 81' lang='lat' dir='ltr'><strong>cce-</strong></span> 
     </span>
    </p>
   </div>
   <div class='ocr_carea' id='block_1_86' title="bbox 294 4101 1941 4186">
    <p class='ocr_par' dir='ltr' id='par_1_86' title="bbox 294 4105 1941 4186">
     <span class='ocr_line' id='line_1_86' title="bbox 294 4105 1941 4186; baseline -0.002 -22"><span class='ocrx_word' id='word_1_609' title='bbox 294 4108 422 4172; x_wconf 81' lang='grc' dir='ltr'><strong>τοὺς</strong></span> <span class='ocrx_word' id='word_1_610' title='bbox 479 4105 925 4186; x_wconf 85' lang='grc' dir='ltr'><strong>ἀποστείλαντας,</strong></span> <span class='ocrx_word' id='word_1_611' title='bbox 959 4105 1105 4185; x_wconf 80' lang='grc' dir='ltr'><strong>λέγει</strong></span> <span class='ocrx_word' id='word_1_612' title='bbox 1145 4105 1200 4162; x_wconf 77' lang='grc' dir='ltr'><strong>δὲ</strong></span> <span class='ocrx_word' id='word_1_613' title='bbox 1223 4107 1258 4174; x_wconf 78' lang='grc' dir='ltr'><strong>ἡ</strong></span> <span class='ocrx_word' id='word_1_614' title='bbox 1290 4106 1681 4177; x_wconf 74' lang='grc' dir='ltr'><strong>κατάπτυστος,</strong></span> <span class='ocrx_word' id='word_1_615' title='bbox 1717 4107 1804 4162; x_wconf 79' lang='grc' dir='ltr'><strong>καὶ</strong></span> <span class='ocrx_word' id='word_1_616' title='bbox 1848 4125 1941 4160; x_wconf 88' lang='grc' dir='ltr'><strong>κα-</strong></span> 
     </span>
    </p>
   </div>
   <div class='ocr_carea' id='block_1_87' title="bbox 2028 4101 3683 4186">
    <p class='ocr_par' dir='ltr' id='par_1_87' title="bbox 2036 4101 3683 4176">
     <span class='ocr_line' id='line_1_87' title="bbox 2036 4101 3683 4176; baseline 0.002 -17"><span class='ocrx_word' id='word_1_617' title='bbox 2036 4101 2536 4174; x_wconf 79' lang='lat' dir='ltr'><strong>ptum,descendit</strong></span> <span class='ocrx_word' id='word_1_618' title='bbox 2566 4105 2798 4174; x_wconf 86' lang='lat' dir='ltr'><strong>quidem</strong></span> <span class='ocrx_word' id='word_1_619' title='bbox 2822 4103 2894 4160; x_wconf 89' lang='lat' dir='ltr'><strong>ad</strong></span> <span class='ocrx_word' id='word_1_620' title='bbox 2925 4108 3148 4175; x_wconf 89' lang='lat' dir='ltr'><strong>eos,qui</strong></span> <span class='ocrx_word' id='word_1_621' title='bbox 3192 4107 3507 4176; x_wconf 86' lang='lat' dir='ltr'><strong>miserant;</strong></span> <span class='ocrx_word' id='word_1_622' title='bbox 3539 4107 3683 4164; x_wconf 86' lang='lat' dir='ltr'><strong>dicit</strong></span> 
     </span>
    </p>
   </div>
   <div class='ocr_carea' id='block_1_88' title="bbox 299 4188 1941 4276">
    <p class='ocr_par' dir='ltr' id='par_1_88' title="bbox 299 4193 1941 4276">
     <span class='ocr_line' id='line_1_88' title="bbox 299 4193 1941 4276; baseline -0.002 -22"><span class='ocrx_word' id='word_1_623' title='bbox 299 4194 618 4272; x_wconf 83' lang='grc' dir='ltr'><strong>ταψεύδεται</strong></span> <span class='ocrx_word' id='word_1_624' title='bbox 649 4205 743 4255; x_wconf 89' lang='grc' dir='ltr'><strong>τοῦ</strong></span> <span class='ocrx_word' id='word_1_625' title='bbox 766 4197 944 4276; x_wconf 83' lang='grc' dir='ltr'><strong>ἁγίου,</strong></span> <span class='ocrx_word' id='word_1_626' title='bbox 977 4193 1011 4251; x_wconf 81' lang='grc' dir='ltr'>ἂ</span> <span class='ocrx_word' id='word_1_627' title='bbox 1042 4196 1141 4273; x_wconf 75' lang='grc' dir='ltr'><strong>μὶν</strong></span> <span class='ocrx_word' id='word_1_628' title='bbox 1184 4197 1315 4271; x_wconf 79' lang='grc' dir='ltr'><strong>μήτι</strong></span> <span class='ocrx_word' id='word_1_629' title='bbox 1346 4217 1408 4274; x_wconf 87' lang='grc' dir='ltr'><strong>γε</strong></span> <span class='ocrx_word' id='word_1_630' title='bbox 1449 4195 1526 4269; x_wconf 83' lang='grc' dir='ltr'><strong>τῷ</strong></span> <span class='ocrx_word' id='word_1_631' title='bbox 1559 4193 1784 4272; x_wconf 81' lang='grc' dir='ltr'><strong>μεγάλῳ</strong></span> <span class='ocrx_word' id='word_1_632' title='bbox 1811 4193 1941 4251; x_wconf 65' lang='grc' dir='ltr'><strong>ἐγεί-</strong></span> 
     </span>
    </p>
   </div>
   <div class='ocr_carea' id='block_1_89' title="bbox 2028 4188 3684 4276">
    <p class='ocr_par' dir='ltr' id='par_1_89' title="bbox 2038 4188 3684 4273">
     <span class='ocr_line' id='line_1_89' title="bbox 2038 4188 3684 4273; baseline 0.002 -23"><span class='ocrx_word' id='word_1_633' title='bbox 2038 4205 2180 4251; x_wconf 89' lang='lat' dir='ltr'><strong>vero</strong></span> <span class='ocrx_word' id='word_1_634' title='bbox 2207 4188 2594 4264; x_wconf 82' lang='lat' dir='ltr'><strong>exsecranda,</strong></span> <span class='ocrx_word' id='word_1_635' title='bbox 2631 4199 2689 4250; x_wconf 91' lang='lat' dir='ltr'><strong>et</strong></span> <span class='ocrx_word' id='word_1_636' title='bbox 2745 4207 2817 4249; x_wconf 91' lang='lat' dir='ltr'><strong>ea</strong></span> <span class='ocrx_word' id='word_1_637' title='bbox 2869 4189 3154 4251; x_wconf 88' lang='lat' dir='ltr'><strong>mentitur</strong></span> <span class='ocrx_word' id='word_1_638' title='bbox 3182 4189 3259 4253; x_wconf 85' lang='lat' dir='ltr'><strong>de</strong></span> <span class='ocrx_word' id='word_1_639' title='bbox 3287 4199 3516 4266; x_wconf 88' lang='lat' dir='ltr'><strong>sancto,</strong></span> <span class='ocrx_word' id='word_1_640' title='bbox 3551 4211 3684 4273; x_wconf 59' lang='lat' dir='ltr'><strong>quas</strong></span> 
     </span>
    </p>
   </div>
   <div class='ocr_carea' id='block_1_90' title="bbox 301 4277 1941 4365">
    <p class='ocr_par' dir='ltr' id='par_1_90' title="bbox 301 4283 1941 4365">
     <span class='ocr_line' id='line_1_90' title="bbox 301 4283 1941 4365; baseline -0.001 -25"><span class='ocrx_word' id='word_1_641' title='bbox 301 4309 381 4359; x_wconf 76' lang='grc' dir='ltr'><strong>νορ</strong></span> <span class='ocrx_word' id='word_1_642' title='bbox 423 4285 510 4342; x_wconf 74' lang='grc' dir='ltr'><strong>ἰπὶ</strong></span> <span class='ocrx_word' id='word_1_643' title='bbox 552 4291 670 4342; x_wconf 83' lang='grc' dir='ltr'><strong>νοῦν</strong></span> <span class='ocrx_word' id='word_1_644' title='bbox 714 4284 844 4352; x_wconf 80' lang='grc' dir='ltr'><strong>ἦλθε</strong></span> <span class='ocrx_word' id='word_1_645' title='bbox 903 4294 1080 4356; x_wconf 73' lang='grc' dir='ltr'><strong>(τοῦτο</strong></span> <span class='ocrx_word' id='word_1_646' title='bbox 1112 4286 1212 4364; x_wconf 78' lang='grc' dir='ltr'><strong>γὰρ</strong></span> <span class='ocrx_word' id='word_1_647' title='bbox 1260 4287 1289 4341; x_wconf 87' lang='lat'><strong>6</strong></span> <span class='ocrx_word' id='word_1_648' title='bbox 1318 4283 1516 4365; x_wconf 76' lang='grc' dir='ltr'><strong>σφόδρα</strong></span> <span class='ocrx_word' id='word_1_649' title='bbox 1543 4288 1650 4339; x_wconf 82' lang='grc' dir='ltr'><strong>τῶν</strong></span> <span class='ocrx_word' id='word_1_650' title='bbox 1678 4283 1941 4362; x_wconf 49' lang='grc' dir='ltr'><strong>λογισμῶν</strong></span> 
     </span>
    </p>
   </div>
   <div class='ocr_carea' id='block_1_91' title="bbox 2028 4277 3684 4365">
    <p class='ocr_par' dir='ltr' id='par_1_91' title="bbox 2040 4277 3684 4358">
     <span class='ocr_line' id='line_1_91' title="bbox 2040 4277 3684 4358; baseline 0.002 -18"><span class='ocrx_word' id='word_1_651' title='bbox 2040 4298 2157 4340; x_wconf 91' lang='lat' dir='ltr'><strong>non</strong></span> <span class='ocrx_word' id='word_1_652' title='bbox 2191 4279 2382 4340; x_wconf 91' lang='lat' dir='ltr'><strong>solum</strong></span> <span class='ocrx_word' id='word_1_653' title='bbox 2421 4296 2631 4357; x_wconf 85' lang='lat' dir='ltr'><strong>magno</strong></span> <span class='ocrx_word' id='word_1_654' title='bbox 2663 4277 2749 4339; x_wconf 92' lang='lat' dir='ltr'><strong>illi</strong></span> <span class='ocrx_word' id='word_1_655' title='bbox 2784 4297 3086 4358; x_wconf 89' lang='lat' dir='ltr'><strong>nunquam</strong></span> <span class='ocrx_word' id='word_1_656' title='bbox 3121 4280 3178 4340; x_wconf 92' lang='lat' dir='ltr'><strong>in</strong></span> <span class='ocrx_word' id='word_1_657' title='bbox 3210 4289 3470 4341; x_wconf 84' lang='lat' dir='ltr'><strong>mentem</strong></span> <span class='ocrx_word' id='word_1_658' title='bbox 3510 4299 3684 4343; x_wconf 64' lang='lat' dir='ltr'><strong>Vene-</strong></span> 
     </span>
    </p>
   </div>
   <div class='ocr_carea' id='block_1_92' title="bbox 303 4367 1941 4455">
    <p class='ocr_par' dir='ltr' id='par_1_92' title="bbox 303 4373 1941 4455">
     <span class='ocr_line' id='line_1_92' title="bbox 303 4373 1941 4455; baseline -0.002 -22"><span class='ocrx_word' id='word_1_659' title='bbox 303 4374 645 4450; x_wconf 70' lang='grc' dir='ltr'><strong>ἐκκρουσθεὶς</strong></span> <span class='ocrx_word' id='word_1_660' title='bbox 693 4374 1044 4447; x_wconf 73' lang='grc' dir='ltr'><strong>ἐπίστευσεν),</strong></span> <span class='ocrx_word' id='word_1_661' title='bbox 1104 4373 1225 4432; x_wconf 84' lang='grc' dir='ltr'><strong>ἀλλ⁹</strong></span> <span class='ocrx_word' id='word_1_662' title='bbox 1283 4373 1400 4431; x_wconf 63' lang='grc' dir='ltr'><strong>οῦδὲ</strong></span> <span class='ocrx_word' id='word_1_663' title='bbox 1452 4377 1558 4430; x_wconf 82' lang='grc' dir='ltr'><strong>τῶν</strong></span> <span class='ocrx_word' id='word_1_664' title='bbox 1587 4373 1791 4432; x_wconf 74' lang='grc' dir='ltr'><strong>ἐκείνου</strong></span> <span class='ocrx_word' id='word_1_665' title='bbox 1831 4396 1941 4455; x_wconf 77' lang='grc' dir='ltr'><strong>φοι-</strong></span> 
     </span>
    </p>
   </div>
   <div class='ocr_carea' id='block_1_93' title="bbox 2028 4367 3683 4455">
    <p class='ocr_par' dir='ltr' id='par_1_93' title="bbox 2037 4367 3683 4448">
     <span class='ocr_line' id='line_1_93' title="bbox 2037 4367 3683 4448; baseline -0.001 -15"><span class='ocrx_word' id='word_1_666' title='bbox 2037 4377 2178 4434; x_wconf 88' lang='lat' dir='ltr'><strong>runt</strong></span> <span class='ocrx_word' id='word_1_667' title='bbox 2213 4368 2350 4438; x_wconf 86' lang='lat' dir='ltr'><strong>(hoc</strong></span> <span class='ocrx_word' id='word_1_668' title='bbox 2405 4371 2563 4429; x_wconf 90' lang='lat' dir='ltr'><strong>enim</strong></span> <span class='ocrx_word' id='word_1_669' title='bbox 2600 4387 2675 4429; x_wconf 90' lang='lat' dir='ltr'><strong>ne</strong></span> <span class='ocrx_word' id='word_1_670' title='bbox 2727 4371 2829 4445; x_wconf 90' lang='lat' dir='ltr'><strong>qui</strong></span> <span class='ocrx_word' id='word_1_671' title='bbox 2881 4367 3050 4430; x_wconf 83' lang='lat' dir='ltr'><strong>valde</strong></span> <span class='ocrx_word' id='word_1_672' title='bbox 3097 4367 3338 4448; x_wconf 87' lang='lat' dir='ltr'><strong>quidem</strong></span> <span class='ocrx_word' id='word_1_673' title='bbox 3391 4387 3424 4430; x_wconf 91' lang='lat' dir='ltr'><strong>a</strong></span> <span class='ocrx_word' id='word_1_674' title='bbox 3485 4379 3683 4432; x_wconf 90' lang='lat' dir='ltr'><strong>mente</strong></span> 
     </span>
    </p>
   </div>
   <div class='ocr_carea' id='block_1_94' title="bbox 304 4456 1941 4553">
    <p class='ocr_par' dir='ltr' id='par_1_94' title="bbox 304 4459 1941 4542">
     <span class='ocr_line' id='line_1_94' title="bbox 304 4459 1941 4542; baseline -0.002 -19"><span class='ocrx_word' id='word_1_675' title='bbox 304 4463 490 4532; x_wconf 82' lang='grc' dir='ltr'><strong>τητῶν</strong></span> <span class='ocrx_word' id='word_1_676' title='bbox 546 4463 738 4539; x_wconf 78' lang='grc' dir='ltr'><strong>οὐδενὶ,</strong></span> <span class='ocrx_word' id='word_1_677' title='bbox 772 4463 975 4522; x_wconf 87' lang='grc' dir='ltr'><strong>πολλοῦ</strong></span> <span class='ocrx_word' id='word_1_678' title='bbox 1009 4484 1070 4542; x_wconf 84' lang='grc' dir='ltr'><strong>γε</strong></span> <span class='ocrx_word' id='word_1_679' title='bbox 1109 4461 1216 4526; x_wconf 83' lang='grc' dir='ltr'><strong>δεῖ.</strong></span> <span class='ocrx_word' id='word_1_680' title='bbox 1264 4465 1340 4522; x_wconf 82' lang='grc' dir='ltr'><strong>Τὰ</strong></span> <span class='ocrx_word' id='word_1_681' title='bbox 1368 4461 1423 4519; x_wconf 80' lang='grc' dir='ltr'><strong>δὲ</strong></span> <span class='ocrx_word' id='word_1_682' title='bbox 1453 4461 1519 4530; x_wconf 77' lang='grc' dir='ltr'><strong>ἧν</strong></span> <span class='ocrx_word' id='word_1_683' title='bbox 1548 4464 1620 4527; x_wconf 81' lang='grc' dir='ltr'><strong>ὡς</strong></span> <span class='ocrx_word' id='word_1_684' title='bbox 1649 4459 1828 4523; x_wconf 82' lang='grc' dir='ltr'><strong>Ἐάλω</strong></span> <span class='ocrx_word' id='word_1_685' title='bbox 1857 4463 1941 4538; x_wconf 52' lang='grc' dir='ltr'><strong>μὲι</strong></span> 
     </span>
    </p>
   </div>
   <div class='ocr_carea' id='block_1_95' title="bbox 2028 4456 3685 4553">
    <p class='ocr_par' dir='ltr' id='par_1_95' title="bbox 2040 4456 3685 4553">
     <span class='ocr_line' id='line_1_95' title="bbox 2040 4456 3685 4553; baseline -0.001 -30"><span class='ocrx_word' id='word_1_686' title='bbox 2040 4459 2338 4532; x_wconf 84' lang='lat' dir='ltr'><strong>discessit,</strong></span> <span class='ocrx_word' id='word_1_687' title='bbox 2367 4457 2734 4553; x_wconf 76' lang='lat' dir='ltr'><strong>crediderit),</strong></span> <span class='ocrx_word' id='word_1_688' title='bbox 2765 4456 3014 4553; x_wconf 36' lang='lat' dir='ltr'><strong>sed-nec</strong></span> <span class='ocrx_word' id='word_1_689' title='bbox 3048 4459 3153 4553; x_wconf 77' lang='lat' dir='ltr'><strong>ulli</strong></span> <span class='ocrx_word' id='word_1_690' title='bbox 3181 4478 3252 4520; x_wconf 85' lang='lat' dir='ltr'><strong>ex</strong></span> <span class='ocrx_word' id='word_1_691' title='bbox 3307 4459 3468 4521; x_wconf 91' lang='lat' dir='ltr'><strong>illius</strong></span> <span class='ocrx_word' id='word_1_692' title='bbox 3499 4461 3685 4522; x_wconf 89' lang='lat' dir='ltr'><strong>disci-</strong></span> 
     </span>
    </p>
   </div>
   <div class='ocr_carea' id='block_1_96' title="bbox 304 4545 1941 4634">
    <p class='ocr_par' dir='ltr' id='par_1_96' title="bbox 304 4551 1941 4634">
     <span class='ocr_line' id='line_1_96' title="bbox 304 4551 1941 4634; baseline 0 -24"><span class='ocrx_word' id='word_1_693' title='bbox 304 4553 428 4610; x_wconf 87' lang='grc' dir='ltr'><strong>κατ’</strong></span> <span class='ocrx_word' id='word_1_694' title='bbox 472 4553 636 4634; x_wconf 80' lang='grc' dir='ltr'><strong>ἄκρας</strong></span> <span class='ocrx_word' id='word_1_695' title='bbox 696 4554 826 4631; x_wconf 72' lang='grc' dir='ltr'><strong>ἐμοῦ</strong></span> <span class='ocrx_word' id='word_1_696' title='bbox 874 4551 1098 4633; x_wconf 80' lang='grc' dir='ltr'><strong>Δανιὴλ,</strong></span> <span class='ocrx_word' id='word_1_697' title='bbox 1133 4552 1346 4620; x_wconf 74' lang='grc' dir='ltr'><strong>ἐδέξατο</strong></span> <span class='ocrx_word' id='word_1_698' title='bbox 1403 4552 1458 4608; x_wconf 81' lang='grc' dir='ltr'><strong>δὲ</strong></span> <span class='ocrx_word' id='word_1_699' title='bbox 1489 4558 1557 4630; x_wconf 75' lang='grc' dir='ltr'><strong>τῇ</strong></span> <span class='ocrx_word' id='word_1_700' title='bbox 1585 4557 1742 4632; x_wconf 76' lang='grc' dir='ltr'>ψυχῇ</span> <span class='ocrx_word' id='word_1_701' title='bbox 1772 4555 1831 4610; x_wconf 80' lang='grc' dir='ltr'><strong>τὸ</strong></span> <span class='ocrx_word' id='word_1_702' title='bbox 1860 4553 1941 4630; x_wconf 76' lang='grc' dir='ltr'><strong>βέ-</strong></span> 
     </span>
    </p>
   </div>
   <div class='ocr_carea' id='block_1_97' title="bbox 2028 4545 3679 4634">
    <p class='ocr_par' dir='ltr' id='par_1_97' title="bbox 2042 4545 3679 4632">
     <span class='ocr_line' id='line_1_97' title="bbox 2042 4545 3679 4632; baseline -0.001 -20"><span class='ocrx_word' id='word_1_703' title='bbox 2042 4551 2222 4632; x_wconf 87' lang='lat' dir='ltr'><strong>pulis,</strong></span> <span class='ocrx_word' id='word_1_704' title='bbox 2279 4547 2528 4608; x_wconf 90' lang='lat' dir='ltr'><strong>multum</strong></span> <span class='ocrx_word' id='word_1_705' title='bbox 2560 4548 2803 4628; x_wconf 86' lang='lat' dir='ltr'><strong>quidem</strong></span> <span class='ocrx_word' id='word_1_706' title='bbox 2837 4546 3027 4609; x_wconf 88' lang='lat' dir='ltr'><strong>abest.</strong></span> <span class='ocrx_word' id='word_1_707' title='bbox 3061 4545 3200 4609; x_wconf 56' lang='lat' dir='ltr'><strong>Haec</strong></span> <span class='ocrx_word' id='word_1_708' title='bbox 3229 4556 3430 4611; x_wconf 90' lang='lat' dir='ltr'><strong>autem</strong></span> <span class='ocrx_word' id='word_1_709' title='bbox 3462 4559 3631 4612; x_wconf 89' lang='lat' dir='ltr'><strong>erant</strong></span> <span class='ocrx_word' id='word_1_710' title='bbox 3665 4568 3679 4611; x_wconf 89' lang='lat'><strong>:</strong></span> 
     </span>
    </p>
   </div>
   <div class='ocr_carea' id='block_1_98' title="bbox 308 4637 1941 4723">
    <p class='ocr_par' dir='ltr' id='par_1_98' title="bbox 308 4641 1941 4723">
     <span class='ocr_line' id='line_1_98' title="bbox 308 4641 1941 4723; baseline -0.001 -22"><span class='ocrx_word' id='word_1_711' title='bbox 308 4643 429 4718; x_wconf 87' lang='grc' dir='ltr'><strong>λος,</strong></span> <span class='ocrx_word' id='word_1_712' title='bbox 486 4646 574 4701; x_wconf 76' lang='grc' dir='ltr'><strong>καὶ</strong></span> <span class='ocrx_word' id='word_1_713' title='bbox 630 4641 784 4707; x_wconf 82' lang='grc' dir='ltr'><strong>τέλος</strong></span> <span class='ocrx_word' id='word_1_714' title='bbox 838 4647 913 4708; x_wconf 86' lang='grc' dir='ltr'><strong>ὡς</strong></span> <span class='ocrx_word' id='word_1_715' title='bbox 971 4642 1230 4723; x_wconf 75' lang='grc' dir='ltr'><strong>ἐπέτρεψε</strong></span> <span class='ocrx_word' id='word_1_716' title='bbox 1262 4656 1382 4706; x_wconf 86' lang='grc' dir='ltr'><strong>τοῖς</strong></span> <span class='ocrx_word' id='word_1_717' title='bbox 1429 4647 1701 4718; x_wconf 74' lang='grc' dir='ltr'><strong>μαθηταῖς</strong></span> <span class='ocrx_word' id='word_1_718' title='bbox 1732 4643 1941 4722; x_wconf 70' lang='grc' dir='ltr'><strong>ἀγαγεῖε</strong></span> 
     </span>
    </p>
   </div>
   <div class='ocr_carea' id='block_1_99' title="bbox 2028 4637 3690 4723">
    <p class='ocr_par' dir='ltr' id='par_1_99' title="bbox 2045 4637 3690 4719">
     <span class='ocr_line' id='line_1_99' title="bbox 2045 4637 3690 4719; baseline 0 -16"><span class='ocrx_word' id='word_1_719' title='bbox 2045 4640 2160 4704; x_wconf 88' lang='lat' dir='ltr'><strong>Mei</strong></span> <span class='ocrx_word' id='word_1_720' title='bbox 2185 4656 2412 4714; x_wconf 88' lang='lat' dir='ltr'><strong>amore,</strong></span> <span class='ocrx_word' id='word_1_721' title='bbox 2448 4637 2886 4718; x_wconf 87' lang='lat' dir='ltr'><strong>dicebat,valde</strong></span> <span class='ocrx_word' id='word_1_722' title='bbox 2907 4637 3154 4714; x_wconf 91' lang='lat' dir='ltr'><strong>quidem</strong></span> <span class='ocrx_word' id='word_1_723' title='bbox 3187 4647 3395 4719; x_wconf 90' lang='lat' dir='ltr'><strong>captus</strong></span> <span class='ocrx_word' id='word_1_724' title='bbox 3424 4649 3550 4702; x_wconf 87' lang='lat' dir='ltr'><strong>erat</strong></span> <span class='ocrx_word' id='word_1_725' title='bbox 3579 4639 3690 4704; x_wconf 87' lang='lat' dir='ltr'><strong>Da-</strong></span> 
     </span>
    </p>
   </div>
   <div class='ocr_carea' id='block_1_100' title="bbox 310 4725 1941 4811">
    <p class='ocr_par' dir='ltr' id='par_1_100' title="bbox 310 4730 1932 4811">
     <span class='ocr_line' id='line_1_100' title="bbox 310 4730 1932 4811; baseline 0.001 -22"><span class='ocrx_word' id='word_1_726' title='bbox 310 4754 383 4811; x_wconf 86' lang='grc' dir='ltr'><strong>με</strong></span> <span class='ocrx_word' id='word_1_727' title='bbox 426 4730 512 4790; x_wconf 82' lang='grc' dir='ltr'><strong>διὰ</strong></span> <span class='ocrx_word' id='word_1_728' title='bbox 567 4738 666 4800; x_wconf 80' lang='grc' dir='ltr'><strong>τῆς</strong></span> <span class='ocrx_word' id='word_1_729' title='bbox 727 4732 990 4810; x_wconf 87' lang='grc' dir='ltr'><strong>κλίμακος</strong></span> <span class='ocrx_word' id='word_1_730' title='bbox 1049 4735 1179 4810; x_wconf 81' lang='grc' dir='ltr'><strong>πρὸς</strong></span> <span class='ocrx_word' id='word_1_731' title='bbox 1237 4734 1396 4790; x_wconf 75' lang='grc' dir='ltr'><strong>αὐτόν</strong></span> <span class='ocrx_word' id='word_1_732' title='bbox 1429 4751 1443 4766; x_wconf 90' lang='grc'><strong>·</strong></span> <span class='ocrx_word' id='word_1_733' title='bbox 1508 4731 1640 4806; x_wconf 71' lang='grc' dir='ltr'><strong>ἐμοῦ</strong></span> <span class='ocrx_word' id='word_1_734' title='bbox 1681 4732 1760 4807; x_wconf 81' lang='grc' dir='ltr'><strong>δὲ,</strong></span> <span class='ocrx_word' id='word_1_735' title='bbox 1792 4738 1932 4800; x_wconf 72' lang='grc' dir='ltr'><strong>φησὶ</strong></span> 
     </span>
    </p>
   </div>
   <div class='ocr_carea' id='block_1_101' title="bbox 2028 4725 3684 4811">
    <p class='ocr_par' dir='ltr' id='par_1_101' title="bbox 2045 4725 3684 4809">
     <span class='ocr_line' id='line_1_101' title="bbox 2045 4725 3684 4809; baseline 0.002 -20"><span class='ocrx_word' id='word_1_736' title='bbox 2045 4727 2208 4798; x_wconf 86' lang='lat' dir='ltr'><strong>niel;</strong></span> <span class='ocrx_word' id='word_1_737' title='bbox 2237 4728 2439 4786; x_wconf 88' lang='lat' dir='ltr'><strong>animo</strong></span> <span class='ocrx_word' id='word_1_738' title='bbox 2472 4743 2611 4787; x_wconf 87' lang='lat' dir='ltr'><strong>vero</strong></span> <span class='ocrx_word' id='word_1_739' title='bbox 2638 4725 2818 4787; x_wconf 91' lang='lat' dir='ltr'><strong>telum</strong></span> <span class='ocrx_word' id='word_1_740' title='bbox 2853 4736 3256 4809; x_wconf 85' lang='lat' dir='ltr'><strong>acceperat,et</strong></span> <span class='ocrx_word' id='word_1_741' title='bbox 3286 4727 3525 4790; x_wconf 83' lang='lat' dir='ltr'><strong>tandem</strong></span> <span class='ocrx_word' id='word_1_742' title='bbox 3548 4747 3684 4792; x_wconf 91' lang='lat' dir='ltr'><strong>cum</strong></span> 
     </span>
    </p>
   </div>
   <div class='ocr_carea' id='block_1_102' title="bbox 311 4821 1962 4904">
    <p class='ocr_par' dir='ltr' id='par_1_102' title="bbox 311 4821 1962 4904">
     <span class='ocr_line' id='line_1_102' title="bbox 311 4821 1962 4904; baseline 0.001 -25"><span class='ocrx_word' id='word_1_743' title='bbox 311 4825 395 4902; x_wconf 82' lang='grc' dir='ltr'><strong>μὴ</strong></span> <span class='ocrx_word' id='word_1_744' title='bbox 455 4822 836 4904; x_wconf 83' lang='grc' dir='ltr'><strong>ἀνασχομένης</strong></span> <span class='ocrx_word' id='word_1_745' title='bbox 899 4821 1282 4881; x_wconf 75' lang='grc' dir='ltr'><strong>ἐϐουλεύσαντο</strong></span> <span class='ocrx_word' id='word_1_746' title='bbox 1319 4821 1526 4878; x_wconf 61' lang='grc' dir='ltr'><strong>ἀνελεῖν</strong></span> <span class='ocrx_word' id='word_1_747' title='bbox 1573 4830 1667 4880; x_wconf 86' lang='grc' dir='ltr'><strong>τοῦ</strong></span> <span class='ocrx_word' id='word_1_748' title='bbox 1693 4823 1795 4890; x_wconf 76' lang='grc' dir='ltr'><strong>τὴν</strong></span> <span class='ocrx_word' id='word_1_749' title='bbox 1827 4824 1962 4880; x_wconf 85' lang='grc' dir='ltr'><strong>ἀκο-</strong></span> 
     </span>
    </p>
   </div>
   <div class='ocr_carea' id='block_1_103' title="bbox 313 4908 1961 4992">
    <p class='ocr_par' dir='ltr' id='par_1_103' title="bbox 313 4908 1961 4992">
     <span class='ocr_line' id='line_1_103' title="bbox 313 4908 1961 4992; baseline -0.001 -22"><span class='ocrx_word' id='word_1_750' title='bbox 313 4913 506 4970; x_wconf 87' lang='grc' dir='ltr'><strong>λασίαν</strong></span> <span class='ocrx_word' id='word_1_751' title='bbox 574 4915 776 4981; x_wconf 86' lang='grc' dir='ltr'><strong>ταύτην</strong></span> <span class='ocrx_word' id='word_1_752' title='bbox 822 4911 1007 4969; x_wconf 81' lang='grc' dir='ltr'><strong>λαθεῖν</strong></span> <span class='ocrx_word' id='word_1_753' title='bbox 1040 4934 1055 4950; x_wconf 87' lang='grc'><strong>·</strong></span> <span class='ocrx_word' id='word_1_754' title='bbox 1101 4913 1189 4969; x_wconf 87' lang='grc' dir='ltr'><strong>καὶ</strong></span> <span class='ocrx_word' id='word_1_755' title='bbox 1248 4908 1359 4968; x_wconf 83' lang='grc' dir='ltr'><strong>ἰδοὺ</strong></span> <span class='ocrx_word' id='word_1_756' title='bbox 1427 4910 1585 4987; x_wconf 77' lang='grc' dir='ltr'><strong>μόλις</strong></span> <span class='ocrx_word' id='word_1_757' title='bbox 1627 4913 1722 4975; x_wconf 80' lang='grc' dir='ltr'><strong>τὰς</strong></span> <span class='ocrx_word' id='word_1_758' title='bbox 1767 4926 1961 4992; x_wconf 88' lang='grc' dir='ltr'><strong>χεῖρας</strong></span> 
     </span>
    </p>
   </div>
   <div class='ocr_carea' id='block_1_104' title="bbox 313 4999 1963 5083">
    <p class='ocr_par' dir='ltr' id='par_1_104' title="bbox 313 4999 1963 5083">
     <span class='ocr_line' id='line_1_104' title="bbox 313 4999 1963 5083; baseline -0.001 -24"><span class='ocrx_word' id='word_1_759' title='bbox 313 5006 490 5062; x_wconf 79' lang='grc' dir='ltr'><strong>αὒτῶν</strong></span> <span class='ocrx_word' id='word_1_760' title='bbox 520 4999 842 5082; x_wconf 79' lang='grc' dir='ltr'><strong>διαδράσασα</strong></span> <span class='ocrx_word' id='word_1_761' title='bbox 872 5008 942 5079; x_wconf 75' lang='grc' dir='ltr'><strong>τῇ</strong></span> <span class='ocrx_word' id='word_1_762' title='bbox 973 5004 1116 5083; x_wconf 76' lang='grc' dir='ltr'><strong>φυγῇ</strong></span> <span class='ocrx_word' id='word_1_763' title='bbox 1145 5001 1447 5076; x_wconf 83' lang='grc' dir='ltr'><strong>σέσωσμαι.</strong></span> <span class='ocrx_word' id='word_1_764' title='bbox 1481 5000 1634 5058; x_wconf 76' lang='grc' dir='ltr'><strong>Οὕτω</strong></span> <span class='ocrx_word' id='word_1_765' title='bbox 1677 5006 1776 5069; x_wconf 79' lang='grc' dir='ltr'><strong>τῆς</strong></span> <span class='ocrx_word' id='word_1_766' title='bbox 1834 5020 1963 5078; x_wconf 83' lang='grc' dir='ltr'><strong>μαι-</strong></span> 
     </span>
    </p>
   </div>
   <div class='ocr_carea' id='block_1_105' title="bbox 314 5088 1965 5172">
    <p class='ocr_par' dir='ltr' id='par_1_105' title="bbox 314 5088 1965 5172">
     <span class='ocr_line' id='line_1_105' title="bbox 314 5088 1965 5172; baseline -0.001 -22"><span class='ocrx_word' id='word_1_767' title='bbox 314 5090 472 5158; x_wconf 81' lang='grc' dir='ltr'><strong>νάδος</strong></span> <span class='ocrx_word' id='word_1_768' title='bbox 503 5091 788 5171; x_wconf 68' lang='grc' dir='ltr'><strong>εόἐλεγκτα</strong></span> <span class='ocrx_word' id='word_1_769' title='bbox 813 5161 822 5172; x_wconf 39' lang='grc' dir='ltr'>ι</span> <span class='ocrx_word' id='word_1_770' title='bbox 843 5088 1272 5169; x_wconf 76' lang='grc' dir='ltr'><strong>διαψευδομένης</strong></span> <span class='ocrx_word' id='word_1_771' title='bbox 1321 5088 1558 5169; x_wconf 72' lang='grc' dir='ltr'><strong>ἥρπαζον</strong></span> <span class='ocrx_word' id='word_1_772' title='bbox 1602 5090 1800 5149; x_wconf 73' lang='grc' dir='ltr'><strong>ἆκεῖνοι</strong></span> <span class='ocrx_word' id='word_1_773' title='bbox 1842 5093 1965 5155; x_wconf 78' lang='grc' dir='ltr'><strong>τοὺς</strong></span> 
     </span>
    </p>
   </div>
   <div class='ocr_carea' id='block_1_106' title="bbox 313 5179 1967 5262">
    <p class='ocr_par' dir='ltr' id='par_1_106' title="bbox 313 5179 1967 5262">
     <span class='ocr_line' id='line_1_106' title="bbox 313 5179 1967 5262; baseline -0.001 -22"><span class='ocrx_word' id='word_1_774' title='bbox 313 5181 511 5262; x_wconf 85' lang='grc' dir='ltr'><strong>λόγους</strong></span> <span class='ocrx_word' id='word_1_775' title='bbox 568 5183 644 5247; x_wconf 81' lang='grc' dir='ltr'><strong>ὡς</strong></span> <span class='ocrx_word' id='word_1_776' title='bbox 699 5181 1080 5249; x_wconf 68' lang='grc' dir='ltr'><strong>ἀληθεστάτοις</strong></span> <span class='ocrx_word' id='word_1_777' title='bbox 1125 5180 1485 5260; x_wconf 70' lang='grc' dir='ltr'><strong>προσέχοντες</strong></span> <span class='ocrx_word' id='word_1_778' title='bbox 1521 5197 1536 5212; x_wconf 81' lang='grc'><strong><em>⁸</em></strong></span> <span class='ocrx_word' id='word_1_779' title='bbox 1583 5179 1618 5238; x_wconf 74' lang='grc' dir='ltr'>ἃ</span> <span class='ocrx_word' id='word_1_780' title='bbox 1679 5183 1780 5261; x_wconf 78' lang='grc' dir='ltr'><strong>γὰρ</strong></span> <span class='ocrx_word' id='word_1_781' title='bbox 1809 5180 1967 5239; x_wconf 65' lang='grc' dir='ltr'><strong>ἰδού-</strong></span> 
     </span>
    </p>
   </div>
   <div class='ocr_carea' id='block_1_107' title="bbox 316 5268 1970 5354">
    <p class='ocr_par' dir='ltr' id='par_1_107' title="bbox 316 5268 1970 5354">
     <span class='ocr_line' id='line_1_107' title="bbox 316 5268 1970 5354; baseline -0.001 -24"><span class='ocrx_word' id='word_1_782' title='bbox 316 5271 501 5348; x_wconf 86' lang='grc' dir='ltr'><strong>λοντο,</strong></span> <span class='ocrx_word' id='word_1_783' title='bbox 561 5278 726 5330; x_wconf 83' lang='grc' dir='ltr'><strong>ταῦτα</strong></span> <span class='ocrx_word' id='word_1_784' title='bbox 757 5274 847 5328; x_wconf 85' lang='grc' dir='ltr'><strong>καὶ</strong></span> <span class='ocrx_word' id='word_1_785' title='bbox 887 5270 1063 5340; x_wconf 84' lang='grc' dir='ltr'><strong>ἀληθῆ</strong></span> <span class='ocrx_word' id='word_1_786' title='bbox 1112 5271 1256 5329; x_wconf 73' lang='grc' dir='ltr'><strong>εἶναι</strong></span> <span class='ocrx_word' id='word_1_787' title='bbox 1283 5268 1476 5354; x_wconf 79' lang='grc' dir='ltr'><strong>ᾤοντο,</strong></span> <span class='ocrx_word' id='word_1_788' title='bbox 1507 5273 1595 5330; x_wconf 75' lang='grc' dir='ltr'><strong>καὶ</strong></span> <span class='ocrx_word' id='word_1_789' title='bbox 1634 5285 1754 5337; x_wconf 86' lang='grc' dir='ltr'><strong>τοῖς</strong></span> <span class='ocrx_word' id='word_1_790' title='bbox 1785 5271 1970 5336; x_wconf 78' lang='grc' dir='ltr'><strong>ἄλλοις</strong></span> 
     </span>
    </p>
   </div>
   <div class='ocr_carea' id='block_1_108' title="bbox 319 5359 1970 5440">
    <p class='ocr_par' dir='ltr' id='par_1_108' title="bbox 319 5359 1970 5440">
     <span class='ocr_line' id='line_1_108' title="bbox 319 5359 1970 5440; baseline 0 -20"><span class='ocrx_word' id='word_1_791' title='bbox 319 5363 698 5437; x_wconf 79' lang='grc' dir='ltr'><strong>παρέπεμπον.</strong></span> <span class='ocrx_word' id='word_1_792' title='bbox 755 5360 923 5420; x_wconf 79' lang='grc' dir='ltr'><strong>Ἀλλὰ</strong></span> <span class='ocrx_word' id='word_1_793' title='bbox 972 5362 1073 5440; x_wconf 75' lang='grc' dir='ltr'><strong>γὰρ</strong></span> <span class='ocrx_word' id='word_1_794' title='bbox 1117 5364 1146 5418; x_wconf 90' lang='lat'><strong>6</strong></span> <span class='ocrx_word' id='word_1_795' title='bbox 1201 5359 1360 5426; x_wconf 70' lang='grc' dir='ltr'><strong>αὒτὸς</strong></span> <span class='ocrx_word' id='word_1_796' title='bbox 1418 5361 1484 5430; x_wconf 79' lang='grc' dir='ltr'><strong>ἧν</strong></span> <span class='ocrx_word' id='word_1_797' title='bbox 1519 5361 1785 5420; x_wconf 85' lang='grc' dir='ltr'><strong>κάνταῦθα</strong></span> <span class='ocrx_word' id='word_1_798' title='bbox 1841 5366 1970 5428; x_wconf 82' lang='grc' dir='ltr'><strong>Θεὸς</strong></span> 
     </span>
    </p>
   </div>
   <div class='ocr_carea' id='block_1_109' title="bbox 320 5450 1970 5533">
    <p class='ocr_par' dir='ltr' id='par_1_109' title="bbox 320 5450 1970 5533">
     <span class='ocr_line' id='line_1_109' title="bbox 320 5450 1970 5533; baseline 0 -23"><span class='ocrx_word' id='word_1_799' title='bbox 320 5455 412 5510; x_wconf 84' lang='grc' dir='ltr'><strong>καὶ</strong></span> <span class='ocrx_word' id='word_1_800' title='bbox 464 5454 530 5509; x_wconf 82' lang='grc' dir='ltr'><strong>τὸ</strong></span> <span class='ocrx_word' id='word_1_801' title='bbox 572 5457 673 5520; x_wconf 80' lang='grc' dir='ltr'><strong>τῆς</strong></span> <span class='ocrx_word' id='word_1_802' title='bbox 728 5450 877 5520; x_wconf 87' lang='grc' dir='ltr'><strong>δίκης</strong></span> <span class='ocrx_word' id='word_1_803' title='bbox 927 5450 1159 5531; x_wconf 71' lang='grc' dir='ltr'><strong>ἄφυκτον</strong></span> <span class='ocrx_word' id='word_1_804' title='bbox 1207 5453 1296 5508; x_wconf 86' lang='grc' dir='ltr'><strong>καὶ</strong></span> <span class='ocrx_word' id='word_1_805' title='bbox 1353 5450 1644 5519; x_wconf 80' lang='grc' dir='ltr'><strong>ἆλάθητον,</strong></span> <span class='ocrx_word' id='word_1_806' title='bbox 1675 5453 1735 5510; x_wconf 88' lang='grc' dir='ltr'><strong>Τί</strong></span> <span class='ocrx_word' id='word_1_807' title='bbox 1768 5452 1855 5510; x_wconf 70' lang='grc' dir='ltr'><strong>οῦν</strong></span> <span class='ocrx_word' id='word_1_808' title='bbox 1885 5453 1970 5533; x_wconf 83' lang='grc' dir='ltr'><strong>γί-</strong></span> 
     </span>
    </p>
   </div>
   <div class='ocr_carea' id='block_1_110' title="bbox 323 5542 1970 5622">
    <p class='ocr_par' dir='ltr' id='par_1_110' title="bbox 323 5542 1970 5622">
     <span class='ocr_line' id='line_1_110' title="bbox 323 5542 1970 5622; baseline 0.001 -22"><span class='ocrx_word' id='word_1_809' title='bbox 323 5562 496 5622; x_wconf 70' lang='grc' dir='ltr'><strong>νεται,</strong></span> <span class='ocrx_word' id='word_1_810' title='bbox 560 5543 652 5600; x_wconf 78' lang='grc' dir='ltr'><strong>καὶ</strong></span> <span class='ocrx_word' id='word_1_811' title='bbox 707 5544 822 5606; x_wconf 82' lang='grc' dir='ltr'><strong>πῶς</strong></span> <span class='ocrx_word' id='word_1_812' title='bbox 877 5547 1046 5598; x_wconf 88' lang='grc' dir='ltr'><strong>ταῦτα</strong></span> <span class='ocrx_word' id='word_1_813' title='bbox 1099 5542 1468 5617; x_wconf 78' lang='grc' dir='ltr'><strong>οἰκοναμεῖται</strong></span> <span class='ocrx_word' id='word_1_814' title='bbox 1501 5561 1518 5619; x_wconf 81' lang='lat'><strong>;</strong></span> <span class='ocrx_word' id='word_1_815' title='bbox 1555 5547 1768 5619; x_wconf 85' lang='grc' dir='ltr'><strong>Πνεῦμα</strong></span> <span class='ocrx_word' id='word_1_816' title='bbox 1795 5563 1970 5612; x_wconf 84' lang='grc' dir='ltr'><strong>πονη-</strong></span> 
     </span>
    </p>
   </div>
   <div class='ocr_carea' id='block_1_111' title="bbox 323 5628 1974 5719">
    <p class='ocr_par' dir='ltr' id='par_1_111' title="bbox 323 5628 1974 5719">
     <span class='ocr_line' id='line_1_111' title="bbox 323 5628 1974 5719; baseline 0 -27"><span class='ocrx_word' id='word_1_817' title='bbox 323 5637 418 5719; x_wconf 80' lang='grc' dir='ltr'><strong>ρὸν</strong></span> <span class='ocrx_word' id='word_1_818' title='bbox 447 5632 538 5692; x_wconf 71' lang='grc' dir='ltr'><strong>ἐπὶ</strong></span> <span class='ocrx_word' id='word_1_819' title='bbox 567 5633 668 5702; x_wconf 75' lang='grc' dir='ltr'><strong>τὴν</strong></span> <span class='ocrx_word' id='word_1_820' title='bbox 710 5629 922 5714; x_wconf 76' lang='grc' dir='ltr'><strong>φαύλην</strong></span> <span class='ocrx_word' id='word_1_821' title='bbox 963 5632 1055 5688; x_wconf 82' lang='grc' dir='ltr'><strong>καὶ</strong></span> <span class='ocrx_word' id='word_1_822' title='bbox 1097 5628 1422 5711; x_wconf 74' lang='grc' dir='ltr'><strong>ψευδολόγον</strong></span> <span class='ocrx_word' id='word_1_823' title='bbox 1475 5632 1623 5699; x_wconf 68' lang='grc' dir='ltr'><strong>εὐθὺς</strong></span> <span class='ocrx_word' id='word_1_824' title='bbox 1679 5633 1974 5718; x_wconf 73' lang='grc' dir='ltr'><strong>πέμπεται,</strong></span> 
     </span>
    </p>
   </div>
   <div class='ocr_carea' id='block_1_112' title="bbox 2039 4816 3687 4900">
    <p class='ocr_par' dir='ltr' id='par_1_112' title="bbox 2039 4816 3687 4900">
     <span class='ocr_line' id='line_1_112' title="bbox 2039 4816 3687 4900; baseline 0.001 -20"><span class='ocrx_word' id='word_1_825' title='bbox 2039 4819 2320 4900; x_wconf 87' lang='lat' dir='ltr'><strong>jussisset</strong></span> <span class='ocrx_word' id='word_1_826' title='bbox 2349 4835 2490 4878; x_wconf 86' lang='lat' dir='ltr'><strong>suos</strong></span> <span class='ocrx_word' id='word_1_827' title='bbox 2519 4816 2864 4896; x_wconf 82' lang='lat' dir='ltr'><strong>discipulos,</strong></span> <span class='ocrx_word' id='word_1_828' title='bbox 2899 4826 2962 4877; x_wconf 93' lang='lat' dir='ltr'><strong>ut</strong></span> <span class='ocrx_word' id='word_1_829' title='bbox 2993 4835 3090 4878; x_wconf 89' lang='lat' dir='ltr'><strong>me</strong></span> <span class='ocrx_word' id='word_1_830' title='bbox 3118 4835 3355 4880; x_wconf 84' lang='lat' dir='ltr'><strong>sursum</strong></span> <span class='ocrx_word' id='word_1_831' title='bbox 3387 4817 3461 4880; x_wconf 87' lang='lat' dir='ltr'><strong>ad</strong></span> <span class='ocrx_word' id='word_1_832' title='bbox 3490 4819 3687 4900; x_wconf 89' lang='lat' dir='ltr'><strong>ipsum</strong></span> 
     </span>
    </p>
   </div>
   <div class='ocr_carea' id='block_1_113' title="bbox 2049 4905 3693 4990">
    <p class='ocr_par' dir='ltr' id='par_1_113' title="bbox 2049 4905 3693 4990">
     <span class='ocr_line' id='line_1_113' title="bbox 2049 4905 3693 4990; baseline 0.001 -20"><span class='ocrx_word' id='word_1_833' title='bbox 2049 4927 2156 4990; x_wconf 88' lang='lat' dir='ltr'><strong>per</strong></span> <span class='ocrx_word' id='word_1_834' title='bbox 2183 4907 2375 4969; x_wconf 84' lang='lat' dir='ltr'><strong>scalas</strong></span> <span class='ocrx_word' id='word_1_835' title='bbox 2406 4905 2802 4981; x_wconf 89' lang='lat' dir='ltr'><strong>deducerent,</strong></span> <span class='ocrx_word' id='word_1_836' title='bbox 2836 4925 2944 4984; x_wconf 89' lang='lat' dir='ltr'><strong>ego</strong></span> <span class='ocrx_word' id='word_1_837' title='bbox 2975 4913 3199 4988; x_wconf 90' lang='lat' dir='ltr'><strong>autem,</strong></span> <span class='ocrx_word' id='word_1_838' title='bbox 3263 4907 3476 4988; x_wconf 89' lang='lat' dir='ltr'><strong>inquit,</strong></span> <span class='ocrx_word' id='word_1_839' title='bbox 3522 4927 3693 4989; x_wconf 84' lang='lat' dir='ltr'><strong>passa</strong></span> 
     </span>
    </p>
   </div>
   <div class='ocr_carea' id='block_1_114' title="bbox 2051 4995 3694 5078">
    <p class='ocr_par' dir='ltr' id='par_1_114' title="bbox 2051 4995 3694 5078">
     <span class='ocr_line' id='line_1_114' title="bbox 2051 4995 3694 5078; baseline -0.001 -17"><span class='ocrx_word' id='word_1_840' title='bbox 2051 5018 2172 5061; x_wconf 89' lang='lat' dir='ltr'><strong>non</strong></span> <span class='ocrx_word' id='word_1_841' title='bbox 2195 5014 2413 5072; x_wconf 89' lang='lat' dir='ltr'><strong>essem,</strong></span> <span class='ocrx_word' id='word_1_842' title='bbox 2442 5013 2538 5058; x_wconf 88' lang='lat' dir='ltr'><strong>me</strong></span> <span class='ocrx_word' id='word_1_843' title='bbox 2583 4995 2899 5057; x_wconf 85' lang='lat' dir='ltr'><strong>occidendi</strong></span> <span class='ocrx_word' id='word_1_844' title='bbox 2929 4995 3248 5059; x_wconf 90' lang='lat' dir='ltr'><strong>consilium</strong></span> <span class='ocrx_word' id='word_1_845' title='bbox 3282 5005 3594 5078; x_wconf 85' lang='lat' dir='ltr'><strong>ceperunt,</strong></span> <span class='ocrx_word' id='word_1_846' title='bbox 3629 5009 3694 5060; x_wconf 89' lang='lat' dir='ltr'><strong>ut</strong></span> 
     </span>
    </p>
   </div>
   <div class='ocr_carea' id='block_1_115' title="bbox 2049 5083 3695 5166">
    <p class='ocr_par' dir='ltr' id='par_1_115' title="bbox 2049 5083 3695 5166">
     <span class='ocr_line' id='line_1_115' title="bbox 2049 5083 3695 5166; baseline -0.001 -14"><span class='ocrx_word' id='word_1_847' title='bbox 2049 5091 2178 5152; x_wconf 66' lang='lat' dir='ltr'><strong>haec</strong></span> <span class='ocrx_word' id='word_1_848' title='bbox 2225 5088 2440 5148; x_wconf 86' lang='lat' dir='ltr'><strong>lateret</strong></span> <span class='ocrx_word' id='word_1_849' title='bbox 2501 5085 2984 5166; x_wconf 88' lang='lat' dir='ltr'><strong>intemperantia.</strong></span> <span class='ocrx_word' id='word_1_850' title='bbox 3041 5083 3113 5146; x_wconf 89' lang='lat' dir='ltr'><strong>Et</strong></span> <span class='ocrx_word' id='word_1_851' title='bbox 3156 5104 3295 5148; x_wconf 91' lang='lat' dir='ltr'><strong>ecce</strong></span> <span class='ocrx_word' id='word_1_852' title='bbox 3352 5087 3444 5148; x_wconf 80' lang='lat' dir='ltr'><strong>vix</strong></span> <span class='ocrx_word' id='word_1_853' title='bbox 3479 5106 3695 5150; x_wconf 84' lang='lat' dir='ltr'><strong>manus</strong></span> 
     </span>
    </p>
   </div>
   <div class='ocr_carea' id='block_1_116' title="bbox 2051 5174 3694 5255">
    <p class='ocr_par' dir='ltr' id='par_1_116' title="bbox 2051 5174 3694 5255">
     <span class='ocr_line' id='line_1_116' title="bbox 2051 5174 3694 5255; baseline -0.002 -12"><span class='ocrx_word' id='word_1_854' title='bbox 2051 5196 2260 5244; x_wconf 90' lang='lat' dir='ltr'><strong>eorum</strong></span> <span class='ocrx_word' id='word_1_855' title='bbox 2291 5176 2607 5255; x_wconf 73' lang='lat' dir='ltr'><strong>effugiens,</strong></span> <span class='ocrx_word' id='word_1_856' title='bbox 2644 5174 2790 5235; x_wconf 88' lang='lat' dir='ltr'><strong>mihi</strong></span> <span class='ocrx_word' id='word_1_857' title='bbox 2851 5176 2988 5255; x_wconf 79' lang='lat' dir='ltr'><strong>fuga</strong></span> <span class='ocrx_word' id='word_1_858' title='bbox 3029 5175 3330 5238; x_wconf 88' lang='lat' dir='ltr'><strong>consului.</strong></span> <span class='ocrx_word' id='word_1_859' title='bbox 3386 5177 3486 5240; x_wconf 89' lang='lat' dir='ltr'><strong>Sic</strong></span> <span class='ocrx_word' id='word_1_860' title='bbox 3521 5196 3694 5240; x_wconf 91' lang='lat' dir='ltr'><strong>men-</strong></span> 
     </span>
    </p>
   </div>
   <div class='ocr_carea' id='block_1_117' title="bbox 2056 5265 3696 5346">
    <p class='ocr_par' dir='ltr' id='par_1_117' title="bbox 2056 5265 3696 5346">
     <span class='ocr_line' id='line_1_117' title="bbox 2056 5265 3696 5346; baseline -0.002 -12"><span class='ocrx_word' id='word_1_861' title='bbox 2056 5274 2240 5335; x_wconf 89' lang='lat' dir='ltr'><strong>tiente</strong></span> <span class='ocrx_word' id='word_1_862' title='bbox 2273 5267 2559 5346; x_wconf 62' lang='lat' dir='ltr'><strong>maenade,</strong></span> <span class='ocrx_word' id='word_1_863' title='bbox 2621 5273 2682 5328; x_wconf 91' lang='lat' dir='ltr'><strong>et</strong></span> <span class='ocrx_word' id='word_1_864' title='bbox 2738 5282 2810 5327; x_wconf 88' lang='lat' dir='ltr'><strong>ea</strong></span> <span class='ocrx_word' id='word_1_865' title='bbox 2866 5265 3129 5344; x_wconf 87' lang='lat' dir='ltr'><strong>dicente,</strong></span> <span class='ocrx_word' id='word_1_866' title='bbox 3195 5267 3320 5329; x_wconf 66' lang='lat' dir='ltr'><strong>haec</strong></span> <span class='ocrx_word' id='word_1_867' title='bbox 3367 5269 3550 5330; x_wconf 89' lang='lat' dir='ltr'><strong>verba</strong></span> <span class='ocrx_word' id='word_1_868' title='bbox 3608 5268 3696 5331; x_wconf 90' lang='lat' dir='ltr'><strong>illi</strong></span> 
     </span>
    </p>
   </div>
   <div class='ocr_carea' id='block_1_118' title="bbox 2052 5354 3698 5439">
    <p class='ocr_par' dir='ltr' id='par_1_118' title="bbox 2052 5354 3698 5439">
     <span class='ocr_line' id='line_1_118' title="bbox 2052 5354 3698 5439; baseline -0.004 -15"><span class='ocrx_word' id='word_1_869' title='bbox 2052 5362 2436 5439; x_wconf 85' lang='lat' dir='ltr'><strong>arripuerunt</strong></span> <span class='ocrx_word' id='word_1_870' title='bbox 2467 5354 2717 5436; x_wconf 87' lang='lat' dir='ltr'><strong>perinde</strong></span> <span class='ocrx_word' id='word_1_871' title='bbox 2746 5372 2817 5416; x_wconf 89' lang='lat' dir='ltr'><strong>ac</strong></span> <span class='ocrx_word' id='word_1_872' title='bbox 2871 5355 3179 5418; x_wconf 83' lang='lat' dir='ltr'><strong>verissima</strong></span> <span class='ocrx_word' id='word_1_873' title='bbox 3209 5358 3368 5437; x_wconf 69' lang='lat' dir='ltr'><strong>(qum</strong></span> <span class='ocrx_word' id='word_1_874' title='bbox 3397 5357 3557 5418; x_wconf 90' lang='lat' dir='ltr'><strong>enim</strong></span> <span class='ocrx_word' id='word_1_875' title='bbox 3591 5375 3698 5418; x_wconf 84' lang='lat' dir='ltr'><strong>vo-</strong></span> 
     </span>
    </p>
   </div>
   <div class='ocr_carea' id='block_1_119' title="bbox 2054 5445 3699 5526">
    <p class='ocr_par' dir='ltr' id='par_1_119' title="bbox 2054 5445 3699 5526">
     <span class='ocr_line' id='line_1_119' title="bbox 2054 5445 3699 5526; baseline -0.002 -14"><span class='ocrx_word' id='word_1_876' title='bbox 2054 5449 2279 5524; x_wconf 89' lang='lat' dir='ltr'><strong>lebant,</strong></span> <span class='ocrx_word' id='word_1_877' title='bbox 2313 5465 2383 5508; x_wconf 90' lang='lat' dir='ltr'><strong>ea</strong></span> <span class='ocrx_word' id='word_1_878' title='bbox 2405 5446 2582 5508; x_wconf 85' lang='lat' dir='ltr'><strong>etiam</strong></span> <span class='ocrx_word' id='word_1_879' title='bbox 2615 5463 2754 5507; x_wconf 88' lang='lat' dir='ltr'><strong>vera</strong></span> <span class='ocrx_word' id='word_1_880' title='bbox 2784 5445 3192 5526; x_wconf 85' lang='lat' dir='ltr'><strong>putabantur),</strong></span> <span class='ocrx_word' id='word_1_881' title='bbox 3227 5457 3284 5508; x_wconf 90' lang='lat' dir='ltr'><strong>et</strong></span> <span class='ocrx_word' id='word_1_882' title='bbox 3341 5465 3412 5509; x_wconf 87' lang='lat' dir='ltr'><strong>ea</strong></span> <span class='ocrx_word' id='word_1_883' title='bbox 3441 5447 3516 5508; x_wconf 89' lang='lat' dir='ltr'><strong>ad</strong></span> <span class='ocrx_word' id='word_1_884' title='bbox 3546 5446 3699 5511; x_wconf 81' lang='lat' dir='ltr'><strong>alios</strong></span> 
     </span>
    </p>
   </div>
   <div class='ocr_carea' id='block_1_120' title="bbox 2056 5532 3702 5619">
    <p class='ocr_par' dir='ltr' id='par_1_120' title="bbox 2056 5532 3702 5619">
     <span class='ocr_line' id='line_1_120' title="bbox 2056 5532 3702 5619; baseline -0.002 -14"><span class='ocrx_word' id='word_1_885' title='bbox 2056 5536 2554 5605; x_wconf 83' lang='lat' dir='ltr'><strong>transmittebant.</strong></span> <span class='ocrx_word' id='word_1_886' title='bbox 2588 5532 2809 5600; x_wconf 81' lang='lat' dir='ltr'><strong>Verum</strong></span> <span class='ocrx_word' id='word_1_887' title='bbox 2842 5536 3146 5598; x_wconf 88' lang='lat' dir='ltr'><strong>enimvero</strong></span> <span class='ocrx_word' id='word_1_888' title='bbox 3176 5538 3274 5598; x_wconf 90' lang='lat' dir='ltr'><strong>hic</strong></span> <span class='ocrx_word' id='word_1_889' title='bbox 3302 5555 3539 5619; x_wconf 87' lang='lat' dir='ltr'><strong>quoque</strong></span> <span class='ocrx_word' id='word_1_890' title='bbox 3569 5546 3702 5601; x_wconf 87' lang='lat' dir='ltr'><strong>erat</strong></span> 
     </span>
    </p>
   </div>
   <div class='ocr_carea' id='block_1_121' title="bbox 2054 5625 3700 5709">
    <p class='ocr_par' dir='ltr' id='par_1_121' title="bbox 2054 5625 3700 5709">
     <span class='ocr_line' id='line_1_121' title="bbox 2054 5625 3700 5709; baseline -0.002 -12"><span class='ocrx_word' id='word_1_891' title='bbox 2054 5632 2215 5697; x_wconf 89' lang='lat' dir='ltr'><strong>idem</strong></span> <span class='ocrx_word' id='word_1_892' title='bbox 2249 5628 2430 5706; x_wconf 86' lang='lat' dir='ltr'><strong>Deus,</strong></span> <span class='ocrx_word' id='word_1_893' title='bbox 2461 5635 2523 5690; x_wconf 90' lang='lat' dir='ltr'><strong>et</strong></span> <span class='ocrx_word' id='word_1_894' title='bbox 2543 5625 2800 5709; x_wconf 88' lang='lat' dir='ltr'><strong>justitia,</strong></span> <span class='ocrx_word' id='word_1_895' title='bbox 2851 5644 2983 5708; x_wconf 73' lang='lat' dir='ltr'><strong>quae</strong></span> <span class='ocrx_word' id='word_1_896' title='bbox 3027 5643 3226 5707; x_wconf 89' lang='lat' dir='ltr'><strong>neque</strong></span> <span class='ocrx_word' id='word_1_897' title='bbox 3282 5633 3474 5705; x_wconf 87' lang='lat' dir='ltr'><strong>potest</strong></span> <span class='ocrx_word' id='word_1_898' title='bbox 3527 5625 3700 5694; x_wconf 84' lang='lat' dir='ltr'><strong>vitari</strong></span> 
     </span>
    </p>
   </div>
  </div>
