4086 6432
439 274 557 347 999

1640 274 2027 344 ADDENDA.
2068 309 2136 325 --
2174 276 2603 343 DEGEMBER.

3661 278 3815 353 1000

442 438 558 482 nec
587 413 872 480 oblivioni
904 415 1355 488 mandari.Quid
1385 434 1526 495 ergo
1564 414 1801 494 accidit,
1833 425 1892 476 et
1922 433 2059 492 quo-

2162 416 2250 472 καὶ
2306 414 2432 473 ἅκον
2490 415 2721 474 ἄκουσαν
2781 416 3013 483 ἐξειπεῖν
3072 418 3361 496 ἀναγκάζει
3418 421 3515 490 τήν
3571 442 3627 476 τε
3680 425 3810 497 πρὸς

346 579 351 583 ,
443 508 621 571 modo
660 509 788 570 haec
843 506 1311 587 dispensentur?
1363 507 1547 568 Malus
1604 504 1851 584 spiritus
1882 504 2076 566 statim

443 598 704 659 mittitur
721 597 793 659 ad
819 597 1034 657 malam
1063 605 1119 656 et
1140 594 1485 656 mendacem
1511 595 1817 669 feminam,
1845 603 1902 654 et
1921 592 2079 655 invi-

442 696 535 749 tus
565 685 809 747 invitam
845 684 1006 763 cogit
1045 683 1212 745 effari
1245 683 1514 745 fraudem
1550 682 1967 746 haereticorum
2020 683 2079 744 in

441 776 624 856 illam,
661 783 717 835 et
749 792 917 834 suum
949 790 1157 835 rursus
1187 772 1568 835 mendacium
1597 781 1655 835 et
1689 771 2079 834 machinatio-

438 884 598 927 nem.
636 865 780 926 Cum
813 880 941 924 eam
980 880 1118 941 ergo
1140 864 1512 942 accepissent
1535 864 1715 935 cives,
1741 871 1799 924 et
1829 862 1898 923 ad
1931 880 2075 924 san-

437 963 593 1017 ctum
630 950 1256 1030 duxissent,rogabant
1285 962 1554 1014 sanctum
1587 962 1649 1013 ut
1680 965 1939 1013 curaret.
1970 952 2077 1014 Ille

433 1053 629 1105 autem
664 1060 837 1104 verus
870 1039 1090 1104 Christi
1142 1042 1495 1123 discipulus,
1526 1042 1629 1122 qui
1661 1042 1808 1104 dixit
1836 1051 2077 1121 septua-

431 1135 626 1213 gesies
654 1131 878 1212 septies
896 1138 1171 1211 oportere
1201 1130 1483 1193 fratribus
1517 1134 1824 1194 remittere
1845 1130 2068 1206 debita,

430 1231 491 1285 et
519 1223 768 1300 diligere
798 1221 1096 1294 inimicos,
1141 1220 1318 1283 ambo
1374 1222 1551 1283 simul
1611 1228 1905 1302 praecepta
1955 1238 2075 1281 una

436 1322 753 1375 exsecutus
784 1320 875 1373 est
903 1311 1156 1385 actione,
1194 1310 1338 1372 illud
1371 1311 1640 1391 quidem,
1675 1310 2073 1373 condonanda

432 1401 736 1480 injuriam,
793 1401 904 1462 hoc
932 1416 1098 1473 vero,
1135 1400 1472 1461 miscrendo
1523 1400 1894 1480 calamitatis,
1949 1399 2071 1460 imo

2162 505 2368 573 ἐκείνην
2424 512 2528 562 τῶν
2582 508 2858 584 αἱρετικῶν
2910 510 3145 589 (Ξιπάτην⁷
3201 512 3286 565 καὶ
3346 511 3444 577 τὴν
3491 512 3654 578 αὗτῆς
3707 513 3811 570 πά-

2162 592 2245 649 λιν
2301 592 2647 672 ψευδολογίαν
2705 598 2790 652 καὶ
2818 598 2879 653 τὸ
2924 596 3257 678 μηχάνημα.
3294 596 3556 662 Λαϐόντες
3589 598 3676 655 οὗν
3712 600 3808 656 αὒ-

2163 685 2261 750 τὴν
2322 685 2369 740 οἱ
2439 684 2533 752 τῆς
2590 685 2800 751 πόλεως
2844 689 3103 765 καὶπρὸς
3163 690 3255 744 τὸν
3325 686 3471 744 ὅσιον
3517 689 3811 766 ἀγαγόντες

2162 774 2467 852 θεραπεύειν
2524 774 2719 843 ἠξίουν.
2786 768 2843 835 Ὀ
2913 775 2967 833 δὲ
3022 777 3218 844 ἀληθὲς
3284 785 3510 856 Χριστοῦ
3562 780 3809 854 μαθητὴς

2160 870 2251 919 τοῦ
2298 866 2566 943 φήσαντος
2623 863 3077 940 ἑϐδομηκοντάκις
3135 868 3266 924 ἐπτᾶ
3328 866 3440 924 δεῖν
3493 880 3612 929 τοῖς
3645 867 3808 925 ἀδελ-

2160 953 2287 1030 φοῖς
2345 953 2549 1032 ὰφιὲναι
2607 955 2673 1010 τὰ
2729 955 3086 1035 ὀφειλήματα,
3124 958 3212 1014 καὶ
3255 958 3377 1019 τοὺς
3410 957 3637 1035 ἐχθροὺς
3672 958 3805 1036 ἀγα-

2160 1048 2285 1116 πᾷν,
2342 1041 2645 1121 ἀμφοτέρας
2677 1044 2789 1113 ἅμα
2836 1047 2926 1109 τὰς
2972 1045 3187 1110 ἐντολὰς
3253 1045 3437 1125 πράξει
3496 1048 3593 1122 μιᾷ
3648 1070 3806 1104 συνε-

2158 1138 2375 1211 πέραιε,
2431 1133 2527 1200 τὴν
2588 1134 2684 1207 μὲν
2746 1142 2822 1207 τῷ
2882 1137 2942 1192 τὸ
3005 1134 3239 1210 ἀδίκημα
3297 1142 3676 1216 συγχωρῆσαι,
3738 1144 3805 1214 τῇ

2155 1219 2208 1275 δὲ
2256 1225 2342 1294 ,τῷ
2397 1223 2484 1278 καὶ
2541 1228 2607 1299 τῇ
2658 1231 2899 1303 συμφορᾷ
2957 1224 3314 1304 σαναλγῆσαι,
3376 1225 3577 1300 μᾶλλον
3629 1225 3683 1282 δὲ
3740 1230 3802 1285 τὸ

2152 1310 2241 1366 καί
2292 1310 2469 1367 τέλεον
2515 1313 2677 1378 αὖτὴν
2737 1312 3128 1392 ἆνορθώσασθαι
3173 1316 3312 1394 εἰ)χῇ
3343 1337 3397 1371 τε
3427 1314 3797 1396 χρησὲέμενος,

2154 1401 2249 1467 καί,
2284 1399 2461 1455 ἔλαιον
2504 1401 2669 1468 αὖτὴν
2727 1408 2830 1458 τῶν
2888 1404 3051 1481 ἁγίων
3083 1401 3205 1460 οἶόν
3252 1426 3302 1459 τι
3350 1405 3568 1470 ποτίσας
3616 1404 3795 1471 ἀλεξί-

433 1509 575 1553 vero
605 1509 736 1552 eam
769 1488 1084 1569 splendide
1124 1489 1435 1570 erigenda,
1468 1504 1525 1551 et
1557 1491 1789 1551 sanitati
1822 1490 2059 1552 restitu-

2153 1510 2316 1545 κακον
2374 1491 2674 1567 φάρμακον,
2730 1493 2791 1547 τὸ
2849 1493 2948 1566 μὲν
3003 1496 3235 1570 πονηρὸν
3268 1501 3478 1568 πνεῦμα
3509 1492 3582 1556 ὤς
3614 1503 3795 1553 τιτῶν

434 1581 613 1644 endo.
635 1579 780 1641 Nam
805 1597 939 1640 cum
959 1578 1227 1639 oratione
1248 1598 1548 1652 usus,eam
1573 1582 1704 1641 oleo
1724 1588 2059 1640 sanctorum

2151 1575 2375 1635 ἰοϐόλων
2425 1580 2570 1640 εὐθὺς
2633 1579 2958 1657 ἀπελαύνει,
3036 1584 3159 1660 ὑγιᾶ
3217 1582 3271 1638 δὲ
3328 1585 3427 1651 τὴν
3485 1585 3802 1665 πάσχουσαν

432 1681 714 1748 tanquam
761 1668 1004 1730 salutari
1033 1668 1233 1747 aliquo
1285 1677 1543 1747 potasset
1600 1668 2059 1741 medicamento,

2151 1666 2471 1745 παραδίδωοι
2521 1669 2641 1734 τοῖς
2675 1671 2907 1736 οἰκείοις,
2959 1671 3032 1728 "ll
3062 1676 3150 1728 καί
3193 1680 3270 1746 τῷ
3300 1672 3500 1730 ἐκείνου
3539 1672 3801 1750 περιπλα-

429 1730 650 1822 πιαιοω
675 1758 915 1838 quidem
944 1730 1526 1836 spiritdin,tanquam
1555 1756 1778 1836 aliquid
1804 1775 2059 1818 venena-

2150 1770 2308 1813 κεῖσα
2367 1758 2500 1815 κίονι
2553 1758 2754 1825 πολλὰς
2811 1760 2909 1834 μὲν
2954 1763 3047 1826 τὰς
3092 1763 3457 1842 εὐχαριστίας,
3508 1730 3712 1829 πολλὰς
3745 1762 3802 1819 δὲ

428 1859 577 1924 tum,
609 1849 812 1910 statim
845 1846 1127 1926 expellit;
1160 1864 1291 1907 eam
1318 1855 1540 1921 autem,
1575 1864 1706 1926 quae
1735 1845 2059 1928 laborabat,

2149 1848 2236 1903 καί
2293 1848 2387 1911 τὰς
2441 1850 2571 1926 πρὸς
2629 1852 2759 1905 Θεὸν
2818 1849 3137 1929 ἐπαγγελίαις
3190 1853 3252 1907 τὸ
3308 1852 3495 1909 λοιπὸν
3526 1853 3795 1933 ἐποιεῖτο,

424 1944 547 2000 suis
576 1955 779 2000 sanam
812 1935 1033 1997 reddit.
1067 1933 1203 2007 Quae
1224 1935 1401 1997 etiam
1435 1934 1599 1997 illius
1620 1936 1931 2015 complexa
1960 1955 2059 1998 co-

2148 1935 2239 1995 ἅτε
2297 1934 2492 2004 διπλῆν
2542 1938 2840 2018 ἐκφυγοῦσα
2898 1940 3073 2020 νόσον,
3154 1946 3214 2001 οὒ
3293 1942 3384 2010 τὴ)
3466 1942 3798 2021 φαινομένην

417 2030 964 2105 lumnam,magnas
994 2024 1237 2105 quidem
1264 2043 1447 2102 agens
1474 2025 1716 2104 gratias,
1749 2035 1806 2086 et
1841 2024 2059 2089 deinde

2146 2027 2308 2102 μόνον
2366 2029 2455 2085 καί
2514 2030 2835 2110 φαινομένου
2891 2033 3205 2111 πράγματος
3268 2030 3474 2110 βλᾶϐην
3532 2032 3793 2113 ἔχουσαν,

419 2119 600 2182 multa
632 2117 755 2180 Deo
786 2117 1164 2198 promittens,
1188 2126 1252 2177 ut
1282 2133 1414 2196 quae
1445 2114 1744 2195 duplicem
1784 2114 2059 2177 morbum

2146 2116 2281 2173 ἀλλᾶ
2325 2116 2509 2193 πολλῷ
2566 2120 2729 2177 πλέον
2788 2120 2882 2189 τὴν
2950 2121 3128 2201 ἀφανῆ
3193 2124 3279 2179 καί
3342 2124 3643 2203 αὖθαίρετον
3705 2125 3801 2181 καί

419 2209 878 2289 eﬂ‘ugisset,non
908 2207 1100 2267 solum
1135 2222 1270 2267 eum
1304 2204 1408 2286 qui
1438 2203 1764 2285 apparebat
1793 2214 1852 2268 et
1884 2204 2058 2267 dam-

2146 2208 2326 2285 ψυχὴν
2357 2206 2614 2265 ἀθάνατον
2642 2209 2884 2281 κολάζειν
2916 2209 3149 2268 ἀθάνατα
3171 2209 3493 2287 δυναμένην.

416 2316 557 2363 num
615 2295 896 2360 afferebat
924 2301 1011 2356 rei
1070 2312 1202 2374 quin
1232 2293 1561 2369 videbatur,
1596 2294 1700 2356 sed
1760 2296 1942 2356 multo
2003 2292 2190 2372 magis
2247 2296 2518 2373 eumqui
2578 2296 2819 2379 latebat,
2856 2307 3102 2380 eratque
3162 2299 3548 2382 voluntarius,
3583 2309 3642 2364 et
3683 2319 3794 2364 sua

413 2396 626 2472 sponte
656 2395 994 2466 susceptus,
1027 2393 1085 2447 et
1113 2383 1372 2446 animam
1406 2384 1800 2446 immortalem
1835 2384 2049 2464 punire
2081 2391 2311 2465 poterat
2349 2384 2788 2449 immortaliter.

495 2473 833 2540 XXVI.Non
860 2473 1052 2536 solum
1078 2484 1276 2536 autem
1306 2472 1712 2553 morbum,qui
1750 2473 1926 2535 modo
1958 2473 2054 2535 in-

416 2569 663 2643 ciderat,
698 2573 928 2647 poterat
958 2580 1169 2625 curare
1226 2571 1491 2639 sanctus,
1538 2564 1643 2625 sed
1698 2563 1878 2624 etiam
1939 2562 2054 2625 ritu

415 2660 707 2721 bonorum
755 2653 1147 2728 medicorum,
1183 2661 1241 2715 et
1270 2653 1531 2714 futurum
1571 2670 1771 2729 nosse,
1804 2662 1863 2715 et
1898 2652 2055 2734 quod

414 2758 544 2811 erat
573 2754 951 2819 eventurum,
1014 2742 1362 2824 prophetica
1393 2751 1452 2804 et
1484 2742 1689 2805 videre
1748 2751 1807 2819 et
1853 2741 2058 2805 dicere

412 2838 750 2901 certissima
808 2841 1037 2915 poterat
1086 2834 1456 2912 conjectura.
1509 2834 1777 2911 Magnam
1810 2830 2056 2911 quidem

413 2935 577 2991 certe
599 2925 810 2987 urbem
841 2940 1083 3001 magnas
1105 2922 1425 2985 adorturas
1447 2939 1583 2984 esse
1621 2920 1834 2995 minas,
1866 2938 2001 2981 cum
2022 2938 2058 2981 a

413 3016 653 3098 superis
672 3011 1006 3094 accepisset
1026 3012 1618 3089 revelationem,eam
1656 3009 1937 3092 episcopo
1964 3009 2050 3073 sic

2224 2473 2361 2535 ΚΝ.
2397 2480 2470 2536 Οὔ
2499 2480 2659 2550 μόνον
2692 2477 2746 2534 δὲ
2777 2480 2875 2547 τὴν
2907 2479 3021 2558 ἄρτι
3066 2480 3466 2557 προσπεσοῦςαν
3527 2482 3554 2535 ὁ
3603 2481 3785 2554 μακά-

2139 2587 2243 2645 ριος
2310 2566 2463 2622 νόσον
2520 2567 2765 2625 ἰάσασθαι
2824 2566 3068 2644 δυνατὸς,
3116 2568 3253 2625 ἀλλὰ
3299 2571 3441 2628 κατὰ
3481 2570 3601 2632 τοὺς
3648 2569 3787 2648 ἀγα-

2137 2654 2261 2721 θοὺς
2302 2657 2405 2710 τῶν
2450 2656 2644 2735 ἰατρῶν
2702 2664 2792 2714 καί
2842 2659 2940 2725 τὴν
2995 2659 3256 2734 ὲσομένην
3316 2661 3539 2737 γνῶναι,
3588 2660 3678 2715 καί
3726 2663 3790 2717 τὸ

2140 2743 2342 2820 μάλλον
2403 2753 2747 2826 προφητικῶς
2793 2750 2882 2805 καί
2922 2746 3054 2807 ἰδεῖν
3088 2749 3179 2806 καί
3238 2751 3412 2806 εἰπεῖν
3442 2749 3787 2828 εὐστοχώτα-

2136 2857 2251 2899 τος.
2314 2833 2625 2893 Μέλλουσαν
2668 2844 2795 2913 γοῦν
2825 2845 2893 2915 τῇ
2925 2837 3140 2917 μεγάλῃ
3171 2838 3326 2896 πόλει
3358 2838 3601 2917 μεγάλην
3633 2838 3785 2896 ἐπελ-

2135 2927 2250 2981 θεῖν
2279 2924 2367 2981 καί
2417 2925 2514 2993 τὴν
2568 2925 2824 3000 ἀπειλὴν,
2886 2927 3083 2985 ἄνωθεν
3139 2927 3423 3004 δεξάμενος
3493 2928 3641 2995 οὗτος
3688 2931 3787 2999 τὴν

2135 3012 2473 3089 ἀποκάλυψιν
2515 3021 2591 3089 τῷ
2634 3036 2691 3071 τε
2736 3015 3017 3090 ἐπισκόπῳ
3046 3016 3306 3093 Γενναδίῳ
3356 3018 3548 3093 μηνύει
3598 3041 3787 3076 συντο-

412 3107 651 3188 gniﬁcat
681 3101 1015 3172 Gennadio,
1041 3101 1266 3181 jubeus
1324 3106 1693 3164 contentiore
1725 3098 1808 3159 uti
1840 3117 2051 3180 preca-

2146 3102 2336 3182 νωτέρᾳ
2365 3107 2600 3184 χρῆσθαι
2630 3111 2700 3182 τῇ
2731 3104 2871 3185 εὐχῇ
2901 3105 3181 3171 κελεύσας.
3220 3105 3389 3164 Ἀλλὰ
3441 3104 3505 3174 δὴ
3554 3107 3650 3163 καί
3710 3113 3784 3180 τῷ

410 3202 588 3259 tione.
621 3197 772 3264 Quin
795 3196 964 3252 etiam
986 3192 1319 3265 imperatori
1344 3194 1518 3251 Leoni
1538 3190 1797 3264 praedicit
1818 3193 2047 3258 similia.

412 3293 471 3346 et
500 3283 592 3345 bis
613 3281 675 3342 in
701 3277 1074 3341 hebdomade
1095 3275 1270 3357 jubet
1287 3293 1643 3339 communes
1670 3274 1802 3337 fieri
1828 3274 2052 3356 suppli-

410 3371 701 3436 cationes.
734 3367 834 3431 Sic
857 3365 1017 3429 enim
1043 3365 1132 3429 eis
1156 3366 1474 3447 pollicetur
1492 3367 1642 3429 iram
1664 3364 1771 3428 Dei
1793 3367 2048 3429 futuram

412 3462 732 3524 mitiorem.
767 3456 960 3537 Atque
998 3455 1041 3517 ii
1072 3455 1315 3535 quidem
1343 3462 1527 3518 sancti
1562 3456 1873 3537 praeceptis
1901 3474 2049 3518 con-

410 3548 660 3632 temptui
681 3545 1105 3623 babitis,erant
1123 3547 1255 3627 ipsa
1271 3545 1637 3608 intellecturi
1653 3545 2045 3626 experientia,

408 3658 473 3701 ea
494 3657 618 3716 quae
640 3638 944 3699 multitudo
971 3650 1341 3710 peccatorum
1366 3638 1569 3706 eﬂecit,
1603 3648 1664 3696 ut
1691 3637 1762 3696 ad
1781 3637 2048 3697 allectum

406 3723 1223 3792 deducerentur.Procedens
1256 3734 1456 3788 autem
1486 3723 1545 3785 id
1570 3722 1898 3787 declarabit
1918 3741 2048 3786 ora-

408 3817 817 3892 tio.Quoniam
836 3823 1033 3878 autem
1057 3814 1244 3875 divini
1263 3832 1500 3897 quoque
1517 3814 1666 3892 Λειιί
1687 3814 2048 3877 sacriﬁcam.

405 3926 536 3972 rem
557 3906 872 3990 oportebat
893 3922 1026 3968 esse
1046 3904 1496 3986 Danielem,qui
1514 3905 1639 3985 jam
1672 3904 1729 3966 ei
1752 3904 1916 3985 prius
1945 3922 2048 3966 sa-

405 4000 777 4063 criﬁcaverat
793 4004 851 4059 et
871 4012 1092 4077 corpus
1111 4006 1174 4057 et
1195 4002 1524 4078 auimam,e
1546 3995 1783 4077 superis
1803 3995 2046 4076 quidem

2133 3192 2351 3271 βασιλεῖ
2378 3192 2565 3250 Λέοντι
2618 3193 2869 3274 προλέγει
2925 3195 2989 3251 τὰ
3037 3195 3221 3271 ὅμοια,
3254 3197 3340 3252 καὶ
3372 3195 3446 3259 δὶς
3495 3200 3593 3263 τῆς
3627 3194 3786 3253 ἑϐδο-

2135 3280 2301 3359 μάδος
2343 3283 2524 3346 κοινὰς
2557 3281 2828 3361 ἐπιτρέπει
2884 3284 2977 3349 τὰς
3019 3283 3283 3348 λιτανείας
3315 3286 3544 3359 γίνεσθαι
3580 3300 3594 3314 ⁸
3645 3284 3786 3342 οὕτω

2134 3373 2234 3452 γὰρ
2295 3374 2479 3435 αὐτοῖς
2518 3371 2769 3450 ἐγγυᾶται
2824 3374 2914 3430 καὶ
2972 3374 3070 3442 τὴν
3114 3382 3208 3433 τοῦ
3244 3379 3376 3431 Θεοῦ
3421 3373 3593 3452 apis»
3652 3371 3782 3429 ἔσε-

2133 3466 2249 3519 σθαι
2306 3460 2623 3541 πραοτέραν.
2686 3461 2841 3519 Οὗτοι
2901 3463 3000 3539 μὲν
3054 3466 3143 3521 οὖν
3198 3470 3305 3522 τῶν
3348 3469 3440 3520 τοῦ
3473 3462 3625 3541 ἁγίου
3672 3486 3783 3521 πα-

2130 3550 2515 3630 ραγγελμάτων
2576 3551 3004 3631 ὀλιγωρήσαντες
3064 3555 3219 3634 πείρᾳ
3276 3558 3468 3628 μαθεῖν
3524 3550 3778 3629 ἔμελλον,

2128 3641 2264 3720 ἅπερ
2322 3641 2598 3722 ἁμαρτιῶν
2648 3640 2854 3710 πλῆθος
2897 3646 2972 3708 εἰς
3004 3643 3156 3723 ἔργον
3185 3643 3362 3702 ἐλθεῖν
3392 3641 3775 3721 παρεσκεύαζε,

2135 3729 2381 3799 Δηλώσει
2411 3729 2467 3787 δὲ
2497 3731 2701 3810 προϊὼν
2734 3733 2762 3789 ί)
2789 3731 2975 3813 λόγος,
3022 3731 3183 3813 ξΕπεί
3229 3731 3284 3790 δὲ
3318 3732 3404 3791 καὶ
3433 3733 3593 3800 θότην
3632 3728 3777 3798 ἄξιον

2128 3792 2223 3879 rod
2250 3822 2389 3879 θείου
2418 3792 2589 3898 ἀμνοῦ
2618 3822 2709 3880 τὸν
2748 3792 3089 3892 Δανίὴλτέόει
3141 3823 3405 3904 γενέσθαι,
3459 3792 3564 3890 ἤδη
3607 3792 3782 3896 τοότῳ

2129 3915 2487 3991 προτεθυκότα
2541 3912 2639 3971 καί
2697 3918 2855 3990 σῶμα
2907 3915 2994 3972 καὶ
3063 3913 3165 3981 τὴν
3208 3913 3424 3993 ψυχὴν,
3483 3924 3625 3968 κινεῖ
3677 3912 3778 3987 μὲν

2129 4001 2327 4061 ἄνωθεν
2377 4004 2470 4059 τὸν
2526 4001 2823 4081 κρατοῦντα
2875 4004 2933 4060 τὸ
2977 4011 3208 4084 πνεῦμα,
3261 4015 3405 4060 κινεῖ
3436 4000 3491 4058 δὲ
3521 4002 3609 4059 καὶ
3640 4008 3780 4058 Γεν-

404 4098 602 4152 movet
620 4088 1042 4170 imperatorem
1060 4086 1549 4168 Spiritus,movet
1577 4094 1774 4149 autem
1806 4089 2048 4151 Genna-

2146 4089 2306 4153 νάδιον
2354 4094 2382 4148 ὁ
2414 4099 2646 4171 κρατῶν,
2676 4096 2773 4150 καὶ
2836 4091 3139 4150 ἐπιστέλλει
3188 4093 3418 4172 συχνοὺς
3457 4096 3551 4162 τῆς
3583 4090 3782 4161 ἐκκλη-

403 4179 569 4242 dium
592 4196 829 4260 quoque
858 4175 1274 4257 impera'.or,et
1297 4176 1374 4238 ad
1407 4194 1545 4238 eum
1579 4174 1813 4252 scribit,
1847 4184 1911 4238 ut
1939 4193 2043 4238 ac-

2146 4182 2245 4245 πίας
2299 4179 2533 4238 Λαϐόντα
2582 4183 2716 4259 πρὸς
2765 4183 2857 4238 τὸν
2916 4182 3087 4261 μέγαν
3140 4183 3384 4241 ἀνελθεῖν
3440 4186 3530 4240 καὶ
3585 4188 3653 4259 τῇ
3681 4190 3782 4240 τοῦ

402 4270 591 4352 ceptis
622 4268 823 4330 multis
855 4283 930 4329 ex
973 4264 1257 4348 Ecclesia,
1289 4266 1486 4328 veniat
1508 4265 1580 4328 ad
1611 4283 1890 4344 magnum
1923 4266 2043 4328 Da-

2149 4270 2307 4348 ερέως
2360 4272 2518 4330 αὐτὸν
2576 4269 2857 4332 τελειῶσαι
2916 4272 3242 4352 χειροτονίᾳ,
3278 4274 3380 4331 Τοῦ
3429 4270 3484 4328 δὲ
3543 4274 3616 4337 ὡς
3643 4272 3778 4352 εἶχε

402 4361 705 4429 nielem,et
720 4376 855 4421 eum
873 4366 1256 4420 consummet
1276 4356 1489 4419 ordine
1505 4354 2041 4427 sacerdotaliﬂum

2146 4369 2294 4417 ςαῦτα
2346 4361 2695 4432 πεποικότος,
2752 4362 2780 4416 ὃ
2836 4360 2999 4426 πολὺς
3082 4365 3149 4420 τὰ
3219 4360 3488 4438 μέλλοντα
3540 4369 3777 4441 προορᾷν

400 4452 451 4512 is
475 4468 615 4513 vero
638 4449 766 4512 haec
786 4446 1163 4527 fecisset,qui
1193 4445 1560 4528 praevidendi
1581 4444 1825 4526 quidem
1844 4442 2044 4505 futura

2146 4455 2335 4527 πρῶτον
2378 4450 2475 4524 μὲν
2560 4450 2659 4516 τὴν
2734 4452 2865 4529 πρὸς
2947 4453 3104 4509 αὐτὸν
3161 4450 3335 4532 ἄφιξιν
3378 4456 3456 4525 τῷ
3510 4452 3774 4526 πνεύματι

398 4558 673 4622 magnam
703 4537 960 4602 habebat
981 4537 1624 4619 potestatem,primum
1658 4533 1900 4614 quidem
1923 4533 2041 4614 spi-

2146 4537 2479 4617 τρογινώσκει
2514 4556 2525 4569 ·
2577 4538 2760 4597 ἔπειτα
2802 4542 2875 4604 ὡς
2935 4543 3144 4607 ὲκεῖνος
3194 4539 3299 4610 ἤδη
3358 4541 3495 4598 κατὰ
3526 4542 3616 4598 τὸν
3647 4551 3777 4601 στῦ-

398 4641 513 4699 ritu
537 4640 956 4712 przecognoscit
977 4639 1234 4694 futurum
1269 4634 1342 4694 ad
1379 4649 1441 4692 se
1460 4633 1769 4691 adventum
1794 4651 1808 4699 ;
1836 4632 2042 4691 deinde

2146 4648 2217 4683 ιον
2274 4627 2562 4706 γενόμενος
2608 4628 2835 4688 ἔκπαλαι
2892 4633 2992 4709 μὲν
3037 4632 3160 4709 ὲρᾷν
3190 4631 3294 4711 ἔφη
3324 4631 3420 4700 τῆς
3449 4631 3580 4709 πρὸς
3612 4633 3775 4690 αὐτὸν

397 4738 533 4783 cum
566 4720 668 4782 ille
693 4720 821 4800 jam
860 4719 1117 4781 venisset
1146 4717 1221 4779 ad
1248 4712 1770 4787 columnam,dixit
1796 4713 2039 4794 sejam-

2146 4715 2333 4795 ινόδου,
2393 4716 2875 4788 ἐκκλησιαστικαῖς
2927 4721 2982 4781 δὲ
3027 4726 3294 4803 φροντίσιν
3338 4720 3608 4799 εἴργεσθαι
3669 4722 3775 4780 πέ-

397 4810 632 4893 pridem
665 4809 1044 4873 desiderasse
1075 4807 1151 4869 ad
1172 4824 1309 4868 cum
1343 4804 1698 4885 ascendere,
1729 4805 1835 4868 sed
1865 4821 2041 4868 curas

2146 4830 2212 4872 ιος
2270 4811 2583 4891 παρασχεῖν
2653 4816 2723 4889 τῇ
2775 4811 3045 4889 ἐπιθυμίᾳ,
3110 4815 3220 4871 νυνὶ
3277 4809 3333 4869 δὲ
3390 4810 3568 4885 ἥκειν,
3615 4814 3779 4871 αὐτόν

398 4900 775 4984 prohibuisse
800 4898 1340 4978 ecclesiasticas,ne
1364 4896 1547 4958 linem
1571 4893 1908 4974 imponeret
1933 4913 2039 4958 suo

2146 4918 2181 4956 :s
2226 4896 2363 4956 ἰδεῖν
2416 4902 2504 4957 καὶ
2551 4904 2729 4981 εὐχῶν
2772 4907 2934 4963 αὒτοῦ
2990 4904 3079 4960 καὶ
3132 4902 3309 4980 λόγων
3344 4900 3781 4983 καταιιτολαιῖἱσαιι²

396 4990 722 5068 desiderio,
752 5007 913 5054 nunc
927 4997 1124 5051 autem
1145 4987 1446 5064 venire,ut
1474 4992 1533 5047 et
1560 4985 1755 5066 ipsum
1786 4984 2038 5065 videret,

2146 4988 2271 5058 iElou
2329 4987 2383 5047 δὲ
2435 4990 2521 5048 καὶ
2579 4994 2678 5059 τὴν
2734 4992 2971 5069 κλίμακα
3028 4997 3243 5067 στῆναι,
3296 4992 3508 5065 Μάτην,
3557 4992 3719 5070 φησὶν
3753 4995 3781 5048 δ

398 5082 650 5164 ejusque
669 5081 945 5162 precibus
966 5079 1265 5171 frueretur
1281 5088 1340 5171 et
1360 5073 2044 5171 sermonib_us.Rogabat

2146 5080 2602 5159 τροφητικώτατος
2651 5081 2853 5150 Δανιὴλ
2895 5083 3028 5161 πρὸς
3085 5080 3268 5171 αὐτὸν)
3322 5083 3491 5140 κόπου
3538 5102 3621 5139 σοι
3672 5103 3781 5141 κα·

393 5163 568 5247 vero,
598 5184 666 5235 ut
694 5171 872 5233 scalas
899 5185 1143 5248 quoque
1163 5165 1616 5229 adhiberentur.
1646 5163 1916 5242 Frustra,
1943 5165 2038 5227 in-

2146 5169 2287 5238 ;έστη
2344 5169 2594 5248 πρόξενος
2670 5174 2698 5228 ὁ
2777 5172 3003 5241 κινήσας
3071 5192 3131 5228 σε
3190 5163 3323 5251 πρὸς
3384 5173 3551 5247 ἡμᾶς.
3617 5178 3783 5231 Τοΰτο

396 5262 524 5345 quit
547 5264 601 5325 ei
624 5257 992 5344 prmdicendi
1016 5275 1229 5336 magna
1248 5256 1304 5318 vi
1329 5254 1617 5338 praeditus
1642 5255 2043 5345 Daniel,hunc

2146 5258 2379 5327 ἱκπληξιν
2423 5259 2537 5336 ἅμα
2598 5262 2693 5318 καί
2738 5260 2854 5327 δέος
2896 5258 3153 5338 ἑμϐάϐλει
3204 5267 3282 5337 τῷ
3332 5262 3492 5341 ἱερεῖ,
3527 5260 3786 5330 ἔκπληξιν

394 5344 664 5417 laborem
697 5359 762 5414 ut
790 5349 1153 5431 susciperes,
1204 5346 1563 5429 procuravit,
1597 5346 1702 5429 qui
1734 5354 1792 5408 te
1821 5344 1900 5409 ad
1931 5365 2042 5409 nos

2146 5351 2225 5408 ιὲν
2257 5350 2403 5415 ὃπως
2447 5348 2587 5408 οὔτω
2633 5357 2733 5418 τῆς
2764 5350 2987 5432 ἀφίξεως
3023 5351 3185 5411 αὒτοῦ
3215 5354 3307 5411 τὸν
3335 5353 3529 5429 τρόπον
3561 5350 3781 5434 διέγνω,

395 5435 589 5508 movit.
627 5448 743 5505 lloc
765 5446 936 5503 simul
983 5454 1036 5502 et
1067 5454 1358 5516 stuporem
1401 5454 1454 5500 et
1506 5455 1723 5500 metum
1751 5439 1915 5500 affert
1950 5458 2045 5501 sa-

2146 5440 2240 5506 ῖέος
2300 5439 2356 5496 δὲ
2411 5438 2491 5498 ὅτι
2555 5442 2746 5498 καὶτὰ
2799 5448 2897 5509 τῆς
2944 5445 3169 5519 γνώμης
3229 5445 3389 5502 αὑτοῦ
3442 5445 3519 5518 τῷ
3560 5441 3785 5521 μεγάλῳ

394 5533 651 5611 cerdoti;
674 5540 978 5613 stuporem
1002 5532 1269 5614 quidem,
1302 5529 1560 5612 quodam
1595 5529 1771 5590 modo
1796 5529 1880 5590 sic
1911 5528 2043 5607 ejus

2146 5531 2322 5611 ρανερέι
2377 5535 2445 5598 ἦν
2477 5545 2490 5562 ⁸
2555 5529 2671 5589 οὐδὲ
2730 5533 2854 5614 γςὶιρ²
2891 5535 2935 5591 εἰ
2992 5534 3070 5609 μὴ
3126 5535 3268 5612 παρὰ
3316 5540 3409 5592 τοὺ
3458 5540 3779 5614 κρατοὶντος

397 5625 672 5709 cognovit
700 5624 1050 5709 adventum,
1084 5623 1358 5687 timorem
1395 5629 1618 5698 autem,
1652 5617 1814 5697 quod
1872 5636 2043 5681 mens

2146 5620 2453 5700 ivdyxatoro,
2486 5619 2765 5681 ἐπένευσεν
2795 5623 2856 5688 ἄν
2892 5644 3021 5683 ποτε
3048 5623 3274 5687 ἀνιέναι.
