4086 6392
299 309 442 386 tOOl

1431 308 1612 382 VITA
1651 315 1711 380 S.
1760 311 2122 378 DANIELIS
2165 312 2540 378 STYLIT/E.

3517 315 3672 388 1002

297 457 434 537 ejus
466 473 680 535 magno
712 460 840 516 erat
869 448 1102 517 Danieli
1133 450 1464 514 manifesta.
1499 450 1703 533 Neque
1731 449 1918 524 enim,
1956 448 2070 509 nisi
2110 456 2351 510 coactus
2382 450 2590 513 fuisset
2618 449 2693 513 ab
2723 451 3110 534 imperatore,
3133 452 3208 516 ad
3239 470 3376 517 eum
3408 473 3667 537 unquam

291 545 503 608 venire
532 544 862 607 annuisset.

382 634 516 694 KE'.
568 635 718 693 Ἐπεὶ
761 632 815 690 δὲ
860 631 1034 691 πολλὰ
1099 631 1197 708 μὲν
1258 639 1350 689 τοῦ
1401 631 1717 705 ἐπισκόπου,
1769 628 1933 687 πολλᾶ

2097 626 2258 684 XXV.
2287 627 2425 684 Cum
2447 637 2638 686 autem
2656 636 2714 688 et
2733 631 3121 702 episcopus,et
3153 633 3250 706 qui
3281 633 3671 706 sequebantur

287 722 344 780 δὲ
408 726 500 780 καὶ
555 723 663 780 τῶν
751 723 1028 798 ἑπομένων
1085 726 1162 794 τῷ
1232 720 1509 797 ἐπισκόπῳ
1575 725 1785 788 τεθῆναί
1839 719 1938 786 τὴν

287 812 529 888 κλίμακα
613 804 905 878 δεηθέντων
987 810 1074 865 καὶ
1158 808 1400 866 ἀνελθεῖν
1471 809 1838 888 ἀπηγόρευσεν
1909 809 1936 863 ὃ

287 903 589 980 ἀήττητος,
636 898 741 967 ἤδη
801 899 856 956 δὲ
900 899 985 955 καὶ
1031 901 1057 954 6
1101 897 1253 965 ἥλιος
1311 900 1448 956 κατὰ
1493 899 1658 974 μέσας
1705 899 1937 966 εἱστήκει

287 993 384 1055 τὰς
455 989 692 1069 κεφαλὰς
755 988 979 1065 θερμαῖς
1052 987 1212 1051 αὖτοὶς
1269 987 1482 1064 βάλλων
1539 1001 1661 1051 ταῖς
1720 987 1932 1059 ἀκτῖσι,

287 1083 376 1138 καὶ
431 1083 492 1136 τὸ
553 1079 758 1146 πλῆθος
795 1077 932 1154 δίψει
977 1078 1066 1134 καὶ
1113 1079 1345 1134 καύσωνι
1390 1081 1417 1134 ὁ
1465 1077 1750 1140 ἐπίσκοπος
1800 1075 1934 1155 φλε-

293 1168 552 1246 γομένους
610 1169 772 1246 ἑώρα,
830 1167 881 1222 τί
931 1179 1158 1241 ποιεῖςς
1210 1167 1450 1226 Κάτωθεν
1512 1166 1611 1241 μὲν
1670 1166 1938 1243 ἐπιτρέπει

297 1262 372 1333 τῷ
426 1255 790 1337 ἆρχιδιακόνῳ
845 1255 939 1321 τὰς
991 1257 1231 1326 συνήθεις
1290 1256 1456 1335 εὐχὰς
1535 1257 1888 1334 ὕπαγορεῦσαι
1920 1269 1934 1282 ⁸

294 1347 450 1411 αὖτὸς
513 1345 568 1402 δὲ
629 1344 1050 1424 προσευξάμενος
1107 1356 1415 1424 χειροτονεῖ
1465 1345 1558 1400 τὸν
1627 1344 1796 1420 μέγαν
1851 1344 1940 1398 καὶ

291 1438 371 1512 μὴ
428 1435 666 1512 παρόντα
722 1431 1072 1513 πρεσϐύτερον
1128 1435 1215 1489 καὶ
1259 1433 1371 1509 ἅμα
1432 1435 1494 1489 τὸ
1551 1431 1777 1510 πλῆθος,
1844 1433 1939 1488 Καὶ

289 1526 456 1601 ἄξιος,
511 1522 748 1582 ἓπεϐόων
808 1523 894 1579 ἐπὶ
947 1526 1038 1578 τὸν
1096 1521 1305 1589 ἀληθῶς
1382 1521 1555 1587 ἄξιον.
1635 1520 1786 1578 Οὕτω
1850 1529 1940 1578 τοῦ

289 1616 628 1694 πατριάρχου
679 1611 954 1670 Γενναδίου
1010 1611 1150 1690 ἱερέα
1199 1632 1253 1668 τε
1315 1613 1406 1666 τὸν
1469 1609 1669 1677 Δανιὴλ
1732 1611 1938 1684 ὀνομά-

285 1726 476 1768 σαντος
533 1705 645 1782 καὶ,
707 1700 859 1774 Ἰδοὺ,
904 1703 1202 1780 εἰρηκότος,
1266 1702 1354 1756 καὶ
1413 1703 1441 1756 6
1500 1698 1629 1764 λαός
1692 1721 1774 1755 σοι
1836 1699 1936 1765 τὴν

285 1791 675 1866 νενομισμένην
730 1790 904 1871 ἀφῆκε
986 1790 1168 1870 φωνὴν
1245 1789 1330 1845 ἐπὶ
1408 1788 1601 1863 τούτῳ,
1662 1790 1751 1844 καὶ
1808 1789 1935 1849 Θεὸς

283 1882 481 1940 ἄνωθεν
536 1879 603 1937 δι’
662 1879 792 1956 ἐμοῦ
824 1902 908 1935 σοι
936 1879 1036 1946 τὴν
1090 1891 1257 1958 χεῖρα
1317 1877 1567 1949 ἐπέθηκε,
1621 1879 1708 1933 καὶ
1749 1875 1934 1940 ἁπλῶς

282 1972 459 2032 πάντα
505 1971 572 2026 τὰ
614 1971 710 2036 τῆς
773 1968 1060 2045 ἱερωσύνης
1118 1965 1274 2032 ἓδέξω
1329 1964 1568 2041 σύμϐολα
1603 1985 1619 2002 θ

282 2059 410 2140 γοῦν
469 2062 568 2126 τὴν
617 2059 852 2134 κλίμακα
894 2058 972 2132 τῷ
1027 2058 1158 2113 κίονι
1211 2056 1536 2134 ἐρεισθῆναι,
1567 2055 1660 2112 ’ίνα
1691 2055 1776 2110 καὶ
1834 2055 1932 2122 τῆς

283 2151 429 2229 ἱερᾶς
489 2148 778 2227 μετάσχῃς
809 2148 1012 2221 θυσίας,
1063 2150 1158 2202 καὶ
1218 2147 1390 2201 πάντα
1447 2145 1658 2222 δπείξῃς
1695 2145 1772 2219 τῷ
1826 2165 1932 2199 κα-

286 2238 462 2294 λοῦντι
516 2239 654 2312 Θεῷ,
689 2239 761 2294 T6
792 2237 947 2315 γνοὺς
981 2238 1010 2292 6
1057 2236 1319 2312 μακάριος
1361 2235 1438 2310 μὴ
1489 2233 1549 2290 ἂν
1601 2235 1739 2290 ἀθεεὶ
1769 2241 1933 2289 ταῦτα

289 2327 554 2406 γενέσθαι,
601 2326 739 2388 ἀλλὰ
797 2326 1043 2383 κᾶκεῖνον
1098 2323 1475 2392 συνευδοκῆσαι
1525 2339 1646 2389 τοῖς
1702 2321 1932 2401 γενομέ-

296 2440 433 2493 νοις,
488 2419 586 2486 τήν
629 2438 687 2473 τε
729 2415 965 2490 κλίμακα
1023 2418 1235 2482 τεθῆναι
1297 2413 1520 2493 κελεύει,
1556 2416 1642 2470 καὶ
1694 2415 1785 2469 τὸν
1838 2416 1936 2471 ού-

288 2507 469 2584 ράνιον
523 2507 881 2586 μαργαρίτην,
943 2505 1042 2571 τὴν
1093 2505 1236 2560 θείαν
1291 2502 1436 2585 φημί
1493 2503 1797 2582 κοινωνίαν,
1847 2501 1934 2558 καὶ

281 2592 466 2650 δίδωσι
523 2594 620 2650 καί
673 2591 956 2668 λαμϐάνει.
1022 2592 1160 2650 Εἶτα
1221 2595 1308 2649 καὶ
1365 2589 1533 2648 τᾶλλα
1587 2593 1760 2646 πάντα
1813 2603 1931 2651 τοῖς

277 2687 500 2756 ἱερεῦσιν
557 2684 777 2740 εἰωθότα
831 2683 1066 2752 ποιήσας
1121 2683 1212 2738 καὶ
1282 2689 1375 2738 τοῦ
1417 2681 1652 2750 πλήθους
1705 2681 1930 2758 ὑπερευο

275 2772 528 2849 ξάμενος,
590 2772 764 2853 ἀφῆκε
814 2773 1103 2851 χαίροντας
1162 2773 1300 2846 ὁμοῦ
1369 2774 1456 2827 καί
1513 2771 1880 2846 θαυμάζοντας
1914 2789 1927 2802 ·

275 2866 340 2920 τὸ
384 2863 486 2939 μὲν
539 2861 621 2918 διὰ
672 2862 772 2929 τὴν
823 2863 1124 2939 πρόγνωσιν
1167 2861 1254 2916 καὶ
1307 2860 1405 2928 τὴν
1451 2858 1736 2925 ἐπαινετὴν
1766 2857 1931 2921 ὅντως

276 2951 503 3026 δειλίαν,
570 2952 634 3008 τὸ
678 2949 733 3006 δὲ
791 2949 872 3005 ὅτι
917 2949 1076 3027 μόγις
1120 2949 1242 3024 μὲν,
1289 2951 1520 3005 πείθεται
1564 2946 1619 3003 δὲ
1649 2947 1797 3022 ὅμως
1841 2947 1933 3003 αὖ·

279 3043 376 3108 τὶς
421 3041 520 3118 μὲν
581 3039 681 3108 τὴν
731 3039 1020 3119 ἱερωσύνην
1067 3036 1276 3112 λαϐεῖν,
1337 3037 1557 3100 ἐκείνοις
1613 3035 1666 3091 δὲ
1715 3037 1781 3091 τὰ
1831 3041 1929 3103 τῆς

280 3133 457 3212 εὒχῆς
507 3143 818 3210 παρασχεῖν
861 3129 955 3185 καί
1006 3133 1104 3195 τῆς
1153 3126 1430 3206 εὐλογίας.
1467 3133 1643 3184 Ταῦτα
1675 3124 1812 3194 δῆλα
1844 3127 1930 3182 καὶ

277 3227 360 3296 τῷ
401 3219 618 3300 βασιλεῖ
675 3224 897 3298 γίνεται,
930 3220 1018 3274 καὶ
1069 3222 1166 3285 τῆς
1197 3217 1382 3294 ὁμοίας
1415 3217 1571 3276 αὐτὸν
1597 3213 1930 3292 ιμπίπλησιν

275 3310 478 3380 ἡδονῆς
502 3310 591 3367 καὶ
620 3307 950 3377 ἐκπλήξεως,

368 3398 517 3475 ις’.
575 3397 737 3457 Οὐδὲν
793 3397 884 3454 οὖν
943 3397 1084 3477 μέγα
1139 3396 1254 3457 οὐδὲ
1304 3401 1400 3464 τῆς
1433 3396 1618 3478 ἀρχώς
1662 3396 1928 3475 φρονήσας

283 3492 514 3570 οἰκεῖον,
561 3487 699 3545 ἀλλᾶ
743 3487 924 3564 μαθὼν
973 3487 1096 3544 ὅσον
1144 3486 1254 3543 ἐστὶ
1308 3484 1581 3564 βασιλείας
1623 3485 1787 3564 ἀρετὴ
1842 3507 1928 3540 τι-

284 3579 573 3659 μιώτερον,
628 3577 797 3634 ἄνεισι
854 3579 950 3634 καί
1005 3576 1162 3640 αὐτὸς
1205 3577 1337 3654 πρὸς
1395 3577 1577 3650 αὐτὸν,
1610 3576 1698 3630 καὶ
1751 3571 1931 3652 ὤσπερ

284 3671 378 3727 τὸν
426 3675 585 3748 τῦφον
628 3669 716 3724 καὶ
746 3666 846 3734 τὴν
875 3664 1143 3743 βασίλειον
1198 3666 1361 3744 ὀφρὺν
1411 3664 1558 3720 κάτω
1609 3661 1781 3719 λιπὼν
1829 3665 1928 3718 καὶ

280 3758 714 3834 ἀπολυσάμενος,
773 3755 961 3833 βάλλει
1009 3755 1108 3831 μὲν
1157 3755 1342 3811 ἑαυτὸν
1394 3753 1468 3815 εἰς
1520 3757 1645 3832 γῆν,
1710 3752 1934 3808 ἅπτεται

279 3848 336 3907 δὲ
392 3855 499 3906 τῶν
556 3846 713 3925 ιερῶν
776 3846 980 3904 ἐκείνου
1033 3842 1229 3924 ποδῶν,
1295 3843 1578 3921 καθαπερεὶ
1645 3846 1723 3914 τῷ
1771 3850 1936 3898 ταῦτα

276 3950 460 3998 ποιεῖν
519 3943 708 4014 μεῖζον
744 3935 779 4005 ἢ
811 3937 949 3993 κατὰ
999 3933 1221 4012 βασιλέα
1265 3934 1595 4008 τιμώμενος.
1628 3930 1932 4006 Ἀψάμενος

277 4027 337 4085 δὲ
415 4025 711 4106 πληροῦται
771 4026 1040 4102 θαύματος
1101 4024 1137 4092 ἣ
1207 4023 1460 4112 πρότερον
1540 4024 1568 4078 6
1628 4019 1881 4112 Γελάσιςξς
1914 4035 1928 4050 ⁸

279 4115 443 4182 πόδες
504 4118 605 4197 γὰρ
655 4116 854 4173 ἐκεῖνοι
911 4114 1028 4172 λίαν
1082 4111 1406 4188 ἐξῳδηκότες
1445 4112 1582 4180 ἦσαν
1637 4110 1735 4168 καῖ
1794 4109 1933 4173 ὅλως

282 4209 531 4286 βρύοντες
590 4205 794 4283 ἕλκεσι,
839 4207 927 4264 καὶ
991 4205 1058 4273 ἦν
1111 4205 1327 4284 φρικτὸν
1399 4205 1533 4279 ὁμοῦ
1583 4203 1673 4258 καὶ
1729 4201 1936 4278 οἰκτρὸν

284 4297 422 4355 ἰδεῖν
474 4297 561 4353 καὶ
605 4295 860 4373 ἅψασθαι.
909 4293 1041 4353 Τότε
1091 4301 1216 4372 γοῦν
1260 4296 1288 4350 6
1346 4291 1594 4369 βασιλεὺς
1654 4290 1810 4347 αὐτὸν
1841 4289 1936 4346 καῖ

282 4387 478 4445 διττῶν
533 4387 687 4464 βάσιν
754 4388 947 4442 κιόνων
1032 4381 1283 4462 δωρεῖται
1351 4381 1438 4446 οὒς
1515 4379 1671 4442 αὐτὸς
1729 4377 1930 4458 ἵδρυσε,

284 4475 564 4558 διχθάδιον
620 4479 713 4535 τὸν
763 4475 954 4533 στῦλον
1008 4473 1351 4548 επονομάσας
1384 4487 1399 4502 ·
1460 4470 1520 4527 οὗ
1571 4468 1669 4526 καΐ
1731 4466 1934 4558 Δανιηλ

284 4556 573 4624 ἐπιϐαίνων
630 4565 866 4648 ἔχαιρεν.
919 4563 1162 4628 Ἐκεῖνός
1204 4582 1262 4618 τε
1317 4563 1419 4641 γὰρ
1475 4562 1553 4634 τῷ
1607 4557 1734 4648 ὕψει
1787 4556 1932 4648 μᾶλ-

2019 710 2649 792 episcopum,multum
2684 715 3074 794 rogavissent,
3111 725 3176 779 ut
3206 717 3672 783 admoverentur

2019 802 2215 878 scalae,
2251 813 2310 865 et
2366 805 2439 865 ad
2492 823 2628 866 eum
2688 807 3064 884 ascenderet,
3126 808 3484 889 prohibebat
3529 830 3667 874 vero

2019 891 2274 954 invictus
2296 896 2501 956 Daniel
2529 916 2544 967 ;
2569 894 2926 958 imminebat
2948 907 3144 959 autem
3181 899 3306 978 jam
3330 899 3420 961 sol
3451 901 3668 963 mediis

2021 998 2229 1042 eorum
2262 982 2796 1062 capitibus,calidis
2823 1004 2927 1048 eos
2951 987 3180 1048 feriens
3202 988 3667 1069 radiis,etvide-

2021 1070 2120 1130 bat
2150 1070 2467 1151 episcopus
2518 1073 2956 1136 multitudinem
3007 1077 3100 1138 siti
3139 1085 3200 1138 et
3229 1087 3376 1140 mstu
3423 1079 3662 1142 torreri.

2019 1156 2200 1220 Jubet
2229 1159 2480 1222 inferius
2505 1163 2745 1242 quidem
2778 1165 3202 1227 archidiacono
3235 1185 3447 1246 preces
3465 1166 3668 1231 dicere

2021 1256 2361 1310 consuetas.
2388 1248 2521 1330 Ipse
2542 1258 2737 1312 autem
2765 1271 2902 1312 cum
2927 1262 3085 1315 esset
3107 1265 3403 1334 precatus,
3430 1255 3670 1317 ordinat

2023 1356 2302 1417 magnum
2334 1337 2643 1400 Danielem
2669 1341 2848 1401 etiam
2875 1361 2993 1403 non
3015 1352 3395 1422 praesentem,
3422 1345 3667 1425 presby-

2026 1437 2242 1497 terum,
2275 1436 2334 1488 et
2357 1427 2533 1489 simul
2568 1429 2885 1491 multitudo
2909 1431 2983 1492 de
3016 1450 3086 1493 eo
3120 1439 3222 1512 qui
3257 1442 3385 1494 erat
3409 1451 3549 1495 vere
3577 1435 3668 1495 dio

2020 1517 2931 1596 gnus,clamabat,Dignus.Cum
2957 1520 3044 1582 sic
3076 1523 3414 1601 patriarcha
3443 1522 3670 1586 Genna-

2023 1606 2156 1666 dius
2190 1606 2495 1668 Danielam
2543 1610 2910 1671 nominasset
2941 1611 3340 1686 sacerdotem,
3375 1619 3453 1688 et,
3489 1612 3668 1694 Ecce,

2019 1695 2360 1772 dixisset,et
2391 1697 2494 1759 tibi
2525 1697 3011 1776 populusjustam
3045 1701 3121 1762 de
3157 1719 3323 1763 more
3353 1709 3672 1782 propterea

2020 1785 2218 1845 emisit
2239 1803 2470 1859 vocem;
2489 1794 2548 1846 et
2568 1785 2728 1848 Deus
2748 1790 3010 1867 desuper
3031 1789 3137 1850 tibi
3168 1808 3275 1869 per
3305 1808 3399 1851 me
3423 1808 3668 1854 manum

2019 1871 2323 1952 imposuit,
2360 1881 2420 1936 et
2449 1874 2671 1949 omnia,
2733 1884 2797 1936 ut
2849 1877 3038 1938 semel
3085 1877 3310 1952 dicam,
3343 1881 3666 1960 suscepisti

1696 1965 1934 2021 λείπεται
1959 1991 1996 2040 Β
2018 1961 2186 2040 signa
2214 1961 2774 2025 sacerdotii.Restat
2805 1983 2968 2043 ergo,
2991 1975 3056 2027 ut
3085 1968 3259 2028 scalae
3289 1967 3662 2030 admovean-

2024 2057 2118 2111 tur
2148 2051 2463 2126 columnae,
2498 2059 2562 2112 ut
2589 2051 2671 2114 sis
2699 2053 2879 2114 etiam
2929 2055 3084 2116 sacri
3115 2057 3412 2136 particeps
3440 2058 3665 2120 sacriﬁ-

2021 2139 2189 2219 cii,et
2211 2139 2331 2201 Deo
2353 2141 2584 2202 vocanti
2608 2142 2852 2204 omnino
2876 2145 3075 2206 cedas.
3113 2145 3280 2208 Tunc
3303 2165 3438 2208 cum
3456 2146 3665 2210 beatus

2019 2229 2392 2305 cognovisset
2422 2228 2624 2292 Daniel
2651 2232 2776 2293 haec
2803 2251 2919 2294 non
2948 2233 3078 2294 ﬁeri
3102 2237 3231 2296 sine
3257 2237 3368 2298 Dei
3390 2236 3661 2312 numine,

2020 2318 2126 2379 sed
2165 2323 2219 2380 ei
2251 2337 2487 2399 quoque
2520 2328 2680 2398 grata
2733 2339 2866 2383 esse
2922 2331 2980 2383 et
3029 2331 3297 2403 accepta,
3347 2343 3480 2405 quae
3508 2325 3664 2387 facta

2019 2413 2181 2483 sunt,
2207 2407 2380 2486 jubet
2407 2409 2545 2487 poni
2571 2407 2783 2485 scalas,
2817 2418 2875 2472 et
2903 2410 3220 2473 cmlestem
3253 2413 3662 2494 margaritam,

2018 2495 2303 2572 divinam,
2329 2496 3181 2580 inquam,communionem,et
3202 2502 3309 2563 dat
3331 2509 3392 2563 et
3419 2503 3660 2584 accipit.

2017 2585 2246 2647 Deinde
2265 2603 2400 2648 cum
2424 2588 2602 2648 etiam
2624 2587 2863 2650 iecisset
2907 2589 3022 2650 alia
3054 2591 3276 2667 omnia,
3305 2609 3438 2672 quae
3468 2593 3666 2654 solent

2017 2673 2142 2735 ﬁeri
2161 2675 2648 2752 asacerdotibus,
2672 2685 2731 2737 et
2759 2687 3037 2757 precatus
3072 2687 3232 2741 esset
3259 2697 3367 2760 pro
3399 2681 3662 2744 multitu-

2016 2765 2183 2841 dine,
2218 2782 2323 2825 eos
2350 2764 2577 2826 dimisit
2625 2767 2892 2828 laetantes
2947 2768 3127 2830 simul
3185 2779 3246 2832 et
3273 2769 3658 2848 admirantes,

2018 2852 2232 2932 partim
2267 2853 2508 2933 quidem
2544 2865 2786 2934 propter
2817 2857 3256 2936 praescientiam
3289 2867 3352 2920 et
3373 2874 3518 2920 vere
3539 2860 3664 2923 lau-

2018 2941 2278 3003 dabilem
2309 2941 2712 3016 timiditatem,
2733 2944 2946 3023 partim
2977 2953 3175 3006 autem
3207 2947 3369 3027 quod
3395 2947 3488 3008 vix
3518 2949 3661 3026 qui-

2013 3031 2174 3105 dem,
2213 3031 2606 3112 persuadetur
2655 3041 2849 3094 tamen
2909 3033 3040 3114 ipse
3088 3035 3331 3116 quidem
3382 3036 3663 3117 accipere

2012 3120 2569 3200 sacerdotium,illis
2600 3137 2737 3182 vero
2771 3120 3037 3201 praebere
3064 3141 3275 3203 preces
3297 3133 3358 3204 et
3379 3125 3664 3190 benedic-

2012 3207 2262 3298 tionem.
2295 3208 2434 3270 Haec
2462 3210 2808 3290 imperatori
2868 3230 3103 3292 quoque
3134 3213 3568 3298 signiﬁcantur,
3605 3227 3667 3280 et

2013 3297 2196 3360 simili
2226 3316 2362 3358 eum
2388 3299 2622 3379 replent
2651 3298 2856 3362 laetitia
2885 3307 2945 3362 et
2971 3301 3388 3366 admiratione.

2097 3385 2461 3450 XXVI.Cum
2485 3407 2604 3449 non
2628 3406 2772 3466 ergo
2801 3391 3092 3468 ingentes,
3123 3391 3227 3472 qui
3256 3400 3395 3454 sunt
3422 3393 3662 3475 imperii

2015 3476 2631 3558 proprii,sumpsisset
2652 3479 3034 3560 spiritus,sed
3054 3479 3365 3544 didicisset
3378 3492 3666 3564 quantum

2014 3566 2094 3629 sit
2121 3567 2306 3628 virtus
2335 3568 2586 3647 imperio
2606 3569 3146 3649 praestantior,ipse
3172 3586 3412 3651 quoque
3433 3572 3506 3633 ad
3528 3590 3664 3634 eum

2013 3655 2303 3730 ascendit,
2336 3663 2394 3716 et
2421 3657 2669 3736 perinde
2697 3675 2767 3719 ac
2798 3658 2851 3718 si
2881 3661 3111 3736 regium
3133 3659 3346 3722 fastum
3366 3669 3424 3722 et
3444 3679 3664 3742 super-

2018 3746 2214 3803 cilium
2235 3747 2561 3818 reliquisset
2591 3750 2918 3811 interius.et
2949 3765 3010 3806 se
3030 3751 3306 3821 exuisset,
3339 3767 3400 3808 se
3427 3755 3666 3824 quidem

2017 3831 2184 3891 humi
2221 3833 2566 3912 prosternit,
2604 3832 2789 3912 tangit
2817 3842 3015 3895 autem
3046 3851 3250 3896 sacros
3270 3837 3430 3897 illius
3451 3839 3661 3917 pedes,

2016 3920 2188 3997 quasi
2207 3921 2334 3982 haec
2353 3921 2626 3983 faciendo
2649 3923 2836 4001 magis
2855 3923 3277 4006 honoraretur,
3300 3944 3476 4007 quam
3502 3927 3666 4004 quod

2017 4017 2174 4070 esset
2201 4009 2718 4090 imperator.Quos
2741 4030 2878 4074 cum
2906 4013 3224 4095 tetigisset,
3251 4015 3536 4095 impletur
3564 4017 3670 4078 ad-

2017 4098 2517 4180 miratione,sicut
2539 4102 2701 4181 prius
2720 4100 3011 4179 Gelasius;
3039 4116 3213 4164 erant
3245 4107 3408 4166 enim
3431 4105 3518 4168 illi
3552 4123 3666 4186 pe-

2015 4188 2122 4250 des
2150 4188 2313 4250 valde
2342 4199 2728 4270 tumentes,et
2749 4191 2991 4252 omnino
3010 4202 3310 4255 scatentes
3336 4194 3664 4276 ulceribus,

2015 4288 2263 4358 eratque
2308 4278 2481 4340 simul
2515 4280 2803 4342 horribile
2834 4289 2892 4342 et
2928 4281 3266 4344 miserabile
3297 4283 3435 4345 illos
3465 4285 3669 4346 videre

2019 4379 2079 4430 et
2107 4378 2380 4446 tangere.
2429 4367 2598 4431 Tunc
2628 4388 2769 4449 ergo
2799 4369 3126 4452 imperator
3158 4371 3340 4434 donat
3371 4391 3508 4435 eum
3543 4373 3670 4435 basi

2015 4459 2391 4538 geminarum
2425 4460 2860 4536 columnarum,
2889 4479 3036 4541 quas
3068 4462 3198 4541 ipse
3230 4463 3667 4544 posuit,dupli-

2017 4567 2149 4611 cem
2205 4566 2338 4610 eam
2397 4548 2736 4610 columnam
2802 4550 3138 4611 nominans.
3202 4557 3394 4623 Quam
3452 4569 3670 4614 ascen-

280 4657 379 4713 λον
435 4637 797 4736 ἐπῆρτο,”καί
855 4653 1023 4718 οὕτως
1082 4652 1194 4726 ἅμα
1248 4637 1401 4730 πρδς
1435 4650 1669 4715 ἄσκησιν
1723 4647 1932 4736 ἐπετεί-

2020 4639 2168 4736 dens
2193 4637 2518 4736 laetabatur
2532 4637 2925 4702 Daniel.Nam
2960 4650 3019 4701 et
3069 4641 3182 4736 illa
3200 4650 3327 4702 erat
3356 4641 3675 4736 sublimior

279 4704 406 4806 ;‘.'.'.
436 4704 1379 4824 feign."".;.;";i.,:s;..;;.;
1427 4704 1585 4798 ea;
1639 4735 1930 4824 p....._...

2020 4728 2361 4824 altitudine,
2413 4735 2473 4789 et
2505 4728 2630 4791 haec
2677 4737 2854 4824 etiam
2907 4731 3342 4824 extendebatur
3389 4733 3463 4794 ad
3497 4751 3674 4795 exer-

278 4841 376 4895 τοῦ
431 4817 609 4913 ἧλίου,
663 4817 937 4916 χειμῶνος
978 4817 1035 4889 δὲ
1081 4817 1414 4910 ψυχρότερον
1467 4834 1561 4886 τοῦ
1603 4827 1778 4920 ἀνέροςΣ
1816 4817 1931 4920 ιὨς

2020 4817 2384 4898 citationem,
2421 4827 2619 4880 aestate
2672 4818 2940 4900 quidem,
2995 4821 3304 4920 ardentius
3361 4839 3502 4920 eum
3550 4824 3677 4886 sole

277 4926 336 4982 δὲ
395 4926 485 4982 καὶ
526 4906 626 4993 τῆς
819 4922 1032 5000 ἀνέμων
1251 4906 1439 4998 χιόνος
1474 4939 1526 4974 τε
1563 4919 1651 4972 καὶ
1681 4914 1930 4995 χαλάζης

2020 4906 2308 4982 feriente;
2369 4908 2570 4969 hieme
2627 4918 2824 5000 autem
2855 4926 2995 4970 aere
3024 4909 3319 4988 frigidius.
3355 4910 3502 4974 Cum
3538 4930 3678 4974 vero

279 5018 516 5095 ἰσχυρῶς
577 4997 979 5089 ἐπιτεταμένων
1067 4997 1156 5066 καὶ
1236 4997 1432 5075 ἥκιστα
1508 5006 1750 5095 φορητὴν
1801 5003 1932 5095 Δἐπιέ-

2020 5006 2079 5058 et
2106 4997 2194 5058 vis
2224 5004 2563 5074 ventorum,
2594 4999 2868 5079 nivisque
2895 5006 2954 5060 et
2981 5001 3292 5078 grandinis
3347 5004 3678 5064 vehemen-

281 5091 599 5162 δεικνύντων
685 5104 784 5169 τὴν
854 5102 1154 5181 καρτερίαν,
1219 5095 1405 5174 ἀμέλει
1481 5098 1573 5152 καὶ
1641 5091 1816 5150 πολλά
1869 5094 1935 5149 τὰ

282 5195 530 5270 θαύματα
583 5192 860 5261 ἠκολούθει
886 5206 902 5222 ‘
980 5190 1110 5268 ὅπερ
1167 5188 1287 5264 ἐμοὶ
1340 5188 1404 5243 τὸ
1447 5187 1621 5262 μῆκος
1688 5186 1935 5262 φεύγοντι

284 5292 380 5342 τοῦ
435 5282 598 5364 λόγου
656 5282 716 5341 οὗ
772 5281 944 5339 πάντα
986 5277 1160 5360 ῥᾴδιον
1217 5275 1477 5352 ἱξειπεῖν,
1511 5273 1648 5364 ἀλλὰ
1697 5275 1763 5364 τοι
1808 5294 1934 5329 και-

284 5362 526 5458 ριώτατα
551 5373 715 5451 μόνον
744 5373 817 5438 ὠς
847 5374 881 5442 ἡ
911 5372 1232 5450 ὑπόσχεσις.
1365 5363 1589 5458 δὲλμηδὲ
1628 5362 1936 5458 βουλομένῳ

282 5452 506 5522 δυνατὸν
535 5461 847 5542 παρελθεῖν,
879 5467 1035 5518 τοῦτο
1060 5466 1148 5516 νῦν
1177 5459 1251 5520 ὡς
1280 5455 1398 5535 ἔχω
1428 5454 1588 5533 λόγου
1617 5452 1936 5531 πειράσομαι

279 5551 666 5636 διηγήσασθαι.

738 5751 1002 5815 ΡΔτιιοι..
1051 5746 1168 5810 Gn.
1212 5743 1420 5809 CXVI.

2019 5095 2112 5149 ter
2143 5093 2480 5168 impeteret,
2533 5097 2593 5149 et
2648 5089 2990 5150 violentiam
3041 5094 3432 5154 ostenderent
3489 5094 3676 5154 mini-

2021 5195 2118 5239 me
2145 5177 2709 5251 tolerabilem,certe
2733 5179 2916 5240 multa
2939 5182 3464 5262 consequebantur
3491 5183 3676 5244 mira-

2021 5267 2193 5330 cula:
2227 5285 2359 5348 quae
2390 5267 2632 5348 quidem
2664 5269 2836 5348 mihi,
2872 5270 3080 5332 vitanti
3106 5272 3508 5350 prolixitatem
3541 5291 3683 5335 ora-

2029 5357 2232 5438 tionis,
2268 5375 2388 5418 non
2418 5367 2558 5419 sunt
2588 5359 2790 5420 omnia
2820 5361 2984 5421 uictu
3028 5360 3227 5424 facilia
3272 5385 3286 5422 :
3324 5363 3431 5424 sed
3463 5363 3682 5439 solum,

2025 5465 2160 5529 quae
2182 5457 2320 5508 sunt
2341 5449 2660 5528 praecipua,
2697 5456 2916 5510 utsum
2950 5451 3451 5532 pollicitus.Quod
3483 5462 3686 5515 autem

2023 5555 2136 5599 nec
2157 5537 2209 5598 si
2227 5538 2404 5598 velim
2428 5539 2693 5619 quidem,
2729 5557 2971 5620 possum
3002 5544 3334 5621 praeterire,
3364 5543 3477 5605 hoc
3499 5561 3682 5624 nunc,

2019 5639 2311 5706 quantum
2337 5636 2546 5709 potero
2569 5630 2805 5710 assequi
2830 5630 3398 5710 oratione,conabor
3419 5649 3686 5699 narrare.

3209 5738 3286 5803 32
