4086 6410
445 286 599 357 1003

1607 293 1992 360 ADDENDA.
2066 323 2143 339 —
2213 284 2644 358 DECEMBER.

3666 266 3817 342 1004

523 427 899 495 XXVIIJam
924 429 1156 514 pridem
1181 425 1423 510 quidem
1441 427 1808 509 principium
1831 425 2086 514 habebat

2255 427 2386 489 KZ'.
2433 427 2588 504 ’Ἄρτι
2632 427 2730 501 μὲν
2775 422 2956 503 ἀρχὴν
3004 425 3144 514 εἶχε⁹
3178 425 3270 476 τοῦ
3298 416 3535 474 ἐνιαυτοῦ
3562 413 3816 514 ἡ1πὶριο-

439 518 584 579 anni
612 519 892 597 ambitus,
929 513 1008 582 Wet
1038 515 1260 580 mensis
1291 515 1568 597 instabat,
1628 534 1804 597 quem
1835 513 2089 577 Romani

441 618 653 670 vocant
682 608 1124 691 Septembrem,
1154 606 1216 667 in
1249 625 1367 686 quo
1412 606 1603 685 magni
1653 605 1929 686 martyris
1961 606 2086 665 Ma-

443 699 659 758 mantis
675 697 889 760 festum
915 698 995 778 pii
1019 694 1624 775 celebrant.Vespere
1646 712 1816 773 ergo,
1849 693 2088 774 quando

440 785 656 846 festum
680 805 714 848 a
739 787 852 868 piis
875 792 1331 868 praeparatur,et
1355 792 1481 846 tota
1514 793 1688 846 nocte
1717 782 1912 860 agitur
1941 783 2086 861 vigi-

444 873 732 950 lia,ﬁnem
763 875 978 955 accipit
1007 879 1204 953 magni
1244 873 1510 935 Danielis
1538 872 1874 954 prophetia,
1898 880 1957 932 et
1985 889 2089 933 re-

442 969 625 1042 pente
639 964 697 1024 in
712 971 965 1026 maxima
979 973 1038 1028 et
1055 963 1219 1042 regia
1237 963 1470 1026 civitate
1492 960 2087 1042 incipitincendium,

443 1051 602 1130 quod
633 1071 822 1133 usque
852 1053 1002 1115 adeo
1033 1059 1122 1114 eSt
1153 1051 1500 1133 excitatum,
1540 1061 1599 1113 et
1641 1051 1790 1112 adeo
1822 1049 2087 1126 invaluit,

441 1146 505 1200 ut
527 1139 651 1202 fere
675 1141 1016 1204 universam
1037 1139 1393 1204 contriverit
1411 1137 1890 1204 civitatem.Nam
1916 1138 2095 1218 cmpit

439 1228 682 1308 quidem
715 1251 744 1291 a
781 1229 1088 1311 muro,qui
1111 1237 1201 1292 est
1223 1237 1468 1310 propter
1491 1247 1677 1309 mare,
1703 1247 1881 1309 quem
1915 1229 2092 1290 etiam

440 1319 974 1381 nominantnavale
1001 1341 1015 1394 ;
1046 1317 1317 1399 pervenit
1352 1327 1552 1381 autem
1577 1335 1770 1398 usque
1802 1317 1876 1379 ad
1898 1316 2092 1378 forum

441 1406 834 1485 Constantini,
872 1419 933 1471 et
982 1407 1223 1488 pertigit
1269 1407 1344 1469 ad
1375 1416 1610 1488 portum
1647 1407 1886 1481 Iuliani,
1921 1407 2090 1487 quasi

443 1495 702 1558 mediam
733 1497 1020 1560 cinxisset
1049 1496 1375 1558 civitatem.
1403 1495 1531 1569 Quo
1584 1496 1645 1557 in
1677 1496 1808 1558 loco
1837 1503 1896 1558 et
1921 1514 2092 1558 com-

441 1585 736 1664 prehensa
771 1595 908 1648 sunt
936 1591 1214 1648 universa
1243 1603 1520 1667 corpora;
1546 1603 1917 1669 quaecunque
1949 1603 2088 1647 vero

440 1673 610 1737 fuere
639 1676 1100 1756 comprehensa,
1131 1675 1310 1736 facile
1337 1676 1673 1756 perierunt;
1698 1683 1756 1737 et
1774 1675 1861 1736 sic
1890 1681 2092 1755 pastus

2171 517 2282 589 ὃος,
2329 518 2417 573 καὶ
2470 518 2576 593 μὴν
2639 515 2938 584 ἐνειστήκει
3011 513 3068 568 ὃν
3131 501 3389 583 Ῥωμαῖοι
3457 499 3819 578 Σεπτέμϐριον

2172 604 2462 684 γαλοῦσιν,
2539 606 2593 662 ἐν
2669 605 2715 679 ᾦ
2783 605 2870 660 καὶ
2941 605 3018 674 τῷ
3085 597 3515 677 μεγαλομάρτυρι
3565 593 3820 684 μάμαντι

2171 695 2361 773 ἑορτὴν
2405 681 2620 774 ἄγουσιν
2663 697 2709 751 οἱ
2765 695 3030 772 φιλόθεοι.
3094 687 3350 765 Ἐσπέρας
3411 684 3521 757 οῦν,
3560 681 3648 774 ὅτε
3704 693 3819 746 τοῖς

2173 771 2406 841 εὐσεϐέσι
2455 771 2527 840 τὰ
2583 789 2680 849 τῆς
2741 771 2931 860 ἑορτῆς
2991 775 3333 858 προτελεϊται
3399 775 3489 830 καὶ
3549 771 3821 860 πάννυχος

2171 872 2386 950 ἄγεται,
2421 871 2575 937 τέλος
2631 875 2668 941 ἡ
2730 857 3044 952 προφητεία
3085 873 3179 923 τοῦ
3233 864 3470 943 μεγάλου
3533 857 3819 952 λαμϐάνει,

2172 963 2261 1018 καὶ
2308 958 2456 1043 ἄφνω
2514 968 2584 1040 τῇ
2627 951 2855 1041 μεγίστη
2885 956 3113 1036 βασιλίδι
3164 961 3268 1012 τῶν
3301 952 3512 1043 πόλεων
3542 951 3570 1006 6
3602 951 3822 1043 ἐμπρη-

2174 1053 2310 1126 σμὸς
2357 1039 2613 1132 ἔρχεται,
2659 1039 2748 1108 καὶ
2815 1055 3063 1107 τοσοῦτον
3114 1043 3274 1124 ἤρθη,
3329 1044 3417 1099 καὶ
3448 1039 3615 1104 οὕτως
3650 1039 3828 1119 ἴσχυ-

2176 1162 2285 1220 σεν,
2343 1127 2665 1220 ὡςημικρ-όῦ
2721 1146 2894 1197 πᾶσαν
2949 1137 3191 1213 ἐκτρῖψαι
3237 1135 3333 1202 τὴν
3363 1133 3542 1190 πόλιν.
3591 1127 3825 1207 Ἠρξατο

2178 1218 2279 1305 μὲν.
2329 1231 2429 1308 γὰρ
2459 1218 2686 1287 ἀπὸ-τοῦ
2717 1225 3147 1307 παραθαλασσίου
3176 1225 3416 1308 τείχους,
3460 1221 3487 1276 ὃ
3537 1221 3624 1276 καὶ
3683 1218 3826 1273 νεώ-

2177 1342 2290 1398 ριον
2319 1320 2655 1395 ὀνομάζουσι,
2690 1319 2871 1398 φθάνει
2901 1315 2956 1372 δὲ
2987 1316 3074 1371 καὶ
3117 1315 3190 1376 εἰς
3238 1315 3330 1368 τὸν
3379 1317 3470 1367 τοῦ
3532 1319 3824 1368 Κωνσταν-

2177 1409 2319 1468 τίνου
2374 1409 2533 1488 φόρον
2592 1411 2678 1465 καὶ
2730 1406 2831 1472 ἕως
2885 1404 3178 1486 Ἰουλιανοῦ
3235 1401 3451 1478 λιμένος
3491 1400 3818 1494 περιχωρεῖ,

2173 1500 2364 1555 ὡσανεὶ
2426 1499 2596 1574 μέσην
2653 1499 2751 1566 τὴν
2805 1494 2962 1554 πόλιν
3019 1493 3478 1572 περιζωσάμενον.
3510 1493 3689 1548 νΕνθεν
3734 1509 3818 1544 τοι

2173 1590 2262 1644 καὶ
2317 1594 2420 1645 πᾶν
2471 1591 2628 1664 σῶμα
2699 1582 3154 1661 κατελαμϐάνετο,
3235 1587 3335 1639 πᾶν
3407 1579 3460 1636 δὲ
3503 1581 3565 1636 τὸ
3617 1575 3820 1659 ληφθὲν

2173 1677 2406 1742 εὐκόλως
2450 1677 2755 1751 ἀπώλλυτο,
2802 1679 2897 1732 καὶ
2942 1676 3003 1731 16
3047 1681 3147 1750 πῦρ
3191 1671 3359 1736 οὕτως
3417 1667 3818 1748 ὒλοτροφούμε-

438 1761 686 1841 ignis,in
709 1764 1026 1826 maximam
1054 1763 1245 1826 crevit
1267 1764 1846 1844 ﬂammam,eratque
1869 1763 2086 1826 malum

2173 1789 2261 1823 vov
2303 1768 2392 1824 ἒπὶ
2443 1769 2701 1845 μεγίστην
2745 1765 2880 1845 ἤρθη
2923 1765 3023 1831 τὴν
3069 1762 3244 1842 φλόγα
3279 1775 3293 1791 ⁹
3341 1761 3428 1817 καὶ
3478 1760 3640 1818 κακὸν
3676 1757 3822 1833 ἅμα·

438 1851 937 1932 inexpugnabile;
965 1853 1189 1933 quippe
1211 1871 1348 1914 cum
1370 1853 1659 1934 quidquid
1684 1852 1758 1914 ad
1789 1871 1962 1933 opem
1994 1852 2086 1915 fe-

435 1941 685 2002 rendam
746 1942 1133 2017 aiferebatur,
1167 1950 1522 2021 argueretur
1570 1942 1719 2004 nihil
1770 1942 2084 2023 proﬁcere.

437 2029 809 2112 Quapropter
844 2032 1062 2094 multas
1121 2031 1369 2112 quidem
1405 2031 1646 2107 domus,
1683 2031 1863 2092 multa
1891 2040 2089 2108 autem

439 2121 688 2200 templa,
718 2121 1106 2202 virorumque
1127 2129 1186 2184 et
1207 2121 1529 2182 mulierum
1580 2121 1873 2201 prosepsit
1900 2119 2088 2201 depa-

437 2227 613 2271 scens
635 2210 1080 2272 multitudinem
1110 2231 1123 2274 :
1161 2211 1326 2272 multi
1359 2209 1796 2291 vero,partibus
1821 2218 1877 2270 et
1908 2228 2093 2271 mem-

440 2297 568 2359 bris
597 2299 892 2380 corporis,
928 2318 1060 2380 quae
1091 2300 1391 2361 invaserat
1419 2299 1602 2379 ignis,
1636 2299 1828 2361 statim
1863 2299 2092 2362 mutila-

439 2385 982 2468 bantur,erantque
1003 2389 1496 2464 semiustulati,et
1519 2388 1718 2452 media
1737 2399 1905 2470 parte
1929 2390 2088 2464 cassi,

444 2475 911 2539 miserabiliores
943 2477 1150 2557 iis,qui
1173 2478 1421 2540 omnino
1445 2497 1586 2540 cum
1613 2478 1737 2540 suis
1759 2478 2086 2558 perierant.

443 2561 584 2626 Erat
632 2583 776 2644 ergo
810 2566 1169 2648 periculum,
1201 2585 1300 2642 ne,
1332 2565 1491 2647 quod
1551 2566 1721 2646 vulgo
1753 2567 2094 2630 celebratur

445 2651 608 2714 orbis
639 2661 813 2716 terra;
842 2655 1218 2736 miraculum,
1251 2655 1649 2729 Constantini,
1675 2656 2094 2737 inquam,civi-

446 2751 558 2822 tas,
582 2752 933 2806 cerneretur
963 2743 1082 2825 pati
1113 2743 1330 2806 similia
1353 2743 1634 2807 incendio
1661 2746 2087 2808 Sodomorum.

447 2829 554 2893 Vix
589 2832 1005 2909 tandem,utin
1033 2841 1193 2896 tanto
1227 2833 1408 2909 malo,
1443 2835 1532 2896 eis
1553 2834 1715 2897 venit
1739 2834 1798 2896 in
1830 2842 2089 2898 mentem

446 2922 638 2983 sancti
660 2921 922 2984 Danielis
944 2923 1272 3003 praedictio,
1305 2930 1365 2985 et
1394 2922 1652 2986 credunt
1677 2923 1900 3000 fore,ut
1929 2924 2091 2988 illius

441 3010 635 3074 solum
671 3011 952 3091 precibus
983 3013 1204 3074 malum
1235 3011 1698 3077 vincatur.Hinc
1720 3014 1938 3077 factum
1972 3022 2088 3096 est,

446 3108 510 3162 ut
538 3101 611 3163 ad
641 3120 776 3163 eum
811 3120 1022 3180 magna
1042 3103 1348 3164 celeritate
1379 3103 1824 3178 currerent,ille
1846 3104 2088 3184 quidem

449 3190 716 3270 pecuniae
734 3190 963 3252 deﬂens
1004 3189 1418 3271 privationem,
1451 3191 1549 3253 hic
1572 3209 1905 3267 servorum,
1939 3191 2091 3254 alius

447 3279 684 3353 domus,
717 3279 870 3340 alius
897 3284 1229 3342 amicorum
1256 3302 1272 3357 ;
1317 3289 1376 3340 et
1406 3279 1504 3341 hic
1533 3279 1777 3360 quidem
1809 3288 2088 3359 cognato-

441 3367 711 3442 rum,ille
734 3385 871 3428 vero
896 3368 1099 3428 uxoris
1123 3375 1182 3429 et
1205 3385 1451 3430 suorum
1478 3368 1760 3443 ﬁliorum,
1797 3368 1948 3430 alius
1977 3385 2090 3431 au-

440 3463 560 3516 tem
595 3455 860 3517 omnium
914 3455 1287 3520 facultatum.
1342 3457 1593 3536 Propter
1637 3474 1771 3537 quae
1819 3464 2088 3520 sanctum

442 3551 603 3606 tanto
633 3543 841 3606 dolore
871 3545 1151 3620 aﬁ‘ecere,
1202 3553 1266 3606 nt
1312 3552 1468 3608 totus
1497 3545 1764 3626 repletus
1793 3546 2088 3627 lacrymis,

442 3651 548 3695 eos
570 3633 884 3696 damnaret
914 3634 1315 3714 negligentiae,
1355 3636 1512 3717 quod
1543 3635 1674 3717 ipso
1718 3635 1805 3698 eis
1836 3639 2090 3699 multum

443 3722 796 3785 testiﬁcante
826 3733 885 3785 et
915 3724 1301 3804 prmdicente,
1338 3726 1556 3788 malum
1601 3724 1952 3806 poenitentia
1997 3726 2088 3788 vi-

445 3819 570 3874 tare
598 3831 717 3874 non
750 3813 1020 3876 curarint
1055 3835 1068 3876 :
1103 3821 1166 3876 ut
1198 3815 1300 3896 qui
1331 3815 1392 3876 in
1425 3814 1706 3895 patiendo
1736 3816 1929 3878 solum
1952 3815 2086 3878 fue-

438 3903 561 3964 rint
577 3900 1001 3979 Ninivitaa,non
1021 3905 1201 3966 etiam
1226 3909 1287 3965 In
1311 3903 1831 3986 pmnitendoﬂasc
1851 3903 2085 3981 dicens,

443 3990 563 4051 illis
591 3992 836 4072 quidem
869 3992 958 4056 sic
986 3993 1273 4056 suadebat
1310 4012 1512 4056 curam
1545 4012 1758 4074 gerere
1801 3993 2088 4057 orationis

442 4088 502 4141 et
514 4080 921 4159 jejunii.Quin
947 4083 1122 4145 etiam
1147 4083 1276 4164 ipse
1293 4087 1536 4165 quoque
1557 4103 1769 4146 manus
1787 4084 1848 4145 in
1871 4085 2087 4148 ccelum

445 4170 681 4246 tollens,
716 4172 877 4233 illinc
906 4171 1264 4252 implorabat
1289 4174 1602 4249 auxilium;
1626 4180 1688 4237 et
1711 4185 1843 4255 post
1860 4174 2086 4236 oratio-

439 4277 604 4336 nem,
636 4280 772 4322 cum
805 4262 894 4322 eis
923 4261 1172 4324 dixisset
1195 4263 1372 4324 ﬁnem
1397 4263 1890 4336 calamitatis,eos
1910 4262 2082 4324 dimi-

439 4348 952 4431 sit.Postseptem,
985 4351 1342 4432 inquit,dies
1364 4350 1686 4414 cessabunt
1709 4351 1886 4412 minae
1906 4350 2083 4430 ignis.

2174 1878 2278 1936 χον
2326 1855 2392 1923 ἧν
2434 1857 2631 1922 παντὸς
2674 1862 2770 1913 τοῦ
2823 1855 2948 1932 πρὸς
3008 1849 3207 1928 ἄμυναν
3264 1847 3647 1930 ἐπιφερομένου
3704 1869 3823 1921 μη·-

2176 1943 2262 2000 δὲν
2318 1946 2492 2001 ἀνύειν
2550 1943 2940 2024 ἐλεγχομένου,
2978 1943 3076 1997 Διὰ
3106 1946 3270 1997 ταυτα
3320 1941 3410 1995 καὶ
3461 1936 3664 2002 πολλάς
3721 1936 3824 2011 μὲν

2176 2035 2367 2108 οἰκίας,
2429 2033 2660 2098 πολλοὺς
2720 2033 2775 2089 δὲ
2834 2033 3015 2112 ναοὺς,
3060 2031 3190 2107 πρὸς
3235 2027 3286 2084 δὲ
3345 2028 3433 2084 καὶ
3479 2027 3659 2097 πλήθη
3719 2025 3822 2081 ἆν-

2176 2121 2309 2201 δρῶν
2355 2145 2408 2180 τε
2444 2126 2823 2202 καὶγυναικῶν
2867 2119 3103 2200 διεϊρπεν
3135 2117 3520 2193 ἐπινεμόμενον
3557 2134 3572 2149 ⁸
3633 2113 3824 2172 πολλοὶ

2174 2211 2228 2268 δὲ
2273 2213 2410 2288 μέρη
2443 2234 2499 2268 τε
2530 2214 2616 2270 καὶ
2666 2213 2806 2289 μέλη
2865 2217 2954 2268 τοῦ
2998 2210 3247 2283 σώματος
3299 2206 3331 2262 ἂ
3361 2208 3421 2261 τὸ
3453 2212 3552 2284 πῦρ
3597 2203 3827 2270 ἐπῆλθεν

2175 2303 2324 2366 εὐθὺς
2381 2303 2868 2380 ἠκρωτηριάζοντο,
2935 2301 3033 2358 Καὶ
3078 2299 3216 2368 ἦσαν
3276 2295 3444 2358 οὕτως
3501 2292 3830 2372 ἡμιφλεγετς

2175 2391 2270 2448 καὶ
2302 2394 2584 2467 ἡμίτομοι,
2637 2390 2984 2469 ἐλεεινότεροι
3033 2394 3140 2445 τῶν
3173 2388 3245 2450 εἰς
3277 2385 3429 2447 τέλος
3461 2383 3830 2440 ἀπολωλότων

2175 2494 2291 2544 τοϊς
2347 2466 2562 2546 οἰκείοις
2594 2466 3021 2559 γινόμενοιξἮν
3067 2479 3156 2535 οῦν
3186 2473 3420 2538 κίνδυνος
3463 2475 3524 2530 1‘0
3567 2471 3829 2551 θρυλλού-

2175 2591 2333 2648 μενον
2363 2574 2537 2647 θαῦμα
2567 2576 2667 2638 τῆς
2712 2567 3052 2645 οὶκουμένης,
3085 2566 3186 2634 τὴν
3233 2561 3631 2623 Κωνσταντίνου
3684 2567 3828 2642 φημὶ

2173 2659 2252 2734 τῷ
2310 2665 2417 2716 τῶν
2479 2657 2731 2731 Σοδόμων
2786 2661 3096 2736 ἐμπρησμῷ
3151 2654 3466 2733 πάσχουσαν
3523 2649 3656 2708 ἰδεῖν
3713 2673 3827 2708 πα-

2175 2746 2468 2828 ραπλήσια,
2506 2748 2672 2813 Μόλις
2704 2748 2792 2806 οῦδ
2841 2750 2914 2811 ὡς
2959 2746 3015 2802 ἐν
3056 2745 3294 2818 τοσούτῳ
3335 2746 3488 2815 κακῷ
3530 2742 3566 2807 ἦ
3619 2762 3674 2797 τε
3733 2747 3828 2798 106

2175 2838 2327 2916 ἁγίου
2356 2837 2644 2918 πρόβῷησις
2698 2838 2857 2895 αὒτοῦ
2897 2836 3088 2916 εἰσῄει,
3135 2835 3223 2893 καὶ
3265 2840 3371 2890 τῶν
3415 2831 3614 2889 ἐκείνου
3645 2830 3827 2918 μόνων

2175 2930 2354 3007 εὐχῶν
2401 2917 2570 2996 ἦττον
2626 2927 2869 3008 γενέσθαι
2898 2928 2961 2983 τὸ
3009 2923 3178 2982 δεινὸν
3221 2923 3586 2984 πιστεύουσιν,
3635 2917 3825 2979 ’Ἔνθεν

2172 3039 2253 3074 τοι
2297 3017 2385 3074 καὶ
2413 3039 2571 3097 ταχει
2603 3017 2791 3090 πολλῷ
2821 3017 2952 3096 πρὸς
2983 3015 3141 3072 αὒτὸν
3169 3013 3381 3073 θέουσιν
3412 3015 3439 3070 6
3470 3012 3569 3088 μὲν
3600 3010 3820 3092 χρημάο

2172 3127 2279 3162 των
2330 3105 2756 3182 ἀποκλαιόμενος
2811 3105 3082 3183 στέρησιν,
3145 3107 3173 3160 6
3242 3102 3298 3160 δὲ
3353 3100 3554 3158 δούλων
3582 3149 3598 3181 ,
3661 3099 3819 3163 ἄλλος

2173 3196 2368 3270 οἰκίας,
2398 3193 2578 3274 ἕτερος
2625 3194 2816 3275 φίλων,
2848 3196 2938 3251 καὶ
2980 3196 3008 3250 6
3037 3193 3134 3268 μὲν
3180 3197 3474 3270 συγγενῶν,
3521 3193 3550 3247 6
3607 3189 3661 3246 δὲ
3721 3212 3823 3267 γυ-

2173 3285 2353 3348 ναικὸς
2381 3288 2469 3340 καί
2511 3282 2714 3341 παίδων
2756 3284 2935 3356 αὑτοῦ,
2987 3284 3015 3337 6
3044 3280 3100 3337 δὲ
3143 3281 3231 3338 καὶ
3285 3280 3500 3337 πάντων
3535 3280 3666 3355 ὁμοῦ
3715 3283 3825 3335 τῶν

2171 3372 2501 3450 προσόντων,
2562 3371 2680 3451 Ἐφ’
2713 3371 2803 3437 οῖς
2854 3369 2994 3428 οὕτω
3037 3368 3308 3450 περιαλγῆ
3338 3369 3430 3424 τόν
3479 3368 3632 3448 ἅγιον
3690 3367 3824 3434 ἐθη-

2171 3481 2294 3532 καν,
2352 3463 2426 3526 ὡς
2483 3461 2572 3518 καὶ
2613 3459 2849 3540 δακρύων
2898 3458 3023 3517 ὅλον
3070 3456 3506 3532 ὑποπλησθέντα,
3565 3457 3822 3536 ρᾳθυμίαν

2172 3553 2345 3608 αὐτῶν
2401 3557 2760 3631 καταγνῶναι,
2824 3549 2928 3625 ὅτι,
3002 3547 3176 3607 πολλὰ
3245 3547 3451 3622 τούτοις
3523 3545 3822 3623 διαμαρτυ-

2172 3639 2428 3718 ρουμένου
2477 3661 2535 3697 τε
2591 3641 2680 3697 καὶ
2757 3638 3112 3719 προλέγοντος
3199 3637 3451 3714 μετανοίᾳ
3532 3637 3595 3692 τὸ
3651 3633 3821 3692 δεινὸν

2169 3729 2422 3810 ἐκφυγεῖν
2481 3733 2578 3788 οὐκ
2632 3728 2948 3807 ἠγάπησαν,
3009 3738 3282 3787 Νινευῖται
3313 3725 3476 3802 μόνον
3507 3724 3562 3781 ἐν
3592 3732 3667 3800 τῷ
3708 3747 3820 3781 πα-

2169 3819 2310 3899 θεῖν,
2341 3817 2473 3899 οὒχί
2523 3821 2613 3876 καὶ
2663 3820 2718 3875 ἐν
2775 3821 2852 3894 τῷ
2911 3817 3251 3897 μεταγνῶναι
3293 3816 3590 3895 γενόμενοι.
3641 3821 3822 3873 Ταῦτα

2170 3906 2342 3987 λέγων
2385 3907 2606 3974 ἐκείνοις
2637 3909 2734 3985 μὲν
2778 3911 2868 3965 καὶ
2923 3907 3088 3972 οὕτως
3121 3906 3286 3986 εὐχῆς
3318 3927 3375 3963 τε
3430 3908 3524 3962 καί
3571 3905 3820 3972 νηστέίας

2171 3997 2541 4074 ἐπιμελεῖσθαι
2602 3998 2847 4077 πάρῄνει,
2904 4001 3002 4053 καὶ
3062 3997 3220 4059 αὐτὸς
3251 3994 3306 4051 δὲ
3349 3996 3443 4059 τὰς
3487 4008 3684 4075 χεῖρας
3744 3997 3823 4060 εἰς

2169 4089 2387 4166 οὐρανὸν
2429 4087 2558 4166 ἄρας
2615 4087 2716 4156 τὴν
2773 4086 2978 4144 ἐκεῖθεν
3035 4084 3355 4142 ἐπεκαλεῖτο
3403 4086 3676 4165 βοήθειαν,
3730 4085 3828 4141 καὶ

2169 4179 2305 4252 μετὰ
2361 4177 2458 4246 τὴν
2517 4177 2688 4256 εὐχὴν
2743 4175 2923 4251 ὥσπερ
2980 4173 3166 4236 αὒτοϊς
3219 4173 3320 4243 τήν
3351 4175 3552 4254 ἀρχὴν,
3585 4173 3723 4231 οὕτω
3751 4171 3825 4240 δὴ

2168 4267 2257 4322 καὶ
2299 4267 2360 4323 τὸ
2403 4265 2556 4328 τέλος
2617 4270 2716 4332 τῆς
2764 4269 3038 4344 συμφορᾶς
3084 4265 3310 4341 εἰρηκὼς
3363 4265 3579 4328 τούτους
3609 4261 3824 4320 ἀπέλυ-

2169 4376 2281 4416 σεν,
2347 4346 2512 4412 Ἑπτὰ
2571 4355 2693 4434 γὰρ,
2745 4352 2937 4434 φησὶν,
3010 4355 3231 4433 ἡμέραι,
3280 4353 3366 4410 καὶ
3409 4355 3444 4422 ἡ
3500 4359 3592 4410 τοῦ
3654 4354 3823 4432 πυρὸς

439 4437 540 4502 Sic
567 4438 669 4501 ille
694 4439 861 4520 dixit,
898 4447 957 4501 et
984 4458 1083 4501 res
1113 4449 1202 4502 est
1233 4449 1577 4502 consecuta.
1623 4439 1892 4518 Septimo
1921 4440 2084 4500 enim

2172 4441 2366 4511 ἀπειλὴ
2397 4444 2674 4514 στήσεται.
2709 4442 2888 4506 Οἱῖτως
2920 4443 3126 4509 ἐκεῖνός
3167 4465 3226 4500 τε
3257 4443 3407 4519 εἷπε,
3453 4443 3542 4499 καὶ
3573 4444 3633 4500 τὸ
3663 4441 3822 4522 ἔργον

431 4527 538 4589 die
570 4547 690 4589 non
719 4538 844 4589 erat
872 4529 1128 4609 amplius
1157 4529 1342 4607 ignis.
1391 4531 1557 4590 Tunc
1589 4537 1646 4590 et
1687 4527 1856 4608 alios,
1892 4537 1950 4590 et
1978 4546 2084 4590 eos

2172 4531 2454 4589 ἂκόλουθον
2482 4532 2573 4607 ἧν,
2637 4534 2724 4592 καὶ
2766 4535 2828 4589 τὸ
2871 4539 2971 4612 πῦρ
3020 4532 3194 4590 οὐκέτ’
3242 4533 3333 4600 ἧν.
3387 4533 3517 4591 Τότε
3562 4535 3650 4590 καὶ
3691 4534 3820 4598 τοὺς

437 4621 542 4693 qui
571 4616 855 4694 gerebant
884 4617 1286 4697 magistratus,
1317 4618 1459 4698 quin
1481 4616 1658 4679 etiam
1676 4617 1871 4698 ipsum
1892 4618 2080 4699 impe-

436 4712 694 4766 ratorem
722 4707 970 4767 incessit
999 4714 1212 4786 metus,
1241 4715 1856 4788 etsecum'assumpta
1885 4709 2079 4790 impe-

434 4794 676 4870 ratrice,
709 4795 777 4855 ﬁt
798 4793 1046 4875 supplex
1069 4795 1242 4857 beato
1271 4794 1531 4871 Danieli,
1564 4815 1670 4878 pro
1703 4815 1774 4860 eo
1803 4797 2078 4876 quidem,

436 4883 594 4964 quod
625 4883 1528 4967 praeterierat,misericordiam,
1554 4886 1936 4950 securitatem
1967 4906 2079 4950 au-

439 4979 556 5035 tem
590 4973 651 5034 in
683 4973 939 5037 futurum
975 4974 1306 5054 postulans.

514 5061 771 5126 XXVIII.
808 5065 1001 5144 Atque
1049 5066 1172 5143 jam
1218 5066 1459 5146 quidem
1516 5072 1648 5146 post
1675 5065 2079 5129 autumnalem

435 5153 891 5216 conversionem
955 5162 1173 5216 mutato
1234 5163 1504 5236 tempore
1565 5164 1694 5218 erat
1751 5155 1970 5232 hiems,
2023 5165 2082 5219 et

432 5243 628 5304 hiems
650 5243 1045 5322 major,quam
1069 5253 1134 5306 ut
1154 5263 1282 5306 eam
1319 5244 1505 5326 possit
1524 5244 1824 5326 explicare
1847 5245 2035 5310 oratio
2063 5267 2078 5324 ;

432 5351 555 5408 quae
576 5345 766 5394 tamen
789 5337 1171 5407 superabatur
1205 5339 1275 5396 ab
1316 5339 1533 5396 invicto
1561 5341 1827 5411 generosi
1861 5339 2076 5399 animo.

431 5421 734 5484 Cadebant
755 5427 954 5484 autem
985 5422 1213 5486 imbres
1237 5423 1502 5502 plurimi,
1533 5433 1592 5486 et
1610 5433 1926 5488 ventorum
1953 5435 2081 5489 erat

431 5512 694 5593 procella
723 5513 1253 5576 vehemens.Venti
1285 5532 1425 5576 vero
1457 5514 1636 5576 etiam
1670 5515 1830 5578 inter
1851 5535 1916 5578 se
1945 5515 2075 5596 agi-

428 5601 632 5665 tabant
661 5601 1044 5686 seditionem,
1095 5613 1159 5667 et
1205 5603 1378 5670 multi
1432 5603 1612 5667 simul
1656 5605 1984 5687 Spirabant,
2018 5615 2077 5669 et

2163 4620 2356 4686 ἄλλους
2416 4623 2503 4679 καὶ
2563 4624 2686 4688 τοὺς
2750 4623 2805 4679 ἐν
2860 4622 3003 4680 τέλει
3062 4623 3288 4699 πάντας,
3336 4623 3421 4680 καὶ
3454 4623 3612 4681 αὐτὸν
3641 4621 3696 4678 δὲ
3726 4625 3823 4680 τὸν

2163 4717 2456 4790 κρατοῦντα
2514 4712 2676 4794 φὸἵος
2731 4709 3017 4788 λαμϐάνει,
3063 4713 3156 4770 καί
3194 4712 3293 4780 τὴν
3345 4710 3590 4789 βασιλίδα
3633 4735 3819 4790 παρα-

2164 4798 2341 4858 λαϐὼν
2374 4802 2580 4880 οἰκτρὸς
2615 4801 2828 4870 οἰκέτης
2858 4802 2952 4859 τοῦ
2982 4802 3242 4881 μακαρίου
3290 4803 3518 4882 γίνεται,
3550 4803 3682 4880 πρὸς
3713 4801 3818 4878 μὲν

2162 4891 2226 4947 16
2258 4889 2518 4970 παρελθὸν
2547 4891 2902 4969 συμπάθειαν,
2935 4893 3068 4970 πρὸς
3115 4889 3170 4948 δὲ
3201 4892 3261 4949 τὸ
3291 4889 3489 4968 μέλλον
3519 4890 3817 4972 ἀσφάλειαν

2162 4978 2561 5058 ἐξαιτούμενος.

2248 5069 2390 5135 KH'.
2424 5068 2568 5140 ’Ἤδη
2624 5071 2724 5147 μὶν
2767 5073 2857 5128 οὗν
2915 5069 3052 5146 μετὰ
3108 5071 3205 5136 τὰς
3262 5072 3649 5152 φθινοπωρινὰς
3683 5094 3815 5152 τρο-

2167 5160 2272 5226 πὰς
2333 5168 2428 5218 τοῦ
2485 5164 2667 5239 καιροῦ
2721 5157 3119 5237 μεταϐαλόντος
3178 5161 3398 5241 χειμὼν
3439 5161 3529 5236 ἧν,
3579 5163 3662 5220 καὶ
3693 5184 3818 5242 χει-

2168 5251 2282 5326 μὼν
2312 5249 2475 5329 λόγου
2505 5251 2607 5326 μὲν
2653 5250 2928 5326 κρείττων,
2964 5255 3066 5317 τῆς
3097 5246 3151 5306 δὲ
3186 5259 3278 5308 τοῦ
3325 5252 3565 5330 γενναίου
3623 5257 3813 5332 ψυχῆς

2161 5340 2496 5416 ἡττώμενος,
2550 5339 2714 5395 ὑετῶν
2771 5336 2826 5394 δὲ
2881 5337 3107 5407 πλείστη
3167 5342 3441 5421 καταφορὰ
3483 5342 3572 5400 καὶ
3616 5363 3810 5400 καται-

2160 5429 2246 5507 γὶς
2303 5428 2515 5504 ἀνέμων
2575 5425 2796 5507 σφοδρά.
2856 5424 3167 5500 Ἐστασίαζε
3213 5428 3267 5486 δὲ
3312 5432 3400 5488 καὶ
3461 5432 3594 5508 πρὸς
3651 5431 3810 5490 ἑαυτὰ

2159 5518 2225 5574 τὰ
2279 5519 2555 5594 πνεύματα
2588 5565 2604 5592 ,
2670 5517 2758 5573 καὶ
2816 5516 2996 5574 ἔπνεεν
3071 5520 3184 5596 ἅμα
3255 5518 3433 5578 πολλὰ
3489 5522 3574 5578 καὶ
3639 5520 3811 5586 οὕτως

2159 5604 2315 5687 ἄγρια
2359 5607 2434 5672 ὡς
2467 5607 2561 5663 καί
2607 5607 2699 5671 τὰς
2733 5606 2955 5688 σιδηρᾶς
2985 5615 3089 5668 τῶν
3125 5610 3314 5668 κιόνων
3368 5607 3557 5687 Λαϐας,
3593 5609 3650 5668 αἲ
3711 5611 3810 5681 τὴν
