4086 6396
282 284 435 359 1005

1398 296 1585 365 νΙΤΑ
1636 300 1697 364 S.
1743 296 2106 365 DANIELIS
2158 304 2526 370 STYLIT/E.

3503 322 3656 389 1006

275 425 549 503 συμϐολήν
596 450 654 484 τε
682 434 786 485 τῶν
835 427 925 486 δύο
956 446 1209 511 συνεῖχον
1241 434 1431 490 κιόνων
1461 438 1545 491 καὶ
1576 437 1664 492 τὸν
1720 434 1918 501 Δανιὴλ

2006 434 2151 497 adeo
2175 437 2419 502 violenti
2452 448 2509 501 et
2530 440 2845 519 immanes,
2880 451 2944 506 ut
2974 445 3194 509 ferreas
3226 467 3400 513 ansas
3432 454 3657 518 colum-

276 515 471 572 ἄνωθεν
534 515 714 596 ἔφερον
756 518 938 593 βιαίως
993 520 1428 595 ἀποσπασθῆναι,
1484 524 1630 596 μόνῳ
1687 522 1740 580 δὲ
1794 547 1921 581 συν-

276 604 519 685 ειλῆιρθαι
570 607 783 669 τούτους
854 607 1117 687 στδλαρίῳ
1182 620 1354 688 μικρῷ
1424 614 1452 669 ὃ
1527 612 1720 687 μεταξὺ
1794 620 1923 671 τοὺ-

272 717 380 752 των
451 693 741 775 ἐτύγχανεν
828 694 1113 771 ἐμϐληθέν.
1174 697 1325 776 ’Ἅμα
1404 708 1530 780 γοῦν
1589 702 1925 777 προσέπιπτε

272 785 541 862 καταιγῖς,
592 786 679 840 καὶ
736 803 783 842 οι
844 787 1013 852 κίονες
1073 786 1459 867 ἐκραδαίνοντο,
1520 793 1605 848 καὶ
1654 793 1681 848 ὁ
1725 790 1923 855 δίκαιος

274 872 471 929 ἄνωθεν
526 874 653 929 ὡσεὶ
703 872 893 939 κλάδος
952 873 1158 950 δένδρου
1217 877 1342 954 τῇδε
1401 880 1620 937 κάκεῖσε
1671 880 1920 959 περιεφέ-

271 983 390 1041 ρετο
451 964 539 1018 καὶ
566 965 959 1042 συμπεριήγετο
1006 972 1076 1038 τῇ
1107 973 1266 1044 πνοῇ’
1314 969 1433 1043 βοαί
1475 968 1529 1024 δὲ
1559 971 1650 1025 σὺν
1706 969 1920 1047 δάκρυσι

268 1056 374 1107 τῶν
445 1054 699 1124 μαθητῶν
754 1053 1008 1128 κάτωθεν,
1076 1056 1165 1112 καί
1234 1056 1496 1137 ὀφθαλμοί
1559 1060 1689 1137 πρὸς
1757 1060 1921 1133 μόνον

272 1139 476 1195 ἐκεῖνον
533 1139 842 1217 βλέποντες,
876 1144 963 1200 καί
1020 1142 1307 1220 προσδοκία
1351 1145 1564 1225 λυπῆρὰ
1608 1148 1701 1220 μία
1733 1150 1767 1215 ἡ
1826 1154 1920 1205 τοῦ

280 1231 467 1305 πατρὸς
519 1229 692 1286 αὐτῶν
750 1232 1021 1311 στέρησις.
1075 1233 1226 1291 Ἀλλ’
1291 1235 1386 1291 οὒκ
1445 1234 1548 1304 ἤδη
1593 1238 1681 1293 καί
1734 1239 1768 1304 ἡ
1829 1246 1921 1295 τοῦ

278 1317 477 1385 Δανιὴλ
537 1318 686 1385 ἐλπίς
734 1321 768 1388 ἡ
827 1322 957 1397 πρὸς
1030 1324 1213 1400 Κύριον
1292 1323 1593 1398 ἐσαλεύετο,
1654 1324 1808 1382 ἀλλ’·
1837 1324 1922 1381 ἐπί

270 1407 467 1473 ταύτης
539 1413 637 1474 τῆς
710 1407 963 1487 ἆρῥαγοῦς
1022 1412 1216 1489 πέτρας
1276 1416 1303 1470 ὁ
1348 1416 1608 1491 μακάριος
1668 1416 1918 1492 στηριζό-

271 1516 431 1571 μενος
504 1494 693 1571 μηδενί
774 1497 941 1573 μηδὲν
1019 1502 1379 1580 φθεγγόμενος
1449 1502 1586 1575 μηδὲ
1659 1506 1701 1559 εἰ
1772 1511 1925 1560 τοῦτο

270 1582 451 1661 συμϐῇ
506 1584 753 1648 δεδοικὼς
813 1588 887 1661 (τί
942 1590 1043 1669 γὰρ
1096 1590 1265 1647 δεινὸν
1320 1591 1466 1665 αὒτῷ
1526 1594 1585 1649 τὸ
1639 1596 1844 1667 θανεῖν,
1880 1593 1925 1669 ᾧ

269 1676 331 1730 τὸ
362 1673 585 1731 ἐνταῦθα
619 1675 794 1749 μένειν
824 1679 963 1735 κατὰ
1010 1680 1099 1735 τὸν
1148 1678 1317 1739 Δαυ“ιδ
1356 1680 1566 1760 φυλακή
1600 1686 1662 1762 ς),
1695 1682 1805 1738 ἄνω
1834 1687 1923 1739 τὸν

2008 541 2386 607 narum.quaa
2408 529 2556 591 duas
2583 531 2891 595 columnas
2922 533 3079 598 inter
3109 556 3173 598 se
3203 540 3659 609 committebant

2008 623 2066 713 et
2088 615 2965 713 conjungebant,et_Danielem
2998 624 3057 685 in
3089 626 3209 688 alto
3237 628 3657 713 ferebant,vi0-

2006 703 2198 765 lenter
2228 706 2682 780 avellerent,ille
2702 719 2900 773 autem
2926 711 2985 773 in
3012 731 3190 793 parva
3219 717 3346 778 sola
3376 703 3656 786 contine-

2006 801 2175 856 retur
2194 795 2714 879 columnella,quaa
2736 800 2899 862 inter
2927 820 3026 865 eas
3057 812 3185 867 erat
3213 807 3655 886 injecta.Simnl

2007 899 2145 973 ergo
2176 896 2236 944 et
2268 886 2528 964 procella
2558 887 2844 963 irruebat,
2879 899 2937 952 et
2968 896 3516 973 conquassabantur
3544 922 3651 967 c0-

2007 971 2312 1068 lumnaa,et
2333 972 2531 1050 justus
2559 971 3131 1061 superne,tanquam
3164 1001 3366 1046 ramus
3394 989 3651 1068 arboris,

2006 1059 2121 1121 huc
2146 1070 2202 1157 e_t
2223 1061 2362 1157 illuc
2386 1059 3011 1157 circumferebatur,et
3042 1070 3180 1139 ﬂatu
3199 1059 3651 1157 circumageba;

2006 1156 2099 1209 tur
2125 1166 2139 1210 :
2166 1149 2640 1251 Inferiusautem
2670 1155 3144 1219 vociferabantur
3165 1160 3445 1242 discipuli
3465 1149 3654 1251 lacry-

2006 1252 2246 1310 mantes;
2269 1252 2323 1300 et
2346 1245 2402 1299 in
2423 1243 2585 1302 illum
2605 1247 2790 1304 solum
2807 1252 3215 1310 convertebant
3236 1257 3510 1329 0culos,et
3534 1243 3648 1321 una

2005 1326 2248 1421 eiserat
2277 1329 2489 1421 acerba
2509 1333 2891 1421 exspectatio,
2928 1334 3117 1396 Patris
3146 1354 3351 1400 eorum
3376 1326 3648 1421 privatio.

2006 1415 2124 1517 Sed
2157 1435 2276 1478 non
2294 1417 2499 1517 itidem
2527 1418 2760 1517 lababat
2777 1438 2914 1502 spes
2936 1422 3200 1517 Danie‘lis
3222 1427 3280 1517 in
3302 1415 3647 1517 Dominum,

2005 1505 2111 1566 sed
2147 1524 2326 1604 super
2350 1507 2510 1604 lianc
2545 1509 2773 1604 firmam
2827 1519 3055 1591 petram
3107 1513 3386 1604 fundatus
3416 1505 3649 1604 beatus,

2009 1596 2235 1656 nemini
2265 1596 2585 1677 quidquam
2618 1598 2889 1681 loquens,
2924 1619 3121 1682 neque
3150 1603 3202 1665 si
3244 1606 3358 1668 hoc
3386 1596 3652 1675 evenerit

2007 1683 2438 1763 pertimescens
2470 1685 2637 1763 (quid
2677 1688 2836 1749 enim
2889 1689 2943 1749 ei
2974 1708 3154 1767 grave
3184 1704 3315 1757 erat
3344 1700 3518 1770 mori.
3554 1703 3651 1765 cui

267 1769 386 1821 νοῦν
448 1762 595 1844 ἔχων
651 1768 747 1822 καὶ
810 1768 1243 1848 προσευχόμενος
1306 1767 1593 1849 ἒκαρτέρει.
1655 1771 1916 1848 Ἐχέκρα-

269 1852 290 1873 Ρ
454 1854 478 1873 γ
561 1860 573 1873 ι
646 1852 688 1873 δ’
1002 1857 1014 1873 Ι
1062 1861 1073 1873 ο
1161 1866 1194 1873 --
1219 1857 1229 1873 Ι
1450 1860 1517 1873 .Α1
1640 1862 1653 1873 ι
1715 1862 1724 1873 ι

2006 1762 2100 1834 hic
2131 1790 2394 1850 manere,
2454 1762 2662 1837 Davidi
2716 1762 3136 1856 congruenter,
3199 1794 3325 1847 erat
3372 1762 3647 1873 carcer

268 1852 351 1918 ξεν
418 1854 507 1908 οὖν
555 1860 582 1909 ὸ
641 1852 865 1929 δίκαιος,
924 1857 1014 1912 καί
1056 1861 1083 1912 ὁ
1161 1857 1346 1936 Κύριος
1410 1860 1563 1923 «me;
1611 1862 1917 1930 εἰσήκουσεν

270 1940 451 2017 αὐτοῦ,
486 1944 575 1998 καί
623 1943 803 2001 ἆνοθεν
834 1943 886 2011 ἐξ
941 1944 1159 2024 ούρανοῦ
1215 1951 1289 2012 ὡς
1320 1951 1380 2003 ὲκ
1431 1947 1526 2005 τοῦ
1555 1947 1741 2007 πλοίου
1796 1949 1915 2027 πρίν

269 2032 387 2095 τοὺς
446 2030 663 2107 ἀνέμοις
722 2033 961 2110 ἐπιτιμᾷ,
1018 2036 1109 2093 καί
1175 2042 1511 2116 παραχρῆμα
1554 2036 1767 2116 γαλήνη
1828 2038 1916 2094 καί

267 2121 496 2198 νηνεμία
527 2120 729 2197 πολλή,
765 2125 863 2181 Καί
890 2126 956 2181 τὰ
983 2124 1082 2197 μὲν
1110 2131 1217 2182 τῶν
1247 2124 1457 2201 ἀνέμων
1486 2126 1659 2190 οὕτος.

352 2298 485 2359 ΚΘ’.
533 2296 684 2357 Ἐπεί
728 2299 783 2357 δὲ
843 2298 944 2358 ἔδει
988 2304 1067 2377 μὴ
1110 2303 1175 2359 τὰ
1233 2303 1506 2377 πνεύματα
1560 2304 1746 2378 μόνον,
1779 2301 1916 2359 ἀλλὰ

274 2387 367 2442 καί
395 2409 538 2452 τινας
590 2392 698 2445 τῶν
740 2390 838 2457 τὴν
890 2389 1091 2471 Ἀρείοδ
1147 2392 1483 2467 μαινομένων
1531 2392 1720 2468 μανίαν
1778 2391 1915 2459 στῆ-

280 2499 365 2534 ναι
411 2499 506 2544 της
550 2480 822 2559 ταραχῆς,
881 2482 970 2536 καί
1025 2480 1181 2539 τοῦτο
1233 2480 1302 2538 δι’
1358 2480 1556 2537 ἐκείνου
1605 2482 1911 2562 σοφώτατα,

271 2566 452 2644 ὥσπερ
520 2567 730 2644 εἴωθεν,
805 2570 1188 2645 οἰκονομεῖται.
1276 2572 1372 2629 Καί
1441 2583 1695 2627 σκοπεῖτε
1767 2570 1913 2629 ὅπως

266 2657 365 2724 τὴν
424 2658 726 2733 οἰκονομίαν
756 2657 1006 2726 ποικίλην
1057 2661 1145 2717 καί
1172 2657 1240 2716 δι’
1281 2659 1457 2716 ἄλλων
1491 2660 1644 2739 ἓτερα
1700 2658 1915 2717 πλέκειν

265 2744 530 2811 πολλάκις
587 2745 734 2805 οἶδεν
765 2749 800 2816 ἡ
856 2750 1099 2826 πρόνοια.
1134 2749 1317 2828 Ἔγνω
1370 2748 1614 2825 βασιλεὺς
1648 2749 1682 2805 ἃ
1724 2748 1917 2825 συμϐέ-

264 2832 399 2902 ϐηκε
456 2843 532 2911 τῷ
591 2837 742 2911 ὁσίῳ,
786 2838 874 2894 καί
920 2840 1010 2895 τὸν
1058 2837 1246 2895 στῦλον
1302 2836 1436 2895 ἰδεῖν
1485 2837 1729 2913 ἔσπευδε,
1762 2838 1917 2895 τοῦτο

266 2927 364 3002 μὲν
434 2923 580 2993 δίκας
639 2926 904 2998 ἐπιθήσων
975 2940 1093 2993 τοῖς
1166 2929 1232 3005 μὲ
1286 2926 1513 3005 βεϐαίως
1584 2929 1677 2993 τὰς
1750 2925 1915 2991 λαϐὰς

266 3018 659 3094 εἰργασμένοις,
714 3026 867 3076 τοῦτο
951 3017 1006 3074 δὲ
1087 3025 1175 3076 τοῦ
1252 3016 1442 3078 λοιποῦ
1514 3018 1704 3081 ταύτας
1786 3019 1916 3097 πρὸς

265 3105 562 3185 ἀσφάλειαν
642 3109 989 3186 συναρμόσαι.
1049 3106 1200 3165 Ἀλλ’
1268 3107 1497 3172 ἐκείνους
1549 3108 1647 3183 μὲν
1705 3109 1740 3176 ἡ
1826 3108 1917 3163 τοῦ

264 3195 508 3274 μεγάλοο
581 3198 818 3276 πραότης
876 3202 975 3265 τῆς
1043 3198 1421 3276 αὐτοκράτορος
1476 3195 1701 3265 ὰπειλῆς
1774 3195 1915 3263 ἐξαι-

265 3300 442 3365 ρεῖται
491 3290 715 3344 θάνατον
775 3290 960 3350 αὐτοῖς
1012 3286 1378 3362 ἀπειλοῦντος,
1424 3286 1659 3344 κατιόντι
1716 3283 1771 3341 δὲ
1831 3291 1923 3343 τοῦ

266 3376 421 3453 ὄρους
498 3382 577 3452 τῷ
630 3377 845 3454 βασίλετ
895 3373 1130 3441 κίνδυνος
1215 3378 1274 3433 οὗ
1331 3379 1521 3454 μικρὸς
1590 3376 1919 3455 συνηνέχθη.

271 3466 401 3530 Δέος
460 3466 562 3544 γὰρ
593 3468 725 3523 κατᾶ
781 3466 879 3534 τὴν
937 3466 1110 3544 τύχην
1166 3464 1455 3545 ἐκταράξαν
1483 3467 1576 3522 τὸν
1637 3465 1829 3541 ἵππον,
1862 3464 1921 3521 οὗ

268 3553 605 3623 ἐπιϐεϐηκὼς
636 3558 791 3622 αὐτὸς
851 3556 942 3630 ἦν,
973 3556 1062 3613 καί
1090 3556 1337 3623 πτοηθείς
1381 3556 1469 3611 καί
1498 3555 1617 3621 τοὺς
1674 3558 1918 3633 ἔμπροσ-

266 3647 405 3712 θίους
482 3644 647 3711 πόδας
697 3648 829 3726 πρὸς
886 3647 947 3704 τὸ
1008 3645 1186 3723 ὄρθιον
1246 3644 1519 3707 ἀνατείνας
1580 3642 1763 3707 ὕπτιος
1820 3646 1919 3720 μὲν

265 3736 356 3795 ἐπί
407 3746 499 3796 τοῦ
528 3735 747 3814 ἐδάφους
800 3738 827 3792 ὁ
861 3734 1028 3797 ἵππος
1083 3736 1250 3810 εὐθὺς,
1280 3732 1463 3798 ὕπτιος
1508 3731 1563 3789 δὲ
1612 3734 1758 3790 καίό
1814 3735 1918 3809 βα-

266 3827 445 3892 σιλεὺς
504 3826 596 3882 σὺν
667 3827 833 3905 αὐτῷ,
895 3824 951 3881 τό
1008 3822 1060 3881 δὲ
1147 3829 1247 3891 τῆς
1302 3821 1594 3899 βασιλικῆς
1669 3820 1919 3902 κατέδρας

266 3916 564 3995 ἔμπροσθεν
634 3916 1054 3992 ὑπερονιστηκὸς
1128 3910 1386 3991 ἐπιτρίϐει
1458 3919 1534 3985 τῷ
1588 3910 1804 3989 βασιλεῖ
1858 3914 1919 3969 τὸ

268 4007 544 4086 μέτωφον,
573 4005 662 4061 καί
718 4005 809 4061 τὸν
838 4003 926 4061 ὲπί
981 4004 1078 4070 τῆς
1113 4001 1350 4069 κεφαλῆς
1406 4000 1661 4081 στέφανον
1706 4001 1919 4081 πόρῤω-

262 4100 354 4154 θεν
407 4094 646 4175 ἐκκρούει
692 4093 814 4151 ἔνθα
871 4089 1153 4169 συμϐαίνει
1211 4092 1332 4155 τοὺς
1389 4090 1444 4147 ὲν
1501 4092 1644 4165 αὒτῷ
1701 4091 1917 4170 μαργά-

264 4208 360 4267 ρου
408 4181 571 4241 ἄλλον
642 4182 888 4264 ἀλλαχοῦ
942 4179 1401 4248 διασκεδασθῆναι.
1453 4178 1620 4239 Ἀλλὰ
1676 4182 1765 4239 καί
1818 4190 1921 4237 Aa-

266 4274 393 4343 νιὴλ
448 4280 516 4351 τῇ
544 4274 685 4354 εὐχῇ
728 4272 1031 4353 προφθάσας
1088 4273 1179 4328 τὸν
1233 4271 1465 4349 πονηρὸν
1496 4267 1709 4350 χαλεπῦ
1762 4271 1917 4327 θανά-

2002 1863 2422 1941 perseverabat
2455 1872 2713 1925 mentem
2770 1884 3011 1954 sursum
3063 1870 3324 1954 erigere,
3358 1884 3417 1938 et
3447 1863 3646 1946 orare.

2001 1949 2284 2012 Clamavit
2312 1969 2457 2031 ergo
2467 1954 2687 2032 justus,
2715 1966 2777 2016 et
2808 1953 3095 2019 Dominus
3126 1949 3321 2025 statim
3354 1967 3652 2031 exaudivit

2001 2056 2165 2132 eum,
2195 2048 2253 2101 et
2282 2040 2545 2122 desuper
2575 2061 2609 2105 e
2639 2043 2977 2119 ccelo,sicut
2999 2065 3032 2108 e
3063 2050 3199 2110 navi
3232 2050 3418 2132 prius,
3440 2064 3650 2119 ventos

1998 2126 2287 2209 increpat,
2323 2139 2380 2191 et
2400 2139 2649 2211 repente
2670 2132 3070 2214 tranquillitas
3105 2137 3213 2199 fuit
3233 2126 3299 2202 et
3326 2126 3640 2207 serenitas.

1996 2215 2068 2278 Et
2098 2228 2413 2280 ventorum
2445 2218 2687 2301 quidem
2716 2240 2813 2284 res
2840 2223 2918 2283 ita
2945 2224 3175 2290 habuit.

2080 2305 2448 2372 XXIX.Cum
2471 2318 2668 2372 autem
2693 2330 2812 2373 non
2828 2312 3073 2393 spiritus
3093 2316 3310 2392 solum,
3338 2321 3443 2383 sed
3467 2322 3646 2387 etiam

1998 2397 2285 2490 quosdam
2349 2416 2420 2460 ex
2475 2398 2551 2460 iis
2599 2400 2701 2480 qui
2729 2401 2953 2464 Ariana
2981 2402 3330 2472 laborabant
3388 2414 3640 2490 insania,

1999 2486 2274 2583 coerceri
2292 2496 2595 2568 oporteret
2652 2507 2683 2550 a
2740 2492 3188 2570 perturbatione
3220 2516 3234 2558 :
3271 2498 3379 2560 hoc
3409 2486 3649 2583 quoque

2000 2576 2561 2659 prudentissime,ut
2586 2590 2997 2656 consueverat,
3034 2601 3141 2662 per
3167 2583 3333 2647 illum
3366 2576 3649 2668 provide-

2000 2664 2195 2762 t_ur.Et
2222 2665 2440 2762 videte,
2476 2686 2662 2762 quam,
2679 2669 2841 2732 vario
2866 2671 2950 2762 uti
2972 2672 3227 2735 consilio
3250 2682 3312 2737 et
3336 2664 3649 2762 multiplici

1999 2753 2473 2847 dispensatione,
2504 2765 2561 2816 et
2589 2758 2699 2819 alia
2730 2776 2836 2838 per
2857 2758 2974 2820 alia
3001 2770 3322 2825 contexere
3345 2753 3647 2847 saepe-scit

2002 2842 2393 2931 providentia.
2426 2842 2682 2907 Noverat
2704 2846 3189 2931 imperator,quae
3212 2852 3378 2931 justo
3410 2842 3645 2922 Danieli

1998 2930 2343 3024 acciderant
2369 2956 2387 3024 ξ
2410 2941 2469 2995 et
2488 2935 2795 2997 contendit
2829 2937 2903 2998 ad
2933 2930 3250 3001 videndam
3275 2943 3641 3024 columnam,

2002 3021 2213 3113 partim
2224 3022 2485 3113 quidem
2508 3040 2718 3102 poenas
2748 3035 3097 3105 sumpturus
3127 3028 3203 3091 de
3236 3030 3305 3094 iis
3334 3034 3437 3113 qui
3467 3021 3642 3099 ansas

1939 3160 1980 3211 ο
2005 3129 2123 3172 non
2154 3112 2477 3211 effecerant
2506 3114 2708 3175 ﬁrmas
2737 3122 2795 3176 et
2811 3115 3066 3211 validas;
3100 3119 3313 3211 partim
3354 3112 3526 3200 vero,
3579 3136 3647 3188 ut

2006 3217 2109 3262 eos
2139 3208 2261 3293 tuto
2292 3203 2372 3293 de
2402 3210 2619 3293 caetero
2648 3203 3073 3269 committeret.
3095 3207 3211 3269 Sed
3241 3208 3373 3273 illos
3400 3213 3642 3293 quidem

2006 3288 2203 3369 magni
2226 3289 2491 3352 Danielis
2515 3293 3103 3384 mansuetud0_eripit
3124 3314 3157 3356 a
3181 3297 3358 3361 minis
3375 3288 3641 3384 impera-

2007 3383 2438 3454 toris,mortem
2463 3380 2550 3441 eis
2574 3380 2879 3442 minantis.
2905 3380 3308 3449 Descendenti
3338 3380 3536 3454 autem
3571 3392 3646 3456 de

2006 3476 2207 3530 monte
2233 3467 2578 3549 imperatori
2624 3489 2743 3532 non
2770 3489 3012 3551 parvum
3038 3472 3253 3536 accidit
3284 3479 3642 3557 periculum.

2001 3559 2151 3651 Nam
2184 3576 2318 3619 cum
2342 3558 2581 3651 quidam
2608 3567 2801 3622 metus
2819 3578 3036 3651 equum
3054 3562 3206 3625 forte
3238 3564 3476 3632 fortuna
3502 3587 3645 3651 per-

2003 3646 2510 3737 turbasset,q_uem
2530 3648 2661 3729 ipse
2674 3650 3048 3727 ascenderat,
3074 3653 3241 3733 isque
3263 3646 3643 3737 conterritus,

2002 3735 2188 3817 pedes
2218 3735 2513 3798 erexisset
2537 3738 3151 3820 anteriores,snpinus
3173 3743 3411 3823 quidem
3444 3735 3643 3812 statim

2003 3824 2422 3905 humijacebat
2447 3844 2660 3903 equus,
2699 3832 2950 3907 supinus
2966 3838 3163 3891 autem
3197 3833 3375 3895 etiam
3408 3854 3542 3898 cum
3571 3857 3644 3901 eo

2001 3916 2361 3993 imperator:
2393 3914 2452 3975 id
2472 3933 2633 3995 vero,
2654 3917 2812 3996 quod
2850 3926 2988 3978 ante
3008 3918 3201 3982 stabat
3223 3939 3407 4002 super
3430 3926 3641 3991 sellam

1998 4005 2247 4094 regiam,
2280 4004 2534 4067 frontem
2569 4005 2849 4066 contrivit
2873 4005 3238 4087 imperatori,
3266 4019 3326 4073 et
3355 4031 3487 4094 quae
3518 4026 3646 4080 erat

2002 4094 2064 4156 in
2093 4093 2308 4174 capite,
2343 4110 2625 4155 coronam
2675 4094 2880 4187 procul
2913 4097 3178 4177 expellit.
3215 4100 3342 4172 Quo
3378 4093 3647 4187 tempore

2001 4183 2267 4262 contigit,
2306 4201 2404 4274 eas
2428 4201 2575 4274 quae,
2597 4183 2865 4274 erantin
2889 4186 3038 4265 ipsa,
3074 4191 3440 4274 margaritas,
3465 4183 3644 4261 aliam

1998 4274 2113 4336 alio
2144 4271 2429 4351 dispergi.
2463 4273 2583 4333 Sed
2644 4272 2849 4336 Daniel
2901 4292 3138 4356 quoque
3185 4296 3321 4339 cum
3375 4271 3643 4348 oratione

265 4388 363 4423 του
432 4365 588 4435 σώζει
647 4364 736 4420 τὸν
794 4360 1042 4441 βασιλέα,
1101 4362 1190 4418 καί
1252 4361 1420 4441 χωρίς
1478 4358 1616 4416 οὕτω
1676 4357 1917 4417 κινδύνου

2006 4361 2388 4444 praevenisset
2416 4362 2760 4440 malignum,
2784 4381 2818 4423 a
2840 4364 2992 4425 mala
3018 4374 3208 4428 morte
3228 4377 3423 4432 servat
3445 4372 3642 4453 impe-

264 4458 365 4525 τὴν
424 4451 678 4511 ἐπάνοδον
706 4454 965 4510 ἐποιεῖτο.
1017 4449 1159 4509 Ἀλλ’
1195 4449 1414 4507 ἐνταῦθά
1448 4472 1539 4525 μοι
1591 4449 1687 4518 τῆς
1719 4447 1912 4528 διηγή-

2006 4462 2258 4515 ratorem
2288 4471 2304 4527 ;
2336 4458 2394 4513 et
2424 4452 2509 4513 sic
2540 4469 2815 4514 reversus
2859 4452 2971 4515 fuit
3020 4454 3152 4516 sine
3183 4457 3470 4537 periculo.
3520 4446 3641 4526 Sed

266 4571 405 4615 σεως
463 4549 525 4605 τὸ
569 4546 856 4629 κεφάλαιον
906 4548 994 4604 καί
1023 4544 1167 4619 ὅπῳς
1227 4542 1375 4602 οἶδεν
1404 4545 1439 4613 ἡ
1472 4545 1698 4621 Πρόνοια
1751 4566 1919 4624 παρα·

263 4638 430 4705 δόξῶς
459 4639 787 4715 οἰκονομεῖν.

349 4826 439 4887 Λ’.
497 4821 558 4882 ’0
611 4826 703 4878 τοῦ
755 4816 1018 4897 βασιλέως
1070 4816 1397 4891 ἱπποκόμος,
1460 4816 1533 4880 ὡς
1577 4812 1631 4871 δὲ
1672 4816 1708 4883 ἡ
1763 4815 1917 4883 κοινὴ

266 4918 331 4976 ἂν
401 4914 550 4973 εἴποι
620 4912 710 4970 καί
768 4910 996 4979 συνήθης
1054 4905 1288 4985 γλῶττα,
1347 4910 1453 4962 τῶν
1509 4903 1692 4961 ἵππων
1747 4904 1776 4960 ὀ
1830 4905 1921 4961 x6-

267 5028 379 5082 μης
436 4999 706 5081 Ἰορδάνης
764 4996 901 5055 οὕτω
960 4994 1309 5071 καλούμενος,
1362 4995 1532 5051 ἐνὸσει
1591 4994 1688 5068 μὲν
1745 4992 1919 5050 πάντα

267 5100 362 5156 τὸν
445 5094 549 5173 πρὸ
621 5099 715 5149 τοῦ
795 5088 991 5168 χρόνον
1047 5086 1147 5154 τὴν
1229 5082 1459 5173 ἄθεσμον
1534 5083 1736 5157 Ἀρείου
1821 5104 1922 5173 μα.

269 5191 409 5249 νίαν.
468 5170 598 5241 ’Ῠότε
628 5178 682 5235 δὲ
730 5179 819 5235 τὸν
869 5182 963 5234 τοῦ
1019 5173 1281 5253 βασιλέως
1330 5172 1560 5231 κίνδυνον
1614 5170 1918 5243 ὑποπτήξας

268 5278 382 5357 καί,
416 5276 614 5352 μήπως
674 5270 837 5348 ὀργῆς
884 5266 1065 5324 αἴτιον
1118 5266 1260 5341 αῖ)τῷ
1316 5265 1535 5343 γένηται
1576 5265 1639 5320 τὸ
1688 5260 1916 5339 σομϐὰν,

507 5363 639 5438 πρὸς
695 5361 786 5416 τὸν
843 5357 993 5414 ὅσιον
1049 5356 1373 5444 ἀφικνεῖται,
1403 5351 1486 5444 ΔὈ
1544 5352 1599 5410 δὲ
1649 5355 1722 5444 οὗ-
1760 5355 1923 5429 μὸνον

271 5441 416 5530 αὗτῷ
444 5456 537 5511 τὶν
588 5451 650 5508 ἐκ
677 5448 769 5507 τοῦ
814 5455 1132 5527 κρατοῦντος
1193 5442 1354 5527 φόϐον
1402 5441 1578 5501 λύσειν
1626 5441 1918 5530 ὑπέσχετο,

272 5529 411 5604 ἀλλὰ
467 5544 558 5602 καί
588 5545 687 5609 τῆς
743 5542 981 5617 πονηρᾶς
1026 5537 1183 5593 αὐτὸν
1235 5532 1534 5601 ἀπαλλάξαι
1591 5529 1917 5610 κακοδοξίας,

272 5637 311 5713 ἢ
366 5635 567 5707 παντὸς
626 5628 792 5689 ἆλλου
840 5624 1070 5692 κίνδυνός
1129 5624 1239 5684 ἐστι
1296 5622 1699 5705 χαλεπώτερος,
1728 5623 1922 5693 ἤκουσε

2001 4543 2115 4605 hoc
2136 4541 2198 4603 in
2222 4540 2351 4603 loco
2375 4550 2462 4603 est
2485 4549 2660 4621 caput
2696 4542 3073 4618 narrationis,
3104 4552 3162 4606 et
3190 4550 3491 4627 quomodo
3524 4571 3639 4615 no-

2002 4633 2085 4694 vit
2126 4628 2497 4693 Providentia
2529 4630 2868 4694 admirabili
2901 4631 2985 4694 uti
3023 4636 3270 4699 consilio
3303 4647 3362 4702 et
3391 4640 3642 4723 dispen-

2001 4722 2254 4786 satione.

2080 4810 2260 4875 XXX.
2294 4810 2513 4905 Equiso
2540 4810 2940 4891 imperatoris,
2974 4822 3097 4897 aut,
3130 4821 3195 4878 ut
3217 4837 3353 4881 eum
3388 4823 3647 4905 vulgaris

2003 4913 2062 4968 et
2092 4910 2376 4966 consueta
2409 4902 2610 4981 lingua
2642 4909 2829 4977 vocat,
2879 4922 3080 4967 comes
3130 4924 3447 4986 equorum,
3480 4902 3646 4976 omni

2002 4993 2243 5077 quidem
2266 4991 2552 5054 anteriori
2586 5000 2852 5071 tempore
2882 4992 3190 5057 laborabat
3221 4998 3452 5061 nefaria
3512 5004 3646 5066 Arii

2002 5082 2427 5146 lnsania.Tunc
2458 5088 2654 5142 autem
2685 5089 2743 5141 et
2764 5079 3141 5161 imperatoris
3171 5085 3389 5149 timens
3408 5092 3646 5169 pericu-

2002 5173 2150 5252 lum,
2185 5179 2244 5233 et
2273 5189 2348 5263 ne
2401 5170 2559 5263 quod
2619 5170 2943 5263 acciderat,
3001 5174 3054 5236 ei
3086 5174 3237 5236 iram
3270 5178 3643 5263 conciliaret,

2006 5281 2183 5325 cursu
2201 5261 2361 5323 venit
2384 5260 2456 5321 ad
2481 5270 2782 5322 sanctum.
2814 5260 2924 5323 llle
2964 5280 3103 5324 vero
3134 5282 3252 5325 non
3275 5265 3469 5329 solum
3503 5260 3641 5333 enni

2004 5362 2165 5417 metu
2183 5350 2257 5413 ab
2280 5350 2662 5430 imperatore,
2696 5349 2801 5411 sed
2831 5350 3008 5413 etiam
3042 5353 3194 5415 mala
3224 5363 3312 5416 est
3343 5356 3644 5436 pollicitus

2004 5462 2070 5507 se
2096 5459 2229 5505 esse
2249 5438 2639 5503 liberaturum
2662 5439 2973 5522 opinione,
3006 5460 3138 5523 quae
3166 5452 3258 5506 est
3298 5445 3505 5526 quovis
3525 5447 3644 5511 alio

2005 5531 2273 5616 periculo
2296 5529 2547 5609 gravior.
2570 5527 2708 5591 Hmc
2730 5529 2951 5592 audivit
2971 5531 3202 5611 equiso,
3235 5542 3294 5594 et
3314 5552 3448 5596 cum
3474 5536 3642 5598 miti-

2007 5622 2117 5687 bus
2145 5640 2214 5685 ac
2246 5618 2497 5701 placidis
2524 5617 2660 5697 ejus
2714 5618 3092 5685 suasionibus
3140 5621 3485 5704 opinionem
3516 5624 3644 5695 Arii
