4086 6418
421 320 578 393 1007

1585 315 1966 389 ADDENDA.
2052 355 2127 368 —
2197 315 2626 387 DECEMBER.

3644 309 3795 386 1008

411 463 850 543 abjurasset,ea
870 461 1069 537 sentit,
1079 476 1211 542 quae
1231 458 1572 521 orthodoxi.
1607 460 1797 541 Atque
1820 466 2059 520 sanctus

2155 460 2342 518 τούτων
2395 461 2423 515 ὁ
2467 457 2772 534 ἱπποκόμος
2824 459 2913 514 καὶ
2956 457 3194 535 πραείαις
3264 458 3423 515 αὐτοῦ
3479 458 3573 514 καί
3633 457 3793 535 μελι-

416 552 661 634 quidem
687 551 896 614 scribit
919 551 992 612 ad
1023 548 1634 630 imperatorem,quod
1659 555 1715 609 et
1740 547 2054 629 Jordanes,

412 641 702 721 abnegata
723 639 1169 720 deceptione,in
1191 639 1376 700 rectis
1399 637 1627 700 incedit
1657 636 2054 716 dogmatibus,

415 731 656 812 etquod
688 731 779 792 vel
814 737 1061 810 prapter
1110 729 1224 790 boc
1271 727 1468 808 ipsum
1519 735 1612 789 est
1635 725 2054 806 justissimus;

415 820 563 897 quin
588 819 766 882 etiam
792 819 910 880 huc
934 818 1006 879 ad
1033 835 1131 879 me
1157 818 1339 892 venit,
1362 825 1480 878 uta
1505 826 1564 877 te
1589 815 1821 876 veniam
1846 833 2058 876 conse-

415 919 710 985 queretur.
745 911 845 968 Ille
866 920 1054 969 autem
1096 919 1294 968 contra
1319 909 1624 967 rescribit:
1653 909 1896 966 Periculi
1927 910 2061 980 qui-

415 997 551 1058 dem
585 998 705 1057 mei
728 1013 906 1057 causa
936 1013 1050 1056 non
1085 995 1235 1056 alius
1257 993 1390 1070 fuit,
1425 1012 1600 1075 quam
1627 994 1755 1073 ipse
1786 993 2065 1074 mihi,qui

416 1089 500 1144 sic
529 1102 704 1145 ausus
727 1089 834 1145 sim
857 1088 1169 1145 ascendere
1195 1095 1329 1144 ante
1360 1095 1487 1144 tuos
1510 1086 1786 1143 oculos.et
1815 1099 1929 1142 non
1964 1100 2066 1156 pe-

415 1172 522 1234 des
554 1173 760 1253 procul
791 1172 915 1234 abii
945 1190 979 1234 a
1009 1190 1178 1235 sacra
1208 1170 1648 1234 columna.Hoc
1674 1179 1872 1232 autem
1899 1169 2066 1232 dein-

413 1279 554 1342 ceps
574 1261 896 1340 diligenter
917 1261 1417 1325 caveboJordaui
1444 1279 1581 1323 vero
1602 1279 1718 1321 non
1745 1260 1923 1322 modo
1945 1279 2064 1322 non

411 1348 664 1431 irascor,
699 1359 765 1412 ut
795 1352 972 1414 etiam
1004 1351 1173 1413 valde
1205 1350 1393 1425 laetor,
1417 1351 1580 1428 quod
1611 1367 1779 1410 meus
1809 1368 1879 1411 ex
1909 1368 2064 1432 equo

415 1440 676 1516 casus,ei
700 1458 878 1502 causa
895 1439 1097 1516 fuerit,
1125 1447 1210 1516 ut,
1239 1441 1338 1520 qui
1355 1438 1614 1521 jacebat,
1648 1447 1938 1519 surgeret.
1977 1440 2063 1501 De

413 1537 629 1590 caetero
651 1537 850 1591 autem
884 1536 1042 1591 tanta
1077 1537 1204 1591 erat
1255 1529 1636 1608 imperatoris
1680 1530 1742 1590 in
1788 1537 2061 1590 sanctum

413 1619 775 1694 reverentia,
807 1627 870 1680 ut
911 1637 1030 1680 non
1081 1619 1272 1680 solum
1305 1618 1438 1698 ipse
1468 1619 1792 1680 honoraret
1821 1637 1955 1680 eum
1989 1619 2064 1679 iis

413 1723 548 1785 quae
567 1706 897 1786 oportebat,
931 1705 1035 1768 sed
1062 1707 1240 1768 etiam
1269 1706 1401 1767 aliis
1428 1725 1588 1783 eum,
1617 1713 1897 1787 tanquam
1931 1724 2059 1768 rem

414 1793 746 1869 coeletem,
780 1794 1146 1859 ostenderet.

2142 563 2308 630 χραϊς
2364 547 2705 628 παραινέσεσι
2756 548 2851 616 τὴν
2909 557 3002 606 τοῦ
3053 547 3270 622 Ἀμείου
3320 546 3472 612 δόξαν
3530 547 3794 621 ἐξομοσά-

2141 627 2300 713 μενος
2345 627 2577 695 1&1cbv
2634 633 2917 712 ὁρθοδόξων
2967 647 3173 714 φρονεῖ.
3235 627 3293 692 Ὀ
3353 635 3450 710 μὲν
3503 634 3591 691 οὖν
3649 633 3796 697 ὅσιος

2143 726 2341 798 πέμπει
2397 727 2527 803 πρὸς
2587 723 2812 802 βασιλέα
2873 723 2952 780 ὅτι
3004 745 3060 778 τε
3109 723 3373 801 Ἰορδάνης
3431 724 3531 791 τὴν
3585 723 3796 790 ἀπάτην

2143 814 2590 893 ἆπαρνησάμενος
2649 826 2767 876 τοῖς
2844 815 3022 891 ὁρθοτς
3096 825 3314 892 στοιχεϊ
3399 810 3656 892 δόγμασι,
3715 815 3799 870 καὶ

2145 903 2226 961 ὅτι
2271 902 2473 969 δίκαιός
2533 903 2644 959 ἐστι
2702 901 2933 978 μάλιστα
2991 904 3079 958 καὶ
3134 900 3201 959 δι’
3245 904 3373 961 αὐτὸ
3429 910 3603 978 τοῦτο,
3663 901 3802 959 ἆλλᾶ

2147 997 2234 1052 καὶ
2291 995 2386 1063 τὴν
2447 995 2578 1070 πρὸς
2635 992 2729 1068 ἐμὲ
2775 990 2946 1071 ἄφιξιν
2996 997 3114 1059 τῆς·
3155 993 3298 1071 παρὰ
3340 1000 3434 1049 σοῦ
3477 995 3804 1071 συγγνώμης

2148 1097 2366 1165 τυχεῖν,
2431 1074 2488 1141 ι0
2520 1082 2575 1139 δὲ
2633 1081 3029 1139 ἀντεπιστέλλει
3074 1082 3156 1137 ὅτι
3190 1081 3285 1149 τῆς
3347 1082 3443 1159 μὲν
3486 1092 3579 1142 τοῦ
3619 1081 3803 1140 κινδύ-

2150 1197 2239 1231 νου
2299 1173 2467 1238 αἰτίας
2534 1173 2628 1229 οὒκ
2684 1171 2842 1238 ἄλλος
2897 1195 2980 1236 τις
3040 1171 3214 1236 αἴτιος
3267 1171 3302 1240 ἢ
3361 1173 3516 1236 αὐτὸς
3589 1172 3805 1248 ἐμαυτῷ

2149 1264 2290 1321 οὕτω
2343 1264 2444 1342 πρὸ
2504 1263 2611 1318 τῶν
2671 1268 2779 1319 σῶν
2852 1259 3138 1340 ὀφθαλμῶν
3209 1267 3300 1318 τοῦ
3363 1261 3502 1318 ἵππυ
3551 1261 3802 1330 ἒπιϐἦναι

2146 1351 2446 1429 τολμήσας,
2516 1349 2652 1407 ἀλλὰ
2713 1351 2792 1427 μὴ
2863 1349 2999 1407 πολὺ
3065 1351 3223 1422 πεζὸς
3282 1353 3374 1407 τοῦ
3433 1352 3573 1429 ἱεροῦ
3627 1351 3805 1416 κίονος

2147 1442 2408 1506 ἀποστάς.
2472 1441 2607 1498 Ἀπὸ
2667 1447 2793 1519 γοῦν
2847 1447 2940 1496 τού
2998 1442 3254 1518 παρόντος
3309 1446 3463 1497 τοῦτο
3491 1442 3639 1518 πάσῃ
3697 1465 3803 1522 φυ-

2146 1529 2287 1609 λακῇ
2349 1528 2671 1611 φυλάξομαι.
2722 1527 2964 1608 ’[ορδάνη
2995 1527 3048 1585 δὲ
3081 1531 3140 1586 ού
3168 1530 3328 1605 μόνον
3361 1531 3420 1586 οὗ
3460 1529 3800 1610 χαλεπαίνω,

2146 1619 2283 1677 ἀλλὰ
2339 1617 2437 1677 καὶ
2486 1617 2621 1676 πολὺ
2651 1616 2856 1694 μᾶλλον
2892 1615 3088 1694 ἥδομαι
3130 1617 3211 1675 ὅτι
3253 1620 3315 1675 τὸ
3352 1619 3448 1695 ἐμὲ
3494 1626 3585 1676 τοῦ
3628 1619 3805 1676 ’ίππου

2145 1721 2333 1765 πεσεῖν
2387 1708 2605 1785 ἀφορμὴ
2650 1708 2792 1780 αύτῷ
2852 1707 2983 1783 πρὸς
3041 1707 3103 1762 τὸ
3159 1708 3505 1785 προκείμενον
3561 1707 3802 1776 ἀναστῆ-

2145 1820 2229 1854 ναι
2291 1796 2603 1876 γεγένηται.
2665 1796 2907 1864 Τοσαύτη
2957 1794 3012 1852 δὲ
3063 1795 3129 1864 ἧν
3172 1803 3265 1852 τοῦ
3315 1795 3502 1853 λοιποῦ
3531 1798 3661 1875 πρὸς
3713 1800 3804 1855 τὸν

413 1884 559 1940 ὅσιον
609 1886 640 1952 ἡ
701 1883 880 1960 αἰδὼς,
940 1885 1078 1942 ὥστε
1141 1885 1200 1942 ού
1249 1887 1409 1961 μόνον
1485 1887 1642 1950 αὐτὸς
1701 1890 1822 1952 τοῖς
1895 1887 2250 1964 προσήκουσιν
2323 1886 2478 1962 ἐτίμα
2551 1892 2758 1961 τοῦτον,
2820 1885 2961 1940 ἀλλὰ
3022 1887 3108 1942 καὶ
3157 1899 3278 1950 τοῖς
3355 1883 3540 1950 ἄλλοις
3599 1886 3673 1952 ὣς
3754 1909 3806 1945 τι

413 1977 605 2052 χρῆμα
636 1973 872 2051 οὐράνιον
904 1976 991 2030 τὸν
1023 1973 1181 2052 ἄνδρα
1211 1972 1436 2034 ὶδείκνυ.

490 2059 693 2126 XXXI.
725 2068 927 2142 Itaque
947 2081 1084 2124 cum
1114 2062 1286 2144 paulo
1313 2071 1449 2144 post
1479 2063 1830 2143 contigisset
1855 2081 2059 2144 regem

2226 2063 2365 2127 AA’.
2415 2065 2560 2121 Μετὰ
2593 2065 2782 2143 μικρὸν
2833 2066 2960 2143 γοῦν
2992 2061 3192 2138 συμϐὰν
3237 2065 3326 2120 τὸν
3356 2063 3581 2140 βασιλέα
3623 2071 3811 2138 Λαζῶν

413 2149 698 2213 Lazorum
751 2153 955 2214 venire
1012 2151 1085 2215 ad
1146 2152 1577 2234 imperatorem
1632 2155 2063 2231 Romanorum,

417 2257 596 2302 causa
618 2241 877 2303 faciendi
907 2240 1314 2322 fcederis,aliis
1342 2241 1584 2323 quidem
1614 2243 2062 2322 praetermissis,

415 2346 554 2390 eum
575 2348 715 2391 vero
744 2331 1046 2410 accipiens
1079 2337 1137 2392 et
1191 2332 1418 2394 ducens
1450 2335 1525 2394 ad
1581 2339 1853 2393 sanctum
1893 2351 1907 2392 :
1939 2328 2066 2393 Hoc

415 2426 527 2500 est,
560 2418 774 2500 inquit,
801 2421 916 2480 mei
947 2420 1183 2500 imperii
1206 2421 1584 2485 miraculum.
1612 2420 1717 2483 Ille
1737 2430 1934 2483 autem
1956 2439 2066 2483 us-

412 2525 530 2587 que
547 2508 698 2570 adeo
729 2509 1058 2591 obstupuit,
1087 2510 1217 2590 ejus
1243 2510 1451 2574 videns
1483 2510 1863 2574 tolerantiam
1885 2519 2068 2594 atque

414 2597 849 2680 fortitudinem,
879 2607 946 2661 ut
973 2618 1093 2661 non
1153 2601 1347 2663 solum
1410 2609 1705 2676 sanctum,
1740 2602 1845 2663 sed
1886 2603 2064 2664 etiam

419 2685 854 2764 columnam,in
886 2695 1004 2768 qua
1033 2700 1165 2752 erat
1194 2690 1594 2770 positus,cnm
1630 2689 2065 2771 lacrymisado-

413 2794 571 2845 rans,
607 2781 822 2839 multas
845 2796 1011 2840 voces
1033 2791 1317 2841 emitteret
1336 2783 1620 2840 barbarus
1639 2782 1803 2840 valde
1835 2784 2065 2844 eruditae

415 2865 654 2941 mentis,
693 2873 752 2926 et
778 2884 915 2942 quae
945 2865 1132 2927 multa
1160 2866 1457 2928 didicerat
1485 2885 1499 2927 :
1531 2865 1655 2946 Ago
1686 2867 1793 2928 tibi
1825 2867 2067 2948 gratias,

415 2952 648 3028 dicens,
675 2953 803 3016 Rex
826 2956 1124 3031 caelestis,
1155 2955 1310 3036 quod
1338 2956 1624 3034 mihi,qui
1655 2956 1730 3017 ad
1763 2964 2070 3021 terrenum

415 3060 616 3121 regem
650 3061 953 3120 veneram,
977 3046 1283 3108 caelestem
1324 3045 1503 3126 hujus
1533 3045 1641 3106 viri
1678 3051 1856 3108 vitam
1879 3057 2075 3109 osten-

418 3130 934 3211 deris,etdignum
962 3151 1056 3194 me
1089 3133 1528 3210 censueris,qui
1557 3151 1750 3195 essem
1779 3143 2079 3216 spectator

417 3219 626 3281 talium
647 3222 1093 3301 mysteriorum.
1123 3221 1296 3284 Adeo
1320 3231 1520 3282 autem
1539 3223 1810 3303 utrisque
1829 3243 2078 3303 magnus

417 3309 521 3370 ille
560 3311 714 3370 visus
745 3318 835 3371 est
867 3310 1081 3388 dignus
1134 3309 1559 3391 admiratione,
1595 3318 1659 3372 ut
1697 3310 1873 3374 ambo
1910 3313 2077 3373 illum

419 3397 496 3459 ad
515 3397 1096 3460 definiendafmdera
1113 3397 1402 3459 arbitrum
1427 3399 2078 3462 constituerent.Porro

419 3497 622 3546 autem
657 3504 792 3546 cum
828 3487 1071 3546 domum
1105 3488 1452 3548 revertisset
1484 3487 1807 3562 Gubazius,
1827 3505 1933 3551 rex
1963 3488 2076 3550 La-

420 3592 650 3648 zorum,
686 3581 745 3635 et
774 3573 1069 3652 subjectis
1100 3575 1214 3637 sibi
1243 3575 1482 3657 populis
1517 3575 1793 3639 narrabat
1823 3578 2079 3642 miracu-

423 3663 573 3736 lum,
600 3671 658 3723 et
686 3662 879 3723 sancti
905 3682 1148 3745 semper
1177 3665 1558 3741 meminerat,
1592 3684 1786 3748 neque
1817 3687 2081 3750 unquam

425 3750 697 3813 mittebat
718 3751 1088 3832 Byzantium,
1127 3755 1272 3831 quin
1303 3754 1377 3816 ad
1409 3773 1544 3816 eum
1577 3774 1816 3837 quoque
1846 3757 2082 3820 scribe-

426 3850 523 3905 ret
551 3842 799 3920 litteras,
834 3862 969 3924 quaa
999 3863 1118 3906 non
1156 3845 1638 3910 terminabantur
1677 3847 1824 3910 solis
1855 3849 2082 3912 saluta-

425 3931 713 4006 tionibus,
743 3932 849 3994 sed
887 3932 1065 3994 etiam
1101 3935 1351 4015 plurimi
1383 3934 1680 3998 faciebant
1712 3938 1842 4017 ejus
1873 3939 2083 4001 memi-

426 4026 610 4097 nisse,
647 4029 704 4082 et
727 4022 1017 4101 rogabant
1042 4035 1103 4085 ut
1135 4034 1335 4087 oraret
1367 4043 1470 4106 pro
1503 4043 1614 4089 suo
1665 4045 1875 4107 regno.
1910 4031 2080 4092 Adeo

425 4111 744 4190 stupebant
774 4131 982 4174 omnes
1001 4113 1146 4193 justi
1176 4115 1646 4197 tolerantiam,et
1675 4119 1997 4197 propinqui
2018 4129 2080 4182 et

424 4199 781 4282 hospites,et
812 4203 1024 4280 privati
1046 4211 1105 4265 et
1128 4213 1394 4283 reges,et
1416 4206 1670 4267 Romani
1701 4215 1758 4267 et
1789 4207 2036 4270 Barbari
2063 4230 2076 4272 :

427 4297 486 4350 et
516 4291 900 4365 accedentes,
938 4292 1308 4357 accedebant
1357 4302 1640 4376 tanquam
1671 4295 1744 4356 ad
1777 4298 2076 4376 angelum,

427 4384 486 4438 et
512 4379 966 4460 abeuntes,ejus
999 4381 1361 4446 invocabant
1391 4384 1771 4457 auxilium,et
1803 4385 2082 4464 precibus

426 4467 500 4528 ab
531 4485 603 4528 eo
636 4469 866 4549 aliquid
899 4469 1204 4548 petebant,
1239 4481 1300 4533 et
1322 4471 1744 4550 impetrabant.

505 4554 733 4618 XXXII.
768 4563 956 4636 Atque
987 4559 1293 4620 sufficiunt
1319 4561 1562 4640 quidem
1617 4579 1688 4622 ea
1725 4579 1860 4636 quae
1891 4579 2084 4643 nuper

429 4643 588 4705 dicta
612 4654 753 4707 sunt
771 4646 847 4706 ad
877 4646 1326 4725 signiﬁcandam
1353 4648 1515 4708 illius
1545 4647 1958 4712 fortitudinem
1988 4672 2000 4714 :
2023 4657 2083 4713 et

2151 2156 2284 2233 πρὸς
2347 2155 2439 2211 τὸν
2499 2153 2859 2234 αὐτοκράτορα
2907 2145 3184 2229 ’Ῥωμαίῳν
3244 2154 3630 2232 παραγενέσθαι
3683 2179 3815 2212 σιιν-

2149 2247 2328 2310 θηκῶν
2386 2243 2564 2318 ἕνεκα,
2626 2241 2796 2299 Ιτᾶλλα
2841 2243 2940 2316 μὲν
2999 2240 3253 2321 ὑπερϐὰς,
3309 2241 3488 2299 λαϐὼν
3544 2241 3597 2300 δὲ
3656 2248 3816 2304 αὐτὸν

2149 2334 2237 2392 καὶ
2289 2335 2420 2410 πρὸς
2475 2334 2567 2389 τὸν
2611 2331 2756 2388 ὅσιον
2799 2332 3037 2410 ἀγαγων,
3091 2337 3284 2407 Τοῦτο,
3329 2331 3457 2412 ἔφη,
3517 2335 3616 2399 τῆς
3675 2333 3816 2410 ἐμῆς

2149 2421 2424 2498 βασιλείας
2468 2424 2528 2478 τὸ
2571 2425 2768 2497 θαῦμα.
2829 2422 3092 2485 Κάκεῖνος
3138 2423 3269 2496 πρὸς
3314 2427 3564 2479 τοσοῦτον
3623 2421 3812 2492 ἐξέστη

2148 2512 2250 2578 τὴν
2292 2512 2570 2590 καρτερίαν
2611 2508 2760 2586 ἰδὼν,
2793 2509 2930 2568 ὥστε
2985 2511 3063 2586 μὴ
3105 2512 3196 2568 τὸν
3241 2509 3391 2590 ἅγιον
3449 2511 3634 2592 μόνον,
3669 2511 3811 2570 ἀλλὰ

2149 2601 2235 2656 val
2279 2601 2371 2656 τὸν
2429 2601 2577 2656 κίονα
2621 2599 2704 2658 ἐφ’
2749 2599 2808 2656 οὗ
2851 2597 3032 2677 ἵδρυτο
3087 2601 3180 2657 σὺν
3232 2598 3445 2678 δάκρυσι
3499 2607 3810 2678 προσκυνῶν

2148 2691 2176 2744 ὁ
2232 2685 2497 2768 ϐάρϐαρος
2555 2686 2760 2752 πολλὰς
2820 2688 2962 2769 ἠφίει
2994 2689 3172 2769 φωνὰς
3224 2685 3647 2766 πεπαιδευμένης
3677 2711 3810 2771 φρε-

2150 2779 2241 2843 νὸς
2302 2779 2391 2834 καὶ
2461 2778 2734 2854 μαθούσης
2808 2776 3006 2860 πολλὰ,
3073 2780 3386 2858 Εὗχαριστῶ
3444 2801 3550 2855 σοι,
3609 2778 3808 2862 λέγων,

2153 2867 2400 2947 ἐπυράνιε
2458 2865 2705 2945 βασιλεῦ,
2767 2867 2850 2924 ὃτι
2900 2889 2968 2944 με
3022 2869 3152 2947 πρὸς
3204 2869 3296 2924 τὸν
3354 2867 3440 2924 ἐπὶ
3490 2873 3592 2947 γῆς
3647 2869 3811 2947 βασι-

2155 2955 2253 3013 λέα
2310 2958 2740 3036 παραγενόμενον
2798 2957 3037 3038 οὐράνιον
3096 2954 3283 3037 ἀνδρὸς
3336 2956 3606 3016 πολιτείαν
3669 2956 3811 3014 ἔδει·

2157 3045 2271 3122 ξας,
2330 3048 2418 3103 καὶ
2471 3048 2734 3104 τοιούτων
2803 3067 2870 3122 με
2932 3048 3238 3126 μυστηρίων
3304 3047 3545 3126 γενέσθαι
3619 3049 3812 3115 θεατὴν

2159 3133 2508 3201 κατηξίωσας.
2586 3133 2767 3198 Οὕτως
2844 3135 3167 3216 ἀμφοτέροις
3224 3137 3252 3192 ὁ
3325 3135 3496 3214 μέγας
3567 3135 3816 3202 ἀξιοθαύ-

2163 3244 2368 3298 μαστος
2453 3223 2704 3299 ἐνομίσθη
2776 3223 2915 3280 ὥστε
3001 3225 3087 3281 καὶ
3145 3227 3251 3280 τῶν
3308 3227 3578 3292 συνθηκῶν
3659 3224 3824 3304 ἄμφω

2161 3315 2369 3368 ὲκετνον
2431 3312 2647 3389 ὁριστὴν
2699 3316 3058 3386 καταστῆσαι,
3120 3314 3208 3369 καὶ
3279 3313 3408 3391 πρὸς
3476 3311 3579 3380 τήν
3625 3313 3828 3370 οἰκείαν

2163 3399 2216 3456 δὲ
2275 3400 2417 3465 αὖθις
2474 3397 2759 3471 Γουϐάζιος
2829 3403 2857 3457 ὁ
2920 3401 3105 3472 Λαζῶν
3161 3400 3410 3478 βασιλεὺς
3483 3401 3828 3482 ὑποστρέψας

2162 3503 2280 3556 τοῖς
2338 3511 2396 3546 τε
2452 3490 2552 3546 δπδ
2583 3503 2748 3570 χεῖρα
2791 3489 3036 3570 διηγεῖτο
3067 3492 3135 3548 τὸ
3184 3490 3380 3567 θαῦμα,
3414 3492 3503 3548 καὶ
3561 3489 3646 3548 διᾶ
3680 3514 3830 3568 μνη.

2163 3603 2272 3658 μης
2331 3579 2531 3637 eam
2588 3581 2733 3637 ὅσιον
2779 3581 3042 3654 ἐποιεῖτο,
3077 3582 3164 3638 καὶ
3223 3582 3317 3638 οὒκ
3375 3579 3517 3638 ἔστιν
3575 3580 3662 3638 ὅτε
3692 3586 3826 3661 πρὸς

2163 3671 2225 3726 τὸ
2291 3669 2572 3741 Βυζάντιον
2627 3668 2864 3727 στέλλων
2913 3672 3038 3751 οὐχὶ
3091 3673 3176 3727 καὶ
3223 3672 3354 3748 πρὸς
3403 3671 3557 3728 αὐτὸν
3614 3670 3825 3747 ἔπεμπε

2165 3762 2455 3838 γράμματα
2523 3763 2582 3818 ού
2649 3759 2816 3834 μόνον
2901 3774 3023 3824 ταῖς
3085 3761 3441 3838 προσρήσεσιν
3513 3758 3821 3842 ὀριζόμενα,

2167 3847 2304 3904 ἀλλὰ
2378 3850 2466 3906 καὶ
2527 3849 2645 3927 περῖ
2711 3847 2951 3904 πλείστου
3022 3850 3327 3924 ποιούμενα
3373 3850 3434 3905 τὸ
3516 3853 3820 3925 μεμνῆσθαι

2165 3939 2350 3994 τυύτου
2434 3939 2522 3995 καὶ
2606 3942 2706 4004 τῆς
2766 3939 2967 3995 ἐκείνου
3049 3938 3434 4017 ὑπερεύχεσθαι
3518 3936 3816 4014 βασιλείας.

2165 4027 2318 4086 Ούτω
2365 4027 2562 4091 πάντες
2623 4027 2720 4095 τὴν
2794 4025 2994 4084 δίκαιον
3053 4032 3151 4094 τῆς
3220 4027 3492 4103 ὑππμονῆς
3550 4026 3823 4099 ἒξεπλήτ-

2163 4139 2316 4174 τοντο
2377 4119 2466 4173 καὶ
2510 4119 2700 4173 οἰκεῖοι
2761 4117 2848 4172 καὶ
2906 4115 3065 4191 ξένοι,
3125 4117 3220 4173 καί
3263 4114 3464 4174 ἰδιῶται
3527 4119 3614 4174 καὶ
3655 4118 3824 4194 βασι-

2163 4205 2302 4280 λετς,
2334 4208 2424 4263 καὶ
2479 4198 2738 4282 Ῥωμαῖοι
2790 4205 2886 4261 καὶ
2946 4203 3220 4284 βάρϐαροι,
3257 4208 3346 4263 καὶ
3404 4207 3712 4286 προσιόντες
3743 4209 3824 4274 ὡς

2163 4296 2379 4374 ἀγγέλῳ
2437 4296 2764 4374 προσῄεσαν,
2822 4297 2908 4353 καὶ
2967 4295 3216 4359 ἀπιόντες
3268 4295 3530 4375 πόρῥωθεν
3574 4299 3648 4362 εἷς
3693 4299 3826 4356 ἐπι-

2164 4386 2378 4464 κουρίαν
2437 4383 2683 4459 ἐκάλουν,
2732 4383 2829 4440 καῖ
2878 4383 3042 4462 ᾔτουν
3082 4407 3132 4441 τι
3177 4383 3244 4442 δι’
3289 4387 3483 4466 εὐχῆς,
3515 4387 3603 4446 καὶ
3661 4387 3826 4468 ἐτύγ-

2166 4495 2202 4531 γ
2212 4487 2358 4531 ανον.

2169 4496 2184 4508 κ
2212 4496 2358 4531 ανον.

2169 4496 2208 4552 Α
2246 4561 2352 4617 ΛΒ’
2380 4561 2558 4619 Ἱκανὰ
2587 4561 2686 4637 μὲν
2730 4561 2818 4619 οὖν
2862 4563 2949 4619 καὶ
2981 4564 3048 4620 τὰ
3080 4565 3270 4644 πρώην
3319 4565 3420 4635 τὴν
3448 4563 3643 4624 ἐδείνου
3685 4589 3829 4646 καρο

2163 4651 2336 4729 τερίαν
2372 4651 2647 4730 γυωρίσαι,
2682 4653 2774 4709 καὶ
2834 4651 2914 4708 ὅτι
2973 4653 3031 4710 οὔ
3083 4656 3220 4713 κατὰ
3262 4655 3532 4736 ἄνθρωπον
3565 4658 3611 4714 οἱ
3664 4656 3825 4736 ἀγῶ-

429 4733 589 4812 quod
622 4751 753 4812 quae
778 4733 856 4794 ab
907 4753 976 4796 eo
1009 4736 1490 4816 suscipiebantur
1521 4738 1875 4816 certamina,
1910 4751 2071 4802 erant

2163 4761 2246 4804 νες
2307 4741 2448 4815 αὖτῷ
2477 4743 2565 4797 καὶ
2615 4742 2682 4799 τὰ
2713 4741 3026 4818 σκάμματα.
3082 4743 3230 4801 Ἐπεὶ
3273 4742 3328 4802 δὲ
3357 4733 3478 4823 ’μοι
3523 4747 3584 4803 τὸ
3643 4733 3824 4805 σπου-

430 4809 680 4902 majora,
715 4841 890 4902 quam
941 4831 1003 4884 ut
1053 4809 1282 4886 honiini
1337 4827 1751 4891 convenirent.
1785 4809 2071 4902 Quoniam

2163 4809 2450 4905 δαζόμενον
2507 4829 2674 4907 μηδὲν
2736 4853 2786 4888 τι
2818 4809 2830 4818 1
2859 4809 2967 4889 τῶν
3042 4809 3410 4910 καιριωτάτων
3466 4835 3822 4916 παραλιπεῖν,

429 4919 628 4972 autem
659 4911 776 4973 hoc
832 4912 1090 4974 maxime
1141 4914 1378 4991 studeo,
1435 4916 1586 4978 nihil
1618 4920 2080 4997 praetermittere

431 5017 637 5060 eorum
660 5018 794 5090 quae
815 5009 955 5062 sunt
977 5003 1297 5084 praecipua,
1334 5005 1614 5085 adjiciam
1656 5007 1730 5068 iis
1762 5027 1894 5090 quae
1924 5010 2080 5073 dicta

432 5089 796 5168 sunt,majus
817 5091 1129 5173 quiddam,
1165 5093 1324 5173 quod
1349 5095 1557 5157 attinet
1574 5095 1647 5158 ad
1670 5097 2077 5162 fortitudinem

434 5177 922 5269 etqtolerantiam,
954 5187 1013 5241 et
1045 5182 1119 5243 ad
1152 5201 1291 5245 eum
1319 5184 1760 5266 admirandum,
1795 5189 2082 5269 quidedit

429 5265 519 5327 illi
546 5267 724 5332 vires.
757 5267 896 5331 Erat
945 5269 1160 5349 hiems,
1221 5291 1412 5356 eaque
1452 5265 1748 5356 glacialis,
1795 5265 1858 5343 et
1907 5282 2082 5343 valde

429 5373 640 5450 aspera
668 5377 684 5434 ;
707 5359 1093 5450 vehementes
1115 5380 1254 5425 vero
1275 5382 1484 5427 rursus
1509 5375 1821 5429 ventorum
1839 5371 2081 5450 procel-

428 5447 523 5523 lae,
559 5455 618 5508 et
645 5449 946 5525 graviores
971 5453 1483 5534 praecedentibus;
1510 5457 1687 5519 simul
1720 5447 1920 5521 autem
1943 5478 2078 5522 cum

427 5544 602 5629 vento
631 5537 822 5629 densa
852 5558 1089 5622 quoque
1121 5544 1220 5605 nix
1280 5545 1622 5609 decidebat.
1659 5545 1838 5610 Venti
1879 5549 2082 5629 itaque

427 5625 852 5694 vehementius
906 5631 1276 5717 ingruentes,
1337 5635 1394 5699 ei
1441 5654 1514 5700 ex
1563 5636 1722 5719 pelle
1752 5625 2080 5704 confectam

2162 4921 2449 5000 προσθήσω
2505 4943 2556 4976 τι
2613 4919 2712 4978 καὶ
2759 4921 2941 5002 ἕτερον
2995 4929 3118 4987 τοῦς
3171 4925 3471 5003 εἰρημένοις
3500 4933 3688 5004 μεῖζον
3744 4929 3825 4992 εἰς

2162 5010 2440 5089 καφτερίας
2526 5008 2685 5089 λόγον
2762 5013 2852 5068 καὶ
2957 5014 3129 5088 θαῦμα
3199 5021 3291 5071 τοῦ
3383 5015 3819 5093 δυναμῶσαντος.

2163 5101 2378 5176 Χειμὼν
2434 5103 2526 5174 ἦν,
2573 5100 2669 5156 καί
2742 5100 2953 5180 χειμὼν
3027 5101 3310 5180 κρυμώὲης
3380 5107 3477 5164 καῖ
3547 5105 3818 5186 χαλεπός·

2161 5187 2369 5246 θύελλαι
2439 5186 2494 5244 δὲ
2524 5189 2671 5254 αὖθις
2725 5193 2832 5245 τῶν
2860 5189 3086 5278 ,ἀνέμων
3126 5192 3344 5274 σφοδραὶ
3386 5198 3472 5252 καὶ
3528 5195 3819 5278 δεινότεραι

2163 5286 2268 5338 τῶν
2344 5278 2741 5360 προλαεουσῶν·
2833 5277 2944 5355 ἅμα
3013 5279 3066 5337 δὲ
3126 5289 3193 5360 τῇ
3260 5291 3402 5363 πνοῇ
3460 5288 3545 5344 καὶ
3606 5291 3819 5369 νιφετὸς

2163 5372 2352 5450 χιόνος
2408 5374 2640 5449 συχνῆς.
2701 5369 2775 5426 Τὰ
2830 5371 2930 5445 μὲν
2999 5371 3087 5429 οὖν
3144 5375 3418 5451 πνεύματα
3469 5375 3818 5458 σφοδρότερον

2165 5458 2508 5538 ἐπιρῥᾶξαντα
2569 5462 2628 5514 τὸ
2681 5459 2740 5514 ἐκ
2795 5458 3051 5536 δέρματος
3083 5468 3225 5539 αύτῷ
3281 5466 3594 5526 κουκουλιον
3664 5468 3818 5547 ὲκρι-

2163 5553 2369 5620 πίζουσι
2413 5556 2507 5605 τοῦ
2565 5547 2862 5629 τραχήλου,
2896 5552 2982 5607 καὶ
3040 5555 3168 5633 πρός
3210 5576 3328 5613 τινα
3359 5563 3464 5613 τῶν
3519 5559 3817 5636 ὑποκειμέ-

2161 5661 2265 5698 νων
2321 5639 2649 5712 ἀκοντίζουσι
2692 5638 2958 5722 ςράραγγαο
3033 5644 3126 5704 σὺν
3169 5657 3290 5714 τοῖς
3361 5646 3622 5730 πνεύμασι
3683 5648 3738 5708 δὲ
3781 5653 3817 5723 ἡ
