  <div class='ocr_page' id='page_1' title='image "/cluster/home/n/w/nwhite01/storage/ocr_20150623/116:no.3/coo.31924054870203/512.png"; bbox 0 0 4086 6404; ppageno 0'>
   <div class='ocr_carea' id='block_1_1' title="bbox 286 372 442 441">
    <p class='ocr_par' dir='ltr' id='par_1_1' title="bbox 286 372 442 441">
     <span class='ocr_line' id='line_1_1' title="bbox 286 372 442 441; baseline 0.013 -2"><span class='ocrx_word' id='word_1_1' title='bbox 286 372 442 441; x_wconf 83' lang='grc'><strong>1009</strong></span> 
     </span>
    </p>
   </div>
   <div class='ocr_carea' id='block_1_2' title="bbox 1403 385 2525 460">
    <p class='ocr_par' dir='ltr' id='par_1_2' title="bbox 1403 385 2525 460">
     <span class='ocr_line' id='line_1_2' title="bbox 1403 385 2525 460; baseline 0.006 -11"><span class='ocrx_word' id='word_1_2' title='bbox 1403 385 1591 450; x_wconf 82' lang='lat' dir='ltr'><strong>VITA</strong></span> <span class='ocrx_word' id='word_1_3' title='bbox 1633 387 1692 451; x_wconf 90' lang='lat' dir='ltr'><strong>S.</strong></span> <span class='ocrx_word' id='word_1_4' title='bbox 1739 387 2106 454; x_wconf 84' lang='lat' dir='ltr'><strong>DANIELIS</strong></span> <span class='ocrx_word' id='word_1_5' title='bbox 2148 390 2525 460; x_wconf 67' lang='lat' dir='ltr'><strong>STYLITIE.</strong></span> 
     </span>
    </p>
   </div>
   <div class='ocr_carea' id='block_1_3' title="bbox 3505 411 3658 482">
    <p class='ocr_par' dir='ltr' id='par_1_3' title="bbox 3505 411 3658 482">
     <span class='ocr_line' id='line_1_3' title="bbox 3505 411 3658 482; baseline 0.033 -5"><span class='ocrx_word' id='word_1_6' title='bbox 3505 411 3658 482; x_wconf 84' lang='grc'><strong>1010</strong></span> 
     </span>
    </p>
   </div>
   <div class='ocr_carea' id='block_1_4' title="bbox 278 515 1919 624">
    <p class='ocr_par' dir='ltr' id='par_1_4' title="bbox 278 515 1919 607">
     <span class='ocr_line' id='line_1_4' title="bbox 278 515 1919 607; baseline 0.005 -33"><span class='ocrx_word' id='word_1_7' title='bbox 278 515 422 598; x_wconf 85' lang='grc' dir='ltr'>χιὼν</span> <span class='ocrx_word' id='word_1_8' title='bbox 478 515 617 574; x_wconf 79' lang='grc' dir='ltr'>κατὰ</span> <span class='ocrx_word' id='word_1_9' title='bbox 653 517 941 594; x_wconf 84' lang='grc' dir='ltr'>πρόσωπον</span> <span class='ocrx_word' id='word_1_10' title='bbox 994 518 1317 599; x_wconf 82' lang='grc' dir='ltr'>προσϐάλλει</span> <span class='ocrx_word' id='word_1_11' title='bbox 1364 520 1542 590; x_wconf 75' lang='grc' dir='ltr'>πολλὴ</span> <span class='ocrx_word' id='word_1_12' title='bbox 1594 523 1688 581; x_wconf 80' lang='grc' dir='ltr'>καί</span> <span class='ocrx_word' id='word_1_13' title='bbox 1718 527 1919 607; x_wconf 71' lang='grc' dir='ltr'>ψυχρά,</span> 
     </span>
    </p>
   </div>
   <div class='ocr_carea' id='block_1_5' title="bbox 2005 515 3659 624">
    <p class='ocr_par' dir='ltr' id='par_1_5' title="bbox 2012 527 3659 624">
     <span class='ocr_line' id='line_1_5' title="bbox 2012 527 3659 624; baseline 0.015 -37"><span class='ocrx_word' id='word_1_14' title='bbox 2012 527 2310 624; x_wconf 73' lang='lat' dir='ltr'><strong>cucullam</strong></span> <span class='ocrx_word' id='word_1_15' title='bbox 2337 529 2533 624; x_wconf 78' lang='lat' dir='ltr'><strong>flando</strong></span> <span class='ocrx_word' id='word_1_16' title='bbox 2557 531 2889 624; x_wconf 76' lang='lat' dir='ltr'><strong>expellunt,</strong></span> <span class='ocrx_word' id='word_1_17' title='bbox 2914 543 2976 598; x_wconf 86' lang='lat' dir='ltr'><strong>et</strong></span> <span class='ocrx_word' id='word_1_18' title='bbox 3005 536 3064 598; x_wconf 90' lang='lat' dir='ltr'><strong>in</strong></span> <span class='ocrx_word' id='word_1_19' title='bbox 3092 537 3307 603; x_wconf 81' lang='lat' dir='ltr'><strong>vallem</strong></span> <span class='ocrx_word' id='word_1_20' title='bbox 3337 547 3659 624; x_wconf 81' lang='lat' dir='ltr'><strong>quamdam</strong></span> 
     </span>
    </p>
   </div>
   <div class='ocr_carea' id='block_1_6' title="bbox 274 604 1922 698">
    <p class='ocr_par' dir='ltr' id='par_1_6' title="bbox 274 604 1922 698">
     <span class='ocr_line' id='line_1_6' title="bbox 274 604 1922 698; baseline 0.008 -36"><span class='ocrx_word' id='word_1_21' title='bbox 274 606 338 664; x_wconf 85' lang='lat'>’0</span> <span class='ocrx_word' id='word_1_22' title='bbox 369 604 424 663; x_wconf 76' lang='grc' dir='ltr'><em>δὲ</em></span> <span class='ocrx_word' id='word_1_23' title='bbox 457 605 544 683; x_wconf 76' lang='grc' dir='ltr'><strong>(οὗ</strong></span> <span class='ocrx_word' id='word_1_24' title='bbox 570 606 671 685; x_wconf 76' lang='grc' dir='ltr'><strong>γάρ</strong></span> <span class='ocrx_word' id='word_1_25' title='bbox 701 608 799 664; x_wconf 80' lang='grc' dir='ltr'><strong>ὑπὸ</strong></span> <span class='ocrx_word' id='word_1_26' title='bbox 848 607 1034 687; x_wconf 84' lang='grc' dir='ltr'>στέγεν</span> <span class='ocrx_word' id='word_1_27' title='bbox 1093 611 1223 691; x_wconf 77' lang='grc' dir='ltr'>εἶχε</span> <span class='ocrx_word' id='word_1_28' title='bbox 1275 610 1499 690; x_wconf 75' lang='grc' dir='ltr'>δραμεῖν</span> <span class='ocrx_word' id='word_1_29' title='bbox 1549 606 1680 682; x_wconf 79' lang='grc' dir='ltr'>ὅλης</span> <span class='ocrx_word' id='word_1_30' title='bbox 1713 604 1922 698; x_wconf 66' lang='grc' dir='ltr'>νυκτὸς,</span> 
     </span>
    </p>
   </div>
   <div class='ocr_carea' id='block_1_7' title="bbox 271 695 1926 785">
    <p class='ocr_par' dir='ltr' id='par_1_7' title="bbox 271 695 1926 785">
     <span class='ocr_line' id='line_1_7' title="bbox 271 695 1926 785; baseline 0.006 -31"><span class='ocrx_word' id='word_1_31' title='bbox 271 695 317 754; x_wconf 84' lang='grc' dir='ltr'><strong>ὢ</strong></span> <span class='ocrx_word' id='word_1_32' title='bbox 346 696 530 775; x_wconf 72' lang='grc' dir='ltr'>ψυχῆς</span> <span class='ocrx_word' id='word_1_33' title='bbox 564 695 861 777; x_wconf 73' lang='grc' dir='ltr'>ἀχειρώτου</span> <span class='ocrx_word' id='word_1_34' title='bbox 917 696 1137 774; x_wconf 80' lang='grc' dir='ltr'><strong>δεσμοῖς</strong></span> <span class='ocrx_word' id='word_1_35' title='bbox 1186 707 1278 757; x_wconf 91' lang='lat'><strong>106</strong></span> <span class='ocrx_word' id='word_1_36' title='bbox 1337 702 1650 785; x_wconf 54' lang='lat' dir='ltr'><strong>nobishoc!)</strong></span> <span class='ocrx_word' id='word_1_37' title='bbox 1709 695 1926 785; x_wconf 80' lang='grc' dir='ltr'>δέχεται</span> 
     </span>
    </p>
   </div>
   <div class='ocr_carea' id='block_1_8' title="bbox 270 782 1924 873">
    <p class='ocr_par' dir='ltr' id='par_1_8' title="bbox 270 782 1924 873">
     <span class='ocr_line' id='line_1_8' title="bbox 270 782 1924 873; baseline 0.008 -34"><span class='ocrx_word' id='word_1_38' title='bbox 270 793 458 863; x_wconf 80' lang='grc' dir='ltr'>γυμνῷ</span> <span class='ocrx_word' id='word_1_39' title='bbox 486 792 563 860; x_wconf 85' lang='grc' dir='ltr'>τῷ</span> <span class='ocrx_word' id='word_1_40' title='bbox 597 785 808 861; x_wconf 85' lang='grc' dir='ltr'>σώματι</span> <span class='ocrx_word' id='word_1_41' title='bbox 856 791 1028 844; x_wconf 78' lang='grc' dir='ltr'>πάντα</span> <span class='ocrx_word' id='word_1_42' title='bbox 1060 790 1220 864; x_wconf 76' lang='grc' dir='ltr'>ὁμοῦ,</span> <span class='ocrx_word' id='word_1_43' title='bbox 1281 792 1340 847; x_wconf 84' lang='grc' dir='ltr'>τὸ</span> <span class='ocrx_word' id='word_1_44' title='bbox 1393 789 1546 869; x_wconf 80' lang='grc' dir='ltr'>δριμὺ</span> <span class='ocrx_word' id='word_1_45' title='bbox 1585 782 1700 861; x_wconf 43' lang='grc' dir='ltr'>’τῆς</span> <span class='ocrx_word' id='word_1_46' title='bbox 1757 782 1924 873; x_wconf 65' lang='grc' dir='ltr'>ι’όρας,</span> 
     </span>
    </p>
   </div>
   <div class='ocr_carea' id='block_1_9' title="bbox 267 875 1926 961">
    <p class='ocr_par' dir='ltr' id='par_1_9' title="bbox 267 875 1926 961">
     <span class='ocr_line' id='line_1_9' title="bbox 267 875 1926 961; baseline 0.007 -32"><span class='ocrx_word' id='word_1_47' title='bbox 267 877 370 942; x_wconf 70' lang='grc' dir='ltr'>τὴν</span> <span class='ocrx_word' id='word_1_48' title='bbox 400 877 586 955; x_wconf 74' lang='grc' dir='ltr'>χιόνα,</span> <span class='ocrx_word' id='word_1_49' title='bbox 617 875 680 932; x_wconf 65' lang='grc' dir='ltr'><strong>τὰ</strong></span> <span class='ocrx_word' id='word_1_50' title='bbox 711 876 1008 951; x_wconf 68' lang='grc' dir='ltr'>πνεύματα,</span> <span class='ocrx_word' id='word_1_51' title='bbox 1045 881 1144 948; x_wconf 78' lang='grc' dir='ltr'><strong>την</strong></span> <span class='ocrx_word' id='word_1_52' title='bbox 1203 879 1358 948; x_wconf 76' lang='grc' dir='ltr'>πῆξιν</span> <span class='ocrx_word' id='word_1_53' title='bbox 1413 881 1511 948; x_wconf 75' lang='grc' dir='ltr'>τὴν</span> <span class='ocrx_word' id='word_1_54' title='bbox 1543 885 1660 961; x_wconf 88' lang='grc' dir='ltr'>περὶ</span> <span class='ocrx_word' id='word_1_55' title='bbox 1710 885 1810 952; x_wconf 69' lang='grc' dir='ltr'><strong>τὴν</strong></span> <span class='ocrx_word' id='word_1_56' title='bbox 1855 884 1926 941; x_wconf 79' lang='grc' dir='ltr'>ἕω</span> 
     </span>
    </p>
   </div>
   <div class='ocr_carea' id='block_1_10' title="bbox 267 963 1928 1047">
    <p class='ocr_par' dir='ltr' id='par_1_10' title="bbox 267 963 1928 1047">
     <span class='ocr_line' id='line_1_10' title="bbox 267 963 1928 1047; baseline 0.005 -25"><span class='ocrx_word' id='word_1_57' title='bbox 267 965 368 1033; x_wconf 71' lang='grc' dir='ltr'><strong>τὴν</strong></span> <span class='ocrx_word' id='word_1_58' title='bbox 425 964 709 1042; x_wconf 80' lang='grc' dir='ltr'>ἀλγεινήν.</span> <span class='ocrx_word' id='word_1_59' title='bbox 769 963 1012 1046; x_wconf 73' lang='grc' dir='ltr'>’Ἕφανεν</span> <span class='ocrx_word' id='word_1_60' title='bbox 1073 967 1271 1047; x_wconf 77' lang='grc' dir='ltr'>ἡμέρα,</span> <span class='ocrx_word' id='word_1_61' title='bbox 1333 971 1417 1027; x_wconf 69' lang='grc' dir='ltr'><strong>κα³</strong></span> <span class='ocrx_word' id='word_1_62' title='bbox 1475 973 1536 1027; x_wconf 85' lang='lat'><strong>16</strong></span> <span class='ocrx_word' id='word_1_63' title='bbox 1609 970 1778 1030; x_wconf 82' lang='grc' dir='ltr'>δεινὸν</span> <span class='ocrx_word' id='word_1_64' title='bbox 1832 979 1928 1034; x_wconf 75' lang='grc' dir='ltr'><strong>οὐκ</strong></span> 
     </span>
    </p>
   </div>
   <div class='ocr_carea' id='block_1_11' title="bbox 269 1053 1919 1138">
    <p class='ocr_par' dir='ltr' id='par_1_11' title="bbox 269 1053 1919 1138">
     <span class='ocr_line' id='line_1_11' title="bbox 269 1053 1919 1138; baseline 0.007 -29"><span class='ocrx_word' id='word_1_65' title='bbox 269 1053 491 1133; x_wconf 73' lang='grc' dir='ltr'>ἔληγεν,</span> <span class='ocrx_word' id='word_1_66' title='bbox 539 1053 658 1110; x_wconf 80' lang='grc' dir='ltr'>ἀλλ’</span> <span class='ocrx_word' id='word_1_67' title='bbox 704 1053 866 1135; x_wconf 80' lang='grc' dir='ltr'>ἴσχυε</span> <span class='ocrx_word' id='word_1_68' title='bbox 910 1055 1139 1130; x_wconf 80' lang='grc' dir='ltr'>μᾶλλον,</span> <span class='ocrx_word' id='word_1_69' title='bbox 1181 1060 1268 1115; x_wconf 77' lang='grc' dir='ltr'><strong>καὶ</strong></span> <span class='ocrx_word' id='word_1_70' title='bbox 1300 1061 1328 1115; x_wconf 99' lang='lat'><strong>6</strong></span> <span class='ocrx_word' id='word_1_71' title='bbox 1357 1061 1570 1138; x_wconf 85' lang='grc' dir='ltr'>χειμὼν</span> <span class='ocrx_word' id='word_1_72' title='bbox 1602 1061 1919 1126; x_wconf 81' lang='grc' dir='ltr'>ἐπετείνετο.</span> 
     </span>
    </p>
   </div>
   <div class='ocr_carea' id='block_1_12' title="bbox 272 1143 1920 1232">
    <p class='ocr_par' dir='ltr' id='par_1_12' title="bbox 272 1143 1920 1232">
     <span class='ocr_line' id='line_1_12' title="bbox 272 1143 1920 1232; baseline 0.005 -30"><span class='ocrx_word' id='word_1_73' title='bbox 272 1153 401 1209; x_wconf 87' lang='grc' dir='ltr'>Τοῖς</span> <span class='ocrx_word' id='word_1_74' title='bbox 432 1143 489 1200; x_wconf 80' lang='grc' dir='ltr'><strong>δὲ</strong></span> <span class='ocrx_word' id='word_1_75' title='bbox 533 1158 822 1223; x_wconf 74' lang='grc' dir='ltr'>φοιτηταῖς</span> <span class='ocrx_word' id='word_1_76' title='bbox 871 1147 1100 1225; x_wconf 70' lang='grc' dir='ltr'>μηχανὴ</span> <span class='ocrx_word' id='word_1_77' title='bbox 1143 1145 1258 1203; x_wconf 66' lang='grc' dir='ltr'>ουδὲ</span> <span class='ocrx_word' id='word_1_78' title='bbox 1305 1150 1401 1223; x_wconf 80' lang='grc' dir='ltr'><strong>μία</strong></span> <span class='ocrx_word' id='word_1_79' title='bbox 1445 1149 1540 1218; x_wconf 74' lang='grc' dir='ltr'>τῆς</span> <span class='ocrx_word' id='word_1_80' title='bbox 1584 1151 1738 1229; x_wconf 83' lang='grc' dir='ltr'>θύρας</span> <span class='ocrx_word' id='word_1_81' title='bbox 1781 1175 1920 1232; x_wconf 83' lang='grc' dir='ltr'>προ-</span> 
     </span>
    </p>
   </div>
   <div class='ocr_carea' id='block_1_13' title="bbox 275 1233 1922 1318">
    <p class='ocr_par' dir='ltr' id='par_1_13' title="bbox 275 1233 1922 1318">
     <span class='ocr_line' id='line_1_13' title="bbox 275 1233 1922 1318; baseline 0.005 -28"><span class='ocrx_word' id='word_1_82' title='bbox 275 1234 460 1314; x_wconf 77' lang='grc' dir='ltr'>κύψαι,</span> <span class='ocrx_word' id='word_1_83' title='bbox 520 1233 617 1291; x_wconf 77' lang='grc' dir='ltr'><strong>καῖ</strong></span> <span class='ocrx_word' id='word_1_84' title='bbox 679 1236 707 1290; x_wconf 92' lang='lat'><strong>6</strong></span> <span class='ocrx_word' id='word_1_85' title='bbox 758 1235 1040 1311; x_wconf 55' lang='grc' dir='ltr'>βοηθήσων</span> <span class='ocrx_word' id='word_1_86' title='bbox 1087 1235 1273 1300; x_wconf 76' lang='grc' dir='ltr'>οὐδεὶς.</span> <span class='ocrx_word' id='word_1_87' title='bbox 1324 1237 1554 1318; x_wconf 78' lang='grc' dir='ltr'>Ἠμὲραν</span> <span class='ocrx_word' id='word_1_88' title='bbox 1586 1241 1682 1314; x_wconf 80' lang='grc' dir='ltr'>μὲν</span> <span class='ocrx_word' id='word_1_89' title='bbox 1715 1240 1922 1311; x_wconf 81' lang='grc' dir='ltr'>ἐκείνην</span> 
     </span>
    </p>
   </div>
   <div class='ocr_carea' id='block_1_14' title="bbox 275 1323 1920 1408">
    <p class='ocr_par' dir='ltr' id='par_1_14' title="bbox 275 1323 1920 1408">
     <span class='ocr_line' id='line_1_14' title="bbox 275 1323 1920 1408; baseline 0.006 -30"><span class='ocrx_word' id='word_1_90' title='bbox 275 1323 405 1390; x_wconf 82' lang='grc' dir='ltr'>ὅλην</span> <span class='ocrx_word' id='word_1_91' title='bbox 435 1325 521 1380; x_wconf 80' lang='grc' dir='ltr'><strong>καὶ</strong></span> <span class='ocrx_word' id='word_1_92' title='bbox 582 1323 678 1391; x_wconf 79' lang='grc' dir='ltr'><strong>τὴν</strong></span> <span class='ocrx_word' id='word_1_93' title='bbox 708 1323 959 1381; x_wconf 73' lang='grc' dir='ltr'>ἐπιοῦσαν</span> <span class='ocrx_word' id='word_1_94' title='bbox 1010 1326 1167 1382; x_wconf 70' lang='grc' dir='ltr'>νύκτα</span> <span class='ocrx_word' id='word_1_95' title='bbox 1216 1325 1352 1384; x_wconf 86' lang='grc' dir='ltr'>πολὺ</span> <span class='ocrx_word' id='word_1_96' title='bbox 1404 1327 1712 1408; x_wconf 76' lang='grc' dir='ltr'><strong>δριμυτέραν</strong></span> <span class='ocrx_word' id='word_1_97' title='bbox 1763 1331 1920 1390; x_wconf 84' lang='grc' dir='ltr'>οὖσαν</span> 
     </span>
    </p>
   </div>
   <div class='ocr_carea' id='block_1_15' title="bbox 270 1412 1920 1498">
    <p class='ocr_par' dir='ltr' id='par_1_15' title="bbox 270 1412 1920 1498">
     <span class='ocr_line' id='line_1_15' title="bbox 270 1412 1920 1498; baseline 0.005 -28"><span class='ocrx_word' id='word_1_98' title='bbox 270 1412 435 1479; x_wconf 71' lang='grc' dir='ltr'>οὕτως</span> <span class='ocrx_word' id='word_1_99' title='bbox 490 1416 517 1470; x_wconf 88' lang='lat'><strong>6</strong></span> <span class='ocrx_word' id='word_1_100' title='bbox 574 1426 820 1493; x_wconf 75' lang='grc' dir='ltr'>γενναῖος</span> <span class='ocrx_word' id='word_1_101' title='bbox 879 1412 1227 1494; x_wconf 80' lang='grc' dir='ltr'>διακαρτέρει.</span> <span class='ocrx_word' id='word_1_102' title='bbox 1289 1416 1456 1495; x_wconf 69' lang='grc' dir='ltr'>’Ἄρτι</span> <span class='ocrx_word' id='word_1_103' title='bbox 1518 1417 1573 1475; x_wconf 76' lang='grc' dir='ltr'><strong>δὲ</strong></span> <span class='ocrx_word' id='word_1_104' title='bbox 1625 1421 1776 1498; x_wconf 69' lang='grc' dir='ltr'>τρίτη</span> <span class='ocrx_word' id='word_1_105' title='bbox 1821 1423 1920 1497; x_wconf 81' lang='grc' dir='ltr'>μὲν</span> 
     </span>
    </p>
   </div>
   <div class='ocr_carea' id='block_1_16' title="bbox 266 1501 1917 1592">
    <p class='ocr_par' dir='ltr' id='par_1_16' title="bbox 266 1501 1917 1592">
     <span class='ocr_line' id='line_1_16' title="bbox 266 1501 1917 1592; baseline 0.007 -35"><span class='ocrx_word' id='word_1_106' title='bbox 266 1505 334 1573; x_wconf 77' lang='grc' dir='ltr'>ἦν</span> <span class='ocrx_word' id='word_1_107' title='bbox 364 1510 442 1577; x_wconf 81' lang='grc' dir='ltr'>τῷ</span> <span class='ocrx_word' id='word_1_108' title='bbox 491 1509 749 1592; x_wconf 81' lang='grc' dir='ltr'>χειμῶνι,</span> <span class='ocrx_word' id='word_1_109' title='bbox 799 1505 861 1559; x_wconf 84' lang='grc' dir='ltr'>τὸ</span> <span class='ocrx_word' id='word_1_110' title='bbox 907 1501 962 1559; x_wconf 80' lang='grc' dir='ltr'><strong>δὲ</strong></span> <span class='ocrx_word' id='word_1_111' title='bbox 1020 1503 1204 1582; x_wconf 70' lang='grc' dir='ltr'>ἄγριον</span> <span class='ocrx_word' id='word_1_112' title='bbox 1252 1514 1344 1564; x_wconf 81' lang='grc' dir='ltr'>τοῦ</span> <span class='ocrx_word' id='word_1_113' title='bbox 1392 1511 1594 1583; x_wconf 73' lang='grc' dir='ltr'>κρυμοῦ</span> <span class='ocrx_word' id='word_1_114' title='bbox 1639 1509 1917 1592; x_wconf 77' lang='grc' dir='ltr'>ὑπελώφα,</span> 
     </span>
    </p>
   </div>
   <div class='ocr_carea' id='block_1_17' title="bbox 265 1591 1918 1679">
    <p class='ocr_par' dir='ltr' id='par_1_17' title="bbox 265 1591 1918 1679">
     <span class='ocr_line' id='line_1_17' title="bbox 265 1591 1918 1679; baseline 0.004 -29"><span class='ocrx_word' id='word_1_115' title='bbox 265 1595 352 1650; x_wconf 83' lang='grc' dir='ltr'><strong>καὶ</strong></span> <span class='ocrx_word' id='word_1_116' title='bbox 395 1594 493 1662; x_wconf 72' lang='grc' dir='ltr'><strong>τὴν</strong></span> <span class='ocrx_word' id='word_1_117' title='bbox 523 1591 764 1667; x_wconf 72' lang='grc' dir='ltr'>κλίμακα</span> <span class='ocrx_word' id='word_1_118' title='bbox 819 1599 926 1649; x_wconf 85' lang='grc' dir='ltr'><strong>τῶν</strong></span> <span class='ocrx_word' id='word_1_119' title='bbox 959 1597 1212 1669; x_wconf 77' lang='grc' dir='ltr'><strong>μαθητῶν</strong></span> <span class='ocrx_word' id='word_1_120' title='bbox 1273 1598 1319 1651; x_wconf 79' lang='grc' dir='ltr'>οἱ</span> <span class='ocrx_word' id='word_1_121' title='bbox 1377 1597 1678 1677; x_wconf 81' lang='grc' dir='ltr'>θερμότεροι</span> <span class='ocrx_word' id='word_1_122' title='bbox 1745 1591 1918 1679; x_wconf 53' lang='grc' dir='ltr'>προσ-ζ</span> 
     </span>
    </p>
   </div>
   <div class='ocr_carea' id='block_1_18' title="bbox 2009 615 3662 717">
    <p class='ocr_par' dir='ltr' id='par_1_18' title="bbox 2009 615 3662 717">
     <span class='ocr_line' id='line_1_18' title="bbox 2009 615 3662 717; baseline 0.015 -41"><span class='ocrx_word' id='word_1_123' title='bbox 2009 615 2140 697; x_wconf 89' lang='lat' dir='ltr'><strong>subj</strong></span> <span class='ocrx_word' id='word_1_124' title='bbox 2150 623 2338 717; x_wconf 78' lang='lat' dir='ltr'><strong>cctam</strong></span> <span class='ocrx_word' id='word_1_125' title='bbox 2349 620 2875 717; x_wconf 45' lang='lat' dir='ltr'><strong>iaculanturtlum</strong></span> <span class='ocrx_word' id='word_1_126' title='bbox 2897 627 3087 717; x_wconf 82' lang='lat' dir='ltr'><strong>ventis</strong></span> <span class='ocrx_word' id='word_1_127' title='bbox 3101 636 3298 692; x_wconf 82' lang='lat' dir='ltr'><strong>autem</strong></span> <span class='ocrx_word' id='word_1_128' title='bbox 3316 615 3504 696; x_wconf 78' lang='lat' dir='ltr'><strong>multa</strong></span> <span class='ocrx_word' id='word_1_129' title='bbox 3517 655 3662 717; x_wconf 87' lang='lat' dir='ltr'><strong>quo-</strong></span> 
     </span>
    </p>
   </div>
   <div class='ocr_carea' id='block_1_19' title="bbox 2009 706 3658 796">
    <p class='ocr_par' dir='ltr' id='par_1_19' title="bbox 2009 706 3658 796">
     <span class='ocr_line' id='line_1_19' title="bbox 2009 706 3658 796; baseline 0.015 -31"><span class='ocrx_word' id='word_1_130' title='bbox 2009 725 2128 786; x_wconf 87' lang='lat' dir='ltr'><strong>que</strong></span> <span class='ocrx_word' id='word_1_131' title='bbox 2150 706 2248 767; x_wconf 83' lang='lat' dir='ltr'><strong>nix</strong></span> <span class='ocrx_word' id='word_1_132' title='bbox 2263 714 2322 767; x_wconf 91' lang='lat' dir='ltr'><strong>et</strong></span> <span class='ocrx_word' id='word_1_133' title='bbox 2343 707 2555 788; x_wconf 83' lang='lat' dir='ltr'><strong>frigida</strong></span> <span class='ocrx_word' id='word_1_134' title='bbox 2578 711 2708 790; x_wconf 89' lang='lat' dir='ltr'><strong>ejus</strong></span> <span class='ocrx_word' id='word_1_135' title='bbox 2733 711 2943 775; x_wconf 79' lang='lat' dir='ltr'><strong>faciem</strong></span> <span class='ocrx_word' id='word_1_136' title='bbox 2963 715 3311 796; x_wconf 89' lang='lat' dir='ltr'><strong>impetebat.</strong></span> <span class='ocrx_word' id='word_1_137' title='bbox 3339 723 3446 786; x_wconf 88' lang='lat' dir='ltr'><strong>Ille</strong></span> <span class='ocrx_word' id='word_1_138' title='bbox 3459 706 3658 790; x_wconf 72' lang='lat' dir='ltr'><strong>autem</strong></span> 
     </span>
    </p>
   </div>
   <div class='ocr_carea' id='block_1_20' title="bbox 2008 796 3659 897">
    <p class='ocr_par' dir='ltr' id='par_1_20' title="bbox 2008 796 3659 897">
     <span class='ocr_line' id='line_1_20' title="bbox 2008 796 3659 897; baseline 0.015 -42"><span class='ocrx_word' id='word_1_139' title='bbox 2008 796 2235 897; x_wconf 48' lang='lat' dir='ltr'><strong>{neque</strong></span> <span class='ocrx_word' id='word_1_140' title='bbox 2264 797 2424 897; x_wconf 81' lang='lat' dir='ltr'><strong>enim</strong></span> <span class='ocrx_word' id='word_1_141' title='bbox 2448 797 2705 897; x_wconf 75' lang='lat' dir='ltr'><strong>habebat</strong></span> <span class='ocrx_word' id='word_1_142' title='bbox 2726 809 2978 897; x_wconf 73' lang='lat' dir='ltr'><strong>tectum,</strong></span> <span class='ocrx_word' id='word_1_143' title='bbox 3001 806 3074 866; x_wconf 89' lang='lat' dir='ltr'><strong>ad</strong></span> <span class='ocrx_word' id='word_1_144' title='bbox 3106 809 3262 886; x_wconf 90' lang='lat' dir='ltr'><strong>quod</strong></span> <span class='ocrx_word' id='word_1_145' title='bbox 3287 813 3659 897; x_wconf 80' lang='lat' dir='ltr'><strong>confugeret)</strong></span> 
     </span>
    </p>
   </div>
   <div class='ocr_carea' id='block_1_21' title="bbox 2012 886 3654 986">
    <p class='ocr_par' dir='ltr' id='par_1_21' title="bbox 2012 886 3654 986">
     <span class='ocr_line' id='line_1_21' title="bbox 2012 886 3654 986; baseline 0.013 -42"><span class='ocrx_word' id='word_1_146' title='bbox 2012 891 2133 986; x_wconf 73' lang='lat' dir='ltr'><strong>tota</strong></span> <span class='ocrx_word' id='word_1_147' title='bbox 2161 894 2335 948; x_wconf 91' lang='lat' dir='ltr'><strong>nocte</strong></span> <span class='ocrx_word' id='word_1_148' title='bbox 2369 886 2426 966; x_wconf 84' lang='grc' dir='ltr'>(ο</span> <span class='ocrx_word' id='word_1_149' title='bbox 2459 887 2736 986; x_wconf 76' lang='lat' dir='ltr'><strong>invictam</strong></span> <span class='ocrx_word' id='word_1_150' title='bbox 2763 890 3014 955; x_wconf 88' lang='lat' dir='ltr'><strong>vinculis</strong></span> <span class='ocrx_word' id='word_1_151' title='bbox 3036 898 3308 976; x_wconf 87' lang='lat' dir='ltr'><strong>corporis</strong></span> <span class='ocrx_word' id='word_1_152' title='bbox 3336 886 3654 986; x_wconf 63' lang='lat' dir='ltr'><strong>animamlj</strong></span> 
     </span>
    </p>
   </div>
   <div class='ocr_carea' id='block_1_22' title="bbox 2011 973 3656 1074">
    <p class='ocr_par' dir='ltr' id='par_1_22' title="bbox 2011 973 3656 1074">
     <span class='ocr_line' id='line_1_22' title="bbox 2011 973 3656 1074; baseline 0.013 -41"><span class='ocrx_word' id='word_1_153' title='bbox 2011 973 2168 1074; x_wconf 80' lang='lat' dir='ltr'><strong>nudo</strong></span> <span class='ocrx_word' id='word_1_154' title='bbox 2191 994 2443 1056; x_wconf 91' lang='lat' dir='ltr'><strong>corpore</strong></span> <span class='ocrx_word' id='word_1_155' title='bbox 2465 978 2668 1040; x_wconf 86' lang='lat' dir='ltr'><strong>omnia</strong></span> <span class='ocrx_word' id='word_1_156' title='bbox 2684 981 2914 1056; x_wconf 76' lang='lat' dir='ltr'><strong>sutl‘ert,</strong></span> <span class='ocrx_word' id='word_1_157' title='bbox 2940 973 3226 1064; x_wconf 78' lang='lat' dir='ltr'><strong>temporis</strong></span> <span class='ocrx_word' id='word_1_158' title='bbox 3239 973 3656 1074; x_wconf 70' lang='lat' dir='ltr'><strong>acerbitatem,</strong></span> 
     </span>
    </p>
   </div>
   <div class='ocr_carea' id='block_1_23' title="bbox 2008 1065 3659 1147">
    <p class='ocr_par' dir='ltr' id='par_1_23' title="bbox 2008 1065 3659 1147">
     <span class='ocr_line' id='line_1_23' title="bbox 2008 1065 3659 1147; baseline 0.013 -24"><span class='ocrx_word' id='word_1_159' title='bbox 2008 1065 2229 1141; x_wconf 84' lang='lat' dir='ltr'><strong>nivem,</strong></span> <span class='ocrx_word' id='word_1_160' title='bbox 2253 1074 2484 1140; x_wconf 90' lang='lat' dir='ltr'><strong>ventos,</strong></span> <span class='ocrx_word' id='word_1_161' title='bbox 2516 1085 2793 1147; x_wconf 86' lang='lat' dir='ltr'><strong>asperam</strong></span> <span class='ocrx_word' id='word_1_162' title='bbox 2823 1070 2984 1132; x_wconf 88' lang='lat' dir='ltr'><strong>circa</strong></span> <span class='ocrx_word' id='word_1_163' title='bbox 3013 1091 3288 1137; x_wconf 88' lang='lat' dir='ltr'><strong>auroram</strong></span> <span class='ocrx_word' id='word_1_164' title='bbox 3320 1065 3659 1144; x_wconf 52' lang='lat' dir='ltr'><strong>concretio;</strong></span> 
     </span>
    </p>
   </div>
   <div class='ocr_carea' id='block_1_24' title="bbox 2006 1155 3654 1240">
    <p class='ocr_par' dir='ltr' id='par_1_24' title="bbox 2006 1155 3654 1240">
     <span class='ocr_line' id='line_1_24' title="bbox 2006 1155 3654 1240; baseline 0.013 -27"><span class='ocrx_word' id='word_1_165' title='bbox 2006 1172 2144 1214; x_wconf 90' lang='lat' dir='ltr'><strong>nem</strong></span> <span class='ocrx_word' id='word_1_166' title='bbox 2179 1161 2238 1215; x_wconf 89' lang='lat' dir='ltr'><strong>et</strong></span> <span class='ocrx_word' id='word_1_167' title='bbox 2270 1155 2827 1233; x_wconf 89' lang='lat' dir='ltr'><strong>conglaciationem.</strong></span> <span class='ocrx_word' id='word_1_168' title='bbox 2862 1161 3127 1240; x_wconf 89' lang='lat' dir='ltr'><strong>Apparet</strong></span> <span class='ocrx_word' id='word_1_169' title='bbox 3156 1164 3308 1240; x_wconf 87' lang='lat' dir='ltr'><strong>dies,</strong></span> <span class='ocrx_word' id='word_1_170' title='bbox 3345 1176 3403 1229; x_wconf 92' lang='lat' dir='ltr'><strong>et</strong></span> <span class='ocrx_word' id='word_1_171' title='bbox 3435 1171 3654 1233; x_wconf 89' lang='lat' dir='ltr'><strong>malum</strong></span> 
     </span>
    </p>
   </div>
   <div class='ocr_carea' id='block_1_25' title="bbox 2007 1244 3658 1334">
    <p class='ocr_par' dir='ltr' id='par_1_25' title="bbox 2007 1244 3658 1334">
     <span class='ocr_line' id='line_1_25' title="bbox 2007 1244 3658 1334; baseline 0.012 -29"><span class='ocrx_word' id='word_1_172' title='bbox 2007 1263 2128 1306; x_wconf 91' lang='lat' dir='ltr'><strong>non</strong></span> <span class='ocrx_word' id='word_1_173' title='bbox 2159 1244 2458 1324; x_wconf 80' lang='lat' dir='ltr'><strong>cessabat,</strong></span> <span class='ocrx_word' id='word_1_174' title='bbox 2492 1249 2599 1310; x_wconf 92' lang='lat' dir='ltr'><strong>sed</strong></span> <span class='ocrx_word' id='word_1_175' title='bbox 2628 1249 2814 1329; x_wconf 89' lang='lat' dir='ltr'><strong>magis</strong></span> <span class='ocrx_word' id='word_1_176' title='bbox 2835 1251 3324 1334; x_wconf 83' lang='lat' dir='ltr'><strong>invalescebat,et</strong></span> <span class='ocrx_word' id='word_1_177' title='bbox 3348 1260 3544 1324; x_wconf 90' lang='lat' dir='ltr'><strong>hiems</strong></span> <span class='ocrx_word' id='word_1_178' title='bbox 3570 1264 3658 1325; x_wconf 86' lang='lat' dir='ltr'><strong>in-</strong></span> 
     </span>
    </p>
   </div>
   <div class='ocr_carea' id='block_1_26' title="bbox 2005 1338 3655 1425">
    <p class='ocr_par' dir='ltr' id='par_1_26' title="bbox 2005 1338 3655 1425">
     <span class='ocr_line' id='line_1_26' title="bbox 2005 1338 3655 1425; baseline 0.013 -28"><span class='ocrx_word' id='word_1_179' title='bbox 2005 1338 2368 1397; x_wconf 86' lang='lat' dir='ltr'><strong>tendebatur.</strong></span> <span class='ocrx_word' id='word_1_180' title='bbox 2393 1341 2666 1412; x_wconf 85' lang='lat' dir='ltr'><strong>Discipuli</strong></span> <span class='ocrx_word' id='word_1_181' title='bbox 2709 1353 2898 1402; x_wconf 89' lang='lat' dir='ltr'><strong>autem</strong></span> <span class='ocrx_word' id='word_1_182' title='bbox 2930 1346 3095 1405; x_wconf 87' lang='lat' dir='ltr'><strong>nullo</strong></span> <span class='ocrx_word' id='word_1_183' title='bbox 3129 1351 3300 1409; x_wconf 91' lang='lat' dir='ltr'><strong>modo</strong></span> <span class='ocrx_word' id='word_1_184' title='bbox 3329 1364 3594 1425; x_wconf 87' lang='lat' dir='ltr'><strong>poterant</strong></span> <span class='ocrx_word' id='word_1_185' title='bbox 3622 1375 3655 1418; x_wconf 90' lang='lat' dir='ltr'><strong>e</strong></span> 
     </span>
    </p>
   </div>
   <div class='ocr_carea' id='block_1_27' title="bbox 2004 1431 3654 1514">
    <p class='ocr_par' dir='ltr' id='par_1_27' title="bbox 2004 1431 3654 1514">
     <span class='ocr_line' id='line_1_27' title="bbox 2004 1431 3654 1514; baseline 0.012 -27"><span class='ocrx_word' id='word_1_186' title='bbox 2004 1440 2166 1500; x_wconf 88' lang='lat' dir='ltr'><strong>porta</strong></span> <span class='ocrx_word' id='word_1_187' title='bbox 2195 1431 2546 1501; x_wconf 80' lang='lat' dir='ltr'><strong>prospicere,</strong></span> <span class='ocrx_word' id='word_1_188' title='bbox 2569 1447 2759 1504; x_wconf 90' lang='lat' dir='ltr'><strong>neque</strong></span> <span class='ocrx_word' id='word_1_189' title='bbox 2781 1443 2901 1492; x_wconf 86' lang='lat' dir='ltr'><strong>erat</strong></span> <span class='ocrx_word' id='word_1_190' title='bbox 2930 1435 3106 1506; x_wconf 91' lang='lat' dir='ltr'><strong>ullus,</strong></span> <span class='ocrx_word' id='word_1_191' title='bbox 3139 1442 3238 1510; x_wconf 85' lang='lat' dir='ltr'><strong>qui</strong></span> <span class='ocrx_word' id='word_1_192' title='bbox 3261 1443 3310 1498; x_wconf 89' lang='lat' dir='ltr'><strong>ei</strong></span> <span class='ocrx_word' id='word_1_193' title='bbox 3340 1458 3507 1514; x_wconf 89' lang='lat' dir='ltr'><strong>opem</strong></span> <span class='ocrx_word' id='word_1_194' title='bbox 3538 1449 3654 1507; x_wconf 81' lang='lat' dir='ltr'><strong>fer-</strong></span> 
     </span>
    </p>
   </div>
   <div class='ocr_carea' id='block_1_28' title="bbox 2001 1515 3651 1610">
    <p class='ocr_par' dir='ltr' id='par_1_28' title="bbox 2001 1515 3651 1610">
     <span class='ocr_line' id='line_1_28' title="bbox 2001 1515 3651 1610; baseline 0.012 -36"><span class='ocrx_word' id='word_1_195' title='bbox 2001 1524 2118 1578; x_wconf 88' lang='lat' dir='ltr'><strong>ret.</strong></span> <span class='ocrx_word' id='word_1_196' title='bbox 2143 1515 2357 1610; x_wconf 74' lang='lat' dir='ltr'><strong>&#39;l_‘o_tum</strong></span> <span class='ocrx_word' id='word_1_197' title='bbox 2384 1533 2526 1610; x_wconf 80' lang='lat' dir='ltr'><strong>ergo</strong></span> <span class='ocrx_word' id='word_1_198' title='bbox 2549 1516 2723 1610; x_wconf 76' lang='lat' dir='ltr'><strong>illum</strong></span> <span class='ocrx_word' id='word_1_199' title='bbox 2740 1517 2905 1610; x_wconf 81' lang='lat' dir='ltr'><strong>diem</strong></span> <span class='ocrx_word' id='word_1_200' title='bbox 2926 1529 2985 1582; x_wconf 91' lang='lat' dir='ltr'><strong>et</strong></span> <span class='ocrx_word' id='word_1_201' title='bbox 3005 1531 3361 1610; x_wconf 82' lang='lat' dir='ltr'><strong>sequentem</strong></span> <span class='ocrx_word' id='word_1_202' title='bbox 3387 1539 3651 1610; x_wconf 89' lang='lat' dir='ltr'><strong>noctem,</strong></span> 
     </span>
    </p>
   </div>
   <div class='ocr_carea' id='block_1_29' title="bbox 1999 1602 3659 1690">
    <p class='ocr_par' dir='ltr' id='par_1_29' title="bbox 1999 1602 3659 1690">
     <span class='ocr_line' id='line_1_29' title="bbox 1999 1602 3659 1690; baseline 0.012 -27"><span class='ocrx_word' id='word_1_203' title='bbox 1999 1621 2132 1684; x_wconf 84' lang='lat' dir='ltr'><strong>quae</strong></span> <span class='ocrx_word' id='word_1_204' title='bbox 2157 1602 2269 1664; x_wconf 79' lang='lat' dir='ltr'><strong>fuit</strong></span> <span class='ocrx_word' id='word_1_205' title='bbox 2306 1604 2494 1666; x_wconf 93' lang='lat' dir='ltr'><strong>multo</strong></span> <span class='ocrx_word' id='word_1_206' title='bbox 2524 1605 2824 1688; x_wconf 85' lang='lat' dir='ltr'><strong>acerbior,</strong></span> <span class='ocrx_word' id='word_1_207' title='bbox 2849 1608 2947 1670; x_wconf 91' lang='lat' dir='ltr'><strong>hic</strong></span> <span class='ocrx_word' id='word_1_208' title='bbox 2970 1609 3060 1672; x_wconf 90' lang='lat' dir='ltr'><strong>vir</strong></span> <span class='ocrx_word' id='word_1_209' title='bbox 3079 1602 3407 1690; x_wconf 82' lang='lat' dir='ltr'><strong>generosus</strong></span> <span class='ocrx_word' id='word_1_210' title='bbox 3427 1602 3659 1684; x_wconf 73' lang='lat' dir='ltr'><strong>fortiter</strong></span> 
     </span>
    </p>
   </div>
   <div class='ocr_carea' id='block_1_30' title="bbox 257 1683 1919 1781">
    <p class='ocr_par' dir='ltr' id='par_1_30' title="bbox 257 1683 1915 1765">
     <span class='ocr_line' id='line_1_30' title="bbox 257 1683 1915 1765; baseline 0.004 -24"><span class='ocrx_word' id='word_1_211' title='bbox 257 1684 576 1763; x_wconf 82' lang='grc' dir='ltr'>ερείσαντες,</span> <span class='ocrx_word' id='word_1_212' title='bbox 659 1685 748 1740; x_wconf 85' lang='grc' dir='ltr'><strong>καὶ</strong></span> <span class='ocrx_word' id='word_1_213' title='bbox 819 1684 1008 1742; x_wconf 79' lang='grc' dir='ltr'>αὐτίκα</span> <span class='ocrx_word' id='word_1_214' title='bbox 1083 1683 1286 1762; x_wconf 77' lang='grc' dir='ltr'>σπουδῇ</span> <span class='ocrx_word' id='word_1_215' title='bbox 1356 1685 1532 1762; x_wconf 79' lang='grc' dir='ltr'>πολλῇ</span> <span class='ocrx_word' id='word_1_216' title='bbox 1603 1687 1915 1765; x_wconf 81' lang='grc' dir='ltr'>ἀναϐάντες,</span> 
     </span>
    </p>
   </div>
   <div class='ocr_carea' id='block_1_31' title="bbox 2005 1683 3656 1781">
    <p class='ocr_par' dir='ltr' id='par_1_31' title="bbox 2005 1683 3656 1781">
     <span class='ocr_line' id='line_1_31' title="bbox 2005 1683 3656 1781; baseline 0.012 -28"><span class='ocrx_word' id='word_1_217' title='bbox 2005 1683 2063 1754; x_wconf 86' lang='lat' dir='ltr'><strong>et</strong></span> <span class='ocrx_word' id='word_1_218' title='bbox 2081 1702 2429 1757; x_wconf 83' lang='lat' dir='ltr'><strong>constanter</strong></span> <span class='ocrx_word' id='word_1_219' title='bbox 2451 1683 2852 1775; x_wconf 75' lang='lat' dir='ltr'><strong>pertulitJam</strong></span> <span class='ocrx_word' id='word_1_220' title='bbox 2877 1683 3347 1781; x_wconf 48' lang='lat' dir='ltr'><strong>tertius&#39;quidem</strong></span> <span class='ocrx_word' id='word_1_221' title='bbox 3373 1717 3505 1770; x_wconf 90' lang='lat' dir='ltr'><strong>erat</strong></span> <span class='ocrx_word' id='word_1_222' title='bbox 3525 1683 3656 1773; x_wconf 87' lang='lat' dir='ltr'><strong>dies</strong></span> 
     </span>
    </p>
   </div>
   <div class='ocr_carea' id='block_1_32' title="bbox 254 1771 1919 1870">
    <p class='ocr_par' dir='ltr' id='par_1_32' title="bbox 254 1771 1919 1856">
     <span class='ocr_line' id='line_1_32' title="bbox 254 1771 1919 1856; baseline 0.003 -25"><span class='ocrx_word' id='word_1_223' title='bbox 254 1776 416 1851; x_wconf 79' lang='grc' dir='ltr'>ὁρῶσι</span> <span class='ocrx_word' id='word_1_224' title='bbox 461 1772 634 1848; x_wconf 85' lang='grc' dir='ltr'>θέαμα</span> <span class='ocrx_word' id='word_1_225' title='bbox 684 1774 924 1852; x_wconf 77' lang='grc' dir='ltr'>φρικτὸν,</span> <span class='ocrx_word' id='word_1_226' title='bbox 971 1771 1018 1829; x_wconf 82' lang='grc' dir='ltr'>ὦ</span> <span class='ocrx_word' id='word_1_227' title='bbox 1064 1774 1308 1832; x_wconf 76' lang='grc' dir='ltr'><strong>Δέσποτα</strong></span> <span class='ocrx_word' id='word_1_228' title='bbox 1365 1777 1452 1832; x_wconf 78' lang='grc' dir='ltr'><strong>καὶ</strong></span> <span class='ocrx_word' id='word_1_229' title='bbox 1502 1777 1622 1854; x_wconf 76' lang='grc' dir='ltr'>Θεὲ,</span> <span class='ocrx_word' id='word_1_230' title='bbox 1679 1780 1765 1836; x_wconf 84' lang='grc' dir='ltr'>καὶ</span> <span class='ocrx_word' id='word_1_231' title='bbox 1819 1783 1919 1856; x_wconf 82' lang='grc' dir='ltr'><strong>πρὸ</strong></span> 
     </span>
    </p>
   </div>
   <div class='ocr_carea' id='block_1_33' title="bbox 2005 1771 3651 1870">
    <p class='ocr_par' dir='ltr' id='par_1_33' title="bbox 2005 1771 3651 1870">
     <span class='ocr_line' id='line_1_33' title="bbox 2005 1771 3651 1870; baseline 0.011 -27"><span class='ocrx_word' id='word_1_232' title='bbox 2005 1783 2396 1861; x_wconf 81' lang='lat' dir='ltr'><strong>tempestatis,</strong></span> <span class='ocrx_word' id='word_1_233' title='bbox 2433 1771 2697 1847; x_wconf 80' lang='lat' dir='ltr'><strong>desierat</strong></span> <span class='ocrx_word' id='word_1_234' title='bbox 2723 1803 2863 1847; x_wconf 91' lang='lat' dir='ltr'><strong>vero</strong></span> <span class='ocrx_word' id='word_1_235' title='bbox 2894 1788 3078 1850; x_wconf 77' lang='lat' dir='ltr'><strong>effera</strong></span> <span class='ocrx_word' id='word_1_236' title='bbox 3104 1771 3353 1870; x_wconf 77' lang='lat' dir='ltr'><strong>glacies,</strong></span> <span class='ocrx_word' id='word_1_237' title='bbox 3409 1804 3468 1857; x_wconf 88' lang='lat' dir='ltr'><strong>et</strong></span> <span class='ocrx_word' id='word_1_238' title='bbox 3515 1771 3651 1860; x_wconf 80' lang='lat' dir='ltr'><strong>cum</strong></span> 
     </span>
    </p>
   </div>
   <div class='ocr_carea' id='block_1_34' title="bbox 252 1861 1919 1954">
    <p class='ocr_par' dir='ltr' id='par_1_34' title="bbox 252 1861 1918 1944">
     <span class='ocr_line' id='line_1_34' title="bbox 252 1861 1918 1944; baseline 0.011 -37"><span class='ocrx_word' id='word_1_239' title='bbox 252 1873 346 1922; x_wconf 60' lang='grc' dir='ltr'><strong>τηῇ</strong></span> <span class='ocrx_word' id='word_1_240' title='bbox 376 1862 510 1919; x_wconf 67' lang='grc' dir='ltr'>ἰδεῖν</span> <span class='ocrx_word' id='word_1_241' title='bbox 541 1863 641 1937; x_wconf 75' lang='grc' dir='ltr'>μὲν</span> <span class='ocrx_word' id='word_1_242' title='bbox 670 1867 854 1926; x_wconf 64' lang='grc' dir='ltr'>αὐτοῖς</span> <span class='ocrx_word' id='word_1_243' title='bbox 885 1862 908 1918; x_wconf 85' lang='grc' dir='ltr'><strong>έ</strong></span> <span class='ocrx_word' id='word_1_244' title='bbox 935 1861 1152 1920; x_wconf 76' lang='grc' dir='ltr'>λπισθὲν</span> <span class='ocrx_word' id='word_1_245' title='bbox 1182 1864 1329 1939; x_wconf 75' lang='grc' dir='ltr'>ὅμως</span> <span class='ocrx_word' id='word_1_246' title='bbox 1371 1864 1426 1922; x_wconf 84' lang='grc' dir='ltr'><strong>δέ</strong></span> <span class='ocrx_word' id='word_1_247' title='bbox 1473 1887 1522 1922; x_wconf 87' lang='grc' dir='ltr'><strong>τι</strong></span> <span class='ocrx_word' id='word_1_248' title='bbox 1576 1869 1660 1925; x_wconf 73' lang='grc' dir='ltr'><strong>καὶ</strong></span> <span class='ocrx_word' id='word_1_249' title='bbox 1715 1867 1918 1944; x_wconf 81' lang='grc' dir='ltr'>μᾶλλον</span> 
     </span>
    </p>
   </div>
   <div class='ocr_carea' id='block_1_35' title="bbox 2005 1861 3655 1954">
    <p class='ocr_par' dir='ltr' id='par_1_35' title="bbox 2005 1861 3655 1954">
     <span class='ocr_line' id='line_1_35' title="bbox 2005 1861 3655 1954; baseline 0.01 -22"><span class='ocrx_word' id='word_1_250' title='bbox 2005 1871 2743 1954; x_wconf 90' lang='lat' dir='ltr'><strong>scalasadmovissent,qui</strong></span> <span class='ocrx_word' id='word_1_251' title='bbox 2769 1883 2938 1937; x_wconf 91' lang='lat' dir='ltr'><strong>erant</strong></span> <span class='ocrx_word' id='word_1_252' title='bbox 2961 1861 3354 1944; x_wconf 67' lang='lat' dir='ltr'><strong>ferventiorcs</strong></span> <span class='ocrx_word' id='word_1_253' title='bbox 3377 1902 3447 1946; x_wconf 84' lang='lat' dir='ltr'><strong>ex</strong></span> <span class='ocrx_word' id='word_1_254' title='bbox 3471 1885 3655 1948; x_wconf 90' lang='lat' dir='ltr'><strong>disci-</strong></span> 
     </span>
    </p>
   </div>
   <div class='ocr_carea' id='block_1_36' title="bbox 255 1951 1919 2050">
    <p class='ocr_par' dir='ltr' id='par_1_36' title="bbox 255 1951 1919 2032">
     <span class='ocr_line' id='line_1_36' title="bbox 255 1951 1919 2032; baseline 0.008 -30"><span class='ocrx_word' id='word_1_255' title='bbox 255 1952 618 2032; x_wconf 67' lang='grc' dir='ltr'>φοϐερώτερα-ν</span> <span class='ocrx_word' id='word_1_256' title='bbox 675 1954 808 2031; x_wconf 77' lang='grc' dir='ltr'>πρὸς</span> <span class='ocrx_word' id='word_1_257' title='bbox 866 1952 969 2017; x_wconf 70' lang='grc' dir='ltr'>τὴν</span> <span class='ocrx_word' id='word_1_258' title='bbox 1027 1951 1148 2027; x_wconf 74' lang='grc' dir='ltr'>ὄψιν</span> <span class='ocrx_word' id='word_1_259' title='bbox 1209 1955 1397 2032; x_wconf 78' lang='grc' dir='ltr'>φανὲν,</span> <span class='ocrx_word' id='word_1_260' title='bbox 1471 1957 1563 2011; x_wconf 83' lang='grc' dir='ltr'><strong>τὸν</strong></span> <span class='ocrx_word' id='word_1_261' title='bbox 1623 1955 1770 2014; x_wconf 75' lang='grc' dir='ltr'>ὅσιον</span> <span class='ocrx_word' id='word_1_262' title='bbox 1827 1966 1919 2016; x_wconf 82' lang='grc' dir='ltr'>τοῦ</span> 
     </span>
    </p>
   </div>
   <div class='ocr_carea' id='block_1_37' title="bbox 2005 1951 3653 2050">
    <p class='ocr_par' dir='ltr' id='par_1_37' title="bbox 2005 1951 3653 2050">
     <span class='ocr_line' id='line_1_37' title="bbox 2005 1951 3653 2050; baseline 0.01 -29"><span class='ocrx_word' id='word_1_263' title='bbox 2005 1960 2183 2040; x_wconf 90' lang='lat' dir='ltr'><strong>pulis,</strong></span> <span class='ocrx_word' id='word_1_264' title='bbox 2215 1968 2272 2050; x_wconf 85' lang='lat' dir='ltr'><strong>et</strong></span> <span class='ocrx_word' id='word_1_265' title='bbox 2303 1979 2556 2050; x_wconf 83' lang='lat' dir='ltr'><strong>propere</strong></span> <span class='ocrx_word' id='word_1_266' title='bbox 2585 1951 3033 2040; x_wconf 82' lang='lat' dir='ltr'><strong>ascendissent,</strong></span> <span class='ocrx_word' id='word_1_267' title='bbox 3063 1965 3290 2050; x_wconf 88' lang='lat' dir='ltr'><strong>vident,</strong></span> <span class='ocrx_word' id='word_1_268' title='bbox 3331 1991 3363 2033; x_wconf 94' lang='grc' dir='ltr'><strong>ο</strong></span> <span class='ocrx_word' id='word_1_269' title='bbox 3396 1973 3653 2038; x_wconf 90' lang='lat' dir='ltr'><strong>Domine</strong></span> 
     </span>
    </p>
   </div>
   <div class='ocr_carea' id='block_1_38' title="bbox 261 2039 1918 2125">
    <p class='ocr_par' dir='ltr' id='par_1_38' title="bbox 261 2039 1918 2125">
     <span class='ocr_line' id='line_1_38' title="bbox 261 2039 1918 2125; baseline -0.004 -24"><span class='ocrx_word' id='word_1_270' title='bbox 261 2042 598 2123; x_wconf 67' lang='grc' dir='ltr'>περιϐολαίου</span> <span class='ocrx_word' id='word_1_271' title='bbox 629 2042 726 2116; x_wconf 77' lang='grc' dir='ltr'>μὲν</span> <span class='ocrx_word' id='word_1_272' title='bbox 773 2039 879 2110; x_wconf 73' lang='grc' dir='ltr'>ἤδη</span> <span class='ocrx_word' id='word_1_273' title='bbox 915 2042 1364 2120; x_wconf 83' lang='grc' dir='ltr'>γεγυμνωμένον,</span> <span class='ocrx_word' id='word_1_274' title='bbox 1415 2051 1490 2119; x_wconf 84' lang='grc' dir='ltr'>τῷ</span> <span class='ocrx_word' id='word_1_275' title='bbox 1537 2043 1590 2102; x_wconf 77' lang='grc' dir='ltr'><strong>δὲ</strong></span> <span class='ocrx_word' id='word_1_276' title='bbox 1651 2047 1918 2125; x_wconf 74' lang='grc' dir='ltr'>κρυστοίλ-</span> 
     </span>
    </p>
   </div>
   <div class='ocr_carea' id='block_1_39' title="bbox 259 2131 1919 2213">
    <p class='ocr_par' dir='ltr' id='par_1_39' title="bbox 259 2131 1919 2213">
     <span class='ocr_line' id='line_1_39' title="bbox 259 2131 1919 2213; baseline 0.004 -25"><span class='ocrx_word' id='word_1_277' title='bbox 259 2132 337 2206; x_wconf 84' lang='grc' dir='ltr'><strong>λῳ</strong></span> <span class='ocrx_word' id='word_1_278' title='bbox 369 2131 630 2189; x_wconf 64' lang='grc' dir='ltr'>πάντοθεν</span> <span class='ocrx_word' id='word_1_279' title='bbox 661 2131 1077 2208; x_wconf 84' lang='grc' dir='ltr'>περιεσταμένον</span> <span class='ocrx_word' id='word_1_280' title='bbox 1105 2133 1195 2188; x_wconf 82' lang='grc' dir='ltr'><strong>καὶ</strong></span> <span class='ocrx_word' id='word_1_281' title='bbox 1243 2132 1342 2202; x_wconf 67' lang='grc' dir='ltr'><strong>τήν</strong></span> <span class='ocrx_word' id='word_1_282' title='bbox 1391 2134 1629 2213; x_wconf 75' lang='grc' dir='ltr'>κεφαλὴν</span> <span class='ocrx_word' id='word_1_283' title='bbox 1678 2137 1764 2193; x_wconf 75' lang='grc' dir='ltr'><strong>καὶ</strong></span> <span class='ocrx_word' id='word_1_284' title='bbox 1819 2138 1919 2205; x_wconf 79' lang='grc' dir='ltr'><strong>τὴν</strong></span> 
     </span>
    </p>
   </div>
   <div class='ocr_carea' id='block_1_40' title="bbox 263 2220 1918 2301">
    <p class='ocr_par' dir='ltr' id='par_1_40' title="bbox 263 2220 1918 2301">
     <span class='ocr_line' id='line_1_40' title="bbox 263 2220 1918 2301; baseline 0.003 -22"><span class='ocrx_word' id='word_1_285' title='bbox 263 2222 382 2301; x_wconf 77' lang='grc' dir='ltr'>ὅφιν</span> <span class='ocrx_word' id='word_1_286' title='bbox 439 2223 530 2278; x_wconf 78' lang='grc' dir='ltr'><strong>καί</strong></span> <span class='ocrx_word' id='word_1_287' title='bbox 581 2221 647 2280; x_wconf 76' lang='grc' dir='ltr'><strong>τὰ</strong></span> <span class='ocrx_word' id='word_1_288' title='bbox 703 2220 867 2279; x_wconf 79' lang='grc' dir='ltr'>λοιπὰ</span> <span class='ocrx_word' id='word_1_289' title='bbox 923 2220 1062 2299; x_wconf 84' lang='grc' dir='ltr'>μέρη</span> <span class='ocrx_word' id='word_1_290' title='bbox 1119 2227 1212 2278; x_wconf 82' lang='grc' dir='ltr'>τοῦ</span> <span class='ocrx_word' id='word_1_291' title='bbox 1257 2245 1531 2297; x_wconf 84' lang='grc' dir='ltr'>σωματος,</span> <span class='ocrx_word' id='word_1_292' title='bbox 1567 2226 1626 2282; x_wconf 79' lang='grc' dir='ltr'>οὒ</span> <span class='ocrx_word' id='word_1_293' title='bbox 1671 2225 1834 2299; x_wconf 89' lang='grc' dir='ltr'>μόνον</span> <span class='ocrx_word' id='word_1_294' title='bbox 1864 2225 1918 2284; x_wconf 77' lang='grc' dir='ltr'><strong>δὲ</strong></span> 
     </span>
    </p>
   </div>
   <div class='ocr_carea' id='block_1_41' title="bbox 272 2312 1921 2393">
    <p class='ocr_par' dir='ltr' id='par_1_41' title="bbox 272 2312 1921 2393">
     <span class='ocr_line' id='line_1_41' title="bbox 272 2312 1921 2393; baseline 0.004 -25"><span class='ocrx_word' id='word_1_295' title='bbox 272 2312 414 2368; x_wconf 71' lang='grc' dir='ltr'>ἄλλα</span> <span class='ocrx_word' id='word_1_296' title='bbox 481 2313 571 2368; x_wconf 83' lang='grc' dir='ltr'><strong>καὶ</strong></span> <span class='ocrx_word' id='word_1_297' title='bbox 639 2312 766 2368; x_wconf 72' lang='lat'>0:616</span> <span class='ocrx_word' id='word_1_298' title='bbox 833 2312 896 2368; x_wconf 82' lang='grc' dir='ltr'>τὸ</span> <span class='ocrx_word' id='word_1_299' title='bbox 965 2317 1122 2385; x_wconf 78' lang='grc' dir='ltr'>σῶμα</span> <span class='ocrx_word' id='word_1_300' title='bbox 1200 2312 1548 2390; x_wconf 74' lang='grc' dir='ltr'>ἀποπαγέντα</span> <span class='ocrx_word' id='word_1_301' title='bbox 1634 2317 1720 2372; x_wconf 86' lang='grc' dir='ltr'>καὶ</span> <span class='ocrx_word' id='word_1_302' title='bbox 1789 2319 1921 2393; x_wconf 85' lang='grc' dir='ltr'>πρὸς</span> 
     </span>
    </p>
   </div>
   <div class='ocr_carea' id='block_1_42' title="bbox 281 2398 1922 2480">
    <p class='ocr_par' dir='ltr' id='par_1_42' title="bbox 281 2398 1922 2480">
     <span class='ocr_line' id='line_1_42' title="bbox 281 2398 1922 2480; baseline 0.002 -22"><span class='ocrx_word' id='word_1_303' title='bbox 281 2399 604 2479; x_wconf 74' lang='grc' dir='ltr'>κρύσταλλον</span> <span class='ocrx_word' id='word_1_304' title='bbox 635 2401 701 2457; x_wconf 76' lang='grc' dir='ltr'>τὰ</span> <span class='ocrx_word' id='word_1_305' title='bbox 732 2421 793 2478; x_wconf 91' lang='grc' dir='ltr'><strong>γε</strong></span> <span class='ocrx_word' id='word_1_306' title='bbox 827 2401 900 2462; x_wconf 84' lang='grc' dir='ltr'><strong>εἰς</strong></span> <span class='ocrx_word' id='word_1_307' title='bbox 954 2398 1274 2480; x_wconf 84' lang='grc' dir='ltr'>ψυχρότητα</span> <span class='ocrx_word' id='word_1_308' title='bbox 1324 2404 1411 2459; x_wconf 85' lang='grc' dir='ltr'>καὶ</span> <span class='ocrx_word' id='word_1_309' title='bbox 1455 2403 1611 2471; x_wconf 74' lang='grc' dir='ltr'>πῆξιν</span> <span class='ocrx_word' id='word_1_310' title='bbox 1640 2403 1922 2480; x_wconf 81' lang='grc' dir='ltr'>μεταϐλη-</span> 
     </span>
    </p>
   </div>
   <div class='ocr_carea' id='block_1_43' title="bbox 279 2488 1922 2572">
    <p class='ocr_par' dir='ltr' id='par_1_43' title="bbox 279 2488 1922 2572">
     <span class='ocr_line' id='line_1_43' title="bbox 279 2488 1922 2572; baseline 0.002 -24"><span class='ocrx_word' id='word_1_311' title='bbox 279 2491 434 2548; x_wconf 80' lang='grc' dir='ltr'>θέντα</span> <span class='ocrx_word' id='word_1_312' title='bbox 487 2488 859 2568; x_wconf 78' lang='grc' dir='ltr'>κρυστάλλινον</span> <span class='ocrx_word' id='word_1_313' title='bbox 909 2488 970 2546; x_wconf 82' lang='grc' dir='ltr'><strong>ἄν</strong></span> <span class='ocrx_word' id='word_1_314' title='bbox 1031 2511 1110 2555; x_wconf 84' lang='grc' dir='ltr'><strong>τις</strong></span> <span class='ocrx_word' id='word_1_315' title='bbox 1169 2491 1444 2566; x_wconf 82' lang='grc' dir='ltr'>ὠνόμασεν</span> <span class='ocrx_word' id='word_1_316' title='bbox 1499 2493 1657 2551; x_wconf 72' lang='grc' dir='ltr'>αὐτὸν</span> <span class='ocrx_word' id='word_1_317' title='bbox 1716 2493 1922 2572; x_wconf 77' lang='grc' dir='ltr'>ἅνθρω-</span> 
     </span>
    </p>
   </div>
   <div class='ocr_carea' id='block_1_44' title="bbox 275 2577 1924 2660">
    <p class='ocr_par' dir='ltr' id='par_1_44' title="bbox 275 2577 1924 2660">
     <span class='ocr_line' id='line_1_44' title="bbox 275 2577 1924 2660; baseline 0.001 -21"><span class='ocrx_word' id='word_1_318' title='bbox 275 2603 377 2639; x_wconf 85' lang='grc' dir='ltr'><strong>πον</strong></span> <span class='ocrx_word' id='word_1_319' title='bbox 403 2580 517 2660; x_wconf 74' lang='grc' dir='ltr'>(καὶ</span> <span class='ocrx_word' id='word_1_320' title='bbox 545 2580 598 2636; x_wconf 86' lang='grc' dir='ltr'><strong>τί</strong></span> <span class='ocrx_word' id='word_1_321' title='bbox 638 2580 739 2658; x_wconf 78' lang='grc' dir='ltr'><strong>γὰρ</strong></span> <span class='ocrx_word' id='word_1_322' title='bbox 782 2577 914 2636; x_wconf 73' lang='grc' dir='ltr'>ἄλλο</span> <span class='ocrx_word' id='word_1_323' title='bbox 953 2579 1000 2657; x_wconf 88' lang='grc'><strong>;)</strong></span> <span class='ocrx_word' id='word_1_324' title='bbox 1041 2578 1076 2647; x_wconf 74' lang='grc' dir='ltr'>ἢ</span> <span class='ocrx_word' id='word_1_325' title='bbox 1123 2581 1306 2658; x_wconf 85' lang='grc' dir='ltr'>νεκρὸν</span> <span class='ocrx_word' id='word_1_326' title='bbox 1351 2581 1507 2639; x_wconf 82' lang='grc' dir='ltr'>ἕνεκά</span> <span class='ocrx_word' id='word_1_327' title='bbox 1548 2605 1605 2638; x_wconf 88' lang='grc' dir='ltr'><strong>τε</strong></span> <span class='ocrx_word' id='word_1_328' title='bbox 1648 2590 1742 2641; x_wconf 89' lang='lat'><strong>106</strong></span> <span class='ocrx_word' id='word_1_329' title='bbox 1785 2584 1924 2658; x_wconf 79' lang='grc' dir='ltr'>μηδὲ</span> 
     </span>
    </p>
   </div>
   <div class='ocr_carea' id='block_1_45' title="bbox 270 2669 1924 2750">
    <p class='ocr_par' dir='ltr' id='par_1_45' title="bbox 270 2669 1924 2750">
     <span class='ocr_line' id='line_1_45' title="bbox 270 2669 1924 2750; baseline 0.001 -21"><span class='ocrx_word' id='word_1_330' title='bbox 270 2672 444 2738; x_wconf 59' lang='grc' dir='ltr'>πνοὴν</span> <span class='ocrx_word' id='word_1_331' title='bbox 499 2669 647 2750; x_wconf 78' lang='grc' dir='ltr'>ἔχείν</span> <span class='ocrx_word' id='word_1_332' title='bbox 704 2669 1026 2744; x_wconf 80' lang='grc' dir='ltr'>νομίζεσθαι.</span> <span class='ocrx_word' id='word_1_333' title='bbox 1101 2677 1333 2745; x_wconf 86' lang='grc' dir='ltr'>Θερμοῖς</span> <span class='ocrx_word' id='word_1_334' title='bbox 1388 2679 1476 2728; x_wconf 83' lang='grc' dir='ltr'>οὖν</span> <span class='ocrx_word' id='word_1_335' title='bbox 1544 2671 1694 2729; x_wconf 73' lang='grc' dir='ltr'>ὕδασι</span> <span class='ocrx_word' id='word_1_336' title='bbox 1769 2674 1924 2746; x_wconf 86' lang='grc' dir='ltr'>μόλις</span> 
     </span>
    </p>
   </div>
   <div class='ocr_carea' id='block_1_46' title="bbox 268 2757 1923 2842">
    <p class='ocr_par' dir='ltr' id='par_1_46' title="bbox 268 2757 1923 2842">
     <span class='ocr_line' id='line_1_46' title="bbox 268 2757 1923 2842; baseline 0.002 -25"><span class='ocrx_word' id='word_1_337' title='bbox 268 2762 360 2819; x_wconf 85' lang='grc' dir='ltr'><strong>τόν</strong></span> <span class='ocrx_word' id='word_1_338' title='bbox 392 2761 563 2838; x_wconf 77' lang='grc' dir='ltr'>πάγον</span> <span class='ocrx_word' id='word_1_339' title='bbox 594 2759 873 2831; x_wconf 78' lang='grc' dir='ltr'>λύσαντες,</span> <span class='ocrx_word' id='word_1_340' title='bbox 906 2757 1042 2815; x_wconf 77' lang='grc' dir='ltr'>ἀλλὰ</span> <span class='ocrx_word' id='word_1_341' title='bbox 1086 2757 1150 2826; x_wconf 76' lang='grc' dir='ltr'><strong>δὴ</strong></span> <span class='ocrx_word' id='word_1_342' title='bbox 1199 2761 1288 2816; x_wconf 84' lang='grc' dir='ltr'><strong>καὶ</strong></span> <span class='ocrx_word' id='word_1_343' title='bbox 1329 2761 1391 2816; x_wconf 88' lang='lat'><strong>16</strong></span> <span class='ocrx_word' id='word_1_344' title='bbox 1433 2767 1590 2837; x_wconf 80' lang='grc' dir='ltr'>σῶμα</span> <span class='ocrx_word' id='word_1_345' title='bbox 1638 2762 1923 2842; x_wconf 77' lang='grc' dir='ltr'>περιῤῥαν-</span> 
     </span>
    </p>
   </div>
   <div class='ocr_carea' id='block_1_47' title="bbox 266 2844 1924 2930">
    <p class='ocr_par' dir='ltr' id='par_1_47' title="bbox 266 2844 1924 2930">
     <span class='ocr_line' id='line_1_47' title="bbox 266 2844 1924 2930; baseline 0.001 -22"><span class='ocrx_word' id='word_1_346' title='bbox 266 2852 535 2930; x_wconf 73' lang='grc' dir='ltr'>σείσαντες,</span> <span class='ocrx_word' id='word_1_347' title='bbox 595 2851 682 2906; x_wconf 77' lang='grc' dir='ltr'>καὶ</span> <span class='ocrx_word' id='word_1_348' title='bbox 737 2850 994 2926; x_wconf 82' lang='grc' dir='ltr'>σπόγγοις</span> <span class='ocrx_word' id='word_1_349' title='bbox 1050 2846 1478 2923; x_wconf 81' lang='grc' dir='ltr'>ἐξαπονίσαντες,</span> <span class='ocrx_word' id='word_1_350' title='bbox 1552 2850 1736 2920; x_wconf 75' lang='grc' dir='ltr'>ἐπειδὴ</span> <span class='ocrx_word' id='word_1_351' title='bbox 1806 2844 1924 2929; x_wconf 82' lang='grc' dir='ltr'>μεθ’</span> 
     </span>
    </p>
   </div>
   <div class='ocr_carea' id='block_1_48' title="bbox 265 2937 1920 3018">
    <p class='ocr_par' dir='ltr' id='par_1_48' title="bbox 265 2937 1920 3018">
     <span class='ocr_line' id='line_1_48' title="bbox 265 2937 1920 3018; baseline 0.001 -20"><span class='ocrx_word' id='word_1_352' title='bbox 265 2941 448 2998; x_wconf 76' lang='grc' dir='ltr'>ἰκανὸν</span> <span class='ocrx_word' id='word_1_353' title='bbox 479 2941 552 3002; x_wconf 79' lang='grc' dir='ltr'><strong>εἰς</strong></span> <span class='ocrx_word' id='word_1_354' title='bbox 582 2939 765 2996; x_wconf 73' lang='grc' dir='ltr'>ἑαυτὸν</span> <span class='ocrx_word' id='word_1_355' title='bbox 796 2937 1002 3000; x_wconf 70' lang='grc' dir='ltr'>ἰκτῖνος</span> <span class='ocrx_word' id='word_1_356' title='bbox 1043 2938 1206 2997; x_wconf 83' lang='grc' dir='ltr'>ἐλθὼν</span> <span class='ocrx_word' id='word_1_357' title='bbox 1255 2941 1345 2996; x_wconf 87' lang='grc' dir='ltr'><strong>καὶ</strong></span> <span class='ocrx_word' id='word_1_358' title='bbox 1401 2939 1585 3018; x_wconf 76' lang='grc' dir='ltr'>ὥσπερ</span> <span class='ocrx_word' id='word_1_359' title='bbox 1633 2941 1694 2998; x_wconf 71' lang='grc' dir='ltr'>ἐκ</span> <span class='ocrx_word' id='word_1_360' title='bbox 1752 2943 1920 2999; x_wconf 84' lang='grc' dir='ltr'>θανά-</span> 
     </span>
    </p>
   </div>
   <div class='ocr_carea' id='block_1_49' title="bbox 2003 2049 3648 2143">
    <p class='ocr_par' dir='ltr' id='par_1_49' title="bbox 2003 2049 3648 2143">
     <span class='ocr_line' id='line_1_49' title="bbox 2003 2049 3648 2143; baseline 0.011 -34"><span class='ocrx_word' id='word_1_361' title='bbox 2003 2050 2187 2143; x_wconf 72' lang='lat' dir='ltr'><strong>I)_e_us,</strong></span> <span class='ocrx_word' id='word_1_362' title='bbox 2213 2049 2580 2143; x_wconf 78' lang='lat' dir='ltr'><strong>horrendum</strong></span> <span class='ocrx_word' id='word_1_363' title='bbox 2611 2052 3044 2143; x_wconf 83' lang='lat' dir='ltr'><strong>spectaculum,</strong></span> <span class='ocrx_word' id='word_1_364' title='bbox 3071 2062 3128 2117; x_wconf 91' lang='lat' dir='ltr'><strong>et</strong></span> <span class='ocrx_word' id='word_1_365' title='bbox 3148 2049 3306 2138; x_wconf 90' lang='lat' dir='ltr'><strong>quod</strong></span> <span class='ocrx_word' id='word_1_366' title='bbox 3331 2069 3648 2143; x_wconf 87' lang='lat' dir='ltr'><strong>antequam</strong></span> 
     </span>
    </p>
   </div>
   <div class='ocr_carea' id='block_1_50' title="bbox 2005 2138 3650 2230">
    <p class='ocr_par' dir='ltr' id='par_1_50' title="bbox 2005 2138 3650 2230">
     <span class='ocr_line' id='line_1_50' title="bbox 2005 2138 3650 2230; baseline 0.012 -33"><span class='ocrx_word' id='word_1_367' title='bbox 2005 2138 2297 2203; x_wconf 83' lang='lat' dir='ltr'><strong>vidissent</strong></span> <span class='ocrx_word' id='word_1_368' title='bbox 2313 2139 2582 2220; x_wconf 89' lang='lat' dir='ltr'><strong>quidem,</strong></span> <span class='ocrx_word' id='word_1_369' title='bbox 2600 2140 2674 2203; x_wconf 91' lang='lat' dir='ltr'><strong>ab</strong></span> <span class='ocrx_word' id='word_1_370' title='bbox 2697 2142 2784 2204; x_wconf 89' lang='lat' dir='ltr'><strong>eis</strong></span> <span class='ocrx_word' id='word_1_371' title='bbox 2807 2145 3284 2224; x_wconf 85' lang='lat' dir='ltr'><strong>exspectabatur,</strong></span> <span class='ocrx_word' id='word_1_372' title='bbox 3301 2150 3430 2230; x_wconf 89' lang='lat' dir='ltr'><strong>ipso</strong></span> <span class='ocrx_word' id='word_1_373' title='bbox 3451 2138 3650 2216; x_wconf 76' lang='lat' dir='ltr'><strong>tamen</strong></span> 
     </span>
    </p>
   </div>
   <div class='ocr_carea' id='block_1_51' title="bbox 2005 2230 3651 2306">
    <p class='ocr_par' dir='ltr' id='par_1_51' title="bbox 2005 2230 3651 2306">
     <span class='ocr_line' id='line_1_51' title="bbox 2005 2230 3651 2306; baseline 0.009 -16"><span class='ocrx_word' id='word_1_374' title='bbox 2005 2239 2254 2306; x_wconf 82' lang='lat' dir='ltr'><strong>aSpectu</strong></span> <span class='ocrx_word' id='word_1_375' title='bbox 2297 2230 2486 2291; x_wconf 89' lang='lat' dir='ltr'><strong>visum</strong></span> <span class='ocrx_word' id='word_1_376' title='bbox 2543 2237 2633 2291; x_wconf 90' lang='lat' dir='ltr'><strong>est</strong></span> <span class='ocrx_word' id='word_1_377' title='bbox 2683 2231 3012 2294; x_wconf 87' lang='lat' dir='ltr'><strong>terribilius</strong></span> <span class='ocrx_word' id='word_1_378' title='bbox 3055 2255 3070 2295; x_wconf 90' lang='lat'><strong>:</strong></span> <span class='ocrx_word' id='word_1_379' title='bbox 3126 2245 3394 2300; x_wconf 88' lang='lat' dir='ltr'><strong>sanctum</strong></span> <span class='ocrx_word' id='word_1_380' title='bbox 3430 2244 3651 2305; x_wconf 90' lang='lat' dir='ltr'><strong>amictu</strong></span> 
     </span>
    </p>
   </div>
   <div class='ocr_carea' id='block_1_52' title="bbox 2007 2316 3650 2411">
    <p class='ocr_par' dir='ltr' id='par_1_52' title="bbox 2007 2316 3650 2411">
     <span class='ocr_line' id='line_1_52' title="bbox 2007 2316 3650 2411; baseline 0.01 -34"><span class='ocrx_word' id='word_1_381' title='bbox 2007 2316 2269 2411; x_wconf 77' lang='lat' dir='ltr'><strong>quidem</strong></span> <span class='ocrx_word' id='word_1_382' title='bbox 2275 2319 2399 2397; x_wconf 87' lang='lat' dir='ltr'><strong>jam</strong></span> <span class='ocrx_word' id='word_1_383' title='bbox 2433 2319 2742 2394; x_wconf 87' lang='lat' dir='ltr'><strong>nudatum,</strong></span> <span class='ocrx_word' id='word_1_384' title='bbox 2770 2321 2969 2411; x_wconf 86' lang='lat' dir='ltr'><strong>glacie</strong></span> <span class='ocrx_word' id='word_1_385' title='bbox 3000 2341 3142 2386; x_wconf 91' lang='lat' dir='ltr'><strong>vero</strong></span> <span class='ocrx_word' id='word_1_386' title='bbox 3185 2328 3350 2389; x_wconf 90' lang='lat' dir='ltr'><strong>omni</strong></span> <span class='ocrx_word' id='word_1_387' title='bbox 3383 2347 3454 2390; x_wconf 85' lang='lat' dir='ltr'><strong>ex</strong></span> <span class='ocrx_word' id='word_1_388' title='bbox 3485 2340 3650 2411; x_wconf 88' lang='lat' dir='ltr'><strong>parte</strong></span> 
     </span>
    </p>
   </div>
   <div class='ocr_carea' id='block_1_53' title="bbox 2007 2406 3652 2500">
    <p class='ocr_par' dir='ltr' id='par_1_53' title="bbox 2007 2406 3652 2500">
     <span class='ocr_line' id='line_1_53' title="bbox 2007 2406 3652 2500; baseline 0.01 -35"><span class='ocrx_word' id='word_1_389' title='bbox 2007 2406 2534 2500; x_wconf 77' lang='lat' dir='ltr'><strong>comprehensum,</strong></span> <span class='ocrx_word' id='word_1_390' title='bbox 2565 2416 2626 2470; x_wconf 91' lang='lat' dir='ltr'><strong>et</strong></span> <span class='ocrx_word' id='word_1_391' title='bbox 2653 2409 2848 2500; x_wconf 82' lang='lat' dir='ltr'><strong>capite</strong></span> <span class='ocrx_word' id='word_1_392' title='bbox 2876 2417 2934 2472; x_wconf 93' lang='lat' dir='ltr'><strong>et</strong></span> <span class='ocrx_word' id='word_1_393' title='bbox 2963 2411 3138 2490; x_wconf 84' lang='lat' dir='ltr'><strong>facie,</strong></span> <span class='ocrx_word' id='word_1_394' title='bbox 3165 2421 3224 2476; x_wconf 90' lang='lat' dir='ltr'><strong>et</strong></span> <span class='ocrx_word' id='word_1_395' title='bbox 3243 2406 3502 2498; x_wconf 78' lang='lat' dir='ltr'><strong>reliquis</strong></span> <span class='ocrx_word' id='word_1_396' title='bbox 3518 2439 3652 2500; x_wconf 90' lang='lat' dir='ltr'><strong>par-</strong></span> 
     </span>
    </p>
   </div>
   <div class='ocr_carea' id='block_1_54' title="bbox 2007 2493 3650 2589">
    <p class='ocr_par' dir='ltr' id='par_1_54' title="bbox 2007 2493 3650 2589">
     <span class='ocr_line' id='line_1_54' title="bbox 2007 2493 3650 2589; baseline 0.009 -33"><span class='ocrx_word' id='word_1_397' title='bbox 2007 2493 2119 2557; x_wconf 91' lang='lat' dir='ltr'><strong>bus</strong></span> <span class='ocrx_word' id='word_1_398' title='bbox 2163 2495 2468 2589; x_wconf 82' lang='lat' dir='ltr'><strong>corporis,</strong></span> <span class='ocrx_word' id='word_1_399' title='bbox 2512 2515 2710 2577; x_wconf 90' lang='lat' dir='ltr'><strong>neque</strong></span> <span class='ocrx_word' id='word_1_400' title='bbox 2758 2499 2870 2562; x_wconf 91' lang='lat' dir='ltr'><strong>hoc</strong></span> <span class='ocrx_word' id='word_1_401' title='bbox 2911 2501 3128 2583; x_wconf 89' lang='lat' dir='ltr'><strong>solum,</strong></span> <span class='ocrx_word' id='word_1_402' title='bbox 3163 2504 3267 2565; x_wconf 87' lang='lat' dir='ltr'><strong>sed</strong></span> <span class='ocrx_word' id='word_1_403' title='bbox 3304 2493 3483 2568; x_wconf 78' lang='lat' dir='ltr'><strong>etiam</strong></span> <span class='ocrx_word' id='word_1_404' title='bbox 3518 2493 3650 2589; x_wconf 86' lang='lat' dir='ltr'><strong>ipso</strong></span> 
     </span>
    </p>
   </div>
   <div class='ocr_carea' id='block_1_55' title="bbox 2008 2587 3651 2676">
    <p class='ocr_par' dir='ltr' id='par_1_55' title="bbox 2008 2587 3651 2676">
     <span class='ocr_line' id='line_1_55' title="bbox 2008 2587 3651 2676; baseline 0.01 -30"><span class='ocrx_word' id='word_1_405' title='bbox 2008 2602 2262 2665; x_wconf 90' lang='lat' dir='ltr'><strong>corpore</strong></span> <span class='ocrx_word' id='word_1_406' title='bbox 2281 2587 2526 2647; x_wconf 89' lang='lat' dir='ltr'><strong>omnino</strong></span> <span class='ocrx_word' id='word_1_407' title='bbox 2545 2592 2990 2664; x_wconf 84' lang='lat' dir='ltr'><strong>concretum,et</strong></span> <span class='ocrx_word' id='word_1_408' title='bbox 3009 2590 3072 2651; x_wconf 89' lang='lat' dir='ltr'><strong>in</strong></span> <span class='ocrx_word' id='word_1_409' title='bbox 3091 2593 3370 2671; x_wconf 81' lang='lat' dir='ltr'><strong>glaciem,</strong></span> <span class='ocrx_word' id='word_1_410' title='bbox 3391 2595 3443 2658; x_wconf 89' lang='lat' dir='ltr'><strong>si</strong></span> <span class='ocrx_word' id='word_1_411' title='bbox 3464 2587 3651 2676; x_wconf 83' lang='lat' dir='ltr'><strong>frigus</strong></span> 
     </span>
    </p>
   </div>
   <div class='ocr_carea' id='block_1_56' title="bbox 2007 2677 3651 2766">
    <p class='ocr_par' dir='ltr' id='par_1_56' title="bbox 2007 2677 3651 2766">
     <span class='ocr_line' id='line_1_56' title="bbox 2007 2677 3651 2766; baseline 0.01 -32"><span class='ocrx_word' id='word_1_412' title='bbox 2007 2683 2245 2754; x_wconf 87' lang='lat' dir='ltr'><strong>spectes</strong></span> <span class='ocrx_word' id='word_1_413' title='bbox 2293 2683 2350 2736; x_wconf 91' lang='lat' dir='ltr'><strong>et</strong></span> <span class='ocrx_word' id='word_1_414' title='bbox 2402 2677 2879 2766; x_wconf 86' lang='lat' dir='ltr'><strong>concretionem,</strong></span> <span class='ocrx_word' id='word_1_415' title='bbox 2913 2697 3271 2742; x_wconf 87' lang='lat' dir='ltr'><strong>conversum</strong></span> <span class='ocrx_word' id='word_1_416' title='bbox 3299 2703 3315 2760; x_wconf 89' lang='lat'><strong>;</strong></span> <span class='ocrx_word' id='word_1_417' title='bbox 3349 2702 3486 2747; x_wconf 89' lang='lat' dir='ltr'><strong>eum</strong></span> <span class='ocrx_word' id='word_1_418' title='bbox 3517 2691 3651 2766; x_wconf 87' lang='lat' dir='ltr'><strong>quis</strong></span> 
     </span>
    </p>
   </div>
   <div class='ocr_carea' id='block_1_57' title="bbox 2007 2763 3650 2856">
    <p class='ocr_par' dir='ltr' id='par_1_57' title="bbox 2007 2763 3650 2856">
     <span class='ocr_line' id='line_1_57' title="bbox 2007 2763 3650 2856; baseline 0.01 -33"><span class='ocrx_word' id='word_1_419' title='bbox 2007 2763 2314 2842; x_wconf 83' lang='lat' dir='ltr'><strong>glacialem</strong></span> <span class='ocrx_word' id='word_1_420' title='bbox 2332 2764 2640 2856; x_wconf 84' lang='lat' dir='ltr'><strong>hominem</strong></span> <span class='ocrx_word' id='word_1_421' title='bbox 2655 2768 3057 2856; x_wconf 80' lang='lat' dir='ltr'><strong>nominaverit</strong></span> <span class='ocrx_word' id='word_1_422' title='bbox 3079 2769 3240 2850; x_wconf 88' lang='lat' dir='ltr'><strong>(quid</strong></span> <span class='ocrx_word' id='word_1_423' title='bbox 3257 2773 3416 2835; x_wconf 91' lang='lat' dir='ltr'><strong>enim</strong></span> <span class='ocrx_word' id='word_1_424' title='bbox 3438 2763 3650 2856; x_wconf 80' lang='lat' dir='ltr'><strong>aliud?)</strong></span> 
     </span>
    </p>
   </div>
   <div class='ocr_carea' id='block_1_58' title="bbox 2007 2853 3649 2943">
    <p class='ocr_par' dir='ltr' id='par_1_58' title="bbox 2007 2853 3649 2943">
     <span class='ocr_line' id='line_1_58' title="bbox 2007 2853 3649 2943; baseline 0.007 -28"><span class='ocrx_word' id='word_1_425' title='bbox 2007 2863 2108 2943; x_wconf 84' lang='lat' dir='ltr'><strong>aut</strong></span> <span class='ocrx_word' id='word_1_426' title='bbox 2131 2864 2458 2943; x_wconf 84' lang='lat' dir='ltr'><strong>mortuum,</strong></span> <span class='ocrx_word' id='word_1_427' title='bbox 2483 2854 2644 2943; x_wconf 75' lang='lat' dir='ltr'><strong>quod</strong></span> <span class='ocrx_word' id='word_1_428' title='bbox 2665 2853 3106 2919; x_wconf 80' lang='lat' dir='ltr'><strong>existimaretur</strong></span> <span class='ocrx_word' id='word_1_429' title='bbox 3120 2875 3195 2920; x_wconf 90' lang='lat' dir='ltr'><strong>ne</strong></span> <span class='ocrx_word' id='word_1_430' title='bbox 3208 2877 3382 2939; x_wconf 85' lang='lat' dir='ltr'><strong>posse</strong></span> <span class='ocrx_word' id='word_1_431' title='bbox 3403 2853 3649 2943; x_wconf 85' lang='lat' dir='ltr'><strong>quidem</strong></span> 
     </span>
    </p>
   </div>
   <div class='ocr_carea' id='block_1_59' title="bbox 2004 2941 3643 3034">
    <p class='ocr_par' dir='ltr' id='par_1_59' title="bbox 2004 2941 3643 3034">
     <span class='ocr_line' id='line_1_59' title="bbox 2004 2941 3643 3034; baseline 0.007 -30"><span class='ocrx_word' id='word_1_432' title='bbox 2004 2941 2257 3034; x_wconf 58' lang='lat' dir='ltr'><strong>spirare,</strong></span> <span class='ocrx_word' id='word_1_433' title='bbox 2279 2941 2426 3005; x_wconf 90' lang='lat' dir='ltr'><strong>Cum</strong></span> <span class='ocrx_word' id='word_1_434' title='bbox 2449 2941 2659 3003; x_wconf 88' lang='lat' dir='ltr'><strong>calidis</strong></span> <span class='ocrx_word' id='word_1_435' title='bbox 2678 2961 2819 3022; x_wconf 91' lang='lat' dir='ltr'><strong>ergo</strong></span> <span class='ocrx_word' id='word_1_436' title='bbox 2841 2949 3014 3034; x_wconf 85' lang='lat' dir='ltr'><strong>aquis</strong></span> <span class='ocrx_word' id='word_1_437' title='bbox 3029 2946 3346 3010; x_wconf 88' lang='lat' dir='ltr'><strong>solvissent</strong></span> <span class='ocrx_word' id='word_1_438' title='bbox 3369 2941 3643 3034; x_wconf 77' lang='lat' dir='ltr'><strong>glaciem,</strong></span> 
     </span>
    </p>
   </div>
   <div class='ocr_carea' id='block_1_60' title="bbox 266 3025 1919 3115">
    <p class='ocr_par' dir='ltr' id='par_1_60' title="bbox 266 3025 1916 3113">
     <span class='ocr_line' id='line_1_60' title="bbox 266 3025 1916 3113; baseline 0.001 -26"><span class='ocrx_word' id='word_1_439' title='bbox 266 3054 358 3087; x_wconf 87' lang='grc' dir='ltr'><strong>του</strong></span> <span class='ocrx_word' id='word_1_440' title='bbox 387 3031 489 3097; x_wconf 68' lang='grc' dir='ltr'>τὴν</span> <span class='ocrx_word' id='word_1_441' title='bbox 519 3035 690 3096; x_wconf 80' lang='grc' dir='ltr'>πνοὴν</span> <span class='ocrx_word' id='word_1_442' title='bbox 720 3027 862 3090; x_wconf 75' lang='grc' dir='ltr'>αὖθις</span> <span class='ocrx_word' id='word_1_443' title='bbox 893 3025 1071 3084; x_wconf 81' lang='grc' dir='ltr'>λαϐὼν</span> <span class='ocrx_word' id='word_1_444' title='bbox 1103 3027 1389 3110; x_wconf 73' lang='grc' dir='ltr'>ἀπειλήφει</span> <span class='ocrx_word' id='word_1_445' title='bbox 1445 3031 1528 3086; x_wconf 79' lang='grc' dir='ltr'><strong>καὶ</strong></span> <span class='ocrx_word' id='word_1_446' title='bbox 1581 3030 1682 3098; x_wconf 75' lang='grc' dir='ltr'><strong>τὴν</strong></span> <span class='ocrx_word' id='word_1_447' title='bbox 1711 3033 1916 3113; x_wconf 75' lang='grc' dir='ltr'>φωνὴν,</span> 
     </span>
    </p>
   </div>
   <div class='ocr_carea' id='block_1_61' title="bbox 2005 3025 3646 3115">
    <p class='ocr_par' dir='ltr' id='par_1_61' title="bbox 2005 3025 3646 3115">
     <span class='ocr_line' id='line_1_61' title="bbox 2005 3025 3646 3115; baseline 0.007 -23"><span class='ocrx_word' id='word_1_448' title='bbox 2005 3030 2148 3112; x_wconf 87' lang='lat' dir='ltr'><strong>quin</strong></span> <span class='ocrx_word' id='word_1_449' title='bbox 2175 3030 2354 3092; x_wconf 91' lang='lat' dir='ltr'><strong>etiam</strong></span> <span class='ocrx_word' id='word_1_450' title='bbox 2388 3049 2605 3110; x_wconf 90' lang='lat' dir='ltr'><strong>corpus</strong></span> <span class='ocrx_word' id='word_1_451' title='bbox 2637 3032 3058 3114; x_wconf 90' lang='lat' dir='ltr'><strong>aspersissent,</strong></span> <span class='ocrx_word' id='word_1_452' title='bbox 3097 3025 3408 3115; x_wconf 81' lang='lat' dir='ltr'><strong>postquam</strong></span> <span class='ocrx_word' id='word_1_453' title='bbox 3441 3040 3544 3102; x_wconf 92' lang='lat' dir='ltr'><strong>ille</strong></span> <span class='ocrx_word' id='word_1_454' title='bbox 3572 3025 3646 3104; x_wconf 82' lang='lat' dir='ltr'><strong>ad</strong></span> 
     </span>
    </p>
   </div>
   <div class='ocr_carea' id='block_1_62' title="bbox 273 3111 1919 3208">
    <p class='ocr_par' dir='ltr' id='par_1_62' title="bbox 273 3111 1916 3208">
     <span class='ocr_line' id='line_1_62' title="bbox 273 3111 1916 3208; baseline 0.002 -32"><span class='ocrx_word' id='word_1_455' title='bbox 273 3111 429 3178; x_wconf 76' lang='grc' dir='ltr'>ἰνατί</span> <span class='ocrx_word' id='word_1_456' title='bbox 459 3141 575 3194; x_wconf 84' lang='grc' dir='ltr'>μοι,</span> <span class='ocrx_word' id='word_1_457' title='bbox 607 3120 774 3208; x_wconf 70' lang='grc' dir='ltr'>φησὶ,</span> <span class='ocrx_word' id='word_1_458' title='bbox 793 3117 1081 3196; x_wconf 85' lang='grc' dir='ltr'>πράγματα</span> <span class='ocrx_word' id='word_1_459' title='bbox 1111 3117 1372 3208; x_wconf 79' lang='grc' dir='ltr'>παρέχειν</span> <span class='ocrx_word' id='word_1_460' title='bbox 1427 3120 1585 3208; x_wconf 44' lang='grc' dir='ltr'>νομεῖς</span> <span class='ocrx_word' id='word_1_461' title='bbox 1639 3111 1916 3197; x_wconf 73' lang='grc' dir='ltr'>βοῦλεσθε,</span> 
     </span>
    </p>
   </div>
   <div class='ocr_carea' id='block_1_63' title="bbox 2005 3111 3648 3208">
    <p class='ocr_par' dir='ltr' id='par_1_63' title="bbox 2005 3111 3648 3208">
     <span class='ocr_line' id='line_1_63' title="bbox 2005 3111 3648 3208; baseline 0.007 -28"><span class='ocrx_word' id='word_1_462' title='bbox 2005 3111 2070 3181; x_wconf 87' lang='lat' dir='ltr'><strong>se</strong></span> <span class='ocrx_word' id='word_1_463' title='bbox 2091 3119 2393 3194; x_wconf 84' lang='lat' dir='ltr'><strong>rediisset,</strong></span> <span class='ocrx_word' id='word_1_464' title='bbox 2428 3126 2485 3181; x_wconf 91' lang='lat' dir='ltr'><strong>et</strong></span> <span class='ocrx_word' id='word_1_465' title='bbox 2515 3111 2796 3200; x_wconf 84' lang='lat' dir='ltr'><strong>tanquam</strong></span> <span class='ocrx_word' id='word_1_466' title='bbox 2828 3139 2861 3183; x_wconf 90' lang='lat' dir='ltr'><strong>e</strong></span> <span class='ocrx_word' id='word_1_467' title='bbox 2886 3111 3080 3186; x_wconf 83' lang='lat' dir='ltr'><strong>morte</strong></span> <span class='ocrx_word' id='word_1_468' title='bbox 3098 3111 3446 3206; x_wconf 72' lang='lat' dir='ltr'><strong>suscitatus,</strong></span> <span class='ocrx_word' id='word_1_469' title='bbox 3471 3130 3648 3208; x_wconf 91' lang='lat' dir='ltr'><strong>spiri-</strong></span> 
     </span>
    </p>
   </div>
   <div class='ocr_carea' id='block_1_64' title="bbox 267 3205 1919 3303">
    <p class='ocr_par' dir='ltr' id='par_1_64' title="bbox 267 3205 1919 3288">
     <span class='ocr_line' id='line_1_64' title="bbox 267 3205 1919 3288; baseline 0.001 -22"><span class='ocrx_word' id='word_1_470' title='bbox 267 3211 357 3266; x_wconf 84' lang='grc' dir='ltr'>καὶ</span> <span class='ocrx_word' id='word_1_471' title='bbox 411 3207 581 3277; x_wconf 76' lang='grc' dir='ltr'>ἡδέως</span> <span class='ocrx_word' id='word_1_472' title='bbox 639 3206 964 3264; x_wconf 83' lang='grc' dir='ltr'>ὑπνώττοντι</span> <span class='ocrx_word' id='word_1_473' title='bbox 1020 3205 1361 3286; x_wconf 63' lang='grc' dir='ltr'>ἐνοχλεῖτε;</span> <span class='ocrx_word' id='word_1_474' title='bbox 1435 3205 1601 3286; x_wconf 69' lang='grc' dir='ltr'>’Ἄρτι</span> <span class='ocrx_word' id='word_1_475' title='bbox 1659 3211 1760 3288; x_wconf 80' lang='grc' dir='ltr'><strong>γὰρ</strong></span> <span class='ocrx_word' id='word_1_476' title='bbox 1829 3212 1919 3267; x_wconf 80' lang='grc' dir='ltr'>τὸν</span> 
     </span>
    </p>
   </div>
   <div class='ocr_carea' id='block_1_65' title="bbox 2005 3205 3640 3303">
    <p class='ocr_par' dir='ltr' id='par_1_65' title="bbox 2006 3205 3640 3303">
     <span class='ocr_line' id='line_1_65' title="bbox 2006 3205 3640 3303; baseline 0.007 -34"><span class='ocrx_word' id='word_1_477' title='bbox 2006 3216 2130 3303; x_wconf 41' lang='lat' dir='ltr'><strong>thum</strong></span> <span class='ocrx_word' id='word_1_478' title='bbox 2161 3209 2515 3303; x_wconf 74' lang='lat' dir='ltr'><strong>recepisset,</strong></span> <span class='ocrx_word' id='word_1_479' title='bbox 2558 3227 2764 3303; x_wconf 69' lang='lat' dir='ltr'><strong>vocem</strong></span> <span class='ocrx_word' id='word_1_480' title='bbox 2797 3229 3035 3292; x_wconf 84' lang='lat' dir='ltr'><strong>quoque</strong></span> <span class='ocrx_word' id='word_1_481' title='bbox 3075 3214 3331 3303; x_wconf 82' lang='lat' dir='ltr'><strong>accepit,</strong></span> <span class='ocrx_word' id='word_1_482' title='bbox 3365 3205 3434 3278; x_wconf 91' lang='lat' dir='ltr'><strong>et</strong></span> <span class='ocrx_word' id='word_1_483' title='bbox 3453 3205 3640 3283; x_wconf 83' lang='lat' dir='ltr'><strong>dixit:</strong></span> 
     </span>
    </p>
   </div>
   <div class='ocr_carea' id='block_1_66' title="bbox 272 3293 1919 3378">
    <p class='ocr_par' dir='ltr' id='par_1_66' title="bbox 272 3294 1919 3378">
     <span class='ocr_line' id='line_1_66' title="bbox 272 3294 1919 3378; baseline -0.001 -24"><span class='ocrx_word' id='word_1_484' title='bbox 272 3299 464 3376; x_wconf 76' lang='grc' dir='ltr'>Κύριον</span> <span class='ocrx_word' id='word_1_485' title='bbox 512 3299 584 3359; x_wconf 80' lang='grc' dir='ltr'>εἷς</span> <span class='ocrx_word' id='word_1_486' title='bbox 632 3296 932 3373; x_wconf 80' lang='grc' dir='ltr'>ἐπικουρίαν</span> <span class='ocrx_word' id='word_1_487' title='bbox 987 3294 1365 3372; x_wconf 76' lang='grc' dir='ltr'>ἐκκαλουμένῳ</span> <span class='ocrx_word' id='word_1_488' title='bbox 1418 3302 1606 3376; x_wconf 83' lang='grc' dir='ltr'>μικρὸν</span> <span class='ocrx_word' id='word_1_489' title='bbox 1664 3299 1919 3378; x_wconf 77' lang='grc' dir='ltr'>ἆορυπνώ-</span> 
     </span>
    </p>
   </div>
   <div class='ocr_carea' id='block_1_67' title="bbox 2005 3293 3649 3378">
    <p class='ocr_par' dir='ltr' id='par_1_67' title="bbox 2006 3293 3649 3376">
     <span class='ocr_line' id='line_1_67' title="bbox 2006 3293 3649 3376; baseline 0.005 -18"><span class='ocrx_word' id='word_1_490' title='bbox 2006 3293 2123 3359; x_wconf 87' lang='lat' dir='ltr'><strong>Cur</strong></span> <span class='ocrx_word' id='word_1_491' title='bbox 2154 3295 2300 3357; x_wconf 91' lang='lat' dir='ltr'><strong>mihi</strong></span> <span class='ocrx_word' id='word_1_492' title='bbox 2332 3294 2510 3357; x_wconf 83' lang='lat' dir='ltr'><strong>vultis</strong></span> <span class='ocrx_word' id='word_1_493' title='bbox 2559 3295 2847 3358; x_wconf 82' lang='lat' dir='ltr'><strong>exhibere</strong></span> <span class='ocrx_word' id='word_1_494' title='bbox 2895 3299 3225 3376; x_wconf 90' lang='lat' dir='ltr'><strong>negotium,</strong></span> <span class='ocrx_word' id='word_1_495' title='bbox 3278 3311 3336 3361; x_wconf 91' lang='lat' dir='ltr'><strong>et</strong></span> <span class='ocrx_word' id='word_1_496' title='bbox 3383 3305 3649 3366; x_wconf 87' lang='lat' dir='ltr'><strong>suaviter</strong></span> 
     </span>
    </p>
   </div>
   <div class='ocr_carea' id='block_1_68' title="bbox 267 3382 1919 3464">
    <p class='ocr_par' dir='ltr' id='par_1_68' title="bbox 267 3382 1919 3464">
     <span class='ocr_line' id='line_1_68' title="bbox 267 3382 1919 3464; baseline 0.001 -20"><span class='ocrx_word' id='word_1_497' title='bbox 267 3389 358 3444; x_wconf 81' lang='grc' dir='ltr'><strong>σαί</strong></span> <span class='ocrx_word' id='word_1_498' title='bbox 412 3410 504 3463; x_wconf 84' lang='grc' dir='ltr'><strong>μοι</strong></span> <span class='ocrx_word' id='word_1_499' title='bbox 568 3385 770 3464; x_wconf 80' lang='grc' dir='ltr'>γέγονε.</span> <span class='ocrx_word' id='word_1_500' title='bbox 817 3382 965 3453; x_wconf 76' lang='grc' dir='ltr'>Πλὴν</span> <span class='ocrx_word' id='word_1_501' title='bbox 1007 3383 1127 3441; x_wconf 75' lang='grc' dir='ltr'>ἀλλ’</span> <span class='ocrx_word' id='word_1_502' title='bbox 1174 3388 1295 3464; x_wconf 74' lang='grc' dir='ltr'>εὖγε</span> <span class='ocrx_word' id='word_1_503' title='bbox 1339 3387 1490 3463; x_wconf 83' lang='grc' dir='ltr'>ὑμῖν,</span> <span class='ocrx_word' id='word_1_504' title='bbox 1523 3389 1570 3444; x_wconf 82' lang='grc' dir='ltr'><strong>ὦ</strong></span> <span class='ocrx_word' id='word_1_505' title='bbox 1611 3389 1792 3463; x_wconf 86' lang='grc' dir='ltr'>τέκνα,</span> <span class='ocrx_word' id='word_1_506' title='bbox 1829 3395 1919 3446; x_wconf 83' lang='grc' dir='ltr'>τοῦ</span> 
     </span>
    </p>
   </div>
   <div class='ocr_carea' id='block_1_69' title="bbox 2005 3382 3648 3464">
    <p class='ocr_par' dir='ltr' id='par_1_69' title="bbox 2005 3383 3648 3454">
     <span class='ocr_line' id='line_1_69' title="bbox 2005 3383 3648 3454; baseline 0.005 -9"><span class='ocrx_word' id='word_1_507' title='bbox 2005 3385 2405 3446; x_wconf 88' lang='lat' dir='ltr'><strong>dormientem</strong></span> <span class='ocrx_word' id='word_1_508' title='bbox 2438 3383 2875 3447; x_wconf 80' lang='lat' dir='ltr'><strong>vexatis?Nam</strong></span> <span class='ocrx_word' id='word_1_509' title='bbox 2907 3404 3044 3447; x_wconf 92' lang='lat' dir='ltr'><strong>cum</strong></span> <span class='ocrx_word' id='word_1_510' title='bbox 3079 3388 3257 3450; x_wconf 86' lang='lat' dir='ltr'><strong>modo</strong></span> <span class='ocrx_word' id='word_1_511' title='bbox 3289 3388 3526 3452; x_wconf 90' lang='lat' dir='ltr'><strong>Domini</strong></span> <span class='ocrx_word' id='word_1_512' title='bbox 3549 3399 3648 3454; x_wconf 88' lang='lat' dir='ltr'><strong>in-</strong></span> 
     </span>
    </p>
   </div>
   <div class='ocr_carea' id='block_1_70' title="bbox 267 3473 1919 3558">
    <p class='ocr_par' dir='ltr' id='par_1_70' title="bbox 267 3473 1919 3558">
     <span class='ocr_line' id='line_1_70' title="bbox 267 3473 1919 3558; baseline 0.004 -27"><span class='ocrx_word' id='word_1_513' title='bbox 267 3478 470 3556; x_wconf 74' lang='grc' dir='ltr'>πατρὸς</span> <span class='ocrx_word' id='word_1_514' title='bbox 527 3476 666 3534; x_wconf 72' lang='grc' dir='ltr'>οὓτω</span> <span class='ocrx_word' id='word_1_515' title='bbox 735 3473 1080 3554; x_wconf 68' lang='grc' dir='ltr'>φροντίζουσι.</span> <span class='ocrx_word' id='word_1_516' title='bbox 1158 3477 1282 3555; x_wconf 84' lang='grc' dir='ltr'>Καὶ,</span> <span class='ocrx_word' id='word_1_517' title='bbox 1346 3475 1477 3533; x_wconf 87' lang='grc' dir='ltr'>Δότε</span> <span class='ocrx_word' id='word_1_518' title='bbox 1520 3475 1586 3544; x_wconf 77' lang='grc' dir='ltr'><strong>δὴ</strong></span> <span class='ocrx_word' id='word_1_519' title='bbox 1631 3500 1747 3558; x_wconf 87' lang='grc' dir='ltr'>μοι,</span> <span class='ocrx_word' id='word_1_520' title='bbox 1792 3477 1919 3558; x_wconf 76' lang='grc' dir='ltr'>ἔφη,</span> 
     </span>
    </p>
   </div>
   <div class='ocr_carea' id='block_1_71' title="bbox 2005 3473 3648 3558">
    <p class='ocr_par' dir='ltr' id='par_1_71' title="bbox 2007 3473 3648 3557">
     <span class='ocr_line' id='line_1_71' title="bbox 2007 3473 3648 3557; baseline 0.006 -25"><span class='ocrx_word' id='word_1_521' title='bbox 2007 3490 2278 3536; x_wconf 89' lang='lat' dir='ltr'><strong>vocarem</strong></span> <span class='ocrx_word' id='word_1_522' title='bbox 2308 3473 2628 3549; x_wconf 83' lang='lat' dir='ltr'><strong>auxilium,</strong></span> <span class='ocrx_word' id='word_1_523' title='bbox 2662 3474 2883 3536; x_wconf 88' lang='lat' dir='ltr'><strong>accidit</strong></span> <span class='ocrx_word' id='word_1_524' title='bbox 2915 3476 3081 3555; x_wconf 88' lang='lat' dir='ltr'><strong>mihi,</strong></span> <span class='ocrx_word' id='word_1_525' title='bbox 3106 3488 3176 3536; x_wconf 87' lang='lat' dir='ltr'><strong>ut</strong></span> <span class='ocrx_word' id='word_1_526' title='bbox 3199 3495 3408 3557; x_wconf 89' lang='lat' dir='ltr'><strong>parum</strong></span> <span class='ocrx_word' id='word_1_527' title='bbox 3427 3480 3648 3542; x_wconf 88' lang='lat' dir='ltr'><strong>dormi-</strong></span> 
     </span>
    </p>
   </div>
   <div class='ocr_carea' id='block_1_72' title="bbox 271 3563 1919 3648">
    <p class='ocr_par' dir='ltr' id='par_1_72' title="bbox 271 3563 1919 3646">
     <span class='ocr_line' id='line_1_72' title="bbox 271 3563 1919 3646; baseline 0 -22"><span class='ocrx_word' id='word_1_528' title='bbox 271 3569 360 3626; x_wconf 81' lang='grc' dir='ltr'>καὶ</span> <span class='ocrx_word' id='word_1_529' title='bbox 423 3563 879 3646; x_wconf 85' lang='grc' dir='ltr'>περισταίλασθαι,</span> <span class='ocrx_word' id='word_1_530' title='bbox 940 3563 1346 3644; x_wconf 73' lang='grc' dir='ltr'>αἰσχυνόμενος,</span> <span class='ocrx_word' id='word_1_531' title='bbox 1422 3566 1604 3642; x_wconf 81' lang='grc' dir='ltr'>οἶμαι,</span> <span class='ocrx_word' id='word_1_532' title='bbox 1676 3565 1760 3624; x_wconf 78' lang='grc' dir='ltr'><strong>διὰ</strong></span> <span class='ocrx_word' id='word_1_533' title='bbox 1822 3569 1919 3635; x_wconf 72' lang='grc' dir='ltr'><strong>τὴν</strong></span> 
     </span>
    </p>
   </div>
   <div class='ocr_carea' id='block_1_73' title="bbox 2005 3563 3648 3648">
    <p class='ocr_par' dir='ltr' id='par_1_73' title="bbox 2007 3563 3648 3648">
     <span class='ocr_line' id='line_1_73' title="bbox 2007 3563 3648 3648; baseline 0.005 -25"><span class='ocrx_word' id='word_1_534' title='bbox 2007 3570 2214 3625; x_wconf 90' lang='lat' dir='ltr'><strong>tarem.</strong></span> <span class='ocrx_word' id='word_1_535' title='bbox 2242 3565 2537 3626; x_wconf 78' lang='lat' dir='ltr'><strong>Caeterum</strong></span> <span class='ocrx_word' id='word_1_536' title='bbox 2566 3563 2724 3625; x_wconf 92' lang='lat' dir='ltr'><strong>bene</strong></span> <span class='ocrx_word' id='word_1_537' title='bbox 2753 3564 2832 3625; x_wconf 88' lang='lat' dir='ltr'><strong>sit</strong></span> <span class='ocrx_word' id='word_1_538' title='bbox 2856 3563 3043 3636; x_wconf 88' lang='lat' dir='ltr'><strong>vobis,</strong></span> <span class='ocrx_word' id='word_1_539' title='bbox 3080 3584 3114 3626; x_wconf 91' lang='grc' dir='ltr'><strong>ο</strong></span> <span class='ocrx_word' id='word_1_540' title='bbox 3147 3566 3278 3641; x_wconf 80' lang='lat' dir='ltr'><strong>lilii,</strong></span> <span class='ocrx_word' id='word_1_541' title='bbox 3312 3571 3416 3648; x_wconf 90' lang='lat' dir='ltr'><strong>qui</strong></span> <span class='ocrx_word' id='word_1_542' title='bbox 3461 3569 3648 3632; x_wconf 75' lang='lat' dir='ltr'><strong>Patris</strong></span> 
     </span>
    </p>
   </div>
   <div class='ocr_carea' id='block_1_74' title="bbox 269 3651 1919 3740">
    <p class='ocr_par' dir='ltr' id='par_1_74' title="bbox 269 3651 1918 3736">
     <span class='ocr_line' id='line_1_74' title="bbox 269 3651 1918 3736; baseline -0.007 -23"><span class='ocrx_word' id='word_1_543' title='bbox 269 3658 564 3736; x_wconf 75' lang='grc' dir='ltr'>γύμνωσιν,</span> <span class='ocrx_word' id='word_1_544' title='bbox 596 3653 718 3710; x_wconf 77' lang='grc' dir='ltr'>ἀλλ’</span> <span class='ocrx_word' id='word_1_545' title='bbox 748 3655 870 3734; x_wconf 66' lang='grc' dir='ltr'>ουχὶ</span> <span class='ocrx_word' id='word_1_546' title='bbox 927 3653 1127 3732; x_wconf 82' lang='grc' dir='ltr'>θέρμης</span> <span class='ocrx_word' id='word_1_547' title='bbox 1185 3651 1458 3726; x_wconf 82' lang='grc' dir='ltr'>δεόμενος,</span> <span class='ocrx_word' id='word_1_548' title='bbox 1520 3657 1579 3713; x_wconf 79' lang='grc' dir='ltr'><strong>Οἱ</strong></span> <span class='ocrx_word' id='word_1_549' title='bbox 1631 3653 1685 3711; x_wconf 69' lang='grc' dir='ltr'><strong>δὲ</strong></span> <span class='ocrx_word' id='word_1_550' title='bbox 1743 3678 1918 3735; x_wconf 81' lang='grc' dir='ltr'>προσ-</span> 
     </span>
    </p>
   </div>
   <div class='ocr_carea' id='block_1_75' title="bbox 2005 3651 3644 3740">
    <p class='ocr_par' dir='ltr' id='par_1_75' title="bbox 2005 3653 3644 3740">
     <span class='ocr_line' id='line_1_75' title="bbox 2005 3653 3644 3740; baseline 0.005 -28"><span class='ocrx_word' id='word_1_551' title='bbox 2005 3659 2224 3713; x_wconf 85' lang='lat' dir='ltr'><strong>tantam</strong></span> <span class='ocrx_word' id='word_1_552' title='bbox 2258 3669 2461 3714; x_wconf 88' lang='lat' dir='ltr'><strong>curam</strong></span> <span class='ocrx_word' id='word_1_553' title='bbox 2494 3653 2728 3732; x_wconf 82' lang='lat' dir='ltr'><strong>geritis.</strong></span> <span class='ocrx_word' id='word_1_554' title='bbox 2779 3655 2926 3715; x_wconf 90' lang='lat' dir='ltr'><strong>Date</strong></span> <span class='ocrx_word' id='word_1_555' title='bbox 2975 3661 3171 3716; x_wconf 90' lang='lat' dir='ltr'><strong>autem</strong></span> <span class='ocrx_word' id='word_1_556' title='bbox 3218 3657 3389 3738; x_wconf 87' lang='lat' dir='ltr'><strong>mihi,</strong></span> <span class='ocrx_word' id='word_1_557' title='bbox 3427 3658 3644 3740; x_wconf 89' lang='lat' dir='ltr'><strong>inquit,</strong></span> 
     </span>
    </p>
   </div>
   <div class='ocr_carea' id='block_1_76' title="bbox 268 3740 1919 3826">
    <p class='ocr_par' dir='ltr' id='par_1_76' title="bbox 268 3740 1918 3823">
     <span class='ocr_line' id='line_1_76' title="bbox 268 3740 1918 3823; baseline -0.001 -21"><span class='ocrx_word' id='word_1_558' title='bbox 268 3746 502 3823; x_wconf 74' lang='grc' dir='ltr'>ἡνεγκὰν</span> <span class='ocrx_word' id='word_1_559' title='bbox 565 3766 623 3800; x_wconf 85' lang='grc' dir='ltr'><strong>τε</strong></span> <span class='ocrx_word' id='word_1_560' title='bbox 682 3744 824 3817; x_wconf 78' lang='grc' dir='ltr'><strong>αὐτῷ</strong></span> <span class='ocrx_word' id='word_1_561' title='bbox 882 3740 1221 3822; x_wconf 80' lang='grc' dir='ltr'>περιϐόλαιαν</span> <span class='ocrx_word' id='word_1_562' title='bbox 1281 3743 1482 3822; x_wconf 79' lang='grc' dir='ltr'>ἕτερον,</span> <span class='ocrx_word' id='word_1_563' title='bbox 1532 3746 1619 3800; x_wconf 87' lang='grc' dir='ltr'><strong>καὶ</strong></span> <span class='ocrx_word' id='word_1_564' title='bbox 1678 3742 1918 3802; x_wconf 77' lang='grc' dir='ltr'>ἐνέδυσαν</span> 
     </span>
    </p>
   </div>
   <div class='ocr_carea' id='block_1_77' title="bbox 2005 3740 3646 3826">
    <p class='ocr_par' dir='ltr' id='par_1_77' title="bbox 2005 3740 3646 3826">
     <span class='ocr_line' id='line_1_77' title="bbox 2005 3740 3646 3826; baseline 0.004 -24"><span class='ocrx_word' id='word_1_565' title='bbox 2005 3760 2119 3821; x_wconf 88' lang='lat' dir='ltr'><strong>quo</strong></span> <span class='ocrx_word' id='word_1_566' title='bbox 2153 3759 2248 3803; x_wconf 90' lang='lat' dir='ltr'><strong>me</strong></span> <span class='ocrx_word' id='word_1_567' title='bbox 2277 3741 2545 3821; x_wconf 88' lang='lat' dir='ltr'><strong>induam;</strong></span> <span class='ocrx_word' id='word_1_568' title='bbox 2575 3740 2966 3816; x_wconf 87' lang='lat' dir='ltr'><strong>erubescens,</strong></span> <span class='ocrx_word' id='word_1_569' title='bbox 2994 3751 3061 3804; x_wconf 88' lang='lat' dir='ltr'><strong>ut</strong></span> <span class='ocrx_word' id='word_1_570' title='bbox 3090 3744 3368 3818; x_wconf 86' lang='lat' dir='ltr'><strong>arbitror,</strong></span> <span class='ocrx_word' id='word_1_571' title='bbox 3405 3757 3646 3826; x_wconf 88' lang='lat' dir='ltr'><strong>propter</strong></span> 
     </span>
    </p>
   </div>
   <div class='ocr_carea' id='block_1_78' title="bbox 267 3832 1916 3914">
    <p class='ocr_par' dir='ltr' id='par_1_78' title="bbox 267 3832 1916 3914">
     <span class='ocr_line' id='line_1_78' title="bbox 267 3832 1916 3914; baseline -0.001 -21"><span class='ocrx_word' id='word_1_572' title='bbox 267 3837 407 3897; x_wconf 74' lang='grc' dir='ltr'>θείας</span> <span class='ocrx_word' id='word_1_573' title='bbox 467 3834 786 3914; x_wconf 65' lang='grc' dir='ltr'>εὐφροσύνης</span> <span class='ocrx_word' id='word_1_574' title='bbox 843 3832 1053 3912; x_wconf 77' lang='grc' dir='ltr'>χιτῶνα</span> <span class='ocrx_word' id='word_1_575' title='bbox 1103 3832 1242 3890; x_wconf 83' lang='grc' dir='ltr'>κατά</span> <span class='ocrx_word' id='word_1_576' title='bbox 1299 3835 1390 3890; x_wconf 85' lang='grc' dir='ltr'><strong>τὸν</strong></span> <span class='ocrx_word' id='word_1_577' title='bbox 1437 3834 1720 3913; x_wconf 80' lang='grc' dir='ltr'>προφήτην</span> <span class='ocrx_word' id='word_1_578' title='bbox 1769 3833 1916 3891; x_wconf 78' lang='grc' dir='ltr'>ἐνδε-</span> 
     </span>
    </p>
   </div>
   <div class='ocr_carea' id='block_1_79' title="bbox 266 3923 514 4001">
    <p class='ocr_par' dir='ltr' id='par_1_79' title="bbox 266 3923 514 4001">
     <span class='ocr_line' id='line_1_79' title="bbox 266 3923 514 4001; baseline -0.004 -20"><span class='ocrx_word' id='word_1_579' title='bbox 266 3923 514 4001; x_wconf 76' lang='grc' dir='ltr'>ευμένον,</span> 
     </span>
    </p>
   </div>
   <div class='ocr_carea' id='block_1_80' title="bbox 348 4183 1913 4270">
    <p class='ocr_par' dir='ltr' id='par_1_80' title="bbox 348 4183 1913 4270">
     <span class='ocr_line' id='line_1_80' title="bbox 348 4183 1913 4270; baseline -0.004 -19"><span class='ocrx_word' id='word_1_580' title='bbox 348 4183 478 4253; x_wconf 77' lang='grc' dir='ltr'><strong>ΛΓ’.</strong></span> <span class='ocrx_word' id='word_1_581' title='bbox 515 4192 694 4250; x_wconf 79' lang='grc' dir='ltr'>Πολλὰ</span> <span class='ocrx_word' id='word_1_582' title='bbox 723 4198 846 4270; x_wconf 80' lang='grc' dir='ltr'>γοῦν</span> <span class='ocrx_word' id='word_1_583' title='bbox 900 4190 1036 4267; x_wconf 78' lang='grc' dir='ltr'>μετὰ</span> <span class='ocrx_word' id='word_1_584' title='bbox 1091 4197 1255 4248; x_wconf 82' lang='grc' dir='ltr'>ταῦτα</span> <span class='ocrx_word' id='word_1_585' title='bbox 1318 4191 1404 4246; x_wconf 78' lang='grc' dir='ltr'>ιιαί</span> <span class='ocrx_word' id='word_1_586' title='bbox 1446 4191 1538 4246; x_wconf 78' lang='lat'><strong>106</strong></span> <span class='ocrx_word' id='word_1_587' title='bbox 1569 4187 1913 4270; x_wconf 79' lang='grc' dir='ltr'>φιλοχρίστου</span> 
     </span>
    </p>
   </div>
   <div class='ocr_carea' id='block_1_81' title="bbox 261 4277 1914 4362">
    <p class='ocr_par' dir='ltr' id='par_1_81' title="bbox 261 4277 1914 4362">
     <span class='ocr_line' id='line_1_81' title="bbox 261 4277 1914 4362; baseline -0.005 -21"><span class='ocrx_word' id='word_1_588' title='bbox 261 4283 527 4362; x_wconf 75' lang='grc' dir='ltr'>βασιλέως</span> <span class='ocrx_word' id='word_1_589' title='bbox 586 4281 855 4349; x_wconf 78' lang='grc' dir='ltr'>ἀξιοῦντος</span> <span class='ocrx_word' id='word_1_590' title='bbox 917 4281 1005 4336; x_wconf 74' lang='grc' dir='ltr'><strong>καί</strong></span> <span class='ocrx_word' id='word_1_591' title='bbox 1061 4279 1310 4356; x_wconf 74' lang='grc' dir='ltr'>δεομένου</span> <span class='ocrx_word' id='word_1_592' title='bbox 1371 4278 1493 4358; x_wconf 85' lang='grc' dir='ltr'>(ἧκε</span> <span class='ocrx_word' id='word_1_593' title='bbox 1539 4280 1638 4357; x_wconf 80' lang='grc' dir='ltr'><strong>γὰρ</strong></span> <span class='ocrx_word' id='word_1_594' title='bbox 1679 4279 1766 4334; x_wconf 82' lang='grc' dir='ltr'><strong>καὶ</strong></span> <span class='ocrx_word' id='word_1_595' title='bbox 1809 4277 1914 4353; x_wconf 86' lang='grc' dir='ltr'>μέ-</span> 
     </span>
    </p>
   </div>
   <div class='ocr_carea' id='block_1_82' title="bbox 263 4364 1914 4454">
    <p class='ocr_par' dir='ltr' id='par_1_82' title="bbox 263 4364 1914 4454">
     <span class='ocr_line' id='line_1_82' title="bbox 263 4364 1914 4454; baseline -0.004 -24"><span class='ocrx_word' id='word_1_596' title='bbox 263 4397 390 4454; x_wconf 80' lang='grc' dir='ltr'>χρις</span> <span class='ocrx_word' id='word_1_597' title='bbox 452 4375 612 4451; x_wconf 62' lang='grc' dir='ltr'><strong>αὖτοῦ</strong></span> <span class='ocrx_word' id='word_1_598' title='bbox 670 4371 882 4452; x_wconf 78' lang='grc' dir='ltr'>ταῦτα),</span> <span class='ocrx_word' id='word_1_599' title='bbox 943 4373 1017 4434; x_wconf 86' lang='grc' dir='ltr'>ὡς</span> <span class='ocrx_word' id='word_1_600' title='bbox 1077 4371 1133 4426; x_wconf 84' lang='grc' dir='ltr'>Εἰ</span> <span class='ocrx_word' id='word_1_601' title='bbox 1189 4370 1275 4426; x_wconf 84' lang='grc' dir='ltr'><strong>καὶ</strong></span> <span class='ocrx_word' id='word_1_602' title='bbox 1327 4369 1406 4443; x_wconf 79' lang='grc' dir='ltr'>μὴ</span> <span class='ocrx_word' id='word_1_603' title='bbox 1453 4375 1547 4426; x_wconf 77' lang='grc' dir='ltr'>σοῦ</span> <span class='ocrx_word' id='word_1_604' title='bbox 1578 4368 1762 4448; x_wconf 73' lang='grc' dir='ltr'>χάριν,</span> <span class='ocrx_word' id='word_1_605' title='bbox 1794 4364 1914 4423; x_wconf 83' lang='grc' dir='ltr'>ἀλλ’</span> 
     </span>
    </p>
   </div>
   <div class='ocr_carea' id='block_1_83' title="bbox 260 4457 1913 4540">
    <p class='ocr_par' dir='ltr' id='par_1_83' title="bbox 260 4457 1913 4540">
     <span class='ocr_line' id='line_1_83' title="bbox 260 4457 1913 4540; baseline 0.007 -19"><span class='ocrx_word' id='word_1_606' title='bbox 260 4465 420 4522; x_wconf 78' lang='grc' dir='ltr'>ἕνεκά</span> <span class='ocrx_word' id='word_1_607' title='bbox 477 4485 537 4540; x_wconf 89' lang='grc' dir='ltr'><strong>γε</strong></span> <span class='ocrx_word' id='word_1_608' title='bbox 594 4465 749 4534; x_wconf 78' lang='grc' dir='ltr'>ἡμῶν</span> <span class='ocrx_word' id='word_1_609' title='bbox 800 4464 889 4517; x_wconf 83' lang='grc' dir='ltr'>καὶ</span> <span class='ocrx_word' id='word_1_610' title='bbox 953 4465 1051 4527; x_wconf 83' lang='grc' dir='ltr'>τῆς</span> <span class='ocrx_word' id='word_1_611' title='bbox 1109 4458 1366 4539; x_wconf 69' lang='grc' dir='ltr'>ὠφελείαε</span> <span class='ocrx_word' id='word_1_612' title='bbox 1438 4460 1536 4524; x_wconf 70' lang='grc' dir='ltr'><strong>τῆς</strong></span> <span class='ocrx_word' id='word_1_613' title='bbox 1625 4457 1913 4535; x_wconf 67' lang='grc' dir='ltr'><strong>ἡμετέρας»</strong></span> 
     </span>
    </p>
   </div>
   <div class='ocr_carea' id='block_1_84' title="bbox 263 4546 1490 4636">
    <p class='ocr_par' dir='ltr' id='par_1_84' title="bbox 263 4546 1490 4636">
     <span class='ocr_line' id='line_1_84' title="bbox 263 4546 1490 4636; baseline -0.008 -25"><span class='ocrx_word' id='word_1_614' title='bbox 263 4567 452 4636; x_wconf 54' lang='grc' dir='ltr'>φεῖσαι</span> <span class='ocrx_word' id='word_1_615' title='bbox 489 4555 598 4608; x_wconf 77' lang='grc' dir='ltr'>τῶν</span> <span class='ocrx_word' id='word_1_616' title='bbox 629 4549 945 4627; x_wconf 75' lang='grc' dir='ltr'>παραϐόλων</span> <span class='ocrx_word' id='word_1_617' title='bbox 988 4549 1188 4606; x_wconf 79' lang='grc' dir='ltr'>τούτων</span> <span class='ocrx_word' id='word_1_618' title='bbox 1219 4546 1490 4628; x_wconf 82' lang='grc' dir='ltr'>κινδύνων,</span> 
     </span>
    </p>
   </div>
   <div class='ocr_carea' id='block_1_85' title="bbox 2001 3829 3646 3911">
    <p class='ocr_par' dir='ltr' id='par_1_85' title="bbox 2001 3829 3646 3911">
     <span class='ocr_line' id='line_1_85' title="bbox 2001 3829 3646 3911; baseline 0.006 -21"><span class='ocrx_word' id='word_1_619' title='bbox 2001 3829 2357 3903; x_wconf 89' lang='lat' dir='ltr'><strong>nuditatem,</strong></span> <span class='ocrx_word' id='word_1_620' title='bbox 2391 3848 2510 3891; x_wconf 91' lang='lat' dir='ltr'><strong>non</strong></span> <span class='ocrx_word' id='word_1_621' title='bbox 2540 3837 2740 3891; x_wconf 90' lang='lat' dir='ltr'><strong>autem</strong></span> <span class='ocrx_word' id='word_1_622' title='bbox 2795 3829 2992 3892; x_wconf 84' lang='lat' dir='ltr'><strong>calore</strong></span> <span class='ocrx_word' id='word_1_623' title='bbox 3039 3831 3338 3911; x_wconf 85' lang='lat' dir='ltr'><strong>indigens.</strong></span> <span class='ocrx_word' id='word_1_624' title='bbox 3386 3834 3476 3896; x_wconf 91' lang='lat' dir='ltr'><strong>Illi</strong></span> <span class='ocrx_word' id='word_1_625' title='bbox 3507 3854 3646 3900; x_wconf 88' lang='lat' dir='ltr'><strong>vero</strong></span> 
     </span>
    </p>
   </div>
   <div class='ocr_carea' id='block_1_86' title="bbox 2002 3916 3644 3994">
    <p class='ocr_par' dir='ltr' id='par_1_86' title="bbox 2002 3916 3644 3994">
     <span class='ocr_line' id='line_1_86' title="bbox 2002 3916 3644 3994; baseline 0.005 -16"><span class='ocrx_word' id='word_1_626' title='bbox 2002 3917 2186 3979; x_wconf 90' lang='lat' dir='ltr'><strong>alium</strong></span> <span class='ocrx_word' id='word_1_627' title='bbox 2218 3917 2500 3980; x_wconf 88' lang='lat' dir='ltr'><strong>amictum</strong></span> <span class='ocrx_word' id='word_1_628' title='bbox 2527 3917 2600 3980; x_wconf 88' lang='lat' dir='ltr'><strong>ad</strong></span> <span class='ocrx_word' id='word_1_629' title='bbox 2627 3935 2764 3980; x_wconf 90' lang='lat' dir='ltr'><strong>eum</strong></span> <span class='ocrx_word' id='word_1_630' title='bbox 2796 3916 3143 3994; x_wconf 83' lang='lat' dir='ltr'><strong>attulerunt,</strong></span> <span class='ocrx_word' id='word_1_631' title='bbox 3179 3931 3236 3983; x_wconf 89' lang='lat' dir='ltr'><strong>et</strong></span> <span class='ocrx_word' id='word_1_632' title='bbox 3265 3940 3398 3984; x_wconf 86' lang='lat' dir='ltr'><strong>eum</strong></span> <span class='ocrx_word' id='word_1_633' title='bbox 3421 3924 3644 3986; x_wconf 91' lang='lat' dir='ltr'><strong>indue-</strong></span> 
     </span>
    </p>
   </div>
   <div class='ocr_carea' id='block_1_87' title="bbox 1997 4005 3644 4093">
    <p class='ocr_par' dir='ltr' id='par_1_87' title="bbox 1997 4005 3644 4093">
     <span class='ocr_line' id='line_1_87' title="bbox 1997 4005 3644 4093; baseline 0.004 -25"><span class='ocrx_word' id='word_1_634' title='bbox 1997 4016 2161 4082; x_wconf 89' lang='lat' dir='ltr'><strong>runt,</strong></span> <span class='ocrx_word' id='word_1_635' title='bbox 2216 4009 2418 4069; x_wconf 89' lang='lat' dir='ltr'><strong>tunica</strong></span> <span class='ocrx_word' id='word_1_636' title='bbox 2465 4005 2689 4068; x_wconf 73' lang='lat' dir='ltr'><strong>divinae</strong></span> <span class='ocrx_word' id='word_1_637' title='bbox 2739 4008 2958 4069; x_wconf 77' lang='lat' dir='ltr'><strong>laetitiae</strong></span> <span class='ocrx_word' id='word_1_638' title='bbox 3001 4009 3304 4093; x_wconf 86' lang='lat' dir='ltr'><strong>indutum,</strong></span> <span class='ocrx_word' id='word_1_639' title='bbox 3336 4021 3401 4074; x_wconf 91' lang='lat' dir='ltr'><strong>ut</strong></span> <span class='ocrx_word' id='word_1_640' title='bbox 3450 4013 3644 4075; x_wconf 89' lang='lat' dir='ltr'><strong>dicam</strong></span> 
     </span>
    </p>
   </div>
   <div class='ocr_carea' id='block_1_88' title="bbox 1997 4097 2544 4176">
    <p class='ocr_par' dir='ltr' id='par_1_88' title="bbox 1997 4097 2544 4176">
     <span class='ocr_line' id='line_1_88' title="bbox 1997 4097 2544 4176; baseline 0 -20"><span class='ocrx_word' id='word_1_641' title='bbox 1997 4114 2132 4157; x_wconf 90' lang='lat' dir='ltr'><strong>cum</strong></span> <span class='ocrx_word' id='word_1_642' title='bbox 2166 4097 2460 4176; x_wconf 87' lang='lat' dir='ltr'><strong>propheta</strong></span> <span class='ocrx_word' id='word_1_643' title='bbox 2487 4097 2544 4156; x_wconf 82' lang='lat'><strong>3.</strong></span> 
     </span>
    </p>
   </div>
   <div class='ocr_carea' id='block_1_89' title="bbox 2077 4184 3646 4268">
    <p class='ocr_par' dir='ltr' id='par_1_89' title="bbox 2077 4184 3646 4268">
     <span class='ocr_line' id='line_1_89' title="bbox 2077 4184 3646 4268; baseline 0.004 -20"><span class='ocrx_word' id='word_1_644' title='bbox 2077 4184 2340 4248; x_wconf 84' lang='lat' dir='ltr'><strong>XXXIII.</strong></span> <span class='ocrx_word' id='word_1_645' title='bbox 2382 4189 2594 4248; x_wconf 86' lang='lat' dir='ltr'><strong>Postca</strong></span> <span class='ocrx_word' id='word_1_646' title='bbox 2636 4192 2834 4246; x_wconf 91' lang='lat' dir='ltr'><strong>autem</strong></span> <span class='ocrx_word' id='word_1_647' title='bbox 2869 4187 3126 4248; x_wconf 92' lang='lat' dir='ltr'><strong>multum</strong></span> <span class='ocrx_word' id='word_1_648' title='bbox 3153 4206 3288 4249; x_wconf 92' lang='lat' dir='ltr'><strong>eum</strong></span> <span class='ocrx_word' id='word_1_649' title='bbox 3313 4198 3558 4268; x_wconf 90' lang='lat' dir='ltr'><strong>rogante</strong></span> <span class='ocrx_word' id='word_1_650' title='bbox 3586 4201 3646 4254; x_wconf 89' lang='lat' dir='ltr'><strong>et</strong></span> 
     </span>
    </p>
   </div>
   <div class='ocr_carea' id='block_1_90' title="bbox 1999 4273 3642 4357">
    <p class='ocr_par' dir='ltr' id='par_1_90' title="bbox 1999 4273 3642 4357">
     <span class='ocr_line' id='line_1_90' title="bbox 1999 4273 3642 4357; baseline 0.002 -21"><span class='ocrx_word' id='word_1_651' title='bbox 1999 4274 2354 4337; x_wconf 85' lang='lat' dir='ltr'><strong>obsecrante</strong></span> <span class='ocrx_word' id='word_1_652' title='bbox 2384 4273 2603 4338; x_wconf 88' lang='lat' dir='ltr'><strong>Christi</strong></span> <span class='ocrx_word' id='word_1_653' title='bbox 2633 4284 2869 4337; x_wconf 90' lang='lat' dir='ltr'><strong>amante</strong></span> <span class='ocrx_word' id='word_1_654' title='bbox 2902 4278 3261 4357; x_wconf 85' lang='lat' dir='ltr'><strong>imperatore</strong></span> <span class='ocrx_word' id='word_1_655' title='bbox 3309 4280 3455 4352; x_wconf 78' lang='lat' dir='ltr'><strong>(haec</strong></span> <span class='ocrx_word' id='word_1_656' title='bbox 3481 4283 3642 4341; x_wconf 91' lang='lat' dir='ltr'><strong>enim</strong></span> 
     </span>
    </p>
   </div>
   <div class='ocr_carea' id='block_1_91' title="bbox 1999 4364 3646 4446">
    <p class='ocr_par' dir='ltr' id='par_1_91' title="bbox 1999 4364 3646 4446">
     <span class='ocr_line' id='line_1_91' title="bbox 1999 4364 3646 4446; baseline 0.001 -19"><span class='ocrx_word' id='word_1_657' title='bbox 1999 4365 2070 4428; x_wconf 89' lang='lat' dir='ltr'><strong>ad</strong></span> <span class='ocrx_word' id='word_1_658' title='bbox 2097 4384 2232 4426; x_wconf 92' lang='lat' dir='ltr'><strong>eum</strong></span> <span class='ocrx_word' id='word_1_659' title='bbox 2257 4382 2448 4445; x_wconf 86' lang='lat' dir='ltr'><strong>usque</strong></span> <span class='ocrx_word' id='word_1_660' title='bbox 2473 4364 2895 4446; x_wconf 83' lang='lat' dir='ltr'><strong>pervenerunt)</strong></span> <span class='ocrx_word' id='word_1_661' title='bbox 2925 4375 2980 4426; x_wconf 90' lang='lat' dir='ltr'><strong>et</strong></span> <span class='ocrx_word' id='word_1_662' title='bbox 3008 4365 3247 4429; x_wconf 91' lang='lat' dir='ltr'><strong>dicente</strong></span> <span class='ocrx_word' id='word_1_663' title='bbox 3275 4387 3288 4428; x_wconf 92' lang='lat'><strong>:</strong></span> <span class='ocrx_word' id='word_1_664' title='bbox 3317 4368 3380 4430; x_wconf 89' lang='lat' dir='ltr'><strong>Si</strong></span> <span class='ocrx_word' id='word_1_665' title='bbox 3404 4386 3521 4429; x_wconf 88' lang='lat' dir='ltr'><strong>non</strong></span> <span class='ocrx_word' id='word_1_666' title='bbox 3548 4375 3646 4429; x_wconf 87' lang='lat' dir='ltr'><strong>tua</strong></span> 
     </span>
    </p>
   </div>
   <div class='ocr_carea' id='block_1_92' title="bbox 2002 4455 3645 4536">
    <p class='ocr_par' dir='ltr' id='par_1_92' title="bbox 2002 4455 3645 4536">
     <span class='ocr_line' id='line_1_92' title="bbox 2002 4455 3645 4536; baseline 0.001 -21"><span class='ocrx_word' id='word_1_667' title='bbox 2002 4472 2206 4535; x_wconf 80' lang='lat' dir='ltr'><strong>causa,</strong></span> <span class='ocrx_word' id='word_1_668' title='bbox 2231 4463 2290 4516; x_wconf 87' lang='lat' dir='ltr'><strong>at</strong></span> <span class='ocrx_word' id='word_1_669' title='bbox 2321 4462 2523 4516; x_wconf 88' lang='lat' dir='ltr'><strong>nostra</strong></span> <span class='ocrx_word' id='word_1_670' title='bbox 2547 4462 2607 4513; x_wconf 90' lang='lat' dir='ltr'><strong>et</strong></span> <span class='ocrx_word' id='word_1_671' title='bbox 2632 4461 2849 4515; x_wconf 65' lang='lat' dir='ltr'><strong>nostrae</strong></span> <span class='ocrx_word' id='word_1_672' title='bbox 2874 4455 3165 4528; x_wconf 89' lang='lat' dir='ltr'><strong>utilitatis,</strong></span> <span class='ocrx_word' id='word_1_673' title='bbox 3200 4475 3375 4536; x_wconf 87' lang='lat' dir='ltr'><strong>parce</strong></span> <span class='ocrx_word' id='word_1_674' title='bbox 3397 4456 3525 4518; x_wconf 86' lang='lat' dir='ltr'><strong>istis</strong></span> <span class='ocrx_word' id='word_1_675' title='bbox 3548 4457 3645 4516; x_wconf 93' lang='lat' dir='ltr'><strong>ni-</strong></span> 
     </span>
    </p>
   </div>
   <div class='ocr_carea' id='block_1_93' title="bbox 1550 4543 3645 4625">
    <p class='ocr_par' dir='ltr' id='par_1_93' title="bbox 1550 4543 3645 4625">
     <span class='ocr_line' id='line_1_93' title="bbox 1550 4543 3645 4625; baseline 0.002 -21"><span class='ocrx_word' id='word_1_676' title='bbox 1550 4549 1637 4604; x_wconf 83' lang='grc' dir='ltr'>καὶ</span> <span class='ocrx_word' id='word_1_677' title='bbox 1699 4547 1776 4621; x_wconf 78' lang='grc' dir='ltr'>μὴ</span> <span class='ocrx_word' id='word_1_678' title='bbox 1823 4546 1916 4604; x_wconf 75' lang='grc' dir='ltr'><strong>οὒ-</strong></span> <span class='ocrx_word' id='word_1_679' title='bbox 1940 4611 1982 4625; x_wconf 77' lang='lat'>_</span> <span class='ocrx_word' id='word_1_680' title='bbox 2003 4545 2117 4605; x_wconf 91' lang='lat' dir='ltr'><strong>mis</strong></span> <span class='ocrx_word' id='word_1_681' title='bbox 2145 4543 2556 4625; x_wconf 70' lang='lat' dir='ltr'><strong>praecipitibus</strong></span> <span class='ocrx_word' id='word_1_682' title='bbox 2579 4551 2638 4604; x_wconf 91' lang='lat' dir='ltr'><strong>et</strong></span> <span class='ocrx_word' id='word_1_683' title='bbox 2661 4543 2944 4622; x_wconf 84' lang='lat' dir='ltr'><strong>projectis</strong></span> <span class='ocrx_word' id='word_1_684' title='bbox 2975 4545 3254 4624; x_wconf 84' lang='lat' dir='ltr'><strong>periculis</strong></span> <span class='ocrx_word' id='word_1_685' title='bbox 3281 4565 3294 4608; x_wconf 91' lang='lat'>:</span> <span class='ocrx_word' id='word_1_686' title='bbox 3331 4554 3388 4607; x_wconf 88' lang='lat' dir='ltr'><strong>et</strong></span> <span class='ocrx_word' id='word_1_687' title='bbox 3415 4565 3512 4620; x_wconf 88' lang='lat' dir='ltr'><strong>ne,</strong></span> <span class='ocrx_word' id='word_1_688' title='bbox 3537 4545 3645 4608; x_wconf 87' lang='lat' dir='ltr'><strong>tibi</strong></span> 
     </span>
    </p>
   </div>
   <div class='ocr_carea' id='block_1_94' title="bbox 263 4637 1919 4722">
    <p class='ocr_par' dir='ltr' id='par_1_94' title="bbox 263 4637 1914 4722">
     <span class='ocr_line' id='line_1_94' title="bbox 263 4637 1914 4722; baseline -0.005 -21"><span class='ocrx_word' id='word_1_689' title='bbox 263 4666 372 4706; x_wconf 77' lang='grc' dir='ltr'><strong>τως</strong></span> <span class='ocrx_word' id='word_1_690' title='bbox 404 4641 678 4722; x_wconf 68' lang='grc' dir='ltr'>αὒτόχεὶρ,</span> <span class='ocrx_word' id='word_1_691' title='bbox 710 4650 919 4718; x_wconf 66' lang='grc' dir='ltr'>μικροῦ,</span> <span class='ocrx_word' id='word_1_692' title='bbox 967 4640 1155 4698; x_wconf 76' lang='grc' dir='ltr'>ἑαυτοῦ</span> <span class='ocrx_word' id='word_1_693' title='bbox 1196 4637 1482 4715; x_wconf 82' lang='grc' dir='ltr'>γενόμενος</span> <span class='ocrx_word' id='word_1_694' title='bbox 1530 4639 1673 4712; x_wconf 79' lang='grc' dir='ltr'>ἡμᾶς</span> <span class='ocrx_word' id='word_1_695' title='bbox 1717 4657 1774 4693; x_wconf 86' lang='grc' dir='ltr'><strong>τε</strong></span> <span class='ocrx_word' id='word_1_696' title='bbox 1819 4638 1914 4708; x_wconf 82' lang='grc' dir='ltr'><strong>ὀρ-</strong></span> 
     </span>
    </p>
   </div>
   <div class='ocr_carea' id='block_1_95' title="bbox 2005 4637 3649 4722">
    <p class='ocr_par' dir='ltr' id='par_1_95' title="bbox 2005 4640 3649 4712">
     <span class='ocr_line' id='line_1_95' title="bbox 2005 4640 3649 4712; baseline 0.002 -16"><span class='ocrx_word' id='word_1_697' title='bbox 2005 4643 2106 4711; x_wconf 86' lang='lat' dir='ltr'><strong>ipsi</strong></span> <span class='ocrx_word' id='word_1_698' title='bbox 2136 4651 2376 4699; x_wconf 89' lang='lat' dir='ltr'><strong>mortem</strong></span> <span class='ocrx_word' id='word_1_699' title='bbox 2401 4640 2815 4712; x_wconf 87' lang='lat' dir='ltr'><strong>propemodum</strong></span> <span class='ocrx_word' id='word_1_700' title='bbox 2837 4642 3224 4706; x_wconf 88' lang='lat' dir='ltr'><strong>consciens,et</strong></span> <span class='ocrx_word' id='word_1_701' title='bbox 3244 4657 3349 4700; x_wconf 92' lang='lat' dir='ltr'><strong>nos</strong></span> <span class='ocrx_word' id='word_1_702' title='bbox 3373 4645 3544 4701; x_wconf 90' lang='lat' dir='ltr'><strong>orbos</strong></span> <span class='ocrx_word' id='word_1_703' title='bbox 3566 4659 3649 4700; x_wconf 88' lang='lat' dir='ltr'><strong>re-</strong></span> 
     </span>
    </p>
   </div>
   <div class='ocr_carea' id='block_1_96' title="bbox 262 4724 1918 4814">
    <p class='ocr_par' dir='ltr' id='par_1_96' title="bbox 262 4724 1918 4814">
     <span class='ocr_line' id='line_1_96' title="bbox 262 4724 1918 4814; baseline -0.004 -25"><span class='ocrx_word' id='word_1_704' title='bbox 262 4734 462 4814; x_wconf 71' lang='grc' dir='ltr'>φανοὺς</span> <span class='ocrx_word' id='word_1_705' title='bbox 523 4731 816 4805; x_wconf 82' lang='grc' dir='ltr'>ἀπολίπης,</span> <span class='ocrx_word' id='word_1_706' title='bbox 877 4729 1034 4792; x_wconf 65' lang='grc' dir='ltr'>αυτὸς</span> <span class='ocrx_word' id='word_1_707' title='bbox 1105 4727 1158 4783; x_wconf 81' lang='grc' dir='ltr'><strong>δὲ</strong></span> <span class='ocrx_word' id='word_1_708' title='bbox 1227 4727 1430 4803; x_wconf 77' lang='grc' dir='ltr'>ἐξάγειν</span> <span class='ocrx_word' id='word_1_709' title='bbox 1503 4728 1690 4783; x_wconf 78' lang='grc' dir='ltr'>ἑαυτὸν</span> <span class='ocrx_word' id='word_1_710' title='bbox 1762 4724 1918 4801; x_wconf 77' lang='grc' dir='ltr'>δόξῃς</span> 
     </span>
    </p>
   </div>
   <div class='ocr_carea' id='block_1_97' title="bbox 259 4815 1920 4898">
    <p class='ocr_par' dir='ltr' id='par_1_97' title="bbox 259 4815 1920 4898">
     <span class='ocr_line' id='line_1_97' title="bbox 259 4815 1920 4898; baseline -0.005 -18"><span class='ocrx_word' id='word_1_711' title='bbox 259 4833 361 4882; x_wconf 84' lang='grc' dir='ltr'>τοῦ</span> <span class='ocrx_word' id='word_1_712' title='bbox 415 4822 530 4898; x_wconf 84' lang='grc' dir='ltr'>βίου</span> <span class='ocrx_word' id='word_1_713' title='bbox 586 4824 671 4879; x_wconf 75' lang='grc' dir='ltr'>καὶ</span> <span class='ocrx_word' id='word_1_714' title='bbox 729 4823 831 4896; x_wconf 84' lang='grc' dir='ltr'>πρὸ</span> <span class='ocrx_word' id='word_1_715' title='bbox 889 4825 1094 4896; x_wconf 81' lang='grc' dir='ltr'>καιροῦ.</span> <span class='ocrx_word' id='word_1_716' title='bbox 1153 4825 1327 4876; x_wconf 78' lang='grc' dir='ltr'>Ταῦτα</span> <span class='ocrx_word' id='word_1_717' title='bbox 1373 4817 1689 4873; x_wconf 79' lang='grc' dir='ltr'>καὶτούτων</span> <span class='ocrx_word' id='word_1_718' title='bbox 1752 4815 1920 4872; x_wconf 82' lang='grc' dir='ltr'>πλείω</span> 
     </span>
    </p>
   </div>
   <div class='ocr_carea' id='block_1_98' title="bbox 262 4905 1918 4990">
    <p class='ocr_par' dir='ltr' id='par_1_98' title="bbox 262 4905 1918 4990">
     <span class='ocr_line' id='line_1_98' title="bbox 262 4905 1918 4990; baseline -0.006 -21"><span class='ocrx_word' id='word_1_719' title='bbox 262 4914 359 4969; x_wconf 78' lang='grc' dir='ltr'>σὺν</span> <span class='ocrx_word' id='word_1_720' title='bbox 417 4909 628 4990; x_wconf 67' lang='grc' dir='ltr'>δάκρυσι</span> <span class='ocrx_word' id='word_1_721' title='bbox 687 4918 782 4968; x_wconf 83' lang='lat'><strong>106</strong></span> <span class='ocrx_word' id='word_1_722' title='bbox 837 4916 1151 4979; x_wconf 77' lang='grc' dir='ltr'>κρατοῦντος</span> <span class='ocrx_word' id='word_1_723' title='bbox 1213 4905 1462 4981; x_wconf 82' lang='grc' dir='ltr'>δεομένου</span> <span class='ocrx_word' id='word_1_724' title='bbox 1507 4907 1595 4962; x_wconf 77' lang='grc' dir='ltr'>καὶ</span> <span class='ocrx_word' id='word_1_725' title='bbox 1645 4905 1760 4979; x_wconf 78' lang='grc' dir='ltr'>ἅμα</span> <span class='ocrx_word' id='word_1_726' title='bbox 1812 4911 1918 4960; x_wconf 82' lang='grc' dir='ltr'><strong>τῶν</strong></span> 
     </span>
    </p>
   </div>
   <div class='ocr_carea' id='block_1_99' title="bbox 261 4993 1916 5076">
    <p class='ocr_par' dir='ltr' id='par_1_99' title="bbox 261 4993 1916 5076">
     <span class='ocr_line' id='line_1_99' title="bbox 261 4993 1916 5076; baseline -0.006 -18"><span class='ocrx_word' id='word_1_727' title='bbox 261 5000 443 5058; x_wconf 79' lang='grc' dir='ltr'>ποδῶν</span> <span class='ocrx_word' id='word_1_728' title='bbox 473 5000 774 5072; x_wconf 68' lang='grc' dir='ltr'>ἁπτομένου</span> <span class='ocrx_word' id='word_1_729' title='bbox 819 4997 974 5072; x_wconf 83' lang='grc' dir='ltr'>μόλις</span> <span class='ocrx_word' id='word_1_730' title='bbox 1031 4997 1296 5076; x_wconf 74' lang='grc' dir='ltr'>ἠνέσχετο</span> <span class='ocrx_word' id='word_1_731' title='bbox 1355 4996 1545 5071; x_wconf 84' lang='grc' dir='ltr'>μικρὸν</span> <span class='ocrx_word' id='word_1_732' title='bbox 1603 4996 1730 5073; x_wconf 66' lang='lat' dir='ltr'><strong>«po-3v</strong></span> <span class='ocrx_word' id='word_1_733' title='bbox 1774 4993 1916 5066; x_wconf 75' lang='grc' dir='ltr'>αὒτῷ</span> 
     </span>
    </p>
   </div>
   <div class='ocr_carea' id='block_1_100' title="bbox 260 5081 1913 5171">
    <p class='ocr_par' dir='ltr' id='par_1_100' title="bbox 260 5081 1913 5171">
     <span class='ocr_line' id='line_1_100' title="bbox 260 5081 1913 5171; baseline -0.007 -22"><span class='ocrx_word' id='word_1_734' title='bbox 260 5092 503 5171; x_wconf 72' lang='grc' dir='ltr'>γενέσθαι</span> <span class='ocrx_word' id='word_1_735' title='bbox 536 5090 754 5170; x_wconf 79' lang='grc' dir='ltr'>στέγην,</span> <span class='ocrx_word' id='word_1_736' title='bbox 787 5087 1036 5150; x_wconf 80' lang='grc' dir='ltr'>αἰδεσθεὶς</span> <span class='ocrx_word' id='word_1_737' title='bbox 1096 5087 1158 5143; x_wconf 73' lang='grc' dir='ltr'>τὸ</span> <span class='ocrx_word' id='word_1_738' title='bbox 1218 5088 1310 5142; x_wconf 80' lang='lat'><strong>106</strong></span> <span class='ocrx_word' id='word_1_739' title='bbox 1367 5082 1634 5162; x_wconf 80' lang='grc' dir='ltr'>βασιλέως</span> <span class='ocrx_word' id='word_1_740' title='bbox 1693 5081 1913 5162; x_wconf 78' lang='grc' dir='ltr'>δάκρυα.</span> 
     </span>
    </p>
   </div>
   <div class='ocr_carea' id='block_1_101' title="bbox 265 5171 1916 5259">
    <p class='ocr_par' dir='ltr' id='par_1_101' title="bbox 265 5171 1916 5259">
     <span class='ocr_line' id='line_1_101' title="bbox 265 5171 1916 5259; baseline -0.007 -20"><span class='ocrx_word' id='word_1_741' title='bbox 265 5181 368 5240; x_wconf 80' lang='grc' dir='ltr'>Καί</span> <span class='ocrx_word' id='word_1_742' title='bbox 397 5181 556 5236; x_wconf 75' lang='lat'>10-310</span> <span class='ocrx_word' id='word_1_743' title='bbox 615 5180 808 5259; x_wconf 77' lang='grc' dir='ltr'>εἴρηκα</span> <span class='ocrx_word' id='word_1_744' title='bbox 869 5177 1052 5251; x_wconf 75' lang='grc' dir='ltr'>μέντοι</span> <span class='ocrx_word' id='word_1_745' title='bbox 1098 5175 1380 5247; x_wconf 72' lang='grc' dir='ltr'>πολλάκις,</span> <span class='ocrx_word' id='word_1_746' title='bbox 1437 5173 1585 5230; x_wconf 73' lang='grc' dir='ltr'>οὐδὲν</span> <span class='ocrx_word' id='word_1_747' title='bbox 1642 5171 1697 5229; x_wconf 74' lang='grc' dir='ltr'>δὲ</span> <span class='ocrx_word' id='word_1_748' title='bbox 1756 5173 1916 5240; x_wconf 81' lang='grc' dir='ltr'>ἦττον</span> 
     </span>
    </p>
   </div>
   <div class='ocr_carea' id='block_1_102' title="bbox 257 5260 1916 5348">
    <p class='ocr_par' dir='ltr' id='par_1_102' title="bbox 257 5260 1916 5348">
     <span class='ocr_line' id='line_1_102' title="bbox 257 5260 1916 5348; baseline -0.006 -22"><span class='ocrx_word' id='word_1_749' title='bbox 257 5273 348 5328; x_wconf 80' lang='grc' dir='ltr'>καὶ</span> <span class='ocrx_word' id='word_1_750' title='bbox 381 5275 468 5326; x_wconf 70' lang='grc' dir='ltr'>νῦν</span> <span class='ocrx_word' id='word_1_751' title='bbox 524 5269 647 5348; x_wconf 80' lang='grc' dir='ltr'><strong>ἐρῶ,</strong></span> <span class='ocrx_word' id='word_1_752' title='bbox 709 5271 781 5334; x_wconf 81' lang='grc' dir='ltr'><strong>ὡς</strong></span> <span class='ocrx_word' id='word_1_753' title='bbox 839 5265 986 5324; x_wconf 65' lang='grc' dir='ltr'>οοόδέν</span> <span class='ocrx_word' id='word_1_754' title='bbox 1043 5265 1110 5333; x_wconf 74' lang='grc' dir='ltr'>ἦν</span> <span class='ocrx_word' id='word_1_755' title='bbox 1168 5266 1244 5339; x_wconf 84' lang='grc' dir='ltr'>τῷ</span> <span class='ocrx_word' id='word_1_756' title='bbox 1300 5263 1515 5341; x_wconf 78' lang='grc' dir='ltr'>βασιλεῖ</span> <span class='ocrx_word' id='word_1_757' title='bbox 1570 5267 1742 5336; x_wconf 75' lang='grc' dir='ltr'>θαῦμα</span> <span class='ocrx_word' id='word_1_758' title='bbox 1801 5260 1916 5321; x_wconf 68' lang='grc' dir='ltr'><strong>οὐδὲ</strong></span> 
     </span>
    </p>
   </div>
   <div class='ocr_carea' id='block_1_103' title="bbox 257 5354 1917 5434">
    <p class='ocr_par' dir='ltr' id='par_1_103' title="bbox 257 5354 1917 5434">
     <span class='ocr_line' id='line_1_103' title="bbox 257 5354 1917 5434; baseline -0.007 -16"><span class='ocrx_word' id='word_1_759' title='bbox 257 5361 432 5418; x_wconf 71' lang='grc' dir='ltr'>ἐδόκει</span> <span class='ocrx_word' id='word_1_760' title='bbox 493 5369 682 5434; x_wconf 78' lang='grc' dir='ltr'>μεῖζον</span> <span class='ocrx_word' id='word_1_761' title='bbox 739 5362 839 5427; x_wconf 77' lang='grc' dir='ltr'><strong>τῆς</strong></span> <span class='ocrx_word' id='word_1_762' title='bbox 897 5365 990 5414; x_wconf 77' lang='grc' dir='ltr'>τοῦ</span> <span class='ocrx_word' id='word_1_763' title='bbox 1046 5355 1285 5433; x_wconf 70' lang='grc' dir='ltr'>μεγάλου</span> <span class='ocrx_word' id='word_1_764' title='bbox 1344 5354 1619 5432; x_wconf 78' lang='grc' dir='ltr'>καρτερίας</span> <span class='ocrx_word' id='word_1_765' title='bbox 1678 5355 1768 5408; x_wconf 83' lang='grc' dir='ltr'><strong>καὶ</strong></span> <span class='ocrx_word' id='word_1_766' title='bbox 1815 5358 1917 5419; x_wconf 78' lang='grc' dir='ltr'>τῆς</span> 
     </span>
    </p>
   </div>
   <div class='ocr_carea' id='block_1_104' title="bbox 254 5441 1915 5522">
    <p class='ocr_par' dir='ltr' id='par_1_104' title="bbox 254 5441 1915 5522">
     <span class='ocr_line' id='line_1_104' title="bbox 254 5441 1915 5522; baseline -0.007 -14"><span class='ocrx_word' id='word_1_767' title='bbox 254 5449 528 5510; x_wconf 69' lang='grc' dir='ltr'>πολιτείας</span> <span class='ocrx_word' id='word_1_768' title='bbox 559 5449 764 5522; x_wconf 72' lang='grc' dir='ltr'>ἐκείνῳ.</span> <span class='ocrx_word' id='word_1_769' title='bbox 814 5446 1022 5506; x_wconf 69' lang='grc' dir='ltr'>Πίντας</span> <span class='ocrx_word' id='word_1_770' title='bbox 1071 5444 1161 5500; x_wconf 73' lang='grc' dir='ltr'><strong>οὖν</strong></span> <span class='ocrx_word' id='word_1_771' title='bbox 1191 5445 1242 5501; x_wconf 74' lang='grc' dir='ltr'>οἳ</span> <span class='ocrx_word' id='word_1_772' title='bbox 1278 5441 1722 5519; x_wconf 77' lang='grc' dir='ltr'>διεπρεσϐεύοντο</span> <span class='ocrx_word' id='word_1_773' title='bbox 1783 5443 1915 5519; x_wconf 78' lang='grc' dir='ltr'>πρὸς</span> 
     </span>
    </p>
   </div>
   <div class='ocr_carea' id='block_1_105' title="bbox 255 5529 1912 5620">
    <p class='ocr_par' dir='ltr' id='par_1_105' title="bbox 255 5529 1912 5620">
     <span class='ocr_line' id='line_1_105' title="bbox 255 5529 1912 5620; baseline -0.005 -23"><span class='ocrx_word' id='word_1_774' title='bbox 255 5542 442 5620; x_wconf 69' lang='grc' dir='ltr'>αὐτὸν,</span> <span class='ocrx_word' id='word_1_775' title='bbox 474 5535 592 5594; x_wconf 78' lang='grc' dir='ltr'>εἴτε</span> <span class='ocrx_word' id='word_1_776' title='bbox 623 5537 866 5613; x_wconf 68' lang='grc' dir='ltr'>βασιλεῖς</span> <span class='ocrx_word' id='word_1_777' title='bbox 897 5535 1010 5594; x_wconf 69' lang='grc' dir='ltr'>εἶεν</span> <span class='ocrx_word' id='word_1_778' title='bbox 1043 5533 1156 5595; x_wconf 82' lang='grc' dir='ltr'>εἴτε</span> <span class='ocrx_word' id='word_1_779' title='bbox 1187 5530 1455 5613; x_wconf 70' lang='grc' dir='ltr'>πρέσϐεις,</span> <span class='ocrx_word' id='word_1_780' title='bbox 1521 5529 1622 5590; x_wconf 75' lang='grc' dir='ltr'>εἴθ’</span> <span class='ocrx_word' id='word_1_781' title='bbox 1658 5532 1743 5594; x_wconf 71' lang='grc' dir='ltr'>οὓς</span> <span class='ocrx_word' id='word_1_782' title='bbox 1789 5531 1912 5588; x_wconf 87' lang='grc' dir='ltr'>ὀνο-</span> 
     </span>
    </p>
   </div>
   <div class='ocr_carea' id='block_1_106' title="bbox 336 5714 810 5794">
    <p class='ocr_par' dir='ltr' id='par_1_106' title="bbox 336 5714 810 5794">
     <span class='ocr_line' id='line_1_106' title="bbox 336 5714 810 5794; baseline 0.011 -21"><span class='ocrx_word' id='word_1_783' title='bbox 336 5721 370 5773; x_wconf 88' lang='grc'>8</span> <span class='ocrx_word' id='word_1_784' title='bbox 400 5715 521 5782; x_wconf 87' lang='lat' dir='ltr'><strong>Isa.</strong></span> <span class='ocrx_word' id='word_1_785' title='bbox 556 5731 678 5794; x_wconf 77' lang='lat' dir='ltr'><strong>LXI,</strong></span> <span class='ocrx_word' id='word_1_786' title='bbox 715 5714 810 5779; x_wconf 86' lang='grc'><strong>10.</strong></span> 
     </span>
    </p>
   </div>
   <div class='ocr_carea' id='block_1_107' title="bbox 2002 4721 3646 4804">
    <p class='ocr_par' dir='ltr' id='par_1_107' title="bbox 2002 4721 3646 4804">
     <span class='ocr_line' id='line_1_107' title="bbox 2002 4721 3646 4804; baseline 0.001 -22"><span class='ocrx_word' id='word_1_787' title='bbox 2002 4723 2260 4802; x_wconf 86' lang='lat' dir='ltr'><strong>linquas,</strong></span> <span class='ocrx_word' id='word_1_788' title='bbox 2280 4731 2338 4782; x_wconf 93' lang='lat' dir='ltr'><strong>et</strong></span> <span class='ocrx_word' id='word_1_789' title='bbox 2357 4721 2486 4802; x_wconf 89' lang='lat' dir='ltr'><strong>ipse</strong></span> <span class='ocrx_word' id='word_1_790' title='bbox 2502 4730 2640 4784; x_wconf 91' lang='lat' dir='ltr'><strong>ante</strong></span> <span class='ocrx_word' id='word_1_791' title='bbox 2657 4730 2890 4801; x_wconf 89' lang='lat' dir='ltr'><strong>tempus</strong></span> <span class='ocrx_word' id='word_1_792' title='bbox 2912 4723 3169 4786; x_wconf 83' lang='lat' dir='ltr'><strong>videaris</strong></span> <span class='ocrx_word' id='word_1_793' title='bbox 3197 4742 3229 4785; x_wconf 93' lang='lat' dir='ltr'><strong>e</strong></span> <span class='ocrx_word' id='word_1_794' title='bbox 3251 4725 3365 4786; x_wconf 89' lang='lat' dir='ltr'><strong>vita</strong></span> <span class='ocrx_word' id='word_1_795' title='bbox 3388 4725 3646 4804; x_wconf 84' lang='lat' dir='ltr'><strong>teipsum</strong></span> 
     </span>
    </p>
   </div>
   <div class='ocr_carea' id='block_1_108' title="bbox 2003 4810 3647 4893">
    <p class='ocr_par' dir='ltr' id='par_1_108' title="bbox 2003 4810 3647 4893">
     <span class='ocr_line' id='line_1_108' title="bbox 2003 4810 3647 4893; baseline 0.001 -21"><span class='ocrx_word' id='word_1_796' title='bbox 2003 4811 2076 4872; x_wconf 90' lang='lat' dir='ltr'><strong>ed</strong></span> <span class='ocrx_word' id='word_1_797' title='bbox 2089 4810 2609 4874; x_wconf 83' lang='lat' dir='ltr'><strong>ucere.Haecethis</strong></span> <span class='ocrx_word' id='word_1_798' title='bbox 2633 4810 2802 4890; x_wconf 87' lang='lat' dir='ltr'><strong>plura</strong></span> <span class='ocrx_word' id='word_1_799' title='bbox 2827 4811 3066 4872; x_wconf 87' lang='lat' dir='ltr'><strong>dicente</strong></span> <span class='ocrx_word' id='word_1_800' title='bbox 3089 4813 3284 4893; x_wconf 90' lang='lat' dir='ltr'><strong>imper</strong></span> <span class='ocrx_word' id='word_1_801' title='bbox 3300 4823 3469 4876; x_wconf 89' lang='lat' dir='ltr'><strong>atore</strong></span> <span class='ocrx_word' id='word_1_802' title='bbox 3492 4823 3647 4875; x_wconf 81' lang='lat' dir='ltr'><strong>etro-</strong></span> 
     </span>
    </p>
   </div>
   <div class='ocr_carea' id='block_1_109' title="bbox 2003 4899 3650 4982">
    <p class='ocr_par' dir='ltr' id='par_1_109' title="bbox 2003 4899 3650 4982">
     <span class='ocr_line' id='line_1_109' title="bbox 2003 4899 3650 4982; baseline 0.002 -22"><span class='ocrx_word' id='word_1_803' title='bbox 2003 4910 2201 4978; x_wconf 85' lang='lat' dir='ltr'><strong>gante,</strong></span> <span class='ocrx_word' id='word_1_804' title='bbox 2230 4909 2288 4962; x_wconf 90' lang='lat' dir='ltr'><strong>et</strong></span> <span class='ocrx_word' id='word_1_805' title='bbox 2313 4901 2498 4981; x_wconf 89' lang='lat' dir='ltr'><strong>pedes</strong></span> <span class='ocrx_word' id='word_1_806' title='bbox 2521 4899 2700 4961; x_wconf 87' lang='lat' dir='ltr'><strong>simul</strong></span> <span class='ocrx_word' id='word_1_807' title='bbox 2728 4900 3153 4982; x_wconf 85' lang='lat' dir='ltr'><strong>prehensante,</strong></span> <span class='ocrx_word' id='word_1_808' title='bbox 3178 4903 3269 4964; x_wconf 88' lang='lat' dir='ltr'><strong>vix</strong></span> <span class='ocrx_word' id='word_1_809' title='bbox 3282 4903 3567 4966; x_wconf 89' lang='lat' dir='ltr'><strong>sustinuit</strong></span> <span class='ocrx_word' id='word_1_810' title='bbox 3584 4910 3650 4965; x_wconf 93' lang='lat' dir='ltr'><strong>ut</strong></span> 
     </span>
    </p>
   </div>
   <div class='ocr_carea' id='block_1_110' title="bbox 2000 4987 3648 5073">
    <p class='ocr_par' dir='ltr' id='par_1_110' title="bbox 2000 4987 3648 5073">
     <span class='ocr_line' id='line_1_110' title="bbox 2000 4987 3648 5073; baseline 0.002 -22"><span class='ocrx_word' id='word_1_811' title='bbox 2000 4990 2113 5051; x_wconf 86' lang='lat' dir='ltr'><strong>sibi</strong></span> <span class='ocrx_word' id='word_1_812' title='bbox 2140 5008 2345 5069; x_wconf 88' lang='lat' dir='ltr'><strong>parum</strong></span> <span class='ocrx_word' id='word_1_813' title='bbox 2370 4990 2581 5050; x_wconf 87' lang='lat' dir='ltr'><strong>saltem</strong></span> <span class='ocrx_word' id='word_1_814' title='bbox 2597 4987 2765 5050; x_wconf 87' lang='lat' dir='ltr'><strong>ﬁeret</strong></span> <span class='ocrx_word' id='word_1_815' title='bbox 2780 4996 3028 5064; x_wconf 89' lang='lat' dir='ltr'><strong>tectum,</strong></span> <span class='ocrx_word' id='word_1_816' title='bbox 3049 4992 3339 5054; x_wconf 85' lang='lat' dir='ltr'><strong>reveritus</strong></span> <span class='ocrx_word' id='word_1_817' title='bbox 3358 4993 3648 5073; x_wconf 81' lang='lat' dir='ltr'><strong>Iacrymas</strong></span> 
     </span>
    </p>
   </div>
   <div class='ocr_carea' id='block_1_111' title="bbox 1999 5077 3648 5163">
    <p class='ocr_par' dir='ltr' id='par_1_111' title="bbox 1999 5077 3648 5163">
     <span class='ocr_line' id='line_1_111' title="bbox 1999 5077 3648 5163; baseline 0.002 -22"><span class='ocrx_word' id='word_1_818' title='bbox 1999 5080 2399 5159; x_wconf 88' lang='lat' dir='ltr'><strong>imperatoris.</strong></span> <span class='ocrx_word' id='word_1_819' title='bbox 2416 5077 2541 5140; x_wconf 87' lang='lat' dir='ltr'><strong>Hoc</strong></span> <span class='ocrx_word' id='word_1_820' title='bbox 2558 5077 2802 5158; x_wconf 91' lang='lat' dir='ltr'><strong>quidem</strong></span> <span class='ocrx_word' id='word_1_821' title='bbox 2823 5079 2947 5158; x_wconf 90' lang='lat' dir='ltr'><strong>jam</strong></span> <span class='ocrx_word' id='word_1_822' title='bbox 2979 5097 3012 5139; x_wconf 91' lang='lat' dir='ltr'><strong>a</strong></span> <span class='ocrx_word' id='word_1_823' title='bbox 3044 5099 3140 5142; x_wconf 92' lang='lat' dir='ltr'><strong>me</strong></span> <span class='ocrx_word' id='word_1_824' title='bbox 3163 5081 3388 5142; x_wconf 91' lang='lat' dir='ltr'><strong>dictum</strong></span> <span class='ocrx_word' id='word_1_825' title='bbox 3409 5092 3521 5163; x_wconf 84' lang='lat' dir='ltr'><strong>est,</strong></span> <span class='ocrx_word' id='word_1_826' title='bbox 3548 5083 3648 5144; x_wconf 90' lang='lat' dir='ltr'><strong>ni-</strong></span> 
     </span>
    </p>
   </div>
   <div class='ocr_carea' id='block_1_112' title="bbox 2001 5168 3644 5251">
    <p class='ocr_par' dir='ltr' id='par_1_112' title="bbox 2001 5168 3644 5251">
     <span class='ocr_line' id='line_1_112' title="bbox 2001 5168 3644 5251; baseline 0.002 -21"><span class='ocrx_word' id='word_1_827' title='bbox 2001 5169 2327 5230; x_wconf 84' lang='lat' dir='ltr'><strong>hilominus</strong></span> <span class='ocrx_word' id='word_1_828' title='bbox 2342 5182 2540 5230; x_wconf 91' lang='lat' dir='ltr'><strong>tamen</strong></span> <span class='ocrx_word' id='word_1_829' title='bbox 2565 5185 2725 5228; x_wconf 87' lang='lat' dir='ltr'><strong>nunc</strong></span> <span class='ocrx_word' id='word_1_830' title='bbox 2740 5186 2978 5248; x_wconf 90' lang='lat' dir='ltr'><strong>quoque</strong></span> <span class='ocrx_word' id='word_1_831' title='bbox 2993 5168 3213 5232; x_wconf 88' lang='lat' dir='ltr'><strong>dicam.</strong></span> <span class='ocrx_word' id='word_1_832' title='bbox 3238 5169 3478 5232; x_wconf 88' lang='lat' dir='ltr'><strong>Nullum</strong></span> <span class='ocrx_word' id='word_1_833' title='bbox 3495 5181 3644 5251; x_wconf 87' lang='lat' dir='ltr'><strong>erat,</strong></span> 
     </span>
    </p>
   </div>
   <div class='ocr_carea' id='block_1_113' title="bbox 2002 5256 3647 5338">
    <p class='ocr_par' dir='ltr' id='par_1_113' title="bbox 2002 5256 3647 5338">
     <span class='ocr_line' id='line_1_113' title="bbox 2002 5256 3647 5338; baseline 0.003 -20"><span class='ocrx_word' id='word_1_834' title='bbox 2002 5277 2114 5320; x_wconf 75' lang='lat' dir='ltr'><strong>nec</strong></span> <span class='ocrx_word' id='word_1_835' title='bbox 2130 5258 2440 5319; x_wconf 84' lang='lat' dir='ltr'><strong>videbatur</strong></span> <span class='ocrx_word' id='word_1_836' title='bbox 2470 5256 2819 5336; x_wconf 88' lang='lat' dir='ltr'><strong>imperatori</strong></span> <span class='ocrx_word' id='word_1_837' title='bbox 2852 5257 3042 5335; x_wconf 86' lang='lat' dir='ltr'><strong>majus</strong></span> <span class='ocrx_word' id='word_1_838' title='bbox 3074 5257 3424 5322; x_wconf 88' lang='lat' dir='ltr'><strong>miraculum</strong></span> <span class='ocrx_word' id='word_1_839' title='bbox 3453 5261 3647 5338; x_wconf 88' lang='lat' dir='ltr'><strong>magni</strong></span> 
     </span>
    </p>
   </div>
   <div class='ocr_carea' id='block_1_114' title="bbox 1999 5345 3647 5430">
    <p class='ocr_par' dir='ltr' id='par_1_114' title="bbox 1999 5345 3647 5430">
     <span class='ocr_line' id='line_1_114' title="bbox 1999 5345 3647 5430; baseline 0.001 -19"><span class='ocrx_word' id='word_1_840' title='bbox 1999 5347 2266 5412; x_wconf 89' lang='lat' dir='ltr'><strong>Danielis</strong></span> <span class='ocrx_word' id='word_1_841' title='bbox 2293 5346 2608 5408; x_wconf 88' lang='lat' dir='ltr'><strong>tolerantia</strong></span> <span class='ocrx_word' id='word_1_842' title='bbox 2639 5354 2700 5406; x_wconf 91' lang='lat' dir='ltr'><strong>et</strong></span> <span class='ocrx_word' id='word_1_843' title='bbox 2721 5345 2861 5409; x_wconf 86' lang='lat' dir='ltr'><strong>vita.</strong></span> <span class='ocrx_word' id='word_1_844' title='bbox 2897 5345 3124 5409; x_wconf 90' lang='lat' dir='ltr'><strong>Omnes</strong></span> <span class='ocrx_word' id='word_1_845' title='bbox 3157 5366 3319 5428; x_wconf 79' lang='lat' dir='ltr'><strong>ergo,</strong></span> <span class='ocrx_word' id='word_1_846' title='bbox 3356 5350 3458 5429; x_wconf 88' lang='lat' dir='ltr'><strong>qui</strong></span> <span class='ocrx_word' id='word_1_847' title='bbox 3489 5351 3647 5430; x_wconf 86' lang='lat' dir='ltr'><strong>apud</strong></span> 
     </span>
    </p>
   </div>
   <div class='ocr_carea' id='block_1_115' title="bbox 2002 5435 3649 5518">
    <p class='ocr_par' dir='ltr' id='par_1_115' title="bbox 2002 5435 3649 5518">
     <span class='ocr_line' id='line_1_115' title="bbox 2002 5435 3649 5518; baseline 0.002 -20"><span class='ocrx_word' id='word_1_848' title='bbox 2002 5456 2135 5498; x_wconf 89' lang='lat' dir='ltr'><strong>eum</strong></span> <span class='ocrx_word' id='word_1_849' title='bbox 2170 5436 2568 5516; x_wconf 81' lang='lat' dir='ltr'><strong>fungebantur</strong></span> <span class='ocrx_word' id='word_1_850' title='bbox 2591 5435 2906 5515; x_wconf 84' lang='lat' dir='ltr'><strong>legatione,</strong></span> <span class='ocrx_word' id='word_1_851' title='bbox 2929 5437 3054 5497; x_wconf 81' lang='lat' dir='ltr'><strong>sive</strong></span> <span class='ocrx_word' id='word_1_852' title='bbox 3078 5446 3278 5499; x_wconf 86' lang='lat' dir='ltr'><strong>essent</strong></span> <span class='ocrx_word' id='word_1_853' title='bbox 3301 5457 3494 5518; x_wconf 87' lang='lat' dir='ltr'><strong>reges,</strong></span> <span class='ocrx_word' id='word_1_854' title='bbox 3523 5439 3649 5502; x_wconf 88' lang='lat' dir='ltr'><strong>sive</strong></span> 
     </span>
    </p>
   </div>
   <div class='ocr_carea' id='block_1_116' title="bbox 1999 5526 3644 5610">
    <p class='ocr_par' dir='ltr' id='par_1_116' title="bbox 1999 5526 3644 5610">
     <span class='ocr_line' id='line_1_116' title="bbox 1999 5526 3644 5610; baseline 0.001 -21"><span class='ocrx_word' id='word_1_855' title='bbox 1999 5527 2200 5610; x_wconf 76' lang='lat' dir='ltr'><strong>legati,</strong></span> <span class='ocrx_word' id='word_1_856' title='bbox 2233 5528 2471 5610; x_wconf 86' lang='lat' dir='ltr'><strong>aliquos</strong></span> <span class='ocrx_word' id='word_1_857' title='bbox 2500 5526 2743 5609; x_wconf 89' lang='lat' dir='ltr'><strong>quidem</strong></span> <span class='ocrx_word' id='word_1_858' title='bbox 2789 5545 2896 5609; x_wconf 89' lang='lat' dir='ltr'><strong>per</strong></span> <span class='ocrx_word' id='word_1_859' title='bbox 2927 5527 3074 5593; x_wconf 88' lang='lat' dir='ltr'><strong>alios</strong></span> <span class='ocrx_word' id='word_1_860' title='bbox 3117 5528 3268 5590; x_wconf 88' lang='lat' dir='ltr'><strong>alios</strong></span> <span class='ocrx_word' id='word_1_861' title='bbox 3299 5547 3434 5592; x_wconf 86' lang='lat' dir='ltr'><strong>vero</strong></span> <span class='ocrx_word' id='word_1_862' title='bbox 3465 5529 3644 5592; x_wconf 88' lang='lat' dir='ltr'><strong>etiam</strong></span> 
     </span>
    </p>
   </div>
  </div>
