4086 6414
443 402 588 472 1011

1599 401 1987 468 ADDENDA.
2059 434 2139 446 —
2207 399 2636 464 DECEMBEB.

3653 385 3812 455 1012

439 557 548 622 per
576 557 642 602 se
673 535 920 602 deduxit
946 531 1019 600 ad
1050 542 1345 600 sanctum.
1374 535 1460 598 illi
1489 553 1630 598 vero
1656 535 1841 614 magis
1870 544 2082 616 stupe-

2180 537 2392 608 ιάζουαι
2427 537 2624 614 ῥῆγας,
2653 532 2775 598 τοὺς
2834 531 2933 607 μὲν
2989 527 3058 587 δι’
3118 526 3332 608 ἑτέρων,
3382 524 3591 622 τοὺςᾍδὶ
3624 527 3708 585 καὶ
3742 523 3812 584 δι’

437 629 582 692 bant
609 629 900 702 videntes,
925 646 1102 705 quam
1124 627 1460 700 audientes,
1483 633 1542 687 et
1561 625 1648 686 sic
1672 624 1948 686 redibant
1973 626 2082 687 be-

442 719 816 791 nedicentes,
835 726 893 779 et
913 716 1112 778 anima
1137 717 1334 778 effecti
1363 714 1666 778 meliores.
1692 714 1862 786 Quod
1887 723 2082 776 autem

351 849 353 851 ι
433 819 502 872 ut
521 809 718 870 futura
746 824 983 888 quoque
1005 806 1254 876 videret,
1281 812 1559 885 tanquam
1580 805 1704 884 jam
1739 807 2079 884 praesentia,

443 916 477 960 a
505 896 743 977 superis
765 904 1097 976 acceperat,
1118 913 1152 956 a
1177 912 1270 955 me
1291 893 1536 970 quidem
1564 894 1686 971 jam
1719 911 1878 974 saepe
1897 912 2082 973 supe-

441 989 570 1049 rius
591 994 898 1048 ostensum
934 992 1046 1047 est.
1070 983 1174 1046 Est
1195 1001 1332 1045 vero
1360 983 1536 1062 hujus
1560 1001 1799 1064 quoque
1832 983 1918 1044 rei
1953 1002 2081 1044 ma-

444 1074 722 1139 nifestum
753 1073 1066 1136 indicium.
1093 1073 1376 1147 Quadam
1405 1073 1561 1134 fama
1583 1074 1643 1134 in
1660 1091 1868 1134 omnes
1893 1081 2086 1153 partes

444 1163 743 1240 manabat,
768 1161 1200 1227 Genserichum
1218 1179 1414 1240 regem
1432 1161 1836 1223 Vandalorum
1862 1162 2084 1225 bellum

442 1271 656 1333 gerere
680 1253 976 1315 adversus
998 1254 1300 1316 Romanos
1323 1269 1534 1328 magno
1551 1263 1842 1332 apparatu
1873 1260 1928 1313 et
1953 1269 2083 1312 ma-

437 1343 574 1423 jore
594 1341 866 1417 audacia,
895 1340 1129 1421 etquod
1147 1341 1272 1420 jam
1305 1357 1438 1399 cum
1473 1357 1685 1416 magna
1723 1357 1900 1401 manu
1941 1357 2081 1419 per-

445 1430 610 1493 venit
641 1428 1091 1502 Alexandriam,
1145 1445 1280 1490 eam
1334 1425 1450 1488 sibi
1479 1429 1683 1488 volens
1715 1427 1854 1489 belli
1885 1428 2083 1490 facere

445 1519 786 1600 praamium.
812 1517 942 1580 Non
965 1535 1174 1599 parum
1208 1534 1349 1595 ergo
1379 1515 1579 1578 animo
1609 1517 1932 1596 angebatur
1955 1535 2083 1579 ma-

447 1609 748 1689 gistratus,
783 1617 842 1670 et
871 1608 1000 1688 ipse
1029 1612 1390 1687 imperator:
1419 1606 1519 1686 qui
1553 1606 1732 1667 etiam
1760 1608 1876 1668 cito
1901 1607 2088 1669 currit

438 1697 521 1761 ad
551 1706 903 1760 consuetum
941 1696 1442 1758 medicamentum
1487 1694 1676 1756 animi
1705 1695 2082 1774 agritudinis,

448 1796 508 1850 et
537 1794 742 1848 sancto
773 1785 988 1846 famam
1014 1783 1326 1863 significat.
1361 1781 1469 1845 Ille
1489 1801 1628 1845 vero
1651 1792 1930 1864 tanquam
1967 1804 2084 1846 non

2166 628 2356 684 ἑαυτοῦ
2384 627 2516 704 πρὸς
2547 623 2639 680 τὸν
2671 622 2818 678 ὅσιον
2849 623 3071 698 ἀνῆγεν.
3111 617 3363 676 Κᾶκεῖνοι
3395 615 3600 691 μᾶλλον
3632 618 3816 692 δμῶν-

2165 737 2252 776 τε(
2306 715 2341 783 ἤ
2399 714 2679 775 ἀκούοντες
2735 709 3144 782 ἱξεπλήττοντο,
3201 708 3288 764 καὶ
3349 706 3513 770 οὕτως
3555 706 3815 783 ὑπέστρε-

2164 827 2262 884 φον
2292 803 2669 881 εύλογούμενοι
2725 801 2810 857 καὶ
2840 801 2938 867 τὴν
2991 798 3179 878 ψυχὴν
3209 795 3448 874 βελτίους
3506 797 3814 874 γενόμενοι.

2163 892 2285 951 ’Ὀτι
2316 891 2370 948 δὲ
2400 893 2487 949 καί
2541 891 2606 947 τὰ
2635 888 2899 966 μέλλοντα
2927 891 3001 953 ὡς
3059 885 3162 955 ἤδη
3212 884 3452 964 παρόντα
3483 888 3610 963 ὁρᾷν
3667 884 3814 941 ἄνων

2163 987 2248 1040 θει
2279 982 2407 1062 εἶχε
2437 980 2647 1060 λαχὼν,
2681 978 2941 1058 πολλαχῆ
2973 977 3072 1052 μὲν
3105 999 3184 1033 τοι
3215 977 3300 1034 καὶ
3329 975 3389 1032 ὲκ
3417 982 3524 1032 τῶν
3575 973 3826 1052 ἀνωτέρω

2165 1070 2457 1142 δεδήλωται
2491 1086 2506 1102 ⁸
2586 1069 2696 1125 ἔστι
2759 1066 2813 1124 δὲ
2870 1070 2958 1124 καὶ
3017 1065 3182 1140 δεῖμα
3239 1063 3430 1144 σαφές,
3491 1063 3661 1138 Φήμη
3733 1085 3822 1126 τις

2168 1168 2447 1240 πανταχοῦ
2473 1157 2658 1238 διέῤῥει
2691 1158 2981 1236 Γιζήριχον
3010 1161 3118 1212 τῶν
3163 1155 3303 1232 ῥῆγα
3339 1159 3448 1210 τῶν
3509 1150 3820 1212 ἰουνδάλων

2168 1241 2450 1322 Ῥωμαίοις
2507 1247 2899 1327 ἓπιστρατεύειν
2972 1243 3154 1320 πο)λῂ
3224 1250 3294 1321 τῇ
3364 1247 3670 1321 παρεσκευῇ
3731 1242 3823 1297 καὶ

2164 1338 2366 1397 πλείονι
2394 1341 2471 1414 τῷ
2496 1337 2675 1416 θράσέι
2705 1339 3010 1417 χρώμενον,
3045 1334 3141 1391 καῖ
3171 1335 3245 1396 ὡς
3295 1331 3398 1402 ἤδη
3425 1333 3524 1400 τὴν
3555 1329 3820 1398 Ἀλεξάν-

2165 1429 2339 1508 δρειαν
2423 1428 2605 1504 βαρείᾳ
2683 1423 3077 1500 καταλαμϐάνει
3163 1425 3310 1504 χειρί
3395 1421 3554 1480 ἆθλον
3632 1422 3824 1479 ἑαυτοῦ

2165 1520 2366 1586 ταύτην
2395 1522 2621 1583 ποιῆσαι
2654 1513 3002 1592 βουλόμενος.
3036 1513 3143 1570 Ἧι
3177 1516 3268 1570 οὗν
3317 1512 3462 1590 ἀγὼν
3514 1515 3574 1570 οὐ
3632 1513 3823 1588 μικρὸς

2166 1621 2283 1673 τοῖς
2341 1607 2396 1662 ἂν
2449 1605 2593 1662 τέλει
2651 1605 2741 1660 καὶ
2797 1603 2940 1678 αὐτῷ
2985 1602 3223 1682 βασιλεῖ,
3258 1604 3314 1665 ὃς
3346 1602 3434 1658 καί
3463 1601 3604 1680 ταχὺ
3643 1601 3731 1656 επὶ
3760 1601 3824 1655 τὸ

2169 1699 2349 1760 εὶωθὸς
2382 1695 2566 1775 τρέχει
2623 1699 2722 1759 τῆς
2787 1690 3020 1775 ἀθυμίας
3076 1692 3376 1772 φάρμακον,
3438 1691 3527 1746 καὶ
3583 1689 3826 1767 γνωρίζει

2167 1789 2245 1862 τῷ
2273 1787 2402 1858 ὁσίῳ
2419 1773 2525 1852 τὴν
2557 1784 2766 1862 φήμην.
2831 1773 2889 1840 Ὀ
2942 1780 2996 1837 δὲ
3051 1781 3230 1858 ὥσπερ
3284 1781 3343 1837 οὗ
3399 1779 3664 1858 προορῶν,
3698 1777 3825 1834 ἀλλ’

446 1875 804 1957 praevidens,
837 1873 944 1937 sed
980 1875 1106 1954 jam
1157 1872 1367 1934 videns
1416 1872 1606 1935 oculis
1653 1891 1722 1934 ea
1752 1891 1888 1949 quae
1917 1883 2088 1936 erant

2180 1875 2228 1931 Eo
2257 1873 2554 1948 ὀφθαλμοῖς
2586 1873 2722 1950 ὀρῶν
2774 1868 2877 1938 ἤδη
2932 1871 3000 1926 τὰ
3058 1867 3464 1957 συμϐησόμενα,
3525 1869 3670 1932 εὐθὺς
3722 1867 3828 1946 ἔφη

444 1973 754 2046 eventura,
776 1964 921 2026 dixit
955 1963 1248 2044 protinus,
1285 1981 1405 2024 non
1431 1961 1623 2024 solum
1655 1963 2089 2026 Gensericbum

446 2050 868 2116 Alexandriam
899 2071 1018 2114 non
1048 2069 1186 2114 esse
1209 2058 1662 2131 occupaturum,
1683 2051 1786 2114 sed
1813 2053 1872 2113 in
1896 2054 2094 2114 omni-

449 2143 565 2206 bus
594 2141 774 2205 etiam
806 2141 963 2216 aliis,
998 2159 1064 2204 re
1095 2140 1337 2221 infecta,
1371 2140 1612 2202 domum
1643 2158 1778 2204 esse
1808 2160 2090 2205 reversu-

447 2250 608 2296 rum.
624 2232 886 2296 Omnino
904 2229 1052 2292 nihil
1076 2247 1227 2310 opus
1246 2237 1336 2290 est
1353 2228 1614 2310 adjicere
1635 2230 1695 2291 id
1720 2229 1879 2310 quod
1897 2232 2096 2293 evenit

449 2321 528 2384 iis
557 2320 660 2399 qui
680 2319 877 2383 virum
903 2331 1156 2382 norunt.
1188 2317 1432 2381 Factum
1459 2327 1548 2380 est
1577 2320 1734 2381 enim
1763 2338 1882 2380 non
1910 2321 2095 2382 multo

449 2417 608 2491 post,
641 2415 795 2471 sicut
827 2408 1024 2472 divina
1055 2407 1314 2469 Danielis
1353 2407 1554 2486 lingua
1597 2409 1890 2488 praedixit.

529 2496 782 2561 XXXIV.
804 2497 1052 2578 Propter
1076 2497 1202 2559 haec
1226 2514 1395 2575 ergo,
1418 2505 1478 2560 et
1499 2497 1684 2558 multa
1717 2497 1832 2559 alia
1865 2499 1956 2560 his
1985 2500 2094 2561 ad-

451 2586 842 2663 mirabiliora,
858 2586 1398 2666 volensimperator
1421 2603 1696 2664 magnum
1721 2592 2094 2650 remunerari

451 2675 788 2756 Danielem,
821 2675 1102 2756 quoniam
1131 2675 1247 2736 alia
1275 2674 1508 2736 ratione
1531 2693 1654 2737 non
1675 2675 1913 2747 licebat,
1933 2686 2100 2757 rogat

452 2773 518 2828 ut
541 2765 639 2827 fiat
659 2764 869 2827 saltem
901 2763 1266 2826 domuncula
1289 2763 1457 2825 illius
1479 2763 1790 2845 discipulis
1820 2786 1833 2828 :
1870 2767 1944 2830 Ut
1985 2768 2093 2830 ha-

446 2854 649 2930 beant,
683 2853 898 2936 inquit,
931 2872 1039 2916 suo
1069 2854 1306 2934 corpori
1337 2852 1790 2916 habitationem.
1839 2855 2095 2920 Sanctus

448 2963 644 3008 vero:
690 2943 754 3007 Si
807 2941 1007 3005 dixisti
1057 2941 1326 3024 quidem,
1375 2942 1592 3023 inquit,
1625 2944 1702 3006 de
1740 2948 2098 3010 exstruendo

454 3033 730 3108 aediﬁcio,
761 3050 884 3094 non
917 3039 1109 3108 potest
1153 3031 1216 3092 id
1270 3031 1412 3093 mihi
1448 3049 1583 3094 esse
1610 3041 1867 3111 gratum.
1897 3037 2102 3117 Neque

453 3123 616 3186 enim
654 3122 829 3184 beato
857 3119 1128 3182 Simeoni
1155 3138 1418 3202 unquam
1450 3120 1656 3183 adfuit.
1700 3122 1789 3184 Tu
1822 3132 2021 3186 autem
2055 3127 2103 3186 si

2179 1967 2238 2022 οὗ
2285 1965 2448 2039 μόνον
2507 1963 2796 2040 Γιζήριχον
2849 1961 2948 2027 τὴν
3011 1956 3406 2037 Ἀλεξάνδρειαν
3468 1959 3590 2039 οὖχὶ
3651 1979 3828 2014 κατα-

2175 2052 2468 2131 λήψεσθαι,
2530 2049 2668 2107 ἀλλὰ
2721 2051 2806 2106 καὶ
2860 2050 2998 2106 κατὰ
3069 2049 3242 2105 πάντα
3315 2045 3484 2104 τᾶλλα
3557 2045 3829 2126 ἄπρακτον

2175 2143 2308 2222 πρὸς
2366 2141 2464 2208 τὴν
2526 2140 2695 2197 οἰκίαν
2725 2137 3092 2208 ἐπαναζεῦξαι.
3153 2137 3370 2198 Πάντως
3423 2134 3570 2194 οὐδὲν
3626 2134 3711 2191 δεῖ
3765 2134 3830 2192 τό

2177 2229 2334 2288 ξιιϐὰν
2363 2227 2702 2310 προστιθέναι
2735 2239 2854 2290 τοῖς
2886 2228 2978 2283 τὸν
3032 2224 3192 2304 ἄνδρα
3246 2225 3588 2303 γινώσκουσιο
3639 2223 3830 2310 γέγονε

2177 2321 2278 2399 γὰρ
2335 2308 2416 2378 οὒή
2451 2320 2588 2392 μετὰ
2645 2315 2782 2374 πολὺ
2839 2316 3014 2380 καθὼς
3071 2317 3106 2384 ἡ
3163 2314 3409 2396 θεοφέρος
3463 2312 3682 2393 γλῶσσα
3737 2308 3834 2370 τοῦ

2183 2406 2385 2474 Δανιὴλ
2415 2407 2828 2486 προηγόρευσεν.

2263 2497 2374 2554 ΛΔ¹
2390 2546 2403 2560 ,
2439 2497 2655 2555 Τούτων
2687 2493 2744 2551 δὲ
2797 2496 2888 2551 οὗν
2915 2492 3012 2550 καὶ*
3056 2491 3234 2549 ἄλλων
3266 2491 3521 2552 πλειόνων
3549 2493 3702 2549 ἕνεκα
3745 2494 3834 2550 καὶ

2179 2586 2628 2662 θαυμασιωτέρων
2699 2581 3001 2658 ἀμείϐεσθαι
3072 2583 3165 2638 τὸν
3247 2582 3416 2660 μέγαν
3487 2583 3515 2639 ὁ
3583 2581 3834 2659 βασιλεὺς

2179 2673 2492 2752 βουληθεὶς,
2555 2673 2669 2731 ἐπεὶ
2727 2672 2902 2737 ἄλλως
2957 2673 3052 2728 οὒκ
3106 2671 3198 2745 ἦν,
3249 2671 3511 2735 οἶκίσκους
3561 2677 3685 2750 γοῦν
3714 2683 3835 2735 τοῖς

2176 2766 2378 2824 ἑκείνου
2437 2768 2713 2839 ματηθαῖς
2783 2762 3026 2838 γενέσθαι
3099 2759 3427 2840 παρακαλεῖ,
3487 2759 3560 2816 ἵν’
3635 2759 3835 2840 ἔχοιεν,

2179 2855 2362 2936 φησὶν,
2428 2856 2502 2917 εἰς
2568 2855 2850 2911 κατοικίαν
2911 2854 3055 2910 οὗτοι
3086 2853 3164 2927 τῷ
3224 2855 3456 2927 σώματι.
3494 2841 3550 2909 Ὀ
3583 2849 3638 2906 δὲ
3691 2849 3836 2914 ὅσιος

2180 2945 2290 3002 ζ’[ἰν
2350 2945 2448 3020 μὶν
2507 2943 2757 3023 εἴρηκας,
2815 2941 2946 3022 φησῖ
3004 2942 3130 3020 πρὸς
3197 2941 3378 3015 αὐτὸν,
3449 2939 3836 2998 καταϐαλὼθαι

2181 3033 2466 3109 οἰκοδομὴν
2502 3033 2562 3092 οὗ
2622 3033 2859 3110 στέργειν
2908 3029 3046 3112 ἔχω’
3109 3029 3226 3088 οὔδε
3285 3031 3386 3109 γὰρ
3443 3033 3521 3104 τῷ
3568 3030 3830 3107 μακαρίτῃ

2188 3125 2410 3199 Συμεὼν
2469 3122 2818 3200 προσεγένετό
2873 3142 3030 3182 ποτε.
3089 3122 3163 3176 Σὺ
3213 3118 3293 3194 δὲ,
3349 3117 3403 3175 εἴ
3434 3120 3482 3174 τί
3513 3142 3605 3195 μοι
3654 3118 3831 3195 βούλει

456 3211 606 3310 velis
628 3209 1139 3310 facere-mihirem
1169 3218 1418 3310 gratam,
1437 3209 1653 3310 festina
1667 3212 1781 3274 huc
1803 3214 2096 3276 adducere

2190 3213 2275 3270 καὶ
2333 3209 2449 3269 καθ’
2521 3210 2718 3278 ἡδονήν
2788 3222 2989 3288 ποιεῖν,
3065 3210 3293 3286 ἀγαγεῖν
3365 3229 3457 3283 μοι
3513 3210 3574 3263 τὸ
3636 3207 3837 3264 ἄκείνου

453 3299 938 3378 illiusreliquias,
955 3309 1013 3361 et
1035 3316 1164 3361 rem
1193 3300 1336 3361 mihi
1361 3300 2101 3382 gratissimam,acceptam

457 3389 568 3452 tibi
578 3389 763 3452 feram
775 3388 1167 3451 .Tunclibens
1171 3387 1345 3467 jubet
1363 3389 1709 3466 imperator:
1721 3397 1840 3450 tum
1855 3398 2102 3452 utsacro

456 3479 671 3541 domus
683 3477 1008 3541 aediﬁcetur
1019 3475 1311 3556 Simeoni,
1330 3485 1468 3537 ante
1479 3476 1820 3538 columnam
1839 3479 2101 3541 Danielis

457 3565 532 3628 ad
561 3564 803 3628 boream
835 3581 852 3628 :
886 3573 1009 3628 tum
1041 3583 1203 3644 vero,
1250 3573 1313 3624 ut
1341 3563 1556 3626 domus
1603 3584 1840 3646 quoque
1889 3568 2102 3629 fierent

455 3653 818 3736 hospitibus,
843 3655 945 3736 qui
969 3653 1043 3715 ad
1067 3660 1330 3714 montem
1359 3653 1783 3728 ascendebant,
1815 3666 1872 3717 et
1903 3657 2102 3736 magni

455 3742 722 3808 Danielis
751 3742 1088 3824 discipulis,
1121 3741 1230 3804 etsi
1253 3741 1309 3803 ei
1339 3751 1580 3804 sanctus
1612 3745 1866 3806 multum
1897 3748 2103 3825 prohi-

452 3831 643 3896 beret.
677 3831 825 3896 Cum
852 3838 1049 3894 autem
1083 3829 1185 3910 qui
1218 3830 1386 3893 missi
1419 3829 1659 3894 fuerant
1686 3833 2102 3919 Antiochiam,

455 3922 543 3984 sic
560 3921 814 4002 jubeute
837 3925 1222 4002 imperatore,
1237 3919 1521 4001 reliquias
1541 3922 1900 4006 attulissent,
1924 3926 2104 4006 signi-

454 4011 668 4073 ficabat
699 4010 939 4092 quidem
975 4027 1222 4089 magnus
1254 4009 1462 4073 Daniel
1508 4011 1792 4090 episcOpo
1818 4015 2004 4088 urbis,
2041 4023 2105 4078 ut

460 4098 743 4181 praedicet
773 4107 832 4162 et
864 4097 1100 4179 publica
1142 4099 1458 4162 annuntiet
1506 4104 1977 4181 exportationem
2011 4115 2102 4167 ta-

454 4188 788 4268 bernaculi,
825 4197 884 4250 et
915 4197 978 4250 ut
1014 4190 1144 4269 ipse
1173 4189 1381 4251 sedeat
1424 4191 1483 4250 in
1535 4191 1804 4252 vehiculo
1842 4193 2103 4273 impera-

455 4281 624 4353 toris,
653 4278 789 4341 sinu
821 4285 1036 4340 tenens
1069 4277 1381 4358 reliquias,
1414 4285 1474 4340 et
1504 4278 1592 4339 sic
1625 4280 1739 4340 iter
1766 4281 1943 4342 faciat
1969 4301 2103 4344 cum

457 4367 703 4449 psalmis
734 4375 792 4429 et
823 4367 1083 4446 hymnis,
1118 4374 1177 4429 et
1211 4384 1347 4428 cum
1380 4384 1480 4428 eas
1511 4365 1825 4429 deduxerit
1845 4369 1918 4428 ad
1945 4379 2105 4431 tem-

459 4458 620 4538 plum
647 4456 872 4518 militiaa
901 4455 1188 4536 principis
1219 4453 1544 4528 Michaelis,
1579 4453 1701 4516 illic
1725 4455 1986 4518 divinam
2015 4477 2107 4519 ce-

456 4545 650 4607 lebret
679 4545 1124 4625 mystagogiam.
1175 4542 1321 4614 Quae
1365 4559 1503 4602 cum
1553 4554 2001 4628 peragerentur,
2045 4555 2105 4610 et

2189 3301 2446 3376 λείψανον
2511 3300 2755 3356 ἰνταυθοῖ
2808 3304 3036 3354 σπεῦσον
3090 3297 3179 3352 καὶ
3233 3302 3409 3352 πᾶσαν
3462 3296 3687 3375 ἀπέχων
3737 3297 3837 3364 τὴν

2185 3388 2418 3464 ἀμοιϐὴν
2490 3388 2809 3466 ἀξιόχρεων,
2887 3387 3018 3444 Τότε
3087 3383 3152 3454 δὴ
3220 3383 3448 3461 ἄσμενος
3524 3387 3553 3442 ὁ
3623 3385 3837 3463 κρατῶν

2184 3477 2455 3535 ἐπιτάττει
2488 3477 2644 3534 τοῦτο
2675 3477 2774 3552 μὲν
2803 3478 2944 3557 ἱερὸν
2995 3475 3150 3532 οἷκον
3201 3475 3278 3550 τῷ
3334 3475 3553 3550 Συμεὼν
3611 3484 3714 3553 προ
3743 3481 3839 3532 τοῦ

2183 3566 2376 3625 στύλου
2441 3564 2648 3634 Δανιὴλ.
2717 3567 2855 3642 πρὸς
2912 3564 3100 3644 βυῤῥαν
3169 3562 3606 3638 οἰκοδομηθῆναι,
3677 3568 3836 3620 τοῦτο

2185 3656 2240 3713 δὲ
2291 3658 2380 3713 καὶ
2434 3657 2626 3719 οἰκείας
2682 3655 2922 3713 θενέσθαι
2987 3667 3108 3718 τοῖς
3165 3655 3400 3712 ἀνιοῦσιν
3459 3651 3544 3710 ἰπὶ
3595 3654 3657 3710 τὸ
3713 3651 3835 3729 ὄρος

2186 3744 2350 3812 ξένοις
2382 3747 2468 3804 καὶ
2526 3758 2642 3809 τοῖς
2703 3745 2988 3818 μαθηταῖς
3045 3750 3137 3801 τοῦ
3189 3743 3450 3821 μεγάλου,
3513 3741 3695 3800 πολλὰ
3747 3742 3838 3798 καὶ

2186 3836 2306 3893 τότε
2337 3837 2467 3914 πρός
2495 3845 2651 3894 τοῦτο
2701 3837 2792 3892 τὸν
2851 3834 2998 3892 ὅσιον
3049 3833 3195 3914 ἔχων
3249 3831 3666 3911 ἀπαγορεύοντα.
3741 3822 3837 3894 Ὠς

2187 3924 2242 3982 δὲ
2271 3929 2457 3982 θᾶττον
2489 3927 2536 3982 οἱ
2563 3925 2652 3982 ἰπὶ
2680 3924 2778 3992 τὴν
2839 3921 3174 4003 Ἀντίόχειαν
3229 3920 3511 3986 σταλέντες
3569 3918 3837 3998 βασιλέως

2187 4015 2325 4072 οὕτω
2355 4011 2888 4093 παρακελευσαμένου
2911 4012 3201 4091 ἀνήγοντο,
3252 4008 3411 4078 δηλοῖ
3454 4010 3552 4086 μὲν
3584 4013 3612 4066 ὁ
3667 4009 3839 4087 μέγας

2186 4109 2267 4176 τῷ
2296 4101 2573 4176 ὲπισκόπῳ
2602 4102 2696 4169 τῆς
2730 4099 2942 4166 πόλεως
2997 4100 3094 4168 τὴν
3151 4097 3480 4174 ἀνακομιδὴν
3537 4105 3629 4156 τοῦ
3694 4100 3840 4168 σκή-

2189 4214 2309 4256 νοος
2369 4192 2595 4270 κηρύξας
2646 4190 2797 4248 αὐτόν
2856 4210 2917 4247 τε
2965 4199 3150 4249 τοῦτον
3203 4188 3296 4245 ἐπὶ
3325 4187 3601 4265 βασιλικου
3628 4189 3840 4244 καθῖσαι

2188 4283 2472 4362 ὸχήματος
2530 4281 2594 4336 τὰ
2651 4279 2878 4355 λείψανα
2933 4291 3048 4345 τοῖς
3103 4276 3327 4344 κόλποις
3398 4279 3839 4358 περικρατοῦντα,

2185 4372 2274 4426 καὶ
2303 4370 2438 4427 οὕτω
2469 4370 2566 4436 τὴν
2599 4370 2812 4448 πορείαν
2841 4367 3083 4444 ψαλμοῖς
3145 4369 3231 4425 καὶ
3287 4367 3471 4444 ὕμνοις
3540 4370 3842 4443 ποιεῖσθαι,

2187 4458 2279 4514 καί
2338 4461 2634 4537 ἀγαγόντας
2703 4460 2832 4536 πρὸς
2902 4461 2964 4515 τὸ
3037 4460 3133 4516 τοῦ
3205 4457 3637 4538 ἂρχιστρατήγου
3698 4457 3844 4526 ἱερὸν

2185 4547 2360 4605 θέσθαι
2417 4548 2534 4604 ἐκεῖ
2588 4549 2687 4617 τὴν
2747 4549 2888 4606 θείαν
2962 4549 3344 4627 μυσταγωγίαν
3405 4546 3838 4612 ἔπιτελέααντας.

463 4651 682 4711 magno
712 4624 774 4695 et
803 4630 1295 4713 splendidissimo
1317 4630 1607 4692 comiratu
1636 4624 2096 4707 deducerentur,

2187 4632 2284 4694 Ὠν
2322 4635 2386 4704 δὴ
2417 4638 2504 4694 καὶ
2545 4636 2879 4711 τελουμένων
2952 4640 3036 4696 καὶ
3068 4624 3164 4694 σὺν
3227 4624 3404 4712 πολλῇ
3458 4638 3545 4693 καὶ
3593 4635 3840 4714 λαμπρο-

461 4720 646 4783 multa
671 4738 778 4800 per
797 4721 1003 4801 ipsein
1031 4719 1282 4782 transitu
1296 4718 1488 4781 facere
1510 4722 1794 4784 miracula
1819 4743 2107 4806 conspec-

459 4818 557 4872 tus
583 4817 675 4871 est
702 4809 988 4872 Dominus
1025 4831 1038 4868 :
1073 4826 1206 4889 quas
1236 4807 1480 4890 quidem
1512 4811 1810 4889 sigillatim
1861 4818 2106 4880 omnino

461 4916 730 4974 narrare,
758 4917 876 4962 non
899 4907 990 4961 est
1003 4897 1315 4980 prmaentis
1339 4901 1645 4980 temporis.
1670 4903 1988 4980 Postquam
2005 4925 2106 4968 au-

461 4997 586 5049 tem
615 4988 793 5053 finem
817 4996 1184 5070 acceperunt
1215 5005 1284 5050 ea
1304 5005 1437 5067 qua;
1462 4989 1840 5068 pertinebant
1863 4994 1933 5056 ad
1954 4997 2101 5058 reli-

461 5076 653 5158 quias,
679 5086 737 5140 et
761 5080 890 5160 ipse
913 5079 1221 5152 sacerdos,
1250 5089 1312 5140 et
1335 5096 1543 5139 omnes
1565 5080 1663 5160 qui
1687 5083 1861 5144 simul
1887 5101 2104 5148 conse-

463 5165 824 5248 quebantur,
857 5187 993 5231 cum
1025 5167 1240 5247 gaudio
1269 5169 1342 5228 ad
1382 5177 1649 5230 sanctum
1680 5173 2101 5252 ascenderunt,

463 5255 751 5318 maximas
782 5258 1132 5319 suavissima
1161 5255 1360 5318 anima
1409 5255 1471 5318 in
1527 5275 1630 5318 eos
1677 5259 1873 5322 verbis
1903 5263 2112 5325 effudit

457 5345 699 5428 gratias,
726 5355 786 5408 et
812 5345 1008 5408 mellis
1031 5347 1350 5426 plurimum
1382 5363 1590 5408 revera
1618 5358 1849 5411 scatere
1879 5351 2018 5414 fecit
2042 5355 2103 5416 in

455 5432 697 5496 illorum
713 5434 951 5510 animis,
977 5433 1053 5497 de
1077 5452 1282 5497 amore
1304 5434 1363 5496 in
1389 5453 1681 5516 pauperes
1704 5447 1760 5498 et
1783 5439 1841 5499 in
1865 5439 2102 5520 fratres,

456 5520 534 5584 de
565 5523 872 5601 charitate,
904 5532 963 5587 et
1007 5523 1270 5604 judicio,
1304 5533 1364 5586 et
1397 5528 1910 5606 renumeratione,
1943 5541 2001 5592 et
2029 5532 2104 5595 de

453 5610 584 5674 aliis
613 5613 957 5693 hujusmodi
991 5613 1148 5696 apud
1181 5632 1286 5676 eos
1316 5612 1494 5676 verba
1531 5614 1778 5680 faciens.

2183 4727 2322 4803 τείτῃ
2356 4724 2632 4808 δορυφορίᾳ
2665 4728 2772 4785 τῶν
2819 4726 3088 4804 λειψάνων
3146 4724 3610 4806 προπεμπομὲνων
3660 4724 3840 4782 πολλὰ

2187 4814 2252 4874 δι’
2312 4821 2484 4877 αὐτῶν
2542 4819 2679 4874 κατὰ
2737 4817 2833 4886 τὴν
2891 4815 3119 4896 πάροδον
3164 4820 3524 4893 τερατουργῶν
3567 4817 3596 4871 ὁ
3649 4815 3841 4893 Κύριος

2186 4904 2524 4964 διεδείκνυτω
2587 4909 2620 4964 ἃ
2649 4906 2714 4976 δὴ
2774 4907 2999 4973 καθεξῆς
3054 4905 3357 4983 διηγεῖσθαι
3407 4904 3622 4968 πάντως
3654 4905 3714 4960 οὗ
3743 4907 3842 4962 τοῦ

2186 4999 2450 5074 παρόντος
2482 5004 2696 5077 καιροῦ.
2760 4996 2910 5054 Ἐπεὶ
2961 4994 3015 5052 δέ
3070 4993 3221 5056 τέλος
3281 4994 3410 5073 εἶχε
3467 4996 3555 5050 καὶ
3612 4993 3674 5049 να
3730 5000 3842 5050 τῶν

2187 5085 2457 5163 λειψάνων
2515 5089 2672 5145 αὐτού
2734 5107 2790 5142 τε
2837 5093 2930 5142 τοῦ
2975 5085 3155 5163 ἱερέως
3205 5084 3295 5140 καί
3346 5084 3560 5142 πάντων
3591 5083 3702 5149 ἅμα
3731 5085 3845 5140 τῶν

2189 5177 2559 5252 συνεπομένων
2591 5176 2682 5231 σὺν
2732 5175 2898 5252 ἠδονῇ
2969 5176 3096 5253 πρὸς
3153 5175 3244 5230 τὸν
3293 5171 3439 5230 ὅσιον
3486 5171 3842 5252 ἀνελθόντων,

2191 5268 2449 5331 τοσαύτας
2509 5268 2680 5323 αὐτῶν
2735 5267 2770 5333 ἠ
2829 5262 3016 5340 ἡδίστη
3075 5263 3229 5344 ψυχὴ
3287 5260 3372 5319 διὰ
3440 5267 3544 5318 τῶν
3603 5263 3843 5342 χαρίτων

2185 5356 2416 5434 κατέχεε
2449 5357 2703 5436 χάριτας,
2741 5355 2831 5410 καί
2866 5363 3148 5412 τοσοῦντον
3177 5355 3238 5409 τὸ
3268 5351 3480 5418 ἀληθῶς
3542 5351 3664 5425 μέλι
3713 5365 3844 5416 ταῖς

2186 5445 2401 5502 ἐκείνων
2433 5451 2642 5524 ψυχαῖς
2675 5444 2994 5523 ἑναπέλυσε,
3054 5445 3170 5521 περὶ
3224 5442 3598 5522 φιλοπτωχίας
3655 5442 3841 5505 αὐτοῖς

2187 5537 2273 5592 καὶ
2337 5531 2686 5613 φιλαδελφίας
2759 5535 2848 5590 καὶ
2905 5533 3120 5610 ἀγάπης
3177 5554 3233 5588 τε
3302 5532 3391 5588 καὶ
3461 5531 3686 5604 κρίσεως
3749 5540 3839 5592 καὶ

2187 5620 2596 5687 ἀνταποδόσεως
2655 5623 2742 5679 καὶ
2773 5627 2878 5679 τῶν
2941 5621 3125 5678 ἄλλων
3155 5628 3258 5678 τῶν
3305 5619 3556 5676 τοιούτων
3587 5618 3834 5686 διαλεξά-

449 5723 635 5794 ξιιενοεςξ
692 5705 784 5761 καί
840 5706 1026 5769 πείσεις
1093 5705 1229 5760 οὕτω
1286 5702 1523 5782 δακρύειν
1577 5704 1657 5787 ὄψ’
1724 5705 1919 5777 ἡδονῆς
1982 5711 2104 5768 ὅσον
2173 5712 2374 5770 ἐκεῖνοι
2451 5711 2603 5790 μόνοι
2659 5713 3010 5794 γινώσκουσιν
3070 5714 3117 5768 οἱ
3171 5716 3276 5770 τῶν
3331 5708 3568 5788 δακρύων
3635 5712 3836 5769 τούτων

450 5789 506 5856 ἰν
549 5791 701 5877 πείρα
726 5795 1105 5884 γεγενημὶνοι.
