  <div class='ocr_page' id='page_1' title='image "/cluster/home/n/w/nwhite01/storage/ocr_20150623/116:no.3/coo.31924054870203/514.png"; bbox 0 0 4086 6444; ppageno 0'>
   <div class='ocr_carea' id='block_1_1' title="bbox 347 408 504 478">
    <p class='ocr_par' dir='ltr' id='par_1_1' title="bbox 347 408 504 478">
     <span class='ocr_line' id='line_1_1' title="bbox 347 408 504 478; baseline -0.013 0"><span class='ocrx_word' id='word_1_1' title='bbox 347 408 504 478; x_wconf 84' lang='grc'><strong>1013</strong></span> 
     </span>
    </p>
   </div>
   <div class='ocr_carea' id='block_1_2' title="bbox 1459 411 2591 478">
    <p class='ocr_par' dir='ltr' id='par_1_2' title="bbox 1459 411 2591 478">
     <span class='ocr_line' id='line_1_2' title="bbox 1459 411 2591 478; baseline -0.001 -1"><span class='ocrx_word' id='word_1_2' title='bbox 1459 412 1646 477; x_wconf 85' lang='lat' dir='ltr'><strong>VITA</strong></span> <span class='ocrx_word' id='word_1_3' title='bbox 1692 411 1753 475; x_wconf 90' lang='lat' dir='ltr'><strong>S.</strong></span> <span class='ocrx_word' id='word_1_4' title='bbox 1811 412 2175 476; x_wconf 86' lang='lat' dir='ltr'><strong>DANIELIS</strong></span> <span class='ocrx_word' id='word_1_5' title='bbox 2216 413 2591 478; x_wconf 62' lang='lat' dir='ltr'><strong>STYLITZE.</strong></span> 
     </span>
    </p>
   </div>
   <div class='ocr_carea' id='block_1_3' title="bbox 3563 423 3712 492">
    <p class='ocr_par' dir='ltr' id='par_1_3' title="bbox 3563 423 3712 492">
     <span class='ocr_line' id='line_1_3' title="bbox 3563 423 3712 492; baseline 0.013 -4"><span class='ocrx_word' id='word_1_6' title='bbox 3563 423 3712 492; x_wconf 83' lang='grc'><strong>1014</strong></span> 
     </span>
    </p>
   </div>
   <div class='ocr_carea' id='block_1_4' title="bbox 423 547 1974 640">
    <p class='ocr_par' dir='ltr' id='par_1_4' title="bbox 423 547 1974 640">
     <span class='ocr_line' id='line_1_4' title="bbox 423 547 1974 640; baseline -0.001 -35"><span class='ocrx_word' id='word_1_7' title='bbox 423 551 550 610; x_wconf 84' lang='lat' dir='ltr'><strong>AE’.</strong></span> <span class='ocrx_word' id='word_1_8' title='bbox 606 551 680 608; x_wconf 76' lang='grc' dir='ltr'><strong>Οὐ</strong></span> <span class='ocrx_word' id='word_1_9' title='bbox 717 547 878 624; x_wconf 85' lang='grc' dir='ltr'>μόνον</span> <span class='ocrx_word' id='word_1_10' title='bbox 941 547 994 604; x_wconf 76' lang='grc' dir='ltr'>δὲ</span> <span class='ocrx_word' id='word_1_11' title='bbox 1040 548 1126 628; x_wconf 71' lang='grc' dir='ltr'>ἐφ’</span> <span class='ocrx_word' id='word_1_12' title='bbox 1153 548 1242 611; x_wconf 83' lang='grc' dir='ltr'><strong>οῖς</strong></span> <span class='ocrx_word' id='word_1_13' title='bbox 1280 549 1436 613; x_wconf 75' lang='grc' dir='ltr'>αὐτὸς</span> <span class='ocrx_word' id='word_1_14' title='bbox 1469 547 1635 604; x_wconf 98' lang='grc' dir='ltr'>ἐποίει</span> <span class='ocrx_word' id='word_1_15' title='bbox 1685 549 1747 605; x_wconf 76' lang='grc' dir='ltr'><strong>τὸ</strong></span> <span class='ocrx_word' id='word_1_16' title='bbox 1800 548 1974 640; x_wconf 68' lang='grc' dir='ltr'>περιὸν</span> 
     </span>
    </p>
   </div>
   <div class='ocr_carea' id='block_1_5' title="bbox 2062 547 3719 640">
    <p class='ocr_par' dir='ltr' id='par_1_5' title="bbox 2067 547 3719 640">
     <span class='ocr_line' id='line_1_5' title="bbox 2067 547 3719 640; baseline 0.008 -31"><span class='ocrx_word' id='word_1_17' title='bbox 2067 636 2083 640; x_wconf 85' lang='lat'>_</span> <span class='ocrx_word' id='word_1_18' title='bbox 2146 547 2540 640; x_wconf 41' lang='grc' dir='ltr'><strong>ΧΧΧῩηΝοη</strong></span> <span class='ocrx_word' id='word_1_19' title='bbox 2573 551 2763 612; x_wconf 90' lang='lat' dir='ltr'><strong>solum</strong></span> <span class='ocrx_word' id='word_1_20' title='bbox 2792 558 2991 616; x_wconf 84' lang='lat' dir='ltr'><strong>autem</strong></span> <span class='ocrx_word' id='word_1_21' title='bbox 3018 555 3082 617; x_wconf 91' lang='lat' dir='ltr'><strong>in</strong></span> <span class='ocrx_word' id='word_1_22' title='bbox 3127 555 3200 618; x_wconf 93' lang='lat' dir='ltr'><strong>iis</strong></span> <span class='ocrx_word' id='word_1_23' title='bbox 3229 575 3360 638; x_wconf 88' lang='lat' dir='ltr'><strong>quae</strong></span> <span class='ocrx_word' id='word_1_24' title='bbox 3390 558 3519 640; x_wconf 89' lang='lat' dir='ltr'><strong>ipse</strong></span> <span class='ocrx_word' id='word_1_25' title='bbox 3541 561 3719 622; x_wconf 85' lang='lat' dir='ltr'><strong>facie&#39;</strong></span> 
     </span>
    </p>
   </div>
   <div class='ocr_carea' id='block_1_6' title="bbox 338 635 1982 719">
    <p class='ocr_par' dir='ltr' id='par_1_6' title="bbox 338 635 1982 719">
     <span class='ocr_line' id='line_1_6' title="bbox 338 635 1982 719; baseline -0.002 -25"><span class='ocrx_word' id='word_1_26' title='bbox 338 635 529 708; x_wconf 74' lang='grc' dir='ltr'>ἐδήλου</span> <span class='ocrx_word' id='word_1_27' title='bbox 588 638 682 705; x_wconf 72' lang='grc' dir='ltr'><strong>τῆς</strong></span> <span class='ocrx_word' id='word_1_28' title='bbox 745 638 962 719; x_wconf 78' lang='grc' dir='ltr'>ἀρετῆς,</span> <span class='ocrx_word' id='word_1_29' title='bbox 1025 637 1162 694; x_wconf 84' lang='grc' dir='ltr'><strong>ἀλλά</strong></span> <span class='ocrx_word' id='word_1_30' title='bbox 1220 638 1305 694; x_wconf 67' lang='grc' dir='ltr'>καὶ</span> <span class='ocrx_word' id='word_1_31' title='bbox 1364 635 1446 717; x_wconf 77' lang='grc' dir='ltr'>ἐφ’</span> <span class='ocrx_word' id='word_1_32' title='bbox 1508 637 1595 696; x_wconf 84' lang='grc' dir='ltr'><strong>οῖς</strong></span> <span class='ocrx_word' id='word_1_33' title='bbox 1647 636 1886 717; x_wconf 75' lang='grc' dir='ltr'>ἔπασχον</span> <span class='ocrx_word' id='word_1_34' title='bbox 1935 637 1982 691; x_wconf 79' lang='grc' dir='ltr'>οἱ</span> 
     </span>
    </p>
   </div>
   <div class='ocr_carea' id='block_1_7' title="bbox 337 725 1981 804">
    <p class='ocr_par' dir='ltr' id='par_1_7' title="bbox 337 725 1981 804">
     <span class='ocr_line' id='line_1_7' title="bbox 337 725 1981 804; baseline -0.001 -22"><span class='ocrx_word' id='word_1_35' title='bbox 337 727 573 798; x_wconf 72' lang='grc' dir='ltr'><strong>κακίζειν</strong></span> <span class='ocrx_word' id='word_1_36' title='bbox 626 727 783 782; x_wconf 76' lang='grc' dir='ltr'>αὖτὸν</span> <span class='ocrx_word' id='word_1_37' title='bbox 842 729 937 784; x_wconf 72' lang='grc' dir='ltr'><strong>οὐκ</strong></span> <span class='ocrx_word' id='word_1_38' title='bbox 1012 725 1368 804; x_wconf 80' lang='grc' dir='ltr'>ἐρυθριῶντες.</span> <span class='ocrx_word' id='word_1_39' title='bbox 1461 726 1613 789; x_wconf 71' lang='lat' dir='ltr'><strong>Ttqu</strong></span> <span class='ocrx_word' id='word_1_40' title='bbox 1669 732 1792 804; x_wconf 78' lang='grc' dir='ltr'>γοῦν</span> <span class='ocrx_word' id='word_1_41' title='bbox 1851 747 1981 782; x_wconf 86' lang='grc' dir='ltr'>ποτε</span> 
     </span>
    </p>
   </div>
   <div class='ocr_carea' id='block_1_8' title="bbox 334 812 1980 895">
    <p class='ocr_par' dir='ltr' id='par_1_8' title="bbox 334 812 1980 895">
     <span class='ocr_line' id='line_1_8' title="bbox 334 812 1980 895; baseline 0 -25"><span class='ocrx_word' id='word_1_42' title='bbox 334 821 440 870; x_wconf 79' lang='grc' dir='ltr'><strong>τῶν</strong></span> <span class='ocrx_word' id='word_1_43' title='bbox 499 813 814 893; x_wconf 80' lang='grc' dir='ltr'>ἐγγιζόντων</span> <span class='ocrx_word' id='word_1_44' title='bbox 873 815 1012 890; x_wconf 75' lang='grc' dir='ltr'>αὖτῷ</span> <span class='ocrx_word' id='word_1_45' title='bbox 1072 813 1326 895; x_wconf 67' lang='grc' dir='ltr'>(ἔσφαλτο</span> <span class='ocrx_word' id='word_1_46' title='bbox 1405 812 1459 869; x_wconf 79' lang='grc' dir='ltr'>δὲ</span> <span class='ocrx_word' id='word_1_47' title='bbox 1535 815 1687 880; x_wconf 80' lang='grc' dir='ltr'>οὗτος</span> <span class='ocrx_word' id='word_1_48' title='bbox 1745 817 1864 893; x_wconf 85' lang='grc' dir='ltr'>περὶ</span> <span class='ocrx_word' id='word_1_49' title='bbox 1920 815 1980 871; x_wconf 80' lang='grc' dir='ltr'>τὸ</span> 
     </span>
    </p>
   </div>
   <div class='ocr_carea' id='block_1_9' title="bbox 333 902 1978 984">
    <p class='ocr_par' dir='ltr' id='par_1_9' title="bbox 333 902 1978 984">
     <span class='ocr_line' id='line_1_9' title="bbox 333 902 1978 984; baseline 0.001 -24"><span class='ocrx_word' id='word_1_50' title='bbox 333 902 518 984; x_wconf 77' lang='grc' dir='ltr'>σέϐας)</span> <span class='ocrx_word' id='word_1_51' title='bbox 579 902 980 980; x_wconf 71' lang='grc' dir='ltr'><strong>λοιδορουμένου</strong></span> <span class='ocrx_word' id='word_1_52' title='bbox 1040 911 1114 978; x_wconf 87' lang='grc' dir='ltr'>τῷ</span> <span class='ocrx_word' id='word_1_53' title='bbox 1192 905 1320 979; x_wconf 83' lang='grc' dir='ltr'>ὁσίῳ</span> <span class='ocrx_word' id='word_1_54' title='bbox 1396 905 1482 960; x_wconf 84' lang='grc' dir='ltr'><strong>καὶ</strong></span> <span class='ocrx_word' id='word_1_55' title='bbox 1538 912 1645 961; x_wconf 84' lang='grc' dir='ltr'>τῶν</span> <span class='ocrx_word' id='word_1_56' title='bbox 1702 906 1978 982; x_wconf 85' lang='grc' dir='ltr'>παρόντων</span> 
     </span>
    </p>
   </div>
   <div class='ocr_carea' id='block_1_10' title="bbox 335 993 1976 1068">
    <p class='ocr_par' dir='ltr' id='par_1_10' title="bbox 335 993 1976 1068">
     <span class='ocr_line' id='line_1_10' title="bbox 335 993 1976 1068; baseline -0.001 -19"><span class='ocrx_word' id='word_1_57' title='bbox 335 995 424 1050; x_wconf 87' lang='grc' dir='ltr'><strong>καὶ</strong></span> <span class='ocrx_word' id='word_1_58' title='bbox 481 993 778 1050; x_wconf 73' lang='grc' dir='ltr'><strong>ἀκουόντων</strong></span> <span class='ocrx_word' id='word_1_59' title='bbox 847 993 1216 1068; x_wconf 81' lang='grc' dir='ltr'><strong>ἐπιτιμώντων</strong></span> <span class='ocrx_word' id='word_1_60' title='bbox 1285 997 1447 1067; x_wconf 73' lang='grc' dir='ltr'>αὖτῷ,</span> <span class='ocrx_word' id='word_1_61' title='bbox 1493 993 1686 1050; x_wconf 78' lang='grc' dir='ltr'><strong>ἔσωθεν</strong></span> <span class='ocrx_word' id='word_1_62' title='bbox 1747 1001 1838 1052; x_wconf 77' lang='grc' dir='ltr'>τοῦ</span> <span class='ocrx_word' id='word_1_63' title='bbox 1885 994 1976 1050; x_wconf 82' lang='grc' dir='ltr'>ἐν·-</span> 
     </span>
    </p>
   </div>
   <div class='ocr_carea' id='block_1_11' title="bbox 336 1081 1977 1163">
    <p class='ocr_par' dir='ltr' id='par_1_11' title="bbox 336 1081 1977 1163">
     <span class='ocr_line' id='line_1_11' title="bbox 336 1081 1977 1163; baseline 0 -25"><span class='ocrx_word' id='word_1_64' title='bbox 336 1081 566 1156; x_wconf 77' lang='grc' dir='ltr'>δύματος</span> <span class='ocrx_word' id='word_1_65' title='bbox 623 1083 779 1146; x_wconf 72' lang='grc' dir='ltr'>αὖτὸς</span> <span class='ocrx_word' id='word_1_66' title='bbox 838 1083 936 1150; x_wconf 73' lang='grc' dir='ltr'>τὴν</span> <span class='ocrx_word' id='word_1_67' title='bbox 993 1095 1160 1162; x_wconf 84' lang='grc' dir='ltr'>χεῖρα</span> <span class='ocrx_word' id='word_1_68' title='bbox 1187 1081 1367 1158; x_wconf 85' lang='grc' dir='ltr'>βαλὼν</span> <span class='ocrx_word' id='word_1_69' title='bbox 1399 1084 1488 1138; x_wconf 85' lang='grc' dir='ltr'><strong>καὶ</strong></span> <span class='ocrx_word' id='word_1_70' title='bbox 1529 1084 1681 1163; x_wconf 76' lang='grc' dir='ltr'>ἰχθὺν</span> <span class='ocrx_word' id='word_1_71' title='bbox 1710 1081 1977 1158; x_wconf 82' lang='grc' dir='ltr'>ὠπτημέ-</span> 
     </span>
    </p>
   </div>
   <div class='ocr_carea' id='block_1_12' title="bbox 340 1170 1979 1250">
    <p class='ocr_par' dir='ltr' id='par_1_12' title="bbox 340 1170 1979 1250">
     <span class='ocr_line' id='line_1_12' title="bbox 340 1170 1979 1250; baseline 0 -24"><span class='ocrx_word' id='word_1_72' title='bbox 340 1193 425 1226; x_wconf 90' lang='grc' dir='ltr'><strong>νον</strong></span> <span class='ocrx_word' id='word_1_73' title='bbox 479 1170 775 1250; x_wconf 79' lang='grc' dir='ltr'>ἐξαγαγὼν,</span> <span class='ocrx_word' id='word_1_74' title='bbox 812 1171 944 1242; x_wconf 81' lang='grc' dir='ltr'>Ἴδε,</span> <span class='ocrx_word' id='word_1_75' title='bbox 977 1175 1130 1250; x_wconf 78' lang='grc' dir='ltr'>φησὶ,</span> <span class='ocrx_word' id='word_1_76' title='bbox 1165 1180 1352 1230; x_wconf 79' lang='grc' dir='ltr'>τοῦτον</span> <span class='ocrx_word' id='word_1_77' title='bbox 1404 1173 1492 1228; x_wconf 83' lang='grc' dir='ltr'><strong>καὶ</strong></span> <span class='ocrx_word' id='word_1_78' title='bbox 1526 1171 1715 1239; x_wconf 69' lang='grc' dir='ltr'>ἄλλους</span> <span class='ocrx_word' id='word_1_79' title='bbox 1747 1171 1979 1235; x_wconf 82' lang='grc' dir='ltr'>πολλοὺς</span> 
     </span>
    </p>
   </div>
   <div class='ocr_carea' id='block_1_13' title="bbox 342 1259 1980 1342">
    <p class='ocr_par' dir='ltr' id='par_1_13' title="bbox 342 1259 1980 1342">
     <span class='ocr_line' id='line_1_13' title="bbox 342 1259 1980 1342; baseline 0 -25"><span class='ocrx_word' id='word_1_80' title='bbox 342 1263 440 1342; x_wconf 76' lang='grc' dir='ltr'><strong>προ</strong></span> <span class='ocrx_word' id='word_1_81' title='bbox 467 1264 562 1317; x_wconf 73' lang='grc' dir='ltr'>τοῦ</span> <span class='ocrx_word' id='word_1_82' title='bbox 591 1259 919 1317; x_wconf 72' lang='grc' dir='ltr'>καταλαϐεῖν</span> <span class='ocrx_word' id='word_1_83' title='bbox 947 1262 1084 1336; x_wconf 80' lang='grc' dir='ltr'>ὑμᾶς</span> <span class='ocrx_word' id='word_1_84' title='bbox 1115 1260 1294 1328; x_wconf 69' lang='grc' dir='ltr'>ἤσθιεν</span> <span class='ocrx_word' id='word_1_85' title='bbox 1349 1263 1376 1317; x_wconf 84' lang='grc' dir='ltr'>ὁ</span> <span class='ocrx_word' id='word_1_86' title='bbox 1412 1261 1537 1340; x_wconf 83' lang='grc' dir='ltr'>παρ’</span> <span class='ocrx_word' id='word_1_87' title='bbox 1584 1263 1712 1334; x_wconf 85' lang='grc' dir='ltr'>ὑμῖν</span> <span class='ocrx_word' id='word_1_88' title='bbox 1769 1274 1980 1341; x_wconf 76' lang='grc' dir='ltr'>κριταῖς</span> 
     </span>
    </p>
   </div>
   <div class='ocr_carea' id='block_1_14' title="bbox 341 1349 1978 1431">
    <p class='ocr_par' dir='ltr' id='par_1_14' title="bbox 341 1349 1978 1431">
     <span class='ocr_line' id='line_1_14' title="bbox 341 1349 1978 1431; baseline 0.001 -25"><span class='ocrx_word' id='word_1_89' title='bbox 341 1350 625 1430; x_wconf 72' lang='grc' dir='ltr'>ἐγκρατής,</span> <span class='ocrx_word' id='word_1_90' title='bbox 692 1351 852 1421; x_wconf 59' lang='lat' dir='ltr'><strong>Eine,</strong></span> <span class='ocrx_word' id='word_1_91' title='bbox 905 1353 990 1407; x_wconf 74' lang='grc' dir='ltr'>ιιαὶ</span> <span class='ocrx_word' id='word_1_92' title='bbox 1036 1350 1178 1415; x_wconf 67' lang='grc' dir='ltr'>εὐθὺς</span> <span class='ocrx_word' id='word_1_93' title='bbox 1225 1351 1259 1419; x_wconf 75' lang='grc' dir='ltr'><strong>ἡ</strong></span> <span class='ocrx_word' id='word_1_94' title='bbox 1291 1349 1410 1417; x_wconf 71' lang='grc' dir='ltr'>δίκη</span> <span class='ocrx_word' id='word_1_95' title='bbox 1442 1353 1532 1407; x_wconf 81' lang='grc' dir='ltr'><strong>τὸν</strong></span> <span class='ocrx_word' id='word_1_96' title='bbox 1576 1350 1734 1431; x_wconf 78' lang='grc' dir='ltr'>ἄνδρα</span> <span class='ocrx_word' id='word_1_97' title='bbox 1765 1352 1978 1428; x_wconf 74' lang='grc' dir='ltr'>μετῄει.</span> 
     </span>
    </p>
   </div>
   <div class='ocr_carea' id='block_1_15' title="bbox 337 1439 1981 1518">
    <p class='ocr_par' dir='ltr' id='par_1_15' title="bbox 337 1439 1981 1518">
     <span class='ocr_line' id='line_1_15' title="bbox 337 1439 1981 1518; baseline -0.001 -21"><span class='ocrx_word' id='word_1_98' title='bbox 337 1440 490 1497; x_wconf 83' lang='grc' dir='ltr'>Ἐπεὶ</span> <span class='ocrx_word' id='word_1_99' title='bbox 547 1440 646 1518; x_wconf 75' lang='grc' dir='ltr'><strong>γὰρ</strong></span> <span class='ocrx_word' id='word_1_100' title='bbox 701 1440 836 1514; x_wconf 82' lang='grc' dir='ltr'>μετὰ</span> <span class='ocrx_word' id='word_1_101' title='bbox 891 1441 1080 1517; x_wconf 78' lang='grc' dir='ltr'>μικρὸν</span> <span class='ocrx_word' id='word_1_102' title='bbox 1144 1441 1296 1504; x_wconf 68' lang='grc' dir='ltr'>αὐτός</span> <span class='ocrx_word' id='word_1_103' title='bbox 1333 1461 1390 1495; x_wconf 90' lang='grc' dir='ltr'><strong>τε</strong></span> <span class='ocrx_word' id='word_1_104' title='bbox 1447 1439 1659 1507; x_wconf 83' lang='grc' dir='ltr'>ἀληθῶς</span> <span class='ocrx_word' id='word_1_105' title='bbox 1722 1439 1981 1516; x_wconf 77' lang='grc' dir='ltr'>μετέλαϐε</span> 
     </span>
    </p>
   </div>
   <div class='ocr_carea' id='block_1_16' title="bbox 337 1527 1978 1610">
    <p class='ocr_par' dir='ltr' id='par_1_16' title="bbox 337 1527 1978 1610">
     <span class='ocr_line' id='line_1_16' title="bbox 337 1527 1978 1610; baseline 0 -25"><span class='ocrx_word' id='word_1_106' title='bbox 337 1535 433 1585; x_wconf 78' lang='grc' dir='ltr'><strong>τοῦ</strong></span> <span class='ocrx_word' id='word_1_107' title='bbox 489 1530 696 1608; x_wconf 72' lang='grc' dir='ltr'>ἰχθύος,</span> <span class='ocrx_word' id='word_1_108' title='bbox 754 1530 841 1584; x_wconf 80' lang='grc' dir='ltr'><strong>καί</strong></span> <span class='ocrx_word' id='word_1_109' title='bbox 898 1529 1102 1606; x_wconf 87' lang='grc' dir='ltr'>γυναικὶ</span> <span class='ocrx_word' id='word_1_110' title='bbox 1161 1529 1247 1584; x_wconf 80' lang='grc' dir='ltr'><strong>καὶ</strong></span> <span class='ocrx_word' id='word_1_111' title='bbox 1304 1528 1509 1593; x_wconf 77' lang='grc' dir='ltr'>τέκνοις</span> <span class='ocrx_word' id='word_1_112' title='bbox 1567 1543 1760 1607; x_wconf 78' lang='grc' dir='ltr'>φαγεῖν</span> <span class='ocrx_word' id='word_1_113' title='bbox 1792 1527 1978 1610; x_wconf 80' lang='grc' dir='ltr'>ἔδωκε,</span> 
     </span>
    </p>
   </div>
   <div class='ocr_carea' id='block_1_17' title="bbox 337 1615 1978 1696">
    <p class='ocr_par' dir='ltr' id='par_1_17' title="bbox 337 1615 1978 1696">
     <span class='ocr_line' id='line_1_17' title="bbox 337 1615 1978 1696; baseline 0.002 -24"><span class='ocrx_word' id='word_1_114' title='bbox 337 1617 500 1693; x_wconf 83' lang='grc' dir='ltr'>μανία</span> <span class='ocrx_word' id='word_1_115' title='bbox 554 1618 768 1679; x_wconf 78' lang='grc' dir='ltr'>τούτους</span> <span class='ocrx_word' id='word_1_116' title='bbox 844 1615 1101 1690; x_wconf 63' lang='grc' dir='ltr'>λαμϐένει</span> <span class='ocrx_word' id='word_1_117' title='bbox 1131 1665 1146 1696; x_wconf 93' lang='grc'><strong>,</strong></span> <span class='ocrx_word' id='word_1_118' title='bbox 1219 1616 1314 1672; x_wconf 71' lang='grc' dir='ltr'>καὶ</span> <span class='ocrx_word' id='word_1_119' title='bbox 1372 1615 1727 1692; x_wconf 76' lang='grc' dir='ltr'>δαιμονῶντες</span> <span class='ocrx_word' id='word_1_120' title='bbox 1786 1627 1978 1683; x_wconf 74' lang='grc' dir='ltr'>πάντες</span> 
     </span>
    </p>
   </div>
   <div class='ocr_carea' id='block_1_18' title="bbox 338 1705 1973 1783">
    <p class='ocr_par' dir='ltr' id='par_1_18' title="bbox 338 1705 1973 1783">
     <span class='ocr_line' id='line_1_18' title="bbox 338 1705 1973 1783; baseline 0 -19"><span class='ocrx_word' id='word_1_121' title='bbox 338 1705 651 1766; x_wconf 74' lang='grc' dir='ltr'>ἐδείκνυιτο.</span> <span class='ocrx_word' id='word_1_122' title='bbox 713 1709 773 1764; x_wconf 76' lang='grc' dir='ltr'><strong>Οἱ</strong></span> <span class='ocrx_word' id='word_1_123' title='bbox 830 1705 1086 1783; x_wconf 76' lang='grc' dir='ltr'>παρόντες</span> <span class='ocrx_word' id='word_1_124' title='bbox 1135 1708 1357 1782; x_wconf 80' lang='grc' dir='ltr'>τοίνυν,</span> <span class='ocrx_word' id='word_1_125' title='bbox 1417 1706 1516 1774; x_wconf 65' lang='grc' dir='ltr'>τῆν</span> <span class='ocrx_word' id='word_1_126' title='bbox 1574 1707 1742 1764; x_wconf 71' lang='grc' dir='ltr'>αἰτίάν</span> <span class='ocrx_word' id='word_1_127' title='bbox 1800 1708 1973 1766; x_wconf 73' lang='grc' dir='ltr'>αἰσθό-</span> 
     </span>
    </p>
   </div>
   <div class='ocr_carea' id='block_1_19' title="bbox 336 1794 1974 1879">
    <p class='ocr_par' dir='ltr' id='par_1_19' title="bbox 336 1794 1974 1879">
     <span class='ocr_line' id='line_1_19' title="bbox 336 1794 1974 1879; baseline 0 -27"><span class='ocrx_word' id='word_1_128' title='bbox 336 1818 490 1872; x_wconf 83' lang='grc' dir='ltr'>μενοι</span> <span class='ocrx_word' id='word_1_129' title='bbox 547 1797 636 1852; x_wconf 86' lang='grc' dir='ltr'><strong>καὶ</strong></span> <span class='ocrx_word' id='word_1_130' title='bbox 692 1800 790 1862; x_wconf 79' lang='grc' dir='ltr'>τῆς</span> <span class='ocrx_word' id='word_1_131' title='bbox 849 1794 1042 1862; x_wconf 77' lang='grc' dir='ltr'>διπλῆς</span> <span class='ocrx_word' id='word_1_132' title='bbox 1115 1796 1306 1871; x_wconf 86' lang='grc' dir='ltr'>μανίας</span> <span class='ocrx_word' id='word_1_133' title='bbox 1358 1805 1540 1879; x_wconf 64' lang='grc' dir='ltr'>τοῦτον</span> <span class='ocrx_word' id='word_1_134' title='bbox 1602 1798 1974 1879; x_wconf 87' lang='grc' dir='ltr'>οἰκτείραντες,</span> 
     </span>
    </p>
   </div>
   <div class='ocr_carea' id='block_1_20' title="bbox 2067 636 3711 723">
    <p class='ocr_par' dir='ltr' id='par_1_20' title="bbox 2067 636 3711 723">
     <span class='ocr_line' id='line_1_20' title="bbox 2067 636 3711 723; baseline 0.007 -23"><span class='ocrx_word' id='word_1_135' title='bbox 2067 636 2547 712; x_wconf 88' lang='lat' dir='ltr'><strong>hat,ostendebat</strong></span> <span class='ocrx_word' id='word_1_136' title='bbox 2571 643 2974 721; x_wconf 83' lang='lat' dir='ltr'><strong>praestantiam</strong></span> <span class='ocrx_word' id='word_1_137' title='bbox 2999 663 3123 708; x_wconf 67' lang='lat' dir='ltr'><strong>suae</strong></span> <span class='ocrx_word' id='word_1_138' title='bbox 3143 636 3507 723; x_wconf 75' lang='lat' dir='ltr'><strong>virtutis,sed</strong></span> <span class='ocrx_word' id='word_1_139' title='bbox 3535 651 3711 712; x_wconf 88' lang='lat' dir='ltr'><strong>etiam</strong></span> 
     </span>
    </p>
   </div>
   <div class='ocr_carea' id='block_1_21' title="bbox 2065 727 3710 816">
    <p class='ocr_par' dir='ltr' id='par_1_21' title="bbox 2065 727 3710 816">
     <span class='ocr_line' id='line_1_21' title="bbox 2065 727 3710 816; baseline 0.009 -27"><span class='ocrx_word' id='word_1_140' title='bbox 2065 727 2126 789; x_wconf 90' lang='lat' dir='ltr'><strong>in</strong></span> <span class='ocrx_word' id='word_1_141' title='bbox 2151 727 2223 790; x_wconf 93' lang='lat' dir='ltr'><strong>iis</strong></span> <span class='ocrx_word' id='word_1_142' title='bbox 2245 749 2377 807; x_wconf 85' lang='lat' dir='ltr'><strong>quae</strong></span> <span class='ocrx_word' id='word_1_143' title='bbox 2391 731 2772 810; x_wconf 80' lang='lat' dir='ltr'><strong>patiebantur</strong></span> <span class='ocrx_word' id='word_1_144' title='bbox 2794 735 2835 795; x_wconf 86' lang='lat' dir='ltr'><strong>ii</strong></span> <span class='ocrx_word' id='word_1_145' title='bbox 2858 735 2960 816; x_wconf 87' lang='lat' dir='ltr'><strong>qui</strong></span> <span class='ocrx_word' id='word_1_146' title='bbox 2978 755 3098 799; x_wconf 90' lang='lat' dir='ltr'><strong>non</strong></span> <span class='ocrx_word' id='word_1_147' title='bbox 3123 737 3559 803; x_wconf 86' lang='lat' dir='ltr'><strong>erubescebant</strong></span> <span class='ocrx_word' id='word_1_148' title='bbox 3576 759 3710 803; x_wconf 90' lang='lat' dir='ltr'><strong>eum</strong></span> 
     </span>
    </p>
   </div>
   <div class='ocr_carea' id='block_1_22' title="bbox 2067 818 3712 911">
    <p class='ocr_par' dir='ltr' id='par_1_22' title="bbox 2067 818 3712 911">
     <span class='ocr_line' id='line_1_22' title="bbox 2067 818 3712 911; baseline 0.008 -32"><span class='ocrx_word' id='word_1_149' title='bbox 2067 818 2401 911; x_wconf 80' lang='lat' dir='ltr'><strong>maledictis</strong></span> <span class='ocrx_word' id='word_1_150' title='bbox 2431 819 2698 911; x_wconf 72' lang='lat' dir='ltr'><strong>insequi.</strong></span> <span class='ocrx_word' id='word_1_151' title='bbox 2732 822 2880 886; x_wconf 89' lang='lat' dir='ltr'><strong>Cum</strong></span> <span class='ocrx_word' id='word_1_152' title='bbox 2914 825 3154 906; x_wconf 90' lang='lat' dir='ltr'><strong>quidam</strong></span> <span class='ocrx_word' id='word_1_153' title='bbox 3198 822 3362 890; x_wconf 79' lang='lat' dir='ltr'><strong>certe</strong></span> <span class='ocrx_word' id='word_1_154' title='bbox 3393 829 3712 911; x_wconf 85' lang='lat' dir='ltr'><strong>aliquando</strong></span> 
     </span>
    </p>
   </div>
   <div class='ocr_carea' id='block_1_23' title="bbox 2065 907 3713 998">
    <p class='ocr_par' dir='ltr' id='par_1_23' title="bbox 2065 907 3713 998">
     <span class='ocr_line' id='line_1_23' title="bbox 2065 907 3713 998; baseline 0.008 -30"><span class='ocrx_word' id='word_1_155' title='bbox 2065 925 2133 968; x_wconf 87' lang='lat' dir='ltr'><strong>ex</strong></span> <span class='ocrx_word' id='word_1_156' title='bbox 2168 907 2368 998; x_wconf 79' lang='lat' dir='ltr'><strong>iisqui</strong></span> <span class='ocrx_word' id='word_1_157' title='bbox 2399 909 2470 970; x_wconf 92' lang='lat' dir='ltr'><strong>ad</strong></span> <span class='ocrx_word' id='word_1_158' title='bbox 2529 928 2663 971; x_wconf 89' lang='lat' dir='ltr'><strong>eum</strong></span> <span class='ocrx_word' id='word_1_159' title='bbox 2716 913 3081 977; x_wconf 79' lang='lat' dir='ltr'><strong>accedebant</strong></span> <span class='ocrx_word' id='word_1_160' title='bbox 3127 917 3348 998; x_wconf 85' lang='lat' dir='ltr'><strong>(fuerat</strong></span> <span class='ocrx_word' id='word_1_161' title='bbox 3376 907 3515 980; x_wconf 78' lang='lat' dir='ltr'><strong>vero</strong></span> <span class='ocrx_word' id='word_1_162' title='bbox 3544 925 3595 980; x_wconf 91' lang='lat' dir='ltr'><strong>is</strong></span> <span class='ocrx_word' id='word_1_163' title='bbox 3620 920 3713 981; x_wconf 83' lang='lat' dir='ltr'><strong>la-</strong></span> 
     </span>
    </p>
   </div>
   <div class='ocr_carea' id='block_1_24' title="bbox 2065 996 3706 1078">
    <p class='ocr_par' dir='ltr' id='par_1_24' title="bbox 2065 996 3706 1078">
     <span class='ocr_line' id='line_1_24' title="bbox 2065 996 3706 1078; baseline 0.01 -23"><span class='ocrx_word' id='word_1_164' title='bbox 2065 1013 2205 1076; x_wconf 90' lang='lat' dir='ltr'><strong>psus</strong></span> <span class='ocrx_word' id='word_1_165' title='bbox 2235 996 2295 1057; x_wconf 91' lang='lat' dir='ltr'><strong>in</strong></span> <span class='ocrx_word' id='word_1_166' title='bbox 2327 1015 2467 1059; x_wconf 87' lang='lat' dir='ltr'><strong>vera</strong></span> <span class='ocrx_word' id='word_1_167' title='bbox 2493 998 2813 1078; x_wconf 79' lang='lat' dir='ltr'><strong>religione)</strong></span> <span class='ocrx_word' id='word_1_168' title='bbox 2833 1012 3102 1065; x_wconf 87' lang='lat' dir='ltr'><strong>sanctum</strong></span> <span class='ocrx_word' id='word_1_169' title='bbox 3138 996 3482 1069; x_wconf 73' lang='lat' dir='ltr'><strong>maledictis</strong></span> <span class='ocrx_word' id='word_1_170' title='bbox 3505 1007 3706 1070; x_wconf 92' lang='lat' dir='ltr'><strong>inces—</strong></span> 
     </span>
    </p>
   </div>
   <div class='ocr_carea' id='block_1_25' title="bbox 2065 1086 3706 1169">
    <p class='ocr_par' dir='ltr' id='par_1_25' title="bbox 2065 1086 3706 1169">
     <span class='ocr_line' id='line_1_25' title="bbox 2065 1086 3706 1169; baseline 0.008 -23"><span class='ocrx_word' id='word_1_171' title='bbox 2065 1091 2246 1163; x_wconf 83' lang='lat' dir='ltr'><strong>seret,</strong></span> <span class='ocrx_word' id='word_1_172' title='bbox 2282 1093 2342 1146; x_wconf 91' lang='lat' dir='ltr'><strong>et</strong></span> <span class='ocrx_word' id='word_1_173' title='bbox 2390 1086 2491 1165; x_wconf 89' lang='lat' dir='ltr'><strong>qui</strong></span> <span class='ocrx_word' id='word_1_174' title='bbox 2551 1088 2800 1151; x_wconf 89' lang='lat' dir='ltr'><strong>aderant</strong></span> <span class='ocrx_word' id='word_1_175' title='bbox 2853 1099 2908 1151; x_wconf 90' lang='lat' dir='ltr'><strong>et</strong></span> <span class='ocrx_word' id='word_1_176' title='bbox 2954 1093 3298 1169; x_wconf 85' lang='lat' dir='ltr'><strong>audiebant,</strong></span> <span class='ocrx_word' id='word_1_177' title='bbox 3335 1113 3470 1157; x_wconf 90' lang='lat' dir='ltr'><strong>eum</strong></span> <span class='ocrx_word' id='word_1_178' title='bbox 3502 1097 3706 1159; x_wconf 91' lang='lat' dir='ltr'><strong>incre-</strong></span> 
     </span>
    </p>
   </div>
   <div class='ocr_carea' id='block_1_26' title="bbox 2069 1174 3703 1255">
    <p class='ocr_par' dir='ltr' id='par_1_26' title="bbox 2069 1174 3703 1255">
     <span class='ocr_line' id='line_1_26' title="bbox 2069 1174 3703 1255; baseline 0.009 -22"><span class='ocrx_word' id='word_1_179' title='bbox 2069 1181 2298 1252; x_wconf 83' lang='lat' dir='ltr'><strong>parent,</strong></span> <span class='ocrx_word' id='word_1_180' title='bbox 2332 1174 2462 1255; x_wconf 91' lang='lat' dir='ltr'><strong>ipse</strong></span> <span class='ocrx_word' id='word_1_181' title='bbox 2506 1194 2643 1238; x_wconf 83' lang='lat' dir='ltr'><strong>cum</strong></span> <span class='ocrx_word' id='word_1_182' title='bbox 2701 1197 2941 1241; x_wconf 89' lang='lat' dir='ltr'><strong>manum</strong></span> <span class='ocrx_word' id='word_1_183' title='bbox 2974 1181 3131 1244; x_wconf 87' lang='lat' dir='ltr'><strong>intra</strong></span> <span class='ocrx_word' id='word_1_184' title='bbox 3160 1183 3574 1247; x_wconf 90' lang='lat' dir='ltr'><strong>indumentum</strong></span> <span class='ocrx_word' id='word_1_185' title='bbox 3605 1187 3703 1247; x_wconf 94' lang='lat' dir='ltr'><strong>in-</strong></span> 
     </span>
    </p>
   </div>
   <div class='ocr_carea' id='block_1_27' title="bbox 2061 1265 3701 1352">
    <p class='ocr_par' dir='ltr' id='par_1_27' title="bbox 2061 1265 3701 1352">
     <span class='ocr_line' id='line_1_27' title="bbox 2061 1265 3701 1352; baseline 0.011 -32"><span class='ocrx_word' id='word_1_186' title='bbox 2061 1265 2309 1352; x_wconf 76' lang='lat' dir='ltr'><strong>jecisset,</strong></span> <span class='ocrx_word' id='word_1_187' title='bbox 2338 1273 2393 1352; x_wconf 84' lang='lat' dir='ltr'><strong>et</strong></span> <span class='ocrx_word' id='word_1_188' title='bbox 2410 1269 2626 1352; x_wconf 88' lang='lat' dir='ltr'><strong>piscem</strong></span> <span class='ocrx_word' id='word_1_189' title='bbox 2649 1280 2901 1330; x_wconf 80' lang='lat' dir='ltr'><strong>assatum</strong></span> <span class='ocrx_word' id='word_1_190' title='bbox 2924 1275 3216 1334; x_wconf 83' lang='lat' dir='ltr'><strong>eduxisset</strong></span> <span class='ocrx_word' id='word_1_191' title='bbox 3241 1293 3253 1326; x_wconf 86' lang='lat'><strong>:</strong></span> <span class='ocrx_word' id='word_1_192' title='bbox 3288 1277 3458 1341; x_wconf 89' lang='lat' dir='ltr'><strong>Ecce.</strong></span> <span class='ocrx_word' id='word_1_193' title='bbox 3491 1281 3701 1352; x_wconf 89' lang='lat' dir='ltr'><strong>inquit,</strong></span> 
     </span>
    </p>
   </div>
   <div class='ocr_carea' id='block_1_28' title="bbox 2065 1350 3701 1443">
    <p class='ocr_par' dir='ltr' id='par_1_28' title="bbox 2065 1350 3701 1443">
     <span class='ocr_line' id='line_1_28' title="bbox 2065 1350 3701 1443; baseline 0.01 -33"><span class='ocrx_word' id='word_1_194' title='bbox 2065 1350 2237 1443; x_wconf 74' lang='lat' dir='ltr'><strong>hunc</strong></span> <span class='ocrx_word' id='word_1_195' title='bbox 2257 1351 2494 1443; x_wconf 78' lang='lat' dir='ltr'><strong>etalios</strong></span> <span class='ocrx_word' id='word_1_196' title='bbox 2519 1353 2737 1416; x_wconf 91' lang='lat' dir='ltr'><strong>multos</strong></span> <span class='ocrx_word' id='word_1_197' title='bbox 2759 1357 3248 1440; x_wconf 86' lang='lat' dir='ltr'><strong>comedebat,qui</strong></span> <span class='ocrx_word' id='word_1_198' title='bbox 3268 1369 3456 1423; x_wconf 84' lang='lat' dir='ltr'><strong>vestro</strong></span> <span class='ocrx_word' id='word_1_199' title='bbox 3472 1350 3701 1443; x_wconf 84' lang='lat' dir='ltr'><strong>judicio</strong></span> 
     </span>
    </p>
   </div>
   <div class='ocr_carea' id='block_1_29' title="bbox 2067 1438 3703 1526">
    <p class='ocr_par' dir='ltr' id='par_1_29' title="bbox 2067 1438 3703 1526">
     <span class='ocr_line' id='line_1_29' title="bbox 2067 1438 3703 1526; baseline 0.008 -27"><span class='ocrx_word' id='word_1_200' title='bbox 2067 1446 2156 1499; x_wconf 90' lang='lat' dir='ltr'><strong>est</strong></span> <span class='ocrx_word' id='word_1_201' title='bbox 2185 1438 2515 1504; x_wconf 80' lang='lat' dir='ltr'><strong>abstinens.</strong></span> <span class='ocrx_word' id='word_1_202' title='bbox 2561 1443 2770 1504; x_wconf 82' lang='lat' dir='ltr'><strong>Statim</strong></span> <span class='ocrx_word' id='word_1_203' title='bbox 2821 1453 3018 1508; x_wconf 88' lang='lat' dir='ltr'><strong>autem</strong></span> <span class='ocrx_word' id='word_1_204' title='bbox 3072 1438 3309 1526; x_wconf 79' lang='lat' dir='ltr'><strong>justitia</strong></span> <span class='ocrx_word' id='word_1_205' title='bbox 3362 1438 3556 1512; x_wconf 83' lang='lat' dir='ltr'><strong>virum</strong></span> <span class='ocrx_word' id='word_1_206' title='bbox 3614 1459 3703 1514; x_wconf 90' lang='lat' dir='ltr'><strong>est</strong></span> 
     </span>
    </p>
   </div>
   <div class='ocr_carea' id='block_1_30' title="bbox 2069 1531 3703 1620">
    <p class='ocr_par' dir='ltr' id='par_1_30' title="bbox 2069 1531 3703 1620">
     <span class='ocr_line' id='line_1_30' title="bbox 2069 1531 3703 1620; baseline 0.01 -33"><span class='ocrx_word' id='word_1_207' title='bbox 2069 1536 2401 1620; x_wconf 78' lang='lat' dir='ltr'><strong>persecuta.</strong></span> <span class='ocrx_word' id='word_1_208' title='bbox 2438 1531 2754 1612; x_wconf 86' lang='lat' dir='ltr'><strong>Postquam</strong></span> <span class='ocrx_word' id='word_1_209' title='bbox 2787 1534 2947 1595; x_wconf 91' lang='lat' dir='ltr'><strong>enim</strong></span> <span class='ocrx_word' id='word_1_210' title='bbox 2981 1543 3039 1597; x_wconf 85' lang='lat' dir='ltr'><strong>et</strong></span> <span class='ocrx_word' id='word_1_211' title='bbox 3068 1537 3195 1617; x_wconf 90' lang='lat' dir='ltr'><strong>ipse</strong></span> <span class='ocrx_word' id='word_1_212' title='bbox 3229 1539 3399 1619; x_wconf 90' lang='lat' dir='ltr'><strong>paulo</strong></span> <span class='ocrx_word' id='word_1_213' title='bbox 3435 1547 3567 1620; x_wconf 88' lang='lat' dir='ltr'><strong>post</strong></span> <span class='ocrx_word' id='word_1_214' title='bbox 3597 1558 3703 1602; x_wconf 91' lang='lat' dir='ltr'><strong>re-</strong></span> 
     </span>
    </p>
   </div>
   <div class='ocr_carea' id='block_1_31' title="bbox 2063 1616 3702 1705">
    <p class='ocr_par' dir='ltr' id='par_1_31' title="bbox 2063 1616 3702 1705">
     <span class='ocr_line' id='line_1_31' title="bbox 2063 1616 3702 1705; baseline 0.01 -29"><span class='ocrx_word' id='word_1_215' title='bbox 2063 1634 2204 1677; x_wconf 90' lang='lat' dir='ltr'><strong>vera</strong></span> <span class='ocrx_word' id='word_1_216' title='bbox 2225 1616 2300 1678; x_wconf 89' lang='lat' dir='ltr'><strong>de</strong></span> <span class='ocrx_word' id='word_1_217' title='bbox 2322 1618 2481 1697; x_wconf 90' lang='lat' dir='ltr'><strong>pisce</strong></span> <span class='ocrx_word' id='word_1_218' title='bbox 2503 1620 2790 1704; x_wconf 85' lang='lat' dir='ltr'><strong>comedit,</strong></span> <span class='ocrx_word' id='word_1_219' title='bbox 2822 1616 3110 1705; x_wconf 73' lang='lat' dir='ltr'><strong>uxorique</strong></span> <span class='ocrx_word' id='word_1_220' title='bbox 3127 1644 3200 1687; x_wconf 92' lang='lat' dir='ltr'><strong>eu</strong></span> <span class='ocrx_word' id='word_1_221' title='bbox 3213 1616 3260 1685; x_wconf 75' lang='lat' dir='ltr'><strong>ru</strong></span> <span class='ocrx_word' id='word_1_222' title='bbox 3286 1616 3454 1691; x_wconf 75' lang='lat' dir='ltr'><strong>dedit</strong></span> <span class='ocrx_word' id='word_1_223' title='bbox 3470 1636 3528 1692; x_wconf 90' lang='lat' dir='ltr'><strong>et</strong></span> <span class='ocrx_word' id='word_1_224' title='bbox 3547 1630 3702 1691; x_wconf 90' lang='lat' dir='ltr'><strong>libe-</strong></span> 
     </span>
    </p>
   </div>
   <div class='ocr_carea' id='block_1_32' title="bbox 2061 1705 3705 1790">
    <p class='ocr_par' dir='ltr' id='par_1_32' title="bbox 2061 1705 3705 1790">
     <span class='ocr_line' id='line_1_32' title="bbox 2061 1705 3705 1790; baseline 0.009 -24"><span class='ocrx_word' id='word_1_225' title='bbox 2061 1705 2146 1766; x_wconf 90' lang='lat' dir='ltr'><strong>ris</strong></span> <span class='ocrx_word' id='word_1_226' title='bbox 2189 1707 2652 1790; x_wconf 79' lang='lat' dir='ltr'><strong>comedendum,</strong></span> <span class='ocrx_word' id='word_1_227' title='bbox 2680 1728 2784 1773; x_wconf 88' lang='lat' dir='ltr'><strong>eos</strong></span> <span class='ocrx_word' id='word_1_228' title='bbox 2807 1712 3029 1775; x_wconf 85' lang='lat' dir='ltr'><strong>invadit</strong></span> <span class='ocrx_word' id='word_1_229' title='bbox 3055 1715 3246 1790; x_wconf 84' lang='lat' dir='ltr'><strong>furor,</strong></span> <span class='ocrx_word' id='word_1_230' title='bbox 3281 1725 3338 1779; x_wconf 92' lang='lat' dir='ltr'><strong>et</strong></span> <span class='ocrx_word' id='word_1_231' title='bbox 3370 1735 3402 1778; x_wconf 91' lang='lat' dir='ltr'><strong>a</strong></span> <span class='ocrx_word' id='word_1_232' title='bbox 3433 1717 3705 1780; x_wconf 74' lang='lat' dir='ltr'><strong>daemone</strong></span> 
     </span>
    </p>
   </div>
   <div class='ocr_carea' id='block_1_33' title="bbox 2062 1795 3702 1885">
    <p class='ocr_par' dir='ltr' id='par_1_33' title="bbox 2062 1795 3702 1885">
     <span class='ocr_line' id='line_1_33' title="bbox 2062 1795 3702 1885; baseline 0.01 -32"><span class='ocrx_word' id='word_1_233' title='bbox 2062 1795 2322 1874; x_wconf 90' lang='lat' dir='ltr'><strong>possessi</strong></span> <span class='ocrx_word' id='word_1_234' title='bbox 2345 1799 2651 1877; x_wconf 89' lang='lat' dir='ltr'><strong>conspecti</strong></span> <span class='ocrx_word' id='word_1_235' title='bbox 2670 1807 2806 1861; x_wconf 89' lang='lat' dir='ltr'><strong>sunt</strong></span> <span class='ocrx_word' id='word_1_236' title='bbox 2826 1800 2898 1862; x_wconf 89' lang='lat' dir='ltr'><strong>ab</strong></span> <span class='ocrx_word' id='word_1_237' title='bbox 2922 1803 3227 1865; x_wconf 90' lang='lat' dir='ltr'><strong>omnibus.</strong></span> <span class='ocrx_word' id='word_1_238' title='bbox 3259 1805 3372 1877; x_wconf 89' lang='lat' dir='ltr'><strong>Qui</strong></span> <span class='ocrx_word' id='word_1_239' title='bbox 3390 1824 3530 1885; x_wconf 85' lang='lat' dir='ltr'><strong>ergo</strong></span> <span class='ocrx_word' id='word_1_240' title='bbox 3553 1807 3702 1869; x_wconf 84' lang='lat' dir='ltr'><strong>ade-</strong></span> 
     </span>
    </p>
   </div>
   <div class='ocr_carea' id='block_1_34' title="bbox 335 1876 1974 1979">
    <p class='ocr_par' dir='ltr' id='par_1_34' title="bbox 335 1876 1974 1963">
     <span class='ocr_line' id='line_1_34' title="bbox 335 1876 1974 1963; baseline -0.001 -21"><span class='ocrx_word' id='word_1_241' title='bbox 335 1885 590 1947; x_wconf 77' lang='grc' dir='ltr'>λαϐόντες</span> <span class='ocrx_word' id='word_1_242' title='bbox 643 1885 824 1962; x_wconf 80' lang='grc' dir='ltr'>ἇίγουσι</span> <span class='ocrx_word' id='word_1_243' title='bbox 886 1887 1018 1963; x_wconf 80' lang='grc' dir='ltr'>πρὸς</span> <span class='ocrx_word' id='word_1_244' title='bbox 1074 1887 1165 1940; x_wconf 76' lang='grc' dir='ltr'><strong>τὸν</strong></span> <span class='ocrx_word' id='word_1_245' title='bbox 1221 1884 1388 1942; x_wconf 79' lang='grc' dir='ltr'>ὅσιον.</span> <span class='ocrx_word' id='word_1_246' title='bbox 1454 1876 1511 1942; x_wconf 77' lang='grc' dir='ltr'><em>Ὀ</em></span> <span class='ocrx_word' id='word_1_247' title='bbox 1570 1884 1622 1940; x_wconf 75' lang='grc' dir='ltr'>δὲ</span> <span class='ocrx_word' id='word_1_248' title='bbox 1679 1887 1757 1960; x_wconf 79' lang='grc' dir='ltr'>μὴ</span> <span class='ocrx_word' id='word_1_249' title='bbox 1811 1887 1974 1960; x_wconf 86' lang='grc' dir='ltr'>μόνον</span> 
     </span>
    </p>
   </div>
   <div class='ocr_carea' id='block_1_35' title="bbox 2062 1876 3702 1979">
    <p class='ocr_par' dir='ltr' id='par_1_35' title="bbox 2062 1876 3702 1979">
     <span class='ocr_line' id='line_1_35' title="bbox 2062 1876 3702 1979; baseline 0.008 -36"><span class='ocrx_word' id='word_1_250' title='bbox 2062 1892 2220 1962; x_wconf 88' lang='lat' dir='ltr'><strong>rant,</strong></span> <span class='ocrx_word' id='word_1_251' title='bbox 2255 1901 2390 1945; x_wconf 91' lang='lat' dir='ltr'><strong>cum</strong></span> <span class='ocrx_word' id='word_1_252' title='bbox 2424 1876 2658 1948; x_wconf 83' lang='lat' dir='ltr'><strong>causam</strong></span> <span class='ocrx_word' id='word_1_253' title='bbox 2719 1890 3073 1979; x_wconf 88' lang='lat' dir='ltr'><strong>sensissent,</strong></span> <span class='ocrx_word' id='word_1_254' title='bbox 3106 1892 3406 1974; x_wconf 88' lang='lat' dir='ltr'><strong>duplicem</strong></span> <span class='ocrx_word' id='word_1_255' title='bbox 3440 1876 3702 1958; x_wconf 66' lang='lat' dir='ltr'><strong>furorem</strong></span> 
     </span>
    </p>
   </div>
   <div class='ocr_carea' id='block_1_36' title="bbox 335 1972 1976 2055">
    <p class='ocr_par' dir='ltr' id='par_1_36' title="bbox 335 1972 1976 2055">
     <span class='ocr_line' id='line_1_36' title="bbox 335 1972 1976 2055; baseline 0.001 -24"><span class='ocrx_word' id='word_1_256' title='bbox 335 1975 505 2055; x_wconf 80' lang='grc' dir='ltr'>πρᾶος</span> <span class='ocrx_word' id='word_1_257' title='bbox 566 1976 698 2052; x_wconf 82' lang='grc' dir='ltr'>πρὸς</span> <span class='ocrx_word' id='word_1_258' title='bbox 755 1976 876 2040; x_wconf 86' lang='grc' dir='ltr'>τοὺς</span> <span class='ocrx_word' id='word_1_259' title='bbox 933 1973 1328 2052; x_wconf 73' lang='grc' dir='ltr'>ἁμαρτάνοντας</span> <span class='ocrx_word' id='word_1_260' title='bbox 1391 1972 1486 2054; x_wconf 83' lang='grc' dir='ltr'>ὢν,</span> <span class='ocrx_word' id='word_1_261' title='bbox 1547 1973 1682 2029; x_wconf 82' lang='grc' dir='ltr'><strong>ἀλλά</strong></span> <span class='ocrx_word' id='word_1_262' title='bbox 1741 1976 1825 2032; x_wconf 75' lang='grc' dir='ltr'><strong>καὶ</strong></span> <span class='ocrx_word' id='word_1_263' title='bbox 1883 1977 1976 2040; x_wconf 79' lang='grc' dir='ltr'><strong>τὰς</strong></span> 
     </span>
    </p>
   </div>
   <div class='ocr_carea' id='block_1_37' title="bbox 335 2063 1976 2144">
    <p class='ocr_par' dir='ltr' id='par_1_37' title="bbox 335 2063 1976 2144">
     <span class='ocr_line' id='line_1_37' title="bbox 335 2063 1976 2144; baseline 0.002 -27"><span class='ocrx_word' id='word_1_264' title='bbox 335 2066 611 2144; x_wconf 65' lang='grc' dir='ltr'>συμφορὰς</span> <span class='ocrx_word' id='word_1_265' title='bbox 669 2064 834 2122; x_wconf 61' lang='grc' dir='ltr'><strong>αὐτιῖῦι⁸</strong></span> <span class='ocrx_word' id='word_1_266' title='bbox 910 2065 983 2127; x_wconf 80' lang='grc' dir='ltr'><strong>εἰς</strong></span> <span class='ocrx_word' id='word_1_267' title='bbox 1066 2063 1366 2121; x_wconf 67' lang='grc' dir='ltr'>τούναντίον</span> <span class='ocrx_word' id='word_1_268' title='bbox 1428 2069 1729 2143; x_wconf 84' lang='grc' dir='ltr'>περιιστῶν,</span> <span class='ocrx_word' id='word_1_269' title='bbox 1792 2064 1976 2134; x_wconf 81' lang='grc' dir='ltr'>ἐπειδὴ</span> 
     </span>
    </p>
   </div>
   <div class='ocr_carea' id='block_1_38' title="bbox 333 2151 1976 2231">
    <p class='ocr_par' dir='ltr' id='par_1_38' title="bbox 333 2151 1976 2231">
     <span class='ocr_line' id='line_1_38' title="bbox 333 2151 1976 2231; baseline 0.001 -21"><span class='ocrx_word' id='word_1_270' title='bbox 333 2153 848 2231; x_wconf 70' lang='grc' dir='ltr'>ἐξομολογουμένους</span> <span class='ocrx_word' id='word_1_271' title='bbox 934 2153 1073 2230; x_wconf 80' lang='grc' dir='ltr'>ἑώρα</span> <span class='ocrx_word' id='word_1_272' title='bbox 1147 2158 1233 2209; x_wconf 86' lang='grc' dir='ltr'>καὶ</span> <span class='ocrx_word' id='word_1_273' title='bbox 1316 2151 1618 2228; x_wconf 79' lang='grc' dir='ltr'>δεομένους,</span> <span class='ocrx_word' id='word_1_274' title='bbox 1693 2153 1976 2230; x_wconf 73' lang='grc' dir='ltr'>εὐξάμενος</span> 
     </span>
    </p>
   </div>
   <div class='ocr_carea' id='block_1_39' title="bbox 332 2240 1975 2321">
    <p class='ocr_par' dir='ltr' id='par_1_39' title="bbox 332 2240 1975 2321">
     <span class='ocr_line' id='line_1_39' title="bbox 332 2240 1975 2321; baseline -0.001 -21"><span class='ocrx_word' id='word_1_275' title='bbox 332 2249 433 2311; x_wconf 74' lang='grc' dir='ltr'>τῆς</span> <span class='ocrx_word' id='word_1_276' title='bbox 492 2265 549 2300; x_wconf 89' lang='grc' dir='ltr'><strong>τε</strong></span> <span class='ocrx_word' id='word_1_277' title='bbox 595 2243 782 2315; x_wconf 82' lang='grc' dir='ltr'>μανίας</span> <span class='ocrx_word' id='word_1_278' title='bbox 821 2241 1129 2312; x_wconf 72' lang='grc' dir='ltr'>ἀπήλλαττε</span> <span class='ocrx_word' id='word_1_279' title='bbox 1182 2250 1268 2297; x_wconf 82' lang='grc' dir='ltr'><strong>καί</strong></span> <span class='ocrx_word' id='word_1_280' title='bbox 1311 2248 1404 2298; x_wconf 80' lang='grc' dir='ltr'>τοῦ</span> <span class='ocrx_word' id='word_1_281' title='bbox 1433 2240 1811 2321; x_wconf 79' lang='grc' dir='ltr'>χαλεπωτέρου</span> <span class='ocrx_word' id='word_1_282' title='bbox 1858 2241 1975 2299; x_wconf 85' lang='grc' dir='ltr'>δαί-</span> 
     </span>
    </p>
   </div>
   <div class='ocr_carea' id='block_1_40' title="bbox 337 2329 1976 2407">
    <p class='ocr_par' dir='ltr' id='par_1_40' title="bbox 337 2329 1976 2407">
     <span class='ocr_line' id='line_1_40' title="bbox 337 2329 1976 2407; baseline -0.001 -18"><span class='ocrx_word' id='word_1_283' title='bbox 337 2355 502 2407; x_wconf 88' lang='grc' dir='ltr'>μονος</span> <span class='ocrx_word' id='word_1_284' title='bbox 559 2331 655 2400; x_wconf 72' lang='grc' dir='ltr'>τῆς</span> <span class='ocrx_word' id='word_1_285' title='bbox 711 2329 1029 2396; x_wconf 77' lang='grc' dir='ltr'>κενοδοξίας.</span> <span class='ocrx_word' id='word_1_286' title='bbox 1091 2331 1159 2389; x_wconf 67' lang='grc' dir='ltr'>Οἳ</span> <span class='ocrx_word' id='word_1_287' title='bbox 1205 2333 1289 2387; x_wconf 77' lang='grc' dir='ltr'>καὶ</span> <span class='ocrx_word' id='word_1_288' title='bbox 1333 2332 1470 2405; x_wconf 84' lang='grc' dir='ltr'>μετὰ</span> <span class='ocrx_word' id='word_1_289' title='bbox 1516 2333 1679 2388; x_wconf 70' lang='grc' dir='ltr'>ταῦτα</span> <span class='ocrx_word' id='word_1_290' title='bbox 1725 2331 1976 2390; x_wconf 70' lang='grc' dir='ltr'>τοσοῦτον</span> 
     </span>
    </p>
   </div>
   <div class='ocr_carea' id='block_1_41' title="bbox 345 2418 1976 2502">
    <p class='ocr_par' dir='ltr' id='par_1_41' title="bbox 345 2418 1976 2502">
     <span class='ocr_line' id='line_1_41' title="bbox 345 2418 1976 2502; baseline 0.001 -26"><span class='ocrx_word' id='word_1_291' title='bbox 345 2421 621 2476; x_wconf 72' lang='grc' dir='ltr'>ἀπώναντο</span> <span class='ocrx_word' id='word_1_292' title='bbox 678 2425 776 2486; x_wconf 75' lang='grc' dir='ltr'><strong>τῆς</strong></span> <span class='ocrx_word' id='word_1_293' title='bbox 836 2419 995 2476; x_wconf 76' lang='grc' dir='ltr'><strong>αὒτοῦ</strong></span> <span class='ocrx_word' id='word_1_294' title='bbox 1051 2420 1330 2496; x_wconf 79' lang='grc' dir='ltr'>θεραπείας</span> <span class='ocrx_word' id='word_1_295' title='bbox 1388 2422 1463 2484; x_wconf 87' lang='grc' dir='ltr'><strong>ὡς</strong></span> <span class='ocrx_word' id='word_1_296' title='bbox 1521 2418 1616 2476; x_wconf 74' lang='grc' dir='ltr'>καῖ</span> <span class='ocrx_word' id='word_1_297' title='bbox 1672 2427 1770 2487; x_wconf 80' lang='grc' dir='ltr'>τὴν</span> <span class='ocrx_word' id='word_1_298' title='bbox 1801 2422 1976 2502; x_wconf 75' lang='grc' dir='ltr'>εὔχα-</span> 
     </span>
    </p>
   </div>
   <div class='ocr_carea' id='block_1_42' title="bbox 340 2505 1976 2586">
    <p class='ocr_par' dir='ltr' id='par_1_42' title="bbox 340 2505 1976 2586">
     <span class='ocr_line' id='line_1_42' title="bbox 340 2505 1976 2586; baseline -0.001 -22"><span class='ocrx_word' id='word_1_299' title='bbox 340 2509 538 2586; x_wconf 78' lang='grc' dir='ltr'>ριστίαν</span> <span class='ocrx_word' id='word_1_300' title='bbox 613 2509 950 2586; x_wconf 79' lang='grc' dir='ltr'>ἀνάγραπτον</span> <span class='ocrx_word' id='word_1_301' title='bbox 1012 2508 1154 2564; x_wconf 80' lang='grc' dir='ltr'>εἶναι</span> <span class='ocrx_word' id='word_1_302' title='bbox 1226 2505 1542 2584; x_wconf 83' lang='grc' dir='ltr'>βουλόμενοι</span> <span class='ocrx_word' id='word_1_303' title='bbox 1618 2507 1828 2586; x_wconf 79' lang='grc' dir='ltr'>ἀργύρῳ</span> <span class='ocrx_word' id='word_1_304' title='bbox 1883 2511 1976 2564; x_wconf 84' lang='grc' dir='ltr'><strong>τὸν</strong></span> 
     </span>
    </p>
   </div>
   <div class='ocr_carea' id='block_1_43' title="bbox 340 2597 1975 2676">
    <p class='ocr_par' dir='ltr' id='par_1_43' title="bbox 340 2597 1975 2676">
     <span class='ocr_line' id='line_1_43' title="bbox 340 2597 1975 2676; baseline 0.001 -24"><span class='ocrx_word' id='word_1_305' title='bbox 340 2597 536 2653; x_wconf 76' lang='grc' dir='ltr'>ἑκεῖνου</span> <span class='ocrx_word' id='word_1_306' title='bbox 594 2601 916 2676; x_wconf 65' lang='grc' dir='ltr'>γαρακτῆρα</span> <span class='ocrx_word' id='word_1_307' title='bbox 973 2598 1236 2676; x_wconf 69' lang='grc' dir='ltr'>τιυπῶσαι,</span> <span class='ocrx_word' id='word_1_308' title='bbox 1298 2598 1385 2653; x_wconf 87' lang='grc' dir='ltr'><strong>καὶ</strong></span> <span class='ocrx_word' id='word_1_309' title='bbox 1443 2597 1658 2660; x_wconf 78' lang='grc' dir='ltr'>ἑαυτοὺς</span> <span class='ocrx_word' id='word_1_310' title='bbox 1709 2598 1809 2653; x_wconf 78' lang='grc' dir='ltr'><strong>ὑπὸ</strong></span> <span class='ocrx_word' id='word_1_311' title='bbox 1855 2598 1975 2661; x_wconf 77' lang='grc' dir='ltr'>τοὺς</span> 
     </span>
    </p>
   </div>
   <div class='ocr_carea' id='block_1_44' title="bbox 334 2684 1975 2765">
    <p class='ocr_par' dir='ltr' id='par_1_44' title="bbox 334 2684 1975 2765">
     <span class='ocr_line' id='line_1_44' title="bbox 334 2684 1975 2765; baseline -0.001 -22"><span class='ocrx_word' id='word_1_312' title='bbox 334 2685 501 2750; x_wconf 81' lang='grc' dir='ltr'>πόδας</span> <span class='ocrx_word' id='word_1_313' title='bbox 546 2690 888 2764; x_wconf 81' lang='grc' dir='ltr'>παραθεῖναι,</span> <span class='ocrx_word' id='word_1_314' title='bbox 917 2686 1118 2764; x_wconf 76' lang='grc' dir='ltr'>γράψαι</span> <span class='ocrx_word' id='word_1_315' title='bbox 1157 2707 1205 2741; x_wconf 80' lang='grc' dir='ltr'><strong>τε</strong></span> <span class='ocrx_word' id='word_1_316' title='bbox 1262 2684 1494 2760; x_wconf 71' lang='grc' dir='ltr'>τοῦνομα</span> <span class='ocrx_word' id='word_1_317' title='bbox 1545 2686 1632 2741; x_wconf 78' lang='grc' dir='ltr'><strong>καὶ</strong></span> <span class='ocrx_word' id='word_1_318' title='bbox 1685 2685 1784 2753; x_wconf 76' lang='grc' dir='ltr'>τὴν</span> <span class='ocrx_word' id='word_1_319' title='bbox 1815 2688 1975 2765; x_wconf 70' lang='grc' dir='ltr'>εὔχα-</span> 
     </span>
    </p>
   </div>
   <div class='ocr_carea' id='block_1_45' title="bbox 336 2773 1975 2854">
    <p class='ocr_par' dir='ltr' id='par_1_45' title="bbox 336 2773 1975 2854">
     <span class='ocr_line' id='line_1_45' title="bbox 336 2773 1975 2854; baseline 0.001 -24"><span class='ocrx_word' id='word_1_320' title='bbox 336 2779 538 2854; x_wconf 82' lang='grc' dir='ltr'>ριστίαν</span> <span class='ocrx_word' id='word_1_321' title='bbox 567 2775 1069 2854; x_wconf 69' lang='grc' dir='ltr'>προσπαραγραψαι,</span> <span class='ocrx_word' id='word_1_322' title='bbox 1102 2777 1189 2830; x_wconf 83' lang='grc' dir='ltr'>καὶ</span> <span class='ocrx_word' id='word_1_323' title='bbox 1221 2774 1360 2849; x_wconf 72' lang='grc' dir='ltr'>αὒτῷ</span> <span class='ocrx_word' id='word_1_324' title='bbox 1396 2781 1472 2848; x_wconf 82' lang='grc' dir='ltr'>τῷ</span> <span class='ocrx_word' id='word_1_325' title='bbox 1530 2776 1621 2830; x_wconf 67' lang='grc' dir='ltr'><strong>τοῦ</strong></span> <span class='ocrx_word' id='word_1_326' title='bbox 1676 2773 1975 2854; x_wconf 86' lang='grc' dir='ltr'>ἀρχιστρα-</span> 
     </span>
    </p>
   </div>
   <div class='ocr_carea' id='block_1_46' title="bbox 331 2862 1976 2942">
    <p class='ocr_par' dir='ltr' id='par_1_46' title="bbox 331 2862 1976 2942">
     <span class='ocr_line' id='line_1_46' title="bbox 331 2862 1976 2942; baseline 0 -22"><span class='ocrx_word' id='word_1_327' title='bbox 331 2863 504 2942; x_wconf 67' lang='grc' dir='ltr'>τήγου</span> <span class='ocrx_word' id='word_1_328' title='bbox 534 2872 642 2938; x_wconf 83' lang='grc' dir='ltr'>ναῷ</span> <span class='ocrx_word' id='word_1_329' title='bbox 673 2867 1012 2940; x_wconf 79' lang='grc' dir='ltr'>παραθεῖναι,</span> <span class='ocrx_word' id='word_1_330' title='bbox 1061 2863 1304 2930; x_wconf 79' lang='grc' dir='ltr'>Τοσαύτη</span> <span class='ocrx_word' id='word_1_331' title='bbox 1335 2863 1387 2919; x_wconf 80' lang='grc' dir='ltr'>δὲ</span> <span class='ocrx_word' id='word_1_332' title='bbox 1420 2867 1481 2932; x_wconf 79' lang='grc' dir='ltr'>ἦν</span> <span class='ocrx_word' id='word_1_333' title='bbox 1535 2862 1588 2917; x_wconf 86' lang='grc' dir='ltr'><strong>ἐν</strong></span> <span class='ocrx_word' id='word_1_334' title='bbox 1618 2875 1737 2928; x_wconf 83' lang='grc' dir='ltr'>τοῖς</span> <span class='ocrx_word' id='word_1_335' title='bbox 1770 2862 1976 2940; x_wconf 69' lang='grc' dir='ltr'>γείλεσι</span> 
     </span>
    </p>
   </div>
   <div class='ocr_carea' id='block_1_47' title="bbox 327 2951 1974 3032">
    <p class='ocr_par' dir='ltr' id='par_1_47' title="bbox 327 2951 1974 3032">
     <span class='ocr_line' id='line_1_47' title="bbox 327 2951 1974 3032; baseline -0.001 -23"><span class='ocrx_word' id='word_1_336' title='bbox 327 2956 407 3028; x_wconf 79' lang='grc' dir='ltr'><strong>τῷ</strong></span> <span class='ocrx_word' id='word_1_337' title='bbox 457 2955 700 3032; x_wconf 80' lang='grc' dir='ltr'>μακαρίῳ</span> <span class='ocrx_word' id='word_1_338' title='bbox 759 2954 946 3028; x_wconf 85' lang='grc' dir='ltr'>πειθὼ,</span> <span class='ocrx_word' id='word_1_339' title='bbox 1010 2953 1098 3008; x_wconf 83' lang='grc' dir='ltr'><strong>καί</strong></span> <span class='ocrx_word' id='word_1_340' title='bbox 1160 2951 1326 3016; x_wconf 72' lang='grc' dir='ltr'>οὕτως</span> <span class='ocrx_word' id='word_1_341' title='bbox 1357 2954 1384 3008; x_wconf 86' lang='grc' dir='ltr'>ὁ</span> <span class='ocrx_word' id='word_1_342' title='bbox 1415 2951 1576 3030; x_wconf 81' lang='grc' dir='ltr'>λόγος</span> <span class='ocrx_word' id='word_1_343' title='bbox 1609 2951 1750 3026; x_wconf 72' lang='grc' dir='ltr'><strong>αὖτῷ</strong></span> <span class='ocrx_word' id='word_1_344' title='bbox 1782 2959 1974 3028; x_wconf 80' lang='grc' dir='ltr'>μικροῦ</span> 
     </span>
    </p>
   </div>
   <div class='ocr_carea' id='block_1_48' title="bbox 327 3040 1975 3121">
    <p class='ocr_par' dir='ltr' id='par_1_48' title="bbox 327 3040 1975 3121">
     <span class='ocr_line' id='line_1_48' title="bbox 327 3040 1975 3121; baseline -0.002 -21"><span class='ocrx_word' id='word_1_345' title='bbox 327 3049 408 3116; x_wconf 81' lang='grc' dir='ltr'>τῷ</span> <span class='ocrx_word' id='word_1_346' title='bbox 435 3045 534 3120; x_wconf 77' lang='grc' dir='ltr'><strong>βίῳ</strong></span> <span class='ocrx_word' id='word_1_347' title='bbox 569 3045 752 3099; x_wconf 78' lang='grc' dir='ltr'>ταυτὸν</span> <span class='ocrx_word' id='word_1_348' title='bbox 800 3040 1024 3110; x_wconf 73' lang='grc' dir='ltr'>ἠδύνατο</span> <span class='ocrx_word' id='word_1_349' title='bbox 1075 3040 1249 3106; x_wconf 80' lang='grc' dir='ltr'>θέλξαι</span> <span class='ocrx_word' id='word_1_350' title='bbox 1302 3042 1488 3121; x_wconf 77' lang='grc' dir='ltr'>ψυχὴν</span> <span class='ocrx_word' id='word_1_351' title='bbox 1518 3042 1606 3096; x_wconf 84' lang='grc' dir='ltr'><strong>καὶ</strong></span> <span class='ocrx_word' id='word_1_352' title='bbox 1635 3054 1820 3098; x_wconf 82' lang='grc' dir='ltr'>πεῖσαι</span> <span class='ocrx_word' id='word_1_353' title='bbox 1875 3042 1975 3108; x_wconf 75' lang='grc' dir='ltr'>τὴν</span> 
     </span>
    </p>
   </div>
   <div class='ocr_carea' id='block_1_49' title="bbox 328 3129 1972 3213">
    <p class='ocr_par' dir='ltr' id='par_1_49' title="bbox 328 3129 1972 3213">
     <span class='ocr_line' id='line_1_49' title="bbox 328 3129 1972 3213; baseline -0.002 -23"><span class='ocrx_word' id='word_1_354' title='bbox 328 3137 524 3200; x_wconf 80' lang='grc' dir='ltr'>στενὴν</span> <span class='ocrx_word' id='word_1_355' title='bbox 569 3133 774 3189; x_wconf 75' lang='grc' dir='ltr'>ἑλέσθαι</span> <span class='ocrx_word' id='word_1_356' title='bbox 820 3131 961 3213; x_wconf 78' lang='grc' dir='ltr'>ὁδὸν,</span> <span class='ocrx_word' id='word_1_357' title='bbox 1009 3131 1147 3188; x_wconf 81' lang='grc' dir='ltr'>ὥστε</span> <span class='ocrx_word' id='word_1_358' title='bbox 1205 3132 1264 3188; x_wconf 74' lang='grc' dir='ltr'>οὒ</span> <span class='ocrx_word' id='word_1_359' title='bbox 1324 3133 1484 3205; x_wconf 83' lang='grc' dir='ltr'>μόνον</span> <span class='ocrx_word' id='word_1_360' title='bbox 1536 3134 1656 3194; x_wconf 81' lang='grc' dir='ltr'>τοὺς</span> <span class='ocrx_word' id='word_1_361' title='bbox 1700 3129 1786 3187; x_wconf 84' lang='grc' dir='ltr'><strong>ἐπ’</strong></span> <span class='ocrx_word' id='word_1_362' title='bbox 1847 3132 1972 3187; x_wconf 69' lang='grc' dir='ltr'>αὐτὸ</span> 
     </span>
    </p>
   </div>
   <div class='ocr_carea' id='block_1_50' title="bbox 326 3219 1973 3298">
    <p class='ocr_par' dir='ltr' id='par_1_50' title="bbox 326 3219 1973 3298">
     <span class='ocr_line' id='line_1_50' title="bbox 326 3219 1973 3298; baseline -0.002 -20"><span class='ocrx_word' id='word_1_363' title='bbox 326 3229 486 3279; x_wconf 79' lang='grc' dir='ltr'>τοῦτο</span> <span class='ocrx_word' id='word_1_364' title='bbox 517 3223 646 3298; x_wconf 81' lang='grc' dir='ltr'>πρὸς</span> <span class='ocrx_word' id='word_1_365' title='bbox 677 3223 832 3278; x_wconf 74' lang='grc' dir='ltr'>αὖτὸν</span> <span class='ocrx_word' id='word_1_366' title='bbox 862 3221 1105 3281; x_wconf 81' lang='grc' dir='ltr'>ἀνιόντας</span> <span class='ocrx_word' id='word_1_367' title='bbox 1137 3220 1172 3287; x_wconf 71' lang='grc' dir='ltr'>ἢ</span> <span class='ocrx_word' id='word_1_368' title='bbox 1204 3222 1292 3276; x_wconf 85' lang='grc' dir='ltr'><strong>καὶ</strong></span> <span class='ocrx_word' id='word_1_369' title='bbox 1344 3219 1520 3284; x_wconf 75' lang='grc' dir='ltr'>ἄλλως</span> <span class='ocrx_word' id='word_1_370' title='bbox 1569 3220 1825 3281; x_wconf 71' lang='grc' dir='ltr'>ἐπιεικεῖς</span> <span class='ocrx_word' id='word_1_371' title='bbox 1884 3222 1973 3275; x_wconf 80' lang='grc' dir='ltr'><strong>καὶ</strong></span> 
     </span>
    </p>
   </div>
   <div class='ocr_carea' id='block_1_51' title="bbox 2063 1973 3704 2056">
    <p class='ocr_par' dir='ltr' id='par_1_51' title="bbox 2063 1973 3704 2056">
     <span class='ocr_line' id='line_1_51' title="bbox 2063 1973 3704 2056; baseline 0.009 -25"><span class='ocrx_word' id='word_1_372' title='bbox 2063 1973 2461 2049; x_wconf 86' lang='lat' dir='ltr'><strong>miserati,eos</strong></span> <span class='ocrx_word' id='word_1_373' title='bbox 2493 1976 2793 2056; x_wconf 87' lang='lat' dir='ltr'><strong>accipiunt</strong></span> <span class='ocrx_word' id='word_1_374' title='bbox 2825 1986 2884 2040; x_wconf 92' lang='lat' dir='ltr'><strong>et</strong></span> <span class='ocrx_word' id='word_1_375' title='bbox 2912 1978 3140 2043; x_wconf 90' lang='lat' dir='ltr'><strong>ducunt</strong></span> <span class='ocrx_word' id='word_1_376' title='bbox 3163 1973 3232 2042; x_wconf 83' lang='lat' dir='ltr'><strong>ad</strong></span> <span class='ocrx_word' id='word_1_377' title='bbox 3267 1990 3558 2047; x_wconf 89' lang='lat' dir='ltr'><strong>sanctum.</strong></span> <span class='ocrx_word' id='word_1_378' title='bbox 3593 1983 3704 2046; x_wconf 93' lang='lat' dir='ltr'><strong>Ille</strong></span> 
     </span>
    </p>
   </div>
   <div class='ocr_carea' id='block_1_52' title="bbox 2063 2066 3697 2151">
    <p class='ocr_par' dir='ltr' id='par_1_52' title="bbox 2063 2066 3697 2151">
     <span class='ocr_line' id='line_1_52' title="bbox 2063 2066 3697 2151; baseline 0.009 -31"><span class='ocrx_word' id='word_1_379' title='bbox 2063 2077 2201 2151; x_wconf 83' lang='lat' dir='ltr'><strong>vero</strong></span> <span class='ocrx_word' id='word_1_380' title='bbox 2231 2079 2366 2151; x_wconf 88' lang='lat' dir='ltr'><strong>cum</strong></span> <span class='ocrx_word' id='word_1_381' title='bbox 2399 2082 2517 2125; x_wconf 91' lang='lat' dir='ltr'><strong>non</strong></span> <span class='ocrx_word' id='word_1_382' title='bbox 2547 2066 2735 2128; x_wconf 89' lang='lat' dir='ltr'><strong>solum</strong></span> <span class='ocrx_word' id='word_1_383' title='bbox 2769 2076 2926 2130; x_wconf 89' lang='lat' dir='ltr'><strong>esset</strong></span> <span class='ocrx_word' id='word_1_384' title='bbox 2955 2069 3116 2130; x_wconf 91' lang='lat' dir='ltr'><strong>mitis</strong></span> <span class='ocrx_word' id='word_1_385' title='bbox 3159 2088 3300 2150; x_wconf 82' lang='lat' dir='ltr'><strong>erga</strong></span> <span class='ocrx_word' id='word_1_386' title='bbox 3333 2080 3697 2151; x_wconf 88' lang='lat' dir='ltr'><strong>peccatores,</strong></span> 
     </span>
    </p>
   </div>
   <div class='ocr_carea' id='block_1_53' title="bbox 2060 2149 3696 2237">
    <p class='ocr_par' dir='ltr' id='par_1_53' title="bbox 2060 2149 3696 2237">
     <span class='ocr_line' id='line_1_53' title="bbox 2060 2149 3696 2237; baseline 0.008 -27"><span class='ocrx_word' id='word_1_387' title='bbox 2060 2149 2164 2210; x_wconf 89' lang='lat' dir='ltr'><strong>sed</strong></span> <span class='ocrx_word' id='word_1_388' title='bbox 2197 2149 2380 2212; x_wconf 88' lang='lat' dir='ltr'><strong>etiam</strong></span> <span class='ocrx_word' id='word_1_389' title='bbox 2412 2153 2783 2217; x_wconf 84' lang='lat' dir='ltr'><strong>calamitates</strong></span> <span class='ocrx_word' id='word_1_390' title='bbox 2814 2166 3188 2220; x_wconf 81' lang='lat' dir='ltr'><strong>converteret</strong></span> <span class='ocrx_word' id='word_1_391' title='bbox 3217 2149 3278 2220; x_wconf 86' lang='lat' dir='ltr'><strong>in</strong></span> <span class='ocrx_word' id='word_1_392' title='bbox 3308 2149 3696 2237; x_wconf 79' lang='lat' dir='ltr'><strong>contrarium,</strong></span> 
     </span>
    </p>
   </div>
   <div class='ocr_carea' id='block_1_54' title="bbox 2061 2241 3702 2327">
    <p class='ocr_par' dir='ltr' id='par_1_54' title="bbox 2061 2241 3702 2327">
     <span class='ocr_line' id='line_1_54' title="bbox 2061 2241 3702 2327; baseline 0.009 -30"><span class='ocrx_word' id='word_1_393' title='bbox 2061 2247 2373 2327; x_wconf 86' lang='lat' dir='ltr'><strong>postquam</strong></span> <span class='ocrx_word' id='word_1_394' title='bbox 2392 2241 2536 2304; x_wconf 87' lang='lat' dir='ltr'><strong>vidit</strong></span> <span class='ocrx_word' id='word_1_395' title='bbox 2560 2244 2934 2322; x_wconf 81' lang='lat' dir='ltr'><strong>confitentes,</strong></span> <span class='ocrx_word' id='word_1_396' title='bbox 2964 2255 3261 2327; x_wconf 87' lang='lat' dir='ltr'><strong>precatus,</strong></span> <span class='ocrx_word' id='word_1_397' title='bbox 3309 2267 3411 2310; x_wconf 90' lang='lat' dir='ltr'><strong>eos</strong></span> <span class='ocrx_word' id='word_1_398' title='bbox 3433 2250 3702 2312; x_wconf 85' lang='lat' dir='ltr'><strong>liberavit</strong></span> 
     </span>
    </p>
   </div>
   <div class='ocr_carea' id='block_1_55' title="bbox 2061 2326 3704 2416">
    <p class='ocr_par' dir='ltr' id='par_1_55' title="bbox 2061 2326 3704 2416">
     <span class='ocr_line' id='line_1_55' title="bbox 2061 2326 3704 2416; baseline 0.007 -27"><span class='ocrx_word' id='word_1_399' title='bbox 2061 2345 2096 2389; x_wconf 86' lang='lat' dir='ltr'><strong>a</strong></span> <span class='ocrx_word' id='word_1_400' title='bbox 2125 2326 2348 2404; x_wconf 83' lang='lat' dir='ltr'><strong>furore,</strong></span> <span class='ocrx_word' id='word_1_401' title='bbox 2383 2339 2442 2392; x_wconf 91' lang='lat' dir='ltr'><strong>et</strong></span> <span class='ocrx_word' id='word_1_402' title='bbox 2472 2350 2506 2392; x_wconf 91' lang='lat' dir='ltr'><strong>a</strong></span> <span class='ocrx_word' id='word_1_403' title='bbox 2536 2333 2804 2411; x_wconf 85' lang='lat' dir='ltr'><strong>graviore</strong></span> <span class='ocrx_word' id='word_1_404' title='bbox 2833 2326 3130 2411; x_wconf 64' lang='lat' dir='ltr'><strong>dwuione,</strong></span> <span class='ocrx_word' id='word_1_405' title='bbox 3193 2355 3409 2416; x_wconf 91' lang='lat' dir='ltr'><strong>nempe</strong></span> <span class='ocrx_word' id='word_1_406' title='bbox 3465 2357 3499 2400; x_wconf 91' lang='lat' dir='ltr'><strong>a</strong></span> <span class='ocrx_word' id='word_1_407' title='bbox 3549 2341 3704 2401; x_wconf 89' lang='lat' dir='ltr'><strong>mala</strong></span> 
     </span>
    </p>
   </div>
   <div class='ocr_carea' id='block_1_56' title="bbox 2065 2419 3706 2503">
    <p class='ocr_par' dir='ltr' id='par_1_56' title="bbox 2065 2419 3706 2503">
     <span class='ocr_line' id='line_1_56' title="bbox 2065 2419 3706 2503; baseline 0.009 -27"><span class='ocrx_word' id='word_1_408' title='bbox 2065 2419 2368 2497; x_wconf 89' lang='lat' dir='ltr'><strong>opinione.</strong></span> <span class='ocrx_word' id='word_1_409' title='bbox 2397 2419 2511 2492; x_wconf 86' lang='lat' dir='ltr'><strong>Qui</strong></span> <span class='ocrx_word' id='word_1_410' title='bbox 2543 2422 2719 2484; x_wconf 91' lang='lat' dir='ltr'><strong>etiam</strong></span> <span class='ocrx_word' id='word_1_411' title='bbox 2755 2431 2956 2503; x_wconf 86' lang='lat' dir='ltr'><strong>postea</strong></span> <span class='ocrx_word' id='word_1_412' title='bbox 2987 2433 3213 2487; x_wconf 87' lang='lat' dir='ltr'><strong>tantum</strong></span> <span class='ocrx_word' id='word_1_413' title='bbox 3247 2426 3504 2488; x_wconf 89' lang='lat' dir='ltr'><strong>fructum</strong></span> <span class='ocrx_word' id='word_1_414' title='bbox 3537 2446 3706 2491; x_wconf 87' lang='lat' dir='ltr'><strong>acce-</strong></span> 
     </span>
    </p>
   </div>
   <div class='ocr_carea' id='block_1_57' title="bbox 2064 2509 3710 2588">
    <p class='ocr_par' dir='ltr' id='par_1_57' title="bbox 2064 2509 3710 2588">
     <span class='ocr_line' id='line_1_57' title="bbox 2064 2509 3710 2588; baseline 0.008 -22"><span class='ocrx_word' id='word_1_415' title='bbox 2064 2513 2282 2586; x_wconf 88' lang='lat' dir='ltr'><strong>perunt</strong></span> <span class='ocrx_word' id='word_1_416' title='bbox 2309 2526 2378 2569; x_wconf 87' lang='lat' dir='ltr'><strong>ex</strong></span> <span class='ocrx_word' id='word_1_417' title='bbox 2409 2509 2542 2588; x_wconf 87' lang='lat' dir='ltr'><strong>ejus</strong></span> <span class='ocrx_word' id='word_1_418' title='bbox 2572 2513 2901 2586; x_wconf 89' lang='lat' dir='ltr'><strong>curatione,</strong></span> <span class='ocrx_word' id='word_1_419' title='bbox 2929 2522 2994 2574; x_wconf 90' lang='lat' dir='ltr'><strong>ut</strong></span> <span class='ocrx_word' id='word_1_420' title='bbox 3025 2515 3292 2577; x_wconf 89' lang='lat' dir='ltr'><strong>volentes</strong></span> <span class='ocrx_word' id='word_1_421' title='bbox 3323 2534 3456 2577; x_wconf 90' lang='lat' dir='ltr'><strong>esse</strong></span> <span class='ocrx_word' id='word_1_422' title='bbox 3481 2516 3710 2579; x_wconf 87' lang='lat' dir='ltr'><strong>descri-</strong></span> 
     </span>
    </p>
   </div>
   <div class='ocr_carea' id='block_1_58' title="bbox 2065 2599 3706 2682">
    <p class='ocr_par' dir='ltr' id='par_1_58' title="bbox 2065 2599 3706 2682">
     <span class='ocr_line' id='line_1_58' title="bbox 2065 2599 3706 2682; baseline 0.009 -29"><span class='ocrx_word' id='word_1_423' title='bbox 2065 2602 2221 2674; x_wconf 86' lang='lat' dir='ltr'><strong>ptam</strong></span> <span class='ocrx_word' id='word_1_424' title='bbox 2247 2615 2411 2658; x_wconf 90' lang='lat' dir='ltr'><strong>suam</strong></span> <span class='ocrx_word' id='word_1_425' title='bbox 2441 2599 2762 2676; x_wconf 83' lang='lat' dir='ltr'><strong>gratiarum</strong></span> <span class='ocrx_word' id='word_1_426' title='bbox 2806 2601 3127 2679; x_wconf 84' lang='lat' dir='ltr'><strong>actionem,</strong></span> <span class='ocrx_word' id='word_1_427' title='bbox 3160 2622 3230 2666; x_wconf 85' lang='lat' dir='ltr'><strong>ex</strong></span> <span class='ocrx_word' id='word_1_428' title='bbox 3261 2613 3510 2682; x_wconf 85' lang='lat' dir='ltr'><strong>argento</strong></span> <span class='ocrx_word' id='word_1_429' title='bbox 3545 2605 3706 2666; x_wconf 89' lang='lat' dir='ltr'><strong>illius</strong></span> 
     </span>
    </p>
   </div>
   <div class='ocr_carea' id='block_1_59' title="bbox 2063 2683 3704 2774">
    <p class='ocr_par' dir='ltr' id='par_1_59' title="bbox 2063 2683 3704 2774">
     <span class='ocr_line' id='line_1_59' title="bbox 2063 2683 3704 2774; baseline 0.008 -31"><span class='ocrx_word' id='word_1_430' title='bbox 2063 2683 2308 2774; x_wconf 79' lang='lat' dir='ltr'><strong>ﬁguram</strong></span> <span class='ocrx_word' id='word_1_431' title='bbox 2339 2685 2698 2764; x_wconf 79' lang='lat' dir='ltr'><strong>ellinxerint,</strong></span> <span class='ocrx_word' id='word_1_432' title='bbox 2733 2696 2790 2751; x_wconf 90' lang='lat' dir='ltr'><strong>et</strong></span> <span class='ocrx_word' id='word_1_433' title='bbox 2841 2691 3074 2772; x_wconf 90' lang='lat' dir='ltr'><strong>seipsos</strong></span> <span class='ocrx_word' id='word_1_434' title='bbox 3119 2693 3229 2753; x_wconf 91' lang='lat' dir='ltr'><strong>sub</strong></span> <span class='ocrx_word' id='word_1_435' title='bbox 3283 2695 3416 2772; x_wconf 87' lang='lat' dir='ltr'><strong>ejus</strong></span> <span class='ocrx_word' id='word_1_436' title='bbox 3452 2693 3704 2774; x_wconf 89' lang='lat' dir='ltr'><strong>pedibus</strong></span> 
     </span>
    </p>
   </div>
   <div class='ocr_carea' id='block_1_60' title="bbox 2064 2773 3704 2860">
    <p class='ocr_par' dir='ltr' id='par_1_60' title="bbox 2064 2773 3704 2860">
     <span class='ocr_line' id='line_1_60' title="bbox 2064 2773 3704 2860; baseline 0.009 -29"><span class='ocrx_word' id='word_1_437' title='bbox 2064 2773 2396 2854; x_wconf 88' lang='lat' dir='ltr'><strong>posuerint,</strong></span> <span class='ocrx_word' id='word_1_438' title='bbox 2421 2783 2479 2836; x_wconf 93' lang='lat' dir='ltr'><strong>et</strong></span> <span class='ocrx_word' id='word_1_439' title='bbox 2508 2794 2730 2838; x_wconf 90' lang='lat' dir='ltr'><strong>nomen</strong></span> <span class='ocrx_word' id='word_1_440' title='bbox 2755 2778 3126 2860; x_wconf 86' lang='lat' dir='ltr'><strong>scripserint,</strong></span> <span class='ocrx_word' id='word_1_441' title='bbox 3163 2790 3223 2843; x_wconf 92' lang='lat' dir='ltr'><strong>et</strong></span> <span class='ocrx_word' id='word_1_442' title='bbox 3251 2773 3568 2860; x_wconf 81' lang='lat' dir='ltr'><strong>gratiarum</strong></span> <span class='ocrx_word' id='word_1_443' title='bbox 3601 2802 3704 2846; x_wconf 91' lang='lat' dir='ltr'><strong>ac-</strong></span> 
     </span>
    </p>
   </div>
   <div class='ocr_carea' id='block_1_61' title="bbox 2064 2861 3702 2952">
    <p class='ocr_par' dir='ltr' id='par_1_61' title="bbox 2064 2861 3702 2952">
     <span class='ocr_line' id='line_1_61' title="bbox 2064 2861 3702 2952; baseline 0.007 -31"><span class='ocrx_word' id='word_1_444' title='bbox 2064 2861 2286 2952; x_wconf 81' lang='lat' dir='ltr'><strong>tionem</strong></span> <span class='ocrx_word' id='word_1_445' title='bbox 2318 2863 2734 2946; x_wconf 89' lang='lat' dir='ltr'><strong>ascripserint,</strong></span> <span class='ocrx_word' id='word_1_446' title='bbox 2785 2874 2844 2928; x_wconf 87' lang='lat' dir='ltr'><strong>et</strong></span> <span class='ocrx_word' id='word_1_447' title='bbox 2902 2869 3132 2930; x_wconf 85' lang='lat' dir='ltr'><strong>militiae</strong></span> <span class='ocrx_word' id='word_1_448' title='bbox 3166 2869 3452 2949; x_wconf 88' lang='lat' dir='ltr'><strong>principis</strong></span> <span class='ocrx_word' id='word_1_449' title='bbox 3485 2872 3702 2952; x_wconf 88' lang='lat' dir='ltr'><strong>templo</strong></span> 
     </span>
    </p>
   </div>
   <div class='ocr_carea' id='block_1_62' title="bbox 2061 2949 3706 3022">
    <p class='ocr_par' dir='ltr' id='par_1_62' title="bbox 2061 2949 3706 3022">
     <span class='ocr_line' id='line_1_62' title="bbox 2061 2949 3706 3022; baseline 0.007 -11"><span class='ocrx_word' id='word_1_450' title='bbox 2061 2949 2491 3015; x_wconf 89' lang='lat' dir='ltr'><strong>dedicaverint.</strong></span> <span class='ocrx_word' id='word_1_451' title='bbox 2519 2952 2584 3014; x_wconf 94' lang='lat' dir='ltr'><strong>In</strong></span> <span class='ocrx_word' id='word_1_452' title='bbox 2617 2953 2774 3015; x_wconf 88' lang='lat' dir='ltr'><strong>beati</strong></span> <span class='ocrx_word' id='word_1_453' title='bbox 2804 2963 3001 3018; x_wconf 90' lang='lat' dir='ltr'><strong>autem</strong></span> <span class='ocrx_word' id='word_1_454' title='bbox 3035 2958 3299 3020; x_wconf 89' lang='lat' dir='ltr'><strong>Danielis</strong></span> <span class='ocrx_word' id='word_1_455' title='bbox 3335 2958 3514 3020; x_wconf 87' lang='lat' dir='ltr'><strong>labris</strong></span> <span class='ocrx_word' id='word_1_456' title='bbox 3545 2949 3706 3022; x_wconf 81' lang='lat' dir='ltr'><strong>tanta</strong></span> 
     </span>
    </p>
   </div>
   <div class='ocr_carea' id='block_1_63' title="bbox 2061 3039 3701 3127">
    <p class='ocr_par' dir='ltr' id='par_1_63' title="bbox 2061 3039 3701 3127">
     <span class='ocr_line' id='line_1_63' title="bbox 2061 3039 3701 3127; baseline 0.006 -27"><span class='ocrx_word' id='word_1_457' title='bbox 2061 3039 2477 3102; x_wconf 85' lang='lat' dir='ltr'><strong>eratsalutaris</strong></span> <span class='ocrx_word' id='word_1_458' title='bbox 2497 3043 2900 3121; x_wconf 88' lang='lat' dir='ltr'><strong>persuasio,et</strong></span> <span class='ocrx_word' id='word_1_459' title='bbox 2917 3046 3047 3124; x_wconf 88' lang='lat' dir='ltr'><strong>ejus</strong></span> <span class='ocrx_word' id='word_1_460' title='bbox 3067 3047 3254 3108; x_wconf 85' lang='lat' dir='ltr'><strong>oratio</strong></span> <span class='ocrx_word' id='word_1_461' title='bbox 3270 3049 3701 3127; x_wconf 87' lang='lat' dir='ltr'><strong>propemodum</strong></span> 
     </span>
    </p>
   </div>
   <div class='ocr_carea' id='block_1_64' title="bbox 2059 3130 3702 3216">
    <p class='ocr_par' dir='ltr' id='par_1_64' title="bbox 2059 3130 3702 3216">
     <span class='ocr_line' id='line_1_64' title="bbox 2059 3130 3702 3216; baseline 0.006 -28"><span class='ocrx_word' id='word_1_462' title='bbox 2059 3145 2226 3207; x_wconf 73' lang='lat' dir='ltr'><strong>mque</strong></span> <span class='ocrx_word' id='word_1_463' title='bbox 2258 3147 2325 3190; x_wconf 89' lang='lat' dir='ltr'><strong>ac</strong></span> <span class='ocrx_word' id='word_1_464' title='bbox 2356 3130 2493 3206; x_wconf 87' lang='lat' dir='ltr'><strong>vita,</strong></span> <span class='ocrx_word' id='word_1_465' title='bbox 2523 3139 2752 3210; x_wconf 89' lang='lat' dir='ltr'><strong>poterat</strong></span> <span class='ocrx_word' id='word_1_466' title='bbox 2780 3133 3036 3196; x_wconf 90' lang='lat' dir='ltr'><strong>delinire</strong></span> <span class='ocrx_word' id='word_1_467' title='bbox 3065 3140 3421 3210; x_wconf 89' lang='lat' dir='ltr'><strong>animum,et</strong></span> <span class='ocrx_word' id='word_1_468' title='bbox 3451 3155 3702 3216; x_wconf 86' lang='lat' dir='ltr'><strong>persua-</strong></span> 
     </span>
    </p>
   </div>
   <div class='ocr_carea' id='block_1_65' title="bbox 2060 3216 3699 3304">
    <p class='ocr_par' dir='ltr' id='par_1_65' title="bbox 2060 3216 3699 3304">
     <span class='ocr_line' id='line_1_65' title="bbox 2060 3216 3699 3304; baseline 0.005 -26"><span class='ocrx_word' id='word_1_469' title='bbox 2060 3216 2227 3289; x_wconf 89' lang='lat' dir='ltr'><strong>dere,</strong></span> <span class='ocrx_word' id='word_1_470' title='bbox 2263 3226 2327 3279; x_wconf 90' lang='lat' dir='ltr'><strong>ut</strong></span> <span class='ocrx_word' id='word_1_471' title='bbox 2349 3224 2498 3280; x_wconf 88' lang='lat' dir='ltr'><strong>viam</strong></span> <span class='ocrx_word' id='word_1_472' title='bbox 2532 3227 2841 3299; x_wconf 83' lang='lat' dir='ltr'><strong>angustam</strong></span> <span class='ocrx_word' id='word_1_473' title='bbox 2893 3222 3209 3304; x_wconf 76' lang='lat' dir='ltr'><strong>eligerent,</strong></span> <span class='ocrx_word' id='word_1_474' title='bbox 3259 3231 3322 3285; x_wconf 89' lang='lat' dir='ltr'><strong>ut</strong></span> <span class='ocrx_word' id='word_1_475' title='bbox 3356 3242 3474 3285; x_wconf 92' lang='lat' dir='ltr'><strong>non</strong></span> <span class='ocrx_word' id='word_1_476' title='bbox 3506 3225 3699 3286; x_wconf 91' lang='lat' dir='ltr'><strong>solum</strong></span> 
     </span>
    </p>
   </div>
   <div class='ocr_carea' id='block_1_66' title="bbox 336 3291 1974 3390">
    <p class='ocr_par' dir='ltr' id='par_1_66' title="bbox 336 3308 1972 3390">
     <span class='ocr_line' id='line_1_66' title="bbox 336 3308 1972 3390; baseline -0.001 -24"><span class='ocrx_word' id='word_1_477' title='bbox 336 3312 564 3390; x_wconf 62' lang='grc' dir='ltr'>ἱιμὲρους</span> <span class='ocrx_word' id='word_1_478' title='bbox 614 3312 851 3386; x_wconf 80' lang='grc' dir='ltr'>δακρύειν</span> <span class='ocrx_word' id='word_1_479' title='bbox 919 3311 1005 3365; x_wconf 82' lang='grc' dir='ltr'><strong>καὶ</strong></span> <span class='ocrx_word' id='word_1_480' title='bbox 1059 3308 1400 3389; x_wconf 81' lang='grc' dir='ltr'>περιέχεσθαι</span> <span class='ocrx_word' id='word_1_481' title='bbox 1461 3310 1649 3367; x_wconf 83' lang='grc' dir='ltr'>τούτου</span> <span class='ocrx_word' id='word_1_482' title='bbox 1706 3308 1972 3386; x_wconf 81' lang='grc' dir='ltr'>ἐρωτικῶς</span> 
     </span>
    </p>
   </div>
   <div class='ocr_carea' id='block_1_67' title="bbox 2062 3291 3704 3390">
    <p class='ocr_par' dir='ltr' id='par_1_67' title="bbox 2063 3291 3704 3388">
     <span class='ocr_line' id='line_1_67' title="bbox 2063 3291 3704 3388; baseline 0.006 -23"><span class='ocrx_word' id='word_1_483' title='bbox 2063 3323 2166 3366; x_wconf 89' lang='lat' dir='ltr'><strong>eos</strong></span> <span class='ocrx_word' id='word_1_484' title='bbox 2193 3305 2296 3385; x_wconf 91' lang='lat' dir='ltr'><strong>qui</strong></span> <span class='ocrx_word' id='word_1_485' title='bbox 2327 3307 2399 3368; x_wconf 87' lang='lat' dir='ltr'><strong>ad</strong></span> <span class='ocrx_word' id='word_1_486' title='bbox 2441 3308 2556 3370; x_wconf 83' lang='lat' dir='ltr'><strong>hoc</strong></span> <span class='ocrx_word' id='word_1_487' title='bbox 2597 3291 2794 3388; x_wconf 72' lang='lat' dir='ltr'><strong>ipsum</strong></span> <span class='ocrx_word' id='word_1_488' title='bbox 2831 3310 2903 3371; x_wconf 89' lang='lat' dir='ltr'><strong>ad</strong></span> <span class='ocrx_word' id='word_1_489' title='bbox 2938 3291 3074 3372; x_wconf 66' lang='lat' dir='ltr'><strong>eum</strong></span> <span class='ocrx_word' id='word_1_490' title='bbox 3117 3291 3541 3387; x_wconf 71' lang='lat' dir='ltr'><strong>ascendebant,</strong></span> <span class='ocrx_word' id='word_1_491' title='bbox 3603 3321 3704 3375; x_wconf 88' lang='lat' dir='ltr'><strong>aut</strong></span> 
     </span>
    </p>
   </div>
   <div class='ocr_carea' id='block_1_68' title="bbox 327 3398 1974 3477">
    <p class='ocr_par' dir='ltr' id='par_1_68' title="bbox 327 3398 1974 3477">
     <span class='ocr_line' id='line_1_68' title="bbox 327 3398 1974 3477; baseline -0.001 -21"><span class='ocrx_word' id='word_1_492' title='bbox 327 3401 555 3473; x_wconf 78' lang='grc' dir='ltr'>ἔπειθεν,</span> <span class='ocrx_word' id='word_1_493' title='bbox 591 3399 730 3457; x_wconf 81' lang='grc' dir='ltr'><strong>αλλᾶ</strong></span> <span class='ocrx_word' id='word_1_494' title='bbox 761 3402 846 3456; x_wconf 84' lang='grc' dir='ltr'>καὶ</span> <span class='ocrx_word' id='word_1_495' title='bbox 879 3399 1065 3465; x_wconf 74' lang='grc' dir='ltr'>αὖτοὺς</span> <span class='ocrx_word' id='word_1_496' title='bbox 1100 3399 1218 3463; x_wconf 82' lang='grc' dir='ltr'>τοὺς</span> <span class='ocrx_word' id='word_1_497' title='bbox 1250 3398 1470 3474; x_wconf 81' lang='grc' dir='ltr'>ἰταμοὺς</span> <span class='ocrx_word' id='word_1_498' title='bbox 1519 3399 1606 3454; x_wconf 82' lang='grc' dir='ltr'><strong>καὶ</strong></span> <span class='ocrx_word' id='word_1_499' title='bbox 1649 3398 1857 3477; x_wconf 78' lang='grc' dir='ltr'>ἀγρίους</span> <span class='ocrx_word' id='word_1_500' title='bbox 1909 3398 1974 3454; x_wconf 76' lang='grc' dir='ltr'><strong>τὰ</strong></span> 
     </span>
    </p>
   </div>
   <div class='ocr_carea' id='block_1_69' title="bbox 324 3487 1329 3568">
    <p class='ocr_par' dir='ltr' id='par_1_69' title="bbox 324 3487 1329 3568">
     <span class='ocr_line' id='line_1_69' title="bbox 324 3487 1329 3568; baseline -0.004 -21"><span class='ocrx_word' id='word_1_501' title='bbox 324 3489 491 3565; x_wconf 78' lang='grc' dir='ltr'>ὅμοια</span> <span class='ocrx_word' id='word_1_502' title='bbox 521 3488 748 3548; x_wconf 77' lang='grc' dir='ltr'>διετίθει.</span> <span class='ocrx_word' id='word_1_503' title='bbox 787 3491 883 3549; x_wconf 78' lang='grc' dir='ltr'>Καὶ</span> <span class='ocrx_word' id='word_1_504' title='bbox 912 3487 1111 3568; x_wconf 86' lang='grc' dir='ltr'>δεῖγμα</span> <span class='ocrx_word' id='word_1_505' title='bbox 1145 3487 1329 3565; x_wconf 69' lang='grc' dir='ltr'>σαφές.</span> 
     </span>
    </p>
   </div>
   <div class='ocr_carea' id='block_1_70' title="bbox 416 3752 1968 3834">
    <p class='ocr_par' dir='ltr' id='par_1_70' title="bbox 416 3752 1968 3834">
     <span class='ocr_line' id='line_1_70' title="bbox 416 3752 1968 3834; baseline -0.003 -20"><span class='ocrx_word' id='word_1_506' title='bbox 416 3757 560 3832; x_wconf 61' lang='lat' dir='ltr'><strong>Ag&quot;.</strong></span> <span class='ocrx_word' id='word_1_507' title='bbox 595 3755 860 3834; x_wconf 72' lang='grc' dir='ltr'>’Ἒδρανός</span> <span class='ocrx_word' id='word_1_508' title='bbox 893 3779 971 3820; x_wconf 89' lang='grc' dir='ltr'><strong>τις</strong></span> <span class='ocrx_word' id='word_1_509' title='bbox 1003 3757 1101 3824; x_wconf 74' lang='grc' dir='ltr'><strong>τὴν</strong></span> <span class='ocrx_word' id='word_1_510' title='bbox 1155 3754 1370 3828; x_wconf 75' lang='grc' dir='ltr'>κλῆσιν,</span> <span class='ocrx_word' id='word_1_511' title='bbox 1419 3754 1479 3810; x_wconf 74' lang='grc' dir='ltr'><strong>τὸ</strong></span> <span class='ocrx_word' id='word_1_512' title='bbox 1518 3753 1666 3832; x_wconf 75' lang='grc' dir='ltr'>γένος</span> <span class='ocrx_word' id='word_1_513' title='bbox 1696 3752 1756 3808; x_wconf 88' lang='grc' dir='ltr'><strong>ἐκ</strong></span> <span class='ocrx_word' id='word_1_514' title='bbox 1787 3752 1968 3810; x_wconf 82' lang='grc' dir='ltr'>Γαλα-</span> 
     </span>
    </p>
   </div>
   <div class='ocr_carea' id='block_1_71' title="bbox 327 3841 1968 3923">
    <p class='ocr_par' dir='ltr' id='par_1_71' title="bbox 327 3841 1968 3923">
     <span class='ocr_line' id='line_1_71' title="bbox 327 3841 1968 3923; baseline -0.004 -19"><span class='ocrx_word' id='word_1_515' title='bbox 327 3849 460 3918; x_wconf 77' lang='grc' dir='ltr'>τῶν,</span> <span class='ocrx_word' id='word_1_516' title='bbox 493 3845 668 3910; x_wconf 74' lang='grc' dir='ltr'>ἄλλως</span> <span class='ocrx_word' id='word_1_517' title='bbox 701 3843 938 3922; x_wconf 73' lang='grc' dir='ltr'>ἀνδρικὸς</span> <span class='ocrx_word' id='word_1_518' title='bbox 972 3846 1060 3901; x_wconf 83' lang='grc' dir='ltr'><strong>καὶ</strong></span> <span class='ocrx_word' id='word_1_519' title='bbox 1089 3845 1224 3901; x_wconf 81' lang='grc' dir='ltr'>κατὰ</span> <span class='ocrx_word' id='word_1_520' title='bbox 1258 3857 1422 3923; x_wconf 81' lang='grc' dir='ltr'>χεῖρα</span> <span class='ocrx_word' id='word_1_521' title='bbox 1469 3855 1737 3922; x_wconf 75' lang='grc' dir='ltr'>γενναῖος,</span> <span class='ocrx_word' id='word_1_522' title='bbox 1775 3841 1968 3908; x_wconf 78' lang='grc' dir='ltr'>αἵμασι</span> 
     </span>
    </p>
   </div>
   <div class='ocr_carea' id='block_1_72' title="bbox 325 3930 1969 4012">
    <p class='ocr_par' dir='ltr' id='par_1_72' title="bbox 325 3930 1969 4012">
     <span class='ocr_line' id='line_1_72' title="bbox 325 3930 1969 4012; baseline -0.004 -19"><span class='ocrx_word' id='word_1_523' title='bbox 325 3939 418 3994; x_wconf 84' lang='grc' dir='ltr'><strong>καί</strong></span> <span class='ocrx_word' id='word_1_524' title='bbox 477 3935 733 4010; x_wconf 78' lang='grc' dir='ltr'>πολέμοις</span> <span class='ocrx_word' id='word_1_525' title='bbox 794 3933 1235 4012; x_wconf 62' lang='grc' dir='ltr'>ἐντεθραμμένος,</span> <span class='ocrx_word' id='word_1_526' title='bbox 1295 3934 1381 3989; x_wconf 81' lang='grc' dir='ltr'><strong>καὶ</strong></span> <span class='ocrx_word' id='word_1_527' title='bbox 1427 3931 1608 4006; x_wconf 83' lang='grc' dir='ltr'>μέντοι</span> <span class='ocrx_word' id='word_1_528' title='bbox 1651 3934 1738 3988; x_wconf 81' lang='grc' dir='ltr'><strong>καὶ</strong></span> <span class='ocrx_word' id='word_1_529' title='bbox 1767 3930 1969 3997; x_wconf 79' lang='grc' dir='ltr'>πολλὰς</span> 
     </span>
    </p>
   </div>
   <div class='ocr_carea' id='block_1_73' title="bbox 325 4021 1971 4104">
    <p class='ocr_par' dir='ltr' id='par_1_73' title="bbox 325 4021 1971 4104">
     <span class='ocr_line' id='line_1_73' title="bbox 335 4021 1927 4046; baseline -0.003 0"><span class='ocrx_word' id='word_1_530' title='bbox 335 4027 350 4046; x_wconf 77' lang='grc' dir='ltr'><strong>ν</strong></span> <span class='ocrx_word' id='word_1_531' title='bbox 903 4023 915 4044; x_wconf 85' lang='grc' dir='ltr'><strong><em>Ι</em></strong></span> <span class='ocrx_word' id='word_1_532' title='bbox 1191 4022 1214 4044; x_wconf 72' lang='grc' dir='ltr'><strong>ΙΙ</strong></span> <span class='ocrx_word' id='word_1_533' title='bbox 1419 4021 1461 4041; x_wconf 52' lang='grc' dir='ltr'>ἢκ</span> <span class='ocrx_word' id='word_1_534' title='bbox 1594 4023 1609 4044; x_wconf 78' lang='lat'><strong><em>\</em></strong></span> <span class='ocrx_word' id='word_1_535' title='bbox 1735 4022 1750 4042; x_wconf 75' lang='grc' dir='ltr'><strong>Ι</strong></span> <span class='ocrx_word' id='word_1_536' title='bbox 1851 4023 1865 4045; x_wconf 69' lang='grc' dir='ltr'><strong><em>Ί</em></strong></span> <span class='ocrx_word' id='word_1_537' title='bbox 1914 4023 1927 4042; x_wconf 61' lang='grc' dir='ltr'><strong>ν</strong></span> 
     </span>
     <span class='ocr_line' id='line_1_74' title="bbox 325 4023 1971 4104; baseline -0.003 -23"><span class='ocrx_word' id='word_1_538' title='bbox 325 4027 593 4104; x_wconf 80' lang='grc' dir='ltr'>αριστείας</span> <span class='ocrx_word' id='word_1_539' title='bbox 652 4025 1080 4102; x_wconf 66' lang='grc' dir='ltr'>ἀπενεγκαμενος</span> <span class='ocrx_word' id='word_1_540' title='bbox 1118 4071 1134 4102; x_wconf 93' lang='grc'><strong>,</strong></span> <span class='ocrx_word' id='word_1_541' title='bbox 1191 4045 1333 4103; x_wconf 79' lang='grc' dir='ltr'>εχων</span> <span class='ocrx_word' id='word_1_542' title='bbox 1415 4035 1467 4077; x_wconf 81' lang='grc' dir='ltr'><strong>οε</strong></span> <span class='ocrx_word' id='word_1_543' title='bbox 1526 4043 1612 4077; x_wconf 87' lang='grc' dir='ltr'><strong>και</strong></span> <span class='ocrx_word' id='word_1_544' title='bbox 1664 4023 1732 4100; x_wconf 59' lang='grc' dir='ltr'><strong>ὑφ</strong></span> <span class='ocrx_word' id='word_1_545' title='bbox 1812 4043 1971 4077; x_wconf 84' lang='grc' dir='ltr'>αυτον</span> 
     </span>
    </p>
   </div>
   <div class='ocr_carea' id='block_1_74' title="bbox 325 4109 1968 4194">
    <p class='ocr_par' dir='ltr' id='par_1_74' title="bbox 325 4109 1968 4194">
     <span class='ocr_line' id='line_1_75' title="bbox 325 4109 1968 4194; baseline -0.004 -24"><span class='ocrx_word' id='word_1_546' title='bbox 325 4116 560 4194; x_wconf 78' lang='grc' dir='ltr'>συγνοὺς</span> <span class='ocrx_word' id='word_1_547' title='bbox 617 4116 703 4170; x_wconf 78' lang='grc' dir='ltr'><strong>καὶ</strong></span> <span class='ocrx_word' id='word_1_548' title='bbox 760 4113 962 4176; x_wconf 84' lang='grc' dir='ltr'>πάντας</span> <span class='ocrx_word' id='word_1_549' title='bbox 1013 4113 1240 4189; x_wconf 83' lang='grc' dir='ltr'>ἀγαθοὺς</span> <span class='ocrx_word' id='word_1_550' title='bbox 1302 4110 1367 4167; x_wconf 73' lang='grc' dir='ltr'>ττὶ</span> <span class='ocrx_word' id='word_1_551' title='bbox 1425 4109 1680 4187; x_wconf 83' lang='grc' dir='ltr'>πολέμια,</span> <span class='ocrx_word' id='word_1_552' title='bbox 1715 4112 1968 4179; x_wconf 80' lang='grc' dir='ltr'>τοῦτονή</span> 
     </span>
    </p>
   </div>
   <div class='ocr_carea' id='block_1_75' title="bbox 328 4199 1964 4284">
    <p class='ocr_par' dir='ltr' id='par_1_75' title="bbox 328 4199 1964 4284">
     <span class='ocr_line' id='line_1_76' title="bbox 328 4199 1964 4284; baseline -0.002 -25"><span class='ocrx_word' id='word_1_553' title='bbox 328 4206 490 4283; x_wconf 71' lang='grc' dir='ltr'>φήμη</span> <span class='ocrx_word' id='word_1_554' title='bbox 536 4205 762 4284; x_wconf 73' lang='grc' dir='ltr'>φέρουσα</span> <span class='ocrx_word' id='word_1_555' title='bbox 829 4204 917 4258; x_wconf 85' lang='grc' dir='ltr'><strong>καί</strong></span> <span class='ocrx_word' id='word_1_556' title='bbox 978 4215 1104 4265; x_wconf 78' lang='grc' dir='ltr'>ταῖς</span> <span class='ocrx_word' id='word_1_557' title='bbox 1162 4200 1431 4278; x_wconf 84' lang='grc' dir='ltr'>βασιλέως</span> <span class='ocrx_word' id='word_1_558' title='bbox 1487 4199 1695 4256; x_wconf 78' lang='grc' dir='ltr'>δίδωσιν</span> <span class='ocrx_word' id='word_1_559' title='bbox 1751 4200 1964 4266; x_wconf 75' lang='grc' dir='ltr'>ἀκοαῖς.</span> 
     </span>
    </p>
   </div>
   <div class='ocr_carea' id='block_1_76' title="bbox 328 4285 1967 4365">
    <p class='ocr_par' dir='ltr' id='par_1_76' title="bbox 328 4285 1967 4365">
     <span class='ocr_line' id='line_1_77' title="bbox 328 4285 1967 4365; baseline 0.01 -14"><span class='ocrx_word' id='word_1_560' title='bbox 328 4285 388 4352; x_wconf 66' lang='grc' dir='ltr'>Ὀ</span> <span class='ocrx_word' id='word_1_561' title='bbox 451 4291 506 4349; x_wconf 73' lang='grc' dir='ltr'>δὲ</span> <span class='ocrx_word' id='word_1_562' title='bbox 565 4293 710 4358; x_wconf 66' lang='grc' dir='ltr'>εὐθὺς</span> <span class='ocrx_word' id='word_1_563' title='bbox 755 4293 966 4349; x_wconf 84' lang='grc' dir='ltr'>ἐκεῖνον</span> <span class='ocrx_word' id='word_1_564' title='bbox 1000 4293 1083 4348; x_wconf 67' lang='grc' dir='ltr'><strong>καὶ</strong></span> <span class='ocrx_word' id='word_1_565' title='bbox 1111 4292 1234 4356; x_wconf 80' lang='grc' dir='ltr'>τοὺς</span> <span class='ocrx_word' id='word_1_566' title='bbox 1280 4287 1368 4346; x_wconf 69' lang='grc' dir='ltr'><strong>ὑπ’</strong></span> <span class='ocrx_word' id='word_1_567' title='bbox 1418 4289 1624 4347; x_wconf 69' lang='grc' dir='ltr'>ἐκεῖνον</span> <span class='ocrx_word' id='word_1_568' title='bbox 1683 4311 1967 4365; x_wconf 76' lang='grc' dir='ltr'>μεταπεμ-</span> 
     </span>
    </p>
   </div>
   <div class='ocr_carea' id='block_1_77' title="bbox 323 4378 1968 4458">
    <p class='ocr_par' dir='ltr' id='par_1_77' title="bbox 323 4378 1968 4458">
     <span class='ocr_line' id='line_1_78' title="bbox 323 4378 1968 4458; baseline -0.002 -20"><span class='ocrx_word' id='word_1_569' title='bbox 323 4384 563 4458; x_wconf 58' lang='lat' dir='ltr'><strong>cpias-:0;</strong></span> <span class='ocrx_word' id='word_1_570' title='bbox 593 4383 809 4444; x_wconf 72' lang='grc' dir='ltr'>τούτους</span> <span class='ocrx_word' id='word_1_571' title='bbox 872 4381 968 4457; x_wconf 79' lang='grc' dir='ltr'>μὲν</span> <span class='ocrx_word' id='word_1_572' title='bbox 1028 4379 1216 4442; x_wconf 73' lang='grc' dir='ltr'>ἄλλαις</span> <span class='ocrx_word' id='word_1_573' title='bbox 1253 4378 1502 4458; x_wconf 74' lang='grc' dir='ltr'>δωρεῖται</span> <span class='ocrx_word' id='word_1_574' title='bbox 1548 4391 1761 4453; x_wconf 82' lang='grc' dir='ltr'>τιμαῖς,</span> <span class='ocrx_word' id='word_1_575' title='bbox 1811 4386 1885 4452; x_wconf 86' lang='grc' dir='ltr'>τῷ</span> <span class='ocrx_word' id='word_1_576' title='bbox 1915 4378 1968 4434; x_wconf 77' lang='grc' dir='ltr'>δὲ</span> 
     </span>
    </p>
   </div>
   <div class='ocr_carea' id='block_1_78' title="bbox 322 4467 1970 4548">
    <p class='ocr_par' dir='ltr' id='par_1_78' title="bbox 322 4467 1970 4548">
     <span class='ocr_line' id='line_1_79' title="bbox 322 4467 1970 4548; baseline -0.003 -19"><span class='ocrx_word' id='word_1_577' title='bbox 322 4474 426 4539; x_wconf 75' lang='grc' dir='ltr'>τὴν</span> <span class='ocrx_word' id='word_1_578' title='bbox 461 4471 766 4545; x_wconf 83' lang='grc' dir='ltr'>ἐπιμέλειαν</span> <span class='ocrx_word' id='word_1_579' title='bbox 797 4478 902 4526; x_wconf 79' lang='grc' dir='ltr'>τῶν</span> <span class='ocrx_word' id='word_1_580' title='bbox 937 4473 1094 4527; x_wconf 65' lang='grc' dir='ltr'><strong>αὖτοῦ</strong></span> <span class='ocrx_word' id='word_1_581' title='bbox 1143 4469 1330 4525; x_wconf 68' lang='grc' dir='ltr'>ἳππων</span> <span class='ocrx_word' id='word_1_582' title='bbox 1385 4467 1692 4548; x_wconf 81' lang='grc' dir='ltr'>ἐγχειρίζει,</span> <span class='ocrx_word' id='word_1_583' title='bbox 1754 4470 1970 4544; x_wconf 84' lang='grc' dir='ltr'>κόμητα</span> 
     </span>
    </p>
   </div>
   <div class='ocr_carea' id='block_1_79' title="bbox 318 4557 1969 4638">
    <p class='ocr_par' dir='ltr' id='par_1_79' title="bbox 318 4557 1969 4638">
     <span class='ocr_line' id='line_1_80' title="bbox 318 4557 1969 4638; baseline -0.002 -21"><span class='ocrx_word' id='word_1_584' title='bbox 318 4568 510 4617; x_wconf 74' lang='grc' dir='ltr'>τοῦτον</span> <span class='ocrx_word' id='word_1_585' title='bbox 567 4559 757 4616; x_wconf 78' lang='grc' dir='ltr'>καλεῖν</span> <span class='ocrx_word' id='word_1_586' title='bbox 815 4561 1058 4631; x_wconf 74' lang='grc' dir='ltr'>σύνηθες,</span> <span class='ocrx_word' id='word_1_587' title='bbox 1120 4561 1193 4621; x_wconf 84' lang='grc' dir='ltr'>ὡς</span> <span class='ocrx_word' id='word_1_588' title='bbox 1251 4559 1339 4615; x_wconf 81' lang='grc' dir='ltr'><strong>καὶ</strong></span> <span class='ocrx_word' id='word_1_589' title='bbox 1397 4557 1645 4636; x_wconf 81' lang='grc' dir='ltr'>ἀνωτέρω</span> <span class='ocrx_word' id='word_1_590' title='bbox 1697 4558 1898 4638; x_wconf 64' lang='grc' dir='ltr'>φθάσας</span> <span class='ocrx_word' id='word_1_591' title='bbox 1943 4560 1969 4614; x_wconf 87' lang='grc' dir='ltr'>ὁ</span> 
     </span>
    </p>
   </div>
   <div class='ocr_carea' id='block_1_80' title="bbox 2059 3396 3699 3482">
    <p class='ocr_par' dir='ltr' id='par_1_80' title="bbox 2059 3396 3699 3482">
     <span class='ocr_line' id='line_1_81' title="bbox 2059 3396 3699 3482; baseline 0.005 -27"><span class='ocrx_word' id='word_1_592' title='bbox 2059 3396 2464 3476; x_wconf 86' lang='lat' dir='ltr'><strong>erantalioqui</strong></span> <span class='ocrx_word' id='word_1_593' title='bbox 2489 3397 2664 3459; x_wconf 88' lang='lat' dir='ltr'><strong>mites</strong></span> <span class='ocrx_word' id='word_1_594' title='bbox 2687 3405 2744 3459; x_wconf 91' lang='lat' dir='ltr'><strong>et</strong></span> <span class='ocrx_word' id='word_1_595' title='bbox 2766 3401 3243 3482; x_wconf 85' lang='lat' dir='ltr'><strong>mansueti,llere</strong></span> <span class='ocrx_word' id='word_1_596' title='bbox 3266 3410 3326 3464; x_wconf 92' lang='lat' dir='ltr'><strong>et</strong></span> <span class='ocrx_word' id='word_1_597' title='bbox 3343 3402 3470 3480; x_wconf 90' lang='lat' dir='ltr'><strong>ejus</strong></span> <span class='ocrx_word' id='word_1_598' title='bbox 3489 3419 3699 3481; x_wconf 82' lang='lat' dir='ltr'><strong>magno</strong></span> 
     </span>
    </p>
   </div>
   <div class='ocr_carea' id='block_1_81' title="bbox 2057 3486 3705 3570">
    <p class='ocr_par' dir='ltr' id='par_1_81' title="bbox 2057 3486 3705 3570">
     <span class='ocr_line' id='line_1_82' title="bbox 2057 3486 3705 3570; baseline 0.004 -25"><span class='ocrx_word' id='word_1_599' title='bbox 2057 3502 2262 3545; x_wconf 90' lang='lat' dir='ltr'><strong>amore</strong></span> <span class='ocrx_word' id='word_1_600' title='bbox 2293 3486 2424 3566; x_wconf 86' lang='lat' dir='ltr'><strong>capi</strong></span> <span class='ocrx_word' id='word_1_601' title='bbox 2457 3486 2875 3566; x_wconf 81' lang='lat' dir='ltr'><strong>persuaderet,</strong></span> <span class='ocrx_word' id='word_1_602' title='bbox 2909 3489 3016 3551; x_wconf 88' lang='lat' dir='ltr'><strong>sed</strong></span> <span class='ocrx_word' id='word_1_603' title='bbox 3051 3507 3154 3551; x_wconf 91' lang='lat' dir='ltr'><strong>eos</strong></span> <span class='ocrx_word' id='word_1_604' title='bbox 3183 3490 3344 3570; x_wconf 91' lang='lat' dir='ltr'><strong>ipsos</strong></span> <span class='ocrx_word' id='word_1_605' title='bbox 3391 3490 3492 3570; x_wconf 89' lang='lat' dir='ltr'><strong>qui</strong></span> <span class='ocrx_word' id='word_1_606' title='bbox 3535 3498 3705 3552; x_wconf 88' lang='lat' dir='ltr'><strong>erant</strong></span> 
     </span>
    </p>
   </div>
   <div class='ocr_carea' id='block_1_82' title="bbox 2057 3573 3699 3654">
    <p class='ocr_par' dir='ltr' id='par_1_82' title="bbox 2057 3573 3699 3654">
     <span class='ocr_line' id='line_1_83' title="bbox 2057 3573 3699 3654; baseline 0.005 -21"><span class='ocrx_word' id='word_1_607' title='bbox 2057 3573 2233 3634; x_wconf 89' lang='lat' dir='ltr'><strong>etiam</strong></span> <span class='ocrx_word' id='word_1_608' title='bbox 2265 3573 2646 3653; x_wconf 86' lang='lat' dir='ltr'><strong>impudentes</strong></span> <span class='ocrx_word' id='word_1_609' title='bbox 2677 3583 2736 3638; x_wconf 91' lang='lat' dir='ltr'><strong>et</strong></span> <span class='ocrx_word' id='word_1_610' title='bbox 2766 3586 3062 3654; x_wconf 81' lang='lat' dir='ltr'><strong>agrestes,</strong></span> <span class='ocrx_word' id='word_1_611' title='bbox 3097 3579 3376 3641; x_wconf 90' lang='lat' dir='ltr'><strong>similiter</strong></span> <span class='ocrx_word' id='word_1_612' title='bbox 3409 3579 3699 3643; x_wconf 82' lang='lat' dir='ltr'><strong>efﬁceret.</strong></span> 
     </span>
    </p>
   </div>
   <div class='ocr_carea' id='block_1_83' title="bbox 2055 3663 3365 3744">
    <p class='ocr_par' dir='ltr' id='par_1_83' title="bbox 2055 3663 3365 3744">
     <span class='ocr_line' id='line_1_84' title="bbox 2055 3663 3365 3744; baseline 0.004 -19"><span class='ocrx_word' id='word_1_613' title='bbox 2055 3663 2250 3740; x_wconf 86' lang='lat' dir='ltr'><strong>Hujus</strong></span> <span class='ocrx_word' id='word_1_614' title='bbox 2283 3671 2478 3724; x_wconf 88' lang='lat' dir='ltr'><strong>autem</strong></span> <span class='ocrx_word' id='word_1_615' title='bbox 2510 3666 2596 3725; x_wconf 89' lang='lat' dir='ltr'><strong>rei</strong></span> <span class='ocrx_word' id='word_1_616' title='bbox 2627 3674 2900 3744; x_wconf 81' lang='lat' dir='ltr'><strong>apertum</strong></span> <span class='ocrx_word' id='word_1_617' title='bbox 2933 3674 3024 3728; x_wconf 89' lang='lat' dir='ltr'><strong>est</strong></span> <span class='ocrx_word' id='word_1_618' title='bbox 3054 3667 3365 3732; x_wconf 87' lang='lat' dir='ltr'><strong>indicium.</strong></span> 
     </span>
    </p>
   </div>
   <div class='ocr_carea' id='block_1_84' title="bbox 2138 3749 3704 3835">
    <p class='ocr_par' dir='ltr' id='par_1_84' title="bbox 2138 3749 3704 3835">
     <span class='ocr_line' id='line_1_85' title="bbox 2138 3749 3704 3835; baseline 0.006 -24"><span class='ocrx_word' id='word_1_619' title='bbox 2138 3749 2650 3823; x_wconf 81' lang='lat' dir='ltr'><strong>XXXVI.Quidam</strong></span> <span class='ocrx_word' id='word_1_620' title='bbox 2684 3755 2930 3816; x_wconf 91' lang='lat' dir='ltr'><strong>nomine</strong></span> <span class='ocrx_word' id='word_1_621' title='bbox 2953 3755 3474 3835; x_wconf 83' lang='lat' dir='ltr'><strong>Edranus,genere</strong></span> <span class='ocrx_word' id='word_1_622' title='bbox 3495 3756 3704 3820; x_wconf 86' lang='lat' dir='ltr'><strong>Gelata</strong></span> 
     </span>
    </p>
   </div>
   <div class='ocr_carea' id='block_1_85' title="bbox 2054 3838 3700 3924">
    <p class='ocr_par' dir='ltr' id='par_1_85' title="bbox 2054 3838 3700 3924">
     <span class='ocr_line' id='line_1_86' title="bbox 2054 3838 3700 3924; baseline 0.005 -24"><span class='ocrx_word' id='word_1_623' title='bbox 2054 3839 2224 3900; x_wconf 86' lang='lat' dir='ltr'><strong>fortis</strong></span> <span class='ocrx_word' id='word_1_624' title='bbox 2255 3838 2479 3916; x_wconf 90' lang='lat' dir='ltr'><strong>alioqui</strong></span> <span class='ocrx_word' id='word_1_625' title='bbox 2530 3849 2590 3903; x_wconf 89' lang='lat' dir='ltr'><strong>et</strong></span> <span class='ocrx_word' id='word_1_626' title='bbox 2647 3859 2825 3904; x_wconf 88' lang='lat' dir='ltr'><strong>manu</strong></span> <span class='ocrx_word' id='word_1_627' title='bbox 2887 3849 3158 3918; x_wconf 89' lang='lat' dir='ltr'><strong>stenuus,</strong></span> <span class='ocrx_word' id='word_1_628' title='bbox 3192 3845 3250 3904; x_wconf 91' lang='lat' dir='ltr'><strong>in</strong></span> <span class='ocrx_word' id='word_1_629' title='bbox 3313 3845 3601 3924; x_wconf 85' lang='lat' dir='ltr'><strong>sanguine</strong></span> <span class='ocrx_word' id='word_1_630' title='bbox 3641 3854 3700 3908; x_wconf 92' lang='lat' dir='ltr'><strong>et</strong></span> 
     </span>
    </p>
   </div>
   <div class='ocr_carea' id='block_1_86' title="bbox 2057 3927 3700 4014">
    <p class='ocr_par' dir='ltr' id='par_1_86' title="bbox 2057 3927 3700 4014">
     <span class='ocr_line' id='line_1_87' title="bbox 2057 3927 3700 4014; baseline 0.003 -24"><span class='ocrx_word' id='word_1_631' title='bbox 2057 3927 2228 3990; x_wconf 91' lang='lat' dir='ltr'><strong>bellis</strong></span> <span class='ocrx_word' id='word_1_632' title='bbox 2259 3928 2566 4004; x_wconf 87' lang='lat' dir='ltr'><strong>educatus,</strong></span> <span class='ocrx_word' id='word_1_633' title='bbox 2603 3933 2703 4006; x_wconf 90' lang='lat' dir='ltr'><strong>qui</strong></span> <span class='ocrx_word' id='word_1_634' title='bbox 2737 3929 2914 3993; x_wconf 87' lang='lat' dir='ltr'><strong>etiam</strong></span> <span class='ocrx_word' id='word_1_635' title='bbox 2959 3934 3016 3992; x_wconf 89' lang='lat' dir='ltr'><strong>in</strong></span> <span class='ocrx_word' id='word_1_636' title='bbox 3049 3931 3253 3993; x_wconf 87' lang='lat' dir='ltr'><strong>multis</strong></span> <span class='ocrx_word' id='word_1_637' title='bbox 3285 3933 3430 3994; x_wconf 88' lang='lat' dir='ltr'><strong>locis</strong></span> <span class='ocrx_word' id='word_1_638' title='bbox 3460 3952 3524 3995; x_wconf 90' lang='lat' dir='ltr'><strong>se</strong></span> <span class='ocrx_word' id='word_1_639' title='bbox 3554 3952 3700 4014; x_wconf 87' lang='lat' dir='ltr'><strong>prae-</strong></span> 
     </span>
    </p>
   </div>
   <div class='ocr_carea' id='block_1_87' title="bbox 2055 4018 3698 4100">
    <p class='ocr_par' dir='ltr' id='par_1_87' title="bbox 2055 4018 3698 4100">
     <span class='ocr_line' id='line_1_88' title="bbox 2055 4018 3698 4100; baseline 0.004 -21"><span class='ocrx_word' id='word_1_640' title='bbox 2055 4018 2391 4080; x_wconf 87' lang='lat' dir='ltr'><strong>clarissime</strong></span> <span class='ocrx_word' id='word_1_641' title='bbox 2419 4027 2708 4096; x_wconf 80' lang='lat' dir='ltr'><strong>gesserat,</strong></span> <span class='ocrx_word' id='word_1_642' title='bbox 2744 4027 2802 4082; x_wconf 91' lang='lat' dir='ltr'><strong>et</strong></span> <span class='ocrx_word' id='word_1_643' title='bbox 2831 4038 2939 4082; x_wconf 90' lang='lat' dir='ltr'><strong>suo</strong></span> <span class='ocrx_word' id='word_1_644' title='bbox 2992 4021 3247 4100; x_wconf 90' lang='lat' dir='ltr'><strong>imperio</strong></span> <span class='ocrx_word' id='word_1_645' title='bbox 3279 4032 3557 4100; x_wconf 89' lang='lat' dir='ltr'><strong>parentes</strong></span> <span class='ocrx_word' id='word_1_646' title='bbox 3589 4024 3698 4086; x_wconf 86' lang='lat' dir='ltr'><strong>ha-</strong></span> 
     </span>
    </p>
   </div>
   <div class='ocr_carea' id='block_1_88' title="bbox 2063 4106 3704 4192">
    <p class='ocr_par' dir='ltr' id='par_1_88' title="bbox 2063 4106 3704 4192">
     <span class='ocr_line' id='line_1_89' title="bbox 2063 4106 3704 4192; baseline 0.002 -24"><span class='ocrx_word' id='word_1_647' title='bbox 2063 4106 2239 4170; x_wconf 89' lang='lat' dir='ltr'><strong>bebat</strong></span> <span class='ocrx_word' id='word_1_648' title='bbox 2270 4107 2510 4180; x_wconf 91' lang='lat' dir='ltr'><strong>multos,</strong></span> <span class='ocrx_word' id='word_1_649' title='bbox 2542 4116 2600 4169; x_wconf 89' lang='lat' dir='ltr'><strong>et</strong></span> <span class='ocrx_word' id='word_1_650' title='bbox 2631 4125 2733 4170; x_wconf 92' lang='lat' dir='ltr'><strong>eos</strong></span> <span class='ocrx_word' id='word_1_651' title='bbox 2768 4127 2977 4170; x_wconf 90' lang='lat' dir='ltr'><strong>omnes</strong></span> <span class='ocrx_word' id='word_1_652' title='bbox 3007 4112 3068 4171; x_wconf 91' lang='lat' dir='ltr'><strong>in</strong></span> <span class='ocrx_word' id='word_1_653' title='bbox 3127 4109 3286 4171; x_wconf 90' lang='lat' dir='ltr'><strong>bello</strong></span> <span class='ocrx_word' id='word_1_654' title='bbox 3317 4111 3525 4173; x_wconf 85' lang='lat' dir='ltr'><strong>fortes.</strong></span> <span class='ocrx_word' id='word_1_655' title='bbox 3562 4113 3704 4192; x_wconf 91' lang='lat' dir='ltr'><strong>Ejus</strong></span> 
     </span>
    </p>
   </div>
   <div class='ocr_carea' id='block_1_89' title="bbox 2055 4195 3704 4278">
    <p class='ocr_par' dir='ltr' id='par_1_89' title="bbox 2055 4195 3704 4278">
     <span class='ocr_line' id='line_1_90' title="bbox 2055 4195 3704 4278; baseline 0.004 -21"><span class='ocrx_word' id='word_1_656' title='bbox 2055 4195 2210 4258; x_wconf 84' lang='lat' dir='ltr'><strong>fama</strong></span> <span class='ocrx_word' id='word_1_657' title='bbox 2272 4195 2538 4276; x_wconf 85' lang='lat' dir='ltr'><strong>pervenit</strong></span> <span class='ocrx_word' id='word_1_658' title='bbox 2597 4215 2786 4276; x_wconf 88' lang='lat' dir='ltr'><strong>usque</strong></span> <span class='ocrx_word' id='word_1_659' title='bbox 2835 4197 2907 4259; x_wconf 86' lang='lat' dir='ltr'><strong>ad</strong></span> <span class='ocrx_word' id='word_1_660' title='bbox 2959 4216 3137 4259; x_wconf 90' lang='lat' dir='ltr'><strong>aures</strong></span> <span class='ocrx_word' id='word_1_661' title='bbox 3189 4198 3587 4278; x_wconf 89' lang='lat' dir='ltr'><strong>imperatoris.</strong></span> <span class='ocrx_word' id='word_1_662' title='bbox 3648 4202 3704 4263; x_wconf 88' lang='lat' dir='ltr'><strong>Is</strong></span> 
     </span>
    </p>
   </div>
   <div class='ocr_carea' id='block_1_90' title="bbox 2054 4284 3700 4367">
    <p class='ocr_par' dir='ltr' id='par_1_90' title="bbox 2054 4284 3700 4367">
     <span class='ocr_line' id='line_1_91' title="bbox 2054 4284 3700 4367; baseline 0.001 -20"><span class='ocrx_word' id='word_1_663' title='bbox 2054 4293 2249 4348; x_wconf 86' lang='lat' dir='ltr'><strong>autem</strong></span> <span class='ocrx_word' id='word_1_664' title='bbox 2302 4303 2436 4346; x_wconf 89' lang='lat' dir='ltr'><strong>cum</strong></span> <span class='ocrx_word' id='word_1_665' title='bbox 2496 4284 2684 4361; x_wconf 92' lang='lat' dir='ltr'><strong>illum,</strong></span> <span class='ocrx_word' id='word_1_666' title='bbox 2739 4294 2802 4349; x_wconf 93' lang='lat' dir='ltr'><strong>et</strong></span> <span class='ocrx_word' id='word_1_667' title='bbox 2847 4305 2950 4348; x_wconf 89' lang='lat' dir='ltr'><strong>eos</strong></span> <span class='ocrx_word' id='word_1_668' title='bbox 2981 4288 3080 4367; x_wconf 90' lang='lat' dir='ltr'><strong>qui</strong></span> <span class='ocrx_word' id='word_1_669' title='bbox 3113 4287 3242 4366; x_wconf 91' lang='lat' dir='ltr'><strong>ejus</strong></span> <span class='ocrx_word' id='word_1_670' title='bbox 3277 4287 3565 4367; x_wconf 87' lang='lat' dir='ltr'><strong>parebant</strong></span> <span class='ocrx_word' id='word_1_671' title='bbox 3590 4288 3700 4349; x_wconf 83' lang='lat' dir='ltr'><strong>im-</strong></span> 
     </span>
    </p>
   </div>
   <div class='ocr_carea' id='block_1_91' title="bbox 2057 4374 3700 4456">
    <p class='ocr_par' dir='ltr' id='par_1_91' title="bbox 2057 4374 3700 4456">
     <span class='ocr_line' id='line_1_92' title="bbox 2057 4374 3700 4456; baseline 0.001 -20"><span class='ocrx_word' id='word_1_672' title='bbox 2057 4375 2244 4456; x_wconf 89' lang='lat' dir='ltr'><strong>perio,</strong></span> <span class='ocrx_word' id='word_1_673' title='bbox 2277 4374 2712 4454; x_wconf 77' lang='lat' dir='ltr'><strong>accersivisset,</strong></span> <span class='ocrx_word' id='word_1_674' title='bbox 2749 4393 2852 4436; x_wconf 88' lang='lat' dir='ltr'><strong>eos</strong></span> <span class='ocrx_word' id='word_1_675' title='bbox 2874 4375 3117 4454; x_wconf 86' lang='lat' dir='ltr'><strong>quidem</strong></span> <span class='ocrx_word' id='word_1_676' title='bbox 3139 4376 3272 4437; x_wconf 85' lang='lat' dir='ltr'><strong>aliis</strong></span> <span class='ocrx_word' id='word_1_677' title='bbox 3294 4376 3474 4438; x_wconf 82' lang='lat' dir='ltr'><strong>afﬁcit</strong></span> <span class='ocrx_word' id='word_1_678' title='bbox 3505 4377 3700 4438; x_wconf 89' lang='lat' dir='ltr'><strong>hono-</strong></span> 
     </span>
    </p>
   </div>
   <div class='ocr_carea' id='block_1_92' title="bbox 2053 4463 3698 4545">
    <p class='ocr_par' dir='ltr' id='par_1_92' title="bbox 2053 4463 3698 4545">
     <span class='ocr_line' id='line_1_93' title="bbox 2053 4463 3698 4545; baseline 0.001 -20"><span class='ocrx_word' id='word_1_679' title='bbox 2053 4465 2244 4538; x_wconf 91' lang='lat' dir='ltr'><strong>ribus,</strong></span> <span class='ocrx_word' id='word_1_680' title='bbox 2303 4463 2387 4525; x_wconf 91' lang='lat' dir='ltr'><strong>illi</strong></span> <span class='ocrx_word' id='word_1_681' title='bbox 2451 4482 2588 4525; x_wconf 89' lang='lat' dir='ltr'><strong>vero</strong></span> <span class='ocrx_word' id='word_1_682' title='bbox 2641 4464 2820 4525; x_wconf 90' lang='lat' dir='ltr'><strong>tradit</strong></span> <span class='ocrx_word' id='word_1_683' title='bbox 2850 4483 3049 4527; x_wconf 85' lang='lat' dir='ltr'><strong>curam</strong></span> <span class='ocrx_word' id='word_1_684' title='bbox 3086 4483 3327 4526; x_wconf 80' lang='lat' dir='ltr'><strong>suorum</strong></span> <span class='ocrx_word' id='word_1_685' title='bbox 3367 4483 3698 4545; x_wconf 88' lang='lat' dir='ltr'><strong>equorum;</strong></span> 
     </span>
    </p>
   </div>
   <div class='ocr_carea' id='block_1_93' title="bbox 2055 4553 3700 4634">
    <p class='ocr_par' dir='ltr' id='par_1_93' title="bbox 2055 4553 3700 4634">
     <span class='ocr_line' id='line_1_94' title="bbox 2055 4553 3700 4634; baseline 0.003 -20"><span class='ocrx_word' id='word_1_686' title='bbox 2055 4555 2205 4616; x_wconf 88' lang='lat' dir='ltr'><strong>solet</strong></span> <span class='ocrx_word' id='word_1_687' title='bbox 2257 4553 2306 4614; x_wconf 89' lang='lat' dir='ltr'><strong>is</strong></span> <span class='ocrx_word' id='word_1_688' title='bbox 2363 4553 2558 4615; x_wconf 76' lang='lat' dir='ltr'><strong>vocari</strong></span> <span class='ocrx_word' id='word_1_689' title='bbox 2620 4571 2843 4625; x_wconf 85' lang='lat' dir='ltr'><strong>comes,</strong></span> <span class='ocrx_word' id='word_1_690' title='bbox 2907 4554 3064 4615; x_wconf 90' lang='lat' dir='ltr'><strong>sicut</strong></span> <span class='ocrx_word' id='word_1_691' title='bbox 3112 4553 3388 4634; x_wconf 88' lang='lat' dir='ltr'><strong>superius</strong></span> <span class='ocrx_word' id='word_1_692' title='bbox 3420 4555 3700 4619; x_wconf 80' lang='lat' dir='ltr'><strong>diximus.</strong></span> 
     </span>
    </p>
   </div>
   <div class='ocr_carea' id='block_1_94' title="bbox 323 4641 1974 4728">
    <p class='ocr_par' dir='ltr' id='par_1_94' title="bbox 323 4646 1966 4728">
     <span class='ocr_line' id='line_1_95' title="bbox 323 4646 1966 4728; baseline -0.002 -22"><span class='ocrx_word' id='word_1_693' title='bbox 323 4651 486 4728; x_wconf 81' lang='grc' dir='ltr'>λόγος</span> <span class='ocrx_word' id='word_1_694' title='bbox 543 4649 802 4719; x_wconf 65' lang='grc' dir='ltr'>ἐδήλωσε,</span> <span class='ocrx_word' id='word_1_695' title='bbox 865 4648 1082 4706; x_wconf 74' lang='grc' dir='ltr'>Στέλλει</span> <span class='ocrx_word' id='word_1_696' title='bbox 1140 4646 1194 4703; x_wconf 72' lang='grc' dir='ltr'>δὲ</span> <span class='ocrx_word' id='word_1_697' title='bbox 1255 4649 1342 4703; x_wconf 82' lang='grc' dir='ltr'><strong>καὶ</strong></span> <span class='ocrx_word' id='word_1_698' title='bbox 1403 4647 1586 4722; x_wconf 68' lang='grc' dir='ltr'>αυτὸν,</span> <span class='ocrx_word' id='word_1_699' title='bbox 1648 4650 1724 4708; x_wconf 87' lang='grc' dir='ltr'>ὡς</span> <span class='ocrx_word' id='word_1_700' title='bbox 1768 4647 1966 4721; x_wconf 88' lang='grc' dir='ltr'>εἰώθει,</span> 
     </span>
    </p>
   </div>
   <div class='ocr_carea' id='block_1_95' title="bbox 2062 4641 3700 4728">
    <p class='ocr_par' dir='ltr' id='par_1_95' title="bbox 2062 4641 3700 4722">
     <span class='ocr_line' id='line_1_96' title="bbox 2062 4641 3700 4722; baseline 0.001 -20"><span class='ocrx_word' id='word_1_701' title='bbox 2062 4641 2239 4702; x_wconf 91' lang='lat' dir='ltr'><strong>Porro</strong></span> <span class='ocrx_word' id='word_1_702' title='bbox 2267 4648 2463 4702; x_wconf 88' lang='lat' dir='ltr'><strong>autem</strong></span> <span class='ocrx_word' id='word_1_703' title='bbox 2497 4642 2690 4721; x_wconf 89' lang='lat' dir='ltr'><strong>ipsum</strong></span> <span class='ocrx_word' id='word_1_704' title='bbox 2725 4661 2966 4722; x_wconf 87' lang='lat' dir='ltr'><strong>quoque</strong></span> <span class='ocrx_word' id='word_1_705' title='bbox 2993 4642 3192 4716; x_wconf 91' lang='lat' dir='ltr'><strong>mittit,</strong></span> <span class='ocrx_word' id='word_1_706' title='bbox 3229 4649 3293 4703; x_wconf 79' lang='lat' dir='ltr'><strong>ut</strong></span> <span class='ocrx_word' id='word_1_707' title='bbox 3322 4642 3576 4722; x_wconf 89' lang='lat' dir='ltr'><strong>solebat,</strong></span> <span class='ocrx_word' id='word_1_708' title='bbox 3629 4643 3700 4704; x_wconf 90' lang='lat' dir='ltr'><strong>ad</strong></span> 
     </span>
    </p>
   </div>
   <div class='ocr_carea' id='block_1_96' title="bbox 326 4733 1966 4815">
    <p class='ocr_par' dir='ltr' id='par_1_96' title="bbox 326 4733 1966 4815">
     <span class='ocr_line' id='line_1_97' title="bbox 326 4733 1966 4815; baseline -0.002 -18"><span class='ocrx_word' id='word_1_709' title='bbox 326 4739 462 4797; x_wconf 75' lang='grc' dir='ltr'>ἰδεῖν</span> <span class='ocrx_word' id='word_1_710' title='bbox 513 4761 568 4796; x_wconf 89' lang='grc' dir='ltr'><strong>τε</strong></span> <span class='ocrx_word' id='word_1_711' title='bbox 613 4741 704 4795; x_wconf 81' lang='grc' dir='ltr'>τὸν</span> <span class='ocrx_word' id='word_1_712' title='bbox 748 4739 915 4815; x_wconf 79' lang='grc' dir='ltr'>μέγαν</span> <span class='ocrx_word' id='word_1_713' title='bbox 975 4739 1060 4794; x_wconf 83' lang='grc' dir='ltr'><strong>καὶ</strong></span> <span class='ocrx_word' id='word_1_714' title='bbox 1106 4737 1345 4814; x_wconf 67' lang='grc' dir='ltr'>εὐλογίας</span> <span class='ocrx_word' id='word_1_715' title='bbox 1391 4736 1589 4793; x_wconf 83' lang='grc' dir='ltr'>ἐκείνου</span> <span class='ocrx_word' id='word_1_716' title='bbox 1619 4733 1966 4808; x_wconf 77' lang='grc' dir='ltr'>μεταλαϐεῖν.</span> 
     </span>
    </p>
   </div>
   <div class='ocr_carea' id='block_1_97' title="bbox 329 4821 1968 4905">
    <p class='ocr_par' dir='ltr' id='par_1_97' title="bbox 329 4821 1968 4905">
     <span class='ocr_line' id='line_1_98' title="bbox 329 4821 1968 4905; baseline 0.007 -35"><span class='ocrx_word' id='word_1_717' title='bbox 329 4821 390 4886; x_wconf 77' lang='grc' dir='ltr'>ὀ</span> <span class='ocrx_word' id='word_1_718' title='bbox 443 4828 497 4884; x_wconf 67' lang='lat'><strong>8‘;</strong></span> <span class='ocrx_word' id='word_1_719' title='bbox 542 4829 668 4905; x_wconf 71' lang='grc' dir='ltr'>πρὸς</span> <span class='ocrx_word' id='word_1_720' title='bbox 720 4829 872 4884; x_wconf 72' lang='grc' dir='ltr'>αὒτὸν</span> <span class='ocrx_word' id='word_1_721' title='bbox 931 4827 1198 4898; x_wconf 82' lang='grc' dir='ltr'>ἀπελθὼν,</span> <span class='ocrx_word' id='word_1_722' title='bbox 1263 4827 1351 4882; x_wconf 80' lang='grc' dir='ltr'><strong>καὶ</strong></span> <span class='ocrx_word' id='word_1_723' title='bbox 1412 4827 1502 4880; x_wconf 88' lang='grc' dir='ltr'><strong>τόν</strong></span> <span class='ocrx_word' id='word_1_724' title='bbox 1555 4846 1613 4880; x_wconf 89' lang='grc' dir='ltr'><strong>τε</strong></span> <span class='ocrx_word' id='word_1_725' title='bbox 1654 4826 1767 4902; x_wconf 85' lang='grc' dir='ltr'>βίον</span> <span class='ocrx_word' id='word_1_726' title='bbox 1799 4846 1968 4881; x_wconf 86' lang='grc' dir='ltr'>κατα-</span> 
     </span>
    </p>
   </div>
   <div class='ocr_carea' id='block_1_98' title="bbox 328 4911 1968 4995">
    <p class='ocr_par' dir='ltr' id='par_1_98' title="bbox 328 4911 1968 4995">
     <span class='ocr_line' id='line_1_99' title="bbox 328 4911 1968 4995; baseline -0.004 -19"><span class='ocrx_word' id='word_1_727' title='bbox 328 4919 513 4994; x_wconf 82' lang='grc' dir='ltr'>μαθὼν</span> <span class='ocrx_word' id='word_1_728' title='bbox 545 4919 778 4981; x_wconf 80' lang='grc' dir='ltr'>καὶτοῖς</span> <span class='ocrx_word' id='word_1_729' title='bbox 808 4916 988 4995; x_wconf 82' lang='grc' dir='ltr'>λόγοις</span> <span class='ocrx_word' id='word_1_730' title='bbox 1047 4917 1112 4971; x_wconf 78' lang='grc' dir='ltr'>τὰ</span> <span class='ocrx_word' id='word_1_731' title='bbox 1163 4916 1328 4978; x_wconf 69' lang='grc' dir='ltr'>ὅντως</span> <span class='ocrx_word' id='word_1_732' title='bbox 1389 4913 1636 4990; x_wconf 66' lang='grc' dir='ltr'>ὠφέλιμα</span> <span class='ocrx_word' id='word_1_733' title='bbox 1678 4911 1968 4993; x_wconf 73' lang='grc' dir='ltr'>διδαχθεὶς,</span> 
     </span>
    </p>
   </div>
   <div class='ocr_carea' id='block_1_99' title="bbox 327 5002 1971 5075">
    <p class='ocr_par' dir='ltr' id='par_1_99' title="bbox 327 5002 1971 5075">
     <span class='ocr_line' id='line_1_100' title="bbox 327 5002 1971 5075; baseline -0.004 -11"><span class='ocrx_word' id='word_1_734' title='bbox 327 5009 430 5064; x_wconf 74' lang='grc' dir='ltr'><strong>καί</strong></span> <span class='ocrx_word' id='word_1_735' title='bbox 485 5005 764 5063; x_wconf 83' lang='grc' dir='ltr'>ἀλλοίωσιν</span> <span class='ocrx_word' id='word_1_736' title='bbox 820 5007 940 5064; x_wconf 78' lang='grc' dir='ltr'>οἶόν</span> <span class='ocrx_word' id='word_1_737' title='bbox 999 5027 1115 5062; x_wconf 86' lang='grc' dir='ltr'>τινα</span> <span class='ocrx_word' id='word_1_738' title='bbox 1168 5004 1308 5060; x_wconf 84' lang='grc' dir='ltr'>θείαν</span> <span class='ocrx_word' id='word_1_739' title='bbox 1368 5003 1700 5075; x_wconf 78' lang='grc' dir='ltr'>ἀλλοιωθεὶς,</span> <span class='ocrx_word' id='word_1_740' title='bbox 1751 5002 1844 5058; x_wconf 83' lang='grc' dir='ltr'><strong>καί</strong></span> <span class='ocrx_word' id='word_1_741' title='bbox 1898 5005 1971 5067; x_wconf 88' lang='grc' dir='ltr'><strong>εἰς</strong></span> 
     </span>
    </p>
   </div>
   <div class='ocr_carea' id='block_1_100' title="bbox 328 5091 1978 5176">
    <p class='ocr_par' dir='ltr' id='par_1_100' title="bbox 328 5091 1978 5176">
     <span class='ocr_line' id='line_1_101' title="bbox 328 5091 1978 5176; baseline -0.004 -22"><span class='ocrx_word' id='word_1_742' title='bbox 328 5095 596 5176; x_wconf 56' lang='grc' dir='ltr'>πρόϐατον</span> <span class='ocrx_word' id='word_1_743' title='bbox 654 5096 713 5151; x_wconf 86' lang='grc' dir='ltr'><strong>ἐκ</strong></span> <span class='ocrx_word' id='word_1_744' title='bbox 769 5095 926 5152; x_wconf 65' lang='grc' dir='ltr'>λόκου</span> <span class='ocrx_word' id='word_1_745' title='bbox 980 5091 1357 5169; x_wconf 66' lang='grc' dir='ltr'>μεταϐληθεὶς,</span> <span class='ocrx_word' id='word_1_746' title='bbox 1409 5091 1705 5170; x_wconf 84' lang='grc' dir='ltr'>στρατείαις</span> <span class='ocrx_word' id='word_1_747' title='bbox 1757 5092 1854 5166; x_wconf 79' lang='grc' dir='ltr'>μὲν</span> <span class='ocrx_word' id='word_1_748' title='bbox 1890 5094 1978 5148; x_wconf 80' lang='grc' dir='ltr'><strong>καὶ</strong></span> 
     </span>
    </p>
   </div>
   <div class='ocr_carea' id='block_1_101' title="bbox 328 5179 1974 5264">
    <p class='ocr_par' dir='ltr' id='par_1_101' title="bbox 328 5179 1974 5264">
     <span class='ocr_line' id='line_1_102' title="bbox 328 5179 1974 5264; baseline -0.005 -18"><span class='ocrx_word' id='word_1_749' title='bbox 328 5187 590 5260; x_wconf 75' lang='grc' dir='ltr'>πολέμοις</span> <span class='ocrx_word' id='word_1_750' title='bbox 622 5187 799 5262; x_wconf 75' lang='grc' dir='ltr'>μαγρα</span> <span class='ocrx_word' id='word_1_751' title='bbox 855 5185 1062 5264; x_wconf 74' lang='grc' dir='ltr'>χαίρειν</span> <span class='ocrx_word' id='word_1_752' title='bbox 1119 5185 1245 5239; x_wconf 76' lang='grc' dir='ltr'>εἷπε</span> <span class='ocrx_word' id='word_1_753' title='bbox 1302 5181 1400 5238; x_wconf 63' lang='grc' dir='ltr'><strong>καί</strong></span> <span class='ocrx_word' id='word_1_754' title='bbox 1458 5195 1578 5243; x_wconf 85' lang='grc' dir='ltr'>ταῖς</span> <span class='ocrx_word' id='word_1_755' title='bbox 1625 5181 1686 5236; x_wconf 81' lang='grc' dir='ltr'><strong>ἐκ</strong></span> <span class='ocrx_word' id='word_1_756' title='bbox 1714 5179 1974 5256; x_wconf 79' lang='grc' dir='ltr'>βασιλέως</span> 
     </span>
    </p>
   </div>
   <div class='ocr_carea' id='block_1_102' title="bbox 325 5269 1974 5352">
    <p class='ocr_par' dir='ltr' id='par_1_102' title="bbox 325 5269 1974 5352">
     <span class='ocr_line' id='line_1_103' title="bbox 325 5269 1974 5352; baseline -0.005 -18"><span class='ocrx_word' id='word_1_757' title='bbox 325 5291 542 5352; x_wconf 74' lang='grc' dir='ltr'>τιμαῖς,</span> <span class='ocrx_word' id='word_1_758' title='bbox 606 5274 702 5331; x_wconf 65' lang='grc' dir='ltr'>καὶ</span> <span class='ocrx_word' id='word_1_759' title='bbox 753 5277 780 5330; x_wconf 71' lang='grc' dir='ltr'>ὃ</span> <span class='ocrx_word' id='word_1_760' title='bbox 837 5275 938 5351; x_wconf 83' lang='grc' dir='ltr'><strong>πρὸ</strong></span> <span class='ocrx_word' id='word_1_761' title='bbox 992 5280 1082 5330; x_wconf 80' lang='grc' dir='ltr'>τοῦ</span> <span class='ocrx_word' id='word_1_762' title='bbox 1124 5279 1320 5352; x_wconf 76' lang='grc' dir='ltr'>χρόνον</span> <span class='ocrx_word' id='word_1_763' title='bbox 1350 5271 1559 5328; x_wconf 74' lang='grc' dir='ltr'>ἅπαντα</span> <span class='ocrx_word' id='word_1_764' title='bbox 1605 5272 1734 5346; x_wconf 75' lang='grc' dir='ltr'>πρὸς</span> <span class='ocrx_word' id='word_1_765' title='bbox 1767 5269 1974 5346; x_wconf 69' lang='grc' dir='ltr'>αἵματα</span> 
     </span>
    </p>
   </div>
   <div class='ocr_carea' id='block_1_103' title="bbox 324 5358 1972 5446">
    <p class='ocr_par' dir='ltr' id='par_1_103' title="bbox 324 5358 1972 5446">
     <span class='ocr_line' id='line_1_104' title="bbox 324 5358 1972 5446; baseline -0.005 -22"><span class='ocrx_word' id='word_1_766' title='bbox 324 5368 422 5425; x_wconf 82' lang='grc' dir='ltr'><strong>καί</strong></span> <span class='ocrx_word' id='word_1_767' title='bbox 475 5364 678 5446; x_wconf 65' lang='grc' dir='ltr'>σφαγάς</span> <span class='ocrx_word' id='word_1_768' title='bbox 740 5364 1236 5443; x_wconf 73' lang='grc' dir='ltr'>ἐγγεγυμνασμένος</span> <span class='ocrx_word' id='word_1_769' title='bbox 1276 5360 1395 5441; x_wconf 70' lang='grc' dir='ltr'>(καῖ</span> <span class='ocrx_word' id='word_1_770' title='bbox 1441 5361 1491 5418; x_wconf 83' lang='grc' dir='ltr'><strong>τί</strong></span> <span class='ocrx_word' id='word_1_771' title='bbox 1545 5360 1644 5440; x_wconf 83' lang='grc' dir='ltr'><strong>γὰρ</strong></span> <span class='ocrx_word' id='word_1_772' title='bbox 1703 5358 1834 5415; x_wconf 81' lang='grc' dir='ltr'>ἀλλο</span> <span class='ocrx_word' id='word_1_773' title='bbox 1865 5359 1972 5417; x_wconf 82' lang='grc' dir='ltr'><strong>ἐστί</strong></span> 
     </span>
    </p>
   </div>
   <div class='ocr_carea' id='block_1_104' title="bbox 325 5448 1972 5536">
    <p class='ocr_par' dir='ltr' id='par_1_104' title="bbox 325 5448 1972 5536">
     <span class='ocr_line' id='line_1_105' title="bbox 325 5448 1972 5536; baseline -0.006 -22"><span class='ocrx_word' id='word_1_774' title='bbox 325 5457 686 5536; x_wconf 77' lang='grc' dir='ltr'>στρατιώτης,</span> <span class='ocrx_word' id='word_1_775' title='bbox 730 5455 818 5509; x_wconf 87' lang='grc' dir='ltr'><strong>καὶ</strong></span> <span class='ocrx_word' id='word_1_776' title='bbox 867 5455 1030 5509; x_wconf 75' lang='grc' dir='ltr'>ταῦτα</span> <span class='ocrx_word' id='word_1_777' title='bbox 1088 5449 1346 5529; x_wconf 82' lang='grc' dir='ltr'>βάρϐαρος</span> <span class='ocrx_word' id='word_1_778' title='bbox 1376 5449 1420 5531; x_wconf 69' lang='grc' dir='ltr'><strong>ς)</strong></span> <span class='ocrx_word' id='word_1_779' title='bbox 1483 5449 1769 5531; x_wconf 72' lang='grc' dir='ltr'>φιλόσοφος</span> <span class='ocrx_word' id='word_1_780' title='bbox 1823 5448 1972 5513; x_wconf 85' lang='grc' dir='ltr'>οὗτος</span> 
     </span>
    </p>
   </div>
   <div class='ocr_carea' id='block_1_105' title="bbox 323 5538 1976 5621">
    <p class='ocr_par' dir='ltr' id='par_1_105' title="bbox 323 5538 1976 5621">
     <span class='ocr_line' id='line_1_106' title="bbox 323 5538 1976 5621; baseline -0.008 -16"><span class='ocrx_word' id='word_1_781' title='bbox 323 5549 472 5607; x_wconf 67' lang='grc' dir='ltr'>εὒθὺς</span> <span class='ocrx_word' id='word_1_782' title='bbox 519 5544 613 5600; x_wconf 76' lang='grc' dir='ltr'><strong>καί</strong></span> <span class='ocrx_word' id='word_1_783' title='bbox 647 5542 874 5621; x_wconf 71' lang='grc' dir='ltr'>Χριστοῦ</span> <span class='ocrx_word' id='word_1_784' title='bbox 927 5552 1021 5601; x_wconf 78' lang='grc' dir='ltr'>τοῦ</span> <span class='ocrx_word' id='word_1_785' title='bbox 1064 5539 1232 5619; x_wconf 63' lang='grc' dir='ltr'>πρίω</span> <span class='ocrx_word' id='word_1_786' title='bbox 1287 5541 1531 5616; x_wconf 76' lang='grc' dir='ltr'>μαθητὴς</span> <span class='ocrx_word' id='word_1_787' title='bbox 1566 5541 1655 5619; x_wconf 81' lang='grc' dir='ltr'>ἦν,</span> <span class='ocrx_word' id='word_1_788' title='bbox 1709 5538 1976 5617; x_wconf 83' lang='grc' dir='ltr'>κείρασθαί</span> 
     </span>
    </p>
   </div>
   <div class='ocr_carea' id='block_1_106' title="bbox 326 5631 1976 5709">
    <p class='ocr_par' dir='ltr' id='par_1_106' title="bbox 326 5631 1976 5709">
     <span class='ocr_line' id='line_1_107' title="bbox 326 5631 1976 5709; baseline -0.005 -16"><span class='ocrx_word' id='word_1_789' title='bbox 326 5659 383 5694; x_wconf 86' lang='grc' dir='ltr'><strong>τε</strong></span> <span class='ocrx_word' id='word_1_790' title='bbox 442 5637 542 5704; x_wconf 74' lang='grc' dir='ltr'><strong>τὴν</strong></span> <span class='ocrx_word' id='word_1_791' title='bbox 589 5635 764 5709; x_wconf 75' lang='grc' dir='ltr'>κόμην</span> <span class='ocrx_word' id='word_1_792' title='bbox 821 5636 905 5689; x_wconf 83' lang='grc' dir='ltr'><strong>καὶ</strong></span> <span class='ocrx_word' id='word_1_793' title='bbox 966 5631 1287 5709; x_wconf 77' lang='grc' dir='ltr'>συνταγῆναι</span> <span class='ocrx_word' id='word_1_794' title='bbox 1339 5643 1454 5692; x_wconf 87' lang='grc' dir='ltr'>τοῖς</span> <span class='ocrx_word' id='word_1_795' title='bbox 1501 5631 1657 5686; x_wconf 69' lang='grc' dir='ltr'>αὐτοῦ</span> <span class='ocrx_word' id='word_1_796' title='bbox 1689 5643 1976 5709; x_wconf 79' lang='grc' dir='ltr'>φοιτηταῖς</span> 
     </span>
    </p>
   </div>
   <div class='ocr_carea' id='block_1_107' title="bbox 323 5717 1978 5800">
    <p class='ocr_par' dir='ltr' id='par_1_107' title="bbox 323 5717 1978 5800">
     <span class='ocr_line' id='line_1_108' title="bbox 323 5717 1978 5800; baseline -0.006 -16"><span class='ocrx_word' id='word_1_797' title='bbox 323 5726 527 5792; x_wconf 75' lang='grc' dir='ltr'>ἒδεϊτο,</span> <span class='ocrx_word' id='word_1_798' title='bbox 562 5721 786 5782; x_wconf 80' lang='grc' dir='ltr'>Ἐπείδὲ</span> <span class='ocrx_word' id='word_1_799' title='bbox 813 5724 899 5781; x_wconf 77' lang='grc' dir='ltr'>καὶ</span> <span class='ocrx_word' id='word_1_800' title='bbox 930 5723 1020 5780; x_wconf 75' lang='grc' dir='ltr'><strong>τὸν</strong></span> <span class='ocrx_word' id='word_1_801' title='bbox 1063 5719 1234 5799; x_wconf 84' lang='grc' dir='ltr'>μέγαν</span> <span class='ocrx_word' id='word_1_802' title='bbox 1267 5719 1407 5800; x_wconf 73' lang='grc' dir='ltr'>ἐώρα</span> <span class='ocrx_word' id='word_1_803' title='bbox 1450 5731 1576 5786; x_wconf 87' lang='grc' dir='ltr'>ταῖς</span> <span class='ocrx_word' id='word_1_804' title='bbox 1631 5718 1790 5781; x_wconf 73' lang='grc' dir='ltr'>αὐτοῦ</span> <span class='ocrx_word' id='word_1_805' title='bbox 1847 5717 1978 5790; x_wconf 80' lang='grc' dir='ltr'>δεή-</span> 
     </span>
    </p>
   </div>
   <div class='ocr_carea' id='block_1_108' title="bbox 2059 4729 3704 4811">
    <p class='ocr_par' dir='ltr' id='par_1_108' title="bbox 2059 4729 3704 4811">
     <span class='ocr_line' id='line_1_109' title="bbox 2059 4729 3704 4811; baseline 0.001 -20"><span class='ocrx_word' id='word_1_806' title='bbox 2059 4749 2336 4810; x_wconf 82' lang='lat' dir='ltr'><strong>magnum</strong></span> <span class='ocrx_word' id='word_1_807' title='bbox 2361 4729 2684 4792; x_wconf 91' lang='lat' dir='ltr'><strong>videndum</strong></span> <span class='ocrx_word' id='word_1_808' title='bbox 2713 4730 3114 4806; x_wconf 89' lang='lat' dir='ltr'><strong>Danielem,et</strong></span> <span class='ocrx_word' id='word_1_809' title='bbox 3136 4730 3548 4810; x_wconf 87' lang='lat' dir='ltr'><strong>accipiendam</strong></span> <span class='ocrx_word' id='word_1_810' title='bbox 3573 4731 3704 4811; x_wconf 82' lang='lat' dir='ltr'><strong>ejus</strong></span> 
     </span>
    </p>
   </div>
   <div class='ocr_carea' id='block_1_109' title="bbox 2055 4819 3704 4902">
    <p class='ocr_par' dir='ltr' id='par_1_109' title="bbox 2055 4819 3704 4902">
     <span class='ocr_line' id='line_1_110' title="bbox 2055 4819 3704 4902; baseline 0.002 -21"><span class='ocrx_word' id='word_1_811' title='bbox 2055 4819 2718 4881; x_wconf 76' lang='lat' dir='ltr'><strong>benedictionem.Cum</strong></span> <span class='ocrx_word' id='word_1_812' title='bbox 2745 4838 2888 4882; x_wconf 86' lang='lat' dir='ltr'><strong>vero</strong></span> <span class='ocrx_word' id='word_1_813' title='bbox 2911 4821 2983 4882; x_wconf 87' lang='lat' dir='ltr'><strong>ad</strong></span> <span class='ocrx_word' id='word_1_814' title='bbox 3011 4839 3144 4881; x_wconf 92' lang='lat' dir='ltr'><strong>eum</strong></span> <span class='ocrx_word' id='word_1_815' title='bbox 3172 4820 3458 4895; x_wconf 85' lang='lat' dir='ltr'><strong>venisset,</strong></span> <span class='ocrx_word' id='word_1_816' title='bbox 3487 4828 3544 4882; x_wconf 91' lang='lat' dir='ltr'><strong>et</strong></span> <span class='ocrx_word' id='word_1_817' title='bbox 3574 4823 3704 4902; x_wconf 89' lang='lat' dir='ltr'><strong>ejus</strong></span> 
     </span>
    </p>
   </div>
   <div class='ocr_carea' id='block_1_110' title="bbox 2053 4908 3704 4989">
    <p class='ocr_par' dir='ltr' id='par_1_110' title="bbox 2053 4908 3704 4989">
     <span class='ocr_line' id='line_1_111' title="bbox 2053 4908 3704 4989; baseline 0.002 -21"><span class='ocrx_word' id='word_1_818' title='bbox 2053 4911 2230 4969; x_wconf 85' lang='lat' dir='ltr'><strong>vitam</strong></span> <span class='ocrx_word' id='word_1_819' title='bbox 2262 4908 2667 4988; x_wconf 83' lang='lat' dir='ltr'><strong>didicisset,et</strong></span> <span class='ocrx_word' id='word_1_820' title='bbox 2697 4909 3083 4970; x_wconf 88' lang='lat' dir='ltr'><strong>sermonibus</strong></span> <span class='ocrx_word' id='word_1_821' title='bbox 3112 4927 3182 4971; x_wconf 89' lang='lat' dir='ltr'><strong>ea</strong></span> <span class='ocrx_word' id='word_1_822' title='bbox 3205 4928 3338 4989; x_wconf 83' lang='lat' dir='ltr'><strong>quae</strong></span> <span class='ocrx_word' id='word_1_823' title='bbox 3371 4928 3509 4971; x_wconf 87' lang='lat' dir='ltr'><strong>vere</strong></span> <span class='ocrx_word' id='word_1_824' title='bbox 3535 4919 3704 4972; x_wconf 90' lang='lat' dir='ltr'><strong>erant</strong></span> 
     </span>
    </p>
   </div>
   <div class='ocr_carea' id='block_1_111' title="bbox 2057 4997 3705 5078">
    <p class='ocr_par' dir='ltr' id='par_1_111' title="bbox 2057 4997 3705 5078">
     <span class='ocr_line' id='line_1_112' title="bbox 2057 4997 3705 5078; baseline 0.002 -19"><span class='ocrx_word' id='word_1_825' title='bbox 2057 4999 2245 5076; x_wconf 85' lang='lat' dir='ltr'><strong>utilia,</strong></span> <span class='ocrx_word' id='word_1_826' title='bbox 2298 4997 2510 5059; x_wconf 87' lang='lat' dir='ltr'><strong>doctus</strong></span> <span class='ocrx_word' id='word_1_827' title='bbox 2561 5006 2743 5078; x_wconf 89' lang='lat' dir='ltr'><strong>esset,</strong></span> <span class='ocrx_word' id='word_1_828' title='bbox 2801 5006 2859 5059; x_wconf 88' lang='lat' dir='ltr'><strong>et</strong></span> <span class='ocrx_word' id='word_1_829' title='bbox 2917 4997 3112 5059; x_wconf 89' lang='lat' dir='ltr'><strong>divina</strong></span> <span class='ocrx_word' id='word_1_830' title='bbox 3145 4998 3398 5078; x_wconf 89' lang='lat' dir='ltr'><strong>quadam</strong></span> <span class='ocrx_word' id='word_1_831' title='bbox 3449 5007 3705 5062; x_wconf 87' lang='lat' dir='ltr'><strong>mutatus</strong></span> 
     </span>
    </p>
   </div>
   <div class='ocr_carea' id='block_1_112' title="bbox 2063 5087 3704 5166">
    <p class='ocr_par' dir='ltr' id='par_1_112' title="bbox 2063 5087 3704 5166">
     <span class='ocr_line' id='line_1_113' title="bbox 2063 5087 3704 5166; baseline 0.001 -17"><span class='ocrx_word' id='word_1_832' title='bbox 2063 5100 2222 5149; x_wconf 85' lang='lat' dir='ltr'><strong>esset.</strong></span> <span class='ocrx_word' id='word_1_833' title='bbox 2245 5088 2589 5162; x_wconf 77' lang='lat' dir='ltr'><strong>mutatione,</strong></span> <span class='ocrx_word' id='word_1_834' title='bbox 2625 5095 2684 5148; x_wconf 90' lang='lat' dir='ltr'><strong>et</strong></span> <span class='ocrx_word' id='word_1_835' title='bbox 2715 5105 2788 5149; x_wconf 83' lang='lat' dir='ltr'><strong>ex</strong></span> <span class='ocrx_word' id='word_1_836' title='bbox 2819 5087 2957 5166; x_wconf 90' lang='lat' dir='ltr'><strong>lupo</strong></span> <span class='ocrx_word' id='word_1_837' title='bbox 2986 5087 3046 5147; x_wconf 89' lang='lat' dir='ltr'><strong>in</strong></span> <span class='ocrx_word' id='word_1_838' title='bbox 3071 5106 3240 5148; x_wconf 89' lang='lat' dir='ltr'><strong>ovem</strong></span> <span class='ocrx_word' id='word_1_839' title='bbox 3267 5096 3426 5148; x_wconf 91' lang='lat' dir='ltr'><strong>esset</strong></span> <span class='ocrx_word' id='word_1_840' title='bbox 3449 5107 3704 5151; x_wconf 86' lang='lat' dir='ltr'><strong>conver-</strong></span> 
     </span>
    </p>
   </div>
   <div class='ocr_carea' id='block_1_113' title="bbox 2060 5175 3705 5257">
    <p class='ocr_par' dir='ltr' id='par_1_113' title="bbox 2060 5175 3705 5257">
     <span class='ocr_line' id='line_1_114' title="bbox 2060 5175 3705 5257; baseline 0 -18"><span class='ocrx_word' id='word_1_841' title='bbox 2060 5177 2434 5251; x_wconf 86' lang='lat' dir='ltr'><strong>sus,militias</strong></span> <span class='ocrx_word' id='word_1_842' title='bbox 2449 5176 2690 5257; x_wconf 89' lang='lat' dir='ltr'><strong>quidem</strong></span> <span class='ocrx_word' id='word_1_843' title='bbox 2716 5185 2774 5237; x_wconf 93' lang='lat' dir='ltr'><strong>et</strong></span> <span class='ocrx_word' id='word_1_844' title='bbox 2797 5175 2953 5239; x_wconf 87' lang='lat' dir='ltr'><strong>bella</strong></span> <span class='ocrx_word' id='word_1_845' title='bbox 2974 5185 3033 5237; x_wconf 90' lang='lat' dir='ltr'><strong>et</strong></span> <span class='ocrx_word' id='word_1_846' title='bbox 3055 5176 3309 5238; x_wconf 90' lang='lat' dir='ltr'><strong>honores</strong></span> <span class='ocrx_word' id='word_1_847' title='bbox 3330 5177 3705 5257; x_wconf 91' lang='lat' dir='ltr'><strong>imperatoris</strong></span> 
     </span>
    </p>
   </div>
   <div class='ocr_carea' id='block_1_114' title="bbox 2059 5265 3700 5346">
    <p class='ocr_par' dir='ltr' id='par_1_114' title="bbox 2059 5265 3700 5346">
     <span class='ocr_line' id='line_1_115' title="bbox 2059 5265 3700 5346; baseline 0.001 -19"><span class='ocrx_word' id='word_1_848' title='bbox 2059 5266 2310 5327; x_wconf 90' lang='lat' dir='ltr'><strong>multum</strong></span> <span class='ocrx_word' id='word_1_849' title='bbox 2343 5265 2762 5346; x_wconf 88' lang='lat' dir='ltr'><strong>valercjussit,</strong></span> <span class='ocrx_word' id='word_1_850' title='bbox 2799 5274 2858 5326; x_wconf 87' lang='lat' dir='ltr'><strong>et</strong></span> <span class='ocrx_word' id='word_1_851' title='bbox 2889 5265 2990 5346; x_wconf 89' lang='lat' dir='ltr'><strong>qui</strong></span> <span class='ocrx_word' id='word_1_852' title='bbox 3019 5273 3142 5327; x_wconf 91' lang='lat' dir='ltr'><strong>toto</strong></span> <span class='ocrx_word' id='word_1_853' title='bbox 3165 5275 3303 5328; x_wconf 88' lang='lat' dir='ltr'><strong>ante</strong></span> <span class='ocrx_word' id='word_1_854' title='bbox 3331 5274 3601 5346; x_wconf 88' lang='lat' dir='ltr'><strong>tempore</strong></span> <span class='ocrx_word' id='word_1_855' title='bbox 3628 5269 3700 5329; x_wconf 91' lang='lat' dir='ltr'><strong>ad</strong></span> 
     </span>
    </p>
   </div>
   <div class='ocr_carea' id='block_1_115' title="bbox 2055 5354 3697 5436">
    <p class='ocr_par' dir='ltr' id='par_1_115' title="bbox 2055 5354 3697 5436">
     <span class='ocr_line' id='line_1_116' title="bbox 2055 5354 3697 5436; baseline 0.001 -19"><span class='ocrx_word' id='word_1_856' title='bbox 2055 5355 2407 5435; x_wconf 76' lang='lat' dir='ltr'><strong>sanguinem</strong></span> <span class='ocrx_word' id='word_1_857' title='bbox 2440 5362 2499 5416; x_wconf 90' lang='lat' dir='ltr'><strong>et</strong></span> <span class='ocrx_word' id='word_1_858' title='bbox 2531 5354 2751 5417; x_wconf 65' lang='lat' dir='ltr'><strong>caadem</strong></span> <span class='ocrx_word' id='word_1_859' title='bbox 2785 5365 2912 5417; x_wconf 89' lang='lat' dir='ltr'><strong>erat</strong></span> <span class='ocrx_word' id='word_1_860' title='bbox 2943 5354 3296 5417; x_wconf 75' lang='lat' dir='ltr'><strong>eXereitatus</strong></span> <span class='ocrx_word' id='word_1_861' title='bbox 3343 5355 3506 5436; x_wconf 90' lang='lat' dir='ltr'><strong>(quid</strong></span> <span class='ocrx_word' id='word_1_862' title='bbox 3539 5355 3697 5418; x_wconf 91' lang='lat' dir='ltr'><strong>enim</strong></span> 
     </span>
    </p>
   </div>
   <div class='ocr_carea' id='block_1_116' title="bbox 2055 5443 3698 5527">
    <p class='ocr_par' dir='ltr' id='par_1_116' title="bbox 2055 5443 3698 5527">
     <span class='ocr_line' id='line_1_117' title="bbox 2055 5443 3698 5527; baseline -0.001 -20"><span class='ocrx_word' id='word_1_863' title='bbox 2055 5445 2213 5508; x_wconf 89' lang='lat' dir='ltr'><strong>aliud</strong></span> <span class='ocrx_word' id='word_1_864' title='bbox 2271 5453 2362 5506; x_wconf 92' lang='lat' dir='ltr'><strong>est</strong></span> <span class='ocrx_word' id='word_1_865' title='bbox 2423 5445 2617 5520; x_wconf 90' lang='lat' dir='ltr'><strong>miles,</strong></span> <span class='ocrx_word' id='word_1_866' title='bbox 2677 5443 2857 5527; x_wconf 90' lang='lat' dir='ltr'><strong>idque</strong></span> <span class='ocrx_word' id='word_1_867' title='bbox 2908 5443 3286 5520; x_wconf 82' lang='lat' dir='ltr'><strong>barbarus?),</strong></span> <span class='ocrx_word' id='word_1_868' title='bbox 3341 5445 3390 5505; x_wconf 88' lang='lat' dir='ltr'><strong>is</strong></span> <span class='ocrx_word' id='word_1_869' title='bbox 3451 5453 3698 5525; x_wconf 90' lang='lat' dir='ltr'><strong>repente</strong></span> 
     </span>
    </p>
   </div>
   <div class='ocr_carea' id='block_1_117' title="bbox 2058 5531 3701 5616">
    <p class='ocr_par' dir='ltr' id='par_1_117' title="bbox 2058 5531 3701 5616">
     <span class='ocr_line' id='line_1_118' title="bbox 2058 5531 3701 5616; baseline -0.001 -20"><span class='ocrx_word' id='word_1_870' title='bbox 2058 5534 2472 5616; x_wconf 88' lang='lat' dir='ltr'><strong>philosophus,</strong></span> <span class='ocrx_word' id='word_1_871' title='bbox 2507 5543 2566 5596; x_wconf 90' lang='lat' dir='ltr'><strong>et</strong></span> <span class='ocrx_word' id='word_1_872' title='bbox 2619 5533 2777 5596; x_wconf 90' lang='lat' dir='ltr'><strong>mitis</strong></span> <span class='ocrx_word' id='word_1_873' title='bbox 2809 5533 3028 5598; x_wconf 89' lang='lat' dir='ltr'><strong>Christi</strong></span> <span class='ocrx_word' id='word_1_874' title='bbox 3060 5542 3186 5594; x_wconf 83' lang='lat' dir='ltr'><strong>erat</strong></span> <span class='ocrx_word' id='word_1_875' title='bbox 3229 5531 3558 5613; x_wconf 88' lang='lat' dir='ltr'><strong>discipulus</strong></span> <span class='ocrx_word' id='word_1_876' title='bbox 3588 5551 3600 5591; x_wconf 92' lang='lat'>:</span> <span class='ocrx_word' id='word_1_877' title='bbox 3640 5544 3701 5594; x_wconf 91' lang='lat' dir='ltr'><strong>et</strong></span> 
     </span>
    </p>
   </div>
   <div class='ocr_carea' id='block_1_118' title="bbox 2062 5622 3697 5702">
    <p class='ocr_par' dir='ltr' id='par_1_118' title="bbox 2062 5622 3697 5702">
     <span class='ocr_line' id='line_1_119' title="bbox 2062 5622 3697 5702; baseline -0.002 -17"><span class='ocrx_word' id='word_1_878' title='bbox 2062 5623 2327 5702; x_wconf 82' lang='lat' dir='ltr'><strong>rogabat,</strong></span> <span class='ocrx_word' id='word_1_879' title='bbox 2357 5623 2764 5686; x_wconf 81' lang='lat' dir='ltr'><strong>utreferretur</strong></span> <span class='ocrx_word' id='word_1_880' title='bbox 2786 5623 2848 5685; x_wconf 91' lang='lat' dir='ltr'><strong>in</strong></span> <span class='ocrx_word' id='word_1_881' title='bbox 2873 5640 3185 5685; x_wconf 90' lang='lat' dir='ltr'><strong>numerum</strong></span> <span class='ocrx_word' id='word_1_882' title='bbox 3218 5623 3350 5701; x_wconf 90' lang='lat' dir='ltr'><strong>ejus</strong></span> <span class='ocrx_word' id='word_1_883' title='bbox 3381 5622 3697 5701; x_wconf 81' lang='lat' dir='ltr'><strong>discipulo-</strong></span> 
     </span>
    </p>
   </div>
   <div class='ocr_carea' id='block_1_119' title="bbox 2060 5709 3691 5800">
    <p class='ocr_par' dir='ltr' id='par_1_119' title="bbox 2060 5709 3691 5800">
     <span class='ocr_line' id='line_1_120' title="bbox 2060 5709 3691 5800; baseline -0.004 -22"><span class='ocrx_word' id='word_1_884' title='bbox 2060 5731 2222 5779; x_wconf 90' lang='lat' dir='ltr'><strong>rum.</strong></span> <span class='ocrx_word' id='word_1_885' title='bbox 2255 5715 2574 5800; x_wconf 85' lang='lat' dir='ltr'><strong>Postquam</strong></span> <span class='ocrx_word' id='word_1_886' title='bbox 2627 5719 2826 5778; x_wconf 88' lang='lat' dir='ltr'><strong>autem</strong></span> <span class='ocrx_word' id='word_1_887' title='bbox 2871 5712 3031 5778; x_wconf 80' lang='lat' dir='ltr'><strong>videt</strong></span> <span class='ocrx_word' id='word_1_888' title='bbox 3061 5729 3336 5790; x_wconf 75' lang='lat' dir='ltr'><strong>maguum</strong></span> <span class='ocrx_word' id='word_1_889' title='bbox 3384 5709 3691 5775; x_wconf 85' lang='lat' dir='ltr'><strong>Danielem</strong></span> 
     </span>
    </p>
   </div>
  </div>
