4086 6416
419 365 571 434 1015

1581 367 1966 431 ADDENDA.
2043 395 2117 408 -
2191 362 2622 426 DECEMBER.

3632 352 3787 419 1016

410 505 535 568 suis
568 502 846 584 precibus
875 521 1169 578 annuere,
1201 503 1362 565 illius
1393 503 1722 582 discipulus
1748 503 1814 564 lit
1849 501 2045 563 doctor

2141 519 2286 554 σεσιν
2350 496 2569 568 ἥκοντα,
2617 495 2644 549 ὁ
2691 493 2936 567 μαθητὴς
2988 490 3188 548 ἐκείνου
3229 487 3442 545 πολλῶν
3486 486 3662 545 ἄλλων
3699 487 3784 546 δι-

411 593 736 656 multorum
768 594 1017 656 aliorum
1045 594 1059 652 !
1095 601 1153 655 et
1181 611 1313 654 cum
1347 592 1704 668 omnes,qui
1733 598 2056 652 erantcum

407 683 566 762 ipso,
599 683 940 745 advocasset
969 682 1299 743 familiares
1332 693 1391 744 et
1423 690 1686 757 notos,et
1716 681 1813 762 qui
1836 677 2058 758 alioqui

409 770 482 831 ad
514 789 650 832 eum
709 770 1066 845 attinebant,
1120 769 1329 831 suadet
1381 770 1526 842 illis,
1584 779 1646 831 ut
1677 769 1910 841 eadem,
1943 786 2058 847 qua

407 858 663 938 ipse,via
691 858 1170 938 ingrederentur.
1206 859 1556 920 Adhortatio
1590 877 1726 919 vero
1759 857 1869 918 fuit
1890 857 2055 934 ejus-

411 947 598 1022 modi,
633 967 765 1028 quae
795 955 998 1029 posset
1027 948 1119 1009 vel
1163 967 1300 1010 cum
1355 948 1558 1026 lingua
1589 957 1820 1010 certare
1853 954 2054 1008 orato—

407 1053 570 1116 rum,
602 1046 660 1098 et
685 1036 847 1100 ferre
872 1037 1202 1100 victoriam.
1225 1039 1368 1118 Ejus
1402 1057 1511 1118 ego
1545 1037 1852 1098 memoriae
1884 1053 2056 1096 man-

407 1123 586 1204 dabo,
618 1144 754 1203 quae
785 1138 924 1188 sunt
971 1127 1437 1207 jucundissima,
1474 1135 1529 1189 et
1561 1129 1684 1188 scio
1715 1127 1866 1206 fore,
1896 1133 1958 1186 ut
1989 1143 2058 1186 ea

409 1232 648 1294 quoque
683 1216 844 1278 vobis
867 1217 1164 1298 placeant.

486 1303 778 1369 XXXVII.
814 1306 962 1386 Ego,
990 1306 1210 1388 inquit,
1244 1307 1422 1369 statui
1455 1306 1742 1384 deinceps
1774 1303 1921 1382 Regi
1950 1304 2056 1364 mi-

407 1391 579 1455 litare
603 1395 851 1457 caalesti.
886 1395 1030 1457 Mihi
1062 1397 1220 1457 enim
1270 1395 1536 1476 persuasi
1586 1394 1734 1455 nihil
1769 1394 2051 1474 profutu-

408 1498 544 1542 rum
591 1483 842 1558 homini,
883 1485 934 1545 si
998 1492 1185 1546 totum
1247 1483 1532 1545 mundum
1584 1482 1938 1555 lucrifaciat,
1995 1490 2054 1543 et

407 1568 690 1632 damnum
726 1590 850 1634 suae
880 1573 1095 1634 animae
1125 1572 1724 1654 patiatur.Quodnam
1757 1579 1952 1633 autem
1978 1570 2051 1632 ad

407 1676 518 1719 nos
548 1677 619 1720 ex
650 1660 807 1722 bello
833 1662 1066 1725 lucrum
1096 1661 1400 1742 redit,nisi
1425 1661 1670 1723 omnino
1702 1659 1903 1738 gladii,
1932 1679 2052 1721 caa-

406 1745 535 1827 des,
589 1748 830 1828 sanguis
877 1759 936 1813 et
995 1750 1273 1829 strages?
1335 1750 1613 1822 Quasnam
1648 1767 1786 1810 vero
1839 1748 1900 1809 in
1958 1749 2053 1809 his

405 1853 528 1897 non
566 1836 724 1900 inest
777 1839 1104 1914 calamitas,
1158 1849 1214 1902 et
1277 1848 1564 1919 praeterea
1616 1838 2112 1914 detrimentumB

403 1925 670 1988 animm?
698 1926 764 1988 In
809 1927 1047 2009 quibus,
1081 1937 1142 1992 et
1194 1929 1298 2010 qui
1347 1928 1584 2007 cecidit,
1614 1929 1774 2006 juste
1807 1927 2048 1989 cecidit.

405 2019 554 2087 Quid
587 2021 738 2079 enim
764 2021 980 2081 bellum
1003 2023 1236 2095 gerebat
1256 2037 1388 2082 cum
1411 2023 1482 2079 iis
1511 2023 1610 2094 qui
1637 2030 1771 2079 sunt
1793 2021 2052 2093 ejusdem

403 2105 688 2183 generis?
719 2114 776 2168 et
807 2108 908 2188 qui
939 2108 1245 2188 interficit,
1271 2119 1363 2170 est
1393 2109 1637 2169 omnino
1672 2106 1964 2187 parricida
1994 2113 2055 2168 et

401 2195 958 2258 exsecrandus.Cur
989 2195 1151 2258 enim
1186 2204 1429 2278 prepter
1463 2196 1774 2276 pecuniam
1797 2203 1898 2256 aut
1929 2196 2053 2257 ina-

403 2299 544 2344 nem
570 2283 820 2362 gloriam
855 2293 1080 2347 tantum
1113 2287 1344 2348 facinus
1373 2304 1551 2348 ausus
1576 2292 1665 2346 est
1695 2285 2050 2364 suscipere?

405 2369 524 2432 Sed
552 2371 760 2435 leones
789 2375 1057 2455 quidem,
1091 2395 1125 2436 ο
1155 2377 1454 2450 homines,
1489 2383 1548 2436 et
1587 2374 1776 2454 pardi,
1811 2383 1866 2436 et
1898 2374 2043 2454 lupi,

403 2467 468 2522 ut
497 2461 548 2522 si
576 2461 717 2541 quid
750 2471 840 2524 est
871 2465 965 2526 his
1017 2467 1332 2544 agrestius,
1389 2481 1692 2544 nunquam
1727 2481 2048 2525 commune

405 2554 564 2612 inter
615 2568 680 2612 se
711 2551 934 2614 bellum
967 2561 1205 2631 gerunt.
1236 2552 1423 2615 Nobis
1453 2560 1649 2614 autem
1688 2552 1904 2632 quibus
1934 2571 2045 2614 na-

404 2645 538 2701 tura
591 2641 761 2702 adest
816 2644 1230 2719 mansuetudo,
1278 2651 1336 2704 et
1385 2648 1571 2704 oratio
1603 2660 1735 2722 quae
1766 2641 2050 2722 opprimit

403 2727 726 2804 feritatem,
763 2750 894 2810 quae
925 2739 1014 2793 est
1046 2741 1259 2812 praeter
1314 2739 1586 2794 naturam
1624 2752 1636 2790 :
1693 2731 1836 2812 quin
1870 2732 2044 2793 etiam

403 2825 600 2879 movet
657 2818 1160 2894 misericordiam,
1220 2829 1281 2883 et
1334 2839 1714 2882 communem
1777 2828 2048 2882 naturam

398 2915 636 2968 revocat
666 2908 728 2968 in
781 2910 1160 2990 memoriam,
1205 2917 1345 2971 ante
1376 2910 1576 2971 omnia
1607 2927 1766 2985 vero,
1801 2909 2044 2990 quibus,

403 3003 470 3056 ut
498 3013 696 3076 neque
721 2996 999 3078 injuriam
1026 2999 1542 3079 faciamus,neque
1565 2999 2049 3062 contradicamus

401 3085 671 3160 omnino,
725 3087 774 3148 si
810 3085 984 3149 nobis
1013 3089 1116 3149 fiat
1169 3087 1418 3167 injuria,
1451 3098 1540 3149 est
1573 3088 1892 3150 maximum
1929 3107 2049 3168 prae

2139 585 2401 650 δάσκαλος
2433 585 2657 662 γίνεται,
2691 582 2777 638 καὶ
2823 581 2944 643 τοὺς
3002 581 3094 636 σὺν
3125 579 3266 653 αὒτῷ
3297 579 3496 642 πάντας
3541 600 3786 656 προσκα-

2140 675 2432 751 λεσάμενος
2477 673 2698 734 οἰκείους
2730 693 2785 726 τε
2815 671 2901 726 καὶ
2931 669 3198 749 γνωστοὺς
3251 669 3337 724 καὶ
3385 667 3565 730 ἄλλως
3610 691 3784 746 προσ-

2139 766 2368 834 ήκοντας
2414 773 2665 841 παραινεῖ
2694 760 2968 824 κάκείνους
3000 759 3100 826 τὴν
3131 757 3293 825 αὒτῆν
3342 755 3548 815 ὁδεῦσαι
3591 759 3784 830 τούτῳ,

2143 847 2204 908 Ἠ
2262 852 2315 908 δὲ
2385 852 2693 930 παραίνεσις
2749 849 2841 904 οἶα
2902 851 2988 907 καὶ
3049 855 3178 925 πρὸς
3238 847 3476 924 ῥητόρων
3536 846 3788 925 γλῶσσαν

2139 940 2524 1016 ἆμιλληθῆναι,
2558 940 2646 996 καὶ
2699 938 2796 1008 τὴν
2855 943 3085 994 νικῶσαν
3116 934 3302 992 λαϐεῖν
3333 952 3347 967 ⁶
3382 937 3445 1004 ἧς
3479 938 3564 992 καὶ
3595 935 3788 1006 ἣδιστα

2139 1031 2605 1109 διαμνημονεύσω,
2641 1030 2726 1085 καὶ
2781 1029 2916 1104 ὑμᾶς
2961 1025 3068 1084 οἷδ’
3131 1025 3209 1082 ὅτι
3275 1023 3392 1102 μετ’
3451 1024 3627 1105 ὀλίγον
3686 1026 3788 1095 ἔξω

2141 1120 2525 1196 συνηδομένους
2536 1162 2552 1177 .

2223 1298 2352 1356 ΛΖ’.
2399 1297 2564 1375 Ἐγὼ,
2613 1297 2764 1376 φησὶ,
2801 1303 2890 1353 τοῦ
2919 1301 3109 1352 λοιποῦ
3138 1301 3215 1368 τῷ
3273 1293 3562 1371 ἐπουρανίῳ
3613 1293 3783 1374 ἔγνων

2137 1388 2505 1467 στρατεύεσθαι
2536 1386 2750 1463 βασιλεῖ
2783 1403 2797 1417 ·
2834 1385 3065 1442 πέπεικα
3095 1386 3194 1462 γὰρ
3252 1384 3478 1459 ἐμαυτὸν
3522 1384 3603 1440 ὅτι
3664 1409 3782 1460 μη-

2135 1475 2217 1532 δὲν
2277 1475 2542 1556 ὠφελήσει
2600 1473 2895 1554 ἄνθρωπον,
2942 1474 3031 1530 ἐὰν
3063 1473 3186 1530 ὅλον
3247 1474 3339 1529 τὸν
3395 1473 3600 1548 κόσμον
3652 1496 3782 1555 κερ-

2135 1563 2298 1641 δήσῃ,
2334 1566 2420 1620 καὶ
2478 1568 2725 1640 ζημιωθῇ
2782 1565 2878 1632 τὴν
2923 1568 3106 1644 ψυχην
3151 1563 3336 1623 αύτου.
3397 1563 3457 1621 Τί
3513 1561 3567 1618 δὲ
3598 1564 3694 1619 καῖ
3721 1567 3784 1621 τὸ

2134 1665 2228 1712 τοῦ
2271 1653 2506 1728 πολέμου
2538 1652 2719 1730 κέρδος
2764 1656 2900 1727 ἡμῖν
2945 1653 2982 1719 ὴ
3042 1653 3254 1716 πάντως
3300 1652 3420 1732 ξίφη
3479 1653 3566 1708 καὶ
3633 1653 3786 1734 φόνοι

2134 1744 2222 1799 καὶ
2281 1744 2486 1818 αἵματα
2538 1745 2626 1798 καὶ
2685 1743 2929 1822 σφαγαίς
2992 1744 3121 1797 Ποία
3181 1739 3234 1797 δὲ
3288 1743 3380 1797 καί
3443 1743 3648 1806 τούτοις
3725 1745 3788 1800 οὖ

2136 1832 2386 1908 πρόσεστι
2449 1831 2692 1911 συμφορά
2723 1833 2810 1887 καὶ
2839 1831 3055 1908 προσέτι
3117 1828 3293 1907 βλάϐη
3337 1833 3548 1911 ψυχῆς,
3594 1831 3650 1886 ἐν
3694 1833 3786 1898 οἷς

2136 1919 2164 1976 ὅ
2207 1942 2263 1976 τε
2294 1921 2471 1977 πεσὼν
2501 1917 2715 1984 δικαίως
2775 1920 3024 1976 πέπτωκε
3061 1936 3077 1994 ;
3111 1920 3170 1977 Τί
3227 1922 3324 1998 γὰρ
3383 1919 3633 1996 ἐπολέμει
3693 1924 3783 1980 καὶ

2133 2022 2250 2074 τοῖς
2308 2009 2615 2088 ὁμογενέσιν
2652 2029 2668 2085 ;
2713 2008 2741 2064 8
2771 2031 2826 2066 τε
2875 2010 2975 2076 τὴν
3027 2010 3254 2088 ἀναιρῶν
3283 2009 3602 2088 ἀνδροφόνος
3639 2012 3781 2068 πάν-

2131 2120 2237 2164 τως
2271 2101 2356 2156 καὶ
2387 2099 2581 2176 ἐναγής
2618 2117 2634 2176 ;
2669 2103 2727 2158 Τί
2757 2101 2856 2178 γὰρ
2887 2101 2974 2156 καὶ
3021 2098 3319 2180 χρημάτων
3351 2099 3387 2169 ἢ
3431 2097 3585 2166 δόξης
3618 2101 3781 2180 χάριν

2137 2194 2293 2256 κενῆς
2353 2190 2414 2246 τὸ
2460 2196 2710 2246 τοσοῦτον
2765 2188 3018 2264 ἐτόλμας
3076 2187 3245 2245 Ἀλλά
3288 2187 3500 2252 λέοντες
3549 2189 3669 2265 μὲν,
3730 2194 3778 2247 ῶ

2132 2278 2418 2356 ἅνθρωποι,
2476 2278 2570 2334 καί
2629 2277 2914 2357 παρδάλεις
2971 2279 3058 2334 καὶ
3109 2277 3258 2335 λύκοι
3289 2279 3376 2335 καὶ
3406 2277 3538 2335 εἴτι
3571 2281 3776 2342 τούτων

2131 2366 2271 2424 ἐστὶν
2329 2368 2670 2446 ἀγριώτερον,
2741 2366 2931 2426 οὔποτε
2998 2368 3180 2436 κοινὴν
3236 2370 3422 2425 ἱστῶσι
3485 2371 3610 2448 πρὸς
3668 2370 3776 2427 ἀλ-

2130 2457 2325 2526 λήλους
2377 2459 2477 2525 τὴν
2534 2459 2723 2537 μάχην
2761 2473 2775 2488 ⁸
2808 2459 2943 2531 ἡμῖν
2973 2454 3024 2512 δὲ
3056 2458 3144 2520 οἷς
3189 2459 3276 2514 καὶ
3301 2458 3452 2537 φύσει
3482 2461 3541 2515 τὸ
3574 2458 3776 2538 ἥμερον

2131 2548 2217 2604 καὶ
2271 2545 2432 2624 λόγος
2489 2545 2738 2623 πρόσεστι
2791 2548 2852 2602 τὸ
2896 2548 3038 2624 παρὰ
3067 2548 3218 2627 φύσιν
3248 2547 3430 2626 ἄγριον
3474 2551 3775 2607 καταστέλ-

2131 2635 2260 2709 λων,
2325 2634 2462 2692 ἀλλά
2513 2634 2568 2691 δὲ
2627 2636 2712 2694 καὶ
2769 2639 2953 2693 οἶκτον
2997 2636 3211 2715 ἐγείρων
3269 2640 3356 2694 καὶ
3432 2640 3531 2705 τῆς
3587 2645 3775 2707 κοινῆς

2130 2726 2554 2802 ὑπομιμνήσκων
2616 2727 2846 2805 φύσεως,
2929 2728 3032 2805 πρὸ
3104 2726 3160 2782 δὲ
3235 2727 3447 2784 πάντων
3496 2729 3586 2792 οἷς
3641 2729 3783 2806 μήτε

2133 2813 2336 2871 ἀδικεῖν
2367 2817 2505 2890 μήτε
2537 2813 2832 2892 ἀντιλέγειν
2886 2814 3024 2881 ὅλως
3065 2815 3434 2892 ἀδικουμένοις
3486 2819 3518 2886 ἡ
3551 2821 3781 2897 μεγίστη

2130 2910 2235 2960 τῶν
2267 2903 2522 2984 ἐντολῶν,
2554 2907 2641 2961 καὶ
2685 2911 2846 2960 ταῦτα
2878 2903 3092 2983 ἐγγύθεν
3121 2903 3306 2986 ἔχουσι
3339 2909 3400 2962 τὸ
3443 2907 3783 2988 παράδειγμα

2132 2995 2287 3050 αὐτὸν
2341 2994 2550 3051 ἐκεῖνον
2610 2994 2701 3050 τὸν
2757 2993 3018 3072 ἡμέτερον
3078 2993 3285 3063 δηλαδὴ
3347 2997 3648 3079 Δεσπότην,
3719 2999 3779 3063 ὅς

2131 3082 2216 3140 ἐπὶ
2274 3083 2486 3162 σφαγὰν
2545 3082 2833 3156 ἑλκόμενος
2889 3082 3170 3151 ἠκολούθει
3216 3085 3407 3162 (καίτοι
3450 3087 3614 3146 πόσον
3660 3089 3776 3146 ἕστΐ

398 3185 638 3252 ceptum
677 3195 689 3237 :
722 3174 903 3256 idque
931 3196 1068 3238 cum
1103 3195 1288 3257 prope
1337 3175 1665 3238 habeamus
1711 3177 2042 3256 exemplar,

2131 3171 2190 3228 τὸ
2247 3170 2491 3248 διάφορον
2525 3174 2796 3230 Δεσπότου
2838 3173 2924 3228 καὶ
2971 3171 3174 3228 δούλων
3206 3186 3249 3252 ς)
3288 3181 3404 3240 πῶς
3449 3176 3566 3254 ἔχει
3613 3182 3780 3236 ταῦτα

398 3262 567 3324 illum
599 3263 794 3344 ipsum
838 3266 1064 3328 scilicet
1095 3275 1362 3329 nostrum
1397 3266 1746 3340 Dominum,
1778 3266 1878 3347 qui
1908 3285 2043 3327 cum

400 3351 740 3414 traheretur
768 3354 841 3416 ad
873 3355 1121 3431 eadem,
1171 3355 1580 3433 sequebantur
1612 3355 1791 3434 (atqui
1825 3361 2046 3430 quanta

399 3443 490 3502 est
519 3439 858 3505 differentia
882 3446 1038 3508 inter
1067 3445 1388 3506 Dominum
1423 3454 1482 3506 et
1509 3461 1744 3505 servum
1770 3442 1850 3521 ‘?),
1900 3462 2046 3522 quo-

401 3530 578 3593 modo
608 3530 734 3594 haec
757 3550 822 3594 se
845 3541 1010 3596 recte
1037 3532 1281 3606 habent,
1316 3531 1552 3612 quando
1588 3540 1645 3592 et
1683 3531 1733 3591 si
1767 3530 1891 3592 haec
1927 3549 2043 3592 non

397 3619 712 3697 faciamus,
766 3622 984 3685 multas
1035 3621 1324 3684 habemus
1377 3619 1935 3695 remunerationes;
1994 3619 2046 3681 si

395 3708 684 3772 faciamus
713 3719 940 3788 autem,
977 3711 1161 3772 multa
1218 3709 1555 3791 supplicia?
1583 3707 1754 3781 Quod
1786 3709 1836 3770 si
1867 3707 2044 3771 etiam

395 3807 630 3882 oportet
677 3801 939 3865 vicissim
994 3801 1276 3863 invadere
1331 3818 1434 3860 eos
1464 3799 1564 3879 qui
1596 3818 1703 3861 nos
1733 3799 2044 3873 invadunt,

395 3896 632 3970 oportet
659 3890 904 3952 omnino
939 3908 1209 3969 magnam
1262 3907 1498 3950 manum
1547 3898 1606 3951 et
1628 3889 1924 3953 excelsam
1951 3889 2048 3951 in-

392 3997 604 4042 vocare
634 3980 708 4042 ad
735 3997 846 4042 nos
873 3979 1284 4043 defendendos
1322 3998 1390 4041 ac
1436 3979 1826 4042 vindicandos
1860 3989 1924 4042 nt
1959 3985 2046 4042 sic

394 4085 506 4130 nos
524 4070 719 4149 potius
739 4069 1026 4132 facientes
1051 4087 1122 4131 ea
1144 4088 1276 4150 qua;
1296 4068 1397 4130 ille
1424 4068 2045 4149 praecipit,vehemen-

391 4157 574 4220 tiores
606 4159 804 4239 plagas
857 4161 1236 4240 imponamus
1289 4159 1572 4221 inimicis.
1626 4159 1764 4220 Haec
1819 4177 1960 4236 ergo
1991 4159 2042 4219 si

393 4247 596 4329 vultis,
637 4248 858 4325 sinite;
919 4267 1153 4312 mecum
1213 4256 1412 4310 autem
1467 4256 1739 4316 manete;
1773 4257 1829 4308 et
1863 4247 2039 4307 vitam

2129 3258 2330 3331 καλῶς,
2389 3260 2478 3315 ὅτε
2522 3260 2607 3315 καὶ
2678 3266 2770 3314 τοῦ
2824 3260 2900 3334 μὴ
2957 3269 3120 3318 ταῦτα
3179 3276 3361 3318 ποιεῖν
3416 3263 3618 3330 πολλὰς
3677 3269 3776 3332 τὰς

2127 3346 2352 3422 ἀμοιϐὰς
2385 3346 2608 3427 ἔχομεν,
2641 3350 2734 3403 καί
2779 3356 2871 3404 τοῦ
2904 3360 3079 3405 ποιεῖν
3110 3347 3315 3414 πολλὰς
3344 3351 3438 3413 τὰς
3468 3351 3716 3417 κολάσεις
3752 3379 3769 3429 ;

2130 3437 2187 3491 Ei
2229 3433 2284 3490 δέ
2328 3457 2376 3490 τι
2422 3437 2531 3515 χρὴ
2575 3438 2663 3492 καὶ
2692 3448 2808 3500 τοῖς
2868 3434 3132 3493 ἀδικοῦσιν
3175 3437 3614 3515 ἀντεπιτίθεσθαι,
3650 3441 3771 3502 δέον

2129 3524 2340 3588 πάντως
2374 3525 2469 3592 τὴν
2506 3523 2748 3604 μεγάλην
2797 3538 2963 3604 χεῖρα
3013 3527 3104 3582 καὶ
3145 3527 3359 3602 ὖψηλὴν
3391 3531 3461 3592 εἰς
3497 3530 3771 3600 ἐκδίκησιν

2128 3614 2283 3688 ἡμῶν
2316 3613 2678 3686 ἐκκαλεῖσθαι,
2710 3613 2783 3671 ἵν’
2820 3614 2956 3671 οὕτω
2987 3613 3192 3685 μαλλον
3235 3619 3397 3692 ἡμεῖς
3448 3620 3513 3676 τὰ
3570 3620 3772 3679 ἐκείνου

2129 3727 2399 3772 ποιουντες
2455 3705 2807 3787 σφοδροτέραν
2854 3720 2969 3772 τοῖς
3013 3707 3230 3788 ἐχθροῖς
3290 3708 3464 3786 δῶμεν
3520 3715 3609 3770 καὶ
3668 3716 3771 3784 τὴν

2130 3795 2370 3875 πληγήν.
2405 3797 2584 3855 Τοίνυν
2637 3799 2682 3854 εἰ
2710 3796 2984 3874 βούλέσθε,
3017 3805 3180 3855 ταῦτα
3209 3800 3308 3870 μὲν
3365 3803 3507 3878 ἐᾶτε,
3553 3811 3771 3876 μείνατε

2132 3883 2186 3942 δὲ
2245 3888 2334 3944 σὺν
2380 3887 2521 3967 ἐμοὶ,
2569 3887 2656 3943 καὶ
2713 3889 2806 3943 τὸν
2854 3888 2988 3943 κατά
3047 3890 3178 3944 Θεὸν
3235 3888 3476 3966 ἑλώμεθα
3525 3895 3662 3970 βίον.
3718 3898 3776 3954 Ei

2129 3973 2174 4030 δ’
2232 3979 2344 4050 οὖν,
2403 3977 2625 4040 ἕκαστος
2684 3979 2784 4043 τὴν
2844 3977 3031 4033 ἑαυτοῦ
3097 3979 3394 4056 πορευέσθω
3426 4001 3444 4018 ο
3518 3982 3664 4042 οὐδέν
3724 4008 3773 4042 τι

2128 4065 2290 4122 πλέον
2347 4067 2771 4145 προσαναγκάσω
2834 4073 3044 4141 Χριστῷ
3100 4068 3200 4122 κάν
3261 4071 3434 4146 τούτῳ
3479 4074 3769 4150 ἑπόμενος,

2126 4155 2182 4218 ὅς
2235 4157 2460 4221 πολλοῖς
2506 4159 2649 4230 ἡμᾶς
2683 4156 2770 4212 καὶ
2802 4153 2984 4220 ἄλλοις
3047 4158 3280 4232 τιμήσας
3337 4163 3414 4237 τῷ
3458 4162 3774 4241 αὖτεξουσίῳ

2125 4246 2322 4322 πρώτῳ
2353 4246 2504 4321 τετίμ
2514 4267 2632 4310 ηκε.

391 4357 528 4416 quae
557 4347 648 4401 est
682 4357 750 4400 ex
783 4338 932 4420 Deo,
965 4339 1276 4418 eligamus.
1310 4337 1416 4401 Sin
1446 4337 1673 4410 minus,
1701 4334 2115 4415 unusquisque
2146 4334 2295 4395 viam
2327 4352 2497 4396 suam
2527 4332 2712 4423 ineat,
2741 4332 2982 4395 Nullum
3007 4352 3115 4414 ego
3147 4338 3431 4418 majorem
3463 4340 3769 4423 imponam

391 4428 837 4502 necessitatem,
875 4427 935 4489 in
982 4428 1096 4490 hoc
1127 4445 1367 4508 quoque
1398 4425 1694 4487 Christum
1731 4441 1988 4504 sequens
2027 4444 2040 4485 :
2103 4423 2207 4502 qui
2239 4441 2373 4486 cum
2408 4441 2514 4483 nos
2547 4421 2748 4482 multis
2780 4440 3017 4504 quoque
3071 4425 3204 4488 aliis
3236 4421 3606 4505 honorasse‘t,
3639 4433 3770 4512 pri-

391 4533 554 4578 mum
588 4516 900 4579 honoravit
932 4515 1120 4578 libero
1151 4515 1422 4576 arbitrio.

467 4603 781 4668 XXXVIII.
813 4605 950 4667 Haec
980 4605 1091 4666 etsi
1121 4623 1242 4666 non
1290 4602 1602 4663 videantur
1631 4617 1764 4661 esse
1796 4598 2034 4662 barbari

2381 4606 2553 4690 Ταῦτα
2609 4601 2652 4656 εἶ
2700 4601 2777 4673 μὴ
2837 4603 2924 4659 καὶ
2979 4605 3115 4662 κατά
3170 4605 3329 4684 ἄνδρα
3373 4608 3635 4690 βάρϐαρον
3667 4611 3762 4688 ἧν,

384 4694 728 4773 nominis,si
763 4694 898 4774 quis
927 4701 1126 4755 tamen
1180 4691 1546 4772 reputaverit
1573 4690 1822 4767 gratiam
1856 4690 2042 4752 divini

383 4781 666 4863 Spiritus,
687 4791 743 4844 et
768 4782 926 4863 quod
962 4783 1013 4842 is
1041 4783 1258 4861 dignus
1281 4788 1442 4842 esset
1464 4798 1592 4842 eam
1644 4779 1903 4860 assequi,
1939 4779 2037 4840 in-

379 4870 579 4934 veniet
634 4871 879 4934 omnino
919 4889 1057 4933 eum
1105 4870 1368 4952 potuisse
1429 4871 1554 4931 hmc
1585 4869 1812 4950 dicere,
1847 4877 1910 4930 et
1943 4869 2034 4931 his

382 4959 730 5024 excelsiora.
765 4962 901 5024 Mox
936 4970 1134 5023 autem
1165 4968 1404 5021 ostensa
1430 4968 1520 5020 est
1559 4959 1740 5020 etiam
1776 4958 1860 5020 vis
1889 4978 2030 5021 sua-

377 5049 584 5112 sionis.
652 5050 895 5114 Duobus
937 5050 1100 5111 enim
1152 5049 1456 5126 Barbaris,
1496 5049 1600 5130 qui
1631 5049 1890 5111 divinam
1922 5049 2033 5110 do-

379 5139 631 5202 ctrinam
656 5158 733 5204 ne
757 5141 1066 5203 auditione
1089 5140 1333 5220 quidem
1373 5148 1753 5220 acceperant,
1785 5157 2033 5220 persua-

378 5228 456 5291 sit
485 5237 574 5307 ut,
608 5230 889 5294 omnibus
913 5230 1200 5311 dimissis,
1238 5229 1417 5292 simul
1448 5249 1580 5292 cum
1619 5249 1687 5291 eo
1718 5230 1980 5291 viverent
2014 5249 2028 5288 :

375 5323 508 5381 aliis
541 5338 678 5382 vero
699 5339 833 5382 cum
861 5325 1110 5384 dedisset
1133 5326 1408 5397 pecunias
1431 5324 1594 5382 exiis
1624 5339 1766 5396 quas
1790 5323 2035 5380 habebat

373 5417 432 5473 et
455 5428 558 5472 eos
587 5411 792 5473 valere
819 5411 1120 5491 jussisset,
1151 5411 1426 5493 permisit
1473 5419 1537 5471 ut
1561 5409 1718 5472 irent
1750 5428 1869 5487 quo
1902 5407 2030 5469 vel-

371 5501 636 5567 lent.Ille
665 5513 862 5564 autem
897 5509 957 5563 et
984 5508 1084 5582 qui
1119 5521 1256 5564 cum
1291 5521 1362 5564 eo
1398 5508 1592 5574 erant,
1629 5497 2033 5559 renuntiatio-

369 5590 465 5653 nis
482 5607 710 5652 sacram
735 5599 1059 5672 sequentes
1080 5593 1380 5671 regulam,
1408 5590 1678 5652 habitum
1707 5587 2034 5649 monacho-

361 5696 498 5754 rum
521 5681 713 5748 saucti
739 5681 1014 5749 manibus
1037 5680 1358 5768 accipiunt,
1394 5687 1452 5744 et
1491 5678 1762 5743 Edranus
1789 5685 2016 5744 mutato

2124 4687 2330 4779 ἀλλἐἴ
2362 4710 2440 4779 τις
2471 4687 2754 4779 τὴνμχάριν
2786 4699 2878 4749 τοῦ
2929 4695 3067 4752 θείου
3115 4698 3416 4773 [Ινεύματος
3461 4687 3764 4779 λογισθείη,

2120 4781 2208 4836 καὶ
2239 4777 2319 4835 ὅτι
2373 4777 2523 4841 οὗτος
2567 4777 2704 4844 ἄξιος
2763 4779 2968 4850 ἐκείνης
3019 4798 3237 4863 τυχεῖν,
3297 4788 3502 4864 εὕρήσει
3542 4777 3765 4858 πάντως

2118 4869 2196 4926 ὅτι
2243 4868 2456 4933 δυνατὸς
2487 4867 2670 4935 ἦνκαὶ
2719 4876 2883 4927 ταῦτα
2928 4874 3016 4928 καὶ
3066 4875 3129 4929 τὰ
3188 4875 3387 4932 τούτων
3445 4879 3764 4958 φθεγγέσθαι

2121 4959 2446 5038 ὅψηλότερα.
2517 4956 2787 5016 Δέδεικται
2845 4958 2901 5016 δέ
2961 4961 3147 5019 αύτίκα
3204 4966 3291 5020 καὶ
3356 4971 3456 5034 τῆς
3501 4956 3762 5045 παραινέ-

2121 5072 2256 5112 σεως
2288 5051 2323 5117 ἡ
2352 5047 2534 5127 ἰσχύς.
2598 5047 2700 5103 Δύο
2751 5048 2853 5125 γάρ
2912 5049 3202 5130 βαρϐάρους
3233 5052 3428 5130 κομιδῆ
3473 5059 3614 5122 θείας
3659 5059 3764 5114 ἂν-

2117 5142 2310 5207 ηκόους
2366 5135 2705 5198 διδασκαλίας
2765 5134 2950 5194 ἔπεισε
3026 5142 3238 5197 πάντων
3274 5144 3567 5224 ἀφεμένους
3621 5169 3767 5224 συμ-

2116 5229 2372 5286 ϐιοτεύειν
2418 5226 2561 5299 αὐτῷ
2597 5245 2607 5256 ’
2661 5238 2774 5289 τοῖς
2807 5223 2990 5292 ἄλλοις
3021 5228 3076 5285 δὲ
3107 5223 3363 5310 χρήματα
3398 5243 3504 5291 τῶν
3531 5223 3766 5316 προσόν-

2114 5343 2218 5377 των
2280 5317 2420 5388 αύτῷ
2459 5313 2574 5375 δοὺς
2645 5316 2732 5370 καὶ
2806 5321 3284 5395 κατασπασάμενος
3341 5323 3505 5403 ἐφῆκε
3567 5313 3758 5405 πορεύ-

2119 5414 2266 5466 εσθαι
2299 5405 2422 5461 ὅποι
2458 5403 2521 5457 ἄν
2556 5401 2706 5458 αὐτοὶ
2738 5403 3035 5479 βούλοιντο.
3071 5408 3309 5474 Ἐκεῖνος
3365 5401 3546 5488 μέντοι
3596 5401 3682 5473 ﬁt
3712 5419 3761 5474 οι

2121 5500 2210 5556 σὺν
2243 5497 2386 5566 αὒτῷ
2415 5496 2491 5564 τῷ
2520 5493 2643 5568 ἱερῷ
2669 5491 2764 5559 τῆς
2816 5493 3094 5576 ἀποταγῆς
3155 5501 3334 5557 κανόνι
3372 5504 3758 5584 στοιχήσαντες

2113 5589 2170 5644 τὸ
2216 5589 2412 5663 σχῆμα
2445 5587 2572 5674 τῶν-.
2602 5588 2860 5674 μοναχῶν
2903 5601 3025 5650 ταῖς
3071 5589 3224 5667 ἁγίου
3271 5594 3426 5670 χερσὶ
3474 5591 3751 5674 δέχονται,

2111 5679 2199 5736 καὶ
2258 5685 2417 5738 Τῖτος
2471 5673 2496 5728 ὁ
2549 5669 2804 5751 ’Ἑδρανος
2858 5674 3110 5756 φιλοθέως
3181 5669 3618 5761 μετονομάζεται.
3678 5686 3751 5746 υύ
