4086 6390
272 352 422 419 1017

1388 344 1577 409 VITA
1620 344 1684 407 S.
1727 343 2103 409 DANIELIS
2146 339 2524 406 STYLITIE.

3485 332 3651 401 ⁸1018

267 488 365 564 μὶν
396 484 513 544 οὑδὲ
561 481 810 561 βασιλέὺς
868 481 1023 546 αὐτὸς
1081 478 1316 557 ἠγνόησε
1370 479 1431 534 τὸ
1488 479 1750 559 πραχθὲν,
1785 477 1922 535 ἀλλὰ

2014 481 2251 538 nomine
2273 473 2370 555 pie
2392 480 2633 564 vocatur
2651 472 3058 564 Titus.Neque
3079 484 3220 535 vero
3242 471 3371 564 ipse
3390 468 3651 564 impera-

267 577 357 633 καὶ
414 575 596 652 μαθὼν
652 571 858 651 βαρέως
911 572 974 627 τὸ
1016 570 1234 648 γεγονὸς
1278 567 1451 648 ἔφερε,
1494 568 1579 624 καὶ
1637 570 1729 624 τὸν
1776 590 1922 625 ονει..

264 666 477 722 δίσοντα
529 670 606 738 τῷ
639 661 873 738 Ἐδράνῳ
915 660 1016 726 τὴν
1063 655 1408 737 ἀναχώρησιν
1451 655 1786 718 ἀποστέλλει.
1830 659 1924 721 Ὠς

263 754 319 811 δὲ
354 754 566 812 ἐκεῖνόν
594 774 654 810 τε
697 752 1021 827 ἀμετάθετον
1056 748 1171 827 εὗρε
1229 752 1329 813 τῆς
1360 748 1603 825 γνώμης,
1637 750 1725 804 καὶ
1756 748 1927 825 γράμ-

265 865 435 921 μασιν
478 844 751 906 ἐπιστώθη
780 848 938 897 τοῦτο
995 851 1114 901 τοῖς
1160 844 1254 894 τοῦ
1306 838 1471 910 ὁσίου,
1504 837 1765 915 ἀπογνοὺς
1825 839 1926 905 τὴν

265 933 608 1011 ὑποστροφὴν
682 929 827 988 οἰιδὲν
898 929 1038 1007 ἔγνω
1099 926 1433 1005 προστιθέναι
1502 926 1690 987 πλέον.
1759 927 1925 986 Αὖτὸν

265 1022 323 1080 δὲ
386 1025 479 1079 τὸν
512 1032 675 1080 Τῖτον
730 1024 978 1077 τοσοῦτον
1026 1014 1192 1073 είσέδυ
1242 1026 1335 1075 τοῦ
1378 1015 1612 1095 μεγάλου
1640 1016 1801 1089 ζῆλος
1841 1018 1927 1073 καὶ

268 1113 494 1189 μίμησις
552 1110 691 1167 ὥστε
743 1109 834 1166 καὶ
886 1109 985 1174 τὴν
1046 1106 1246 1162 ἐκείνο)
1276 1106 1474 1184 τροφὴν
1530 1106 1925 1185 πολυπραγμο-

272 1216 380 1259 νεῖν
412 1202 502 1258 καὶ
552 1199 678 1277 περί
712 1197 917 1255 πολλοῦ
974 1199 1241 1253 ποιεῖσθαι
1285 1195 1336 1252 τί
1391 1196 1454 1252 ἂν
1503 1195 1648 1273 ἐσθίῃ
1706 1200 1923 1271 μαθεῖν,

275 1292 369 1351 Καὶ
424 1288 613 1356 ἐπειδὴ
651 1291 755 1369 οὐχ
809 1287 951 1365 ἑώρα
982 1292 1088 1341 τῶν
1131 1283 1309 1341 ἄλλων
1364 1282 1603 1365 ἀδελφῶν
1636 1286 1772 1360 μετὰ
1829 1287 1925 1350 τὰς

268 1379 542 1459 ἑσπερίους
600 1378 741 1453 ᾠδὰς
800 1378 932 1457 πρὸς
991 1374 1284 1434 ἀνάπαυσιν
1342 1375 1706 1455 τρεπομένων,
1768 1376 1924 1438 αὐτὸς

266 1469 419 1537 ἐξιὼν
496 1469 660 1545 λάθρα
723 1474 816 1523 106
874 1464 1226 1541 κοιμητηρίου
1284 1471 1390 1520 τῶν
1448 1465 1640 1520 κιόνων
1712 1463 1923 1521 ὄπισθεν

265 1560 630 1639 ὗπέκρύπτετο
706 1558 797 1613 τὸν
860 1554 1005 1612 ὅσιον
1064 1555 1557 1633 περιεργαζόμενος·
1633 1554 1769 1611 ὥστε
1840 1553 1925 1611 διὰ

263 1653 436 1707 ταῦτα
504 1649 591 1705 καὶ
684 1647 780 1715 τῆς
866 1648 1170 1722 νυκτερινῆς
1261 1642 1521 1708 πολλάκις
1612 1642 1923 1720 ψαλμῳδίας

265 1737 777 1814 ἆπολιμπανόμενος
863 1734 1113 1811 ῥᾳθυμίας
1169 1746 1405 1812 παρεῖχε
1473 1745 1591 1797 τοῖς
1671 1731 1923 1812 ἀδελφοῖς

2008 577 2104 628 tor
2126 564 2416 645 ignoravit
2436 562 2494 625 id
2522 563 2680 643 quod
2705 563 2921 625 factum
2946 562 3273 633 fuerat,sed
3300 578 3436 623 cum
3460 558 3656 622 resci—

2008 655 2208 734 visset,
2266 652 2325 714 id
2385 670 2539 733 aegre
2590 652 2840 729 ferebat,
2893 661 2950 715 et
2999 652 3200 732 mittit,
3260 651 3363 734 qui
3419 650 3657 713 Edrano

2010 742 2330 824 exprobret
2377 744 2509 822 ejus
2554 760 2885 804 recessum.
2940 745 3253 822 Postquam
3302 749 3523 816 autem,
3558 739 3660 820 qui

2013 833 2229 895 missus
2251 834 2461 904 fuerat,
2490 832 2761 911 cognovit
2786 832 2951 893 illum
2976 830 3432 905 immutabilem,
3468 837 3526 892 et
3552 829 3661 892 fuit

2011 923 2128 985 hoc
2176 923 2350 985 etiam
2383 923 2571 983 sancti
2601 922 2815 984 litteris
2866 922 3302 994 confirmatum,
3338 921 3657 1001 desperato

2014 1011 2211 1073 reditu
2269 1016 2469 1073 statuit
2500 1012 2647 1073 nihil
2677 1011 2935 1093 amplius
2990 1010 3235 1074 addere.
3267 1012 3466 1092 Ipsum
3517 1027 3656 1070 vero

2014 1099 2208 1161 Titum
2258 1108 2462 1162 tantus
2491 1100 2676 1162 subiit
2721 1102 2920 1179 magni
2976 1101 3138 1163 zelus
3181 1108 3239 1161 et
3286 1098 3561 1174 imitatio,
3594 1106 3659 1161 ut

2010 1190 2175 1251 illius
2228 1190 2406 1252 etiam
2444 1190 2878 1252 nutrimentum
2930 1190 3165 1253 curiose
3211 1190 3568 1271 inquireret,
3600 1197 3659 1251 et

2012 1278 2435 1358 magnifaceret
2483 1281 2638 1341 scire
2669 1280 2952 1361 quidnam
2998 1281 3365 1343 comederet.
3399 1277 3473 1341 Et
3500 1297 3655 1358 quo-

2010 1367 2170 1430 niam
2223 1385 2340 1429 non
2373 1368 2634 1447 videbat,
2660 1370 2797 1431 aliis
2828 1370 3116 1433 fratribus
3144 1379 3278 1450 post
3305 1369 3534 1432 cantica
3562 1386 3659 1429 ve-

2008 1457 2275 1536 spertina
2321 1476 2386 1520 se
2417 1458 2491 1520 ad
2522 1459 2788 1540 quietem
2838 1460 3313 1538 conferentibus,
3348 1459 3475 1539 ipse
3506 1456 3658 1518 clam

2008 1546 2326 1625 egrediens
2351 1566 2387 1610 e
2407 1548 2779 1624 dormitorio,
2807 1549 3026 1612 latebat
3054 1556 3184 1629 post
3213 1549 3563 1618 colummas,
3599 1552 3663 1610 et

2006 1646 2275 1699 sanctum
2328 1638 2566 1700 curiose
2594 1638 2901 1720 indagans,
2938 1639 3189 1719 praebuit
3208 1637 3489 1700 fratribus
3517 1654 3660 1717 spe-

2007 1725 2159 1789 ciem
2192 1727 2509 1807 quamdam
2544 1736 2603 1790 et
2627 1728 2973 1810 opinionem
3026 1728 3339 1791 socordiae.
3375 1726 3490 1790 Sed
3523 1744 3659 1787 cum

264 1829 512 1895 δόκησιν.
548 1826 704 1885 Ἐπεί
735 1822 789 1880 δὲ
849 1823 998 1887 ὅλαις
1031 1824 1165 1879 ἑπτὰ
1210 1822 1433 1900 ἡμέραις
1465 1820 1613 1879 οὐδὲν
1666 1822 1923 1898 ἐμάνθανε

2014 1815 2151 1877 totis
2199 1824 2430 1895 septem
2491 1817 2705 1881 diebus
2760 1820 2909 1881 nihil
2941 1819 3202 1893 rescivit,
3239 1818 3658 1895 cogitationem

266 1918 456 1996 πλέον,
519 1914 839 1973 ἐκκαλύπτει
903 1913 994 1969 τὸν
1038 1912 1301 1990 λογισμὸν
1344 1918 1421 1985 τῷ
1454 1913 1601 1984 ὁσίῳ,
1651 1914 1738 1970 καὶ
1782 1913 1835 1968 εἴ
1877 1936 1925 1970 τι

268 2009 367 2088 ἄρα
422 2007 564 2072 ὅλως
622 2007 777 2062 ἐσθίει
824 2005 911 2060 καὶ
960 2004 1099 2059 πίνει
1154 2005 1345 2077 μαθεῖν
1403 2001 1675 2080 ἐπηρώτα.
1733 2010 1837 2062 T06
1871 2001 1926 2059 δὲ

267 2106 425 2156 τοῦτο
506 2096 605 2171 μὲν
690 2092 1195 2163 διαϐεϐαιώσαντος,
1259 2090 1396 2146 ἀλλὰ
1466 2091 1782 2170 προσθέντος
1845 2092 1925 2148 ὅτι

269 2194 533 2247 Τοσοῦτον
591 2190 811 2264 χρῶμαι
868 2188 1038 2260 τροφῇ
1094 2181 1219 2238 ὅσον
1276 2182 1368 2236 τὸν
1425 2180 1618 2253 δεσμὸν
1662 2191 1754 2240 106
1808 2192 1925 2237 σω-

270 2298 441 2353 ματος
514 2284 855 2352 συγκρατετν⁶
929 2273 991 2327 οὐ
1045 2271 1146 2347 γὰρ
1201 2271 1378 2345 ζῶμεν
1446 2270 1537 2326 ’ίνα
1617 2277 1919 2350 τρυφῶμεν,

272 2366 410 2422 ἀλλὰ
438 2364 733 2444 τρεφόμεθα
776 2360 978 2437 μᾶλλον
1010 2359 1082 2416 ἵν’
1136 2360 1361 2440 ἔχοιμεν
1414 2364 1533 2437 ζῆν’
1598 2360 1781 2425 ἐκείνῳ
1825 2361 1923 2435 μὲν

279 2455 674 2533 προσκυνήματι
766 2452 866 2518 τὴν
966 2451 1239 2530 ὑποταγην
1340 2450 1564 2527 γνωρίας
1662 2449 1917 2518 ἀπῆλθεν·

274 2543 414 2602 οὕτω
442 2541 494 2599 δὲ
539 2550 632 2601 106
661 2541 850 2600 λοιποῦ
880 2540 1011 2619 πρὸς
1054 2541 1253 2619 τροφὴν
1284 2540 1414 2618 εἶχε
1464 2540 1551 2596 καὶ
1581 2540 1711 2617 πρὸς
1761 2539 1923 2597 ὕπνον

269 2632 692 2711 πεφυλαγμένως
765 2633 841 2695 ὡς
904 2629 1101 2711 τροφῆς
1175 2632 1272 2704 μὲν
1341 2634 1593 2687 τοσοῦτον
1669 2629 1923 2709 μετέχειν

266 2722 392 2779 ὅσον
423 2722 629 2799 ἀποζῇν
661 2722 829 2798 μόνον
841 2769 855 2783 ,

350 2817 491 2877 ΚΘ’.
540 2818 677 2895 Πρὸς
724 2815 889 2873 ὕπνον
947 2811 1001 2871 δὲ
1059 2813 1182 2870 οἵαν
1224 2811 1523 2879 ἐπεδείξατο
1581 2815 1610 2871 ὁ
1670 2812 1922 2893 γεννάδας

267 2909 465 2966 λύτταν
492 2928 515 2980 ;
569 2908 839 2987 Σχοινίοις
870 2913 978 2963 τῶν
1023 2904 1323 2985 μασχαλῶν
1356 2905 1542 2962 ἐαυτὸν
1597 2908 1729 2983 πρὸς
1763 2905 1927 2981 μέσον

265 2998 563 3078 ἐξαρτήσας
621 2998 771 3077 ἀέρα,
805 2995 990 3053 σανίδα
1019 2996 1159 3073 παρὰ
1206 2997 1267 3051 τὸ
1300 2996 1494 3061 στῆθος
1525 2993 1715 3074 ἁπλοῖ,
1747 2996 1834 3050 καὶ
1862 3000 1931 3071 τῇ

268 3086 439 3145 σανίδι
497 3084 697 3163 βιϐλίον
755 3084 1080 3164 ἐπιτίθησιν,
1124 3084 1200 3141 ἵν’
1233 3083 1395 3164 ἄμφω
1423 3085 1510 3141 καὶ
1567 3083 1735 3147 οὕτως
1767 3084 1931 3162 ἀνηρ-

268 3177 490 3250 τημένῳ
554 3176 939 3252 ἀναγινώσκειν
997 3178 1166 3254 παρῇ,
1219 3174 1318 3229 κᾶν
1373 3174 1474 3230 ὑπὸ
1526 3181 1619 3231 τοῦ
1688 3195 1930 3245 καματου

269 3265 440 3341 δεήσῃ
492 3266 621 3322 ποτε
679 3266 811 3340 πρὸς
840 3263 1002 3320 ὕπνον
1057 3267 1327 3342 τραπῆναι
1357 3264 1393 3329 ἡ
1444 3263 1587 3325 σανὶς
1618 3262 1716 3330 τὴν
1758 3283 1931 3341 κεφα-

268 3356 372 3423 λὴν
429 3353 657 3435 δέχηται
694 3352 879 3435 ⁸μικρά
941 3374 1061 3409 τινα
1117 3352 1565 3429 παραμυθουμένη
1645 3374 1747 3420 την
1816 3353 1933 3430 βίαν

267 3450 369 3511 τῆς
400 3431 632 3523 φύσεως.
691 3431 786 3500 Ἠν
844 3443 943 3518 μὲν
999 3441 1090 3500 οὖν
1146 3444 1233 3499 καὶ
1264 3446 1407 3517 αὒτῷ
1449 3443 1665 3519 βασιλεῖ
1692 3441 1777 3499 διὰ
1837 3444 1935 3511 τὴν

270 3535 466 3614 ἀρετὴν
497 3537 525 3590 ὁ
576 3543 735 3597 Τῖτος
788 3533 1043 3612 ἐράσμοςσ
1089 3531 1184 3588 καί
1230 3532 1396 3589 δπύτε
1449 3534 1591 3611 παρὰ
1642 3533 1733 3589 τὸν
1789 3533 1934 3591 ὅσιον

266 3627 297 3681 ὁ
356 3622 603 3700 βασιλεὺς
659 3623 837 3702 ἀνῄει,
898 3626 985 3678 καὶ
1043 3623 1176 3700 μρὸς
1224 3622 1379 3680 αὐτὸν
1437 3621 1631 3697 ἀπῄει,
1686 3623 1775 3679 καὶ
1832 3624 1939 3678 ὑπ-

268 3719 488 3794 έστρεφε
547 3711 754 3779 πολλὴν
788 3710 1153 3790 καρπούμενος
1201 3710 1302 3777 τὴν
1348 3709 1634 3789 ὠφέλειαν.
1687 3708 1933 3775 Ἐκεῖνος

267 3806 369 3881 μὲν
442 3803 530 3861 οὖν
585 3800 724 3859 οὕτω
795 3799 1251 3875 πολιτευσάμενος
1311 3799 1364 3855 ἐν
1410 3800 1592 3875 εἰρήνῃ
1649 3797 1930 3856 ἐπιτοαυτὸ

266 3894 560 3969 ἐκοιμήθη.
618 3890 691 3949 Οὔ
722 3893 882 3966 μόνος
924 3888 980 3946 δὲ
1013 3889 1220 3950 ἐκεῖνος
1279 3890 1411 3966 πρὸς
1455 3888 1649 3967 ἀρετὴν
1709 3886 1929 3962 ἔϐλεψεν

269 3983 462 4056 οὕτως,
509 3979 646 4037 ἀλλὰ
700 3981 788 4037 καὶ
842 3984 949 4036 τῶν
1007 3979 1227 4035 οίκετῶν
1282 3977 1427 4051 αὗτῷ
1482 3980 1579 4050 εἰς,
1622 3975 1931 4043 Ἀνατόλιος

266 4073 442 4149 ὄνομα
503 4071 573 4145 τῷ
602 4068 765 4144 ἀνδρί·
826 4070 912 4126 καὶ
940 4075 1138 4140 ζῶντος
1194 4068 1397 4125 ἐκείνου
1442 4068 1533 4124 σὺν
1591 4069 1776 4142 ἐκείνῳ
1832 4068 1932 4135 τὴν

264 4166 367 4229 τῆς
416 4162 553 4217 κατὰ
602 4161 732 4216 Θεὸν
793 4158 1065 4221 πολιτείας
1108 4159 1263 4235 ζυγὸν
1320 4157 1491 4238 ἔφερε,
1525 4156 1619 4213 καὶ
1677 4158 1930 4221 ἀπιόντος

264 4250 430 4309 πλέον
502 4249 578 4306 ἔτι
634 4250 733 4317 τὴν
789 4248 987 4326 ἀρετὴν
1044 4246 1224 4320 ἤσκει,
1286 4249 1374 4303 καὶ
1444 4244 1673 4308 πολλοῖς
1741 4244 1925 4311 ἄλλοις

262 4340 537 4398 ἐκοινώνει
584 4344 682 4406 τῆς
740 4336 1025 4418 ὠφελείας,
1089 4335 1269 4402 Οὒτως
1326 4336 1362 4404 ἤ
1419 4344 1513 4393 103
1571 4341 1929 4411 πνευματικοῦ

264 4431 466 4509 πατρὸς
512 4430 651 4487 κατὰ
692 4428 958 4507 τριγονίαν
1028 4425 1258 4497 ἐσώζετο
1312 4426 1501 4505 χάριν,
1562 4426 1651 4482 καὶ
1712 4424 1929 4503 γέγονεν

266 4519 409 4580 οὕτω
435 4521 496 4575 τὸ
525 4518 674 4597 γένος
714 4518 780 4574 τὰ
825 4538 887 4596 γε
917 4517 1047 4595 πρὸς
1105 4515 1300 4594 ἀρετὴν
1331 4514 1549 4595 εὔφορον
1609 4513 1925 4590 Ἀνατολίῳ,

2012 1921 2181 1966 suam
2213 1912 2417 1966 sancto
2450 1906 2663 1985 aperit.
2690 1918 2747 1969 et
2780 1917 2972 1987 rogat,
3003 1916 3070 1971 ut
3090 1909 3247 1971 dicat
3275 1926 3350 1970 an
3376 1905 3519 1987 quid
3550 1924 3659 1966 co-

2013 1994 2212 2055 medat
2268 2002 2327 2055 et
2361 1993 2543 2057 bibat.
2605 1996 2751 2059 Cum
2810 1999 2861 2061 is
2898 2006 3097 2060 autem
3130 2018 3192 2059 Se
3250 1995 3570 2059 comedere
3600 2002 3662 2057 et

2013 2081 2221 2144 bibere
2251 2084 2628 2158 afﬁrmasset,
2652 2087 2756 2150 sed
2786 2088 3127 2166 adjecisset:
3162 2090 3349 2151 Tanto
3382 2092 3518 2147 utor
3546 2082 3659 2145 ali-

2012 2180 2530 2253 mento,quantum
2564 2177 2783 2238 sufﬁcit
2811 2178 2881 2239 ad
2914 2178 3212 2240 vinculum
3231 2175 3503 2257 corporis
3524 2192 3665 2235 con-

2010 2261 2320 2324 tinendum
2352 2285 2365 2322 :
2418 2283 2536 2326 non
2568 2266 2728 2328 enim
2759 2268 3008 2330 vivimus
3062 2267 3248 2347 gratia
3277 2264 3652 2337 deliciarum,

2008 2354 2111 2416 sed
2166 2356 2361 2435 petius
2414 2359 2738 2441 nutrimur,
2784 2369 2849 2423 ut
2905 2362 3201 2442 possimus
3255 2359 3498 2421 vivere:
3562 2354 3661 2415 ille

2007 2447 2237 2517 quidem
2268 2449 2601 2511 adoratione
2630 2468 2790 2512 suam
2834 2456 3165 2527 signiﬁcans
3195 2451 3666 2512 submissionem.

2005 2530 2152 2594 abiit
2187 2552 2200 2594 :
2254 2532 2329 2595 de
2358 2542 2573 2600 caatero
2627 2547 2825 2600 autem
2858 2539 2920 2600 in
2972 2538 3107 2601 cibo
3141 2548 3202 2601 et
3258 2555 3470 2598 somno
3503 2540 3665 2597 tanta

2006 2620 2281 2684 cautione
2314 2641 2454 2687 usus
2486 2634 2576 2688 est
2614 2635 2673 2689 et
2702 2627 3139 2703 observatione,
3174 2636 3239 2690 ut
3266 2625 3385 2690 cibi
3417 2624 3660 2706 quidem

2009 2717 2233 2772 tantum
2292 2724 2580 2792 sumeret,
2616 2727 2903 2799 quantum
2935 2718 3160 2780 sufﬁcit
3210 2717 3282 2779 ad
3314 2714 3662 2778 vivendum.

2076 2816 2308 2875 XXXIX.
2341 2820 2628 2880 Adversus
2673 2840 2936 2883 somnum
2974 2834 3161 2883 autem
3193 2824 3421 2897 qualem
3471 2831 3664 2880 osten-

2012 2901 2100 2963 dit
2127 2922 2456 2982 generosus
2498 2907 2595 2969 hic
2624 2910 2715 2970 vir
2745 2909 3260 2973 decertationem?
3289 2912 3435 2973 Cum
3467 2926 3533 2970 se
3563 2907 3659 2968 fu-

2013 2992 2191 3054 nibus
2216 2992 2291 3055 ab
2335 2994 2528 3058 axillis
2560 2999 2820 3061 medium
2867 3000 3275 3080 suspendisset
3307 2999 3365 3059 in
3392 3015 3555 3077 aere,
3585 2995 3661 3057 ad

2014 3091 2220 3163 pectus
2235 3086 2502 3147 extendit
2524 3087 2810 3163 tabulam,
2836 3098 2895 3151 et
2922 3090 3140 3151 librum
3167 3088 3418 3168 imponit
3447 3085 3662 3148 tabulae

2016 3180 2080 3233 ut
2131 3181 2451 3254 utrumque
2484 3175 2728 3252 faceret,
2764 3197 2981 3258 nempe
3013 3186 3077 3240 ut
3105 3185 3165 3241 et
3192 3177 3280 3239 sic
3334 3194 3664 3257 suspensus

2017 3270 2218 3342 posset
2266 3263 2489 3342 legere,
2525 3274 2583 3327 et
2613 3267 2663 3327 si
2706 3286 2741 3329 a
2768 3267 2974 3330 labore
2998 3267 3314 3349 aliquando
3362 3274 3665 3347 oporteret

2016 3355 2087 3412 ad
2117 3368 2386 3414 somnum
2420 3363 2693 3422 converti.
2729 3362 2918 3419 tabula
2948 3371 3119 3432 caput
3146 3363 3665 3431 exciperet,parum

2017 3441 2336 3504 consolans
2383 3444 2499 3505 vim
2532 3455 2777 3508 natum.
2835 3448 3032 3527 Atque
3083 3456 3207 3509 erat
3256 3448 3383 3528 ipse
3431 3465 3667 3528 quoque

2018 3528 2185 3592 Titus
2242 3531 2585 3611 imperatori
2641 3536 2861 3596 chorus
2910 3543 3154 3616 propter
3220 3534 3549 3611 virtutem;
3608 3542 3669 3596 et

2019 3617 2256 3698 quando
2311 3621 2385 3681 ad
2445 3631 2715 3685 sanctum
2772 3624 3139 3686 ascendebat
3188 3623 3539 3703 imperator,
3589 3627 3667 3687 ad

2016 3707 2213 3787 ipsum
2273 3728 2513 3791 quoque
2543 3711 2666 3774 ibat
2720 3724 2782 3774 et
2834 3713 3096 3794 redibat,
3130 3731 3198 3774 ex
3261 3731 3333 3774 eo
3391 3730 3662 3792 magnam

2014 3797 2261 3877 capiens
2324 3800 2664 3864 utilitatem.
2715 3802 2905 3882 Atque
2950 3802 3052 3864 ille
3108 3801 3350 3883 quidem
3382 3819 3518 3863 cum
3577 3800 3664 3863 sic

2015 3885 2193 3947 vitam
2226 3887 2605 3966 instituisset,
2635 3890 2695 3951 in
2730 3908 2877 3970 pace
2902 3892 3125 3953 ibidem
3159 3888 3499 3951 obdormiit.
3532 3887 3666 3951 Non

2016 3974 2211 4036 colum
2269 3987 2470 4038 autem
2533 3978 2661 4060 ipse
2720 3979 2808 4040 sic
2853 3981 3077 4059 aSpexit
3105 3978 3178 4040 ad
3224 3978 3525 4053 virtutem,
3558 3978 3665 4040 sed

2014 4083 2167 4126 unus
2198 4085 2437 4147 quoque
2486 4086 2561 4129 ex
2594 4069 2724 4147 ejus
2751 4068 3009 4145 famulis,
3046 4068 3288 4130 nomine
3331 4066 3661 4142 Anatolius,

2014 4155 2112 4235 qui
2160 4154 2265 4217 illo
2297 4159 2553 4238 vivente,
2583 4177 2699 4219 una
2726 4177 2860 4219 cum
2922 4177 2991 4220 eo
3021 4156 3249 4220 ferebat
3293 4161 3501 4237 jugnm
3532 4156 3665 4218 vita!

2013 4262 2083 4305 ex
2114 4242 2352 4306 Christo
2385 4247 2633 4324 agendae
2664 4268 2680 4328 ;
2716 4256 2777 4308 et
2824 4246 2895 4307 ab
2928 4265 2999 4308 eo
3046 4246 3431 4320 abscedente,
3468 4244 3664 4307 adhuc

2013 4332 2199 4413 magis
2250 4333 2527 4397 virtutem
2563 4336 2853 4407 exercuit,
2887 4345 2945 4397 et
2995 4336 3213 4397 multos
3242 4336 3389 4397 alios
3421 4334 3664 4415 partici-

2014 4441 2119 4503 pes
2164 4423 2303 4485 fecit
2338 4424 2633 4487 utilitatis.
2690 4425 2788 4489 Sic
2844 4425 3170 4507 spiritualis
3219 4423 3403 4486 Patris
3431 4424 3492 4485 in
3547 4423 3660 4485 tri-

2015 4512 2155 4592 plici
2187 4513 2355 4594 prole
2404 4514 2867 4577 conservabatur
2887 4516 3098 4595 gloria,
3133 4523 3190 4576 et
3221 4514 3306 4578 sic
3334 4513 3445 4575 fuit
3474 4529 3662 4592 genus

271 4609 473 4667 Δόδεκα
535 4595 633 4687 γὰρ
688 4595 1098 4683 αὒτῷνμαθηταὶ
1155 4607 1248 4662 τὸν
1301 4606 1466 4684 χορὸν
1519 4602 1782 4682 ἐπλήρουν
1840 4606 1926 4661 τὸν

2016 4601 2238 4677 fertile,
2274 4603 2431 4685 quod
2465 4604 2537 4665 ad
2570 4605 2843 4667 virtutem
2901 4605 3135 4675 attinet,
3174 4603 3466 4666 Anatolio.
3498 4605 3658 4663 Duo-

265 4699 391 4755 ἴσον
422 4697 605 4771 ἐκείνῳ
661 4695 823 4768 ζῆλον
886 4697 1017 4771 πρὸς
1047 4696 1113 4751 τὰ
1163 4693 1303 4751 καλὰ
1331 4694 1607 4758 πνέοντες⁶
1661 4695 1749 4749 καὶ
1780 4698 1933 4759 οἶκος

261 4788 483 4866 ὕστερον
556 4789 699 4860 αὖτῴ
768 4785 1046 4843 συνίστατο
1121 4785 1260 4861 ἱερὸς
1333 4784 1423 4840 καί
1497 4796 1776 4862 σεμνετον,
1834 4785 1928 4840 καί

264 4875 586 4957 περιϐόητος
615 4876 680 4944 ἦν
735 4877 763 4932 ὁ
791 4876 951 4954 ἀνήρ,
1000 4872 1169 4932 Ἀλλὰ
1199 4882 1363 4933 ταῦτα
1394 4872 1502 4949 μὴν
1547 4874 1621 4936 είς
1651 4879 1922 4932 τοσοῦτον.

347 5144 447 5203 Μ’,
515 5133 678 5220 Ἠμϊν
717 5141 773 5200 δὲ
801 5141 962 5199 πάλιν
1008 5140 1284 5199 ἐπανιτέον
1314 5138 1431 5199 ὅθεν
1489 5138 1765 5215 ἐξέϐημεν.
1803 5140 1927 5199 Τίνα

265 5232 321 5291 δὲ
363 5236 431 5291 τὰ
475 5232 570 5290 ἐπὶ
600 5235 803 5296 τούτοις
858 5236 938 5307 τῷ
989 5236 1276 5306 θαυμαστῷ
1340 5229 1567 5304 Δανιὴλ,
1599 5228 1693 5286 καὶ
1755 5230 1925 5295 ποίοις

264 5325 527 5400 θαύμασιν
603 5322 869 5401 ἇναλόγος
948 5319 1198 5387 ἐδοξάσθη
1268 5327 1367 5377 106
1441 5320 1604 5397 βίου;
1676 5320 1924 5398 Ζεύγνυσι

264 5414 362 5489 μὲν
446 5416 475 5470 ὁ
532 5412 780 5490 βασιλεὺς
870 5410 1019 5468 Λέων
1102 5409 1305 5480 Ζήνωνί
1384 5414 1458 5483 τῷ
1539 5408 1592 5475 ἐξ
1664 5407 1924 5488 ἰσαυρίας

262 5502 548 5583 Ἀριάδνην
600 5504 699 5570 τὴν
754 5500 1013 5581 θυγατέρα
1075 5500 1241 5580 ὡραία
1300 5497 1405 5568 ἤδη
1466 5500 1641 5578 γάμου
1701 5520 1923 5579 γεγενη.

261 5592 458 5683 μένην,
493 5590 576 5649 ἐπ’
632 5593 789 5652 αὐτοῦ
820 5613 877 5650 τε
938 5590 1093 5659 αὒτὸν
1145 5588 1467 5667 ἐπιθαλαμίᾳ
1514 5588 1713 5661 δοξάζει
1756 5594 1921 5669 τιμῇ-

2013 4691 2208 4752 decim
2242 4691 2519 4773 discipuli
2571 4694 2626 4755 ei
2657 4695 2904 4756 chorum
2964 4693 3311 4773 implebant,
3345 4710 3544 4771 parem
3577 4689 3665 4753 illi

2012 4781 2205 4842 zelum
2265 4782 2562 4863 spirantes
2592 4783 2663 4844 ad
2700 4802 2769 4844 ea
2799 4802 2932 4864 quae
2988 4791 3128 4845 sunt
3158 4782 3406 4863 pulchra
3435 4789 3493 4843 et
3546 4782 3656 4843 ho-

2012 4879 2233 4952 naste;
2305 4880 2364 4933 et
2413 4873 2468 4935 ei
2519 4881 2727 4955 postea
2776 4891 2945 4935 sacra
2993 4873 3151 4934 aedes
3199 4871 3577 4933 constituitur
3605 4880 3666 4933 et

2011 4962 2460 5034 monasterium,
2496 4970 2553 5025 et
2611 4963 2697 5023 vir
2730 4971 2860 5026 erat
2916 4962 3113 5025 clarus
3144 4971 3204 5024 et
3230 4960 3506 5041 insignis.
3540 4959 3661 5024 Sed

2009 5049 2135 5111 haec
2163 5050 2407 5128 quidem
2440 5052 2750 5114 hactenus.

2090 5140 2208 5204 XL.
2244 5140 2430 5205 Nobis
2464 5150 2660 5204 autem
2716 5140 3135 5204 revertendum
3199 5149 3311 5222 est,
3343 5138 3505 5202 unde
3562 5140 3657 5201 di-

2008 5237 2197 5311 gressi
2236 5249 2465 5293 sumus.
2500 5230 2781 5305 Quaenam
2833 5239 2970 5291 sunt
3000 5248 3071 5292 ea
3101 5248 3233 5311 quae
3276 5237 3477 5310 postea
3508 5229 3661 5292 facta

2008 5328 2147 5382 sunt
2194 5319 2268 5382 ab
2295 5320 2633 5382 admirabili
2676 5318 2945 5395 Dadiele,
2980 5327 3037 5381 et
3065 5319 3416 5401 quibusnam
3470 5318 3657 5381 mira-

2007 5409 2159 5471 culis
2206 5410 2342 5472 vitae
2390 5410 2817 5473 convenienter
2869 5410 3117 5473 effectus
3167 5418 3258 5472 est
3306 5407 3658 5488 gloriosus?

2008 5501 2337 5579 Imperator
2365 5499 2606 5581 quidem
2629 5498 2747 5561 Leo
2770 5516 2939 5561 suam
2966 5498 3146 5561 ﬁliam
3178 5495 3500 5561 Ariadnam
3526 5495 3653 5575 jam

2007 5588 2274 5653 nubilem
2303 5589 2609 5673 conjunxit
2640 5587 3016 5652 matrimonio
3041 5586 3268 5651 Zenoni
3297 5584 3559 5649 Isaurico
3593 5592 3653 5653 et
