4086 6414
450 334 602 407 1019

1607 346 1994 412 ΑΒΒΕΝΒΑο
2067 377 2146 393 --
2215 345 2645 413 DECEMBEB.

3659 348 3813 418 1020

445 474 689 567 nuptiali
720 476 800 559 (4)
835 496 970 541 eum
1002 479 1232 543 honore
1260 479 1603 542 consulatus
1622 479 1826 542 allicit.
1858 477 2082 542 Deinde

2170 487 2292 541 εἶτα
2360 487 2448 544 καὶ
2511 488 2648 544 κατὰ
2698 494 2805 546 τῶν
2859 486 3136 567 βαρϐάρων
3194 485 3462 562 ἰκπέμπει
3538 486 3682 545 λείαν
3750 489 3816 547 τὰ

445 566 622 628 etiam
676 585 811 631 eum
846 569 1024 631 mittit
1053 570 1332 632 adversus
1364 569 1657 632 Barbaros
1685 568 1787 646 qui
1835 567 2085 648 popula-

446 653 664 719 bantur
716 657 1054 721 Thraciam.
1089 659 1195 721 Ille
1238 670 1434 722 autem
1467 659 1647 721 simul
1695 676 1830 720 cum
1865 658 1936 718 iis
1985 661 2084 739 qui

443 747 575 826 ejus
604 746 857 827 imperio
885 748 1190 828 parebant,
1225 747 1592 829 principibus
1611 747 1682 808 ad
1716 747 1882 809 velox
1912 748 2081 810 auxi-

447 834 618 909 lium,
653 855 868 916 nempe
899 837 1131 900 beatum
1165 839 1429 900 ascendit
1454 837 1782 899 Danielem.
1812 836 1916 896 ille
1948 854 2086 897 vero

449 925 799 1004 prophetice
831 928 1039 988 eﬂ'atur
1057 935 1115 989 et
1137 927 1400 1008 praedicit
1428 926 1676 988 illaesum
1711 943 2088 987 reversurum

447 1012 775 1096 Zenonem,
807 1025 864 1077 et
893 1017 1124 1094 aliquos
1157 1018 1399 1098 quidem
1435 1035 1568 1079 esse
1605 1025 1664 1077 et
1695 1023 1897 1096 postea
1925 1024 2085 1076 stru-

442 1109 642 1164 cturos
674 1103 944 1180 insidias,
982 1125 1118 1168 eum
1151 1115 1344 1169 autem
1381 1106 1616 1168 insidiis
1647 1106 1770 1166 fore
1810 1105 2086 1184 superio-

438 1206 592 1256 rem.
645 1194 1032 1258 Sufﬁciebant
1061 1198 1186 1259 haec
1235 1197 1502 1279 quidem,
1536 1206 1597 1260 et
1656 1195 1798 1256 nihil
1831 1193 2087 1273 amplius

440 1281 643 1344 dicere
699 1293 1034 1365 oportebat,
1068 1287 1170 1349 sed
1228 1306 1298 1349 ex
1329 1287 1404 1348 iis
1461 1306 1593 1368 quae
1624 1295 2083 1367 praecesserunt,

440 1371 598 1450 quod
647 1372 773 1436 haec
803 1393 1042 1455 quoque
1100 1376 1180 1436 ita
1211 1385 1274 1438 ut
1324 1377 1493 1457 dixit,
1528 1378 1678 1439 facta
1726 1380 1882 1445 sunt,
1920 1386 2082 1438 certo

438 1461 911 1552 scire.Dicentur
934 1477 1132 1528 tamen
1157 1467 1282 1528 haec
1301 1486 1536 1548 quoque
1565 1470 1860 1549 sigillatim
1891 1487 1906 1541 ;
1929 1470 2083 1552 apud

441 1550 568 1629 pias
623 1557 781 1613 enim
815 1572 989 1617 aures
1037 1555 1288 1617 habetur
1339 1556 1550 1630 oratio,
1586 1569 1643 1619 et
1698 1580 1828 1640 quae
1884 1550 2086 1624 omnia

439 1640 597 1702 scire
626 1641 850 1704 sitiunt.
883 1647 1010 1706 Jam
1061 1645 1301 1726 quidem
1332 1665 1402 1708 ex
1434 1647 1776 1710 hominibus
1831 1651 1947 1713 Leo
1975 1669 2084 1714 ex-

440 1738 702 1793 cesserat
731 1732 1072 1813 imperator,
1103 1745 1161 1796 et
1188 1736 1345 1796 tilius
1375 1755 1442 1797 ex
1474 1736 1714 1800 Zenone
1743 1749 2079 1822 susceptus,

2171 575 2388 648 Θρᾳκῶν
2436 577 2789 652 ποιουμένων.
2854 569 2912 635 Ὀ
2963 575 3016 633 δὲ
3073 577 3280 651 σύναμα
3335 589 3454 642 τοῖς
3509 577 3598 634 ὑπ’
3655 579 3815 638 αὐτὸν

2168 663 2422 743 ἄρχουσιν
2481 666 2566 724 ἐπὶ
2597 669 2693 735 τὴν
2743 666 2918 734 ἑξεϊαν
2960 668 3230 744 βοήθειαν,
3266 665 3357 723 ἐπὶ
3409 667 3500 724 τὸν
3551 689 3816 741 μακαριον

2167 751 2333 814 ἄνεισι
2397 754 2622 823 Δανιὴλ,
2700 755 2958 821 Κᾶκετνος
3019 756 3360 836 προφητικῶς
3423 755 3812 836 ἀποφθέγγεται

2171 845 2256 900 καὶ
2303 844 2481 911 άπαθῆ
2511 851 2691 902 κακῶν
2748 847 3098 925 ὑποστρέψειν
3155 846 3496 923 προαγορεύει
3553 848 3643 902 τὸν
3703 846 3814 917 Ζή-

2172 955 2336 1007 νωνα,
2394 937 2482 990 καὶ
2564 933 2644 991 ὅτι
2715 937 2843 1013 πρὸς
2907 958 3064 992 τινων
3137 935 3232 1010 μὲν
3317 932 3819 1006 ἐπιϐουλευθήσεται

2170 1021 2385 1100 ὕστερον
2443 1024 2720 1101 περιέσται
2766 1022 2820 1079 δὲ
2869 1023 2967 1092 τῆς
3015 1023 3321 1091 ἔπιϐουλῆς.
3380 1023 3569 1102 "prst
3626 1026 3818 1098 ταῦτα,

2171 1113 2258 1168 καὶ
2287 1110 2434 1169 οὐδὲν
2488 1111 2589 1169 ἔδει
2621 1112 2784 1171 πλέον
2817 1114 3014 1191 εἰπεῖν,
3048 1111 3168 1169 ἀλλ’
3221 1115 3280 1169 ἔκ
3307 1119 3410 1169 τῶι
3443 1111 3819 1192 προλαϐόντων

2169 1200 2247 1258 ὅτι
2307 1207 2402 1258 καί
2457 1212 2624 1261 ταῦτα
2679 1202 2849 1266 οὕτως
2906 1204 3078 1266 καθὼς
3135 1202 3238 1281 ἔφη
3299 1201 3518 1280 γέγονεν
3590 1199 3821 1280 ἀκριϐῶς

2167 1290 2376 1352 εἰδέναι.
2442 1291 2629 1367 ’Ὅμως
2687 1291 3012 1371 λεχθήσεται
3067 1299 3232 1348 ταῦτα
3302 1294 3389 1348 καὶ
3449 1292 3588 1350 κατὰ
3632 1291 3817 1370 μέρος’

2167 1384 2298 1460 πρὸς
2356 1383 2456 1460 γὰρ
2485 1381 2756 1460 φιλοθέους
2815 1381 2980 1446 ἀκοὰς
3011 1383 3040 1438 ὃ
3097 1381 3254 1459 λόγος
3298 1383 3385 1438 καὶ
3427 1382 3602 1438 πάντα
3643 1379 3820 1457 διψώ-

2167 1493 2265 1534 σας
2321 1476 2534 1546 μαθεῖν,
2588 1470 2730 1538 ’Ήδη
2781 1472 2879 1545 μὲν
2940 1475 2966 1528 ὁ
3022 1471 3270 1548 βασιλεὺς
3335 1471 3481 1528 Λέων
3517 1471 3570 1536 ἐξ
3623 1470 3821 1550 ἀνθρώ·

2167 1583 2282 1617 πων
2342 1560 2576 1638 ἐγένετο,
2609 1563 2697 1617 καὶ
2753 1563 2780 1617 ὃ
2812 1560 2864 1626 ἐξ
2919 1560 3201 1637 Ἀριάδνης
3250 1564 3327 1634 τῷ
3359 1562 3562 1630 Ζήνωνι
3603 1573 3760 1641 παῖς,
3795 1561 3825 1616 ὁ

2168 1651 2379 1725 μικρὸς,
2438 1653 2598 1730 φημὶ,
2653 1649 2822 1722 Λέων,
2856 1651 2912 1713 ὃς
2967 1651 3056 1706 καὶ
3098 1650 3241 1723 παρὰ
3292 1657 3385 1706 τοῦ
3440 1650 3660 1706 πάππου
3716 1651 3824 1726 βα·

2169 1739 2342 1804 σιλεὺς
2402 1741 2750 1818 ἇνηγόρευτο,
2786 1739 2900 1796 ἐπεί
2949 1738 3032 1795 δια
3087 1741 3148 1796 τὸ
3204 1740 3302 1806 τῆς
3368 1737 3573 1805 ἡλικίας
3627 1738 3824 1815 κομιδῆ

439 1837 677 1900 parvus,
731 1823 1000 1903 inquam,
1033 1824 1174 1903 Leo,
1207 1825 1307 1902 qui
1373 1826 1549 1887 etiam
1601 1827 1674 1888 ab
1731 1846 1837 1890 avo
1893 1830 2082 1892 fuerat

2168 1831 2360 1898 νήπιον
2418 1829 2514 1886 οὒκ
2544 1830 2702 1909 εἷλεν
2757 1827 2895 1892 ὅλως
2950 1827 3263 1894 ἐπιτηδείως
3315 1830 3446 1903 πρὸς
3492 1829 3823 1896 τηλικαύτην

435 1910 814 1972 renuntiatus
839 1913 1185 1994 imperator,
1216 1918 1492 1995 quoniam
1521 1927 1765 1996 propter
1781 1917 1960 1980 nimis
1989 1927 2083 1982 te-

435 2015 641 2059 neram
664 2009 891 2064 atatem
919 2021 1036 2064 non
1059 2005 1448 2064 eratomnino
1471 2004 1724 2068 idoneus
1751 2009 1821 2069 ad
1857 2016 2080 2070 tantum

435 2087 973 2153 administrandum
1001 2093 1509 2174 imperium,Zeno
1534 2103 1701 2174 pater
1717 2098 1957 2176 pueri,a
1981 2117 2080 2159 se-

437 2184 578 2239 natu
601 2179 673 2239 ad
701 2191 1001 2261 sceptrum
1029 2192 1120 2245 est
1152 2183 1490 2262 perductus.
1519 2181 1668 2247 Huic
1688 2204 1830 2265 ergo
1860 2188 2084 2250 Zenoni

438 2267 568 2346 ejus
615 2269 857 2345 quidem
890 2270 950 2332 in
981 2271 1236 2351 imperio
1294 2273 1521 2353 collega
1552 2274 1709 2336 ﬁlius
1741 2277 1936 2339 statim
1969 2277 2081 2338 de-

436 2356 616 2444 cessit
649 2379 662 2416 :
717 2360 1031 2439 imperium
1063 2371 1258 2426 autem
1289 2363 1360 2424 ad
1419 2364 1609 2425 solum
1648 2373 1872 2444 patrem
1903 2367 2080 2430 redit.

432 2443 729 2509 Omnibus
759 2467 898 2511 vero
928 2450 1106 2512 rebus
1128 2451 1410 2514 Romanis
1443 2443 1663 2532 quietis
1691 2473 1756 2516 ac
1786 2456 2078 2537 tranquil-

439 2537 535 2619 lis,
569 2541 768 2617 gravis
814 2539 872 2601 in
906 2559 1042 2602 eum
1077 2543 1296 2604 exarsit
1349 2543 1571 2606 invidia
1600 2564 1633 2605 a
1664 2548 1927 2624 cognatis
1963 2568 1976 2609 :
2025 2556 2084 2609 et

435 2637 500 2690 ut
553 2628 745 2688 dicam
781 2648 914 2690 cum
974 2629 1290 2711 Propheta,
1330 2657 1355 2688 α
1392 2634 1603 2710 Iniquo
1654 2635 1791 2696 odio
1835 2637 2084 2699 oderant

437 2717 630 2798 ipsum
663 2718 717 2780 9.
753 2740 781 2778 ι
838 2717 1223 2782 lnsidiatores
1253 2732 1446 2784 autem
1498 2732 1667 2785 erant
1695 2727 1978 2788 Armatus
2026 2735 2083 2790 et

436 2805 934 2872 Basiliscus.Cum
959 2829 1097 2889 ergo
1123 2830 1283 2891 saepe
1311 2812 1468 2875 Zeno
1491 2815 1777 2876 sensisset
1807 2815 2078 2897 insidias,

436 2915 618 2960 omne
665 2898 903 2978 quidem
936 2900 1097 2962 aliud
1159 2901 1415 2981 despicit
1471 2903 1779 2976 auxilium,
1815 2906 2084 2968 ascendit

433 2995 630 3049 autem
678 2987 750 3048 ad
797 2997 1090 3066 sanctum,
1127 2999 1186 3052 et
1249 2991 1303 3052 ei
1357 2993 1656 3054 renuntiat
1712 2993 2077 3056 universum.

432 3075 541 3139 Ille
571 3094 709 3138 vero
757 3078 896 3156 quid
934 3097 1050 3140 non
1085 3079 1139 3140 ei
1188 3080 1458 3161 praedixit
1487 3101 1720 3156 eorum,
1755 3103 1887 3164 quae
1917 3094 2085 3147 erant

2167 1919 2367 1998 ἀρχὴν,
2405 1920 2585 1988 Ζήνων
2644 1918 2765 1975 ὁτοῦ
2797 1915 2982 1982 παιδὸς
3042 1918 3221 1994 πατὴρ
3252 1918 3394 1996 παρά
3431 1923 3524 1984 τῆς
3578 1917 3826 1996 συγκλή-

2165 2029 2257 2065 του
2313 2007 2513 2084 βουλῆς
2571 2007 2655 2064 ἐπὶ
2699 2009 2759 2063 τὸ
2817 2007 3090 2085 σκῆπτρον
3143 2008 3396 2085 ἀνήγετο.
3464 2007 3645 2065 Τούτω
3696 2015 3823 2085 γοῦν

2165 2101 2242 2172 τῷ
2285 2101 2487 2166 Ζήνωνι
2543 2099 2675 2172 ὁμοῦ
2705 2097 2803 2171 μὲν
2862 2097 3142 2176 συνάρχων
3186 2109 3317 2158 παῖς
3350 2098 3493 2161 εὐθὺς
3549 2095 3818 2152 ἐτελεύτα

2165 2185 2202 2252 ἦ
2275 2185 2328 2242 δὲ
2390 2184 2633 2262 βασιλεία
2689 2187 2838 2259 μόνῳ
2898 2185 3182 2260 συνάγεται
3242 2191 3319 2258 τῷ
3374 2184 3552 2256 πατρί.
3604 2185 3825 2242 Πάντων

2166 2274 2210 2331 δ’
2271 2275 2328 2332 ὲν
2397 2275 2589 2350 ἠρεμίᾳ
2651 2280 2756 2331 τῶν
2813 2267 3134 2347 Ῥωμαϊκῶν
3207 2275 3577 2353 καθεστώτων,
3635 2274 3824 2352 φθόνος

2166 2369 2309 2438 αὐτῷ
2356 2365 2498 2442 παρὰ
2555 2369 2662 2420 τῶν
2721 2363 2989 2439 συγγενῶν
3036 2363 3247 2429 ἆνῆπτο
3295 2360 3488 2435 δεινος,
3545 2368 3655 2436 καί,
3687 2363 3826 2419 κατὰ

2164 2454 2255 2510 τόν
2314 2455 2594 2533 προφήτην
2652 2465 2812 2526 μῖσος
2868 2450 3046 2508 ἄδικον
3097 2451 3312 2526 ἑμίσουν
3387 2452 3565 2514 αὐτόν.
3627 2451 3726 2509 Καί
3776 2453 3825 2508 οἱ

2167 2542 2596 2606 ἐπιϐουλεύοντες
2642 2542 2917 2619 ’Ἅρματος
2976 2542 3066 2598 καί
3119 2539 3459 2606 Βασιλίσκος.
3521 2540 3668 2598 Ἐπεὶ
3697 2546 3826 2618 γοῦν

2167 2635 2346 2701 Ζήνων
2404 2630 2665 2695 πολλάκις
2723 2629 2914 2705 ᾔσθετο
2969 2635 3067 2696 τῆς
3117 2626 3431 2701 ἐπιϐουλῆς,
3490 2630 3669 2697 πάσης
3727 2629 3826 2704 μὲν

2167 2720 2335 2788 ἄλλης
2392 2721 2635 2797 βοηθείας
2666 2721 2972 2798 ὺπερορᾷ,ὁ
3025 2719 3079 2775 δὲ
3112 2721 3244 2798 πρὸς
3291 2720 3382 2777 τὸν
3422 2716 3568 2776 ὅσιον
3629 2717 3823 2799 ἄνεισι,

2165 2813 2254 2867 καί
2304 2809 2619 2888 ἀναγγέλλει
2669 2811 2729 2866 τὸ
2781 2815 2905 2867 πᾶν.
2972 2807 3234 2874 Κὰκεῖοος
3267 2810 3317 2865 τί
3376 2809 3474 2884 μὲν
3505 2808 3628 2888 cii"!
3683 2830 3822 2886 προ-

2165 2899 2421 2978 εφήτευσε
2479 2907 2584 2955 τῶν
2643 2895 3066 2973 συμϐησομένων
3125 2901 3318 2973 αὖτῷ;
3378 2897 3427 2954 τί
3482 2895 3536 2952 δὲ
3595 2896 3656 2953 οὔ
3715 2903 3825 2955 τῶν

2166 2977 2630 3069 προφητευθέντων
2701 2988 2952 3065 ἑγένετος
3007 2977 3064 3044 Ὀ
3136 2987 3233 3062 μὲν
3292 2987 3448 3043 αὐτὸν
3505 2991 3604 3054 τῆς
3665 2986 3828 3062 βασισ-

2165 3078 2310 3142 λείας
2369 3075 2693 3144 ἐκϐληθῆναι
2763 3089 3014 3152 προεῖπε,
3045 3077 3134 3132 καί
3182 3076 3237 3132 ἰν
3283 3081 3346 3152 τῇ
3388 3075 3636 3153 ὑπερορίᾳ
3691 3097 3822 3153 τρα-

434 3175 718 3229 eventura
749 3171 776 3228 ?
804 3165 956 3239 Quid
990 3186 1125 3230 vero
1158 3189 1280 3232 non
1311 3170 1529 3232 factum
1565 3181 1652 3233 est
1683 3162 1890 3234 eorum
1949 3193 2082 3250 quae

2168 3168 2350 3246 φῆναι,
2381 3168 2471 3223 καί
2529 3172 2725 3243 τροφῆς
2775 3163 2968 3242 ἀπορίᾳ
3022 3163 3199 3242 χλόην
3252 3177 3469 3241 φαγεῖν,
3517 3163 3605 3219 καί
3667 3162 3825 3220 πάλιν

433 3255 714 3336 praedicta
746 3255 1027 3319 fuerant?
1058 3258 1604 3336 Praedixitquidem
1639 3261 1766 3323 fore
1788 3272 1849 3323 ut
1871 3263 2080 3324 exim-

434 3345 603 3425 perio
637 3345 1060 3425 expelleretur,
1095 3357 1154 3408 et
1215 3348 1274 3410 in
1307 3350 1515 3411 exsilio
1564 3351 1827 3412 aleretur
1855 3360 1913 3412 et
1962 3370 2082 3432 prae

433 3434 552 3498 cibi
583 3434 786 3515 inopia
840 3435 1026 3498 herba
1057 3448 1423 3513 vesceretur,
1460 3451 1516 3500 et
1546 3439 1620 3500 ab
1652 3441 1721 3500 iis
1751 3439 1853 3520 qui
1884 3439 2078 3519 ipsum

433 3523 884 3604 oderant,potea
905 3536 1304 3601 revocaretur,
1333 3537 1389 3589 et
1417 3528 1490 3589 ad
1515 3528 1834 3607 imperium
1866 3545 2077 3591 rever--

433 3620 681 3694 teretur,
717 3614 861 3677 etin
888 3633 960 3676 eo
993 3615 1122 3677 vitae
1154 3617 1332 3678 linem
1367 3617 1688 3696 acciperet.
1715 3617 1818 3679 llle
1848 3626 2073 3694 autem,

432 3720 567 3766 cum
615 3703 869 3784 primum
921 3707 1161 3785 quidem
1224 3705 1514 3785 praedicti,
1568 3704 1642 3767 ab
1695 3707 2075 3785 imperatrice

434 3791 653 3856 Verina
680 3792 932 3868 incitati,
958 3794 1013 3856 ei
1040 3795 1348 3856 struebant
1378 3795 1650 3872 insidias,
1679 3795 1872 3858 libens
1899 3799 2080 3859 cessit

433 3882 712 3962 imperio,
739 3884 937 3946 sciens
960 3883 1089 3945 ﬁeri
1121 3903 1240 3946 non
1273 3903 1447 3964 posse
1477 3885 1671 3961 aliter,
1705 3886 1759 3948 ei
1782 3887 1855 3948 ad
1886 3887 2082 3967 fugam

435 3991 610 4053 opem
667 3973 892 4035 ferente
949 3981 1124 4036 nocte
1175 3985 1234 4035 et
1293 3975 1478 4036 multo
1535 3974 1774 4048 imbre,-
1835 3985 1892 4037 et
1947 3996 2083 4039 cum

434 4060 607 4125 Ponti
638 4061 853 4124 fretum
886 4063 1038 4124 clam
1076 4063 1504 4146 transjecisset,
1537 4085 1671 4129 cum
1706 4083 1892 4130 uxore
1922 4069 2088 4130 venit

431 4150 496 4212 in
526 4149 828 4214 Isauriam.

513 4240 658 4305 XLI.
695 4241 810 4305 Sed
845 4261 978 4304 cum
1025 4243 1097 4305 ad
1131 4244 1289 4306 hunc
1319 4245 1513 4307 locum
1568 4245 1838 4325 pervenit
1867 4247 2077 4320 oratio,

436 4333 639 4394 nescio
697 4351 813 4413 quo
873 4351 967 4395 me
1025 4342 1250 4396 vertam
1308 4353 1447 4396 cum
1505 4353 1600 4396 me
1661 4335 1842 4395 multa
1902 4333 2078 4395 simul

433 4431 647 4484 vocent
696 4431 753 4482 et
812 4422 1074 4484 vicissim
1135 4424 1394 4497 trahant,
1449 4441 1581 4502 quae
1633 4433 1776 4482 sunt
1837 4430 1898 4482 et
1957 4423 2080 4482 uli-

2163 3256 2378 3332 ῧστερον
2440 3255 2581 3331 παρᾶ
2637 3261 2743 3309 τῶν
2801 3253 3100 3326 μισούντων
3151 3251 3541 3327 ἀνακληθῆναι,
3598 3252 3688 3307 καί
3757 3255 3831 3318 εἰς

2163 3346 2256 3401 τὰν
2312 3343 2587 3420 βασιλείαν
2643 3340 2980 3413 ἐπανελθεῖν,
3015 3341 3105 3396 καί
3162 3340 3215 3396 ἐν
3261 3343 3394 3416 αὖτῇ
3448 3341 3510 3396 τὸ
3561 3346 3656 3396 τοῦ
3713 3341 3832 3415 βίου

2163 3431 2402 3498 δέξασθαι
2459 3431 2651 3508 πέρας.
2694 3421 2752 3488 ’0
2804 3427 2860 3485 δὲ
2891 3435 3103 3497 πρῶτον
3135 3428 3256 3504 μὲν,
3290 3430 3362 3492 ὡς
3395 3431 3442 3483 οἱ
3499 3427 3833 3507 προλεχθέν-

2162 3543 2250 3584 τςε
2309 3520 2393 3577 διὰ
2449 3527 2547 3588 τῆς
2603 3517 2874 3597 βασιλίδος
2908 3518 3051 3593 αὐτῷ
3103 3522 3330 3590 Βηρίνης
3376 3517 3477 3584 τὴν
3531 3515 3828 3585 ἐπιϐουλὴν

2162 3607 2442 3690 ἔῤῥαπτον,
2503 3609 2639 3666 ἑκὼν
2698 3607 2958 3678 ὑπεξέστη
3015 3612 3114 3673 τῆς
3185 3605 3482 3682 βασιλείας,
3543 3605 3693 3671 εἰδὼς
3755 3608 3831 3674 ὡς

2161 3701 2258 3761 οὐκ
2308 3701 2371 3756 ἃν
2408 3699 2570 3762 ἄλλος
2628 3697 2862 3777 γένοιτο,
2897 3697 3084 3760 νυκτὸς
3140 3699 3282 3770 αὐτῷ
3339 3697 3470 3774 πρὸς
3501 3695 3600 3762 τὴν
3656 3697 3830 3776 φυγὴν

2163 3787 2619 3855 συνεπιλαῶύσης
2679 3789 2768 3846 καὶ
2824 3788 2979 3843 ὑετοῦ
3051 3783 3255 3841 πολλοῦ
3306 3784 3395 3841 καί
3442 3784 3534 3840 τὸν
3590 3786 3829 3863 πορθμὸν

2168 3878 2332 3957 λάθρα
2389 3888 2480 3937 τοῦ
2535 3878 2730 3935 πόντου
2789 3874 3110 3954 διαπεράσας
3141 3875 3215 3938 εἰς
3265 3873 3364 3942 τὴν
3423 3873 3679 3951 Ἰσαυρίαν
3737 3876 3832 3932 εὖ·

2167 3971 2256 4034 θὺς
2282 3971 2416 4046 μετὰ
2449 3969 2697 4048 γιναικὸς
2729 3967 2820 4034 ἧν,

2247 4239 2384 4301 ΜΑ’.
2439 4237 2590 4297 Ἀλλ’
2623 4239 2843 4296 ἐνταῦθα
2884 4243 2977 4294 τοῦ
3034 4234 3196 4314 λόγου
3253 4233 3538 4312 γενόμενος
3570 4234 3665 4290 οὒκ
3719 4231 3833 4288 οἷδ’

2165 4331 2274 4397 ὅπη
2332 4331 2620 4406 τράπωμαι
2676 4324 2884 4384 πολλῶν
2943 4325 3054 4402 ἅμα
3105 4321 3552 4403 παρακαλούντων
3583 4322 3668 4378 καὶ
3727 4321 3834 4377 ἆν-

2162 4419 2459 4476 θελκόντων
2502 4418 2590 4472 ’καὶ
2630 4417 2727 4482 τὴν
2771 4414 3030 4493 ὠφέλειαν
3075 4415 3347 4489 ὁμοτίμων
3403 4413 3492 4469 καὶ
3540 4411 3633 4478 τὴν
3676 4409 3828 4477 τάξιν

435 4513 600 4576 litate
645 4514 824 4594 paria,
889 4521 946 4575 et
996 4513 1206 4576 ordine
1262 4501 1533 4592 aequalia.
1588 4513 1768 4575 Multa
1825 4517 1984 4572 enim
2047 4532 2080 4572 a

2168 4506 2501 4586 συγχρόνων,
2541 4503 2723 4561 Πολλὰ
2772 4506 2872 4582 γὰρ
2902 4512 2977 4562 τῶ
3025 4501 3248 4582 μεγάλῳ
3289 4501 3344 4557 ἐν
3402 4505 3579 4594 ταυτῷ
3608 4522 3829 4578 κατωρ-

437 4621 649 4682 magno
673 4602 917 4664 Daniele
933 4603 1110 4664 simul
1140 4603 1418 4682 praeclare
1445 4600 2086 4681 gerrbantur,etsimul

436 4693 645 4756 effecta
677 4691 1081 4754 reddebantur
1112 4711 1182 4754 ea
1208 4709 1341 4768 qua:
1375 4691 1751 4771 prmdixerat;
1785 4701 1842 4753 et
1864 4691 1994 4770 ipse
2025 4692 2087 4753 in

436 4782 565 4844 acie
624 4781 817 4843 stabat
867 4799 972 4861 pro
1007 4782 1240 4861 pietate.
1303 4779 1508 4842 Utrum
1564 4800 1703 4859 ergo
1768 4791 1903 4844 sunt
1962 4781 2082 4857 illa,

437 4890 512 4934 an
567 4873 694 4933 haec
745 4870 1092 4932 narranda?
1148 4870 1432 4932 Existimo
1479 4869 1923 4950 praedictionem
1984 4889 2087 4933 vos

439 4961 680 5042 quidem
726 4961 849 5040 jam
880 4959 1186 5042 accepisse
1241 4959 1598 5035 satietatem,
1634 4980 1828 5041 neque
1889 4960 2088 5040 plures

437 5068 660 5129 cupere
694 5073 710 5124 -,
744 5051 872 5128 eius
901 5059 1094 5110 autem
1126 5049 1316 5110 zelum
1351 5067 1454 5129 pro
1501 5048 1719 5129 pietate
1751 5050 2084 5130 requirere.

437 5141 684 5218 Sceptra
707 5139 972 5219 quidem,
1004 5148 1067 5200 ut
1086 5139 1309 5201 dictum
1333 5147 1447 5214 est,
1480 5139 1691 5219 arripit
1716 5139 2040 5202 Basiliscus
2071 5159 2084 5201 :

440 5227 808 5291 horribiliter
837 5246 976 5290 vero
994 5229 1187 5290 statim
1213 5228 1410 5290 sibilat
1437 5229 1721 5290 adversus
1737 5229 1843 5291 Dei
1875 5228 2087 5290 Eccle-

440 5317 681 5393 siam,et
700 5318 774 5381 de
795 5320 986 5380 carnis
1001 5337 1034 5380 a
1055 5319 1288 5383 Christo
1321 5326 1612 5400 susceptae
1636 5317 2089 5399 dispensatione

517 5509 550 5560 9
578 5509 734 5573 Psal.
767 5525 928 5586 xxiv,
969 5509 1044 5572 19

523 5673 608 5758 (4)
645 5669 892 5735 Videtur
921 5670 1155 5748 deesse,
1188 5671 1302 5750 die,
1338 5679 1441 5733 aut
1469 5669 1630 5735 aliud
1663 5666 1969 5750 quippiam
1998 5709 2016 5728 .

2169 4601 2344 4669 θοῦτο,
2406 4595 2518 4668 ἅμα
2574 4614 2630 4649 τε
2703 4594 2766 4650 τὰ
2821 4599 2922 4660 τῆς
2981 4593 3304 4674 προφητείας
3372 4588 3692 4664 ἐξετελεῖτο,
3737 4591 3832 4646 καὶ

2171 4686 2328 4748 αὐτὸς
2379 4683 2507 4760 ὑπὲρ
2565 4680 2828 4748 εὐσεϐείας
2874 4683 3090 4742 ἵστατο.
3148 4681 3374 4759 Πότερον
3427 4681 3516 4735 οὖν
3564 4678 3746 4734 ἐκεῖνα
3793 4679 3831 4747 ἢ

2169 4783 2334 4833 ταῦτα
2405 4771 2742 4851 διηγητέυν;
2817 4773 2990 4848 Οἶμαι
3037 4769 3102 4838 δὴ
3161 4771 3267 4828 τῶν
3332 4768 3428 4842 μὲν
3489 4766 3834 4846 προρρήσεων

2169 4866 2328 4944 κόρον
2380 4863 2526 4944 ἔχειν
2558 4865 2693 4936 ὑμᾶς
2735 4863 2824 4919 καὶ
2884 4863 2962 4936 μὴ
2991 4860 3252 4918 πλειόνων
3303 4857 3450 4936 ὲρᾷν,
3481 4858 3572 4914 τὸν
3603 4854 3656 4912 δὲ
3697 4857 3835 4944 ὑπὲρ

2172 4943 2445 5017 εὐσεϐείας
2478 4951 2639 5024 ζῆλον
2701 4951 3003 5021 ἐπιζητεῖν,
3065 4948 3315 5024 Ἀρπάζει
3367 4947 3489 5026 μὲν,
3523 4949 3592 5008 ὡς
3647 4947 3674 5001 ὁ
3729 4943 3833 5000 λό-

2171 5067 2291 5123 γος,
2327 5047 2386 5100 τὸ
2444 5046 2714 5117 σκῆπτρον
2743 5043 2770 5095 ὁ
2833 5038 3166 5100 Βασιλίσκος·
3227 5035 3395 5092 δεινὸν
3453 5035 3508 5091 δὲ
3564 5037 3650 5091 καὶ
3693 5035 3834 5092 κατὰ

2170 5135 2266 5202 τῆς
2339 5132 2662 5198 Ἐκκλησίας
2721 5129 2865 5191 εὐθὺς
2909 5137 3004 5187 τοῦ
3062 5125 3192 5183 Θεοῦ
3249 5126 3501 5205 συρίττει,
3565 5126 3653 5180 καὶ
3710 5124 3835 5200 περὶ

2171 5228 2270 5291 τὴν
2343 5222 2596 5301 ἕνσαρκον
2663 5218 2964 5292 οἰκονομίαν
3039 5224 3265 5294 Χριστου
3335 5213 3630 5294 βλάσφημά
3708 5235 3832 5269 τινα

2175 5316 2262 5372 καὶ
2306 5311 2428 5370 νόθα
2485 5310 2656 5388 ληρεί,
2713 5305 2966 5368 ’Λκάκιον
3023 5305 3078 5368 δὲ
3134 5308 3224 5364 τὸν
3265 5306 3366 5376 τῆς
3423 5303 3831 5385 ἀρχιερωσύνης
