4086 6414
331 376 488 449 1091

1472 379 1660 446 VITA
1691 379 1767 443 'S.
1809 377 2176 445 DANIELIS
2216 375 2592 441 STYLITE.

3559 371 3712 440 I022

318 520 504 601 θρόνον
560 525 862 596 κοσμοῦντα
912 525 1006 576 τοῦ
1061 517 1160 595 μὲν
1212 518 1377 599 όφθοῦ
1429 517 1828 596 προϊστάμενον
1876 515 1974 572 λό-

2065 519 2319 594 nugatur
2351 510 2620 593 quasdam
2665 509 3016 593 blasphema
3060 520 3119 574 et
3149 511 3523 575 adulterima.
3555 513 3713 574 Aca-

319 634 439 690 γου,
624 607 679 666 δὲ
737 616 845 666 τῶν
900 608 1102 665 ἐκείνου
1158 605 1438 686 δογμάτων
1495 605 1632 684 ζάλῃ
1685 606 1971 685 θερμότητι

317 701 615 775 πνεύματος
700 699 787 755 καὶ
883 695 1148 776 παῤῥησίᾳ
1245 695 1485 776 σφοδρῶς
1572 695 1922 752 ἀντιπνέον-δα
1953 739 1968 766 ,

315 795 498 870 σφαγῇ
551 789 841 868 παρανόμῳ
889 786 1065 844 δοῦναι
1124 785 1454 863 βουλεύεται,
1520 795 1684 844 Τουτο
1744 783 1973 848 πολλοὺς

315 880 414 956 μὶν
443 881 553 936 τῶν
583 882 886 952 μοναστῶν,
928 874 1166 937 πολλοὺς
1224 875 1279 932 δὲ
1337 874 1522 944 συνῆξε
1579 875 1664 931 καὶ
1720 880 1824 932 τῶν
1877 897 1974 950 μι-

314 965 516 1048 γάδωι,
574 969 660 1024 καὶ
716 963 1024 1040 συνδραμὼν
1071 964 1214 1022 ἅπαν
1270 965 1331 1021 τὸ
1380 970 1622 1037 ποίμνιον
1673 963 1836 1034 ἔσωζε
1883 964 1975 1019 τὸν

314 1058 545 1132 ποιμένα
601 1054 949 1134 διαφθαρῆναι
1006 1051 1395 1114 κινδυνεύοντα,
1455 1050 1725 1132 Ἐκέκριτο
1771 1049 1836 1120 δὴ
1887 1051 1974 1108 οὖν

316 1147 524 1203 καὶτὸν
578 1145 746 1222 μέγαν
795 1145 870 1209 εἷς
925 1143 1230 1220 ἐπικουρίαν
1287 1141 1501 1220 καλεῖν,
1550 1141 1644 1198 καὶ
1695 1139 1858 1208 δηλοῖ
1900 1147 1977 1216 τῷ

322 1247 469 1313 πράῳ
513 1235 581 1291 τὰ
626 1238 726 1300 τῆς
777 1231 977 1299 λύττης
1023 1233 1047 1288 ὃ
1097 1229 1291 1310 ἱερεύς,
1351 1232 1412 1289 ‘0
1444 1229 1628 1298 δὲτὴν
1659 1232 1976 1308 κακουργίαν

319 1325 480 1405 σοφὸς
537 1325 566 1380 ὁ
622 1321 869 1398 βασιλεὺς
922 1328 1078 1378 τοῦτο
1131 1321 1288 1398 γνοὺς
1342 1320 1580 1399 γνωρίζει
1637 1325 1715 1392 τῷ
1777 1317 1977 1386 Δανιὴλ

317 1415 405 1470 καὶ
465 1413 620 1476 αὐτὸς
670 1420 857 1470 τοῦτον
908 1409 1066 1466 αὖτὸν
1131 1410 1274 1466 εἶναι
1322 1407 1528 1484 μᾶλλον
1573 1409 1667 1464 τὸν
1708 1407 1847 1486 ἱερέα
1881 1408 1978 1475 τῆς

315 1501 569 1568 τοιαύτης
599 1498 845 1578 ταραχῆς
877 1499 1074 1556 αἴτιον.
1121 1499 1234 1567 Τήν
1290 1518 1348 1552 τε
1405 1497 1506 1574 γάρ
1555 1494 1741 1574 πόλιν,
1791 1494 1974 1574 φησὶν,

315 1590 692 1648 ἐπανίστασθαί
722 1611 814 1663 μοι
845 1599 1016 1666 ποιεῖ,
1078 1588 1168 1643 καὶ
1203 1588 1264 1644 τὸ
1317 1586 1682 1664 στρατιοτικὸν
1731 1583 1976 1661 διαστρέ-

315 1701 428 1761 φει,
459 1682 554 1736 καί
597 1677 901 1752 σκώμματα
955 1688 1250 1757 συμφορετ,
1311 1677 1396 1732 καὶ
1449 1677 1649 1752 ψόγους
1699 1672 1974 1761 ἐπιτρίϐει,

315 1757 412 1828 καί
444 1770 646 1847 μυρίοις
678 1767 876 1848 χρῆται
932 1781 1052 1832 τοῖς
1111 1765 1228 1824 καθ’
1283 1768 1462 1840 ἡμῶν
1517 1769 1596 1838 τῷ
1642 1785 1724 1820 τοι
1770 1764 1856 1819 καὶ
1909 1757 1980 1818 δι’

316 1859 490 1939 εὒχῆς
523 1856 728 1932 μᾶλλον
782 1858 921 1914 κατὰ
976 1863 1068 1914 τοῦ
1120 1855 1415 1912 ἐπισκόπου
1469 1852 1584 1910 δέον
1633 1860 1710 1927 τῷ
1761 1851 1977 1931 βασιλεῖ

318 1960 662 2026 συμμαχεῖν.

2059 603 2215 666 cium
2242 610 2467 678 autem,
2498 601 2599 682 qui
2629 610 2769 664 tunc
2792 601 2994 664 sedem
3018 601 3265 666 tenebat
3288 601 3712 684 pontiﬁcalem,

2061 700 2159 774 qui
2192 699 2417 755 rectam
2468 691 2710 772 quidem
2771 691 3136 754 defendebat
3192 692 3507 766 rationem,
3557 690 3715 753 illius

2057 791 2254 846 autem
2287 781 2628 860 dogmatum
2665 783 3025 862 tempestati,
3079 782 3319 862 spiritus
3370 783 3626 855 fervore,
3660 788 3718 842 et

2059 870 2300 934 dicendi
2327 871 2598 933 libertate
2623 871 3010 933 vehementer
3030 871 3490 953 resistebat,vult
3511 871 3718 952 iniqua

2063 968 2256 1023 morte
2291 961 2567 1022 multare.
2601 960 2726 1022 Hoc
2758 979 2890 1022 cum
2925 962 3142 1023 multos
3185 961 3424 1043 quidem
3458 978 3715 1040 congre—

2057 1059 2252 1130 gasset
2283 1068 2351 1111 ex
2382 1050 2456 1111 iis
2486 1051 2585 1132 qui
2617 1051 2806 1112 vitam
2843 1060 3021 1131 agunt
3069 1052 3417 1126 solitariam,
3455 1059 3512 1112 et
3541 1068 3611 1112 ex
3643 1049 3717 1110 iis

2059 1139 2162 1220 qui
2196 1139 2539 1219 promiscue
2572 1139 2771 1202 vivunt
2795 1147 2853 1201 et
2872 1141 3288 1215 communiter,
3317 1149 3377 1202 et
3405 1157 3545 1220 grex
3577 1157 3717 1201 con-

2067 1229 2357 1290 currisset
2411 1228 2746 1305 universus,
2806 1229 3056 1292 servavit
3111 1239 3429 1312 pastorem,
3490 1228 3589 1308 qui
3639 1246 3715 1290 ne

2068 1317 2317 1399 periret,
2353 1317 2630 1381 veniebat
2660 1319 2719 1378 in
2753 1320 3106 1398 periculum.
3163 1322 3474 1382 Decretum
3525 1319 3717 1379 fuerat

2072 1425 2351 1486 magnum
2384 1427 2621 1488 quoque
2653 1407 2959 1470 Danielem
2989 1426 3204 1470 vocare
3231 1408 3294 1468 iu
3323 1407 3631 1481 auxilium,
3657 1413 3718 1467 et

2062 1497 2186 1558 viro
2219 1497 2343 1558 miti
2371 1498 2650 1558 sacerdos
2698 1497 3082 1577 imperatoris
3136 1497 3364 1559 rabiem
3399 1496 3713 1575 signiﬁcat.

2062 1584 2206 1647 Cum
2238 1593 2462 1655 autem,
2519 1587 2620 1666 qui
2655 1595 2782 1648 erat
2812 1589 3053 1668 sapiens
3105 1587 3177 1648 ad
3229 1585 3713 1656 malefciendum,

2060 1674 2174 1736 hoc
2199 1675 2580 1754 cognovisset
2629 1676 2975 1757 imperator,
3016 1678 3144 1758 ipse
3192 1694 3428 1757 quoque
3487 1672 3718 1737 Danieli

2060 1764 2377 1844 significat,
2434 1765 2595 1826 hunc
2648 1767 2838 1846 ipsum
2874 1767 3070 1847 potius
3125 1766 3496 1827 sacerdotem
3532 1761 3718 1824 fuisse

2059 1871 2301 1914 causam
2355 1854 2538 1933 hujus
2578 1853 2887 1916 tumultus.
2943 1857 3090 1919 Nam
3141 1861 3198 1916 et
3229 1854 3365 1915 facit
3411 1854 3712 1915 civitatem

2001 1950 2035 1999 Β
2059 1943 2351 2004 adversus
2384 1961 2480 2005 me
2513 1942 2852 2024 insurgere,
2904 1953 2965 2006 et
2995 1943 3215 2005 milites
3270 1943 3600 2021 corrumpit
3645 1959 3715 2002 ac

316 2034 630 2120 pervertit,
665 2041 724 2095 et
778 2052 871 2095 me
903 2031 1221 2095 maledicta
1279 2030 1572 2112 congerit,
1609 2037 1667 2092 et
1730 2029 1949 2120 probra
1999 2029 2207 2105 inurit,
2241 2040 2299 2092 et
2353 2031 2635 2094 adversus
2683 2052 2777 2094 ma
2835 2033 2975 2095 facit
3005 2031 3488 2094 innumerabilia.
3547 2030 3712 2104 Quo-

317 2126 482 2189 circa
505 2132 741 2205 oportet
774 2131 854 2203 te,
888 2123 1106 2198 aiebat,
1144 2121 1422 2203 precibus
1455 2121 1572 2182 tuis
1605 2119 1955 2202 imperatori
1987 2120 2181 2201 potius
2212 2140 2384 2203 opem
2412 2121 2571 2184 ferre
2598 2130 2810 2184 contra
2840 2123 3204 2203 episcopum.

397 2215 539 2276 IB'.
602 2212 755 2272 Ἀλλ’
812 2213 1032 2270 ἐνταῦθα
1089 2213 1182 2288 μοί
1235 2233 1316 2277 τις
1371 2210 1638 2267 σκοπείτω
1691 2217 1786 2268 τοῦ
1842 2214 1974 2266 θαυ-

321 2311 527 2381 μαστοῦ
590 2302 792 2371 Δανιὴλ
848 2306 936 2361 καὶ
991 2304 1052 2358 τὸ
1109 2302 1165 2358 ἐν
1226 2300 1479 2380 διακρίσει
1528 2299 1838 2378 σοφώτατον
1889 2300 1979 2355 καὶ

321 2395 384 2450 τδ
413 2396 540 2470 «pb;
601 2399 836 2471 Χριστοῦ
886 2390 1176 2468 παραταξιν
1227 2389 1625 2469 γενναιότατον
1677 2388 1753 2444 ὦν
1789 2390 1850 2444 τὸ
1879 2389 1979 2462 μὲν

327 2482 386 2540 ἐν
411 2486 488 2556 τῷ
512 2488 751 2562 φωρᾶσαι
809 2481 908 2548 τὴν
969 2480 1286 2559 κακουργίαν
1346 2476 1532 2552 ἑδειξε,
1587 2479 1650 2534 τὸ
1700 2475 1756 2533 δὲ
1811 2479 1869 2533 τὸ
1899 2477 1976 2550 μὴ

322 2571 488 2648 μόνον
514 2570 716 2649 θερίσαι
769 2571 862 2626 τὸν
914 2571 989 2634 εἰς
1048 2570 1149 2637 τὴν
1205 2568 1603 2646 ἐνανθρώπησιν
1651 2575 1746 2626 τοῦ
1795 2565 1977 2623 ἆλεθι-

319 2663 413 2717 νοῦ
443 2667 575 2718 Θεεῦ
605 2657 958 2737 ἐνυϐρίζοντα,
1019 2657 1158 2714 ἀλλά
1207 2659 1296 2714 καὶ
1351 2657 1420 2713 τα
1460 2655 1690 2733 μέγιστα
1745 2654 1978 2722 ἀπειλῆ-

317 2773 434 2830 σαι,
489 2754 576 2806 καὶ
635 2755 981 2830 προφητικῶς
1041 2747 1186 2818 αὒτῷ
1245 2745 1580 2826 φθέγξασθαι,
1643 2744 1976 2824 Διαρῤἤσων,

315 2841 469 2921 φησὶ,
504 2838 764 2918 διαῤῥήξει
820 2839 918 2907 τὴν
975 2837 1246 2915 βασιλείαν
1305 2859 1400 2893 σου
1431 2837 1459 2892 ὃ
1492 2837 1648 2916 Θεὸς,
1700 2839 1791 2894 καὶ
1841 2834 1978 2892 ἄλλα

317 2929 374 2986 δὲ
438 2929 644 2994 τούτοις
703 2927 1018 3006 προσθεῖναι
1079 2928 1112 2983 ἃ
1168 2929 1420 2984 τοσοῦτον
1469 2929 1596 3005 εἶχε
1645 2927 1700 2981 τὸ
1729 2923 1972 3004 δάκρυον,

315 3021 408 3078 καὶ
462 3017 766 3076 καθικέσθαι
827 3017 920 3085 τῆς
978 3014 1194 3094 καρδίας
1249 3013 1471 3084 ἠδύνατο
1543 3014 1618 3076 ὠς
1678 3011 1814 3088 μηδὲ
1881 3015 1974 3070 τὸν

316 3123 442 3175 τους
500 3106 691 3185 λόγους
753 3104 1150 3181 διακινούμενον
1223 3103 1312 3162 διὰ
1381 3103 1646 3178 στόματος
1718 3101 1972 3181 θαῤῥῆσαι

318 3205 488 3255 ταῦτα
542 3203 619 3272 τῷ
675 3195 914 3274 βασιλεῖ.
977 3193 1127 3254 Οὕτω
1175 3193 1270 3270 μὶν
1327 3195 1416 3252 οὖν
1466 3192 1673 3256 ἐκεῖνος
1707 3192 1895 3268 ἀπῇει·
1947 3193 1975 3248 ὁ

319 3285 376 3344 δὲ
408 3286 686 3367 ἀρχιερεὺς
717 3291 908 3362 μικροῦ
945 3285 1146 3348 πάντας
1208 3289 1308 3340 τῶν
1367 3279 1676 3340 ἐπισκόπων
1736 3303 1976 3360 συναγα-

319 3377 432 3455 γὼν
461 3373 669 3432 στέλλει
725 3375 856 3451 πρὸς
914 3375 1008 3430 τὸν
1066 3372 1238 3451 μέγαν
1290 3373 1376 3428 ἐπὶ
1432 3371 1533 3439 τὰν
1581 3370 1712 3446 ὑπὲρ
1749 3378 1976 3448 Χριστοῦ

2144 2236 2333 2301 XLII.
2368 2236 2483 2300 Sed
2515 2237 2610 2300 hic
2643 2239 2789 2300 mihi
2814 2239 3151 2300 consideret
3179 2237 3416 2319 aliquis,
3449 2236 3712 2299 admira-

2063 2325 2207 2388 bilis
2237 2326 2501 2388 Danielis
2533 2336 2593 2390 et
2627 2328 2686 2388 in
2718 2327 3118 2389 discernendo
3149 2345 3440 2388 summam
3471 2327 3711 2407 sapien-

2063 2415 2230 2486 tiam,
2267 2422 2326 2476 et
2353 2415 2414 2476 in
2445 2414 2788 2478 dimicando
2821 2436 2924 2496 pro
2957 2416 3190 2479 Christo
3217 2414 3623 2476 fortitudinem
3656 2423 3716 2476 et

2063 2503 2551 2583 generositatem.
2589 2503 2855 2577 Quorum
2899 2505 3045 2569 illud
3090 2505 3332 2586 quidem
3363 2504 3623 2568 ostendit
3653 2503 3713 2566 in

2063 2593 2575 2673 deprehendendo
2595 2595 2907 2658 maleficio:
2924 2595 3040 2657 hoc
3052 2595 3374 2676 vero,quod
3389 2613 3507 2655 non
3521 2594 3713 2655 solum

2063 2682 2285 2763 probro
2315 2683 2583 2746 aﬂ'ecerit
2629 2703 2764 2746 eum
2819 2684 2924 2762 qui
2955 2693 3294 2764 susceptam
3345 2703 3380 2745 a
3409 2701 3547 2745 vero
3593 2685 3713 2744 Deo

2063 2772 2494 2835 humanitatem
2524 2772 2743 2854 probro
2763 2773 3080 2848 afficiebat,
3107 2774 3210 2836 sed
3233 2775 3408 2836 etiam
3429 2773 3716 2835 maximas

2062 2863 2253 2924 minas
2283 2861 2344 2923 in
2374 2881 2508 2923 eum
2541 2862 2886 2938 intenderit,
2940 2872 2999 2926 et
3041 2865 3388 2943 prophetica
3418 2862 3473 2924 ei
3505 2864 3715 2925 effatus

2059 2950 2174 3012 sit:
2211 2950 2630 3030 Disrumpens,
2662 2951 2876 3032 inquit,
2912 2953 3245 3033 disrumpet
3276 2951 3433 3014 Deus
3462 2969 3709 3031 regnum

2060 3046 2250 3114 tuum,
2285 3049 2344 3102 et
2374 3039 2491 3102 alia
2517 3041 2830 3122 adjecerit,
2880 3060 3011 3123 quae
3039 3060 3144 3104 cor
3173 3043 3300 3121 ejus
3342 3060 3530 3121 usque
3561 3040 3712 3103 adeo

2061 3139 2335 3210 poterant
2369 3129 2646 3192 mordere
2677 3138 2734 3192 et
2771 3140 3033 3210 tangere,
3070 3138 3129 3192 ut
3160 3149 3272 3193 nec
3301 3130 3400 3193 ille
3437 3131 3709 3206 quidem,

2059 3219 2159 3301 qui
2192 3219 2466 3282 minister
2496 3230 2624 3284 erat
2655 3221 2888 3283 futurus
2918 3221 3260 3300 verborum,
3311 3239 3490 3282 ausus
3537 3220 3714 3282 fuerit

2059 3308 2186 3371 haec
2215 3327 2318 3371 ore
2347 3311 2692 3373 renuntiare
2715 3311 3086 3390 imperatori,
3115 3310 3220 3373 sed
3243 3330 3278 3372 a
3299 3328 3510 3390 magno
3531 3310 3713 3390 petieo

2058 3398 2160 3472 rit,
2196 3407 2258 3461 ut
2287 3399 2521 3476 litteris,
2554 3399 2749 3481 iisque
2775 3401 3128 3480 obsignatis,
3153 3402 3278 3462 haec
3299 3400 3712 3480 signiﬁcaren-

319 3465 637 3545 συμμαχίαν
695 3461 1042 3542 παρακαλῶν,
1101 3462 1192 3520 καὶ
1248 3464 1330 3518 ὃτι
1391 3466 1492 3529 τῆς
1548 3460 1748 3518 ἐκείνου
1804 3461 1974 3535 μόνης

324 3554 355 3570 ..
471 3554 494 3570 ν
657 3555 671 3570 .
771 3553 788 3570 κ
823 3553 835 3570 .
1110 3553 1126 3570 .
1191 3552 1203 3570 ε
1318 3555 1342 3568 ..
1497 3550 1512 3570 ς
1585 3549 1608 3570 η
1873 3547 1900 3570 ,ι

2065 3460 2160 3550 ιιιέ
2179 3460 2554 3570 imperatori.
2577 3460 2756 3552 Ειᾜίὲ
2781 3460 3712 3570 illequidem—recessit.Pontifex

319 3554 388 3612 ἂν
441 3554 534 3621 εἴη
588 3555 674 3613 καὶ
731 3553 978 3631 γλώττης
1041 3553 1128 3608 καὶ
1184 3552 1380 3630 ἀρετῆς
1423 3550 1553 3627 πρὸς
1585 3549 1812 3606 ἔκτοπον
1842 3547 1978 3606 οὕτω

321 3643 668 3723 βλασφημίαν
709 3640 1064 3721 διαμάχεσθαι
1119 3642 1208 3698 καὶ
1255 3642 1347 3697 τὸν
1403 3638 1534 3718 ὑπὲρ
1582 3640 1682 3704 τῆς
1733 3635 1976 3706 Ἐκκλη-

323 3733 442 3797 σίας
511 3731 749 3806 πόλεμον
813 3729 1177 3796 ἀναδέξασθαι,
1233 3728 1390 3786 Οὗτοι
1449 3728 1547 3802 μὶν
1579 3728 1669 3783 οὖν
1711 3725 1976 3783 ἀπελθόν-

322 3843 414 3886 τες
445 3819 790 3898 ἂπήγγελλον
817 3827 1006 3878 ταῦτα’
1039 3816 1226 3885 ἐπειδὴ
1282 3816 1336 3873 δέ
1392 3822 1487 3873 τοῦ
1539 3813 1732 3872 στόλου
1776 3813 1974 3873 κατελ-

322 3914 440 3968 θεῖν
469 3911 561 3967 τὸν
589 3909 849 3988 μακάριον
909 3905 1042 3986 ἄγαν
1087 3911 1231 3981 αὐτῷ
1272 3903 1552 3985 δυσχερὲς,
1609 3905 1695 3960 καὶ
1745 3901 1973 3975 ἀνένευε,

322 4000 378 4058 τί
435 4005 752 4080 μηχανᾶται
810 3995 974 4055 πάλιν
1032 3999 1061 4054 ὁ
1113 3995 1506 4074 πατριάρχης;
1567 3993 1792 4069 Κάμψαι
1847 3993 1976 4070 πρὸς

321 4092 482 4148 τοῦτο
535 4085 858 4165 βουλόμενος
916 4086 1118 4161 πέμπει
1164 4084 1262 4142 καῖ
1309 4086 1451 4150 αὖθις
1494 4083 1616 4144 τοὺς
1647 4081 1978 4145 ἐπισκόπους

322 4180 604 4257 πενθήρεις
687 4181 831 4251 αὒτῷ
913 4175 1142 4256 φανῆναι
1227 4171 1504 4252 κελεύσας,
1593 4169 1846 4234 ἐλεεινοῖς
1922 4191 1977 4227 τε

324 4269 630 4351 χρήσασθαι
676 4269 762 4324 καὶ
795 4265 982 4344 λόγοις
1028 4265 1116 4322 καὶ
1167 4264 1444 4344 σχήμασι,
1498 4259 1695 4340 δάκρυά
1734 4280 1792 4351 τε
1840 4281 1978 4351 προ-

321 4349 502 4439 χέειν,
565 4356 918 4436 ἰσχυρότατον
978 4356 1053 4418 εἰς
1113 4354 1280 4410 πειθὼ
1332 4352 1635 4430 φάρμακον,
1697 4350 1784 4406 καὶ
1838 4349 1978 4409 πάν-

322 4437 478 4506 τοθεν
532 4447 765 4522 κάμψειν
825 4445 1152 4524 ἐπιχειρεῖν,
1213 4441 1458 4515 Μίμησαί
1513 4462 1630 4513 σου,
1696 4437 1974 4518 λέγοντας,

321 4539 419 4596 τὸν
448 4541 658 4607 πρῶτον
687 4535 1003 4612 καθηγητὴν
1059 4533 1147 4588 καὶ
1195 4528 1533 4588 διδάσκαλον.
1594 4528 1686 4586 Ἐν
1715 4529 1816 4607 γὰρ
1859 4539 1978 4590 τοῖς

320 4627 456 4698 ὑπὲρ
503 4631 730 4704 Χριστοῦ
782 4625 850 4680 τὰ
899 4623 1128 4704 Χριστοῦ
1183 4622 1463 4695 μιμεῖσθαι
1521 4616 1711 4680 καλόν.
1761 4615 1978 4674 ’Έκλινε

324 4715 596 4782 κάκεῖνοις
626 4714 894 4791 οὖρανοὺς⁹
951 4713 1050 4770 καί
1107 4708 1318 4780 κατήϐη
1375 4709 1472 4776 τὴν
1530 4715 1637 4764 τῶν
1690 4706 1977 4784 ἀνθρώπων

323 4805 830 4884 πραγματευόμενος
887 4801 1181 4880 σωτηρίαν.
1255 4799 1316 4857 Τί
1369 4797 1460 4856 οὗν
1525 4797 1861 4884 ὰτοπονῗκαὶ
1918 4795 1977 4851 σὲ
2003 4811 2043 4864 ο

322 4903 420 4954 τοῦ
451 4883 662 4952 στόλου
717 4895 847 4973 πρὸς
905 4892 1082 4972 βραχὺ
1143 4887 1443 4956 κατελθεῖν,
1506 4887 1594 4943 καὶ
1651 4883 1981 4942 κινδυνεύου-

324 5008 426 5044 σαν
483 4982 772 5041 ἀπολέσθαι
829 4989 1000 5039 σῶσαι
1061 4981 1160 5046 τὴν
1213 4975 1567 5048 Ἐκκλησίαν,
1618 4974 1748 5053 ὺπέρ
1801 4975 1868 5040 ἧς
1924 4974 1983 5030 ὃν

323 5073 485 5138 αὐτὸς
542 5072 720 5154 φιλεῖς
773 5073 862 5129 καὶ
912 5077 1006 5130 τοῦ
1060 5067 1189 5126 ἰδίου
1248 5064 1476 5154 αἵματος
1533 5065 1628 5154 οὐκ
1684 5061 1976 5154 spelunca;

322 5162 502 5231 Αὐτὴν
557 5149 644 5219 σοι
703 5159 848 5218 δόκει
906 5157 1232 5237 παρεστάναι
1291 5155 1392 5222 τὴν
1462 5149 1813 5231 Ἐκκλησίαν,
1885 5153 1980 5207 καί

323 5252 510 5330 φωνὴν
541 5252 776 5331 ἀφιέναι,
814 5251 902 5306 καὶ
926 5249 1150 5328 χεῖρας,
1185 5247 1259 5310 είς
1288 5242 1593 5317 ἐπικουρίαν
1625 5241 1899 5302 ἐκτείνειν,

2060 3587 2257 3641 autem
2318 3597 2454 3640 cum
2513 3598 2726 3641 omnes
2781 3581 2906 3642 fere
2977 3580 3227 3642 eximios
3295 3587 3716 3659 congregasset

2058 3673 2384 3742 episcopos,
2419 3671 2587 3730 mittit
2609 3673 2678 3729 ad
2705 3688 2976 3746 magnum
3002 3672 3322 3738 Danielem.
3348 3686 3478 3730 eum
3502 3672 3713 3728 adhor-

2059 3765 2193 3816 tans
2228 3764 2286 3816 ut
2315 3773 2489 3817 suum
2523 3775 2628 3836 pro
2659 3757 2896 3820 Christo
2929 3757 3096 3818 daret
3140 3755 3450 3835 auxilium,
3507 3755 3714 3817 dicens

2058 3843 2217 3905 illius
2251 3863 2380 3906 esse
2409 3845 2595 3906 solius
2627 3846 2842 3923 linguae
2877 3854 2935 3908 et
2964 3846 3197 3908 virtutis
3236 3845 3522 3907 adversus
3565 3843 3713 3905 adeo

2060 3931 2380 3994 absurdam
2415 3935 2758 4014 depugnare
2791 3935 3247 4016 blasphemiam,
3295 3941 3355 3996 et
3404 3931 3714 4012 suscipere

2059 4020 2280 4084 bellum
2317 4041 2424 4104 pro
2457 4024 2744 4085 Ecclesia.
2783 4025 2977 4105 Atque
3012 4025 3108 4086 isti
3141 4025 3387 4102 quidem
3435 4023 3710 4103 profecti,

2060 4111 2187 4174 haec
2217 4111 2650 4190 significarunt.
2685 4113 2976 4187 Quoniam
3000 4133 3141 4177 vero
3171 4123 3378 4176 sancto
3398 4126 3524 4176 erat
3543 4113 3714 4174 valde

2063 4200 2302 4263 difﬁcile
2333 4219 2364 4263 e
2397 4202 2674 4266 columna
2704 4203 3096 4279 descendere,
3132 4211 3191 4266 et
3225 4201 3536 4283 renuebat,
3570 4200 3713 4282 quid

2061 4308 2268 4352 rursus
2301 4291 2642 4354 mahinatur
2689 4293 3050 4376 patriarcha,
3111 4292 3313 4354 volens
3358 4309 3494 4352 eum
3548 4291 3622 4353 ad
3653 4290 3711 4351 id

2061 4383 2356 4444 ﬂectere?
2387 4380 2615 4444 Rursus
2649 4383 2825 4444 mittit
2873 4383 3210 4464 episcopos,
3253 4381 3477 4461 jubens
3525 4399 3628 4442 eos
3658 4379 3714 4440 ei

2061 4489 2352 4552 apparere
2381 4479 2644 4548 maestos,
2679 4473 2887 4553 utique
2938 4471 3382 4533 miserabilibus
3433 4479 3490 4531 et
3519 4467 3716 4532 verbis

2063 4571 2122 4625 et
2150 4560 2450 4638 gestibus,
2476 4569 2535 4623 et
2569 4562 2932 4642 profundere
2966 4559 3712 4642 Iacrymas,validissimum

2062 4650 2563 4712 medicamentum
2595 4649 2666 4712 ad
2700 4657 3172 4731 persuasionem,
3209 4658 3268 4711 et
3294 4649 3457 4711 omni
3485 4647 3714 4710 ratione

2061 4743 2263 4803 conari
2297 4757 2432 4802 eum
2485 4741 2751 4816 flectere,
2803 4740 3065 4815 Imitare,
3122 4740 3414 4812 dicentes,
3453 4739 3709 4816 primum

2067 4844 2412 4922 magistrum
2445 4851 2503 4903 et
2535 4853 2988 4924 praeceptorem.
3021 4842 3085 4904 In
3138 4843 3206 4903 iis
3237 4841 3394 4902 enim
3420 4859 3552 4920 quze
3577 4846 3714 4902 sunt

2065 4937 2336 5001 facienda
2366 4957 2471 5020 pro
2497 4938 2752 5015 Christo,
2779 4940 3092 5023 pulchrum
3119 4955 3210 5002 est
3239 4939 3536 5002 Christum
3569 4937 3713 5001 imi—

2064 5037 2201 5102 tari.
2237 5038 2566 5102 Declinavit
2598 5039 2698 5101 ille
2726 5059 2964 5122 quoque
2997 5059 3032 5101 θ
3060 5039 3232 5102 caelis
3263 5047 3322 5100 et
3379 5035 3714 5108 descendit,

2067 5155 2400 5218 procurans
2429 5138 2677 5200 salutem
2726 5139 3059 5202 hominum.
3108 5137 3262 5210 Quid
3304 5155 3446 5214 ergo
3475 5133 3720 5198 absurdi

2065 5239 2268 5320 fuerit,
2304 5237 2382 5301 sit
2412 5247 2468 5301 tu
2501 5259 2740 5321 quoque
2770 5240 3196 5322 aliquantisper
3227 5257 3262 5301 e
3303 5239 3578 5301 columna
3607 5235 3718 5298 de-

321 5327 658 5421 attenderis,
689 5327 912 5420 etquae
958 5327 1126 5398 venit
1153 5334 1215 5396 in
1269 5331 1626 5421 periculum,
1662 5347 1748 5421 n_e_
1772 5337 2000 5421 pereat,
2037 5329 2292 5421 servaris
2319 5327 2671 5421 Ecclesiam,
2711 5348 2816 5411 pro
2865 5348 2982 5410 qua
3012 5331 3137 5421 ipse
3164 5346 3293 5390 eam
3325 5345 3532 5389 amans
3573 5345 3716 5421 pro-

327 5431 457 5514 prio
489 5448 609 5491 non
642 5416 910 5509 pepercit
939 5422 1218 5505 sanguini
1247 5429 1276 5486 ?
1311 5420 1593 5485 Existima
1645 5417 1752 5482 tibi
1783 5417 1978 5499 ipsam
2009 5427 2202 5482 astare
2231 5417 2588 5493 Ecclesiam,
2629 5429 2686 5482 et
2716 5438 2920 5483 vocem
2951 5419 3248 5498 emittere,
3281 5427 3342 5479 et
3391 5416 3716 5479 extendere

334 5538 551 5584 manus
581 5517 896 5580 auxilium.

409 5609 555 5670 Ml".
595 5610 806 5673 Τούτοις
836 5605 930 5663 καί
982 5603 1166 5668 ἄλλοις
1218 5601 1426 5660 πλείοσι
1487 5601 1605 5665 τοὺς
1662 5598 1984 5662 ἐπισκόπους

2146 5595 2349 5660 XLIII.
2384 5598 2530 5661 Cum
2565 5599 2658 5662 bis
2679 5609 2737 5661 et
2764 5599 2895 5661 aliis
2919 5597 3188 5679 pluribus
3217 5594 3532 5676 episcopos
3552 5592 3716 5674 prius

327 5699 488 5763 οίενεί
519 5695 910 5780 προπαιδεύσας
941 5697 971 5756 ὁ
1005 5695 1362 5774 πατριάρχης,
1409 5693 1497 5751 καὶ
1549 5689 1690 5756 ὁλως
1757 5709 1974 5770 περιπα-

2066 5686 2452 5752 instruxisset
2481 5690 2838 5772 patriarcha,
2871 5695 2930 5751 et
2960 5687 3204 5752 omnino
3234 5683 3626 5758 exercuisset,
3653 5689 3720 5744 ut
