4086 6408
405 345 558 417 1023

1560 354 1945 422 ΑΒΒΕΝΒΑ.
2022 377 2097 404 ει·
2163 357 2358 424 DBCE
2368 357 2604 422 MBER.

3623 360 3777 430 1024

399 490 706 572 aptissime
726 490 798 553 ad
823 491 1179 556 monendam
1205 491 1770 566 misericordiam,et
1787 489 2046 553 maxime

2132 489 2356 550 θέστατα
2414 491 2511 560 τὴν
2571 490 2789 559 αἴτησιν
2841 489 3096 550 ὑπελθεῖν
3136 493 3540 573 προγυμνάσας.
3573 495 3786 573 ἐκπέμ-

402 580 826 644 miserabiliter
851 581 924 644 ad
977 583 1425 664 proponendam
1475 581 1835 644 accederent
1891 580 2048 662 peti-

400 675 624 732 tionem
662 691 680 747 ;
710 671 831 734 illis
859 678 1057 733 autem
1089 672 1380 752 imperata
1425 670 1808 750 facientibus,
1857 679 1915 733 et
1950 672 2047 732 in-

400 759 571 822 ferne
595 761 928 841 supplicum
960 761 1079 824 ritu
1108 779 1240 824 cum
1297 761 1572 842 lacrymis
1625 760 2044 837 clamantibus,

403 849 657 930 primum
703 851 940 930 quidem
999 870 1070 914 ea
1127 871 1260 934 qua)
1315 851 1556 924 ﬁebant,
1611 869 1767 929 aegre
1823 850 2053 913 ferebat

399 947 662 1018 sanctus,
694 947 753 1001 et
781 939 1108 1020 angebatur
1135 943 1362 1004 animo.
1390 941 1622 1005 Deinde
1651 959 1786 1003 cum
1819 940 2052 1006 videret

401 1028 585 1107 magis
613 1039 1084 1113 perseverantes,
1137 1041 1197 1094 et
1244 1031 1663 1095 vehementius
1709 1039 2046 1111 precantes,

399 1124 458 1179 et
488 1136 621 1180 cum
655 1118 982 1183 miserabili
1013 1122 1273 1184 clamore
1291 1121 1516 1184 calidas
1552 1122 1842 1202 lacrymas
1867 1119 2048 1182 emit-

400 1214 615 1288 tentes,
648 1209 950 1273 nesciebat
983 1213 1126 1292 quid
1157 1219 1356 1292 ageret
1401 1212 1506 1273 illa
1539 1210 1882 1272 misericors
1911 1209 2047 1271 ani-

399 1314 517 1372 ma,
549 1297 624 1358 ad
654 1305 934 1382 utrasque
991 1301 1269 1364 distracta
1321 1301 1740 1380 cogitationes.
1800 1299 2046 1372 Quando

399 1385 560 1449 enim
593 1387 664 1449 ad
695 1390 1058 1471 sacerdotes,
1089 1400 1146 1453 et
1174 1392 1246 1454 ad
1279 1391 1658 1454 sacerdotum
1706 1389 2046 1452 intuebatur

397 1475 1096 1563 lacrymas,movebatur;
1123 1482 1366 1558 quando
1389 1490 1587 1544 autem
1617 1480 1689 1543 ad
1709 1480 2047 1542 columnam

401 1575 460 1627 et
487 1584 592 1628 eos
621 1566 728 1645 qui
757 1577 897 1632 sunt
922 1570 985 1632 in
1022 1589 1094 1633 ea
1133 1571 1390 1645 labores,
1445 1579 1506 1633 et
1555 1568 2048 1650 optabilissimam

400 1655 687 1737 quietem,
719 1665 846 1720 erat
875 1659 1241 1724 inﬂexibilis.
1275 1660 1374 1724 Sic
1405 1679 1546 1740 ergo
1579 1660 1740 1721 inter
1786 1677 1852 1721 se
1898 1677 2048 1721 con-

2133 603 2242 640 πει.
2278 587 2394 640 Τῶν
2424 579 2479 638 δὲ
2512 583 2575 639 τὰ
2631 581 3022 661 ἐπιτεταγμένα
3080 583 3371 641 ποιούντων
3422 587 3507 643 καὶ
3551 587 3786 644 κάτωθεν

2133 670 2187 727 έν
2217 673 2406 728 ἱκετῶν
2450 673 2698 752 σχήματι
2755 673 2848 730 σὺν
2906 671 3154 752 δάκρυσιν
3200 671 3536 752 ἔκϐοώντων,
3581 678 3644 734 τὸ
3687 677 3786 752 μὲν

2133 761 2341 832 πρὦτον
2369 763 2396 817 6
2429 760 2571 827 ὅσιος
2602 761 2892 840 ἠγανάκτει
2922 775 3040 828 τοῖς
3072 763 3384 845 δρωμένοις,
3433 767 3520 824 καὶ
3569 767 3784 837 ἠνιᾶτο.

2134 849 2384 928 Ἔπειτα,
2419 852 2493 915 ὡς
2538 850 2614 908 ἔτι
2658 851 2862 927 μᾶλλον
2905 862 3422 932 προσκαρτεροῦντας
3473 855 3635 936 ἑώρα,
3683 859 3784 914 καὶ

2133 938 2495 1007 πληθύνοντας
2527 939 2732 1016 δέησιν,
2792 941 2989 1015 δάκρυά
3046 963 3103 999 τε
3145 945 3314 1019 θυρμὰ
3365 945 3502 1020 μετὰ
3544 949 3785 1025 κραυγῆς

2133 1031 2344 1106 οἰκτρᾶς
2375 1030 2648 1109 ἀφιέντας,
2683 1033 2778 1089 οὒκ
2808 1031 2968 1112 εἶχεν
3028 1033 3056 1088 ὃ
3109 1054 3158 1088 τι
3190 1035 3276 1090 καὶ
3307 1032 3546 1112 δράσειεν
3573 1037 3609 1104 ἡ
3641 1057 3789 1110 συμ-

2136 1120 2306 1203 παθὴς
2361 1119 2537 1188 ἐκείνη
2593 1123 2749 1202 ψυχὴ
2809 1125 2938 1201 πρὸς
2991 1121 3246 1201 ἑκατέρας
3304 1124 3628 1203 μεριζομένη
3689 1125 3788 1189 τὰς

2134 1201 2382 1275 διανοίας.
2418 1209 2587 1267 ’Ὀταν
2641 1201 2740 1285 μὲν
2796 1212 2896 1289 γὰρ
2953 1213 3026 1275 εἰς
3069 1212 3192 1276 τοὺς
3235 1201 3407 1290 ἱερέας
3452 1216 3538 1271 καὶ
3583 1215 3650 1271 τὰ
3678 1219 3791 1272 τῶν

2132 1297 2313 1376 ἱερέων
2368 1297 2556 1356 ἀπεῖδε
2611 1298 2806 1378 δάκρυα
2871 1303 3000 1379 πρὸς
3073 1301 3173 1370 τὴν
3242 1300 3423 1371 δέησιν
3493 1302 3784 1361 ἒπκλᾶτω

2129 1387 2255 1444 ὅταν
2289 1387 2340 1444 δὲ
2367 1390 2495 1466 πρός
2528 1390 2620 1447 τὸν
2675 1389 2863 1450 στῦλον
2906 1393 2994 1448 καὶ
3035 1391 3161 1452 τοὺς
3195 1391 3252 1448 έν
3280 1399 3358 1467 τῷ
3387 1391 3563 1467 στύλῳ
3591 1395 3786 1459 πόνους

2130 1476 2224 1534 καί
2281 1479 2377 1548 τὴν
2423 1481 2775 1558 περιπόθητον
2816 1481 3074 1561 ἡσυχίαν,
3135 1480 3392 1560 ἄτεγκτος
3450 1483 3540 1551 ἧν.
3602 1483 3785 1549 Οὕτως

2131 1567 2219 1624 οὖν
2249 1573 2352 1624 τῶν
2383 1567 2658 1647 λογισμῶν
2690 1569 2832 1644 αὖτῷ
2888 1569 3220 1651 μαχομένων
3281 1573 3366 1628 καὶ
3421 1571 3605 1652 ὥσπερ
3660 1575 3786 1632 ἶσο-

2131 1658 2466 1716 στατούντων
2523 1659 2618 1726 τήν
2671 1659 2732 1714 ἐκ
2784 1665 2884 1727 τῆς
2941 1658 3137 1718 ἄνωθεν
3187 1661 3409 1741 κρίσεως
3448 1664 3628 1734 ιζήτει
3673 1663 3789 1742 ρώ-

399 1745 784 1809 tendentibus
815 1750 1296 1828 cogitationibus,
1331 1758 1390 1812 et
1427 1751 1489 1811 in
1523 1748 1857 1830 aequilibrio
1890 1767 2046 1830 quo-

2132 1766 2263 1823 μην·
2326 1749 2412 1806 καὶ
2472 1751 2545 1812 εἰς
2604 1750 2912 1830 προσευχήν
2976 1750 3136 1807 αὐτοῦ
3193 1752 3440 1832 στάντος,
3512 1753 3658 1818 εὐθὺς
3734 1750 3792 1818 ἑξ

399 1834 719 1899 dammodo
750 1839 978 1920 positis,
1013 1841 1226 1922 quaerit
1257 1847 1628 1902 momentum
1669 1839 1914 1920 superni
1941 1839 2047 1918 ju-

400 1924 545 1986 dicii
579 1946 594 1986 :
633 1934 786 1989 eteo
819 1937 1012 1991 stante
1067 1931 1142 1993 ad
1195 1930 1550 2009 orationem,
1611 1946 1718 1990 vox
1763 1929 1960 1990 statim
2017 1945 2051 1990 e

398 2015 550 2077 coelo
581 2015 831 2094 exsistit,
866 2037 996 2100 quin
1038 2019 1210 2101 jubet
1265 2021 1318 2081 ei
1377 2029 1441 2080 ut
1485 2027 1546 2080 et
1591 2017 1942 2092 descendat,
1995 2025 2053 2078 et

398 2123 609 2168 rursus
636 2117 973 2171 revertatur
1026 2111 1099 2172 ad
1157 2109 1524 2172 columnam.
1582 2107 1680 2172 Sic
1733 2127 1871 2170 eum
1916 2125 2052 2170 cum

397 2195 613 2274 gaudio
643 2197 1010 2280 excipientes
1039 2199 1333 2281 epis-capi,
1368 2198 1746 2262 deduxerunt
1791 2198 1862 2259 ad
1897 2217 2051 2278 pon-

401 2285 622 2348 tiﬁcem
643 2305 656 2349 :
679 2288 805 2368 qui,
835 2289 953 2351 dici
985 2309 1103 2352 non
1129 2297 1347 2370 potest,
1378 2296 1598 2370 quanta
1623 2306 1830 2349 rursus
1869 2286 2053 2350 fuerit

400 2375 614 2457 plenus
643 2377 864 2455 laetitia,
900 2387 960 2441 et
987 2389 1205 2461 quanto
1259 2398 1397 2441 eum
1445 2379 1676 2440 honore
1720 2377 2046 2456 exceperit.

397 2465 589 2547 Atque
619 2468 814 2529 statim
846 2469 1088 2549 quidem
1122 2468 1342 2532 Christi
1382 2467 1557 2529 miles
1609 2467 1787 2530 vertit
1833 2465 2047 2527 adver-

397 2555 646 2635 sarium,
681 2559 788 2619 eisi
820 2558 876 2620 ei
905 2559 966 2620 in
1001 2566 1389 2640 conspectum
1423 2576 1542 2618 non
1577 2555 1826 2635 venerit,
1853 2554 2052 2616 verbis

396 2653 594 2708 autem
627 2649 845 2728 solum,
900 2657 1179 2729 tanquam
1238 2647 1475 2710 eminus
1525 2643 1756 2707 emissis
1805 2643 2047 2724 jaculis,

399 2754 542 2799 usus
573 2736 673 2818 sit,
701 2737 855 2799 sicut
885 2737 1061 2800 etiam
1099 2757 1208 2820 per
1239 2757 1366 2800 eam
1403 2753 1578 2818 quam
1614 2735 1778 2815 prius
1809 2733 2052 2796 miserat

399 2826 734 2908 epistolam,
759 2847 976 2891 novum
999 2829 1307 2910 appellans
1329 2825 1791 2900 Diocletianum,
1828 2833 1888 2886 et
1910 2842 2048 2886 cum

398 2937 506 3000 per
534 2924 786 3000 utraque
819 2937 955 2981 eum
989 2919 1320 2994 terruisset,
1357 2934 1574 2997 nempe
1632 2923 1691 2976 et
1741 2913 2050 2995 prmsentis

400 3007 627 3082 saeculi,
663 3017 722 3070 et
774 3007 954 3071 futuri
1000 3008 1317 3090 supplicia,
1373 3016 1648 3088 tanquam
1709 3003 2046 3086 improbum

2131 1837 2352 1916 ούρανοῦ
2404 1839 2557 1918 φωνὴ
2615 1839 2710 1906 τὴν
2743 1861 2800 1894 τε
2830 1837 3050 1897 κάθοδον
3110 1843 3252 1914 αὒτῷ
3308 1839 3786 1917 παρακελευομένη

2131 1930 2220 1983 καὶ
2277 1927 2376 1994 τὴν
2434 1929 2567 2005 πρὸς
2623 1928 2715 1984 τὸν
2749 1926 2940 1986 στῦλον
2977 1927 3138 1986 πάλιν
3191 1928 3558 2010 ὑποσαροφήν.
3604 1932 3788 1996 Οὕτως

2136 2017 2225 2074 οὖν
2283 2017 2438 2076 αὒτὸν
2491 2018 2539 2075 οἱ
2597 2016 2875 2074 ἐπίσκοποι
2935 2021 3032 2074 σὸν
3088 2018 3255 2096 ἠδολῇ
3310 2017 3562 2084 λαϐόντες
3593 2021 3667 2086 εἷς
3696 2023 3792 2078 τὸν

2135 2107 2394 2187 ἱεράρχην
2425 2107 2661 2184 ἀπῆγον,
2694 2105 2794 2166 αὖά
2826 2106 2970 2165 ἔστιν
3027 2109 3200 2167 εἰπεῖν
3257 2109 3381 2171 οἵας
3437 2112 3640 2167 ἱκείνου
3679 2111 3796 2168 πά-

2135 2194 2219 2251 λιν
2275 2195 2642 2274 πληρωθέντος
2684 2196 2779 2264 τῆς
2825 2198 3144 2276 εὕφροσύνης
3191 2200 3278 2255 καὶ
3321 2199 3437 2274 μεθ’
3483 2200 3615 2267 ὅσης
3658 2207 3793 2257 τοῦ-

2133 2307 2225 2342 τον
2269 2291 2368 2352 τῆς
2411 2291 2572 2360 τιμῆς
2629 2284 3038 2360 ὑποδεξαμένου,
3089 2288 3248 2353 Εὐθὺς
3309 2289 3407 2362 μὲν
3465 2288 3555 2346 οὖν
3610 2291 3639 2346 6
3694 2297 3793 2348 τοῦ

2136 2382 2363 2452 Χριστοῦ
2418 2375 2746 2452 στρατιώτης
2804 2375 2990 2452 τρέπει
3029 2377 3122 2432 τὸν
3167 2376 3635 2459 ἀντιτεταγμένον,
3699 2381 3789 2436 καὶ

2135 2464 2212 2538 μὴ
2244 2464 2446 2544 φανείς
2481 2477 2597 2524 τοῖς
2629 2462 2811 2541 λόγοις
2845 2461 2901 2521 δὲ
2933 2465 3096 2538 μόνον
3145 2464 3325 2543 ὥσπερ
3372 2463 3794 2543 ἀκροϐολισμοῖς

2133 2554 2504 2632 χρησάμενος,
2565 2554 2662 2610 οἶα
2721 2555 2808 2610 καὶ
2859 2551 2927 2610 δι’
2981 2553 3266 2622 ἐπιστολῆς
3343 2556 3598 2635 πρότερον
3669 2556 3793 2614 νέον

2134 2643 2561 2722 προσαγορεύσας
2596 2641 2983 2709 Διοκλητιανὸν
3014 2645 3100 2701 καὶ
3148 2641 3223 2700 δι’
3273 2645 3478 2725 ἀμφοῖν
3520 2644 3792 2726 φοϐήσας,

2131 2745 2256 2797 ταῖς
2286 2755 2344 2790 τε
2373 2736 2465 2790 τοῦ
2501 2733 2763 2811 παρόντος
2793 2735 2982 2796 αἰῶνος
3014 2735 3320 2816 σιμωρίαις,
3375 2735 3496 2794 οἶόν
3526 2757 3576 2793 τι
3607 2758 3791 2805 πονη-

2132 2823 2223 2900 ρὸν
2282 2820 2604 2902 ἀνδράποδον
2665 2824 2875 2902 φεύγειν
2935 2822 3134 2888 ἔπεισε,
3208 2825 3317 2894 Τὴν
3387 2827 3488 2904 γὰρ
3557 2824 3793 2894 ἀπειλὴν

2129 2911 2326 2985 δείσας,
2389 2914 2481 2969 καὶ
2532 2913 2819 2990 ἀπόκρισιν
2876 2912 2996 2978 δοὺς
3056 2916 3130 2978 ὡς
3189 2911 3324 2973 ’ἰδού
3390 2937 3472 2972 σοι
3534 2915 3628 2972 καί
3684 2918 3788 2983 τὴν

2129 3001 2285 3059 πόλιν
2315 3003 2627 3082 χαρίζομαι,
2672 3004 2761 3059 καὶ
2793 3004 2916 3068 τοὺς
2957 3003 3010 3060 ὲν
3054 3009 3122 3080 τῇ
3163 3003 3318 3061 πόλει
3363 3005 3592 3079 πάντας,
3624 3005 3791 3070 αὐτὸς

397 3097 785 3179 mancipium,
817 3099 1110 3178 persuasit
1139 3105 1204 3160 ut
1230 3100 1480 3176 fugeret.
1532 3095 1829 3159 Minarum
1889 3094 2046 3156 enim

2132 3093 2420 3168 γυμνασίας
2493 3094 2758 3172 πρόφασιν
2821 3091 2921 3158 ἔξω
2989 3100 3097 3152 τῶν
3171 3100 3268 3168 τῇς
3337 3095 3546 3159 πόλεως
3632 3093 3788 3164 ὁρίων

399 3192 614 3251 timore
644 3189 890 3252 aﬂ'ectus
917 3207 1052 3254 cum
1083 3188 1493 3267 respondisset
1523 3207 1537 3250 :
1576 3186 1730 3249 Ecce
1755 3181 1862 3246 tibi
1897 3201 2047 3243 con-

2132 3182 2354 3260 ἐχώρει.

401 3279 550 3341 cedo
600 3278 924 3354 civitatem,
963 3288 1023 3341 et
1069 3295 1277 3341 omnes
1307 3278 1412 3357 qui
1469 3282 1610 3340 sunt
1653 3275 1716 3337 in
1779 3291 1872 3348 ea,
1908 3271 2038 3352 ipse
2093 3275 2383 3350 praetextu
2435 3269 2880 3331 exercitationis
2927 3267 3222 3349 processit
3281 3275 3450 3332 extra
3493 3270 3795 3334 terminos

401 3367 682 3431 civitatis.

479 3458 675 3521 XLIV.
713 3459 830 3522 Sed
863 3477 973 3521 nec
1004 3458 1054 3520 si
1089 3457 1330 3540 quidem
1367 3477 1506 3522 eum
1538 3455 1766 3518 dimisit
1801 3453 1896 3516 vir
1926 3454 2050 3514 for-

398 3547 689 3624 tissimus,
720 3548 824 3610 sed
884 3549 1232 3629 fugientem,
1293 3557 1570 3628 tanquam
1619 3544 1723 3624 qui
1775 3543 2047 3624 clypeum

397 3637 740 3718 abjecisset,
767 3637 1235 3718 persequebatur
1261 3637 1536 3708 militem,
1566 3644 1624 3697 et
1647 3633 2050 3696 contendebat

397 3745 532 3790 eum
564 3727 1048 3808 apprehendere,
1081 3737 1145 3790 ut
1172 3736 1473 3806 argueret,
1505 3733 1564 3788 et
1585 3745 1718 3788 cum
1741 3743 1810 3786 eo
1835 3724 2046 3802 singu-

397 3817 510 3880 lari
539 3824 795 3880 certaret
822 3818 1171 3879 certamine.
1209 3817 1322 3880 lnit
1351 3834 1490 3895 ergo
1521 3815 1696 3891 viam,
1743 3832 1875 3894 qua:
1903 3813 2047 3876 illuc

399 3905 648 3969 ferebat.
675 3905 824 3968 Vide
848 3915 1043 3968 autem
1065 3906 1209 3968 mihi
1234 3906 1430 3969 zelum
1453 3905 1710 3967 athleta).
1736 3902 1883 3966 Nam
1909 3921 2045 3965 cum

399 3997 454 4058 ei
487 3996 670 4078 pedes
700 3996 1067 4059 laborassem
1101 3996 1554 4068 exercitatione,
1581 4003 1640 4057 et
1666 4013 1784 4056 non
1805 3999 2049 4074 possent

398 4085 655 4166 ingredi,
684 4086 1058 4148 commodata
1088 4086 1308 4168 accipit
1338 4087 1487 4148 alios
1517 4085 1721 4168 pedes,
1767 4092 1826 4146 et
1855 4084 2044 4146 duce-

396 4177 570 4238 batur
625 4185 885 4256 portatus
913 4177 986 4238 ab
1046 4177 1204 4239 aliis.
1267 4177 1478 4239 Fuitne
1538 4193 1678 4238 vero
1737 4175 1866 4253 ejus
1925 4173 2047 4235 iter

397 4266 577 4328 inane
608 4274 667 4328 et
694 4264 920 4349 absque
943 4266 1290 4328 miraculis?
1317 4265 1742 4346 Nequaquam;
1776 4274 1832 4323 et
1855 4260 2048 4323 liben-

400 4355 630 4418 tissime
645 4355 886 4436 quidem
908 4355 1173 4417 omnium
1197 4355 1607 4416 meminissem
1633 4351 1768 4428 ;sed
1789 4369 1922 4412 cum
1941 4350 2050 4410 tria

401 4445 776 4526 prohibeant,
812 4464 1028 4526 nempe
1059 4453 1115 4506 et
1158 4444 1463 4525 prolixitas
1513 4439 1894 4512 narrationis,
1947 4437 2046 4497 di-

2214 3450 2353 3513 MA’.
2418 3447 2566 3505 Ἀλλ’
2624 3447 2741 3507 οὐδὲ
2803 3448 2970 3511 οὕτως
3001 3447 3199 3516 ἀνῆκεν
3257 3450 3286 3506 δ
3328 3448 3597 3527 ἀριστεὺς,
3644 3446 3795 3513 ἀλλᾶ

2130 3542 2224 3598 τὸν
2275 3539 2538 3620 δραπέτην
2595 3541 2669 3603 ὡς
2729 3539 2987 3616 ῥίψασπιν
3040 3537 3227 3596 ἐκίωκε
3288 3538 3645 3618 στρατιώτην,
3700 3541 3795 3599 καὶ

2130 3629 2318 3689 λαϐεῖν
2349 3633 2422 3697 εἷς
2451 3629 2683 3710 ἔλεγχον
2715 3629 2991 3704 ἐπεζήτει,
3043 3629 3128 3684 καὶ
3159 3630 3288 3704 πρὸς
3342 3629 3501 3686 αὐτὸν
3557 3625 3794 3703 διαμιλ-

2129 3720 2357 3789 ληθηναι
2418 3727 2484 3780 τὰ
2541 3720 2881 3799 μονομάχια.
2939 3718 3006 3776 “Ᾱ
3023 3740 3206 3776 πτεται
3264 3729 3390 3798 γοῦν
3450 3718 3546 3786 τῆς
3606 3718 3793 3777 ἐκεῖσε

2129 3812 2414 3892 φερούσης.
2480 3811 2578 3871 Καὶ
2635 3808 2731 3888 ὅρα
2791 3829 2884 3883 μοι
2939 3807 3098 3880 ζῆλον
3133 3808 3457 3886 ἀγωνιστοῦ.
3517 3810 3634 3865 Τῶν
3685 3809 3794 3886 γὰρ

2131 3899 2306 3958 ποδῶν
2367 3901 2507 3974 αὒτῷ
2567 3905 2635 3976 τῇ
2698 3898 2924 3965 ἀσκήσει
2983 3900 3372 3965 πεπονηκότων
3429 3902 3518 3955 καί
3587 3895 3790 3956 ὁδεύειν

2129 3995 2191 4050 οὗ
2245 3988 2573 4069 δυναμένων,
2631 3985 2940 4064 ἀλλοτρίους
2995 3983 3285 4057 δανείζεται
3329 3985 3520 4059 πόδας,
3566 3987 3654 4045 καὶ
3695 3987 3788 4068 ὑφ’

2131 4081 2322 4160 ἐτέρων
2365 4080 2529 4158 ἤγετο
2569 4079 2987 4154 βασταζόμενος.
3039 4075 3164 4154 Ἀρ⁹
3213 4083 3301 4134 οὖν
3331 4079 3367 4146 ἡ
3397 4078 3584 4156 πορεία
3613 4078 3791 4151 τούτῳ

2129 4171 2259 4238 κενὴ
2314 4171 2403 4226 καὶ
2463 4168 2747 4243 θαυμάτων
2818 4165 3022 4240 ἄκτόςς
3086 4166 3376 4243 Οὕμενουν.
3445 4169 3535 4225 καὶ
3596 4165 3791 4235 ἥδιστα

2131 4261 2228 4333 μὶν
2287 4258 2348 4314 ἂν
2405 4259 2492 4314 καὶ
2548 4255 2760 4313 πάντων
2817 4253 3110 4329 ἐμνήσθην·
3186 4253 3322 4313 ἀλλὰ
3391 4256 3554 4335 τριῶν
3621 4253 3790 4335 ἆξειρ-

2131 4348 2356 4426 γόντων,
2419 4353 2510 4404 τοῦ
2565 4350 2664 4412 τῆς
2726 4342 3028 4422 διηγήσεως
3082 4346 3312 4421 μήκους,
3367 4351 3467 4413 τῆς
3513 4346 3784 4412 ἀσθενείας

2131 4435 2223 4491 τοῦ
2255 4435 2439 4514 λόγου,
2472 4437 2560 4492 καὶ
2588 4434 2680 4489 ’ίνα
2713 4431 2820 4508 μῆς
2866 4437 2942 4508 τῷ
2987 4435 3157 4492 πάντα
3199 4434 3398 4492 ἐθέλειν
3442 4438 3614 4493 εἰπεῖν
3659 4435 3786 4492 δια-

400 4523 578 4598 cendi
611 4534 904 4598 facultatis
934 4523 1344 4606 imbecillitas,
1369 4540 1547 4611 etne,
1573 4529 1623 4590 si
1647 4527 1820 4589 velim
1847 4526 2046 4588 omnia

2133 4538 2312 4602 κορεῖς
2368 4527 2506 4598 ὑμᾶς
2564 4523 2778 4598 θέμενος
2834 4523 3094 4601 ῥᾳθύμους
3145 4524 3264 4605 ἔχω
3315 4525 3371 4581 ἐν
3399 4525 3522 4590 τοῖς
3552 4547 3784 4605 καιριω-

398 4625 623 4704 dicere,
655 4643 790 4686 cum
821 4642 922 4685 vos
954 4624 1338 4695 exsatiavero,
1399 4620 1530 4682 sitis
1574 4616 1953 4680 socordiores
1984 4617 2044 4676 in

399 4715 475 4776 iis
505 4732 640 4790 qua;
668 4719 804 4774 sunt
837 4711 1153 4793 prascipua,
1191 4710 1392 4774 multis
1424 4707 1859 4790 praetermissis,
1901 4725 2044 4782 pau-

398 4821 606 4866 corum
639 4801 992 4864 meminero.
1055 4799 1308 4874 Quidam
1366 4799 1643 4880 leprosus
1687 4797 1758 4859 ad
1811 4816 1946 4859 eum
1980 4796 2042 4859 in

398 4894 492 4954 via
519 4891 836 4967 accedens,
869 4891 1069 4953 emisit
1099 4907 1328 4964 vocem,
1377 4905 1551 4970 quam
1586 4887 1727 4949 olim
1759 4886 1935 4948 etiam
1966 4886 2040 4949 ad

399 4982 723 5055 Christum,
760 4981 875 5042 nisi
898 4981 1052 5063 quod
1072 4980 1174 5043 ille
1192 4978 1435 5060 quidem
1460 4977 1700 5057 Filium,
1727 4977 1825 5039 hic
1845 4984 2043 5038 autem

396 5088 630 5132 servum
663 5069 770 5132 Dei
799 5070 1070 5151 vocabat,
1106 5078 1164 5133 et
1194 5067 1440 5148 rogabat
1464 5076 1526 5129 ut
1557 5065 1626 5128 ab
1655 5085 1724 5128 eo
1757 5083 2044 5146 asseque-

396 5168 563 5222 retur
593 5160 992 5223 curationem.
1030 5159 1134 5223 llle
1171 5175 1340 5221 vero:
1367 5157 1519 5232 Quid
1554 5155 1660 5218 tibi
1687 5156 1798 5232 vis,
1825 5155 2040 5237 inquit,

397 5249 553 5331 quod
577 5267 648 5311 eo
679 5250 888 5312 relicto
911 5251 1009 5331 qui
1033 5251 1158 5311 haec
1181 5255 1374 5329 potest
1397 5246 1946 5321 curare,accessisti
1968 5243 2042 5306 ad

395 5339 833 5421 hominem,qui
857 5349 947 5402 est
963 5338 1265 5400 similibus
1294 5336 1582 5400 obnoxius
1604 5335 2042 5409 allectionibus,

398 5451 462 5493 ea
486 5434 940 5506 postulans,quae
970 5433 1096 5506 ejus
1119 5433 1267 5490 vires
1289 5431 1609 5503 superant?
1627 5431 1833 5488 Verum
1858 5431 2042 5486 enim-

393 5537 534 5581 vero
567 5519 614 5579 si
643 5518 886 5600 quidem
919 5518 1267 5592 credis,non
1299 5516 1462 5577 illum
1484 5517 1701 5588 solum,
1729 5515 1834 5576 sed
1863 5513 2040 5574 etiam

396 5610 527 5691 ejus
557 5607 869 5670 ministros
903 5626 1077 5687 posse
1108 5606 1233 5668 haec
1264 5621 1493 5680 curare,
1529 5604 1643 5665 erit
1669 5601 1773 5663 tibi
1806 5620 1910 5682 per
1935 5619 2042 5663 nos

394 5717 657 5790 quoque,
691 5705 754 5762 ut
777 5696 1110 5774 credidisti,
1135 5692 1541 5760 sanatio.Cum
1563 5697 1761 5756 autem
1787 5691 1888 5756 ille
1912 5691 2041 5755 haec

2127 4617 2320 4692 τέροις,
2355 4614 2421 4670 τὰ
2465 4611 2635 4670 πολλὰ
2693 4615 2896 4692 παρεὶς,
2953 4611 3146 4691 ὀλίγων
3191 4615 3414 4690 μνήμην
3454 4614 3778 4691 ποιήσομαι.

2127 4706 2333 4785 Λεπρός
2362 4724 2443 4767 τις
2481 4702 2618 4778 αὐτῷ
2648 4702 2764 4760 καθ’
2795 4701 2914 4760 ὁδὸν
2972 4703 3277 4781 προσελθὼν
3331 4703 3506 4784 ἀφὴκε
3561 4705 3780 4784 φωνὴν,

2125 4795 2192 4865 ἢν
2221 4797 2308 4852 καὶ
2353 4797 2381 4851 6
2425 4792 2591 4850 πάλαι
2637 4791 2830 4870 λεπρὸς
2873 4796 2950 4868 τῷ
2994 4796 3224 4868 Χριστῷ·
3263 4794 3405 4860 πλὴν
3449 4793 3574 4852 ὅσον
3609 4797 3637 4852 6
3681 4795 3784 4870 μὲν

2133 4887 2268 4962 ι’ἱὸν,
2321 4884 2355 4941 6'
2397 4882 2450 4940 δὲ
2489 4882 2673 4940 δοῦλον
2721 4881 2900 4939 ἐκάλει
2951 4889 3110 4963 Θεοῦ,
3160 4883 3248 4939 καὶ
3297 4883 3575 4962 θεραπείας
3606 4881 3782 4942 ἐδεῖτο

2125 4989 2338 5055 τυχεῖνο
2391 4975 2480 5031 καὶ
2532 4974 2622 5029 τὸν
2677 4979 2841 5028 ταῦτα
2892 4969 3178 5047 δυνάμενον
3227 4971 3534 5048 θεραπεύειν
3579 4972 3782 5030 ἀπολιο

2127 5067 2243 5122 πὼν
2299 5064 2623 5140 ὀμόιοπαθεῖ
2677 5059 2975 5137 προσῆλθες
3034 5060 3294 5138 ἀνθρώπῳ
3347 5067 3453 5119 τῶν
3506 5062 3636 5142 ὑπὲρ
3683 5061 3780 5119 δύ.

2127 5177 2286 5230 ναμιν
2317 5154 2558 5211 ἀπαιτῶν
2591 5167 2608 5224 ς
2642 5149 2791 5219 Πλὴν
2836 5149 2957 5205 ἀλλ’
3015 5147 3070 5205 εἴ
3099 5171 3149 5205 τι
3203 5151 3468 5216 πιστεύεις
3504 5153 3600 5209 οὐκ
3629 5152 3785 5210 έκεῖ-

2128 5267 2218 5302 νον
2249 5243 2436 5318 μόνον,
2468 5240 2606 5297 ἀλλὰ
2655 5241 2743 5296 καὶ
2801 5239 2925 5301 τοὺς
2961 5238 3120 5298 αὖτυῦ
3159 5241 3484 5310 θεράποντας
3529 5239 3790 5306 δυνατοὺς

2126 5334 2270 5390 εἶναι
2303 5333 2460 5389 ταυτὶ)
2487 5334 2820 5407 θεραπευειν,
2853 5326 2998 5383 ἔσται
3031 5349 3114 5384 σοι
3175 5331 3261 5385 καὶ
3308 5327 3374 5386 δι’
3405 5332 3564 5404 ἡμῶν
3606 5330 3780 5406 ἴασις,

2126 5426 2200 5487 ὡς
2256 5422 2636 5479 πεπίστευκας.
2698 5409 2791 5482 Ὠς
2851 5413 2906 5472 δὲ
2965 5415 3170 5483 ἐκεῖνος
3222 5419 3385 5475 ταῦτά
3436 5440 3495 5475 τε
3557 5419 3779 5495 ὠμολόο

2125 5534 2207 5591 γε,
2241 5513 2330 5566 καί
2358 5509 2433 5566 ἔτι
2466 5505 2671 5584 μᾶλλον
2728 5505 2870 5574 ἠξίου
2899 5506 2997 5574 τὴν
3053 5505 3222 5588 ἴασιν,
3280 5509 3466 5573 οἶκτος
3523 5506 3636 5584 ἅμα
3693 5510 3782 5568 καὶ

2123 5606 2296 5676 θαῦμα
2326 5601 2418 5656 τὸν
2449 5599 2619 5678 μέγαν
2677 5595 2866 5676 είσῇει,
2921 5597 2983 5653 τὸ
3042 5596 3138 5672 μὲν
3190 5599 3318 5676 πρὸς
3380 5600 3477 5666 τὴν
3507 5599 3684 5680 νόσον,
3719 5601 3782 5656 τὸ

2124 5690 2179 5749 δὲ
2211 5691 2342 5774 πρὸς
2375 5690 2435 5747 τὸ
2465 5687 2582 5768 ζέον
2640 5691 2740 5760 τῆς
2803 5687 3052 5756 πίστεως
3117 5687 3204 5745 καὶ
3263 5688 3509 5772 στραφεὶς
3567 5711 3676 5769 σημ
3691 5690 3778 5748 αί-
