  <div class='ocr_page' id='page_1' title='image "/cluster/home/n/w/nwhite01/storage/ocr_20150623/116:no.3/coo.31924054870203/520.png"; bbox 0 0 4086 6402; ppageno 0'>
   <div class='ocr_carea' id='block_1_1' title="bbox 287 329 442 400">
    <p class='ocr_par' dir='ltr' id='par_1_1' title="bbox 287 329 442 400">
     <span class='ocr_line' id='line_1_1' title="bbox 287 329 442 400; baseline 0 0"><span class='ocrx_word' id='word_1_1' title='bbox 287 329 442 400; x_wconf 82' lang='grc'><strong>1025</strong></span> 
     </span>
    </p>
   </div>
   <div class='ocr_carea' id='block_1_2' title="bbox 1423 326 2547 405">
    <p class='ocr_par' dir='ltr' id='par_1_2' title="bbox 1423 326 2547 405">
     <span class='ocr_line' id='line_1_2' title="bbox 1423 326 2547 405; baseline 0 -1"><span class='ocrx_word' id='word_1_2' title='bbox 1423 329 1612 404; x_wconf 74' lang='grc' dir='ltr'><strong>νΙΤΑ</strong></span> <span class='ocrx_word' id='word_1_3' title='bbox 1656 332 1719 402; x_wconf 88' lang='lat' dir='ltr'><strong>S.</strong></span> <span class='ocrx_word' id='word_1_4' title='bbox 1763 326 2126 402; x_wconf 77' lang='lat' dir='ltr'><strong>DANIELIS</strong></span> <span class='ocrx_word' id='word_1_5' title='bbox 2169 328 2547 405; x_wconf 71' lang='lat' dir='ltr'><strong>STYLITIE.</strong></span> 
     </span>
    </p>
   </div>
   <div class='ocr_carea' id='block_1_3' title="bbox 3514 337 3666 405">
    <p class='ocr_par' dir='ltr' id='par_1_3' title="bbox 3514 337 3666 405">
     <span class='ocr_line' id='line_1_3' title="bbox 3514 337 3666 405; baseline 0.007 -1"><span class='ocrx_word' id='word_1_6' title='bbox 3514 337 3666 405; x_wconf 83' lang='grc'><strong>1026</strong></span> 
     </span>
    </p>
   </div>
   <div class='ocr_carea' id='block_1_4' title="bbox 285 465 1944 552">
    <p class='ocr_par' dir='ltr' id='par_1_4' title="bbox 285 470 1924 552">
     <span class='ocr_line' id='line_1_4' title="bbox 285 470 1924 552; baseline 0 -26"><span class='ocrx_word' id='word_1_7' title='bbox 285 494 361 527; x_wconf 84' lang='grc' dir='ltr'><strong>νει</strong></span> <span class='ocrx_word' id='word_1_8' title='bbox 405 483 524 533; x_wconf 79' lang='grc' dir='ltr'>τοῖς</span> <span class='ocrx_word' id='word_1_9' title='bbox 576 470 878 550; x_wconf 76' lang='grc' dir='ltr'>ἑπομένοις,</span> <span class='ocrx_word' id='word_1_10' title='bbox 910 472 1108 550; x_wconf 73' lang='grc' dir='ltr'>χεῖράς</span> <span class='ocrx_word' id='word_1_11' title='bbox 1153 495 1210 528; x_wconf 87' lang='grc' dir='ltr'><strong>τε</strong></span> <span class='ocrx_word' id='word_1_12' title='bbox 1240 473 1412 552; x_wconf 72' lang='grc' dir='ltr'>αἴρειν</span> <span class='ocrx_word' id='word_1_13' title='bbox 1443 477 1515 539; x_wconf 82' lang='grc' dir='ltr'>εἷς</span> <span class='ocrx_word' id='word_1_14' title='bbox 1566 475 1804 551; x_wconf 69' lang='grc' dir='ltr'>οὖρανὸν,</span> <span class='ocrx_word' id='word_1_15' title='bbox 1837 472 1924 527; x_wconf 80' lang='grc' dir='ltr'>καὶ</span> 
     </span>
    </p>
   </div>
   <div class='ocr_carea' id='block_1_5' title="bbox 2031 465 3659 552">
    <p class='ocr_par' dir='ltr' id='par_1_5' title="bbox 2031 465 3659 550">
     <span class='ocr_line' id='line_1_5' title="bbox 2031 465 3659 550; baseline 0.002 -21"><span class='ocrx_word' id='word_1_16' title='bbox 2031 470 2424 545; x_wconf 82' lang='lat' dir='ltr'><strong>:onﬁtebatur,</strong></span> <span class='ocrx_word' id='word_1_17' title='bbox 2457 481 2512 532; x_wconf 90' lang='lat' dir='ltr'><strong>et</strong></span> <span class='ocrx_word' id='word_1_18' title='bbox 2545 469 2737 532; x_wconf 91' lang='lat' dir='ltr'><strong>adhuc</strong></span> <span class='ocrx_word' id='word_1_19' title='bbox 2765 465 2947 548; x_wconf 76' lang='lat' dir='ltr'><strong>magis</strong></span> <span class='ocrx_word' id='word_1_20' title='bbox 2983 469 3227 550; x_wconf 87' lang='lat' dir='ltr'><strong>rogabat</strong></span> <span class='ocrx_word' id='word_1_21' title='bbox 3247 476 3310 531; x_wconf 92' lang='lat' dir='ltr'><strong>ut</strong></span> <span class='ocrx_word' id='word_1_22' title='bbox 3331 482 3659 545; x_wconf 89' lang='lat' dir='ltr'><strong>sanaretur,</strong></span> 
     </span>
    </p>
   </div>
   <div class='ocr_carea' id='block_1_6' title="bbox 284 560 1938 638">
    <p class='ocr_par' dir='ltr' id='par_1_6' title="bbox 284 560 1938 638">
     <span class='ocr_line' id='line_1_6' title="bbox 284 560 1938 638; baseline 0 -22"><span class='ocrx_word' id='word_1_23' title='bbox 284 560 499 638; x_wconf 66' lang='grc' dir='ltr'>δάκρυσι</span> <span class='ocrx_word' id='word_1_24' title='bbox 578 563 641 616; x_wconf 80' lang='grc' dir='ltr'>τὸ</span> <span class='ocrx_word' id='word_1_25' title='bbox 695 564 840 619; x_wconf 78' lang='grc' dir='ltr'>θεῖον</span> <span class='ocrx_word' id='word_1_26' title='bbox 915 561 1254 626; x_wconf 63' lang='grc' dir='ltr'>ἔειλεοῦσθαι.</span> <span class='ocrx_word' id='word_1_27' title='bbox 1343 564 1481 622; x_wconf 84' lang='grc' dir='ltr'>Εἶτα</span> <span class='ocrx_word' id='word_1_28' title='bbox 1562 562 1680 622; x_wconf 84' lang='grc' dir='ltr'>κατ’</span> <span class='ocrx_word' id='word_1_29' title='bbox 1740 562 1938 618; x_wconf 70' lang='grc' dir='ltr'>ἐκείνου</span> 
     </span>
    </p>
   </div>
   <div class='ocr_carea' id='block_1_7' title="bbox 286 647 1940 728">
    <p class='ocr_par' dir='ltr' id='par_1_7' title="bbox 286 647 1940 728">
     <span class='ocr_line' id='line_1_7' title="bbox 286 647 1940 728; baseline 0 -21"><span class='ocrx_word' id='word_1_30' title='bbox 286 651 610 727; x_wconf 70' lang='grc' dir='ltr'><strong>πρόσταγμα</strong></span> <span class='ocrx_word' id='word_1_31' title='bbox 690 657 760 727; x_wconf 77' lang='grc' dir='ltr'><strong>τῇ</strong></span> <span class='ocrx_word' id='word_1_32' title='bbox 818 647 1060 726; x_wconf 79' lang='grc' dir='ltr'><strong>Θαλάσσῃ</strong></span> <span class='ocrx_word' id='word_1_33' title='bbox 1115 652 1176 707; x_wconf 81' lang='grc' dir='ltr'>τὸ</span> <span class='ocrx_word' id='word_1_34' title='bbox 1250 658 1408 728; x_wconf 87' lang='grc' dir='ltr'>σῶμα</span> <span class='ocrx_word' id='word_1_35' title='bbox 1463 652 1788 726; x_wconf 62' lang='grc' dir='ltr'>λουσάμενος</span> <span class='ocrx_word' id='word_1_36' title='bbox 1853 652 1940 707; x_wconf 72' lang='grc' dir='ltr'><strong>καὶ</strong></span> 
     </span>
    </p>
   </div>
   <div class='ocr_carea' id='block_1_8' title="bbox 285 738 1939 821">
    <p class='ocr_par' dir='ltr' id='par_1_8' title="bbox 285 738 1939 821">
     <span class='ocr_line' id='line_1_8' title="bbox 285 738 1939 821; baseline -0.001 -24"><span class='ocrx_word' id='word_1_37' title='bbox 285 741 615 818; x_wconf 77' lang='grc' dir='ltr'>καθαρισθεὲς</span> <span class='ocrx_word' id='word_1_38' title='bbox 650 738 741 818; x_wconf 77' lang='grc' dir='ltr'><strong>(οὗ</strong></span> <span class='ocrx_word' id='word_1_39' title='bbox 783 740 989 818; x_wconf 68' lang='grc' dir='ltr'>μακρὰν</span> <span class='ocrx_word' id='word_1_40' title='bbox 1021 740 1122 820; x_wconf 78' lang='grc' dir='ltr'>γὰρ</span> <span class='ocrx_word' id='word_1_41' title='bbox 1171 739 1289 821; x_wconf 79' lang='grc' dir='ltr'>ἧν),</span> <span class='ocrx_word' id='word_1_42' title='bbox 1319 741 1472 820; x_wconf 74' lang='grc' dir='ltr'>ὑγιὴς</span> <span class='ocrx_word' id='word_1_43' title='bbox 1503 741 1624 805; x_wconf 84' lang='grc' dir='ltr'>ὅλος</span> <span class='ocrx_word' id='word_1_44' title='bbox 1669 754 1785 804; x_wconf 79' lang='grc' dir='ltr'>τοῖς</span> <span class='ocrx_word' id='word_1_45' title='bbox 1828 761 1939 796; x_wconf 87' lang='grc' dir='ltr'>πα-</span> 
     </span>
    </p>
   </div>
   <div class='ocr_carea' id='block_1_9' title="bbox 287 825 1942 911">
    <p class='ocr_par' dir='ltr' id='par_1_9' title="bbox 287 825 1942 911">
     <span class='ocr_line' id='line_1_9' title="bbox 287 825 1942 911; baseline -0.001 -26"><span class='ocrx_word' id='word_1_46' title='bbox 287 835 434 908; x_wconf 81' lang='grc' dir='ltr'>ροῦσι</span> <span class='ocrx_word' id='word_1_47' title='bbox 491 825 773 887; x_wconf 78' lang='grc' dir='ltr'>ἐδείκνυτο.</span> <span class='ocrx_word' id='word_1_48' title='bbox 821 831 887 887; x_wconf 77' lang='grc' dir='ltr'><strong>Οἳ</strong></span> <span class='ocrx_word' id='word_1_49' title='bbox 933 830 1020 885; x_wconf 74' lang='grc' dir='ltr'><strong>καὶ</strong></span> <span class='ocrx_word' id='word_1_50' title='bbox 1079 831 1142 886; x_wconf 81' lang='grc' dir='ltr'><strong>τὸ</strong></span> <span class='ocrx_word' id='word_1_51' title='bbox 1215 833 1454 911; x_wconf 78' lang='grc' dir='ltr'>πραχθὲν</span> <span class='ocrx_word' id='word_1_52' title='bbox 1494 831 1809 905; x_wconf 85' lang='grc' dir='ltr'>θεασάμενοι</span> <span class='ocrx_word' id='word_1_53' title='bbox 1854 828 1942 886; x_wconf 82' lang='grc' dir='ltr'><strong>καὶ</strong></span> 
     </span>
    </p>
   </div>
   <div class='ocr_carea' id='block_1_10' title="bbox 284 916 1945 998">
    <p class='ocr_par' dir='ltr' id='par_1_10' title="bbox 284 916 1945 998">
     <span class='ocr_line' id='line_1_10' title="bbox 284 916 1945 998; baseline -0.001 -23"><span class='ocrx_word' id='word_1_54' title='bbox 284 916 540 980; x_wconf 79' lang='grc' dir='ltr'>λαϐόντες</span> <span class='ocrx_word' id='word_1_55' title='bbox 613 921 684 983; x_wconf 84' lang='grc' dir='ltr'>ὡς</span> <span class='ocrx_word' id='word_1_56' title='bbox 742 918 870 998; x_wconf 73' lang='grc' dir='ltr'>εἶχε</span> <span class='ocrx_word' id='word_1_57' title='bbox 927 919 1020 975; x_wconf 84' lang='grc' dir='ltr'>τὸν</span> <span class='ocrx_word' id='word_1_58' title='bbox 1071 919 1279 977; x_wconf 79' lang='grc' dir='ltr'>ἰαθέντα</span> <span class='ocrx_word' id='word_1_59' title='bbox 1336 923 1560 998; x_wconf 81' lang='grc' dir='ltr'>γυμνὸν,</span> <span class='ocrx_word' id='word_1_60' title='bbox 1603 922 1654 978; x_wconf 87' lang='grc' dir='ltr'><strong>τί</strong></span> <span class='ocrx_word' id='word_1_61' title='bbox 1697 921 1794 996; x_wconf 79' lang='grc' dir='ltr'>μὲν</span> <span class='ocrx_word' id='word_1_62' title='bbox 1849 921 1945 974; x_wconf 70' lang='grc' dir='ltr'><strong>οὐκ</strong></span> 
     </span>
    </p>
   </div>
   <div class='ocr_carea' id='block_1_11' title="bbox 284 1005 1942 1091">
    <p class='ocr_par' dir='ltr' id='par_1_11' title="bbox 284 1005 1942 1091">
     <span class='ocr_line' id='line_1_11' title="bbox 284 1005 1942 1091; baseline 0 -27"><span class='ocrx_word' id='word_1_63' title='bbox 284 1008 520 1081; x_wconf 65' lang='grc' dir='ltr'>ἐποίουν,</span> <span class='ocrx_word' id='word_1_64' title='bbox 552 1005 679 1063; x_wconf 78' lang='grc' dir='ltr'>τίδὲ</span> <span class='ocrx_word' id='word_1_65' title='bbox 723 1009 817 1066; x_wconf 78' lang='grc' dir='ltr'><strong>οὒκ</strong></span> <span class='ocrx_word' id='word_1_66' title='bbox 859 1005 1064 1088; x_wconf 80' lang='grc' dir='ltr'>ἔλεγον,</span> <span class='ocrx_word' id='word_1_67' title='bbox 1103 1009 1154 1065; x_wconf 92' lang='grc' dir='ltr'><strong>τί</strong></span> <span class='ocrx_word' id='word_1_68' title='bbox 1197 1008 1251 1066; x_wconf 78' lang='grc' dir='ltr'>δὲ</span> <span class='ocrx_word' id='word_1_69' title='bbox 1281 1010 1378 1067; x_wconf 71' lang='grc' dir='ltr'><strong>οὐκ</strong></span> <span class='ocrx_word' id='word_1_70' title='bbox 1420 1010 1665 1091; x_wconf 75' lang='grc' dir='ltr'>ἔπασχον</span> <span class='ocrx_word' id='word_1_71' title='bbox 1700 1029 1716 1085; x_wconf 88' lang='grc'><strong>;</strong></span> <span class='ocrx_word' id='word_1_72' title='bbox 1751 1006 1942 1065; x_wconf 86' lang='grc' dir='ltr'>Ἐθαύ-</span> 
     </span>
    </p>
   </div>
   <div class='ocr_carea' id='block_1_12' title="bbox 285 1097 1943 1180">
    <p class='ocr_par' dir='ltr' id='par_1_12' title="bbox 285 1097 1943 1180">
     <span class='ocr_line' id='line_1_12' title="bbox 285 1097 1943 1180; baseline -0.001 -24"><span class='ocrx_word' id='word_1_73' title='bbox 285 1108 473 1177; x_wconf 81' lang='grc' dir='ltr'>μαζον,</span> <span class='ocrx_word' id='word_1_74' title='bbox 539 1097 730 1176; x_wconf 73' lang='grc' dir='ltr'>ἐϐόων,</span> <span class='ocrx_word' id='word_1_75' title='bbox 791 1097 1058 1180; x_wconf 77' lang='grc' dir='ltr'>ἐδόξαζον,</span> <span class='ocrx_word' id='word_1_76' title='bbox 1118 1100 1526 1169; x_wconf 69' lang='grc' dir='ltr'>ἐξεπλήττοντο.</span> <span class='ocrx_word' id='word_1_77' title='bbox 1575 1102 1780 1159; x_wconf 84' lang='grc' dir='ltr'>Ἐκίνει</span> <span class='ocrx_word' id='word_1_78' title='bbox 1845 1099 1943 1176; x_wconf 81' lang='grc' dir='ltr'>μὲν</span> 
     </span>
    </p>
   </div>
   <div class='ocr_carea' id='block_1_13' title="bbox 289 1189 1938 1271">
    <p class='ocr_par' dir='ltr' id='par_1_13' title="bbox 289 1189 1938 1271">
     <span class='ocr_line' id='line_1_13' title="bbox 289 1189 1938 1271; baseline -0.001 -25"><span class='ocrx_word' id='word_1_79' title='bbox 289 1190 471 1253; x_wconf 66' lang='grc' dir='ltr'>αὐτοῖς</span> <span class='ocrx_word' id='word_1_80' title='bbox 544 1190 580 1257; x_wconf 78' lang='grc' dir='ltr'><strong>ἡ</strong></span> <span class='ocrx_word' id='word_1_81' title='bbox 655 1191 830 1254; x_wconf 88' lang='grc' dir='ltr'>πίστις</span> <span class='ocrx_word' id='word_1_82' title='bbox 888 1194 1018 1266; x_wconf 76' lang='grc' dir='ltr'>πρὸς</span> <span class='ocrx_word' id='word_1_83' title='bbox 1094 1193 1435 1271; x_wconf 75' lang='grc' dir='ltr'>εὐχαριστίαν</span> <span class='ocrx_word' id='word_1_84' title='bbox 1506 1191 1605 1258; x_wconf 74' lang='grc' dir='ltr'><strong>τὴν</strong></span> <span class='ocrx_word' id='word_1_85' title='bbox 1671 1189 1938 1268; x_wconf 79' lang='grc' dir='ltr'>γλῶτταν,</span> 
     </span>
    </p>
   </div>
   <div class='ocr_carea' id='block_1_14' title="bbox 289 1275 1942 1360">
    <p class='ocr_par' dir='ltr' id='par_1_14' title="bbox 289 1275 1942 1360">
     <span class='ocr_line' id='line_1_14' title="bbox 289 1275 1942 1360; baseline 0 -26"><span class='ocrx_word' id='word_1_86' title='bbox 289 1278 483 1358; x_wconf 80' lang='grc' dir='ltr'>ἐπεῖχε</span> <span class='ocrx_word' id='word_1_87' title='bbox 512 1275 567 1333; x_wconf 77' lang='grc' dir='ltr'>δὲ</span> <span class='ocrx_word' id='word_1_88' title='bbox 597 1278 720 1340; x_wconf 85' lang='grc' dir='ltr'>τοὺς</span> <span class='ocrx_word' id='word_1_89' title='bbox 751 1277 940 1358; x_wconf 74' lang='grc' dir='ltr'>λόγους</span> <span class='ocrx_word' id='word_1_90' title='bbox 970 1280 1031 1335; x_wconf 80' lang='grc' dir='ltr'>τὸ</span> <span class='ocrx_word' id='word_1_91' title='bbox 1071 1281 1270 1354; x_wconf 82' lang='grc' dir='ltr'>θαῦμα,</span> <span class='ocrx_word' id='word_1_92' title='bbox 1306 1281 1397 1337; x_wconf 73' lang='grc' dir='ltr'><strong>καί</strong></span> <span class='ocrx_word' id='word_1_93' title='bbox 1429 1282 1559 1360; x_wconf 82' lang='grc' dir='ltr'>πρὸς</span> <span class='ocrx_word' id='word_1_94' title='bbox 1587 1280 1686 1340; x_wconf 72' lang='grc' dir='ltr'><strong>τὴν</strong></span> <span class='ocrx_word' id='word_1_95' title='bbox 1731 1277 1942 1345; x_wconf 71' lang='grc' dir='ltr'>ἔκπλη-</span> 
     </span>
    </p>
   </div>
   <div class='ocr_carea' id='block_1_15' title="bbox 285 1365 1943 1448">
    <p class='ocr_par' dir='ltr' id='par_1_15' title="bbox 285 1365 1943 1448">
     <span class='ocr_line' id='line_1_15' title="bbox 285 1365 1943 1448; baseline 0.001 -26"><span class='ocrx_word' id='word_1_96' title='bbox 285 1367 364 1433; x_wconf 79' lang='grc' dir='ltr'>ξιν</span> <span class='ocrx_word' id='word_1_97' title='bbox 433 1368 674 1448; x_wconf 74' lang='grc' dir='ltr'>ἀφώνους</span> <span class='ocrx_word' id='word_1_98' title='bbox 733 1365 985 1432; x_wconf 78' lang='grc' dir='ltr'>ἐδείκνυε,</span> <span class='ocrx_word' id='word_1_99' title='bbox 1055 1370 1152 1426; x_wconf 81' lang='grc' dir='ltr'><strong>Καὶ</strong></span> <span class='ocrx_word' id='word_1_100' title='bbox 1208 1371 1318 1445; x_wconf 77' lang='grc' dir='ltr'>μὴν</span> <span class='ocrx_word' id='word_1_101' title='bbox 1375 1373 1460 1426; x_wconf 73' lang='grc' dir='ltr'><strong>καὶ</strong></span> <span class='ocrx_word' id='word_1_102' title='bbox 1531 1369 1778 1448; x_wconf 85' lang='grc' dir='ltr'>λέγοντες</span> <span class='ocrx_word' id='word_1_103' title='bbox 1847 1369 1943 1424; x_wconf 77' lang='grc' dir='ltr'>οὐκ</span> 
     </span>
    </p>
   </div>
   <div class='ocr_carea' id='block_1_16' title="bbox 283 1455 1942 1538">
    <p class='ocr_par' dir='ltr' id='par_1_16' title="bbox 283 1455 1942 1538">
     <span class='ocr_line' id='line_1_16' title="bbox 283 1455 1942 1538; baseline -0.001 -25"><span class='ocrx_word' id='word_1_104' title='bbox 283 1457 449 1538; x_wconf 76' lang='grc' dir='ltr'>εἶχον</span> <span class='ocrx_word' id='word_1_105' title='bbox 496 1455 526 1512; x_wconf 83' lang='grc' dir='ltr'>ὅ</span> <span class='ocrx_word' id='word_1_106' title='bbox 555 1479 610 1513; x_wconf 89' lang='grc' dir='ltr'><strong>τι</strong></span> <span class='ocrx_word' id='word_1_107' title='bbox 643 1457 741 1514; x_wconf 75' lang='grc' dir='ltr'><strong>καί</strong></span> <span class='ocrx_word' id='word_1_108' title='bbox 774 1456 1000 1533; x_wconf 75' lang='grc' dir='ltr'><strong>λέξουσι,</strong></span> <span class='ocrx_word' id='word_1_109' title='bbox 1038 1457 1138 1526; x_wconf 70' lang='grc' dir='ltr'><strong>τήν</strong></span> <span class='ocrx_word' id='word_1_110' title='bbox 1167 1460 1354 1516; x_wconf 83' lang='grc' dir='ltr'>τούτου</span> <span class='ocrx_word' id='word_1_111' title='bbox 1381 1459 1558 1517; x_wconf 88' lang='grc' dir='ltr'>πίστιν</span> <span class='ocrx_word' id='word_1_112' title='bbox 1593 1460 1622 1527; x_wconf 69' lang='grc' dir='ltr'>ἢ</span> <span class='ocrx_word' id='word_1_113' title='bbox 1666 1458 1765 1524; x_wconf 78' lang='grc' dir='ltr'><strong>τὴν</strong></span> <span class='ocrx_word' id='word_1_114' title='bbox 1798 1457 1942 1513; x_wconf 80' lang='grc' dir='ltr'>ὲκεί-</span> 
     </span>
    </p>
   </div>
   <div class='ocr_carea' id='block_1_17' title="bbox 285 1545 1938 1628">
    <p class='ocr_par' dir='ltr' id='par_1_17' title="bbox 285 1545 1938 1628">
     <span class='ocr_line' id='line_1_17' title="bbox 285 1545 1938 1628; baseline 0.001 -27"><span class='ocrx_word' id='word_1_115' title='bbox 285 1568 378 1602; x_wconf 84' lang='grc' dir='ltr'><strong>νου</strong></span> <span class='ocrx_word' id='word_1_116' title='bbox 428 1549 589 1628; x_wconf 82' lang='grc' dir='ltr'>χάριν</span> <span class='ocrx_word' id='word_1_117' title='bbox 633 1546 669 1614; x_wconf 82' lang='grc' dir='ltr'><strong>ἢ</strong></span> <span class='ocrx_word' id='word_1_118' title='bbox 738 1551 839 1614; x_wconf 75' lang='grc' dir='ltr'>τήν</span> <span class='ocrx_word' id='word_1_119' title='bbox 896 1553 990 1604; x_wconf 82' lang='grc' dir='ltr'><strong>τοῦ</strong></span> <span class='ocrx_word' id='word_1_120' title='bbox 1048 1554 1180 1606; x_wconf 82' lang='grc' dir='ltr'><strong>Θεοῦ</strong></span> <span class='ocrx_word' id='word_1_121' title='bbox 1244 1545 1487 1625; x_wconf 77' lang='grc' dir='ltr'>δύναμιν.</span> <span class='ocrx_word' id='word_1_122' title='bbox 1535 1546 1828 1626; x_wconf 77' lang='grc' dir='ltr'>Ὀφθαλμοὶ</span> <span class='ocrx_word' id='word_1_123' title='bbox 1889 1545 1938 1602; x_wconf 75' lang='grc' dir='ltr'>δὲ</span> 
     </span>
    </p>
   </div>
   <div class='ocr_carea' id='block_1_18' title="bbox 283 1634 1942 1716">
    <p class='ocr_par' dir='ltr' id='par_1_18' title="bbox 283 1634 1942 1716">
     <span class='ocr_line' id='line_1_18' title="bbox 283 1634 1942 1716; baseline -0.001 -24"><span class='ocrx_word' id='word_1_124' title='bbox 283 1636 502 1692; x_wconf 72' lang='grc' dir='ltr'>παντων</span> <span class='ocrx_word' id='word_1_125' title='bbox 543 1636 675 1716; x_wconf 75' lang='grc' dir='ltr'>πρὸς</span> <span class='ocrx_word' id='word_1_126' title='bbox 721 1637 887 1712; x_wconf 87' lang='grc' dir='ltr'>μόνον</span> <span class='ocrx_word' id='word_1_127' title='bbox 915 1637 1148 1712; x_wconf 83' lang='grc' dir='ltr'>ἐκεῖνον,</span> <span class='ocrx_word' id='word_1_128' title='bbox 1180 1637 1267 1694; x_wconf 76' lang='grc' dir='ltr'><strong>καὶ</strong></span> <span class='ocrx_word' id='word_1_129' title='bbox 1313 1637 1407 1712; x_wconf 89' lang='grc' dir='ltr'><strong>μία</strong></span> <span class='ocrx_word' id='word_1_130' title='bbox 1439 1638 1588 1704; x_wconf 65' lang='grc' dir='ltr'>φωνὴ</span> <span class='ocrx_word' id='word_1_131' title='bbox 1633 1639 1719 1693; x_wconf 83' lang='grc' dir='ltr'><strong>καὶ</strong></span> <span class='ocrx_word' id='word_1_132' title='bbox 1746 1634 1942 1713; x_wconf 78' lang='grc' dir='ltr'>διήγη-</span> 
     </span>
    </p>
   </div>
   <div class='ocr_carea' id='block_1_19' title="bbox 283 1722 1944 1806">
    <p class='ocr_par' dir='ltr' id='par_1_19' title="bbox 283 1722 1944 1806">
     <span class='ocr_line' id='line_1_19' title="bbox 283 1722 1944 1806; baseline 0 -26"><span class='ocrx_word' id='word_1_133' title='bbox 283 1745 390 1798; x_wconf 86' lang='grc' dir='ltr'>σις,</span> <span class='ocrx_word' id='word_1_134' title='bbox 450 1726 478 1780; x_wconf 76' lang='grc' dir='ltr'><strong>ὃ</strong></span> <span class='ocrx_word' id='word_1_135' title='bbox 525 1722 720 1803; x_wconf 79' lang='grc' dir='ltr'>λεπρός</span> <span class='ocrx_word' id='word_1_136' title='bbox 784 1745 842 1780; x_wconf 84' lang='grc' dir='ltr'><strong>τε</strong></span> <span class='ocrx_word' id='word_1_137' title='bbox 900 1726 988 1780; x_wconf 82' lang='grc' dir='ltr'><strong>καὶ</strong></span> <span class='ocrx_word' id='word_1_138' title='bbox 1030 1727 1064 1793; x_wconf 81' lang='grc' dir='ltr'><strong>ἡ</strong></span> <span class='ocrx_word' id='word_1_139' title='bbox 1125 1725 1324 1782; x_wconf 68' lang='grc' dir='ltr'>ἐκείνου</span> <span class='ocrx_word' id='word_1_140' title='bbox 1367 1727 1640 1806; x_wconf 81' lang='grc' dir='ltr'>κάθαρσις.</span> <span class='ocrx_word' id='word_1_141' title='bbox 1685 1725 1802 1781; x_wconf 79' lang='grc' dir='ltr'>Ἵνα</span> <span class='ocrx_word' id='word_1_142' title='bbox 1857 1725 1944 1780; x_wconf 79' lang='grc' dir='ltr'>καὶ</span> 
     </span>
    </p>
   </div>
   <div class='ocr_carea' id='block_1_20' title="bbox 282 1811 1944 1894">
    <p class='ocr_par' dir='ltr' id='par_1_20' title="bbox 282 1811 1944 1894">
     <span class='ocr_line' id='line_1_20' title="bbox 282 1811 1944 1894; baseline -0.001 -24"><span class='ocrx_word' id='word_1_143' title='bbox 282 1812 528 1878; x_wconf 85' lang='grc' dir='ltr'>πλείονες</span> <span class='ocrx_word' id='word_1_144' title='bbox 583 1813 682 1870; x_wconf 83' lang='grc' dir='ltr'>ὦσι</span> <span class='ocrx_word' id='word_1_145' title='bbox 725 1819 816 1870; x_wconf 80' lang='grc' dir='ltr'>τοῦ</span> <span class='ocrx_word' id='word_1_146' title='bbox 872 1811 1168 1892; x_wconf 74' lang='grc' dir='ltr'>παραδοξου</span> <span class='ocrx_word' id='word_1_147' title='bbox 1225 1817 1507 1894; x_wconf 74' lang='grc' dir='ltr'>μαρτυρες,</span> <span class='ocrx_word' id='word_1_148' title='bbox 1562 1817 1652 1871; x_wconf 85' lang='grc' dir='ltr'>καὶ</span> <span class='ocrx_word' id='word_1_149' title='bbox 1721 1815 1794 1877; x_wconf 84' lang='grc' dir='ltr'><strong>εἰς</strong></span> <span class='ocrx_word' id='word_1_150' title='bbox 1856 1814 1944 1869; x_wconf 84' lang='grc' dir='ltr'><strong>τὸν</strong></span> 
     </span>
    </p>
   </div>
   <div class='ocr_carea' id='block_1_21' title="bbox 281 1899 1944 1983">
    <p class='ocr_par' dir='ltr' id='par_1_21' title="bbox 281 1899 1944 1983">
     <span class='ocr_line' id='line_1_21' title="bbox 281 1899 1944 1983; baseline 0 -24"><span class='ocrx_word' id='word_1_151' title='bbox 281 1901 538 1982; x_wconf 85' lang='grc' dir='ltr'>μέγιστον</span> <span class='ocrx_word' id='word_1_152' title='bbox 579 1907 672 1959; x_wconf 80' lang='grc' dir='ltr'>τοῦ</span> <span class='ocrx_word' id='word_1_153' title='bbox 701 1906 832 1958; x_wconf 78' lang='grc' dir='ltr'>Θεοῦ</span> <span class='ocrx_word' id='word_1_154' title='bbox 862 1903 986 1960; x_wconf 87' lang='grc' dir='ltr'>ναὸν</span> <span class='ocrx_word' id='word_1_155' title='bbox 1033 1902 1373 1983; x_wconf 73' lang='grc' dir='ltr'>ἀφικνοῠνται</span> <span class='ocrx_word' id='word_1_156' title='bbox 1415 1904 1510 1960; x_wconf 77' lang='grc' dir='ltr'><strong>καί</strong></span> <span class='ocrx_word' id='word_1_157' title='bbox 1541 1901 1637 1960; x_wconf 66' lang='lat' dir='ltr'><strong>Eni</strong></span> <span class='ocrx_word' id='word_1_158' title='bbox 1694 1899 1944 1981; x_wconf 79' lang='grc' dir='ltr'>ὀκρίϐαν-</span> 
     </span>
    </p>
   </div>
   <div class='ocr_carea' id='block_1_22' title="bbox 280 1987 1945 2071">
    <p class='ocr_par' dir='ltr' id='par_1_22' title="bbox 280 1987 1945 2071">
     <span class='ocr_line' id='line_1_22' title="bbox 280 1987 1945 2071; baseline -0.001 -24"><span class='ocrx_word' id='word_1_159' title='bbox 280 2012 374 2054; x_wconf 88' lang='grc' dir='ltr'><strong>τος</strong></span> <span class='ocrx_word' id='word_1_160' title='bbox 425 1991 610 2046; x_wconf 79' lang='grc' dir='ltr'>ἱστῶσι</span> <span class='ocrx_word' id='word_1_161' title='bbox 642 1991 736 2047; x_wconf 76' lang='grc' dir='ltr'>τὸν</span> <span class='ocrx_word' id='word_1_162' title='bbox 779 1987 942 2069; x_wconf 80' lang='grc' dir='ltr'>ἄνδρα</span> <span class='ocrx_word' id='word_1_163' title='bbox 983 1991 1255 2070; x_wconf 86' lang='grc' dir='ltr'>παρόμοια</span> <span class='ocrx_word' id='word_1_164' title='bbox 1303 1996 1381 2064; x_wconf 84' lang='grc' dir='ltr'>τῷ</span> <span class='ocrx_word' id='word_1_165' title='bbox 1411 1992 1668 2071; x_wconf 86' lang='grc' dir='ltr'>Ζακχαίῳ</span> <span class='ocrx_word' id='word_1_166' title='bbox 1722 1996 1945 2048; x_wconf 84' lang='grc' dir='ltr'>ποιοῦν-</span> 
     </span>
    </p>
   </div>
   <div class='ocr_carea' id='block_1_23' title="bbox 282 2077 1945 2160">
    <p class='ocr_par' dir='ltr' id='par_1_23' title="bbox 282 2077 1945 2160">
     <span class='ocr_line' id='line_1_23' title="bbox 282 2077 1945 2160; baseline -0.002 -24"><span class='ocrx_word' id='word_1_167' title='bbox 282 2102 397 2145; x_wconf 80' lang='grc' dir='ltr'>τες.</span> <span class='ocrx_word' id='word_1_168' title='bbox 436 2080 535 2137; x_wconf 80' lang='grc' dir='ltr'>Καὶ</span> <span class='ocrx_word' id='word_1_169' title='bbox 583 2079 686 2160; x_wconf 75' lang='grc' dir='ltr'><strong>γὰρ</strong></span> <span class='ocrx_word' id='word_1_170' title='bbox 715 2079 964 2137; x_wconf 74' lang='grc' dir='ltr'>κάκεῖνον</span> <span class='ocrx_word' id='word_1_171' title='bbox 994 2082 1029 2147; x_wconf 80' lang='grc' dir='ltr'>ἦ</span> <span class='ocrx_word' id='word_1_172' title='bbox 1073 2081 1249 2144; x_wconf 84' lang='grc' dir='ltr'>πίστις</span> <span class='ocrx_word' id='word_1_173' title='bbox 1281 2080 1367 2136; x_wconf 82' lang='grc' dir='ltr'><strong>ἐπὶ</strong></span> <span class='ocrx_word' id='word_1_174' title='bbox 1413 2079 1743 2159; x_wconf 79' lang='grc' dir='ltr'>συκομορέαν</span> <span class='ocrx_word' id='word_1_175' title='bbox 1785 2077 1945 2134; x_wconf 75' lang='grc' dir='ltr'>ἆνελο</span> 
     </span>
    </p>
   </div>
   <div class='ocr_carea' id='block_1_24' title="bbox 282 2168 1944 2251">
    <p class='ocr_par' dir='ltr' id='par_1_24' title="bbox 282 2168 1944 2251">
     <span class='ocr_line' id='line_1_24' title="bbox 282 2168 1944 2251; baseline -0.002 -23"><span class='ocrx_word' id='word_1_176' title='bbox 282 2173 400 2228; x_wconf 90' lang='grc' dir='ltr'>θεῖν</span> <span class='ocrx_word' id='word_1_177' title='bbox 468 2171 677 2226; x_wconf 64' lang='lat' dir='ltr'><strong>instas‘</strong></span> <span class='ocrx_word' id='word_1_178' title='bbox 731 2171 818 2226; x_wconf 85' lang='grc' dir='ltr'><strong>καὶ</strong></span> <span class='ocrx_word' id='word_1_179' title='bbox 886 2171 1092 2231; x_wconf 74' lang='grc' dir='ltr'>τούτοις</span> <span class='ocrx_word' id='word_1_180' title='bbox 1155 2170 1300 2232; x_wconf 81' lang='grc' dir='ltr'>αὖθις</span> <span class='ocrx_word' id='word_1_181' title='bbox 1356 2168 1438 2251; x_wconf 68' lang='grc' dir='ltr'><strong>ἐφ’</strong></span> <span class='ocrx_word' id='word_1_182' title='bbox 1497 2169 1708 2246; x_wconf 75' lang='grc' dir='ltr'>ὅψηλου</span> <span class='ocrx_word' id='word_1_183' title='bbox 1750 2173 1944 2236; x_wconf 80' lang='grc' dir='ltr'>στῆναι</span> 
     </span>
    </p>
   </div>
   <div class='ocr_carea' id='block_1_25' title="bbox 281 2258 1945 2335">
    <p class='ocr_par' dir='ltr' id='par_1_25' title="bbox 281 2258 1945 2335">
     <span class='ocr_line' id='line_1_25' title="bbox 281 2258 1945 2335; baseline -0.001 -20"><span class='ocrx_word' id='word_1_184' title='bbox 281 2272 376 2316; x_wconf 80' lang='grc' dir='ltr'>τὸν</span> <span class='ocrx_word' id='word_1_185' title='bbox 433 2258 644 2316; x_wconf 78' lang='grc' dir='ltr'>ίαθέντα</span> <span class='ocrx_word' id='word_1_186' title='bbox 697 2260 733 2328; x_wconf 80' lang='grc' dir='ltr'><strong>ἡ</strong></span> <span class='ocrx_word' id='word_1_187' title='bbox 780 2260 937 2335; x_wconf 79' lang='grc' dir='ltr'>ὁμοία</span> <span class='ocrx_word' id='word_1_188' title='bbox 1007 2258 1147 2330; x_wconf 79' lang='grc' dir='ltr'>ζέσις</span> <span class='ocrx_word' id='word_1_189' title='bbox 1191 2266 1281 2316; x_wconf 82' lang='grc' dir='ltr'>τοῦ</span> <span class='ocrx_word' id='word_1_190' title='bbox 1353 2260 1686 2328; x_wconf 81' lang='grc' dir='ltr'>Πνεύματος.</span> <span class='ocrx_word' id='word_1_191' title='bbox 1733 2259 1823 2322; x_wconf 85' lang='grc' dir='ltr'>Τίς</span> <span class='ocrx_word' id='word_1_192' title='bbox 1879 2259 1945 2314; x_wconf 79' lang='grc' dir='ltr'>τὰ</span> 
     </span>
    </p>
   </div>
   <div class='ocr_carea' id='block_1_26' title="bbox 287 2347 1590 2428">
    <p class='ocr_par' dir='ltr' id='par_1_26' title="bbox 287 2347 1590 2428">
     <span class='ocr_line' id='line_1_26' title="bbox 287 2347 1590 2428; baseline 0.001 -24"><span class='ocrx_word' id='word_1_193' title='bbox 287 2349 376 2404; x_wconf 72' lang='grc' dir='ltr'>ἐπὶ</span> <span class='ocrx_word' id='word_1_194' title='bbox 404 2348 481 2423; x_wconf 79' lang='grc' dir='ltr'><strong>τῷ</strong></span> <span class='ocrx_word' id='word_1_195' title='bbox 511 2348 754 2426; x_wconf 81' lang='grc' dir='ltr'>μακαρίῳ</span> <span class='ocrx_word' id='word_1_196' title='bbox 779 2349 900 2404; x_wconf 86' lang='grc' dir='ltr'>τότε</span> <span class='ocrx_word' id='word_1_197' title='bbox 931 2349 1192 2425; x_wconf 85' lang='grc' dir='ltr'>γενόμενα</span> <span class='ocrx_word' id='word_1_198' title='bbox 1221 2347 1542 2426; x_wconf 78' lang='grc' dir='ltr'>διηγήσαιτο</span> <span class='ocrx_word' id='word_1_199' title='bbox 1573 2368 1590 2428; x_wconf 72' lang='grc' dir='ltr'><strong>ς</strong></span> 
     </span>
    </p>
   </div>
   <div class='ocr_carea' id='block_1_27' title="bbox 2023 558 3775 638">
    <p class='ocr_par' dir='ltr' id='par_1_27' title="bbox 2023 558 3775 638">
     <span class='ocr_line' id='line_1_27' title="bbox 2023 558 3775 638; baseline 0.001 -18"><span class='ocrx_word' id='word_1_200' title='bbox 2023 559 2430 620; x_wconf 82' lang='lat' dir='ltr'><strong>misericordia</strong></span> <span class='ocrx_word' id='word_1_201' title='bbox 2458 560 2634 620; x_wconf 82' lang='lat' dir='ltr'><strong>simul</strong></span> <span class='ocrx_word' id='word_1_202' title='bbox 2693 568 2751 620; x_wconf 91' lang='lat' dir='ltr'><strong>et</strong></span> <span class='ocrx_word' id='word_1_203' title='bbox 2807 559 3119 620; x_wconf 86' lang='lat' dir='ltr'><strong>admiratio</strong></span> <span class='ocrx_word' id='word_1_204' title='bbox 3154 577 3428 638; x_wconf 87' lang='lat' dir='ltr'><strong>magnum</strong></span> <span class='ocrx_word' id='word_1_205' title='bbox 3483 558 3665 621; x_wconf 92' lang='lat' dir='ltr'><strong>subiit</strong></span> <span class='ocrx_word' id='word_1_206' title='bbox 3765 586 3775 592; x_wconf 82' lang='lat'><strong>-</strong></span> 
     </span>
    </p>
   </div>
   <div class='ocr_carea' id='block_1_28' title="bbox 2022 648 3662 731">
    <p class='ocr_par' dir='ltr' id='par_1_28' title="bbox 2022 648 3662 731">
     <span class='ocr_line' id='line_1_28' title="bbox 2022 648 3662 731; baseline -0.001 -20"><span class='ocrx_word' id='word_1_207' title='bbox 2022 648 2350 712; x_wconf 88' lang='lat' dir='ltr'><strong>Danielem:</strong></span> <span class='ocrx_word' id='word_1_208' title='bbox 2381 650 2790 712; x_wconf 74' lang='lat' dir='ltr'><strong>misericordia</strong></span> <span class='ocrx_word' id='word_1_209' title='bbox 2815 649 3335 730; x_wconf 87' lang='lat' dir='ltr'><strong>quidem,propter</strong></span> <span class='ocrx_word' id='word_1_210' title='bbox 3364 649 3662 731; x_wconf 79' lang='lat' dir='ltr'><strong>morbum,</strong></span> 
     </span>
    </p>
   </div>
   <div class='ocr_carea' id='block_1_29' title="bbox 2022 737 3668 819">
    <p class='ocr_par' dir='ltr' id='par_1_29' title="bbox 2022 737 3668 819">
     <span class='ocr_line' id='line_1_29' title="bbox 2022 737 3668 819; baseline 0 -19"><span class='ocrx_word' id='word_1_211' title='bbox 2022 740 2334 801; x_wconf 87' lang='lat' dir='ltr'><strong>admiratio</strong></span> <span class='ocrx_word' id='word_1_212' title='bbox 2365 748 2586 819; x_wconf 86' lang='lat' dir='ltr'><strong>autem,</strong></span> <span class='ocrx_word' id='word_1_213' title='bbox 2619 746 2860 819; x_wconf 89' lang='lat' dir='ltr'><strong>propter</strong></span> <span class='ocrx_word' id='word_1_214' title='bbox 2888 737 3180 800; x_wconf 82' lang='lat' dir='ltr'><strong>fervorem</strong></span> <span class='ocrx_word' id='word_1_215' title='bbox 3212 737 3393 816; x_wconf 90' lang='lat' dir='ltr'><strong>ﬁdei;</strong></span> <span class='ocrx_word' id='word_1_216' title='bbox 3429 747 3488 800; x_wconf 89' lang='lat' dir='ltr'><strong>et</strong></span> <span class='ocrx_word' id='word_1_217' title='bbox 3517 757 3668 800; x_wconf 89' lang='lat' dir='ltr'><strong>con-</strong></span> 
     </span>
    </p>
   </div>
   <div class='ocr_carea' id='block_1_30' title="bbox 2026 825 3672 907">
    <p class='ocr_par' dir='ltr' id='par_1_30' title="bbox 2026 825 3672 907">
     <span class='ocr_line' id='line_1_30' title="bbox 2026 825 3672 907; baseline 0.001 -21"><span class='ocrx_word' id='word_1_218' title='bbox 2026 843 2250 902; x_wconf 90' lang='lat' dir='ltr'><strong>versus,</strong></span> <span class='ocrx_word' id='word_1_219' title='bbox 2283 828 2577 907; x_wconf 88' lang='lat' dir='ltr'><strong>signiﬁcat</strong></span> <span class='ocrx_word' id='word_1_220' title='bbox 2604 827 2677 887; x_wconf 90' lang='lat' dir='ltr'><strong>iis</strong></span> <span class='ocrx_word' id='word_1_221' title='bbox 2703 827 2808 907; x_wconf 89' lang='lat' dir='ltr'><strong>qui</strong></span> <span class='ocrx_word' id='word_1_222' title='bbox 2837 825 3266 907; x_wconf 81' lang='lat' dir='ltr'><strong>sequebantur,</strong></span> <span class='ocrx_word' id='word_1_223' title='bbox 3288 837 3352 887; x_wconf 91' lang='lat' dir='ltr'><strong>ut</strong></span> <span class='ocrx_word' id='word_1_224' title='bbox 3374 835 3434 888; x_wconf 89' lang='lat' dir='ltr'><strong>et</strong></span> <span class='ocrx_word' id='word_1_225' title='bbox 3459 845 3672 889; x_wconf 88' lang='lat' dir='ltr'><strong>manus</strong></span> 
     </span>
    </p>
   </div>
   <div class='ocr_carea' id='block_1_31' title="bbox 2026 913 3673 996">
    <p class='ocr_par' dir='ltr' id='par_1_31' title="bbox 2026 913 3673 996">
     <span class='ocr_line' id='line_1_31' title="bbox 2026 913 3673 996; baseline 0 -19"><span class='ocrx_word' id='word_1_226' title='bbox 2026 915 2234 978; x_wconf 86' lang='lat' dir='ltr'><strong>tollant</strong></span> <span class='ocrx_word' id='word_1_227' title='bbox 2251 922 2313 977; x_wconf 91' lang='lat' dir='ltr'><strong>in</strong></span> <span class='ocrx_word' id='word_1_228' title='bbox 2343 917 2644 996; x_wconf 76' lang='lat' dir='ltr'><strong>cmlnm,et</strong></span> <span class='ocrx_word' id='word_1_229' title='bbox 2669 919 2858 976; x_wconf 89' lang='lat' dir='ltr'><strong>Deum</strong></span> <span class='ocrx_word' id='word_1_230' title='bbox 2879 917 3116 996; x_wconf 88' lang='lat' dir='ltr'><strong>placent</strong></span> <span class='ocrx_word' id='word_1_231' title='bbox 3136 913 3673 995; x_wconf 76' lang='lat' dir='ltr'><strong>lacrymis.Deinde</strong></span> 
     </span>
    </p>
   </div>
   <div class='ocr_carea' id='block_1_32' title="bbox 2026 1002 3674 1083">
    <p class='ocr_par' dir='ltr' id='par_1_32' title="bbox 2026 1002 3674 1083">
     <span class='ocr_line' id='line_1_32' title="bbox 2026 1002 3674 1083; baseline -0.001 -18"><span class='ocrx_word' id='word_1_232' title='bbox 2026 1023 2160 1065; x_wconf 88' lang='lat' dir='ltr'><strong>cum</strong></span> <span class='ocrx_word' id='word_1_233' title='bbox 2195 1004 2353 1066; x_wconf 90' lang='lat' dir='ltr'><strong>illius</strong></span> <span class='ocrx_word' id='word_1_234' title='bbox 2373 1006 2550 1083; x_wconf 86' lang='lat' dir='ltr'><strong>jussu</strong></span> <span class='ocrx_word' id='word_1_235' title='bbox 2579 1003 2632 1064; x_wconf 90' lang='lat' dir='ltr'><strong>is</strong></span> <span class='ocrx_word' id='word_1_236' title='bbox 2663 1003 2811 1064; x_wconf 91' lang='lat' dir='ltr'><strong>mari</strong></span> <span class='ocrx_word' id='word_1_237' title='bbox 2840 1021 3057 1082; x_wconf 89' lang='lat' dir='ltr'><strong>corpus</strong></span> <span class='ocrx_word' id='word_1_238' title='bbox 3089 1002 3350 1078; x_wconf 86' lang='lat' dir='ltr'><strong>lavisset,</strong></span> <span class='ocrx_word' id='word_1_239' title='bbox 3384 1012 3442 1064; x_wconf 89' lang='lat' dir='ltr'><strong>et</strong></span> <span class='ocrx_word' id='word_1_240' title='bbox 3461 1004 3674 1066; x_wconf 88' lang='lat' dir='ltr'><strong>fuisset</strong></span> 
     </span>
    </p>
   </div>
   <div class='ocr_carea' id='block_1_33' title="bbox 2026 1090 3675 1174">
    <p class='ocr_par' dir='ltr' id='par_1_33' title="bbox 2026 1090 3675 1174">
     <span class='ocr_line' id='line_1_33' title="bbox 2026 1090 3675 1174; baseline -0.001 -20"><span class='ocrx_word' id='word_1_241' title='bbox 2026 1093 2346 1155; x_wconf 89' lang='lat' dir='ltr'><strong>mundatus</strong></span> <span class='ocrx_word' id='word_1_242' title='bbox 2381 1109 2518 1167; x_wconf 82' lang='lat' dir='ltr'><strong>(non</strong></span> <span class='ocrx_word' id='word_1_243' title='bbox 2556 1093 2764 1174; x_wconf 87' lang='lat' dir='ltr'><strong>procul</strong></span> <span class='ocrx_word' id='word_1_244' title='bbox 2793 1095 2958 1153; x_wconf 90' lang='lat' dir='ltr'><strong>enim</strong></span> <span class='ocrx_word' id='word_1_245' title='bbox 2989 1090 3246 1172; x_wconf 81' lang='lat' dir='ltr'><strong>aberat),</strong></span> <span class='ocrx_word' id='word_1_246' title='bbox 3280 1098 3555 1154; x_wconf 86' lang='lat' dir='ltr'><strong>ostensus</strong></span> <span class='ocrx_word' id='word_1_247' title='bbox 3585 1098 3675 1153; x_wconf 91' lang='lat' dir='ltr'><strong>est</strong></span> 
     </span>
    </p>
   </div>
   <div class='ocr_carea' id='block_1_34' title="bbox 2029 1179 3671 1262">
    <p class='ocr_par' dir='ltr' id='par_1_34' title="bbox 2029 1179 3671 1262">
     <span class='ocr_line' id='line_1_34' title="bbox 2029 1179 3671 1262; baseline 0 -21"><span class='ocrx_word' id='word_1_248' title='bbox 2029 1190 2185 1242; x_wconf 89' lang='lat' dir='ltr'><strong>totus</strong></span> <span class='ocrx_word' id='word_1_249' title='bbox 2209 1199 2388 1243; x_wconf 89' lang='lat' dir='ltr'><strong>sanus</strong></span> <span class='ocrx_word' id='word_1_250' title='bbox 2415 1182 2488 1243; x_wconf 90' lang='lat' dir='ltr'><strong>iis</strong></span> <span class='ocrx_word' id='word_1_251' title='bbox 2511 1182 2612 1262; x_wconf 88' lang='lat' dir='ltr'><strong>qui</strong></span> <span class='ocrx_word' id='word_1_252' title='bbox 2633 1179 3025 1252; x_wconf 85' lang='lat' dir='ltr'><strong>aderant.Qui</strong></span> <span class='ocrx_word' id='word_1_253' title='bbox 3046 1198 3180 1242; x_wconf 91' lang='lat' dir='ltr'><strong>cum</strong></span> <span class='ocrx_word' id='word_1_254' title='bbox 3203 1181 3572 1260; x_wconf 79' lang='lat' dir='ltr'><strong>aspexissent</strong></span> <span class='ocrx_word' id='word_1_255' title='bbox 3610 1181 3671 1242; x_wconf 91' lang='lat' dir='ltr'><strong>id</strong></span> 
     </span>
    </p>
   </div>
   <div class='ocr_carea' id='block_1_35' title="bbox 2025 1270 3668 1351">
    <p class='ocr_par' dir='ltr' id='par_1_35' title="bbox 2025 1270 3668 1351">
     <span class='ocr_line' id='line_1_35' title="bbox 2025 1270 3668 1351; baseline 0.001 -20"><span class='ocrx_word' id='word_1_256' title='bbox 2025 1271 2181 1351; x_wconf 90' lang='lat' dir='ltr'><strong>quod</strong></span> <span class='ocrx_word' id='word_1_257' title='bbox 2213 1271 2428 1332; x_wconf 86' lang='lat' dir='ltr'><strong>factum</strong></span> <span class='ocrx_word' id='word_1_258' title='bbox 2475 1271 2688 1345; x_wconf 83' lang='lat' dir='ltr'><strong>fuerat,</strong></span> <span class='ocrx_word' id='word_1_259' title='bbox 2727 1279 2786 1332; x_wconf 90' lang='lat' dir='ltr'><strong>et</strong></span> <span class='ocrx_word' id='word_1_260' title='bbox 2815 1270 3040 1333; x_wconf 90' lang='lat' dir='ltr'><strong>nudum</strong></span> <span class='ocrx_word' id='word_1_261' title='bbox 3078 1272 3450 1350; x_wconf 86' lang='lat' dir='ltr'><strong>accepissent</strong></span> <span class='ocrx_word' id='word_1_262' title='bbox 3505 1288 3668 1346; x_wconf 90' lang='lat' dir='ltr'><strong>cum,</strong></span> 
     </span>
    </p>
   </div>
   <div class='ocr_carea' id='block_1_36' title="bbox 2024 1357 3675 1439">
    <p class='ocr_par' dir='ltr' id='par_1_36' title="bbox 2024 1357 3675 1439">
     <span class='ocr_line' id='line_1_36' title="bbox 2024 1357 3675 1439; baseline 0.001 -20"><span class='ocrx_word' id='word_1_263' title='bbox 2024 1360 2129 1439; x_wconf 86' lang='lat' dir='ltr'><strong>qui</strong></span> <span class='ocrx_word' id='word_1_264' title='bbox 2156 1359 2351 1420; x_wconf 88' lang='lat' dir='ltr'><strong>fuerat</strong></span> <span class='ocrx_word' id='word_1_265' title='bbox 2381 1367 2647 1434; x_wconf 83' lang='lat' dir='ltr'><strong>curatus,</strong></span> <span class='ocrx_word' id='word_1_266' title='bbox 2679 1359 2821 1438; x_wconf 88' lang='lat' dir='ltr'><strong>quid</strong></span> <span class='ocrx_word' id='word_1_267' title='bbox 2853 1375 2973 1418; x_wconf 91' lang='lat' dir='ltr'><strong>non</strong></span> <span class='ocrx_word' id='word_1_268' title='bbox 3004 1358 3349 1420; x_wconf 80' lang='lat' dir='ltr'><strong>faciebant?</strong></span> <span class='ocrx_word' id='word_1_269' title='bbox 3380 1357 3522 1439; x_wconf 80' lang='lat' dir='ltr'><strong>quid</strong></span> <span class='ocrx_word' id='word_1_270' title='bbox 3553 1375 3675 1420; x_wconf 88' lang='lat' dir='ltr'><strong>non</strong></span> 
     </span>
    </p>
   </div>
   <div class='ocr_carea' id='block_1_37' title="bbox 2024 1446 3676 1526">
    <p class='ocr_par' dir='ltr' id='par_1_37' title="bbox 2024 1446 3676 1526">
     <span class='ocr_line' id='line_1_37' title="bbox 2024 1446 3676 1526; baseline -0.002 -15"><span class='ocrx_word' id='word_1_271' title='bbox 2024 1447 2350 1511; x_wconf 79' lang='lat' dir='ltr'><strong>dicebant?</strong></span> <span class='ocrx_word' id='word_1_272' title='bbox 2381 1467 2500 1526; x_wconf 92' lang='lat' dir='ltr'><strong>quo</strong></span> <span class='ocrx_word' id='word_1_273' title='bbox 2528 1466 2646 1508; x_wconf 90' lang='lat' dir='ltr'><strong>non</strong></span> <span class='ocrx_word' id='word_1_274' title='bbox 2667 1447 2853 1508; x_wconf 89' lang='lat' dir='ltr'><strong>animi</strong></span> <span class='ocrx_word' id='word_1_275' title='bbox 2876 1454 3038 1506; x_wconf 89' lang='lat' dir='ltr'><strong>motu</strong></span> <span class='ocrx_word' id='word_1_276' title='bbox 3062 1446 3522 1508; x_wconf 72' lang='lat' dir='ltr'><strong>afticiebantur?</strong></span> <span class='ocrx_word' id='word_1_277' title='bbox 3553 1447 3676 1508; x_wconf 83' lang='lat' dir='ltr'><strong>Ad-</strong></span> 
     </span>
    </p>
   </div>
   <div class='ocr_carea' id='block_1_38' title="bbox 2031 1535 3676 1616">
    <p class='ocr_par' dir='ltr' id='par_1_38' title="bbox 2031 1535 3676 1616">
     <span class='ocr_line' id='line_1_38' title="bbox 2031 1535 3676 1616; baseline 0 -18"><span class='ocrx_word' id='word_1_278' title='bbox 2031 1535 2418 1613; x_wconf 88' lang='lat' dir='ltr'><strong>mirabantur,</strong></span> <span class='ocrx_word' id='word_1_279' title='bbox 2451 1536 2807 1611; x_wconf 88' lang='lat' dir='ltr'><strong>clamabant,</strong></span> <span class='ocrx_word' id='word_1_280' title='bbox 2829 1535 3264 1615; x_wconf 84' lang='lat' dir='ltr'><strong>gloriﬁcabant,</strong></span> <span class='ocrx_word' id='word_1_281' title='bbox 3285 1536 3676 1616; x_wconf 87' lang='lat' dir='ltr'><strong>obstupesce-</strong></span> 
     </span>
    </p>
   </div>
   <div class='ocr_carea' id='block_1_39' title="bbox 2026 1625 3677 1708">
    <p class='ocr_par' dir='ltr' id='par_1_39' title="bbox 2026 1625 3677 1708">
     <span class='ocr_line' id='line_1_39' title="bbox 2026 1625 3677 1708; baseline 0 -20"><span class='ocrx_word' id='word_1_282' title='bbox 2026 1627 2190 1689; x_wconf 89' lang='lat' dir='ltr'><strong>hant.</strong></span> <span class='ocrx_word' id='word_1_283' title='bbox 2223 1627 2490 1690; x_wconf 79' lang='lat' dir='ltr'><strong>Movebat</strong></span> <span class='ocrx_word' id='word_1_284' title='bbox 2507 1628 2747 1708; x_wconf 90' lang='lat' dir='ltr'><strong>quidem</strong></span> <span class='ocrx_word' id='word_1_285' title='bbox 2781 1629 2931 1687; x_wconf 90' lang='lat' dir='ltr'><strong>ﬁdes</strong></span> <span class='ocrx_word' id='word_1_286' title='bbox 2956 1628 3044 1688; x_wconf 92' lang='lat' dir='ltr'><strong>eis</strong></span> <span class='ocrx_word' id='word_1_287' title='bbox 3073 1626 3335 1704; x_wconf 88' lang='lat' dir='ltr'><strong>linguam</strong></span> <span class='ocrx_word' id='word_1_288' title='bbox 3351 1625 3428 1688; x_wconf 88' lang='lat' dir='ltr'><strong>ad</strong></span> <span class='ocrx_word' id='word_1_289' title='bbox 3455 1627 3677 1704; x_wconf 80' lang='lat' dir='ltr'><strong>gratia-</strong></span> 
     </span>
    </p>
   </div>
   <div class='ocr_carea' id='block_1_40' title="bbox 2026 1714 3672 1796">
    <p class='ocr_par' dir='ltr' id='par_1_40' title="bbox 2026 1714 3672 1796">
     <span class='ocr_line' id='line_1_40' title="bbox 2026 1714 3672 1796; baseline -0.002 -18"><span class='ocrx_word' id='word_1_290' title='bbox 2026 1733 2158 1778; x_wconf 90' lang='lat' dir='ltr'><strong>rum</strong></span> <span class='ocrx_word' id='word_1_291' title='bbox 2181 1717 2519 1796; x_wconf 87' lang='lat' dir='ltr'><strong>actionem;</strong></span> <span class='ocrx_word' id='word_1_292' title='bbox 2556 1715 2732 1778; x_wconf 89' lang='lat' dir='ltr'><strong>verba</strong></span> <span class='ocrx_word' id='word_1_293' title='bbox 2757 1724 2953 1776; x_wconf 88' lang='lat' dir='ltr'><strong>autem</strong></span> <span class='ocrx_word' id='word_1_294' title='bbox 2977 1714 3308 1776; x_wconf 86' lang='lat' dir='ltr'><strong>sustinebat</strong></span> <span class='ocrx_word' id='word_1_295' title='bbox 3335 1716 3672 1776; x_wconf 86' lang='lat' dir='ltr'><strong>admiratio.</strong></span> 
     </span>
    </p>
   </div>
   <div class='ocr_carea' id='block_1_41' title="bbox 1968 1802 3678 1885">
    <p class='ocr_par' dir='ltr' id='par_1_41' title="bbox 1968 1802 3678 1885">
     <span class='ocr_line' id='line_1_41' title="bbox 1968 1802 3678 1885; baseline -0.001 -18"><span class='ocrx_word' id='word_1_296' title='bbox 1968 1802 2006 1854; x_wconf 82' lang='grc' dir='ltr'><strong><em>Β</em></strong></span> <span class='ocrx_word' id='word_1_297' title='bbox 2029 1814 2088 1867; x_wconf 92' lang='lat' dir='ltr'><strong>et</strong></span> <span class='ocrx_word' id='word_1_298' title='bbox 2116 1805 2439 1880; x_wconf 83' lang='lat' dir='ltr'><strong>efﬁciebat,</strong></span> <span class='ocrx_word' id='word_1_299' title='bbox 2467 1814 2531 1865; x_wconf 91' lang='lat' dir='ltr'><strong>ut</strong></span> <span class='ocrx_word' id='word_1_300' title='bbox 2562 1822 2686 1885; x_wconf 67' lang='lat' dir='ltr'><strong>pra;</strong></span> <span class='ocrx_word' id='word_1_301' title='bbox 2713 1815 2960 1884; x_wconf 86' lang='lat' dir='ltr'><strong>stupore</strong></span> <span class='ocrx_word' id='word_1_302' title='bbox 2989 1805 3492 1867; x_wconf 86' lang='lat' dir='ltr'><strong>obmutescerent.</strong></span> <span class='ocrx_word' id='word_1_303' title='bbox 3523 1803 3678 1875; x_wconf 84' lang='lat' dir='ltr'><strong>Quin</strong></span> 
     </span>
    </p>
   </div>
   <div class='ocr_carea' id='block_1_42' title="bbox 2027 1893 3676 1974">
    <p class='ocr_par' dir='ltr' id='par_1_42' title="bbox 2027 1893 3676 1974">
     <span class='ocr_line' id='line_1_42' title="bbox 2027 1893 3676 1974; baseline -0.002 -17"><span class='ocrx_word' id='word_1_304' title='bbox 2027 1895 2209 1957; x_wconf 88' lang='lat' dir='ltr'><strong>etiam</strong></span> <span class='ocrx_word' id='word_1_305' title='bbox 2232 1895 2523 1972; x_wconf 83' lang='lat' dir='ltr'><strong>dicentes,</strong></span> <span class='ocrx_word' id='word_1_306' title='bbox 2545 1895 2891 1956; x_wconf 84' lang='lat' dir='ltr'><strong>nesciebant</strong></span> <span class='ocrx_word' id='word_1_307' title='bbox 2911 1893 3194 1974; x_wconf 85' lang='lat' dir='ltr'><strong>quidnam</strong></span> <span class='ocrx_word' id='word_1_308' title='bbox 3217 1894 3434 1955; x_wconf 90' lang='lat' dir='ltr'><strong>dicturi</strong></span> <span class='ocrx_word' id='word_1_309' title='bbox 3450 1901 3676 1973; x_wconf 87' lang='lat' dir='ltr'><strong>essent,</strong></span> 
     </span>
    </p>
   </div>
   <div class='ocr_carea' id='block_1_43' title="bbox 2027 1982 3674 2064">
    <p class='ocr_par' dir='ltr' id='par_1_43' title="bbox 2027 1982 3674 2064">
     <span class='ocr_line' id='line_1_43' title="bbox 2027 1982 3674 2064; baseline -0.002 -19"><span class='ocrx_word' id='word_1_310' title='bbox 2027 1985 2284 2064; x_wconf 88' lang='lat' dir='ltr'><strong>hujusne</strong></span> <span class='ocrx_word' id='word_1_311' title='bbox 2306 1985 2590 2060; x_wconf 87' lang='lat' dir='ltr'><strong>tidem,an</strong></span> <span class='ocrx_word' id='word_1_312' title='bbox 2611 1984 2774 2045; x_wconf 89' lang='lat' dir='ltr'><strong>illius</strong></span> <span class='ocrx_word' id='word_1_313' title='bbox 2794 1987 3070 2062; x_wconf 81' lang='lat' dir='ltr'><strong>gratiam,</strong></span> <span class='ocrx_word' id='word_1_314' title='bbox 3095 2001 3172 2044; x_wconf 88' lang='lat' dir='ltr'><strong>an</strong></span> <span class='ocrx_word' id='word_1_315' title='bbox 3193 1984 3304 2044; x_wconf 86' lang='lat' dir='ltr'><strong>Dei</strong></span> <span class='ocrx_word' id='word_1_316' title='bbox 3327 1982 3674 2062; x_wconf 82' lang='lat' dir='ltr'><strong>potentiam.</strong></span> 
     </span>
    </p>
   </div>
   <div class='ocr_carea' id='block_1_44' title="bbox 2031 2071 3676 2151">
    <p class='ocr_par' dir='ltr' id='par_1_44' title="bbox 2031 2071 3676 2151">
     <span class='ocr_line' id='line_1_44' title="bbox 2031 2071 3676 2151; baseline -0.002 -15"><span class='ocrx_word' id='word_1_317' title='bbox 2031 2074 2202 2136; x_wconf 85' lang='lat' dir='ltr'><strong>Oculi</strong></span> <span class='ocrx_word' id='word_1_318' title='bbox 2233 2082 2431 2134; x_wconf 88' lang='lat' dir='ltr'><strong>autem</strong></span> <span class='ocrx_word' id='word_1_319' title='bbox 2461 2074 2730 2135; x_wconf 88' lang='lat' dir='ltr'><strong>omnium</strong></span> <span class='ocrx_word' id='word_1_320' title='bbox 2757 2073 2820 2134; x_wconf 91' lang='lat' dir='ltr'><strong>in</strong></span> <span class='ocrx_word' id='word_1_321' title='bbox 2846 2072 3015 2134; x_wconf 87' lang='lat' dir='ltr'><strong>illum</strong></span> <span class='ocrx_word' id='word_1_322' title='bbox 3048 2071 3239 2136; x_wconf 82' lang='lat' dir='ltr'><strong>solum</strong></span> <span class='ocrx_word' id='word_1_323' title='bbox 3262 2081 3434 2132; x_wconf 86' lang='lat' dir='ltr'><strong>erant</strong></span> <span class='ocrx_word' id='word_1_324' title='bbox 3463 2071 3676 2151; x_wconf 85' lang='lat' dir='ltr'><strong>conje-</strong></span> 
     </span>
    </p>
   </div>
   <div class='ocr_carea' id='block_1_45' title="bbox 2030 2161 3680 2242">
    <p class='ocr_par' dir='ltr' id='par_1_45' title="bbox 2030 2161 3680 2242">
     <span class='ocr_line' id='line_1_45' title="bbox 2030 2161 3680 2242; baseline -0.001 -18"><span class='ocrx_word' id='word_1_325' title='bbox 2030 2164 2132 2238; x_wconf 91' lang='lat' dir='ltr'><strong>cti,</strong></span> <span class='ocrx_word' id='word_1_326' title='bbox 2169 2180 2394 2242; x_wconf 83' lang='lat' dir='ltr'><strong>voxque</strong></span> <span class='ocrx_word' id='word_1_327' title='bbox 2418 2179 2535 2224; x_wconf 92' lang='lat' dir='ltr'><strong>una</strong></span> <span class='ocrx_word' id='word_1_328' title='bbox 2567 2171 2695 2224; x_wconf 90' lang='lat' dir='ltr'><strong>erat</strong></span> <span class='ocrx_word' id='word_1_329' title='bbox 2727 2172 2784 2223; x_wconf 90' lang='lat' dir='ltr'><strong>et</strong></span> <span class='ocrx_word' id='word_1_330' title='bbox 2814 2161 3099 2237; x_wconf 85' lang='lat' dir='ltr'><strong>narratio,</strong></span> <span class='ocrx_word' id='word_1_331' title='bbox 3124 2161 3399 2240; x_wconf 88' lang='lat' dir='ltr'><strong>leprosus</strong></span> <span class='ocrx_word' id='word_1_332' title='bbox 3429 2168 3490 2222; x_wconf 93' lang='lat' dir='ltr'><strong>et</strong></span> <span class='ocrx_word' id='word_1_333' title='bbox 3517 2162 3680 2223; x_wconf 87' lang='lat' dir='ltr'><strong>illius</strong></span> 
     </span>
    </p>
   </div>
   <div class='ocr_carea' id='block_1_46' title="bbox 2029 2249 3682 2332">
    <p class='ocr_par' dir='ltr' id='par_1_46' title="bbox 2029 2249 3682 2332">
     <span class='ocr_line' id='line_1_46' title="bbox 2029 2249 3682 2332; baseline 0 -20"><span class='ocrx_word' id='word_1_334' title='bbox 2029 2251 2359 2314; x_wconf 88' lang='lat' dir='ltr'><strong>mundatio.</strong></span> <span class='ocrx_word' id='word_1_335' title='bbox 2409 2250 2485 2313; x_wconf 92' lang='lat' dir='ltr'><strong>Ut</strong></span> <span class='ocrx_word' id='word_1_336' title='bbox 2513 2269 2654 2331; x_wconf 89' lang='lat' dir='ltr'><strong>ergo</strong></span> <span class='ocrx_word' id='word_1_337' title='bbox 2686 2260 2887 2312; x_wconf 85' lang='lat' dir='ltr'><strong>essent</strong></span> <span class='ocrx_word' id='word_1_338' title='bbox 2934 2252 3135 2332; x_wconf 88' lang='lat' dir='ltr'><strong>plures</strong></span> <span class='ocrx_word' id='word_1_339' title='bbox 3164 2258 3344 2312; x_wconf 85' lang='lat' dir='ltr'><strong>testes</strong></span> <span class='ocrx_word' id='word_1_340' title='bbox 3385 2251 3563 2330; x_wconf 87' lang='lat' dir='ltr'><strong>hujus</strong></span> <span class='ocrx_word' id='word_1_341' title='bbox 3589 2249 3682 2312; x_wconf 87' lang='lat' dir='ltr'><strong>rei</strong></span> 
     </span>
    </p>
   </div>
   <div class='ocr_carea' id='block_1_47' title="bbox 2029 2339 3680 2421">
    <p class='ocr_par' dir='ltr' id='par_1_47' title="bbox 2029 2339 3680 2421">
     <span class='ocr_line' id='line_1_47' title="bbox 2029 2339 3680 2421; baseline -0.001 -17"><span class='ocrx_word' id='word_1_342' title='bbox 2029 2340 2674 2414; x_wconf 86' lang='lat' dir='ltr'><strong>admirabilis,veniunt</strong></span> <span class='ocrx_word' id='word_1_343' title='bbox 2694 2341 2766 2401; x_wconf 93' lang='lat' dir='ltr'><strong>ad</strong></span> <span class='ocrx_word' id='word_1_344' title='bbox 2793 2343 3113 2402; x_wconf 78' lang='lat' dir='ltr'><strong>maximum</strong></span> <span class='ocrx_word' id='word_1_345' title='bbox 3143 2339 3246 2402; x_wconf 85' lang='lat' dir='ltr'><strong>Dei</strong></span> <span class='ocrx_word' id='word_1_346' title='bbox 3270 2341 3583 2421; x_wconf 87' lang='lat' dir='ltr'><strong>templum,</strong></span> <span class='ocrx_word' id='word_1_347' title='bbox 3615 2357 3680 2418; x_wconf 62' lang='lat' dir='ltr'><strong>et</strong></span> 
     </span>
    </p>
   </div>
   <div class='ocr_carea' id='block_1_48' title="bbox 290 2429 3679 2516">
    <p class='ocr_par' dir='ltr' id='par_1_48' title="bbox 290 2429 3679 2516">
     <span class='ocr_line' id='line_1_48' title="bbox 290 2429 3679 2516; baseline -0.002 -21"><span class='ocrx_word' id='word_1_348' title='bbox 290 2435 478 2496; x_wconf 86' lang='lat' dir='ltr'><strong>virum</strong></span> <span class='ocrx_word' id='word_1_349' title='bbox 501 2434 673 2496; x_wconf 88' lang='lat' dir='ltr'><strong>illum</strong></span> <span class='ocrx_word' id='word_1_350' title='bbox 705 2436 767 2497; x_wconf 92' lang='lat' dir='ltr'><strong>in</strong></span> <span class='ocrx_word' id='word_1_351' title='bbox 797 2444 1078 2516; x_wconf 83' lang='lat' dir='ltr'><strong>suggestu</strong></span> <span class='ocrx_word' id='word_1_352' title='bbox 1101 2444 1389 2513; x_wconf 89' lang='lat' dir='ltr'><strong>statuunt,</strong></span> <span class='ocrx_word' id='word_1_353' title='bbox 1425 2437 1711 2499; x_wconf 88' lang='lat' dir='ltr'><strong>facientes</strong></span> <span class='ocrx_word' id='word_1_354' title='bbox 1755 2437 1911 2501; x_wconf 87' lang='lat' dir='ltr'><strong>sicut</strong></span> <span class='ocrx_word' id='word_1_355' title='bbox 1948 2435 2252 2499; x_wconf 74' lang='lat' dir='ltr'><strong>Zachaeus.</strong></span> <span class='ocrx_word' id='word_1_356' title='bbox 2285 2429 2432 2492; x_wconf 85' lang='lat' dir='ltr'><strong>Nam</strong></span> <span class='ocrx_word' id='word_1_357' title='bbox 2465 2432 2550 2492; x_wconf 86' lang='lat' dir='ltr'><strong>illi</strong></span> <span class='ocrx_word' id='word_1_358' title='bbox 2579 2448 2820 2512; x_wconf 91' lang='lat' dir='ltr'><strong>quoque</strong></span> <span class='ocrx_word' id='word_1_359' title='bbox 2850 2431 3143 2510; x_wconf 85' lang='lat' dir='ltr'><strong>persuasit</strong></span> <span class='ocrx_word' id='word_1_360' title='bbox 3171 2430 3345 2504; x_wconf 85' lang='lat' dir='ltr'><strong>ﬁdes,</strong></span> <span class='ocrx_word' id='word_1_361' title='bbox 3376 2439 3444 2491; x_wconf 91' lang='lat' dir='ltr'><strong>ut</strong></span> <span class='ocrx_word' id='word_1_362' title='bbox 3470 2446 3679 2491; x_wconf 82' lang='lat' dir='ltr'><strong>ascen-</strong></span> 
     </span>
    </p>
   </div>
   <div class='ocr_carea' id='block_1_49' title="bbox 293 2518 3676 2604">
    <p class='ocr_par' dir='ltr' id='par_1_49' title="bbox 293 2518 3676 2604">
     <span class='ocr_line' id='line_1_49' title="bbox 293 2518 3676 2604; baseline -0.002 -18"><span class='ocrx_word' id='word_1_363' title='bbox 293 2523 468 2586; x_wconf 87' lang='lat' dir='ltr'><strong>deret</strong></span> <span class='ocrx_word' id='word_1_364' title='bbox 492 2542 894 2604; x_wconf 84' lang='lat' dir='ltr'><strong>sycomorum,</strong></span> <span class='ocrx_word' id='word_1_365' title='bbox 929 2536 989 2587; x_wconf 92' lang='lat' dir='ltr'><strong>et</strong></span> <span class='ocrx_word' id='word_1_366' title='bbox 1020 2525 1112 2588; x_wconf 89' lang='lat' dir='ltr'><strong>his</strong></span> <span class='ocrx_word' id='word_1_367' title='bbox 1140 2543 1372 2602; x_wconf 90' lang='lat' dir='ltr'><strong>rursus,</strong></span> <span class='ocrx_word' id='word_1_368' title='bbox 1405 2533 1470 2587; x_wconf 94' lang='lat' dir='ltr'><strong>ut</strong></span> <span class='ocrx_word' id='word_1_369' title='bbox 1505 2546 1561 2587; x_wconf 86' lang='lat' dir='ltr'><strong>:n</strong></span> <span class='ocrx_word' id='word_1_370' title='bbox 1615 2526 1736 2590; x_wconf 86' lang='lat' dir='ltr'><strong>alto</strong></span> <span class='ocrx_word' id='word_1_371' title='bbox 1771 2533 2105 2591; x_wconf 86' lang='lat' dir='ltr'><strong>statuerent</strong></span> <span class='ocrx_word' id='word_1_372' title='bbox 2134 2540 2268 2583; x_wconf 90' lang='lat' dir='ltr'><strong>eum</strong></span> <span class='ocrx_word' id='word_1_373' title='bbox 2303 2521 2403 2601; x_wconf 90' lang='lat' dir='ltr'><strong>qui</strong></span> <span class='ocrx_word' id='word_1_374' title='bbox 2437 2529 2677 2582; x_wconf 85' lang='lat' dir='ltr'><strong>curatus</strong></span> <span class='ocrx_word' id='word_1_375' title='bbox 2731 2522 2946 2596; x_wconf 85' lang='lat' dir='ltr'><strong>fuerat,</strong></span> <span class='ocrx_word' id='word_1_376' title='bbox 2978 2519 3276 2598; x_wconf 86' lang='lat' dir='ltr'><strong>persuasit</strong></span> <span class='ocrx_word' id='word_1_377' title='bbox 3301 2519 3520 2581; x_wconf 88' lang='lat' dir='ltr'><strong>similis</strong></span> <span class='ocrx_word' id='word_1_378' title='bbox 3549 2518 3676 2581; x_wconf 91' lang='lat' dir='ltr'><strong>fer-</strong></span> 
     </span>
    </p>
   </div>
   <div class='ocr_carea' id='block_1_50' title="bbox 286 2614 2869 2701">
    <p class='ocr_par' dir='ltr' id='par_1_50' title="bbox 286 2614 2869 2701">
     <span class='ocr_line' id='line_1_50' title="bbox 286 2614 2869 2701; baseline -0.001 -21"><span class='ocrx_word' id='word_1_379' title='bbox 286 2637 395 2682; x_wconf 89' lang='lat' dir='ltr'><strong>vor</strong></span> <span class='ocrx_word' id='word_1_380' title='bbox 425 2619 688 2699; x_wconf 88' lang='lat' dir='ltr'><strong>spiritus.</strong></span> <span class='ocrx_word' id='word_1_381' title='bbox 723 2618 890 2695; x_wconf 84' lang='lat' dir='ltr'><strong>Quis,</strong></span> <span class='ocrx_word' id='word_1_382' title='bbox 929 2638 1070 2701; x_wconf 70' lang='lat' dir='ltr'><strong>quae</strong></span> <span class='ocrx_word' id='word_1_383' title='bbox 1103 2627 1243 2684; x_wconf 90' lang='lat' dir='ltr'><strong>tunc</strong></span> <span class='ocrx_word' id='word_1_384' title='bbox 1273 2630 1519 2701; x_wconf 88' lang='lat' dir='ltr'><strong>propter</strong></span> <span class='ocrx_word' id='word_1_385' title='bbox 1551 2637 1829 2700; x_wconf 87' lang='lat' dir='ltr'><strong>magnum</strong></span> <span class='ocrx_word' id='word_1_386' title='bbox 1863 2620 2170 2684; x_wconf 90' lang='lat' dir='ltr'><strong>Danielem</strong></span> <span class='ocrx_word' id='word_1_387' title='bbox 2202 2614 2446 2691; x_wconf 87' lang='lat' dir='ltr'><strong>ﬁebant,</strong></span> <span class='ocrx_word' id='word_1_388' title='bbox 2482 2618 2814 2678; x_wconf 87' lang='lat' dir='ltr'><strong>narraverit</strong></span> <span class='ocrx_word' id='word_1_389' title='bbox 2841 2621 2869 2677; x_wconf 83' lang='lat'><strong><em>?</em></strong></span> 
     </span>
    </p>
   </div>
   <div class='ocr_carea' id='block_1_51' title="bbox 369 2707 1946 2789">
    <p class='ocr_par' dir='ltr' id='par_1_51' title="bbox 369 2707 1946 2789">
     <span class='ocr_line' id='line_1_51' title="bbox 369 2707 1946 2789; baseline 0.003 -25"><span class='ocrx_word' id='word_1_390' title='bbox 369 2707 516 2772; x_wconf 82' lang='lat' dir='ltr'><strong>ME&#39;.</strong></span> <span class='ocrx_word' id='word_1_391' title='bbox 591 2708 900 2788; x_wconf 76' lang='grc' dir='ltr'>Συῤῥέουσιν</span> <span class='ocrx_word' id='word_1_392' title='bbox 955 2708 1042 2766; x_wconf 81' lang='grc' dir='ltr'><strong>ἐπ’</strong></span> <span class='ocrx_word' id='word_1_393' title='bbox 1100 2712 1253 2768; x_wconf 80' lang='grc' dir='ltr'>οὐτὸν</span> <span class='ocrx_word' id='word_1_394' title='bbox 1313 2709 1495 2789; x_wconf 84' lang='grc' dir='ltr'>ὀλίγου</span> <span class='ocrx_word' id='word_1_395' title='bbox 1551 2715 1665 2767; x_wconf 75' lang='grc' dir='ltr'>δεῖν</span> <span class='ocrx_word' id='word_1_396' title='bbox 1720 2719 1867 2768; x_wconf 87' lang='grc' dir='ltr'>πᾶσα</span> <span class='ocrx_word' id='word_1_397' title='bbox 1910 2715 1946 2782; x_wconf 79' lang='grc' dir='ltr'><strong>ἡ</strong></span> 
     </span>
    </p>
   </div>
   <div class='ocr_carea' id='block_1_52' title="bbox 2110 2701 3680 2778">
    <p class='ocr_par' dir='ltr' id='par_1_52' title="bbox 2110 2701 3680 2778">
     <span class='ocr_line' id='line_1_52' title="bbox 2110 2701 3680 2778; baseline -0.003 -10"><span class='ocrx_word' id='word_1_398' title='bbox 2110 2705 2286 2768; x_wconf 84' lang='lat' dir='ltr'><strong>XLV.</strong></span> <span class='ocrx_word' id='word_1_399' title='bbox 2341 2706 2600 2767; x_wconf 73' lang='lat' dir='ltr'><strong>Conﬁuit</strong></span> <span class='ocrx_word' id='word_1_400' title='bbox 2656 2705 2729 2766; x_wconf 87' lang='lat' dir='ltr'><strong>ad</strong></span> <span class='ocrx_word' id='word_1_401' title='bbox 2761 2723 2897 2765; x_wconf 88' lang='lat' dir='ltr'><strong>eum</strong></span> <span class='ocrx_word' id='word_1_402' title='bbox 2959 2701 3240 2766; x_wconf 85' lang='lat' dir='ltr'><strong>universa</strong></span> <span class='ocrx_word' id='word_1_403' title='bbox 3266 2703 3393 2764; x_wconf 81' lang='lat' dir='ltr'><strong>fere</strong></span> <span class='ocrx_word' id='word_1_404' title='bbox 3450 2702 3680 2778; x_wconf 85' lang='lat' dir='ltr'><strong>civitas,</strong></span> 
     </span>
    </p>
   </div>
   <div class='ocr_carea' id='block_1_53' title="bbox 283 2793 1944 2881">
    <p class='ocr_par' dir='ltr' id='par_1_53' title="bbox 283 2797 1944 2881">
     <span class='ocr_line' id='line_1_53' title="bbox 283 2797 1944 2881; baseline 0 -25"><span class='ocrx_word' id='word_1_405' title='bbox 283 2797 472 2878; x_wconf 87' lang='grc' dir='ltr'>πόλις,</span> <span class='ocrx_word' id='word_1_406' title='bbox 517 2799 564 2854; x_wconf 71' lang='grc' dir='ltr'>οἱ</span> <span class='ocrx_word' id='word_1_407' title='bbox 614 2799 711 2874; x_wconf 78' lang='grc' dir='ltr'>μὲν</span> <span class='ocrx_word' id='word_1_408' title='bbox 759 2805 1034 2862; x_wconf 83' lang='grc' dir='ltr'>νοσοῦντες</span> <span class='ocrx_word' id='word_1_409' title='bbox 1067 2797 1242 2878; x_wconf 77' lang='grc' dir='ltr'>ἐφέσει</span> <span class='ocrx_word' id='word_1_410' title='bbox 1295 2804 1395 2865; x_wconf 84' lang='grc' dir='ltr'>τῆς</span> <span class='ocrx_word' id='word_1_411' title='bbox 1443 2801 1746 2881; x_wconf 84' lang='grc' dir='ltr'>θεραπείας,</span> <span class='ocrx_word' id='word_1_412' title='bbox 1781 2801 1944 2881; x_wconf 81' lang='grc' dir='ltr'>ἐγγύ-</span> 
     </span>
    </p>
   </div>
   <div class='ocr_carea' id='block_1_54' title="bbox 2031 2793 3684 2881">
    <p class='ocr_par' dir='ltr' id='par_1_54' title="bbox 2032 2793 3684 2874">
     <span class='ocr_line' id='line_1_54' title="bbox 2032 2793 3684 2874; baseline -0.002 -16"><span class='ocrx_word' id='word_1_413' title='bbox 2032 2805 2385 2874; x_wconf 65' lang='grc' dir='ltr'>ωετοιεηιθε</span> <span class='ocrx_word' id='word_1_414' title='bbox 2443 2793 2685 2873; x_wconf 89' lang='lat' dir='ltr'><strong>quidem</strong></span> <span class='ocrx_word' id='word_1_415' title='bbox 2744 2793 3046 2856; x_wconf 86' lang='lat' dir='ltr'><strong>desiderio</strong></span> <span class='ocrx_word' id='word_1_416' title='bbox 3099 2793 3442 2868; x_wconf 83' lang='lat' dir='ltr'><strong>sanationis,</strong></span> <span class='ocrx_word' id='word_1_417' title='bbox 3497 2809 3684 2872; x_wconf 89' lang='lat' dir='ltr'><strong>prope</strong></span> 
     </span>
    </p>
   </div>
   <div class='ocr_carea' id='block_1_55' title="bbox 277 2883 1944 2968">
    <p class='ocr_par' dir='ltr' id='par_1_55' title="bbox 277 2886 1944 2968">
     <span class='ocr_line' id='line_1_55' title="bbox 277 2886 1944 2968; baseline 0.001 -24"><span class='ocrx_word' id='word_1_418' title='bbox 277 2892 370 2944; x_wconf 89' lang='grc' dir='ltr'><strong>θεν</strong></span> <span class='ocrx_word' id='word_1_419' title='bbox 435 2887 658 2967; x_wconf 74' lang='grc' dir='ltr'>ἔχοντες</span> <span class='ocrx_word' id='word_1_420' title='bbox 687 2889 748 2944; x_wconf 83' lang='grc' dir='ltr'><strong>τὸ</strong></span> <span class='ocrx_word' id='word_1_421' title='bbox 778 2886 1144 2968; x_wconf 83' lang='grc' dir='ltr'>παράδειγμα,</span> <span class='ocrx_word' id='word_1_422' title='bbox 1175 2889 1266 2944; x_wconf 84' lang='grc' dir='ltr'>τὸν</span> <span class='ocrx_word' id='word_1_423' title='bbox 1317 2889 1531 2948; x_wconf 77' lang='grc' dir='ltr'>ἱαθάντα</span> <span class='ocrx_word' id='word_1_424' title='bbox 1565 2892 1782 2968; x_wconf 84' lang='grc' dir='ltr'>λεπρὸν,</span> <span class='ocrx_word' id='word_1_425' title='bbox 1817 2892 1862 2946; x_wconf 82' lang='grc' dir='ltr'>οἱ</span> <span class='ocrx_word' id='word_1_426' title='bbox 1891 2888 1944 2946; x_wconf 79' lang='grc' dir='ltr'>δὲ</span> 
     </span>
    </p>
   </div>
   <div class='ocr_carea' id='block_1_56' title="bbox 2031 2883 3682 2968">
    <p class='ocr_par' dir='ltr' id='par_1_56' title="bbox 2031 2883 3682 2963">
     <span class='ocr_line' id='line_1_56' title="bbox 2031 2883 3682 2963; baseline -0.002 -16"><span class='ocrx_word' id='word_1_427' title='bbox 2031 2884 2325 2947; x_wconf 88' lang='lat' dir='ltr'><strong>habentes</strong></span> <span class='ocrx_word' id='word_1_428' title='bbox 2355 2884 2682 2963; x_wconf 84' lang='lat' dir='ltr'><strong>exemplar,</strong></span> <span class='ocrx_word' id='word_1_429' title='bbox 2708 2883 3012 2962; x_wconf 86' lang='lat' dir='ltr'><strong>leprosum</strong></span> <span class='ocrx_word' id='word_1_430' title='bbox 3054 2884 3156 2963; x_wconf 91' lang='lat' dir='ltr'><strong>qui</strong></span> <span class='ocrx_word' id='word_1_431' title='bbox 3183 2883 3376 2943; x_wconf 86' lang='lat' dir='ltr'><strong>fuerat</strong></span> <span class='ocrx_word' id='word_1_432' title='bbox 3407 2891 3682 2962; x_wconf 82' lang='lat' dir='ltr'><strong>curatus;</strong></span> 
     </span>
    </p>
   </div>
   <div class='ocr_carea' id='block_1_57' title="bbox 282 2969 1944 3056">
    <p class='ocr_par' dir='ltr' id='par_1_57' title="bbox 282 2975 1944 3056">
     <span class='ocr_line' id='line_1_57' title="bbox 282 2975 1944 3056; baseline 0.002 -24"><span class='ocrx_word' id='word_1_433' title='bbox 282 2976 613 3056; x_wconf 78' lang='grc' dir='ltr'>ὑγιαίνοντες</span> <span class='ocrx_word' id='word_1_434' title='bbox 683 2975 815 3034; x_wconf 76' lang='grc' dir='ltr'>ἰδεῖν</span> <span class='ocrx_word' id='word_1_435' title='bbox 873 2999 932 3032; x_wconf 87' lang='grc' dir='ltr'><strong>τε</strong></span> <span class='ocrx_word' id='word_1_436' title='bbox 988 2979 1112 3040; x_wconf 84' lang='grc' dir='ltr'>τοὺς</span> <span class='ocrx_word' id='word_1_437' title='bbox 1187 2978 1637 3056; x_wconf 59' lang='grc' dir='ltr'>θεραπευομένους</span> <span class='ocrx_word' id='word_1_438' title='bbox 1695 2981 1777 3036; x_wconf 86' lang='grc' dir='ltr'><strong>κοί</strong></span> <span class='ocrx_word' id='word_1_439' title='bbox 1848 2984 1944 3046; x_wconf 78' lang='grc' dir='ltr'>τῆς</span> 
     </span>
    </p>
   </div>
   <div class='ocr_carea' id='block_1_58' title="bbox 2031 2969 3686 3056">
    <p class='ocr_par' dir='ltr' id='par_1_58' title="bbox 2033 2969 3686 3052">
     <span class='ocr_line' id='line_1_58' title="bbox 2033 2969 3686 3052; baseline -0.002 -16"><span class='ocrx_word' id='word_1_440' title='bbox 2033 2975 2161 3036; x_wconf 84' lang='lat' dir='ltr'><strong>sani</strong></span> <span class='ocrx_word' id='word_1_441' title='bbox 2209 2983 2436 3052; x_wconf 89' lang='lat' dir='ltr'><strong>autem,</strong></span> <span class='ocrx_word' id='word_1_442' title='bbox 2469 2982 2532 3034; x_wconf 92' lang='lat' dir='ltr'><strong>ut</strong></span> <span class='ocrx_word' id='word_1_443' title='bbox 2583 2973 2861 3034; x_wconf 87' lang='lat' dir='ltr'><strong>viderent</strong></span> <span class='ocrx_word' id='word_1_444' title='bbox 2911 2989 3014 3034; x_wconf 88' lang='lat' dir='ltr'><strong>eos</strong></span> <span class='ocrx_word' id='word_1_445' title='bbox 3064 2971 3166 3051; x_wconf 91' lang='lat' dir='ltr'><strong>qui</strong></span> <span class='ocrx_word' id='word_1_446' title='bbox 3209 2969 3592 3046; x_wconf 85' lang='lat' dir='ltr'><strong>curabantur,</strong></span> <span class='ocrx_word' id='word_1_447' title='bbox 3626 2981 3686 3032; x_wconf 90' lang='lat' dir='ltr'><strong>et</strong></span> 
     </span>
    </p>
   </div>
   <div class='ocr_carea' id='block_1_59' title="bbox 277 3052 1944 3171">
    <p class='ocr_par' dir='ltr' id='par_1_59' title="bbox 277 3052 1944 3143">
     <span class='ocr_line' id='line_1_59' title="bbox 277 3052 1944 3143; baseline 0 -21"><span class='ocrx_word' id='word_1_448' title='bbox 277 3052 389 3124; x_wconf 85' lang='grc' dir='ltr'><strong>τῶν</strong></span> <span class='ocrx_word' id='word_1_449' title='bbox 445 3068 730 3141; x_wconf 77' lang='grc' dir='ltr'>θαυμάτων</span> <span class='ocrx_word' id='word_1_450' title='bbox 786 3065 908 3132; x_wconf 80' lang='grc' dir='ltr'>θέας</span> <span class='ocrx_word' id='word_1_451' title='bbox 949 3068 1028 3142; x_wconf 81' lang='grc' dir='ltr'><strong>μὴ</strong></span> <span class='ocrx_word' id='word_1_452' title='bbox 1080 3052 1396 3143; x_wconf 71' lang='grc' dir='ltr'>ἀμοιρῆσαι.</span> <span class='ocrx_word' id='word_1_453' title='bbox 1470 3052 1522 3124; x_wconf 55' lang='grc' dir='ltr'>’λ</span> <span class='ocrx_word' id='word_1_454' title='bbox 1567 3067 1621 3123; x_wconf 84' lang='grc' dir='ltr'>δὲ</span> <span class='ocrx_word' id='word_1_455' title='bbox 1664 3067 1944 3137; x_wconf 72' lang='grc' dir='ltr'>ἠκολούθει</span> 
     </span>
    </p>
   </div>
   <div class='ocr_carea' id='block_1_60' title="bbox 2031 3052 3681 3171">
    <p class='ocr_par' dir='ltr' id='par_1_60' title="bbox 2032 3059 3681 3145">
     <span class='ocr_line' id='line_1_60' title="bbox 2032 3059 3681 3145; baseline -0.002 -20"><span class='ocrx_word' id='word_1_456' title='bbox 2032 3065 2374 3145; x_wconf 81' lang='lat' dir='ltr'><strong>Spectacula</strong></span> <span class='ocrx_word' id='word_1_457' title='bbox 2397 3062 2819 3126; x_wconf 88' lang='lat' dir='ltr'><strong>miraculorum</strong></span> <span class='ocrx_word' id='word_1_458' title='bbox 2853 3063 3102 3123; x_wconf 87' lang='lat' dir='ltr'><strong>minime</strong></span> <span class='ocrx_word' id='word_1_459' title='bbox 3133 3059 3681 3141; x_wconf 62' lang='lat' dir='ltr'><strong>privarentnrﬂum</strong></span> 
     </span>
    </p>
   </div>
   <div class='ocr_carea' id='block_1_61' title="bbox 278 3149 1944 3237">
    <p class='ocr_par' dir='ltr' id='par_1_61' title="bbox 278 3155 1944 3237">
     <span class='ocr_line' id='line_1_61' title="bbox 278 3155 1944 3237; baseline 0.001 -25"><span class='ocrx_word' id='word_1_460' title='bbox 278 3161 352 3233; x_wconf 77' lang='grc' dir='ltr'><strong>τῇ</strong></span> <span class='ocrx_word' id='word_1_461' title='bbox 393 3155 569 3212; x_wconf 82' lang='grc' dir='ltr'>πίστει</span> <span class='ocrx_word' id='word_1_462' title='bbox 599 3161 707 3211; x_wconf 88' lang='grc' dir='ltr'><strong>τῶν</strong></span> <span class='ocrx_word' id='word_1_463' title='bbox 735 3157 1067 3232; x_wconf 83' lang='grc' dir='ltr'>προσιόντων</span> <span class='ocrx_word' id='word_1_464' title='bbox 1112 3156 1355 3232; x_wconf 81' lang='grc' dir='ltr'>θαύματα</span> <span class='ocrx_word' id='word_1_465' title='bbox 1385 3158 1474 3212; x_wconf 83' lang='grc' dir='ltr'><strong>καὶ</strong></span> <span class='ocrx_word' id='word_1_466' title='bbox 1503 3155 1676 3235; x_wconf 83' lang='grc' dir='ltr'>λόγου</span> <span class='ocrx_word' id='word_1_467' title='bbox 1730 3159 1944 3237; x_wconf 75' lang='grc' dir='ltr'>κρείττω</span> 
     </span>
    </p>
   </div>
   <div class='ocr_carea' id='block_1_62' title="bbox 2031 3149 3684 3237">
    <p class='ocr_par' dir='ltr' id='par_1_62' title="bbox 2035 3149 3684 3231">
     <span class='ocr_line' id='line_1_62' title="bbox 2035 3149 3684 3231; baseline -0.001 -19"><span class='ocrx_word' id='word_1_468' title='bbox 2035 3171 2174 3215; x_wconf 89' lang='lat' dir='ltr'><strong>vero</strong></span> <span class='ocrx_word' id='word_1_469' title='bbox 2226 3169 2433 3213; x_wconf 90' lang='lat' dir='ltr'><strong>eorum</strong></span> <span class='ocrx_word' id='word_1_470' title='bbox 2467 3153 2569 3231; x_wconf 88' lang='lat' dir='ltr'><strong>qui</strong></span> <span class='ocrx_word' id='word_1_471' title='bbox 2625 3152 3014 3228; x_wconf 85' lang='lat' dir='ltr'><strong>accedebant,</strong></span> <span class='ocrx_word' id='word_1_472' title='bbox 3049 3152 3226 3214; x_wconf 84' lang='lat' dir='ltr'><strong>ﬁdem</strong></span> <span class='ocrx_word' id='word_1_473' title='bbox 3280 3149 3684 3231; x_wconf 84' lang='lat' dir='ltr'><strong>sequebantur</strong></span> 
     </span>
    </p>
   </div>
   <div class='ocr_carea' id='block_1_63' title="bbox 284 3238 1944 3326">
    <p class='ocr_par' dir='ltr' id='par_1_63' title="bbox 284 3243 1944 3326">
     <span class='ocr_line' id='line_1_63' title="bbox 284 3243 1944 3326; baseline 0.002 -26"><span class='ocrx_word' id='word_1_474' title='bbox 284 3245 376 3300; x_wconf 79' lang='grc' dir='ltr'><strong>καὶ</strong></span> <span class='ocrx_word' id='word_1_475' title='bbox 428 3245 621 3326; x_wconf 81' lang='grc' dir='ltr'>ἀκοῆς,</span> <span class='ocrx_word' id='word_1_476' title='bbox 656 3245 808 3302; x_wconf 79' lang='grc' dir='ltr'>Ἐπεὶ</span> <span class='ocrx_word' id='word_1_477' title='bbox 870 3243 925 3300; x_wconf 80' lang='grc' dir='ltr'>δὲ</span> <span class='ocrx_word' id='word_1_478' title='bbox 987 3244 1080 3301; x_wconf 76' lang='grc' dir='ltr'><strong>καί</strong></span> <span class='ocrx_word' id='word_1_479' title='bbox 1140 3243 1399 3324; x_wconf 82' lang='grc' dir='ltr'>λαμπρῶς</span> <span class='ocrx_word' id='word_1_480' title='bbox 1431 3245 1570 3302; x_wconf 78' lang='grc' dir='ltr'>οὕτω</span> <span class='ocrx_word' id='word_1_481' title='bbox 1629 3249 1944 3326; x_wconf 87' lang='grc' dir='ltr'>προπεμπό-</span> 
     </span>
    </p>
   </div>
   <div class='ocr_carea' id='block_1_64' title="bbox 2031 3238 3686 3326">
    <p class='ocr_par' dir='ltr' id='par_1_64' title="bbox 2037 3238 3686 3322">
     <span class='ocr_line' id='line_1_64' title="bbox 2037 3238 3686 3322; baseline -0.003 -18"><span class='ocrx_word' id='word_1_482' title='bbox 2037 3241 2348 3319; x_wconf 90' lang='lat' dir='ltr'><strong>miracula,</strong></span> <span class='ocrx_word' id='word_1_483' title='bbox 2383 3252 2521 3303; x_wconf 89' lang='lat' dir='ltr'><strong>sunt</strong></span> <span class='ocrx_word' id='word_1_484' title='bbox 2574 3241 2824 3320; x_wconf 83' lang='lat' dir='ltr'><strong>majora,</strong></span> <span class='ocrx_word' id='word_1_485' title='bbox 2859 3258 3036 3322; x_wconf 88' lang='lat' dir='ltr'><strong>quam</strong></span> <span class='ocrx_word' id='word_1_486' title='bbox 3087 3251 3153 3302; x_wconf 81' lang='grc' dir='ltr'><strong>ιιι</strong></span> <span class='ocrx_word' id='word_1_487' title='bbox 3180 3239 3378 3302; x_wconf 88' lang='lat' dir='ltr'><strong>verbis</strong></span> <span class='ocrx_word' id='word_1_488' title='bbox 3429 3238 3686 3320; x_wconf 73' lang='lat' dir='ltr'><strong>eXprimi</strong></span> 
     </span>
    </p>
   </div>
   <div class='ocr_carea' id='block_1_65' title="bbox 288 3328 1944 3416">
    <p class='ocr_par' dir='ltr' id='par_1_65' title="bbox 288 3333 1944 3416">
     <span class='ocr_line' id='line_1_65' title="bbox 288 3333 1944 3416; baseline 0.002 -27"><span class='ocrx_word' id='word_1_489' title='bbox 288 3354 451 3412; x_wconf 85' lang='grc' dir='ltr'>μενος</span> <span class='ocrx_word' id='word_1_490' title='bbox 509 3337 538 3390; x_wconf 83' lang='grc' dir='ltr'>ὁ</span> <span class='ocrx_word' id='word_1_491' title='bbox 576 3335 742 3412; x_wconf 80' lang='grc' dir='ltr'>μέγας</span> <span class='ocrx_word' id='word_1_492' title='bbox 801 3334 920 3392; x_wconf 77' lang='grc' dir='ltr'>ἔνθα</span> <span class='ocrx_word' id='word_1_493' title='bbox 980 3333 1046 3402; x_wconf 77' lang='grc' dir='ltr'>δὴ</span> <span class='ocrx_word' id='word_1_494' title='bbox 1091 3336 1179 3390; x_wconf 86' lang='grc' dir='ltr'><strong>καὶ</strong></span> <span class='ocrx_word' id='word_1_495' title='bbox 1222 3338 1251 3390; x_wconf 86' lang='grc' dir='ltr'>ὁ</span> <span class='ocrx_word' id='word_1_496' title='bbox 1311 3335 1562 3411; x_wconf 80' lang='grc' dir='ltr'>βασιλεὺς</span> <span class='ocrx_word' id='word_1_497' title='bbox 1609 3335 1674 3404; x_wconf 77' lang='grc' dir='ltr'>ἦν</span> <span class='ocrx_word' id='word_1_498' title='bbox 1734 3336 1944 3416; x_wconf 69' lang='grc' dir='ltr'>ἔγγιστα</span> 
     </span>
    </p>
   </div>
   <div class='ocr_carea' id='block_1_66' title="bbox 2031 3328 3689 3416">
    <p class='ocr_par' dir='ltr' id='par_1_66' title="bbox 2036 3328 3689 3414">
     <span class='ocr_line' id='line_1_66' title="bbox 2036 3328 3689 3414; baseline -0.003 -19"><span class='ocrx_word' id='word_1_499' title='bbox 2036 3332 2288 3414; x_wconf 89' lang='lat' dir='ltr'><strong>possint,</strong></span> <span class='ocrx_word' id='word_1_500' title='bbox 2324 3340 2384 3394; x_wconf 89' lang='lat' dir='ltr'><strong>et</strong></span> <span class='ocrx_word' id='word_1_501' title='bbox 2410 3331 2660 3394; x_wconf 84' lang='lat' dir='ltr'><strong>auribus</strong></span> <span class='ocrx_word' id='word_1_502' title='bbox 2692 3331 2943 3412; x_wconf 88' lang='lat' dir='ltr'><strong>percipi.</strong></span> <span class='ocrx_word' id='word_1_503' title='bbox 2967 3335 3113 3395; x_wconf 87' lang='lat' dir='ltr'><strong>Cum</strong></span> <span class='ocrx_word' id='word_1_504' title='bbox 3135 3341 3336 3392; x_wconf 84' lang='lat' dir='ltr'><strong>autem</strong></span> <span class='ocrx_word' id='word_1_505' title='bbox 3360 3328 3449 3392; x_wconf 82' lang='lat' dir='ltr'><strong>sic</strong></span> <span class='ocrx_word' id='word_1_506' title='bbox 3478 3329 3689 3410; x_wconf 87' lang='lat' dir='ltr'><strong>splen-</strong></span> 
     </span>
    </p>
   </div>
   <div class='ocr_carea' id='block_1_67' title="bbox 285 3416 1944 3505">
    <p class='ocr_par' dir='ltr' id='par_1_67' title="bbox 285 3416 1944 3505">
     <span class='ocr_line' id='line_1_67' title="bbox 285 3416 1944 3505; baseline 0.002 -25"><span class='ocrx_word' id='word_1_507' title='bbox 285 3426 398 3480; x_wconf 85' lang='grc' dir='ltr'><strong>τῶν</strong></span> <span class='ocrx_word' id='word_1_508' title='bbox 472 3430 565 3481; x_wconf 81' lang='grc' dir='ltr'><strong>τοῦ</strong></span> <span class='ocrx_word' id='word_1_509' title='bbox 641 3416 904 3500; x_wconf 79' lang='grc' dir='ltr'>Ἐϐδόμου</span> <span class='ocrx_word' id='word_1_510' title='bbox 975 3425 1283 3504; x_wconf 79' lang='grc' dir='ltr'>ἀνακτόρων</span> <span class='ocrx_word' id='word_1_511' title='bbox 1359 3425 1592 3505; x_wconf 81' lang='grc' dir='ltr'>ἐγένετο,</span> <span class='ocrx_word' id='word_1_512' title='bbox 1655 3425 1788 3505; x_wconf 75' lang='grc' dir='ltr'>ἁνήρ</span> <span class='ocrx_word' id='word_1_513' title='bbox 1873 3448 1944 3490; x_wconf 74' lang='grc' dir='ltr'><strong>τις</strong></span> 
     </span>
    </p>
   </div>
   <div class='ocr_carea' id='block_1_68' title="bbox 2031 3416 3688 3505">
    <p class='ocr_par' dir='ltr' id='par_1_68' title="bbox 2037 3418 3688 3500">
     <span class='ocr_line' id='line_1_68' title="bbox 2037 3418 3688 3500; baseline -0.002 -15"><span class='ocrx_word' id='word_1_514' title='bbox 2037 3424 2178 3485; x_wconf 90' lang='lat' dir='ltr'><strong>dide</strong></span> <span class='ocrx_word' id='word_1_515' title='bbox 2229 3422 2549 3486; x_wconf 89' lang='lat' dir='ltr'><strong>comitatus</strong></span> <span class='ocrx_word' id='word_1_516' title='bbox 2578 3438 2828 3500; x_wconf 84' lang='lat' dir='ltr'><strong>magnus</strong></span> <span class='ocrx_word' id='word_1_517' title='bbox 2855 3422 2957 3482; x_wconf 90' lang='lat' dir='ltr'><strong>ille</strong></span> <span class='ocrx_word' id='word_1_518' title='bbox 3011 3420 3219 3483; x_wconf 83' lang='lat' dir='ltr'><strong>Daniel</strong></span> <span class='ocrx_word' id='word_1_519' title='bbox 3248 3421 3318 3482; x_wconf 91' lang='lat' dir='ltr'><strong>ad</strong></span> <span class='ocrx_word' id='word_1_520' title='bbox 3367 3419 3591 3499; x_wconf 87' lang='lat' dir='ltr'><strong>locum,</strong></span> <span class='ocrx_word' id='word_1_521' title='bbox 3623 3418 3688 3481; x_wconf 90' lang='lat' dir='ltr'><strong>in</strong></span> 
     </span>
    </p>
   </div>
   <div class='ocr_carea' id='block_1_69' title="bbox 289 3511 1955 3596">
    <p class='ocr_par' dir='ltr' id='par_1_69' title="bbox 289 3511 1955 3596">
     <span class='ocr_line' id='line_1_69' title="bbox 289 3511 1955 3596; baseline 0.002 -27"><span class='ocrx_word' id='word_1_522' title='bbox 289 3513 486 3578; x_wconf 85' lang='grc' dir='ltr'>Γότθος</span> <span class='ocrx_word' id='word_1_523' title='bbox 543 3515 604 3571; x_wconf 83' lang='grc' dir='ltr'>τὸ</span> <span class='ocrx_word' id='word_1_524' title='bbox 659 3513 810 3593; x_wconf 80' lang='grc' dir='ltr'>γένος</span> <span class='ocrx_word' id='word_1_525' title='bbox 865 3511 952 3569; x_wconf 81' lang='grc' dir='ltr'>διὰ</span> <span class='ocrx_word' id='word_1_526' title='bbox 993 3511 1195 3593; x_wconf 82' lang='grc' dir='ltr'>θυρίδος</span> <span class='ocrx_word' id='word_1_527' title='bbox 1253 3516 1531 3593; x_wconf 86' lang='grc' dir='ltr'>προκύψας</span> <span class='ocrx_word' id='word_1_528' title='bbox 1591 3515 1814 3596; x_wconf 85' lang='grc' dir='ltr'>ἄνωθεν,</span> <span class='ocrx_word' id='word_1_529' title='bbox 1869 3519 1955 3573; x_wconf 80' lang='grc' dir='ltr'><strong>καὶ</strong></span> 
     </span>
    </p>
   </div>
   <div class='ocr_carea' id='block_1_70' title="bbox 290 3601 1954 3682">
    <p class='ocr_par' dir='ltr' id='par_1_70' title="bbox 290 3601 1954 3682">
     <span class='ocr_line' id='line_1_70' title="bbox 290 3601 1954 3682; baseline 0.001 -21"><span class='ocrx_word' id='word_1_530' title='bbox 290 3604 436 3661; x_wconf 72' lang='grc' dir='ltr'>οὕτω</span> <span class='ocrx_word' id='word_1_531' title='bbox 488 3603 579 3660; x_wconf 78' lang='grc' dir='ltr'><strong>τὸν</strong></span> <span class='ocrx_word' id='word_1_532' title='bbox 635 3603 781 3660; x_wconf 76' lang='grc' dir='ltr'>ὅσιον</span> <span class='ocrx_word' id='word_1_533' title='bbox 839 3601 960 3660; x_wconf 71' lang='grc' dir='ltr'>ἰδὼν</span> <span class='ocrx_word' id='word_1_534' title='bbox 1012 3605 1464 3682; x_wconf 85' lang='grc' dir='ltr'>προπεμπόμενόν</span> <span class='ocrx_word' id='word_1_535' title='bbox 1506 3625 1563 3660; x_wconf 87' lang='grc' dir='ltr'><strong>τε</strong></span> <span class='ocrx_word' id='word_1_536' title='bbox 1617 3606 1703 3662; x_wconf 81' lang='grc' dir='ltr'><strong>καὶ</strong></span> <span class='ocrx_word' id='word_1_537' title='bbox 1745 3607 1954 3680; x_wconf 84' lang='grc' dir='ltr'>βαστα-</span> 
     </span>
    </p>
   </div>
   <div class='ocr_carea' id='block_1_71' title="bbox 291 3691 1952 3774">
    <p class='ocr_par' dir='ltr' id='par_1_71' title="bbox 291 3691 1952 3774">
     <span class='ocr_line' id='line_1_71' title="bbox 291 3691 1952 3774; baseline 0.001 -25"><span class='ocrx_word' id='word_1_538' title='bbox 291 3692 521 3769; x_wconf 81' lang='grc' dir='ltr'>λόμενον</span> <span class='ocrx_word' id='word_1_539' title='bbox 578 3694 651 3757; x_wconf 86' lang='grc' dir='ltr'><strong>εἰς</strong></span> <span class='ocrx_word' id='word_1_540' title='bbox 700 3691 967 3768; x_wconf 86' lang='grc' dir='ltr'>μαλακίαν</span> <span class='ocrx_word' id='word_1_541' title='bbox 1030 3693 1190 3749; x_wconf 76' lang='grc' dir='ltr'>αὐτόν</span> <span class='ocrx_word' id='word_1_542' title='bbox 1250 3692 1592 3750; x_wconf 72' lang='grc' dir='ltr'>ἀποσκώπτει</span> <span class='ocrx_word' id='word_1_543' title='bbox 1644 3697 1733 3752; x_wconf 84' lang='grc' dir='ltr'>καὶ</span> <span class='ocrx_word' id='word_1_544' title='bbox 1792 3697 1952 3774; x_wconf 85' lang='grc' dir='ltr'>εἰρω-</span> 
     </span>
    </p>
   </div>
   <div class='ocr_carea' id='block_1_72' title="bbox 292 3780 1948 3862">
    <p class='ocr_par' dir='ltr' id='par_1_72' title="bbox 292 3780 1948 3862">
     <span class='ocr_line' id='line_1_72' title="bbox 292 3780 1948 3862; baseline 0.003 -24"><span class='ocrx_word' id='word_1_545' title='bbox 292 3788 454 3845; x_wconf 84' lang='grc' dir='ltr'>νικῶς</span> <span class='ocrx_word' id='word_1_546' title='bbox 503 3781 916 3862; x_wconf 72' lang='grc' dir='ltr'>ἀποφθέγγεται·</span> <span class='ocrx_word' id='word_1_547' title='bbox 971 3780 1128 3858; x_wconf 74' lang='grc' dir='ltr'>Ἰδοὺ,</span> <span class='ocrx_word' id='word_1_548' title='bbox 1163 3783 1317 3861; x_wconf 78' lang='grc' dir='ltr'>φησὶ,</span> <span class='ocrx_word' id='word_1_549' title='bbox 1350 3784 1439 3839; x_wconf 87' lang='grc' dir='ltr'><strong>καὶ</strong></span> <span class='ocrx_word' id='word_1_550' title='bbox 1483 3785 1510 3840; x_wconf 82' lang='grc' dir='ltr'>ὁ</span> <span class='ocrx_word' id='word_1_551' title='bbox 1555 3782 1670 3848; x_wconf 79' lang='grc' dir='ltr'>νέος</span> <span class='ocrx_word' id='word_1_552' title='bbox 1725 3783 1948 3848; x_wconf 72' lang='grc' dir='ltr'>ὕπατος.</span> 
     </span>
    </p>
   </div>
   <div class='ocr_carea' id='block_1_73' title="bbox 291 3871 1946 3953">
    <p class='ocr_par' dir='ltr' id='par_1_73' title="bbox 291 3871 1946 3953">
     <span class='ocr_line' id='line_1_73' title="bbox 291 3871 1946 3953; baseline 0.002 -25"><span class='ocrx_word' id='word_1_553' title='bbox 291 3877 472 3932; x_wconf 82' lang='grc' dir='ltr'>Ταῦτα</span> <span class='ocrx_word' id='word_1_554' title='bbox 548 3871 675 3953; x_wconf 74' lang='grc' dir='ltr'>ἔφη,</span> <span class='ocrx_word' id='word_1_555' title='bbox 737 3873 822 3929; x_wconf 69' lang='grc' dir='ltr'><strong>καὶ</strong></span> <span class='ocrx_word' id='word_1_556' title='bbox 894 3873 1041 3936; x_wconf 73' lang='grc' dir='ltr'>εὐθὺς</span> <span class='ocrx_word' id='word_1_557' title='bbox 1122 3872 1374 3930; x_wconf 82' lang='grc' dir='ltr'>ἀπώνατο</span> <span class='ocrx_word' id='word_1_558' title='bbox 1448 3883 1542 3932; x_wconf 78' lang='grc' dir='ltr'>τοῦ</span> <span class='ocrx_word' id='word_1_559' title='bbox 1609 3871 1946 3952; x_wconf 78' lang='grc' dir='ltr'>ληρήματος.</span> 
     </span>
    </p>
   </div>
   <div class='ocr_carea' id='block_1_74' title="bbox 293 3961 1942 4042">
    <p class='ocr_par' dir='ltr' id='par_1_74' title="bbox 293 3961 1942 4042">
     <span class='ocr_line' id='line_1_74' title="bbox 293 3961 1942 4042; baseline 0.002 -25"><span class='ocrx_word' id='word_1_560' title='bbox 293 3962 649 4042; x_wconf 73' lang='grc' dir='ltr'>Κατενεχθεὶς</span> <span class='ocrx_word' id='word_1_561' title='bbox 731 3965 832 4040; x_wconf 80' lang='grc' dir='ltr'><strong>γαρ</strong></span> <span class='ocrx_word' id='word_1_562' title='bbox 884 3961 1099 4019; x_wconf 79' lang='grc' dir='ltr'>ἂκεῖθεν</span> <span class='ocrx_word' id='word_1_563' title='bbox 1151 3963 1334 4041; x_wconf 83' lang='grc' dir='ltr'>νεκρὸς</span> <span class='ocrx_word' id='word_1_564' title='bbox 1410 3963 1497 4019; x_wconf 77' lang='grc' dir='ltr'><strong>ἒπὶ</strong></span> <span class='ocrx_word' id='word_1_565' title='bbox 1567 3968 1668 4042; x_wconf 80' lang='grc' dir='ltr'>γῆς</span> <span class='ocrx_word' id='word_1_566' title='bbox 1749 3965 1942 4028; x_wconf 80' lang='grc' dir='ltr'>ἔκειτο.</span> 
     </span>
    </p>
   </div>
   <div class='ocr_carea' id='block_1_75' title="bbox 2039 3507 3690 3593">
    <p class='ocr_par' dir='ltr' id='par_1_75' title="bbox 2039 3507 3690 3593">
     <span class='ocr_line' id='line_1_75' title="bbox 2039 3507 3690 3593; baseline -0.002 -19"><span class='ocrx_word' id='word_1_567' title='bbox 2039 3531 2155 3593; x_wconf 90' lang='lat' dir='ltr'><strong>quo</strong></span> <span class='ocrx_word' id='word_1_568' title='bbox 2179 3521 2307 3575; x_wconf 90' lang='lat' dir='ltr'><strong>erat</strong></span> <span class='ocrx_word' id='word_1_569' title='bbox 2325 3513 2674 3593; x_wconf 88' lang='lat' dir='ltr'><strong>imperator,</strong></span> <span class='ocrx_word' id='word_1_570' title='bbox 2703 3511 2812 3572; x_wconf 87' lang='lat' dir='ltr'><strong>fuit</strong></span> <span class='ocrx_word' id='word_1_571' title='bbox 2838 3528 3024 3592; x_wconf 88' lang='lat' dir='ltr'><strong>prope</strong></span> <span class='ocrx_word' id='word_1_572' title='bbox 3055 3511 3274 3590; x_wconf 87' lang='lat' dir='ltr'><strong>palatia</strong></span> <span class='ocrx_word' id='word_1_573' title='bbox 3303 3507 3579 3588; x_wconf 88' lang='lat' dir='ltr'><strong>Septimi,</strong></span> <span class='ocrx_word' id='word_1_574' title='bbox 3600 3513 3690 3570; x_wconf 88' lang='lat' dir='ltr'><strong>vir</strong></span> 
     </span>
    </p>
   </div>
   <div class='ocr_carea' id='block_1_76' title="bbox 2037 3600 3690 3683">
    <p class='ocr_par' dir='ltr' id='par_1_76' title="bbox 2037 3600 3690 3683">
     <span class='ocr_line' id='line_1_76' title="bbox 2037 3600 3690 3683; baseline -0.003 -19"><span class='ocrx_word' id='word_1_575' title='bbox 2037 3602 2276 3683; x_wconf 88' lang='lat' dir='ltr'><strong>quidam</strong></span> <span class='ocrx_word' id='word_1_576' title='bbox 2313 3603 2568 3665; x_wconf 79' lang='lat' dir='ltr'><strong>Gotthus</strong></span> <span class='ocrx_word' id='word_1_577' title='bbox 2611 3617 2857 3681; x_wconf 80' lang='lat' dir='ltr'><strong>genere,</strong></span> <span class='ocrx_word' id='word_1_578' title='bbox 2889 3602 3150 3680; x_wconf 87' lang='lat' dir='ltr'><strong>desuper</strong></span> <span class='ocrx_word' id='word_1_579' title='bbox 3177 3600 3552 3680; x_wconf 84' lang='lat' dir='ltr'><strong>prospiciens</strong></span> <span class='ocrx_word' id='word_1_580' title='bbox 3580 3615 3690 3678; x_wconf 88' lang='lat' dir='ltr'><strong>per</strong></span> 
     </span>
    </p>
   </div>
   <div class='ocr_carea' id='block_1_77' title="bbox 2035 3689 3688 3769">
    <p class='ocr_par' dir='ltr' id='par_1_77' title="bbox 2035 3689 3688 3769">
     <span class='ocr_line' id='line_1_77' title="bbox 2035 3689 3688 3769; baseline -0.002 -17"><span class='ocrx_word' id='word_1_581' title='bbox 2035 3696 2382 3769; x_wconf 79' lang='lat' dir='ltr'><strong>fenestram,</strong></span> <span class='ocrx_word' id='word_1_582' title='bbox 2404 3709 2539 3753; x_wconf 92' lang='lat' dir='ltr'><strong>cum</strong></span> <span class='ocrx_word' id='word_1_583' title='bbox 2566 3699 2837 3752; x_wconf 88' lang='lat' dir='ltr'><strong>sanctum</strong></span> <span class='ocrx_word' id='word_1_584' title='bbox 2860 3691 3102 3752; x_wconf 86' lang='lat' dir='ltr'><strong>vidisset</strong></span> <span class='ocrx_word' id='word_1_585' title='bbox 3117 3690 3205 3750; x_wconf 91' lang='lat' dir='ltr'><strong>sic</strong></span> <span class='ocrx_word' id='word_1_586' title='bbox 3225 3689 3442 3750; x_wconf 90' lang='lat' dir='ltr'><strong>deduci</strong></span> <span class='ocrx_word' id='word_1_587' title='bbox 3464 3697 3525 3750; x_wconf 90' lang='lat' dir='ltr'><strong>et</strong></span> <span class='ocrx_word' id='word_1_588' title='bbox 3543 3705 3688 3768; x_wconf 86' lang='lat' dir='ltr'><strong>por-</strong></span> 
     </span>
    </p>
   </div>
   <div class='ocr_carea' id='block_1_78' title="bbox 2037 3778 3684 3861">
    <p class='ocr_par' dir='ltr' id='par_1_78' title="bbox 2037 3778 3684 3861">
     <span class='ocr_line' id='line_1_78' title="bbox 2037 3778 3684 3861; baseline -0.002 -19"><span class='ocrx_word' id='word_1_589' title='bbox 2037 3784 2169 3858; x_wconf 91' lang='lat' dir='ltr'><strong>tari,</strong></span> <span class='ocrx_word' id='word_1_590' title='bbox 2205 3781 2338 3861; x_wconf 87' lang='lat' dir='ltr'><strong>ejus</strong></span> <span class='ocrx_word' id='word_1_591' title='bbox 2369 3782 2583 3842; x_wconf 89' lang='lat' dir='ltr'><strong>irridet</strong></span> <span class='ocrx_word' id='word_1_592' title='bbox 2613 3781 2952 3860; x_wconf 89' lang='lat' dir='ltr'><strong>mollitiem,</strong></span> <span class='ocrx_word' id='word_1_593' title='bbox 2985 3788 3045 3840; x_wconf 90' lang='lat' dir='ltr'><strong>et</strong></span> <span class='ocrx_word' id='word_1_594' title='bbox 3071 3779 3304 3840; x_wconf 88' lang='lat' dir='ltr'><strong>ironice</strong></span> <span class='ocrx_word' id='word_1_595' title='bbox 3333 3778 3633 3858; x_wconf 85' lang='lat' dir='ltr'><strong>eloquitur</strong></span> <span class='ocrx_word' id='word_1_596' title='bbox 3665 3798 3684 3838; x_wconf 86' lang='lat'><strong>:</strong></span> 
     </span>
    </p>
   </div>
   <div class='ocr_carea' id='block_1_79' title="bbox 2034 3866 3687 3952">
    <p class='ocr_par' dir='ltr' id='par_1_79' title="bbox 2034 3866 3687 3952">
     <span class='ocr_line' id='line_1_79' title="bbox 2034 3866 3687 3952; baseline -0.002 -20"><span class='ocrx_word' id='word_1_597' title='bbox 2034 3870 2212 3946; x_wconf 89' lang='lat' dir='ltr'><strong>Ecce,</strong></span> <span class='ocrx_word' id='word_1_598' title='bbox 2241 3871 2458 3952; x_wconf 83' lang='lat' dir='ltr'><strong>inquit,</strong></span> <span class='ocrx_word' id='word_1_599' title='bbox 2490 3888 2676 3932; x_wconf 91' lang='lat' dir='ltr'><strong>novus</strong></span> <span class='ocrx_word' id='word_1_600' title='bbox 2725 3871 2958 3932; x_wconf 86' lang='lat' dir='ltr'><strong>consul.</strong></span> <span class='ocrx_word' id='word_1_601' title='bbox 2989 3868 3133 3930; x_wconf 71' lang='lat' dir='ltr'><strong>Haec</strong></span> <span class='ocrx_word' id='word_1_602' title='bbox 3164 3867 3336 3943; x_wconf 77' lang='lat' dir='ltr'><strong>dixit,</strong></span> <span class='ocrx_word' id='word_1_603' title='bbox 3371 3878 3432 3929; x_wconf 89' lang='lat' dir='ltr'><strong>et</strong></span> <span class='ocrx_word' id='word_1_604' title='bbox 3484 3866 3687 3929; x_wconf 86' lang='lat' dir='ltr'><strong>statim</strong></span> 
     </span>
    </p>
   </div>
   <div class='ocr_carea' id='block_1_80' title="bbox 2032 3955 3684 4042">
    <p class='ocr_par' dir='ltr' id='par_1_80' title="bbox 2032 3955 3684 4042">
     <span class='ocr_line' id='line_1_80' title="bbox 2032 3955 3684 4042; baseline -0.002 -20"><span class='ocrx_word' id='word_1_605' title='bbox 2032 3962 2265 4042; x_wconf 90' lang='lat' dir='ltr'><strong>accepit</strong></span> <span class='ocrx_word' id='word_1_606' title='bbox 2286 3962 2541 4023; x_wconf 87' lang='lat' dir='ltr'><strong>fructum</strong></span> <span class='ocrx_word' id='word_1_607' title='bbox 2565 3979 2807 4023; x_wconf 81' lang='lat' dir='ltr'><strong>suarum</strong></span> <span class='ocrx_word' id='word_1_608' title='bbox 2833 3976 3149 4039; x_wconf 81' lang='lat' dir='ltr'><strong>nugarum;</strong></span> <span class='ocrx_word' id='word_1_609' title='bbox 3181 3958 3350 4018; x_wconf 90' lang='lat' dir='ltr'><strong>illinc</strong></span> <span class='ocrx_word' id='word_1_610' title='bbox 3380 3955 3540 4018; x_wconf 87' lang='lat' dir='ltr'><strong>enim</strong></span> <span class='ocrx_word' id='word_1_611' title='bbox 3572 3957 3684 4018; x_wconf 86' lang='lat' dir='ltr'><strong>de-</strong></span> 
     </span>
    </p>
   </div>
   <div class='ocr_carea' id='block_1_81' title="bbox 290 4041 1944 4134">
    <p class='ocr_par' dir='ltr' id='par_1_81' title="bbox 290 4041 1944 4134">
     <span class='ocr_line' id='line_1_81' title="bbox 290 4041 1944 4134; baseline 0.001 -27"><span class='ocrx_word' id='word_1_612' title='bbox 290 4041 489 4127; x_wconf 67' lang='grc' dir='ltr'>Ὀρῶσι</span> <span class='ocrx_word' id='word_1_613' title='bbox 565 4052 626 4106; x_wconf 85' lang='grc' dir='ltr'>τὸ</span> <span class='ocrx_word' id='word_1_614' title='bbox 683 4051 902 4130; x_wconf 76' lang='grc' dir='ltr'>γεγονὸς</span> <span class='ocrx_word' id='word_1_615' title='bbox 955 4053 1002 4108; x_wconf 73' lang='grc' dir='ltr'>οἱ</span> <span class='ocrx_word' id='word_1_616' title='bbox 1076 4041 1589 4134; x_wconf 52' lang='grc' dir='ltr'>σωματοφύλακες,</span> <span class='ocrx_word' id='word_1_617' title='bbox 1620 4054 1706 4110; x_wconf 82' lang='grc' dir='ltr'><strong>καὶ</strong></span> <span class='ocrx_word' id='word_1_618' title='bbox 1776 4054 1944 4122; x_wconf 81' lang='grc' dir='ltr'>λύπης</span> 
     </span>
    </p>
   </div>
   <div class='ocr_carea' id='block_1_82' title="bbox 2031 4041 3688 4134">
    <p class='ocr_par' dir='ltr' id='par_1_82' title="bbox 2037 4041 3688 4132">
     <span class='ocr_line' id='line_1_82' title="bbox 2037 4041 3688 4132; baseline -0.003 -20"><span class='ocrx_word' id='word_1_619' title='bbox 2037 4041 2327 4132; x_wconf 85' lang='lat' dir='ltr'><strong>turbatus,</strong></span> <span class='ocrx_word' id='word_1_620' title='bbox 2354 4051 2520 4112; x_wconf 87' lang='lat' dir='ltr'><strong>humi</strong></span> <span class='ocrx_word' id='word_1_621' title='bbox 2544 4051 2786 4130; x_wconf 86' lang='lat' dir='ltr'><strong>jacebat</strong></span> <span class='ocrx_word' id='word_1_622' title='bbox 2839 4061 3128 4112; x_wconf 86' lang='lat' dir='ltr'><strong>mortuus.</strong></span> <span class='ocrx_word' id='word_1_623' title='bbox 3162 4049 3382 4109; x_wconf 88' lang='lat' dir='ltr'><strong>Vident</strong></span> <span class='ocrx_word' id='word_1_624' title='bbox 3406 4047 3565 4127; x_wconf 84' lang='lat' dir='ltr'><strong>quod</strong></span> <span class='ocrx_word' id='word_1_625' title='bbox 3597 4046 3688 4108; x_wconf 86' lang='lat' dir='ltr'><strong>fa-</strong></span> 
     </span>
    </p>
   </div>
   <div class='ocr_carea' id='block_1_83' title="bbox 288 4137 1944 4219">
    <p class='ocr_par' dir='ltr' id='par_1_83' title="bbox 288 4138 1944 4219">
     <span class='ocr_line' id='line_1_83' title="bbox 288 4138 1944 4219; baseline 0.003 -24"><span class='ocrx_word' id='word_1_626' title='bbox 288 4140 403 4216; x_wconf 75' lang='grc' dir='ltr'><strong>ἅμα</strong></span> <span class='ocrx_word' id='word_1_627' title='bbox 455 4140 544 4196; x_wconf 83' lang='grc' dir='ltr'><strong>καὶ</strong></span> <span class='ocrx_word' id='word_1_628' title='bbox 604 4138 775 4219; x_wconf 79' lang='grc' dir='ltr'>ὀργῆς</span> <span class='ocrx_word' id='word_1_629' title='bbox 829 4139 1229 4217; x_wconf 87' lang='grc' dir='ltr'>πληρωθέντες,</span> <span class='ocrx_word' id='word_1_630' title='bbox 1275 4140 1454 4205; x_wconf 77' lang='grc' dir='ltr'>ἄλλως</span> <span class='ocrx_word' id='word_1_631' title='bbox 1511 4163 1570 4198; x_wconf 90' lang='grc' dir='ltr'><strong>τε</strong></span> <span class='ocrx_word' id='word_1_632' title='bbox 1613 4142 1668 4198; x_wconf 79' lang='grc' dir='ltr'>δὲ</span> <span class='ocrx_word' id='word_1_633' title='bbox 1714 4145 1804 4200; x_wconf 76' lang='grc' dir='ltr'>καὶ</span> <span class='ocrx_word' id='word_1_634' title='bbox 1844 4142 1944 4200; x_wconf 85' lang='grc' dir='ltr'>δέει</span> 
     </span>
    </p>
   </div>
   <div class='ocr_carea' id='block_1_84' title="bbox 2031 4137 3686 4219">
    <p class='ocr_par' dir='ltr' id='par_1_84' title="bbox 2034 4137 3686 4216">
     <span class='ocr_line' id='line_1_84' title="bbox 2034 4137 3686 4216; baseline -0.002 -14"><span class='ocrx_word' id='word_1_635' title='bbox 2034 4151 2199 4204; x_wconf 89' lang='lat' dir='ltr'><strong>ctum</strong></span> <span class='ocrx_word' id='word_1_636' title='bbox 2252 4142 2448 4203; x_wconf 88' lang='lat' dir='ltr'><strong>fuerat</strong></span> <span class='ocrx_word' id='word_1_637' title='bbox 2475 4143 2785 4216; x_wconf 88' lang='lat' dir='ltr'><strong>satellites,</strong></span> <span class='ocrx_word' id='word_1_638' title='bbox 2819 4151 2882 4202; x_wconf 93' lang='lat' dir='ltr'><strong>et</strong></span> <span class='ocrx_word' id='word_1_639' title='bbox 2941 4139 3148 4200; x_wconf 89' lang='lat' dir='ltr'><strong>dolore</strong></span> <span class='ocrx_word' id='word_1_640' title='bbox 3177 4137 3438 4199; x_wconf 71' lang='lat' dir='ltr'><strong>simulet</strong></span> <span class='ocrx_word' id='word_1_641' title='bbox 3467 4154 3554 4197; x_wconf 81' lang='lat' dir='ltr'><strong>ira</strong></span> <span class='ocrx_word' id='word_1_642' title='bbox 3583 4154 3686 4198; x_wconf 90' lang='lat' dir='ltr'><strong>re-</strong></span> 
     </span>
    </p>
   </div>
   <div class='ocr_carea' id='block_1_85' title="bbox 289 4226 1944 4312">
    <p class='ocr_par' dir='ltr' id='par_1_85' title="bbox 289 4227 1944 4312">
     <span class='ocr_line' id='line_1_85' title="bbox 289 4227 1944 4312; baseline 0.003 -26"><span class='ocrx_word' id='word_1_643' title='bbox 289 4227 705 4310; x_wconf 77' lang='grc' dir='ltr'>περιληφθέντες</span> <span class='ocrx_word' id='word_1_644' title='bbox 776 4231 908 4305; x_wconf 79' lang='grc' dir='ltr'>μήτι</span> <span class='ocrx_word' id='word_1_645' title='bbox 966 4231 1054 4286; x_wconf 83' lang='grc' dir='ltr'><strong>καὶ</strong></span> <span class='ocrx_word' id='word_1_646' title='bbox 1111 4229 1290 4307; x_wconf 86' lang='grc' dir='ltr'>ἓτερος</span> <span class='ocrx_word' id='word_1_647' title='bbox 1346 4237 1453 4286; x_wconf 90' lang='grc' dir='ltr'><strong>τῶν</strong></span> <span class='ocrx_word' id='word_1_648' title='bbox 1510 4234 1630 4312; x_wconf 85' lang='grc' dir='ltr'>περὶ</span> <span class='ocrx_word' id='word_1_649' title='bbox 1673 4236 1858 4300; x_wconf 79' lang='grc' dir='ltr'>αὐτοὺς</span> <span class='ocrx_word' id='word_1_650' title='bbox 1915 4234 1944 4303; x_wconf 76' lang='grc' dir='ltr'>ἢ</span> 
     </span>
    </p>
   </div>
   <div class='ocr_carea' id='block_1_86' title="bbox 2031 4226 3689 4312">
    <p class='ocr_par' dir='ltr' id='par_1_86' title="bbox 2033 4226 3689 4312">
     <span class='ocr_line' id='line_1_86' title="bbox 2033 4226 3689 4312; baseline -0.002 -19"><span class='ocrx_word' id='word_1_651' title='bbox 2033 4232 2199 4312; x_wconf 89' lang='lat' dir='ltr'><strong>pleti,</strong></span> <span class='ocrx_word' id='word_1_652' title='bbox 2234 4241 2293 4292; x_wconf 90' lang='lat' dir='ltr'><strong>et</strong></span> <span class='ocrx_word' id='word_1_653' title='bbox 2340 4232 2558 4311; x_wconf 89' lang='lat' dir='ltr'><strong>alioqui</strong></span> <span class='ocrx_word' id='word_1_654' title='bbox 2594 4233 2806 4292; x_wconf 81' lang='lat' dir='ltr'><strong>timore</strong></span> <span class='ocrx_word' id='word_1_655' title='bbox 2855 4228 3140 4309; x_wconf 86' lang='lat' dir='ltr'><strong>correpti,</strong></span> <span class='ocrx_word' id='word_1_656' title='bbox 3175 4243 3252 4289; x_wconf 91' lang='lat' dir='ltr'><strong>ne</strong></span> <span class='ocrx_word' id='word_1_657' title='bbox 3294 4227 3384 4287; x_wconf 91' lang='lat' dir='ltr'><strong>vel</strong></span> <span class='ocrx_word' id='word_1_658' title='bbox 3415 4226 3567 4288; x_wconf 89' lang='lat' dir='ltr'><strong>alius</strong></span> <span class='ocrx_word' id='word_1_659' title='bbox 3615 4244 3689 4289; x_wconf 80' lang='lat' dir='ltr'><strong>ex</strong></span> 
     </span>
    </p>
   </div>
   <div class='ocr_carea' id='block_1_87' title="bbox 290 4316 1944 4403">
    <p class='ocr_par' dir='ltr' id='par_1_87' title="bbox 290 4318 1944 4403">
     <span class='ocr_line' id='line_1_87' title="bbox 290 4318 1944 4403; baseline 0.002 -28"><span class='ocrx_word' id='word_1_660' title='bbox 290 4320 450 4382; x_wconf 73' lang='grc' dir='ltr'>αὐτὸς</span> <span class='ocrx_word' id='word_1_661' title='bbox 508 4318 756 4395; x_wconf 87' lang='grc' dir='ltr'>βασιλεὺς</span> <span class='ocrx_word' id='word_1_662' title='bbox 787 4318 974 4396; x_wconf 83' lang='grc' dir='ltr'>ὅμοιόν</span> <span class='ocrx_word' id='word_1_663' title='bbox 1020 4340 1072 4376; x_wconf 87' lang='grc' dir='ltr'><strong>τι</strong></span> <span class='ocrx_word' id='word_1_664' title='bbox 1105 4322 1236 4399; x_wconf 87' lang='grc' dir='ltr'>πρὸς</span> <span class='ocrx_word' id='word_1_665' title='bbox 1288 4321 1379 4376; x_wconf 84' lang='grc' dir='ltr'>τὸν</span> <span class='ocrx_word' id='word_1_666' title='bbox 1408 4321 1580 4401; x_wconf 76' lang='grc' dir='ltr'>μέγαν</span> <span class='ocrx_word' id='word_1_667' title='bbox 1639 4327 1944 4403; x_wconf 74' lang='grc' dir='ltr'>παραφθεγ-</span> 
     </span>
    </p>
   </div>
   <div class='ocr_carea' id='block_1_88' title="bbox 2031 4316 3686 4403">
    <p class='ocr_par' dir='ltr' id='par_1_88' title="bbox 2035 4316 3686 4401">
     <span class='ocr_line' id='line_1_88' title="bbox 2035 4316 3686 4401; baseline -0.005 -17"><span class='ocrx_word' id='word_1_668' title='bbox 2035 4323 2181 4397; x_wconf 89' lang='lat' dir='ltr'><strong>suis,</strong></span> <span class='ocrx_word' id='word_1_669' title='bbox 2207 4322 2298 4382; x_wconf 85' lang='lat' dir='ltr'><strong>vel</strong></span> <span class='ocrx_word' id='word_1_670' title='bbox 2329 4322 2457 4401; x_wconf 87' lang='lat' dir='ltr'><strong>ipse</strong></span> <span class='ocrx_word' id='word_1_671' title='bbox 2487 4326 2812 4401; x_wconf 88' lang='lat' dir='ltr'><strong>imperator</strong></span> <span class='ocrx_word' id='word_1_672' title='bbox 2842 4318 3040 4380; x_wconf 87' lang='lat' dir='ltr'><strong>simile</strong></span> <span class='ocrx_word' id='word_1_673' title='bbox 3070 4318 3212 4398; x_wconf 90' lang='lat' dir='ltr'><strong>quid</strong></span> <span class='ocrx_word' id='word_1_674' title='bbox 3237 4316 3524 4379; x_wconf 87' lang='lat' dir='ltr'><strong>adversus</strong></span> <span class='ocrx_word' id='word_1_675' title='bbox 3554 4333 3686 4377; x_wconf 83' lang='lat' dir='ltr'><strong>ma-</strong></span> 
     </span>
    </p>
   </div>
   <div class='ocr_carea' id='block_1_89' title="bbox 290 4406 1944 4492">
    <p class='ocr_par' dir='ltr' id='par_1_89' title="bbox 290 4408 1944 4490">
     <span class='ocr_line' id='line_1_89' title="bbox 290 4408 1944 4490; baseline 0.004 -26"><span class='ocrx_word' id='word_1_676' title='bbox 290 4408 520 4484; x_wconf 78' lang='grc' dir='ltr'>ξάμενος</span> <span class='ocrx_word' id='word_1_677' title='bbox 572 4408 694 4473; x_wconf 74' lang='grc' dir='ltr'>τοῖς</span> <span class='ocrx_word' id='word_1_678' title='bbox 764 4410 922 4466; x_wconf 74' lang='grc' dir='ltr'>αὐτοῦ</span> <span class='ocrx_word' id='word_1_679' title='bbox 981 4411 1281 4490; x_wconf 76' lang='grc' dir='ltr'>περιπέσοι,</span> <span class='ocrx_word' id='word_1_680' title='bbox 1331 4413 1425 4469; x_wconf 80' lang='grc' dir='ltr'>οὐκ</span> <span class='ocrx_word' id='word_1_681' title='bbox 1479 4413 1609 4469; x_wconf 79' lang='grc' dir='ltr'>εἴων</span> <span class='ocrx_word' id='word_1_682' title='bbox 1671 4413 1806 4470; x_wconf 87' lang='grc' dir='ltr'>εἴσω</span> <span class='ocrx_word' id='word_1_683' title='bbox 1861 4418 1944 4470; x_wconf 74' lang='grc' dir='ltr'>τὸν</span> 
     </span>
    </p>
   </div>
   <div class='ocr_carea' id='block_1_90' title="bbox 2031 4406 3688 4492">
    <p class='ocr_par' dir='ltr' id='par_1_90' title="bbox 2035 4406 3688 4492">
     <span class='ocr_line' id='line_1_90' title="bbox 2035 4406 3688 4492; baseline -0.004 -18"><span class='ocrx_word' id='word_1_684' title='bbox 2035 4429 2215 4492; x_wconf 86' lang='lat' dir='ltr'><strong>gnum</strong></span> <span class='ocrx_word' id='word_1_685' title='bbox 2239 4412 2412 4473; x_wconf 90' lang='lat' dir='ltr'><strong>illum</strong></span> <span class='ocrx_word' id='word_1_686' title='bbox 2437 4411 2694 4492; x_wconf 87' lang='lat' dir='ltr'><strong>locutus,</strong></span> <span class='ocrx_word' id='word_1_687' title='bbox 2717 4412 2780 4471; x_wconf 90' lang='lat' dir='ltr'><strong>in</strong></span> <span class='ocrx_word' id='word_1_688' title='bbox 2803 4409 3012 4472; x_wconf 89' lang='lat' dir='ltr'><strong>eadem</strong></span> <span class='ocrx_word' id='word_1_689' title='bbox 3035 4407 3352 4487; x_wconf 88' lang='lat' dir='ltr'><strong>incideret,</strong></span> <span class='ocrx_word' id='word_1_690' title='bbox 3381 4423 3501 4468; x_wconf 89' lang='lat' dir='ltr'><strong>non</strong></span> <span class='ocrx_word' id='word_1_691' title='bbox 3523 4406 3688 4468; x_wconf 77' lang='lat' dir='ltr'><strong>sine-</strong></span> 
     </span>
    </p>
   </div>
   <div class='ocr_carea' id='block_1_91' title="bbox 291 4493 1944 4581">
    <p class='ocr_par' dir='ltr' id='par_1_91' title="bbox 291 4493 1944 4579">
     <span class='ocr_line' id='line_1_91' title="bbox 291 4493 1944 4579; baseline 0.004 -24"><span class='ocrx_word' id='word_1_692' title='bbox 291 4498 443 4556; x_wconf 83' lang='grc' dir='ltr'>ὅσιον</span> <span class='ocrx_word' id='word_1_693' title='bbox 503 4505 755 4579; x_wconf 80' lang='grc' dir='ltr'>χωρῆσαι</span> <span class='ocrx_word' id='word_1_694' title='bbox 814 4502 921 4556; x_wconf 90' lang='grc' dir='ltr'><strong>τῶν</strong></span> <span class='ocrx_word' id='word_1_695' title='bbox 991 4498 1298 4576; x_wconf 78' lang='grc' dir='ltr'>βασιλείων.</span> <span class='ocrx_word' id='word_1_696' title='bbox 1363 4493 1454 4566; x_wconf 69' lang='grc' dir='ltr'>Ὠς</span> <span class='ocrx_word' id='word_1_697' title='bbox 1509 4501 1564 4557; x_wconf 79' lang='grc' dir='ltr'>δὲ</span> <span class='ocrx_word' id='word_1_698' title='bbox 1634 4505 1722 4560; x_wconf 80' lang='grc' dir='ltr'><strong>καὶ</strong></span> <span class='ocrx_word' id='word_1_699' title='bbox 1777 4502 1944 4560; x_wconf 84' lang='grc' dir='ltr'>πολλᾶ</span> 
     </span>
    </p>
   </div>
   <div class='ocr_carea' id='block_1_92' title="bbox 2031 4493 3688 4581">
    <p class='ocr_par' dir='ltr' id='par_1_92' title="bbox 2036 4496 3688 4581">
     <span class='ocr_line' id='line_1_92' title="bbox 2036 4496 3688 4581; baseline -0.004 -17"><span class='ocrx_word' id='word_1_700' title='bbox 2036 4506 2178 4564; x_wconf 87' lang='lat' dir='ltr'><strong>bant</strong></span> <span class='ocrx_word' id='word_1_701' title='bbox 2229 4513 2501 4564; x_wconf 90' lang='lat' dir='ltr'><strong>sanctum</strong></span> <span class='ocrx_word' id='word_1_702' title='bbox 2532 4502 2765 4581; x_wconf 85' lang='lat' dir='ltr'><strong>ingredi</strong></span> <span class='ocrx_word' id='word_1_703' title='bbox 2811 4501 3060 4578; x_wconf 82' lang='lat' dir='ltr'><strong>regiam.</strong></span> <span class='ocrx_word' id='word_1_704' title='bbox 3114 4501 3263 4561; x_wconf 86' lang='lat' dir='ltr'><strong>Cum</strong></span> <span class='ocrx_word' id='word_1_705' title='bbox 3301 4515 3440 4558; x_wconf 60' lang='lat' dir='ltr'><strong>vero.</strong></span> <span class='ocrx_word' id='word_1_706' title='bbox 3485 4497 3560 4558; x_wconf 84' lang='lat' dir='ltr'><strong>iis</strong></span> <span class='ocrx_word' id='word_1_707' title='bbox 3589 4496 3688 4577; x_wconf 87' lang='lat' dir='ltr'><strong>qui</strong></span> 
     </span>
    </p>
   </div>
   <div class='ocr_carea' id='block_1_93' title="bbox 291 4589 1944 4670">
    <p class='ocr_par' dir='ltr' id='par_1_93' title="bbox 291 4589 1944 4670">
     <span class='ocr_line' id='line_1_93' title="bbox 291 4589 1944 4670; baseline 0.002 -24"><span class='ocrx_word' id='word_1_708' title='bbox 291 4589 644 4669; x_wconf 79' lang='grc' dir='ltr'>πειρωμένων</span> <span class='ocrx_word' id='word_1_709' title='bbox 714 4593 822 4646; x_wconf 87' lang='grc' dir='ltr'><strong>τῶν</strong></span> <span class='ocrx_word' id='word_1_710' title='bbox 894 4590 988 4648; x_wconf 84' lang='grc' dir='ltr'>σὺν</span> <span class='ocrx_word' id='word_1_711' title='bbox 1045 4596 1189 4664; x_wconf 68' lang='grc' dir='ltr'>αὐτῷ</span> <span class='ocrx_word' id='word_1_712' title='bbox 1271 4589 1635 4670; x_wconf 81' lang='grc' dir='ltr'>παρεισδῦναι,</span> <span class='ocrx_word' id='word_1_713' title='bbox 1682 4592 1860 4658; x_wconf 75' lang='grc' dir='ltr'>ἄλλως</span> <span class='ocrx_word' id='word_1_714' title='bbox 1917 4597 1944 4662; x_wconf 74' lang='grc' dir='ltr'>ἡ</span> 
     </span>
    </p>
   </div>
   <div class='ocr_carea' id='block_1_94' title="bbox 2031 4589 3693 4670">
    <p class='ocr_par' dir='ltr' id='par_1_94' title="bbox 2039 4589 3693 4670">
     <span class='ocr_line' id='line_1_94' title="bbox 2039 4589 3693 4670; baseline -0.004 -16"><span class='ocrx_word' id='word_1_715' title='bbox 2039 4611 2173 4655; x_wconf 92' lang='lat' dir='ltr'><strong>cum</strong></span> <span class='ocrx_word' id='word_1_716' title='bbox 2208 4610 2280 4654; x_wconf 91' lang='lat' dir='ltr'><strong>eo</strong></span> <span class='ocrx_word' id='word_1_717' title='bbox 2312 4601 2504 4670; x_wconf 87' lang='lat' dir='ltr'><strong>erant,</strong></span> <span class='ocrx_word' id='word_1_718' title='bbox 2539 4591 2895 4653; x_wconf 85' lang='lat' dir='ltr'><strong>conantibus</strong></span> <span class='ocrx_word' id='word_1_719' title='bbox 2937 4592 3193 4670; x_wconf 84' lang='lat' dir='ltr'><strong>ingredi,</strong></span> <span class='ocrx_word' id='word_1_720' title='bbox 3227 4589 3449 4668; x_wconf 89' lang='lat' dir='ltr'><strong>alioqui</strong></span> <span class='ocrx_word' id='word_1_721' title='bbox 3480 4603 3693 4666; x_wconf 82' lang='lat' dir='ltr'><strong>magna</strong></span> 
     </span>
    </p>
   </div>
   <div class='ocr_carea' id='block_1_95' title="bbox 292 4677 1944 4762">
    <p class='ocr_par' dir='ltr' id='par_1_95' title="bbox 292 4677 1944 4762">
     <span class='ocr_line' id='line_1_95' title="bbox 292 4677 1944 4762; baseline 0.004 -28"><span class='ocrx_word' id='word_1_722' title='bbox 292 4677 528 4757; x_wconf 75' lang='grc' dir='ltr'>ὄχλησις</span> <span class='ocrx_word' id='word_1_723' title='bbox 596 4678 688 4761; x_wconf 76' lang='grc' dir='ltr'><strong>ἦν,</strong></span> <span class='ocrx_word' id='word_1_724' title='bbox 750 4682 872 4735; x_wconf 84' lang='grc' dir='ltr'>τότε</span> <span class='ocrx_word' id='word_1_725' title='bbox 943 4681 1031 4736; x_wconf 80' lang='grc' dir='ltr'>καὶ</span> <span class='ocrx_word' id='word_1_726' title='bbox 1087 4681 1180 4736; x_wconf 80' lang='grc' dir='ltr'>τὸν</span> <span class='ocrx_word' id='word_1_727' title='bbox 1260 4683 1534 4759; x_wconf 84' lang='grc' dir='ltr'>κονιορτὸν</span> <span class='ocrx_word' id='word_1_728' title='bbox 1592 4683 1944 4762; x_wconf 69' lang='grc' dir='ltr'><strong>εὐαγγελικῶτ1</strong></span> 
     </span>
    </p>
   </div>
   <div class='ocr_carea' id='block_1_96' title="bbox 2031 4677 3690 4762">
    <p class='ocr_par' dir='ltr' id='par_1_96' title="bbox 2042 4679 3690 4762">
     <span class='ocr_line' id='line_1_96' title="bbox 2042 4679 3690 4762; baseline -0.004 -18"><span class='ocrx_word' id='word_1_729' title='bbox 2042 4691 2169 4744; x_wconf 90' lang='lat' dir='ltr'><strong>erat</strong></span> <span class='ocrx_word' id='word_1_730' title='bbox 2190 4684 2582 4762; x_wconf 90' lang='lat' dir='ltr'><strong>perturbatio,</strong></span> <span class='ocrx_word' id='word_1_731' title='bbox 2610 4693 2751 4744; x_wconf 89' lang='lat' dir='ltr'><strong>tunc</strong></span> <span class='ocrx_word' id='word_1_732' title='bbox 2783 4699 2917 4744; x_wconf 92' lang='lat' dir='ltr'><strong>cum</strong></span> <span class='ocrx_word' id='word_1_733' title='bbox 2945 4681 3284 4759; x_wconf 71' lang='lat' dir='ltr'><strong>evangelise</strong></span> <span class='ocrx_word' id='word_1_734' title='bbox 3305 4679 3524 4759; x_wconf 83' lang='lat' dir='ltr'><strong>pedum</strong></span> <span class='ocrx_word' id='word_1_735' title='bbox 3547 4694 3690 4738; x_wconf 71' lang='lat' dir='ltr'><strong>suo-</strong></span> 
     </span>
    </p>
   </div>
   <div class='ocr_carea' id='block_1_97' title="bbox 291 4765 1944 4853">
    <p class='ocr_par' dir='ltr' id='par_1_97' title="bbox 291 4765 1944 4842">
     <span class='ocr_line' id='line_1_97' title="bbox 291 4765 1944 4842; baseline 0.003 -18"><span class='ocrx_word' id='word_1_736' title='bbox 291 4765 709 4834; x_wconf 81' lang='grc' dir='ltr'>ἀποτινάξασθαι</span> <span class='ocrx_word' id='word_1_737' title='bbox 761 4775 869 4825; x_wconf 89' lang='grc' dir='ltr'><strong>τῶν</strong></span> <span class='ocrx_word' id='word_1_738' title='bbox 928 4767 1107 4826; x_wconf 82' lang='grc' dir='ltr'>ποδῶν</span> <span class='ocrx_word' id='word_1_739' title='bbox 1155 4769 1277 4835; x_wconf 79' lang='grc' dir='ltr'>τοὺς</span> <span class='ocrx_word' id='word_1_740' title='bbox 1333 4773 1453 4842; x_wconf 83' lang='grc' dir='ltr'>περὶ</span> <span class='ocrx_word' id='word_1_741' title='bbox 1511 4773 1669 4828; x_wconf 74' lang='grc' dir='ltr'>αὑτὸν</span> <span class='ocrx_word' id='word_1_742' title='bbox 1725 4777 1754 4828; x_wconf 83' lang='grc' dir='ltr'>ὁ</span> <span class='ocrx_word' id='word_1_743' title='bbox 1810 4773 1944 4837; x_wconf 75' lang='grc' dir='ltr'>ὅσιος</span> 
     </span>
    </p>
   </div>
   <div class='ocr_carea' id='block_1_98' title="bbox 2031 4765 3692 4853">
    <p class='ocr_par' dir='ltr' id='par_1_98' title="bbox 2037 4769 3692 4853">
     <span class='ocr_line' id='line_1_98' title="bbox 2037 4769 3692 4853; baseline -0.004 -19"><span class='ocrx_word' id='word_1_744' title='bbox 2037 4791 2171 4834; x_wconf 91' lang='lat' dir='ltr'><strong>rum</strong></span> <span class='ocrx_word' id='word_1_745' title='bbox 2205 4781 2487 4834; x_wconf 81' lang='lat' dir='ltr'><strong>excutere</strong></span> <span class='ocrx_word' id='word_1_746' title='bbox 2531 4773 2856 4853; x_wconf 85' lang='lat' dir='ltr'><strong>pulverem,</strong></span> <span class='ocrx_word' id='word_1_747' title='bbox 2893 4787 2998 4831; x_wconf 89' lang='lat' dir='ltr'><strong>eos</strong></span> <span class='ocrx_word' id='word_1_748' title='bbox 3039 4785 3302 4850; x_wconf 84' lang='lat' dir='ltr'><strong>quicum</strong></span> <span class='ocrx_word' id='word_1_749' title='bbox 3353 4769 3484 4846; x_wconf 89' lang='lat' dir='ltr'><strong>ipso</strong></span> <span class='ocrx_word' id='word_1_750' title='bbox 3521 4775 3692 4828; x_wconf 87' lang='lat' dir='ltr'><strong>erant</strong></span> 
     </span>
    </p>
   </div>
   <div class='ocr_carea' id='block_1_99' title="bbox 290 4857 1944 4942">
    <p class='ocr_par' dir='ltr' id='par_1_99' title="bbox 290 4857 1944 4939">
     <span class='ocr_line' id='line_1_99' title="bbox 290 4857 1944 4939; baseline 0.002 -23"><span class='ocrx_word' id='word_1_751' title='bbox 290 4857 640 4939; x_wconf 78' lang='grc' dir='ltr'>παραινέσας,</span> <span class='ocrx_word' id='word_1_752' title='bbox 701 4859 790 4919; x_wconf 81' lang='grc' dir='ltr'><strong>καὶ</strong></span> <span class='ocrx_word' id='word_1_753' title='bbox 859 4859 1017 4923; x_wconf 82' lang='grc' dir='ltr'>αὐτὸς</span> <span class='ocrx_word' id='word_1_754' title='bbox 1060 4863 1270 4938; x_wconf 85' lang='grc' dir='ltr'>πρῶτος</span> <span class='ocrx_word' id='word_1_755' title='bbox 1334 4860 1491 4917; x_wconf 76' lang='grc' dir='ltr'>τοῦτο</span> <span class='ocrx_word' id='word_1_756' title='bbox 1533 4865 1766 4932; x_wconf 72' lang='grc' dir='ltr'>ποιήσας</span> <span class='ocrx_word' id='word_1_757' title='bbox 1824 4863 1944 4919; x_wconf 73' lang='grc' dir='ltr'><strong>ἀνέ-</strong></span> 
     </span>
    </p>
   </div>
   <div class='ocr_carea' id='block_1_100' title="bbox 2031 4857 3693 4942">
    <p class='ocr_par' dir='ltr' id='par_1_100' title="bbox 2041 4859 3693 4942">
     <span class='ocr_line' id='line_1_100' title="bbox 2041 4859 3693 4942; baseline -0.004 -18"><span class='ocrx_word' id='word_1_758' title='bbox 2041 4863 2311 4924; x_wconf 84' lang='lat' dir='ltr'><strong>hortatus</strong></span> <span class='ocrx_word' id='word_1_759' title='bbox 2338 4872 2498 4924; x_wconf 83' lang='lat' dir='ltr'><strong>esset</strong></span> <span class='ocrx_word' id='word_1_760' title='bbox 2525 4871 2789 4942; x_wconf 79' lang='lat' dir='ltr'><strong>sanctus,</strong></span> <span class='ocrx_word' id='word_1_761' title='bbox 2814 4871 2871 4922; x_wconf 90' lang='lat' dir='ltr'><strong>et</strong></span> <span class='ocrx_word' id='word_1_762' title='bbox 2901 4862 3031 4940; x_wconf 90' lang='lat' dir='ltr'><strong>ipse</strong></span> <span class='ocrx_word' id='word_1_763' title='bbox 3060 4866 3174 4921; x_wconf 85' lang='lat' dir='ltr'><strong>hoc</strong></span> <span class='ocrx_word' id='word_1_764' title='bbox 3206 4859 3469 4931; x_wconf 82' lang='lat' dir='ltr'><strong>fecisset,</strong></span> <span class='ocrx_word' id='word_1_765' title='bbox 3491 4874 3693 4920; x_wconf 64' lang='lat' dir='ltr'><strong>rever~</strong></span> 
     </span>
    </p>
   </div>
   <div class='ocr_carea' id='block_1_101' title="bbox 290 4947 1944 5034">
    <p class='ocr_par' dir='ltr' id='par_1_101' title="bbox 290 4947 1944 5031">
     <span class='ocr_line' id='line_1_101' title="bbox 290 4947 1944 5031; baseline 0.002 -25"><span class='ocrx_word' id='word_1_766' title='bbox 290 4969 542 5028; x_wconf 74' lang='grc' dir='ltr'>στρεφιν.</span> <span class='ocrx_word' id='word_1_767' title='bbox 616 4950 690 5008; x_wconf 82' lang='grc' dir='ltr'><strong>Οὖ</strong></span> <span class='ocrx_word' id='word_1_768' title='bbox 740 4949 850 5026; x_wconf 76' lang='grc' dir='ltr'><strong>μὴν</strong></span> <span class='ocrx_word' id='word_1_769' title='bbox 915 4947 1032 5008; x_wconf 75' lang='grc' dir='ltr'>οὐδὲ</span> <span class='ocrx_word' id='word_1_770' title='bbox 1079 4947 1202 5006; x_wconf 75' lang='grc' dir='ltr'>τότε</span> <span class='ocrx_word' id='word_1_771' title='bbox 1257 4950 1429 5015; x_wconf 85' lang='grc' dir='ltr'>κενός·</span> <span class='ocrx_word' id='word_1_772' title='bbox 1467 4954 1656 5030; x_wconf 73' lang='grc' dir='ltr'>συχνοί</span> <span class='ocrx_word' id='word_1_773' title='bbox 1698 4955 1800 5031; x_wconf 82' lang='grc' dir='ltr'><strong>γὰρ</strong></span> <span class='ocrx_word' id='word_1_774' title='bbox 1849 4960 1944 5010; x_wconf 60' lang='grc' dir='ltr'><strong>τῶι</strong></span> 
     </span>
    </p>
   </div>
   <div class='ocr_carea' id='block_1_102' title="bbox 2031 4947 3693 5034">
    <p class='ocr_par' dir='ltr' id='par_1_102' title="bbox 2041 4948 3693 5034">
     <span class='ocr_line' id='line_1_102' title="bbox 2041 4948 3693 5034; baseline -0.004 -20"><span class='ocrx_word' id='word_1_775' title='bbox 2041 4972 2144 5014; x_wconf 91' lang='lat' dir='ltr'><strong>sus</strong></span> <span class='ocrx_word' id='word_1_776' title='bbox 2176 4964 2306 5033; x_wconf 85' lang='lat' dir='ltr'><strong>est;</strong></span> <span class='ocrx_word' id='word_1_777' title='bbox 2339 4956 2444 5014; x_wconf 88' lang='lat' dir='ltr'><strong>sed</strong></span> <span class='ocrx_word' id='word_1_778' title='bbox 2476 4971 2672 5034; x_wconf 90' lang='lat' dir='ltr'><strong>neque</strong></span> <span class='ocrx_word' id='word_1_779' title='bbox 2698 4959 2842 5014; x_wconf 85' lang='lat' dir='ltr'><strong>tunc</strong></span> <span class='ocrx_word' id='word_1_780' title='bbox 2869 4967 3108 5012; x_wconf 86' lang='lat' dir='ltr'><strong>vacuus.</strong></span> <span class='ocrx_word' id='word_1_781' title='bbox 3132 4950 3300 5010; x_wconf 83' lang='lat' dir='ltr'><strong>Multi</strong></span> <span class='ocrx_word' id='word_1_782' title='bbox 3332 4949 3492 5008; x_wconf 86' lang='lat' dir='ltr'><strong>enim</strong></span> <span class='ocrx_word' id='word_1_783' title='bbox 3525 4948 3693 5008; x_wconf 79' lang='lat' dir='ltr'><strong>mili-</strong></span> 
     </span>
    </p>
   </div>
   <div class='ocr_carea' id='block_1_103' title="bbox 293 5037 1944 5124">
    <p class='ocr_par' dir='ltr' id='par_1_103' title="bbox 293 5037 1944 5122">
     <span class='ocr_line' id='line_1_103' title="bbox 293 5037 1944 5122; baseline 0.002 -26"><span class='ocrx_word' id='word_1_784' title='bbox 293 5043 640 5118; x_wconf 83' lang='grc' dir='ltr'>στρατιωτῶν</span> <span class='ocrx_word' id='word_1_785' title='bbox 696 5040 783 5095; x_wconf 83' lang='grc' dir='ltr'><strong>καὶ</strong></span> <span class='ocrx_word' id='word_1_786' title='bbox 811 5039 975 5115; x_wconf 87' lang='grc' dir='ltr'>μόνον</span> <span class='ocrx_word' id='word_1_787' title='bbox 1019 5037 1113 5096; x_wconf 69' lang='grc' dir='ltr'>ἐπὶ</span> <span class='ocrx_word' id='word_1_788' title='bbox 1176 5040 1352 5117; x_wconf 81' lang='grc' dir='ltr'>βραχὺ</span> <span class='ocrx_word' id='word_1_789' title='bbox 1395 5049 1622 5120; x_wconf 71' lang='grc' dir='ltr'>φανέντα</span> <span class='ocrx_word' id='word_1_790' title='bbox 1670 5047 1764 5100; x_wconf 74' lang='grc' dir='ltr'>τοῦ</span> <span class='ocrx_word' id='word_1_791' title='bbox 1793 5043 1944 5122; x_wconf 70' lang='grc' dir='ltr'>ἄγγει</span> 
     </span>
    </p>
   </div>
   <div class='ocr_carea' id='block_1_104' title="bbox 2031 5037 3694 5124">
    <p class='ocr_par' dir='ltr' id='par_1_104' title="bbox 2045 5041 3694 5124">
     <span class='ocr_line' id='line_1_104' title="bbox 2045 5041 3694 5124; baseline -0.002 -20"><span class='ocrx_word' id='word_1_792' title='bbox 2045 5051 2157 5124; x_wconf 87' lang='lat' dir='ltr'><strong>tes,</strong></span> <span class='ocrx_word' id='word_1_793' title='bbox 2194 5045 2296 5124; x_wconf 88' lang='lat' dir='ltr'><strong>qui</strong></span> <span class='ocrx_word' id='word_1_794' title='bbox 2325 5061 2462 5105; x_wconf 89' lang='lat' dir='ltr'><strong>cum</strong></span> <span class='ocrx_word' id='word_1_795' title='bbox 2507 5061 2645 5106; x_wconf 86' lang='lat' dir='ltr'><strong>eum</strong></span> <span class='ocrx_word' id='word_1_796' title='bbox 2677 5059 2884 5123; x_wconf 85' lang='lat' dir='ltr'><strong>parum</strong></span> <span class='ocrx_word' id='word_1_797' title='bbox 2929 5043 3120 5102; x_wconf 90' lang='lat' dir='ltr'><strong>solum</strong></span> <span class='ocrx_word' id='word_1_798' title='bbox 3153 5041 3462 5114; x_wconf 79' lang='lat' dir='ltr'><strong>vidissent,</strong></span> <span class='ocrx_word' id='word_1_799' title='bbox 3495 5055 3694 5100; x_wconf 78' lang='lat' dir='ltr'><strong>mores</strong></span> 
     </span>
    </p>
   </div>
   <div class='ocr_carea' id='block_1_105' title="bbox 292 5126 1944 5215">
    <p class='ocr_par' dir='ltr' id='par_1_105' title="bbox 292 5126 1944 5210">
     <span class='ocr_line' id='line_1_105' title="bbox 292 5126 1944 5210; baseline 0.003 -25"><span class='ocrx_word' id='word_1_800' title='bbox 292 5126 452 5185; x_wconf 79' lang='grc' dir='ltr'>λικοῦ</span> <span class='ocrx_word' id='word_1_801' title='bbox 508 5129 707 5205; x_wconf 79' lang='grc' dir='ltr'>τρόπου</span> <span class='ocrx_word' id='word_1_802' title='bbox 736 5129 826 5185; x_wconf 78' lang='grc' dir='ltr'><strong>καὶ</strong></span> <span class='ocrx_word' id='word_1_803' title='bbox 884 5130 1170 5209; x_wconf 76' lang='grc' dir='ltr'>σχήματος</span> <span class='ocrx_word' id='word_1_804' title='bbox 1215 5129 1570 5210; x_wconf 78' lang='grc' dir='ltr'>ἐκπλαγέντες</span> <span class='ocrx_word' id='word_1_805' title='bbox 1606 5133 1764 5189; x_wconf 77' lang='grc' dir='ltr'>αὐτὸν</span> <span class='ocrx_word' id='word_1_806' title='bbox 1813 5135 1944 5196; x_wconf 66' lang='grc' dir='ltr'>εὐθὺς</span> 
     </span>
    </p>
   </div>
   <div class='ocr_carea' id='block_1_106' title="bbox 2031 5126 3694 5215">
    <p class='ocr_par' dir='ltr' id='par_1_106' title="bbox 2046 5129 3694 5215">
     <span class='ocr_line' id='line_1_106' title="bbox 2046 5129 3694 5215; baseline -0.004 -20"><span class='ocrx_word' id='word_1_807' title='bbox 2046 5142 2104 5195; x_wconf 90' lang='lat' dir='ltr'><strong>et</strong></span> <span class='ocrx_word' id='word_1_808' title='bbox 2134 5133 2396 5194; x_wconf 87' lang='lat' dir='ltr'><strong>habitum</strong></span> <span class='ocrx_word' id='word_1_809' title='bbox 2429 5135 2800 5215; x_wconf 87' lang='lat' dir='ltr'><strong>stupuissent</strong></span> <span class='ocrx_word' id='word_1_810' title='bbox 2842 5129 3272 5210; x_wconf 84' lang='lat' dir='ltr'><strong>evangelicum,</strong></span> <span class='ocrx_word' id='word_1_811' title='bbox 3302 5145 3442 5190; x_wconf 89' lang='lat' dir='ltr'><strong>eum</strong></span> <span class='ocrx_word' id='word_1_812' title='bbox 3489 5130 3694 5190; x_wconf 80' lang='lat' dir='ltr'><strong>statim</strong></span> 
     </span>
    </p>
   </div>
   <div class='ocr_carea' id='block_1_107' title="bbox 293 5218 1944 5304">
    <p class='ocr_par' dir='ltr' id='par_1_107' title="bbox 293 5218 1944 5299">
     <span class='ocr_line' id='line_1_107' title="bbox 293 5218 1944 5299; baseline 0.004 -23"><span class='ocrx_word' id='word_1_813' title='bbox 293 5221 371 5282; x_wconf 80' lang='grc' dir='ltr'><strong>ὡς</strong></span> <span class='ocrx_word' id='word_1_814' title='bbox 431 5218 600 5299; x_wconf 69' lang='grc' dir='ltr'>εἶχον</span> <span class='ocrx_word' id='word_1_815' title='bbox 673 5221 1003 5281; x_wconf 84' lang='grc' dir='ltr'>συνείποντο.</span> <span class='ocrx_word' id='word_1_816' title='bbox 1080 5218 1276 5298; x_wconf 76' lang='grc' dir='ltr'>Ἀμῄει</span> <span class='ocrx_word' id='word_1_817' title='bbox 1344 5223 1443 5298; x_wconf 78' lang='grc' dir='ltr'>μὲν</span> <span class='ocrx_word' id='word_1_818' title='bbox 1515 5221 1652 5282; x_wconf 59' lang='grc' dir='ltr'>οὕτω</span> <span class='ocrx_word' id='word_1_819' title='bbox 1707 5225 1808 5292; x_wconf 78' lang='grc' dir='ltr'>τὴν</span> <span class='ocrx_word' id='word_1_820' title='bbox 1876 5225 1944 5282; x_wconf 66' lang='grc' dir='ltr'>ξπ</span> 
     </span>
    </p>
   </div>
   <div class='ocr_carea' id='block_1_108' title="bbox 2031 5218 3694 5304">
    <p class='ocr_par' dir='ltr' id='par_1_108' title="bbox 2045 5221 3694 5304">
     <span class='ocr_line' id='line_1_108' title="bbox 2045 5221 3694 5304; baseline -0.003 -19"><span class='ocrx_word' id='word_1_821' title='bbox 2045 5232 2188 5286; x_wconf 88' lang='lat' dir='ltr'><strong>sunt</strong></span> <span class='ocrx_word' id='word_1_822' title='bbox 2234 5227 2562 5288; x_wconf 84' lang='lat' dir='ltr'><strong>consecuti.</strong></span> <span class='ocrx_word' id='word_1_823' title='bbox 2611 5223 2682 5286; x_wconf 86' lang='lat' dir='ltr'><strong>Et</strong></span> <span class='ocrx_word' id='word_1_824' title='bbox 2723 5225 2810 5286; x_wconf 89' lang='lat' dir='ltr'><strong>sic</strong></span> <span class='ocrx_word' id='word_1_825' title='bbox 2853 5223 3094 5304; x_wconf 90' lang='lat' dir='ltr'><strong>quidem</strong></span> <span class='ocrx_word' id='word_1_826' title='bbox 3142 5221 3301 5284; x_wconf 88' lang='lat' dir='ltr'><strong>vadit</strong></span> <span class='ocrx_word' id='word_1_827' title='bbox 3348 5221 3694 5301; x_wconf 74' lang='lat' dir='ltr'><strong>Byzantium</strong></span> 
     </span>
    </p>
   </div>
   <div class='ocr_carea' id='block_1_109' title="bbox 294 5308 1944 5390">
    <p class='ocr_par' dir='ltr' id='par_1_109' title="bbox 294 5308 1224 5390">
     <span class='ocr_line' id='line_1_109' title="bbox 294 5308 1224 5390; baseline 0.003 -23"><span class='ocrx_word' id='word_1_828' title='bbox 294 5309 558 5380; x_wconf 85' lang='grc' dir='ltr'>Βύζαντος</span> <span class='ocrx_word' id='word_1_829' title='bbox 592 5310 619 5366; x_wconf 86' lang='grc' dir='ltr'>ὁ</span> <span class='ocrx_word' id='word_1_830' title='bbox 641 5318 736 5368; x_wconf 77' lang='grc' dir='ltr'>τοῦ</span> <span class='ocrx_word' id='word_1_831' title='bbox 766 5315 900 5367; x_wconf 83' lang='grc' dir='ltr'>Θεοῦ</span> <span class='ocrx_word' id='word_1_832' title='bbox 927 5308 1224 5390; x_wconf 77' lang='grc' dir='ltr'>ἄνθρωπος.</span> 
     </span>
    </p>
   </div>
   <div class='ocr_carea' id='block_1_110' title="bbox 2031 5308 2380 5390">
    <p class='ocr_par' dir='ltr' id='par_1_110' title="bbox 2041 5312 2380 5379">
     <span class='ocr_line' id='line_1_110' title="bbox 2041 5312 2380 5379; baseline 0.009 -3"><span class='ocrx_word' id='word_1_833' title='bbox 2041 5315 2220 5376; x_wconf 91' lang='lat' dir='ltr'><strong>homo</strong></span> <span class='ocrx_word' id='word_1_834' title='bbox 2248 5312 2380 5379; x_wconf 91' lang='lat' dir='ltr'><strong>Dei.</strong></span> 
     </span>
    </p>
   </div>
   <div class='ocr_carea' id='block_1_111' title="bbox 380 5390 1944 5485">
    <p class='ocr_par' dir='ltr' id='par_1_111' title="bbox 380 5390 1944 5485">
     <span class='ocr_line' id='line_1_111' title="bbox 380 5390 1944 5485; baseline 0.004 -31"><span class='ocrx_word' id='word_1_835' title='bbox 380 5397 547 5472; x_wconf 62' lang='lat' dir='ltr'><strong>NQ&quot;.</strong></span> <span class='ocrx_word' id='word_1_836' title='bbox 594 5390 652 5456; x_wconf 69' lang='grc' dir='ltr'><strong>Ὀ</strong></span> <span class='ocrx_word' id='word_1_837' title='bbox 705 5397 762 5455; x_wconf 82' lang='grc' dir='ltr'>δὲ</span> <span class='ocrx_word' id='word_1_838' title='bbox 819 5406 1029 5478; x_wconf 87' lang='grc' dir='ltr'>κρατῶν</span> <span class='ocrx_word' id='word_1_839' title='bbox 1089 5397 1416 5470; x_wconf 83' lang='grc' dir='ltr'>δυσωπηθεὶς</span> <span class='ocrx_word' id='word_1_840' title='bbox 1477 5403 1656 5485; x_wconf 83' lang='grc' dir='ltr'>ὥσπερ</span> <span class='ocrx_word' id='word_1_841' title='bbox 1710 5405 1812 5473; x_wconf 78' lang='grc' dir='ltr'>τὴν</span> <span class='ocrx_word' id='word_1_842' title='bbox 1865 5408 1944 5464; x_wconf 70' lang='grc' dir='ltr'><strong>τοί</strong></span> 
     </span>
    </p>
   </div>
   <div class='ocr_carea' id='block_1_112' title="bbox 2031 5390 3692 5485">
    <p class='ocr_par' dir='ltr' id='par_1_112' title="bbox 2125 5401 3692 5485">
     <span class='ocr_line' id='line_1_112' title="bbox 2125 5401 3692 5485; baseline -0.002 -20"><span class='ocrx_word' id='word_1_843' title='bbox 2125 5401 2323 5465; x_wconf 77' lang='lat' dir='ltr'><strong>XLVI.</strong></span> <span class='ocrx_word' id='word_1_844' title='bbox 2356 5402 2692 5485; x_wconf 84' lang='lat' dir='ltr'><strong>imperator</strong></span> <span class='ocrx_word' id='word_1_845' title='bbox 2707 5415 2902 5469; x_wconf 87' lang='lat' dir='ltr'><strong>autem</strong></span> <span class='ocrx_word' id='word_1_846' title='bbox 2934 5403 3045 5468; x_wconf 87' lang='lat' dir='ltr'><strong>viri</strong></span> <span class='ocrx_word' id='word_1_847' title='bbox 3072 5403 3364 5466; x_wconf 89' lang='lat' dir='ltr'><strong>reveritus</strong></span> <span class='ocrx_word' id='word_1_848' title='bbox 3391 5401 3692 5478; x_wconf 87' lang='lat' dir='ltr'><strong>virtutem,</strong></span> 
     </span>
    </p>
   </div>
   <div class='ocr_carea' id='block_1_113' title="bbox 297 5485 1944 5579">
    <p class='ocr_par' dir='ltr' id='par_1_113' title="bbox 297 5485 1944 5579">
     <span class='ocr_line' id='line_1_113' title="bbox 297 5485 1944 5579; baseline 0.005 -35"><span class='ocrx_word' id='word_1_849' title='bbox 297 5485 488 5579; x_wconf 73' lang='grc' dir='ltr'>ἀνδρὸς</span> <span class='ocrx_word' id='word_1_850' title='bbox 549 5488 770 5579; x_wconf 74' lang='grc' dir='ltr'>ἀρετὴν,</span> <span class='ocrx_word' id='word_1_851' title='bbox 804 5492 892 5548; x_wconf 83' lang='grc' dir='ltr'>καὶ</span> <span class='ocrx_word' id='word_1_852' title='bbox 936 5487 1112 5556; x_wconf 84' lang='grc' dir='ltr'>δείσας</span> <span class='ocrx_word' id='word_1_853' title='bbox 1167 5492 1245 5568; x_wconf 80' lang='grc' dir='ltr'><strong>μή</strong></span> <span class='ocrx_word' id='word_1_854' title='bbox 1307 5513 1358 5549; x_wconf 90' lang='grc' dir='ltr'><strong>τι</strong></span> <span class='ocrx_word' id='word_1_855' title='bbox 1416 5496 1505 5552; x_wconf 81' lang='grc' dir='ltr'>καὶ</span> <span class='ocrx_word' id='word_1_856' title='bbox 1536 5497 1678 5570; x_wconf 72' lang='grc' dir='ltr'>αὐτῷ</span> <span class='ocrx_word' id='word_1_857' title='bbox 1720 5493 1944 5575; x_wconf 72' lang='grc' dir='ltr'>χαλεπὸι</span> 
     </span>
    </p>
   </div>
   <div class='ocr_carea' id='block_1_114' title="bbox 2031 5485 3697 5579">
    <p class='ocr_par' dir='ltr' id='par_1_114' title="bbox 2046 5493 3697 5579">
     <span class='ocr_line' id='line_1_114' title="bbox 2046 5493 3697 5579; baseline -0.004 -20"><span class='ocrx_word' id='word_1_858' title='bbox 2046 5503 2106 5559; x_wconf 89' lang='lat' dir='ltr'><strong>et</strong></span> <span class='ocrx_word' id='word_1_859' title='bbox 2135 5496 2366 5558; x_wconf 89' lang='lat' dir='ltr'><strong>veritus</strong></span> <span class='ocrx_word' id='word_1_860' title='bbox 2390 5514 2470 5558; x_wconf 76' lang='lat' dir='ltr'><strong>ne</strong></span> <span class='ocrx_word' id='word_1_861' title='bbox 2501 5499 2642 5578; x_wconf 88' lang='lat' dir='ltr'><strong>quid</strong></span> <span class='ocrx_word' id='word_1_862' title='bbox 2663 5500 2720 5559; x_wconf 90' lang='lat' dir='ltr'><strong>ei</strong></span> <span class='ocrx_word' id='word_1_863' title='bbox 2751 5517 2923 5579; x_wconf 83' lang='lat' dir='ltr'><strong>grave</strong></span> <span class='ocrx_word' id='word_1_864' title='bbox 2945 5497 3246 5560; x_wconf 87' lang='lat' dir='ltr'><strong>accideret</strong></span> <span class='ocrx_word' id='word_1_865' title='bbox 3261 5502 3510 5575; x_wconf 87' lang='lat' dir='ltr'><strong>propter</strong></span> <span class='ocrx_word' id='word_1_866' title='bbox 3534 5493 3697 5554; x_wconf 82' lang='lat' dir='ltr'><strong>illius</strong></span> 
     </span>
    </p>
   </div>
   <div class='ocr_carea' id='block_1_115' title="bbox 302 5577 1944 5672">
    <p class='ocr_par' dir='ltr' id='par_1_115' title="bbox 302 5577 1944 5672">
     <span class='ocr_line' id='line_1_115' title="bbox 302 5577 1944 5672; baseline 0.005 -37"><span class='ocrx_word' id='word_1_867' title='bbox 302 5577 520 5672; x_wconf 54' lang='grc' dir='ltr'>ἐπέλθοι</span> <span class='ocrx_word' id='word_1_868' title='bbox 591 5577 676 5639; x_wconf 78' lang='grc' dir='ltr'>διὰ</span> <span class='ocrx_word' id='word_1_869' title='bbox 733 5583 835 5649; x_wconf 73' lang='grc' dir='ltr'>τὴν</span> <span class='ocrx_word' id='word_1_870' title='bbox 890 5582 1040 5672; x_wconf 80' lang='grc' dir='ltr'>πρὸς</span> <span class='ocrx_word' id='word_1_871' title='bbox 1119 5581 1329 5672; x_wconf 74' lang='grc' dir='ltr'>ἐκεῖνον</span> <span class='ocrx_word' id='word_1_872' title='bbox 1395 5584 1707 5672; x_wconf 74' lang='grc' dir='ltr'>ὑπεροψίαν,</span> <span class='ocrx_word' id='word_1_873' title='bbox 1752 5587 1944 5666; x_wconf 68' lang='grc' dir='ltr'>πέμψω</span> 
     </span>
    </p>
   </div>
   <div class='ocr_carea' id='block_1_116' title="bbox 2031 5577 3700 5672">
    <p class='ocr_par' dir='ltr' id='par_1_116' title="bbox 2051 5577 3700 5672">
     <span class='ocr_line' id='line_1_116' title="bbox 2051 5577 3700 5672; baseline -0.003 -25"><span class='ocrx_word' id='word_1_874' title='bbox 2051 5577 2590 5672; x_wconf 84' lang='lat' dir='ltr'><strong>contemptionem,</strong></span> <span class='ocrx_word' id='word_1_875' title='bbox 2627 5577 2806 5652; x_wconf 80' lang='lat' dir='ltr'><strong>mittit</strong></span> <span class='ocrx_word' id='word_1_876' title='bbox 2852 5596 2926 5656; x_wconf 87' lang='lat' dir='ltr'><strong>ad</strong></span> <span class='ocrx_word' id='word_1_877' title='bbox 2957 5605 3092 5651; x_wconf 90' lang='lat' dir='ltr'><strong>cum</strong></span> <span class='ocrx_word' id='word_1_878' title='bbox 3151 5584 3616 5666; x_wconf 85' lang='lat' dir='ltr'><strong>quamprimum,</strong></span> <span class='ocrx_word' id='word_1_879' title='bbox 3640 5589 3700 5672; x_wconf 86' lang='lat' dir='ltr'><strong>et</strong></span> 
     </span>
    </p>
   </div>
   <div class='ocr_carea' id='block_1_117' title="bbox 301 5667 1944 5760">
    <p class='ocr_par' dir='ltr' id='par_1_117' title="bbox 301 5667 1944 5760">
     <span class='ocr_line' id='line_1_117' title="bbox 301 5667 1944 5760; baseline 0.007 -34"><span class='ocrx_word' id='word_1_880' title='bbox 301 5667 385 5728; x_wconf 82' lang='grc' dir='ltr'>ὅτι</span> <span class='ocrx_word' id='word_1_881' title='bbox 435 5670 608 5753; x_wconf 82' lang='grc' dir='ltr'>τάχος</span> <span class='ocrx_word' id='word_1_882' title='bbox 668 5671 1002 5754; x_wconf 75' lang='grc' dir='ltr'>ὑποστρέψαι</span> <span class='ocrx_word' id='word_1_883' title='bbox 1063 5670 1391 5752; x_wconf 82' lang='grc' dir='ltr'>παρακαλεῖ.</span> <span class='ocrx_word' id='word_1_884' title='bbox 1453 5667 1512 5734; x_wconf 67' lang='grc'><strong>’0</strong></span> <span class='ocrx_word' id='word_1_885' title='bbox 1568 5675 1624 5732; x_wconf 74' lang='grc' dir='ltr'>δὲ</span> <span class='ocrx_word' id='word_1_886' title='bbox 1673 5676 1776 5760; x_wconf 75' lang='grc' dir='ltr'><strong>οὐχ</strong></span> <span class='ocrx_word' id='word_1_887' title='bbox 1824 5676 1944 5738; x_wconf 78' lang='grc' dir='ltr'><strong>δπω</strong></span> 
     </span>
    </p>
   </div>
   <div class='ocr_carea' id='block_1_118' title="bbox 2031 5667 3697 5760">
    <p class='ocr_par' dir='ltr' id='par_1_118' title="bbox 2049 5667 3697 5759">
     <span class='ocr_line' id='line_1_118' title="bbox 2049 5667 3697 5759; baseline -0.007 -14"><span class='ocrx_word' id='word_1_888' title='bbox 2049 5688 2220 5759; x_wconf 75' lang='lat' dir='ltr'><strong>regat</strong></span> <span class='ocrx_word' id='word_1_889' title='bbox 2241 5667 2319 5746; x_wconf 75' lang='lat' dir='ltr'><strong>ut</strong></span> <span class='ocrx_word' id='word_1_890' title='bbox 2331 5667 2689 5750; x_wconf 82' lang='lat' dir='ltr'><strong>revertatur.</strong></span> <span class='ocrx_word' id='word_1_891' title='bbox 2715 5679 2825 5749; x_wconf 86' lang='lat' dir='ltr'><strong>Ille</strong></span> <span class='ocrx_word' id='word_1_892' title='bbox 2842 5701 2983 5752; x_wconf 88' lang='lat' dir='ltr'><strong>vero</strong></span> <span class='ocrx_word' id='word_1_893' title='bbox 3013 5695 3136 5745; x_wconf 90' lang='lat' dir='ltr'><strong>non</strong></span> <span class='ocrx_word' id='word_1_894' title='bbox 3157 5675 3336 5742; x_wconf 73' lang='lat' dir='ltr'><strong>modo</strong></span> <span class='ocrx_word' id='word_1_895' title='bbox 3358 5676 3570 5755; x_wconf 77' lang='lat' dir='ltr'><strong>ﬂexus,</strong></span> <span class='ocrx_word' id='word_1_896' title='bbox 3589 5669 3697 5735; x_wconf 85' lang='lat' dir='ltr'><strong>sed</strong></span> 
     </span>
    </p>
   </div>
  </div>
