4086 6416
429 322 449 385 1
462 313 579 386 027

1566 317 1978 388 .ADDENDA.
2055 348 2132 361 —
2207 302 2636 383 DECEMBER.

3658 300 3811 380 1028

426 450 602 512 etiam
636 446 823 528 magis
843 432 1132 522 irritatus,
1155 461 1290 507 cum
1317 441 1587 526 dixisset,
1615 446 1774 524 quod
1805 447 1904 527 qui
1939 467 2064 515 coe-

2153 455 2432 532 καμφθεὶς,
2496 452 2634 509 ἀλλὰ
2674 453 2761 509 καὶ
2819 449 3025 527 μᾶλλον
3083 449 3415 528 παροξυνθεὶς
3491 451 3580 506 καὶ
3637 451 3811 529 φήσας

425 541 635 602 testem
663 539 887 617 Regem
912 544 1160 597 conatur
1181 532 1706 613 exacerbare,ipse
1733 537 1923 600 multo
1947 558 2079 601 ωας

425 632 516 713 gis
557 629 847 691 malorum
884 625 1228 688 thesaurum
1261 621 1677 713 sibirecondit
1705 642 1727 713 7;
1771 635 1827 686 et
1857 627 2079 692 deinde

427 710 742 797 adjecisset
771 715 948 776 etiam
983 713 1130 784 fore,
1164 719 1231 774 ut
1261 711 1354 774 hic
1386 710 1550 774 brevi
1584 712 1820 776 excidat
1852 717 1926 779 ab
1957 718 2076 778 im-

426 809 625 891 perio,
657 815 714 866 et
762 821 864 864 eas
896 819 1031 878 quae
1079 800 1372 891 illicsunt
1420 800 1612 863 minas
1644 821 1763 864 non
1815 807 2073 885 etlugiat.

427 889 567 961 Haec
599 913 730 958 cum
781 891 1054 967 dixisset,
1089 897 1148 953 et
1175 890 1225 952 si
1256 889 1391 971 quis
1419 889 1482 951 in
1539 893 1737 953 tunica
1764 896 2078 958 remiserat

424 987 640 1068 pulvis,
677 1001 812 1044 eum
846 980 1228 1052 excussisset,
1264 981 1554 1060 processit
1609 981 1818 1044 ﬁdenti
1847 985 2072 1050 animo.

421 1077 566 1139 Cum
591 1073 717 1135 haec
738 1070 1242 1134 aununtiarentur
1272 1069 1648 1150 imperatori,
1682 1073 1857 1135 simul
1896 1075 2072 1137 etiam

419 1184 524 1227 sua
554 1169 766 1244 sponte
791 1157 1007 1221 cecidit
1039 1164 1220 1220 turris
1252 1157 1476 1238 palatii,
1507 1161 1754 1240 perinde
1784 1181 1853 1225 ac
1883 1163 1932 1224 si
1964 1181 2070 1243 per

420 1272 518 1317 res
549 1253 776 1314 animas
816 1256 1193 1324 arrogantem
1245 1261 1304 1308 et
1357 1247 1714 1310 insolentem
1763 1252 2065 1315 hominem

413 1345 574 1408 Deus
603 1340 781 1403 vellet
825 1338 1087 1400 erudire.
1121 1336 1400 1408 Quaenam
1423 1346 1625 1400 autem
1658 1343 1731 1400 ab
1763 1341 2069 1404 accidente

417 1441 621 1496 sancto
651 1431 803 1492 facta
821 1437 958 1489 sunt
981 1427 1267 1488 miracula
1292 1428 1615 1507 (quomodo
1641 1429 1801 1491 enim
1821 1450 1890 1493 ex
1921 1432 2070 1494 urbe

418 1542 554 1586 cum
577 1522 664 1582 eis
685 1527 776 1580 est
795 1517 1184 1597 egressus,ita
1215 1521 1389 1577 etiam
1418 1517 1850 1596 ingredientem
1884 1523 2069 1601 ipsam

419 1628 628 1676 rursus
651 1609 1076 1689 sequebantur,
1113 1605 1558 1684 quodammodo
1583 1607 1740 1688 ipsa,
1776 1617 1838 1669 ut
1865 1608 1944 1671 ita
1973 1610 2070 1672 di-

419 1719 573 1776 cam,
607 1698 714 1761 Dei
749 1696 965 1756 virtute
1005 1693 1287 1755 famulum
1321 1693 1684 1774 deducente)
1715 1715 1848 1758 cum
1877 1716 1948 1761 ex
1981 1699 2072 1760 his

2158 543 2232 605 ὡς
2290 543 2380 599 τὸν
2439 544 2677 621 οὖράνιον
2734 540 2958 619 βασιλέα
3009 562 3450 618 παραπικραινειν
3496 538 3810 618 ἐπιχειρῶν,

2159 633 2314 694 αὐτὸς
2361 630 2498 688 πολὺ
2529 631 2736 707 μᾶλλον
2786 631 2959 705 ἑαυτῷ
3000 633 3301 708 θησαυρίζει
3360 629 3523 705 κακὰ,
3555 628 3680 686 εἶτα
3719 629 3812 686 καί

2160 721 2409 800 προσθείς
2441 724 2515 785 ὡς
2561 742 2649 796 καὶ
2678 722 2778 788 τῆς
2822 719 3056 777 ἐντεῦθεν
3114 719 3421 776 ἐκπεσεῖται
3466 714 3584 790 μετ’
3634 716 3814 795 ὀλίγον

2160 811 2362 892 ἀρχῆς,
2418 811 2506 867 καὶ
2585 810 2683 877 τὴν
2741 809 2946 866 ἐκεῖθεν
3016 808 3115 864 οὒκ
3183 807 3486 887 ἐκφεύξεται
3557 805 3809 873 ἀπειλὴν·

2159 908 2324 958 ταῦτα
2367 900 2539 956 εἴπὼν
2583 897 2679 956 κᾶν
2737 897 2792 954 εἴ
2849 921 2929 962 τις
2975 898 3101 964 ἐνήν
3150 896 3483 976 ἀπολειφθεὶς
3541 917 3815 973 κονιορεος

2158 996 2236 1064 τῷ
2275 991 2465 1070 χιτῶνι
2510 989 2598 1045 καὶ
2651 990 2806 1044 αὐτὸν
2863 985 3352 1065 ἀποτιναλάμενος,
3401 985 3598 1065 ἐχώρει
3677 989 3812 1063 θαρ-

2157 1079 2282 1157 ῥῶν.
2335 1078 2487 1155 ’Ἅμα
2519 1077 2677 1134 ταῦτα
2716 1084 2793 1135 τῶ
2833 1075 3050 1154 βασιλεῖ
3096 1074 3468 1154 διηγγέλλετο,
3499 1078 3588 1132 καὶ
3646 1077 3674 1131 δ
3703 1079 3810 1130 τῶν

2150 1169 2456 1238 ἀνακτόρων
2523 1167 2835 1244 αὐτομάτως
2902 1167 3194 1223 κατέπιπτε
3253 1166 3472 1244 πύργος,
3526 1165 3809 1240 καθαπερεὶ

2150 1258 2234 1317 διὰ
2290 1260 2397 1316 τῶν
2468 1258 2697 1337 ἀψύχων
2752 1258 2842 1313 τὸν
2901 1253 3131 1327 ἀλαζόνα
3193 1262 3286 1312 τοῦ
3347 1262 3478 1312 Θεοῦ
3540 1253 3809 1311 παιδεύειν

2150 1348 2443 1412 ἐθέλοντος.
2491 1349 2618 1405 Τίνα
2677 1344 2732 1403 δὲ
2793 1347 2880 1402 καὶ
2928 1345 3199 1421 προσιόντι
3258 1350 3334 1418 τῷ
3387 1346 3514 1418 ὁσίῳ
3567 1345 3630 1400 τα
3677 1344 3810 1400 θαύι·

2156 1461 2301 1512 ματα
2347 1438 2559 1517 (ὥσπερ
2614 1437 2714 1515 γὰρ
2783 1435 2878 1503 τῆς
2949 1435 3157 1498 πόλεως
3202 1436 3339 1510 μετὰ
3381 1436 3583 1491 τούτων
3639 1431 3807 1509 ἐξῄει,

2157 1527 2295 1586 οὕτω
2353 1529 2440 1584 καὶ
2473 1527 2687 1583 ετσιόντι
2734 1524 2894 1582 πάλιν
2939 1525 3069 1581 αὑτὰ
3112 1532 3384 1582 συνείπετο
3441 1527 3533 1580 οἵα
3566 1524 3652 1579 καὶ
3709 1525 3810 1578 αῦ-

2153 1623 2254 1685 τῆς
2310 1618 2469 1697 φάναι
2511 1621 2610 1682 τῆς
2665 1621 2757 1672 τοῦ
2811 1613 2944 1670 Θεοῦ
2986 1612 3257 1689 δυνάμεως
3315 1614 3405 1670 τὸν
3460 1611 3815 1690 θεραπεύοντα

2155 1704 2627 1785 προπεμπούσης),
2677 1704 2737 1761 ἐκ
2793 1705 2991 1761 τούτων
3040 1702 3195 1782 ὀλίγα
3249 1701 3334 1759 διὰ
3375 1703 3465 1758 τὸν
3523 1701 3679 1781 κόρον
3737 1703 3813 1765 ὡς

418 1807 630 1872 pauca,
680 1803 867 1865 eaque
929 1791 1168 1876 prepter
1238 1782 1594 1864 satietatem,
1625 1785 1806 1848 veluti
1847 1788 2064 1850 cursim

2155 1782 2210 1853 ἐν
2242 1793 2558 1876 παραδρομῇ
2583 1782 2690 1858 θεὶς
2724 1793 2812 1851 ἐπὶ
2840 1795 2906 1850 τὰ
2929 1791 3218 1868 λειπὲμενα
3249 1791 3659 1868 μετελεύσομαι.

415 1871 748 1952 adduxero,
776 1873 1039 1935 transibo
1068 1871 1141 1932 ad
1174 1889 1244 1932 ea
1274 1890 1407 1951 quae
1433 1883 1776 1953 supersunt.

492 1965 718 2030 XLVII.
770 1963 899 2026 Duo
931 1959 1171 2042 quidem
1203 1960 1276 2022 ab
1327 1961 1457 2041 ipso
1486 1963 1903 2028 adolescentes
1934 1968 2062 2048 pri-

414 2076 578 2120 mum
629 2060 936 2127 sanantur,
975 2069 1110 2128 qum
1152 2048 1520 2113 vexabantur
1576 2072 1609 2114 a
1664 2053 2062 2122 daemonibus.

408 2146 646 2210 Deinde
680 2141 891 2203 mulier
923 2141 1196 2216 quaedam
1256 2137 1372 2198 alia
1403 2139 1519 2200 ﬁde
1550 2141 1901 2217 Chananzea,
1937 2162 2068 2225 quas

410 2235 669 2299 habebat
689 2231 893 2304 tiliam,
919 2237 977 2289 et
1001 2227 1184 2290 veluti
1218 2229 1522 2290 aestuantis
1543 2231 1727 2292 animi
1761 2239 1944 2295 testes
1975 2233 2066 2295 la-

411 2340 640 2406 crymas
674 2317 1072 2402 profundebat
1096 2335 1164 2378 ex
1193 2317 1405 2391 oculis,
1432 2326 1490 2380 et
1513 2337 1617 2399 per
1637 2338 1739 2382 eas
1767 2322 2070 2400 quaerebat

411 2413 806 2485 curationem,
835 2425 1038 2469 sanam
1062 2407 1306 2487 quidem
1328 2408 1540 2487 accipit
1556 2409 1734 2471 tiliam
1759 2427 1775 2483 ;
1802 2411 2064 2474 laetitiam

411 2513 608 2567 autem
626 2501 898 2563 referens
920 2515 1026 2577 pro
1051 2495 1580 2572 mmrore,domum
1610 2498 1804 2561 rediit.
1836 2501 2068 2564 Deinde

412 2613 546 2656 cum
606 2598 846 2653 sanctus
880 2604 984 2668 per
1036 2585 1296 2647 mediam
1354 2588 1708 2666 procederet
1739 2589 2061 2667 civitatem,

413 2681 697 2766 patricius
728 2676 966 2759 quidam
1028 2693 1096 2738 ex
1129 2682 1363 2757 senatu,
1397 2679 1498 2756 qui
1530 2679 1654 2759 ipse
1685 2697 1922 2758 quoque
1951 2680 2063 2742 za-

413 2773 644 2837 chzeum
679 2778 770 2832 est
800 2767 1085 2845 imitatus,
1117 2782 1252 2826 cum
1289 2783 1426 2827 eum
1451 2766 1704 2828 ferventi
1737 2768 1855 2832 ﬁde
1885 2770 2062 2833 domo

409 2881 519 2926 sua
541 2854 1145 2940 accepisset,Zachaco
1166 2872 1404 2934 quoque
1424 2855 1680 2918 similem
1705 2868 2062 2922 consecutus

408 2952 518 3014 fuit
561 2945 1064 3012 benedictionem.
1102 2944 1421 3024 Postquam
1455 2955 1652 3007 autem
1685 2946 1884 3010 fuitin
1930 2947 2060 3030 ipso

410 3039 666 3104 maximo
721 3035 831 3099 Dei
865 3032 1110 3114 templo,
1145 3040 1203 3094 et
1258 3033 1432 3096 simul
1468 3044 1737 3098 versatus
1769 3037 1876 3099 fuit
1921 3057 2058 3101 cum

2230 1973 2367 2035 MZ'.
2424 1974 2526 2030 Δύο
2584 1972 2682 2048 μὲν
2740 1975 2883 2046 αὖτῷ
2928 1972 3190 2028 νεανίσκοι
3245 1971 3307 2028 τὸ
3365 1975 3575 2049 πρῶτον
3624 1969 3810 2026 ἰῶνται

2149 2062 2390 2137 δαίμοσιν
2433 2061 2835 2141 ἐνοχλούμενοι·
2883 2060 3068 2118 ἔπειτα
3129 2061 3266 2139 γυνή
3324 2082 3402 2120 τις
3433 2057 3573 2126 ἄλλη
3619 2066 3809 2115 Χανα-

2150 2154 2270 2212 ναία
2309 2153 2409 2220 τὴν
2464 2153 2662 2230 πίστιν,
2694 2151 2970 2229 θυγάτριον
3007 2151 3208 2230 ἔχουσα
3259 2148 3352 2206 καί
3385 2153 3476 2205 οἶα
3534 2148 3805 2225 μάρτυρας

2151 2243 2244 2311 τῆς
2287 2240 2714 2322 φλεγμαινούσης
2772 2244 2956 2320 ψυχῆς
3027 2241 3094 2297 τὰ
3144 2243 3251 2296 τῶν
3320 2237 3606 2318 ὀφθαλμῶν
3661 2258 3805 2316 προ-

2149 2334 2352 2413 χέουσα
2403 2331 2619 2405 δάκρυα,
2653 2328 2740 2387 καί
2768 2327 2836 2385 δι’
2879 2329 3052 2386 αύτνῦν
3081 2335 3314 2400 ζητοῦσα
3368 2328 3466 2396 τὴν
3497 2326 3806 2407 θεραπείαν,

2149 2424 2270 2500 ὑγιᾶ
2325 2420 2422 2497 μὲν
2465 2419 2564 2487 τὴν
2619 2416 2788 2476 παῖδα
2820 2415 3104 2494 λαμϐάνει,
3143 2418 3317 2499 χαρὰν
3375 2415 3429 2473 δὲ
3459 2417 3574 2474 ἀντὶ
3630 2414 3810 2483 λύπης

2149 2510 2490 2586 κομισαμένη
2540 2507 2726 2566 οἴκαδε
2758 2508 3004 2584 ἐπανῄει.
3034 2513 3171 2566 Εἶτα
3213 2508 3304 2564 καὶ
3330 2505 3415 2563 διὰ
3462 2511 3563 2574 τῆς
3593 2504 3810 2568 πόλεως

2149 2601 2321 2676 μέσης
2366 2607 2442 2674 τῷ
2496 2599 2624 2672 δσίῷ
2653 2606 2916 2677 χωροῦντι
2974 2603 3080 2653 τῶν
3109 2602 3207 2664 τῆς
3253 2595 3449 2673 βουλῆς
3490 2617 3570 2658 τις
3601 2617 3808 2672 πατρι-

2147 2691 2274 2747 κίων
2333 2691 2401 2746 τὰ
2458 2688 2724 2767 Ζακχαίου
2781 2689 2870 2744 καὶ
2925 2687 3082 2752 αὐτὸς
3143 2686 3523 2762 μιμησάμενος
3577 2685 3666 2741 καὶ
3731 2687 3814 2757 τῷ

2144 2778 2256 2854 ἰδίῳ
2298 2777 2437 2852 οἴκῳ
2505 2778 2641 2835 κατὰ
2697 2779 2896 2856 θερμὴν
2956 2776 3054 2845 τὴν
3128 2777 3300 2833 πίστιν
3360 2775 3809 2849 είσοικισάμενος,

2142 2874 2242 2936 τῆς
2294 2869 2480 2944 ὁμοίας
2509 2866 2697 2947 ἔτυχεν
2753 2867 3020 2944 ευλογίας.
3053 2864 3204 2923 Ἐπεὶ
3248 2863 3302 2921 δὲ
3334 2866 3423 2922 καὶ
3481 2864 3612 2942 πρὸς
3659 2863 3806 2936 αὗτῷ

2142 2956 2246 3026 ἤδη
2274 2965 2352 3033 τῷ
2377 2957 2612 3035 μεγίστῳ
2657 2965 2754 3015 τοῦ
2783 2963 2916 3015 Θεοῦ
2959 2961 3070 3026 ναῷ
3097 2956 3190 3030 ἦν,
3223 2956 3311 3012 καὶ
3353 2960 3430 3029 τῷ
3483 2951 3797 3031 πατριάρχῃ

2143 3048 2304 3116 συνῆν
2353 3048 2489 3124 μετὰ
2518 3045 2726 3114 πολλῆς
2775 3047 2932 3104 αὒτὸν
2975 3042 3243 3119 δεξαμένῳ
3283 3049 3383 3112 τῆς
3441 3041 3636 3121 ῂὸονῆς
3665 3045 3801 3116 ὁμοῦ

408 3131 767 3228 patriarcha,
791 3127 894 3209 qui
913 3128 1110 3228 ipsum
1135 3145 1268 3189 cum
1295 3129 1926 3228 magna-simullaatitia
1952 3151 2058 3195 ac-

2152 3140 2230 3195 γαί
2277 3143 2466 3214 τιμῆς,
2500 3136 2762 3192 κάνταῦθα
2813 3148 2930 3197 τοῖς
2961 3134 3059 3210 μὲν
3089 3132 3271 3198 ἄλλοις
3315 3134 3492 3208 καινὰ,
3525 3133 3698 3204 ἑαυτῷ
3742 3127 3800 3185 δὲ

406 3217 568 3306 cepit
612 3217 1083 3306 etbonore,bic
1139 3236 1374 3298 quoque
1423 3219 1556 3280 aliis
1585 3221 1825 3300 quidem
1884 3241 2055 3304 nova,

2152 3228 2344 3297 συνήθη
2402 3229 2814 3303 θαυματουργεϊ.
2862 3220 3022 3302 ’Ὀφις
3054 3223 3211 3278 ποθὲν
3269 3221 3498 3297 ἐρπύσας
3541 3223 3629 3277 καὶ
3676 3232 3802 3285 τοῖς

407 3305 524 3377 sibi
573 3329 710 3374 vero
741 3308 913 3370 solita
961 3305 1100 3368 facit
1130 3307 1434 3369 miracula.
1489 3306 1774 3390 Serpens,
1811 3311 1913 3391 qui
1941 3311 2054 3373 ali-

409 3401 605 3466 cunde
637 3404 1038 3481 prorepserat,
1071 3406 1133 3456 et
1163 3414 1228 3457 se
1262 3398 1456 3475 magni
1509 3397 1774 3462 Danielis
1805 3401 2056 3480 pedibus

408 3510 517 3574 per
563 3491 753 3570 spiras
782 3487 1126 3560 involverat,
1161 3495 1288 3574 erat
1322 3487 1587 3550 terribile
1618 3489 2052 3569 spectaculum;

409 3573 624 3644 etcum
650 3577 721 3641 ad
754 3595 890 3639 eum
922 3573 1390 3650 defendendum,
1417 3578 1514 3659 qui
1545 3579 1817 3654 aderant,
1843 3597 2056 3642 accur-

405 3673 648 3748 rissent,
681 3669 813 3731 illos
862 3665 1100 3746 quidem
1151 3665 1461 3730 insimulat
1495 3667 1824 3730 timiditatis
1859 3689 1876 3750 ;
1928 3668 2057 3750 ipse

407 3770 604 3825 autem
630 3756 894 3838 serpenti
916 3754 1199 3817 audacter
1220 3774 1288 3816 ac
1320 3755 1573 3819 fidenter
1605 3756 1886 3834 minatus,
1921 3777 2055 3820 cum

405 3853 464 3916 ei
522 3859 800 3930 tanquam
835 3844 1104 3908 ministro
1138 3861 1348 3924 magna
1380 3845 1743 3926 imperasset
1797 3847 2061 3910 auctori-

401 3949 528 4004 tate
563 3936 796 4013 :Vade,
831 3935 1045 4015 inquit,
1073 3941 1130 3996 et
1165 3945 1296 3995 tuas
1325 3933 1582 3997 latebras
1613 3944 2057 4019 repete,etspe-

406 4049 512 4094 cus
570 4026 1015 4089 subterraneos.
1051 4022 1156 4086 Ille
1213 4041 1351 4086 vero
1397 4025 1645 4105 perinde
1679 4035 1739 4088 ut
1789 4026 1891 4109 qui
1937 4046 2058 4090 non

405 4126 608 4203 posset
656 4113 1092 4194 contradicere,
1127 4113 1321 4175 statim
1352 4115 1508 4196 repit
1549 4116 1621 4179 ad
1654 4118 1964 4198 parietem,
2001 4125 2060 4180 et

401 4213 465 4272 in
497 4214 820 4288 conspectu
841 4203 1104 4265 omnium
1136 4203 1552 4286 disrumpitur.

480 4295 736 4361 XLVIII.
770 4295 910 4358 Haec
938 4311 1073 4355 cum
1105 4291 1180 4354 de
1212 4312 1425 4374 magno
1454 4295 1700 4358 Daniele
1741 4295 2051 4358 didicisset

2139 3316 2230 3374 τοῦ
2283 3313 2516 3393 μεγαλου
2572 3314 2696 3369 ποσὶ
2765 3311 3124 3388 συσπειραθεὶς
3181 3307 3403 3389 φοϐερὸν
3461 3311 3630 3384 θέαμα
3699 3309 3798 3376 ἦν·

2135 3409 2235 3463 καὶ
2295 3405 2424 3482 πρὸς
2467 3400 2671 3478 ἄμυναν
2709 3401 2813 3457 τῶν
2859 3398 3134 3478 παρόντῶν
3191 3396 3590 3477 ἐπιδραμόντων
3647 3396 3800 3452 ἐκει-

2137 3517 2249 3560 νοις
2299 3493 2395 3570 μέν
2436 3493 2535 3560 τὴν
2592 3489 2788 3547 δειλίαν
2847 3485 3214 3562 κατονειδίζει,
3243 3489 3397 3554 αὐτὸς
3448 3484 3503 3543 δὲ
3549 3491 3626 3560 τῷ
3675 3486 3805 3566 ὄφει

2139 3583 2462 3663 θαρρούντως
2541 3578 2973 3654 ἀπειλησάμενος
3029 3579 3119 3635 καὶ
3190 3579 3261 3644 ὣς
3331 3576 3569 3654 δπηρέτῃ
3655 3578 3800 3635 κατὰ

2140 3674 2349 3743 πολλῆν
2419 3674 2688 3730 αὖθεντίαν
2753 3668 3234 3748 ἐγκελευσάμενος,
3312 3666 3565 3745 Πορεύου,
3640 3667 3798 3745 φησὶ,

2141 3765 2228 3822 καὶ
2284 3760 2614 3843 φωὶεοῦᾲτοῦ
2671 3757 2921 3826 συνήθους
2957 3757 3088 3838 ἔχου
3116 3759 3203 3816 καὶ
3235 3758 3341 3814 τῶν
3404 3756 3506 3812 ὑπὸ
3537 3759 3640 3832 γῆν
3688 3777 3799 3812 καο

2141 3839 2430 3913 ταδύσεων.
2512 3839 2570 3908 Ὀ
2645 3847 2697 3905 δὲ
2759 3847 2939 3926 ὥσπερ
3010 3847 3090 3922 μὴ
3151 3844 3448 3924 ἀντιλέγειν
3508 3841 3802 3921 δυνάμενος

2142 3944 2288 4024 ἐρπει
2318 3963 2376 3999 τε
2406 3941 2536 4016 πρὸς
2567 3941 2658 3996 τὸν
2687 3952 2886 4018 τοῖχου
2941 3936 3126 3996 αὖτίκα
3157 3935 3250 3992 παὶ
3280 3933 3380 3991 δπδ
3411 3946 3528 4000 τοῖς
3583 3930 3801 3992 πάντων

2141 4032 2442 4114 ὀφθαλμοῖς
2474 4028 2864 4109 διαῤῥάγνυται.

2213 4294 2355 4360 ΜΗ’.
2390 4301 2564 4355 Ταῦτα
2622 4295 2708 4351 καὶ
2745 4293 2882 4357 Ῥαὶς
2938 4291 3056 4368 περὶ
3114 4299 3206 4351 τοῦ
3235 4289 3472 4370 μεγάλου
3523 4293 3790 4368 μαθοῦσα,

401 4388 619 4453 mulier
639 4383 806 4459 Rais,
831 4383 950 4445 (ide
975 4382 1218 4462 quidem
1241 4381 1676 4446 ferventissima
1704 4393 1762 4447 et
1795 4383 2047 4446 maxime

2152 4387 2264 4465 rw};
2303 4385 2402 4452 τὴν
2445 4388 2545 4460 μὲν
2588 4386 2762 4441 πίστιν
2824 4385 2928 4439 τῶν
2985 4382 3121 4438 πάνυ
3170 4380 3510 4460 θερμοτάτων
3551 4381 3638 4437 καὶ
3694 4381 3792 4437 εύ-

401 4480 522 4562 pia,
545 4475 733 4557 gloria
752 4481 952 4536 autem
977 4471 1145 4536 valde
1166 4472 1436 4553 insignis,
1471 4481 1744 4555 prompto
1776 4483 1836 4562 et
1865 4472 2044 4533 alacri

2152 4473 2324 4549 πεδῶν,
2353 4473 2452 4540 τὴν
2505 4471 2560 4528 δὲ
2613 4471 2764 4538 δόξαν
2818 4478 2924 4530 τῶν
2982 4469 3116 4550 ἄγαν
3159 4469 3448 4552 ἐπιφανῶν,
3505 4470 3791 4549 προθύμως

400 4533 601 4633 ίηὶξιιυο
621 4566 692 4626 ad
716 4582 851 4626 eum
870 4533 1571 4638 occurrens,et'simili‘ter
1587 4533 1763 4642 atque
1787 4561 1885 4622 illa
1915 4577 2048 4622 me-

2152 4585 2187 4620 :s
2245 4533 2606 4642 συνδραμοῦσα
2662 4533 2749 4619 καὶ
2819 4533 3207 4641 παραπλησίως
3263 4533 3345 4638 ’τῇ
3415 4533 3586 4638 πόρνῇ
3660 4533 3788 4626 τοὺς

402 4657 614 4733 retrix,
641 4653 800 4718 illius
817 4652 1002 4735 pedes
1025 4651 1226 4730 rigans
1247 4651 1553 4731 lacrymis,
1579 4649 1857 4732 precibus
1874 4650 1950 4712 ab
1975 4667 2045 4711 eo

2152 4653 2329 4712 κείνου
2383 4648 2543 4715 πόδος
2587 4649 2800 4732 δάκρυσι
2829 4652 3124 4733 βρέχουσα,
3157 4648 3445 4730 παρεκάλει
3501 4647 3568 4705 δι’
3614 4649 3792 4729 εὐχῆς

403 4744 708 4810 contendit
755 4752 818 4806 ut
865 4741 980 4805 sibi
1025 4752 1373 4802 nasceretur
1427 4739 1610 4802 filius.
1670 4739 1815 4802 Cum
1844 4748 2045 4802 autem

2152 4743 2264 4820 ιῦτῇ
2309 4739 2549 4820 γενέσθαι
2579 4741 2711 4804 υἱόν.
2771 4742 2867 4806 ’.Ως
2911 4739 2967 4797 δὲ
3000 4739 3148 4798 κάτω
3201 4739 3423 4816 κειμένη
3471 4744 3566 4796 τοῦ
3616 4737 3783 4805 ποδὸς

403 4837 572 4901 humi
598 4834 832 4915 dejecta
859 4831 1108 4894 vidisset
1136 4829 1268 4910 ejus
1298 4829 1470 4910 pedis
1502 4828 2048 4910 soleam,exercita-

2152 4835 2272 4906 ιῦτῷ
2325 4831 2416 4889 τὸν
2469 4832 2660 4909 ταρσὸν
2711 4829 3106 4906 ἐκκεκομμένον
3135 4835 3205 4906 τῇ
3260 4826 3486 4896 ἀσκήσει
3538 4827 3632 4886 τοῦ
3687 4828 3786 4884 τέο

401 4927 567 4989 tione
615 4943 650 4986 a
681 4922 924 4985 tendine
949 4919 1284 4993 discissam,
1317 4924 1516 4998 stupet
1535 4917 1947 4998 tolerantiam,
1984 4926 2048 4983 et

2152 4942 2307 4986 Ιοντος
2365 4919 2643 4996 ἐθεάσατο,
2686 4918 3115 4988 καταπλήττεται
3171 4919 3272 4986 τὴν
3324 4919 3624 4998 ὑπομονὴν,
3691 4919 3790 4976 καὶ

402 5014 622 5080 emittit
643 5030 812 5076 voces
833 5011 1168 5075 Chananeae
1185 5007 1599 5070 similes.Dans
1620 5008 1776 5070 enim
1807 5009 2042 5072 funicu-

2152 5012 2300 5077 ιωνὰς
2370 5014 2437 5087 τῇ
2506 5009 2774 5083 Χαναναία
2827 5006 3201 5083 ποραπλησίας
3260 5005 3471 5088 ἀφίησι.
3551 5006 3786 5065 Διδοῦσα

399 5107 548 5178 lum,
577 5109 745 5182 rogat
764 5109 828 5163 ut
848 5117 983 5162 cum
1007 5099 1167 5160 circa
1184 5095 1345 5158 illius
1375 5097 1585 5177 pedem
1619 5097 1955 5176 involverit,
1986 5100 2042 5162 ei

2152 5102 2223 5173 ’ἂρ
2303 5102 2554 5178 σπαρτίον
2610 5098 2755 5168 ἠξίου
2828 5105 2906 5172 τῷ
2982 5095 3103 5154 ποδὶ
3159 5095 3345 5172 ἐκείνῳ
3418 5097 3790 5178 περιελίξαντα

398 5212 608 5258 rursus
635 5190 906 5266 reddat:
940 5185 1079 5249 Haec
1137 5193 1248 5264 est,
1281 5187 1578 5270 inquiens,
1609 5206 1843 5251 summa
1891 5206 2043 5253 meze

2152 5189 2282 5248 πᾶλιν
2338 5193 2474 5266 αὒτῇ
2502 5187 2676 5246 δοῦναι
2731 5193 2886 5245 τοῦτο
2915 5187 3096 5263 βοῶσα
3151 5184 3422 5266 πλήρωμα
3471 5186 3568 5255 τῆς
3626 5188 3781 5258 αἰτή-

401 5277 841 5367 petitionis.Ille
860 5293 996 5367 vero
1012 5275 1268 5367 primum
1286 5276 1527 5357 quidem
1556 5297 1674 5340 non
1693 5278 2044 5348 sustinebat.

2152 5301 2291 5345 rem;.
2351 5279 2411 5338 ’0
2471 5277 2525 5334 δέ
2559 5283 2769 5357 πρῶτον
2819 5277 2916 5353 μὲν
2983 5276 3079 5334 οὒκ
3135 5275 3409 5358 ὴνείχετοο
3457 5276 3642 5336 ἔπειτα
3696 5279 3788 5335 καὶ

402 5355 632 5438 Deinde
674 5377 870 5431 motus
899 5355 1075 5428 etiam
1128 5365 1288 5428 illius
1305 5355 1618 5448 'lacrymis,
1652 5376 1711 5430 et
1759 5377 2047 5450 praeterea

2152 5373 2248 5433 ςοῖς
2306 5367 2510 5435 ἐκείνης
2559 5355 2887 5433 δυσωπηϐεὶς
2941 5363 3182 5447 δάκρυσι,
3228 5355 3360 5446 πρὸς
3419 5355 3475 5424 δὲ
3533 5368 3619 5424 καὶ
3663 5379 3782 5434 τοτς

403 5459 672 5544 episcopi
697 5465 758 5521 et
807 5465 1156 5520 caaterorum
1209 5454 1406 5518 verbis
1449 5458 1659 5534 ﬂexus,
1693 5477 1814 5520 non
1853 5459 2047 5520 solum

2152 5465 2220 5517 ποῦ
2277 5457 2568 5515 ἐπισκόπου
2627 5456 2714 5514 καὶ
2767 5461 2874 5544 τῶν
2928 5454 3129 5515 λοιπῶν
3199 5458 3456 5537 καμφθεὶς
3518 5457 3778 5538 ῥήμασιν,

402 5543 540 5616 cum
561 5549 762 5611 funem
787 5546 1304 5624 circumvolvisset,
1340 5545 1395 5608 ei
1417 5547 1700 5624 reddidit,
1735 5547 1836 5610 sed
1869 5548 2046 5610 etiam

2152 5552 2189 5608 ὦ
2248 5549 2410 5626 μόνον
2464 5550 2608 5621 αὒτῷ
2675 5543 2925 5626 σπαρτίον
2982 5545 3277 5625 περιελίξας
3340 5545 3590 5622 δέδωκεν,
3639 5546 3778 5604 αλλὰ

403 5637 757 5722 signiﬁcavit
784 5637 937 5718 fore,
971 5645 1036 5700 ut
1055 5639 1184 5722 ipsa
1214 5647 1452 5721 pareret
1471 5636 1749 5723 tilium,et
1777 5637 2051 5720 praedixit

2152 5638 2218 5698 ιαὶ
2269 5633 2473 5698 παιδίον
2521 5635 2685 5707 αὐτὴν
2741 5649 2920 5696 τεκεῖν
2971 5636 3332 5718 προεσήμανε,
3384 5637 3472 5697 καὶ
3527 5638 3626 5706 τὴν
3683 5643 3776 5702 τοῦ
