4086 6404
265 343 284 413 1
299 338 421 414 099

1383 343 1569 418 VITA
1613 351 1676 412 S.
1723 340 2086 412 DANIELIS
2127 338 2501 411 STYLIT/E.

3476 351 3496 412 1
3510 349 3630 415 030

258 480 445 547 παιδὸς
498 481 694 549 κλῆσιν
753 484 1191 562 προανεφώνησε,
1253 486 1494 562 Ζήνωνα,
1555 485 1796 562 φάσκων,
1857 487 1903 539 ὦ

2010 483 2165 541 etiam
2231 501 2448 542 nomen
2513 481 2643 560 lilii,
2696 482 3022 562 Zenonem,
3058 475 3284 553 dicens,
3323 504 3355 543 0
3388 485 3628 565 mulier,

258 574 432 649 γύναι,
485 573 578 628 τὸν
620 571 789 628 παῖδα
828 573 1097 638 καλέσεις,
1163 575 1260 631 Καὶ
1309 574 1446 632 οὕτω
1490 574 1588 648 μὲν
1643 577 1669 630 ὁ
1724 575 1899 651 ἆίγιος.

258 659 404 738 Ἐγὼ
432 658 487 716 δὲ
517 659 666 716 οὐδὲν
699 659 815 730 ἄρτι
847 660 1010 718 πλέον
1039 665 1145 739 ἒρὼ
1174 681 1186 694 ’
1225 661 1387 730 δῆλον
1418 663 1518 740 γὰρ
1547 661 1627 718 ὅτι
1663 662 1898 741 γέγονεν·

257 750 371 807 ἐπεὶ
420 749 588 826 μηδὲν
642 747 884 806 διέπιπτε
932 756 1038 806 τῶν
1081 751 1168 808 ὑπ’
1215 751 1418 809 ἐκείνου
1469 751 1899 829 προλεγομένων.

259 840 360 894 Διὰ
385 845 551 895 ταῦτα
583 840 668 895 καὶ
711 841 801 895 τὸν
852 840 998 896 ὅσιον
1029 841 1057 897 ὁ
1087 839 1330 917 βασιλεὺς
1365 839 1640 920 δεδοικὼς,
1700 844 1788 898 καὶ
1842 845 1904 899 τὸ

254 929 388 1005 πρὸς
447 928 605 986 αὐτὸν
640 927 939 984 ἀντιπνέειν
989 927 1128 990 ὅλως
1161 928 1413 986 ἐκκλίνων
1456 928 1626 1009 τέχνῃ
1664 931 1752 986 καὶ
1808 952 1904 987 κο-

257 1015 445 1088 λακείᾳ
489 1017 676 1074 τοῦτον
728 1016 1006 1092 μετελθεῖν
1057 1018 1322 1099 ἐπεχείρει
1359 1034 1375 1048 ⁸
1410 1020 1496 1075 καὶ
1525 1018 1705 1087 ἐπειδὴ
1765 1019 1906 1076 πολ-

260 1105 414 1168 λάκις
468 1105 627 1162 αὐτὸν
711 1107 1092 1185 παραγενέσθαι
1142 1109 1229 1164 καὶ
1283 1106 1367 1164 διὰ
1424 1107 1640 1166 πολλῶν
1707 1108 1908 1176 δεηθεὶς

265 1195 361 1252 οὒκ
402 1193 632 1274 ἔπειθεν,
696 1197 853 1260 αὐτὸς
914 1199 1047 1272 πρὸς
1091 1197 1248 1254 αὐτὸν
1301 1197 1458 1270 ἦλθε,
1493 1199 1580 1254 καὶ
1623 1199 1676 1253 ἒν
1709 1198 1910 1255 οἰκέτου

267 1285 511 1363 σχήματι
559 1297 874 1362 προσκυνεῖ,
923 1288 1012 1342 καὶ
1055 1285 1232 1342 ποδῶν
1262 1287 1486 1343 ἅπτεται
1542 1293 1649 1342 τῶν
1687 1287 1910 1360 ἐκείνου,

266 1374 592 1450 συγγνώμης
639 1371 804 1452 ’δῆθεν
886 1375 1170 1441 ἀξιωθῆναι
1238 1375 1506 1451 δεόμενος.
1570 1379 1631 1434 Ὃ
1689 1375 1740 1432 δὲ
1803 1377 1915 1453 (καὶ

264 1461 342 1522 τίς
374 1459 476 1539 γάρ
508 1460 710 1519 ἐκείνου
757 1460 928 1541 διορᾷ»
984 1474 1147 1524 ταῦτα
1203 1463 1592 1545 ὀξυωπέστερος
1627 1464 1672 1545 ;)
1705 1466 1916 1522 ἐκεῖνον

266 1551 368 1625 μὲν
424 1551 548 1606 τότε
605 1549 834 1614 πολλοῖς
887 1565 1005 1617 τοῖς
1056 1551 1276 1610 ὀνείδεσι
1320 1553 1550 1610 πλύνει·
1614 1553 1915 1633 ὕστερονδὲ

261 1639 352 1696 καὶ
405 1640 468 1694 τὸ
521 1639 645 1704 τοὺς
706 1639 935 1707 πολλοὺς
995 1641 1250 1699 λανθάνον
1292 1642 1677 1718 ἆνακαλύπτει,
1713 1645 1784 1704 Τὸ
1815 1666 1916 1700 τα·

263 1728 449 1786 πανὸν
509 1728 688 1786 ἐκεῖνο
742 1733 831 1786 καὶ
881 1731 1350 1810 συντετριμμένον,
1400 1734 1586 1811 εἰπὼν,
1641 1732 1916 1812 δπόιιρισις

1988 570 2224 632 vocabis
2256 571 2466 633 lilium.
2505 571 2570 632 Et
2599 573 2684 633 sic
2714 572 2960 652 quidem
2993 581 3252 634 sanctus.
3280 572 3398 652 Ego
3431 582 3631 636 autem

1988 660 2134 722 nihil
2169 660 2361 721 dicam
2409 659 2687 739 amplius.
2750 660 2987 721 Clarum
3035 670 3128 724 est
3187 664 3345 724 enim
3381 663 3458 724 ita
3489 681 3629 726 eve-

1993 751 2198 824 nisse;
2256 748 2406 810 nihil
2458 754 2617 811 enim
2680 749 2992 810 excidebat
3039 768 3109 812 ex
3143 749 3215 811 iis
3264 770 3400 832 quae
3425 750 3498 814 ab
3530 752 3632 815 illo

1991 837 2494 919 praedicebantur.
2530 840 2783 918 Propter
2838 846 3112 901 sanctum
3143 859 3382 920 quoque
3413 842 3636 904 timens

1988 928 2336 1008 imperator,
2397 937 2454 988 et
2505 933 2558 988 el
2601 927 2846 988 omnino
2902 947 3240 1008 repugnare
3297 929 3631 1004 declinans,

1992 1035 2126 1078 eum
2159 1015 2499 1094 aggreditur
2527 1025 2656 1077 arte
2701 1025 2760 1077 et
2818 1015 3148 1091 blanditiis,
3202 1027 3258 1079 et
3309 1037 3446 1080 cum
3504 1020 3636 1099 ipse

1993 1122 2150 1184 saepe
2182 1122 2342 1177 eum,
2378 1113 2436 1165 et
2490 1123 2597 1184 per
2655 1105 2892 1180 multos,
2954 1115 3020 1168 ut
3075 1105 3148 1166 ad
3179 1106 3375 1186 ipsum
3411 1109 3638 1171 veniret

1998 1201 2298 1275 precatus,
2333 1211 2453 1253 non
2505 1193 2924 1272 persuadebat,
2983 1194 3112 1274 ipse
3161 1195 3233 1256 ad
3284 1214 3418 1258 eum
3451 1205 3632 1275 venit,

1997 1290 2056 1344 et
2085 1283 2204 1343 ritu
2236 1281 2522 1363 supplicis
2553 1283 2780 1358 adorat,
2817 1290 2877 1344 et
2905 1282 3062 1344 illius
3089 1283 3270 1363 pedes
3293 1286 3634 1364 prehensat,

1995 1388 2216 1450 rogans
2249 1380 2312 1431 ut
2342 1370 2456 1431 sibi
2488 1371 2662 1432 detur
2697 1371 2888 1432 venia.
2921 1371 3030 1432 Ille
3059 1381 3257 1434 autem
3290 1374 3446 1454 (quis
3475 1377 3637 1438 enim

1998 1461 2070 1522 ad
2131 1477 2201 1521 ea
2245 1460 2506 1521 videnda
2565 1469 2691 1521 erat
2753 1461 2879 1540 ipso
2939 1461 3410 1543 perspicacior?)
3470 1464 3639 1526 illum

1999 1550 2238 1630 quidem
2295 1549 2499 1610 multis
2545 1557 2686 1610 tunc
2743 1548 2976 1628 probris
3020 1549 3377 1631 insequitur.
3412 1551 3644 1616 Deinde

1999 1642 2180 1702 etiam
2213 1638 2404 1720 aperit
2426 1637 2486 1699 id
2546 1638 2705 1718 quod
2777 1638 2996 1700 multos
3026 1639 3249 1702 latebat
3282 1658 3296 1702 :
3331 1640 3647 1706 Humilitas

2001 1729 2124 1805 illa,
2160 1729 2394 1800 dicens,
2451 1735 2510 1790 et
2538 1727 2818 1789 contritio
2850 1735 2940 1789 est
2969 1727 3290 1791 artiﬁciosa
3316 1729 3644 1807 simulatio,

263 1821 354 1874 καὶ
411 1818 723 1898 μηχάνημα
773 1819 862 1894 ἢν,
898 1822 1001 1877 ὑπὸ
1029 1818 1184 1877 δασεῖ
1215 1820 1386 1894 κωδίῳ
1414 1823 1474 1878 τὸ
1531 1821 1773 1903 χαλεπὸν
1817 1825 1917 1879 αὖ·

2010 1819 2186 1880 densa
2215 1817 2367 1899 relle
2400 1825 2605 1896 tegens
2633 1816 3142 1896 importunitatem
3177 1818 3308 1897 ejus
3338 1828 3398 1882 et
3434 1820 3650 1883 imma-

262 1913 358 1964 106
397 1908 488 1962 καὶ
533 1906 718 1986 ἄγριον
764 1910 1175 1987 συγκαλύπτων.
1224 1909 1391 1967 Ἀλλὰ
1435 1909 1519 1966 διὰ
1547 1911 1748 1991 τοίχους
1780 1909 1912 1987 ὅψε-

261 2018 350 2053 ται
410 1998 502 2053 τὸν
546 1998 718 2054 πάντα
761 1996 1020 2077 διορῶντα
1061 2003 1153 2057 τοῦ
1211 2007 1342 2056 Θεοῦ
1399 1999 1669 2079 ὀφθαλμὸν
1699 2002 1787 2056 καὶ
1817 2001 1917 2067 τὴν

262 2086 526 2163 κραταιὰν
601 2100 765 2167 χεῖρα
838 2091 924 2145 καὶ
985 2090 1104 2155 τοὺς
1167 2088 1410 2154 δυνατοὺς
1455 2087 1914 2151 καταϐάλλουσαν,

266 2167 326 2232 Ὀ
378 2175 640 2254 μακάριος
712 2185 944 2234 τοσαῦτα
1001 2180 1477 2255 θαυματουργήσας
1538 2180 1632 2234 καί
1690 2181 1782 2235 τὸν
1825 2186 1920 2236 τοῦ

266 2272 402 2324 Θεοῦ
430 2265 692 2341 πολέμιον
733 2268 956 2344 τρέψας,
1000 2269 1088 2324 καὶ
1145 2271 1210 2327 τὰ
1261 2270 1356 2335 τῆς
1403 2267 1723 2336 Ἐκιιλησίας
1755 2269 1912 2324 εὖκα-

269 2356 567 2435 ταστήσας,
629 2355 767 2412 ἆλλᾶ
824 2355 890 2424 δὴ
943 2360 1026 2413 καὶ
1087 2359 1458 2436 προφητεύσας
1511 2359 1574 2414 τὰ
1629 2357 1916 2435 μέλλοντα,

280 2444 442 2500 πάλιν
496 2444 580 2502 ἐπὶ
634 2447 726 2502 τὸν
784 2448 977 2503 στῦλον
1020 2450 1243 2524 γίνεται,
1307 2449 1393 2504 καὶ
1445 2453 1552 2504 τῶν
1583 2447 1805 2526 ἀγώνων
1862 2470 1919 2504 τε

281 2532 382 2588 καί
424 2534 593 2590 πόνων
623 2536 873 2615 εὐψύχως
909 2534 1380 2608 ἀντιλαμϐάνεται,

364 2623 498 2686 ΜΘ’.
545 2626 619 2682 Οὐ
659 2624 822 2688 πολὺς
881 2625 934 2682 ἐν
987 2625 1136 2700 μέσῳ
1189 2627 1408 2705 χρόνος,
1463 2628 1549 2684 καὶ
1607 2625 1921 2688 Βασιλίσκος

275 2711 402 2786 μὲν,
465 2712 538 2776 ὠς
593 2715 628 2781 ἡ
685 2721 778 2769 τοῦ
838 2715 1038 2782 Δανιὴλ
1083 2714 1369 2795 πρόρρησις
1404 2764 1419 2788 ,
1482 2718 1587 2770 τῶν
1637 2715 1922 2791 βασιλείων

279 2796 626 2878 ἐκϐάλλεται,
659 2804 846 2873 Ζήνων
901 2801 956 2858 δὲ
1014 2803 1175 2861 πάλιν
1231 2808 1337 2860 τῶν
1393 2805 1680 2885 σκήπτρων
1731 2826 1790 2861 τε
1820 2825 1925 2862 πε-

279 2890 550 2970 ριέχεται,
595 2897 682 2948 καί
742 2893 882 2967 αὖτῷ
935 2894 1002 2949 τὰ
1048 2893 1156 2950 τῶν
1185 2893 1527 2973 προῤῥγίσεων
1557 2894 1719 2972 πέρας
1750 2895 1923 2969 ἐλάμ-

277 2976 430 3054 ϐανε,
493 2982 628 3059 πρὸς
688 2983 777 3038 τὸν
836 2983 1008 3060 μέγαν
1062 3005 1120 3040 τε
1178 2985 1266 3039 καὶ
1336 2985 1470 3056 μετὰ
1519 2985 1617 3050 τῆς
1676 2985 1925 3062 γυναικὸς

276 3065 449 3124 ἄνεισι
485 3069 853 3140 καταλλήλους
913 3073 1011 3146 μὲν
1069 3075 1174 3128 τῶν
1225 3071 1565 3151 προρρήσεων
1612 3074 1704 3138 τὰς
1763 3071 1921 3130 ἐκϐάο

277 3179 391 3221 σεις
421 3157 570 3238 ἰδὼν,
603 3159 748 3226 ἀξίας
779 3158 832 3216 δὲ
876 3162 982 3217 τῶν
1040 3160 1304 3218 ἐκϐάσεων
1355 3162 1646 3219 ἀποδώσων
1699 3167 1925 3242 εὖχαρι-
1945 3209 1986 3260 c

277 3248 454 3311 στίας.
509 3247 663 3317 ’Ἤδη
719 3247 772 3305 δὲ
817 3260 910 3309 τοῦ
937 3250 1100 3329 λόγου
1128 3253 1190 3307 τὸ
1221 3251 1371 3316 τέλος
1416 3259 1700 3323 ζητοῦντος
1729 3261 1817 3309 καὶ
1848 3259 1923 3326 τῷ

273 3346 372 3396 τοῦ
455 3338 694 3416 μεγάλου
761 3340 860 3416 βίῳ
937 3343 1399 3407 συναναπτυθῆναι
1459 3342 1918 3420 προθυμουμένου,

265 3429 472 3503 ’μικρὸν
532 3427 607 3484 ἔτι
684 3443 801 3494 τοῖς
879 3429 1078 3488 ἐκείνου
1153 3432 1412 3506 θαύμασιν
1487 3432 1916 3508 ἐντρυφήσωμεν,

279 3513 448 3594 Ἀνήρ
488 3539 571 3583 τις
601 3521 906 3600 χρυσοχόος
961 3522 1060 3587 τὴν
1106 3521 1307 3600 τέχνην
1336 3519 1539 3577 παιδίον
1573 3521 1732 3600 ἔσχεν
1769 3520 1926 3578 ἑϐδό-

281 3626 388 3680 μου
437 3606 534 3681 μὲν
577 3607 680 3675 ἠδη
725 3616 818 3666 τοῦ
861 3608 1010 3672 ἔτους
1055 3610 1376 3690 ἁπτόμενον,
1427 3609 1576 3667 οῧπω
1621 3608 1674 3665 δὲ
1705 3613 1792 3666 καὶ
1821 3613 1926 3687 βα-

280 3692 440 3764 δίζειν
509 3692 795 3774 δυνάμενον
828 3747 844 3780 ,
933 3698 1070 3756 ἀλλὰ
1141 3700 1277 3755 κατὰ
1333 3700 1400 3755 τα
1457 3700 1742 3776 ἑρποστικὰ
1822 3705 1928 3756 τῶν

281 3783 437 3854 ζώων
481 3786 538 3841 ἒν
595 3794 672 3860 τῷ
713 3792 979 3846 κινεῦσθαι
1038 3790 1106 3865 τῇ
1160 3787 1334 3860 κοιλίᾳ
1390 3788 1696 3867 χρώμενον.
1735 3791 1929 3846 Τοῦτον

282 3874 333 3930 οἱ
389 3880 575 3937 τοκεϊς
635 3874 888 3941 λαϐόντες
944 3881 1246 3956 προτιθοῦσι
1283 3887 1376 3936 τοῦ
1405 3877 1617 3953 στόλου,
1650 3879 1738 3934 καὶ
1783 3880 1928 3934 αὐτοὶ

283 3966 522 4020 κατωθεν
591 3967 798 4045 οἰκτρόν
879 3989 929 4023 τι
1018 3969 1102 4023 καὶ
1186 3964 1480 4045 δακρυῶδες
1539 3967 1928 4031 ἐπικωκύοντες

279 4053 375 4108 καὶ
431 4055 616 4119 αὐτοὺς
668 4057 788 4122 τοὺς
848 4057 1083 4134 ὁρῶντας
1128 4055 1464 4122 εξεκαλοῦντο
1521 4057 1652 4135 πρὸς
1706 4055 1924 4135 δάκρυα,

280 4141 348 4200 Ὀ
377 4139 433 4198 δὲ
463 4143 610 4208 ὅσιος
643 4144 842 4204 ἄνωθεν
883 4146 1163 4222 διακύψας,
1199 4145 1295 4202 καΐ
1343 4153 1498 4203 τοῦτο
1540 4147 1636 4222 μέν
1668 4145 1928 4222 ἐπιτιμῆ-

280 4254 392 4309 σει,
445 4241 602 4308 τοῦτο
662 4233 716 4292 δέ
768 4238 856 4294 καὶ
910 4238 1219 4316 παραινέσει
1274 4237 1332 4292 τὸ
1362 4235 1554 4300 ⁸[ἐντος
1583 4237 1772 4298 αὐτοῖς
1801 4237 1929 4305 στή-

280 4345 408 4397 σας,
469 4331 546 4399 τῷ
572 4342 592 4400 ξ,
625 4327 749 4405 ἱερῷ
825 4337 1239 4405 προσκαρτερεῖν
1311 4322 1515 4380 κελεύει
1574 4331 1650 4398 τῷ
1713 4327 1932 4399 Συμεὼν

283 4411 454 4496 οἴκῳ,
496 4416 583 4472 καὶ
624 4427 742 4479 τοῖς
799 4427 1021 4481 σεπτοῖς
1074 4417 1308 4494 χρῆσθαι
1358 4413 1655 4493 λειψάνοις,
1690 4416 1778 4470 καὶ
1812 4415 1934 4471 οἶόν

2001 1909 2272 1981 nitatem,
2309 1906 2412 1967 sed
2463 1905 2581 1968 cito
2637 1903 2940 1985 videbitis,
2991 1904 3094 1986 qui
3126 1907 3327 1969 omnia
3358 1910 3645 1989 perspicit

2000 1996 2106 2059 Dei
2135 1997 2398 2068 oculum,
2432 2002 2490 2055 et
2530 1993 2784 2055 validam
2846 2012 3112 2064 manum,
3148 2014 3281 2075 qua;
3319 1996 3496 2058 etiam
3532 2017 3645 2079 p0-

2000 2093 2194 2148 tentes
2223 2084 2449 2164 dejicit.
2485 2082 2678 2164 Atque
2709 2101 2843 2144 cum
2877 2083 2962 2145 sic
2992 2083 3236 2161 quidem
3263 2094 3502 2148 sanctus
3526 2097 3643 2149 tam

2003 2175 2187 2236 multa
2219 2175 2458 2236 fecisset
2492 2172 2796 2249 miracula,
2831 2172 3055 2253 Deique
3104 2175 3376 2237 vertisset
3406 2185 3465 2238 et
3500 2196 3644 2258 pro-

2003 2263 2262 2342 ﬂigasset
2292 2264 2544 2337 hostem,
2581 2270 2641 2323 et
2667 2281 2764 2323 res
2791 2261 3076 2324 Ecclesiae
3109 2263 3263 2325 bene
3294 2267 3643 2328 constituis-

2003 2363 2112 2423 set,
2151 2353 2294 2434 quin
2351 2354 2525 2414 etiam
2559 2353 2753 2413 futura
2795 2351 3190 2431 praedixisset,
3220 2357 3542 2418 revertitur
3567 2357 3645 2419 ad

2003 2444 2367 2519 columnam,
2420 2451 2478 2503 et
2533 2441 2862 2503 certamina
2910 2459 2979 2504 ac
3039 2445 3274 2506 labores
3322 2463 3539 2524 magno
3590 2454 3649 2510 et

2003 2533 2140 2594 forti
2173 2532 2372 2593 animo
2406 2531 2676 2612 suscipit.
2767 2595 2770 2598 ,
3059 2602 3063 2607 ἡ

2084 2621 2261 2683 XLIX
2290 2619 2418 2682 Non
2444 2619 2696 2683 multum
2719 2621 3051 2682 interﬂuxit
3083 2622 3458 2704 temporis,et
3478 2624 3648 2688 Bast-

2006 2712 2188 2774 liscus
2216 2709 2456 2792 quidem
2489 2719 2552 2770 ut
2580 2728 2613 2771 a
2647 2729 2858 2789 magno
2889 2710 3240 2791 praedictum
3290 2714 3487 2777 fuerat
3535 2714 3650 2778 Da-

2009 2801 2190 2874 niele,
2225 2819 2258 2861 a
2286 2799 2448 2879 regia
2479 2797 2820 2879 expellitur,
2855 2809 2912 2860 et
2962 2797 3122 2860 Zeno
3170 2818 3382 2864 rursus
3411 2813 3649 2885 sceptra

2009 2897 2260 2966 tenet,et
2283 2889 2462 2950 ﬁnem
2484 2895 2849 2968 acceperunt
2879 2889 3010 2968 ejus
3030 2889 3542 2968 praedicti-ones,et
3571 2893 3646 2955 ad

2013 2997 2284 3059 magnum
2320 2976 2624 3039 Danielem
2655 2978 2819 3038 venit
2849 2976 3008 3038 Zeno
3036 2996 3172 3039 cum
3208 2998 3413 3063 uxore,
3443 2981 3649 3045 videns

2009 3068 2248 3150 quidem
2283 3071 2708 3129 convenientes
2729 3067 2921 3127 exitus
2953 3066 3651 3147 prtedictionum,eventn

2009 3168 2206 3222 autem
2238 3157 2447 3238 dignas
2477 3156 2826 3218 redditurus
2859 3157 3101 3236 gratias.
3131 3155 3260 3220 Jam
3292 3177 3432 3221 vero
3466 3161 3649 3224 ﬁnem

2009 3254 2314 3330 quaerente
2343 3251 2636 3320 oratione,
2663 3253 2872 3308 etcum
2897 3247 3094 3326 magni
3122 3246 3386 3310 Dauielis
3404 3251 3520 3312 vita
3543 3269 3652 3312 vo.

2010 3340 2171 3400 lente
2203 3335 2382 3399 simul
2414 3334 2814 3415 requiescere,
2849 3335 2910 3396 in
2942 3336 3102 3398 illius
3128 3336 3431 3401 miraculis
3457 3340 3654 3404 adhuc

2012 3445 2217 3508 parum
2240 3425 2610 3506 periucunde
2632 3424 3222 3488 immorabimur.Vir
3247 3427 3490 3508 quidam
3515 3431 3657 3491 arti~

2010 3518 2147 3580 ﬁcio
2178 3517 2401 3578 aurifex
2433 3514 2686 3577 habebat
2718 3533 2992 3595 puerum,
3029 3517 3129 3597 qui
3161 3519 3482 3599 septimum
3515 3519 3654 3601 qui-

2010 3607 2146 3670 dem
2163 3610 2288 3686 jam
2309 3623 2528 3667 annum
2552 3605 3179 3684 attingebat,nondum
3202 3615 3401 3670 autem
3426 3617 3654 3690 poterat

2009 3695 2267 3775 ingredi,
2303 3695 2408 3756 sed
2439 3695 2810 3774 serpentium
2842 3695 2964 3756 ritu
2993 3703 3201 3758 ventre
3238 3706 3503 3773 utens,se
3521 3717 3656 3762 m0-

2011 3786 2204 3848 vendo
2237 3783 2937 3865 reptabat.Sumpseruut
2968 3803 3104 3846 eum
3139 3795 3440 3866 parentes,
3464 3795 3526 3850 et
3555 3806 3656 3868 p0-

2012 3883 2261 3937 suerunt
2290 3881 2426 3935 ante
2457 3875 2794 3935 columnam
2826 3891 2841 3948 ;
2870 3874 2982 3954 ipsi
3003 3881 3201 3936 autem
3227 3875 3378 3936 infra
3399 3876 3650 3939 misera-

2011 3964 2302 4025 biliteret
2358 3962 2638 4024 ﬂebiliter
2692 3962 3008 4043 ejulantes,
3063 3963 3222 4042 ipsos
3281 3983 3518 4046 quoque
3551 3967 3657 4048 qui

2009 4053 2312 4133 videbant,
2345 4051 2744 4134 provocabant
2773 4051 2846 4113 ad
2881 4050 3199 4130 lacrymas.
3237 4053 3492 4116 Sanctus
3516 4073 3655 4118 vero

2012 4163 2086 4210 ex
2109 4143 2229 4204 alto
2245 4141 2752 4223 despiciens,cum
2773 4141 2984 4220 partim
3003 4140 3247 4221 quidem
3262 4143 3653 4224 increpando,

2017 4235 2224 4314 partim
2249 4241 2443 4294 autem
2469 4231 2846 4292 admonendo
2879 4248 3087 4314 eorum
3115 4231 3338 4294 luctum
3361 4233 3650 4310 sedasset,

2011 4323 2185 4405 jubet
2215 4331 2279 4382 ut
2308 4327 2695 4403 perseverent
2717 4321 2774 4381 in
2801 4338 2969 4382 sacra
2991 4319 3118 4381 aede
3134 4319 3530 4396 Simeonis,et
3549 4341 3656 4384 ve-

2017 4412 2300 4474 nerandis
2331 4419 2570 4473 utantur
2591 4410 2886 4491 reliquiis,
2921 4419 2978 4471 et
2999 4428 3070 4472 ea
3106 4418 3385 4487 tanquam
3417 4412 3656 4493 aliquod

281 4527 337 4560 τι
395 4504 642 4583 λυτήριον
701 4513 865 4562 ταῦτα
908 4517 1026 4567 τοῖς
1058 4506 1178 4560 ποσὶ
1207 4515 1327 4566 τοῖς
1369 4505 1508 4577 νόσῳ
1557 4501 1922 4578 πεδεδημένοις

2019 4503 2254 4564 solvens
2288 4501 2813 4574 medicamentum,
2850 4498 3057 4561 morbo
3105 4499 3320 4561 vinctis
3350 4501 3662 4583 imponant

283 4569 598 4658 ἰπιτιθέναι,
635 4598 792 4670 Eine,
839 4594 936 4651 καῖ
994 4594 1202 4672 γέγονε.
1261 4594 1358 4650 Καὶ
1413 4569 1552 4650 κατὰ
1575 4594 1672 4661 τὴν
1704 4569 1922 4669 rigidum

2021 4591 2299 4673 pedibus.
2333 4590 2516 4664 Dixit,
2550 4598 2610 4651 et
2636 4569 2810 4652 facta
2831 4598 2992 4653 sunt.
3017 4588 3090 4651 Et
3117 4590 3371 4670 septimo
3395 4569 3493 4652 die
3522 4611 3658 4654 cum

286 4688 460 4763 εὐχῆς
489 4687 562 4750 ὡς
596 4683 712 4748 ἔθος
743 4686 844 4741 ὑπὸ
902 4694 997 4744 τοῦ
1055 4683 1293 4760 μάκαρος
1352 4679 1677 4755 τελουμὲυης
1709 4681 1778 4762 (ὢ
1805 4686 1934 4740 θαυ-

285 4775 497 4853 μασίων
537 4774 725 4854 ¹ἷ-ίργων
755 4773 803 4855 1)
854 4772 1142 4854 δημιουργὲ
1204 4771 1380 4851 Κύριε,
1441 4769 1740 4846 ἀλὶόμενον
1786 4772 1935 4836 εὒθὺς

281 4869 351 4924 τὸ
407 4863 615 4924 παιδίον
672 4869 833 4944 ὁρῶσι
881 4869 989 4922 τῶν
1045 4865 1238 4920 κιόνων
1279 4882 1337 4918 τε
1378 4862 1500 4926 τοὺς
1533 4862 1764 4938 βαθμοὺς
1797 4862 1929 4919 ἀνα-

281 4956 474 5014 ϐαῖνον
508 4958 594 5014 καὶ
623 4963 702 5031 τῷ
729 4955 907 5030 στόλῳ
934 4952 1408 5034 περιπλεκόμενον.

369 5045 702 5126 Ν’.”Ετερός
736 5069 814 5111 τις
845 5045 906 5102 ἐκ
935 5046 1035 5112 τῆς
1078 5042 1345 5111 ἀνατολῆς
1371 5042 1472 5109 τὴν
1503 5040 1719 5120 πορείαν
1749 5042 1938 5098 ποιού-

281 5159 453 5216 μενος
482 5139 790 5215 περιπίπτει
835 5135 1090 5214 λῃσταῖς.
1127 5136 1188 5192 Οἱ
1239 5131 1295 5188 δέ
1331 5130 1546 5209 πληγὰς
1601 5130 1765 5204 αὐτῷ,
1803 5132 1939 5188 κατὰ

277 5229 408 5292 τοὺς
471 5229 644 5308 ἱεροὺς
701 5226 892 5305 λόγους
923 5227 1120 5298 εἰπεῖν,
1155 5223 1417 5286 ἐπιθέντες
1443 5221 1534 5278 καὶ
1593 5216 1845 5285 λαϐόντες
1906 5219 1940 5275 ἂ

278 5318 597 5399 ἐπεφέρετο,
656 5317 718 5374 οὒ
777 5318 888 5391 μὴν
940 5313 996 5371 δέ
1055 5311 1193 5370 ἀλλὰ
1266 5314 1354 5368 καὶ
1412 5311 1478 5367 τὰ
1533 5314 1639 5366 τῶν
1675 5309 1940 5399 ,γονάτων

281 5397 431 5484 αῦτῷ
455 5397 479 5488 ⁷,
515 5416 668 5489 νεῦρα
753 5410 1142 5486 συγκόψαντες,
1229 5403 1467 5479 ἡμιθανῆ
1535 5397 1938 5489 καταλείπουσι.

285 5497 831 5578 Τοῦτονξδδοιπόροιη
866 5495 1011 5562 τινές
1075 5494 1264 5552 οδτωσὶ
1319 5493 1563 5568 κείμενον
1625 5488 1939 5564 θεασάμενοι

289 5592 390 5650 καί
472 5589 860 5670 φιλανθρώπως
942 5582 1387 5649 διαϐαστάσαντες
1471 5582 1543 5670 εἰς
1616 5579 1718 5647 τὴν
1783 5578 1941 5670 πόλιν

297 5680 592 5765 ’Ἄγκυραν
648 5679 1025 5762 ἀποφέρουσιν,
1072 5674 1136 5734 ἐκ
1184 5674 1442 5756 γειτόνων
1483 5669 1664 5748 οὖσαν,
1719 5669 1807 5729 καὶ
1863 5678 1942 5748 τῷ

2018 4682 2094 4743 de
2127 4699 2294 4742 more
2333 4681 2601 4761 precatio
2653 4681 2826 4741 ﬁeret
2853 4697 2888 4741 a
2915 4678 3086 4740 beato
3120 4680 3181 4758 (0
3213 4679 3658 4742 admirabilium

2019 4789 2268 4851 operum
2293 4772 2490 4850 opifex
2517 4767 3052 4849 D0mine!),vident
3071 4769 3270 4831 statim
3296 4787 3546 4851 puerum
3565 4789 3663 4832 sa-

2021 4861 2356 4936 lientem,et
2383 4859 2601 4938 gradus
2631 4858 3152 4935 ascendentem,et
3173 4859 3510 4922 columnam
3532 4878 3662 4923 am-

2024 4949 2408 5031 plectentem.

2099 5041 2170 5102 L.
2203 5039 2454 5112 Quidam
2486 5040 2638 5101 alius
2668 5040 2784 5102 iter
2805 5037 3029 5102 faciens
3057 5037 3132 5100 ad
3162 5036 3428 5116 Oriente,
3454 5038 3667 5102 incidit

2021 5129 2082 5190 in
2105 5129 2389 5204 latrones,
2425 5128 2524 5210 qui
2554 5147 2688 5190 cum
2714 5127 2770 5190 ei
2800 5127 3098 5209 plagas,ut
3119 5145 3256 5190 cum
3283 5145 3454 5191 sacra
3469 5129 3664 5192 dicam

2025 5221 2358 5300 Scriptura,
2393 5218 2982 5298 imposuissent,quaa
3010 5234 3213 5279 secum
3249 5215 3527 5298 habebat,
3557 5235 3668 5281 au-

2022 5309 2227 5371 ferunt
2258 5329 2274 5381 ;
2294 5307 2437 5390 quin
2460 5310 2635 5370 etiam
2658 5324 2794 5370 cum
2817 5306 2949 5385 ejus
2969 5324 3233 5386 genuum
3256 5324 3470 5368 nervos
3493 5323 3667 5368 exse-

2025 5399 2314 5474 cuissent,
2349 5399 2698 5479 relinquunt
2726 5399 3208 5461 semimortnum.
3251 5395 3398 5458 Eum
3425 5395 3668 5478 quidem

2023 5490 2283 5552 viatores
2313 5507 2449 5552 cum
2481 5488 2773 5550 vidissent
2801 5488 2886 5548 sic
2936 5487 3268 5567 jacentem,
3324 5493 3384 5547 et
3411 5484 3670 5565 benigne

2026 5577 2639 5654 sustulissent,ferunt
2657 5578 2720 5638 in
2746 5577 3134 5658 propinquam
3157 5575 3456 5638 civitatem
3469 5573 3671 5656 Ancy-

2031 5677 2257 5749 ram,et
2275 5668 2338 5732 id
2370 5667 2624 5733 civitatis
2642 5669 2930 5750 episcopo
2951 5663 3310 5746 signiﬁcant,
3328 5682 3365 5727 a
3383 5681 3498 5746 quo
3520 5662 3671 5732 mul-
