4086 6414
465 329 612 406 1031
1628 326 2019 398 ADDENDA.
2071 357 2152 374 —
2208 325 2639 396 DECEMBER.
3686 319 3828 397 :032‘

457 480 654 536 torum
690 470 1057 535 medicorum
1091 469 1343 534 traditus
1370 466 1669 546 manibus,
1703 484 1836 529 cum
1861 463 1932 526 ad
1966 480 2079 525 eun

2165 463 2468 522 intendam
2508 469 2608 532 τῆς
2653 459 2864 528 πόλεως
2906 455 3066 533 δῆλον
3107 474 3340 540 ποιοῦσι,
3375 463 3499 544 παρ’
3529 467 3590 522 οῦ
3618 463 3822 522 πολλῶν

458 562 787 625 curandum
821 562 894 624 ab
927 562 1014 623 eis
1045 559 1378 622 adhibitum
1411 570 1570 619 esset
1603 573 1781 617 omne
1812 553 2074 615 studium

2185 555 2375 632 ἰατρῶν
2440 557 2627 635 χερσὶν
2691 553 2918 620 ἐκδοθεὶς
2993 557 3081 613 καὶ
3161 555 3370 624 πολλῆς
3441 558 3540 622 τῆς
3597 553 3821 624 σπουδῆς

455 661 740 713 sanantur
767 650 1011 732 quidem
1047 646 1422 724 vulnera,sed
1445 661 1826 732 nequaquam
1846 641 2076 732 restitui

2188 642 2310 722 παρ’
2368 645 2582 701 ἐκείνων
2625 644 2864 709 ἀξιωθεὶς
2935 647 3001 704 τὰ
3059 646 3332 724 τραύματα
3377 645 3476 722 μέν
3534 645 3819 724 ὑγιάζεται,

457 748 556 802 tur
587 740 657 802 ad
691 729 896 812 hoc,ut
921 743 1123 818 posset
1151 735 1404 815 ingredi.
1425 732 1700 794 Nondum
1734 729 1974 818 enimis
1999 747 2066 790 re

2187 733 2360 812 κύριος
2413 732 2467 789 δέ
2507 733 2602 790 τοῦ
2643 733 2873 807 βαδίζειν
2938 733 3183 811 οὒδαμῶς
3242 737 3464 815 γίνεται,
3518 735 3680 793 Οὔπω
3732 737 3824 813 γὰρ

457 847 604 890 vera
635 844 864 890 sacram
896 817 1219 887 anchoram
1252 821 1735 904 apprehenderat
1765 817 2070 882 Danielem

2182 821 2278 889 τῆς
2332 825 2474 900 ἱερᾶς
2521 823 2753 901 ἀγκύρας
2813 827 2842 880 ὁ
2903 825 3106 892 Δανιὴλ
3150 824 3284 890 αὕτη
3333 826 3470 883 κατὰ
3526 826 3589 881 τὸ
3637 823 3823 890 ἀληθές

455 917 599 979 Cum
635 915 834 976 multis
865 932 1004 992 ergo
1035 913 1310 993 lacrymis
1343 909 1740 991 persuasisset
1789 907 2079 988 episcopo

2183 907 2505 988 δραξάμενος
2559 912 2647 980 ἧν.
2695 912 2934 978 Πολλοῖς
2976 914 3068 972 οὖν
3110 912 3325 992 δάκρυσι
3387 916 3479 972 τόν
3542 913 3824 970 ἐπίσκοπον

454 1013 516 1066 ιιι
538 1006 734 1085 ipsum
761 1003 834 1065 ad
854 1021 1132 1082 magnum
1157 1001 1418 1062 mitteret
1437 997 1748 1061 Danielem
1785 997 1916 1073 (hac
1938 997 2079 1057 enin

2183 1003 2368 1065 πείσας
2427 1001 2512 1059 ἐπὶ
2568 1003 2660 1057 τὸν
2703 1001 2870 1080 μέγαν
2915 1003 3072 1060 αὒτὸν
3115 1003 3462 1080 ἀποστεῖλαι,
3515 1003 3702 1060 τούτου
3731 1003 3824 1080 γὰρ

452 1093 528 1154 de
559 1111 734 1154 causa
757 1091 999 1172 jurabat
1029 1110 1095 1152 se
1126 1091 1240 1152 iter
1259 1107 1391 1152 esse
1415 1085 2079 1168 ingressum),tanquan

2183 1087 2338 1145 ἓνεκα
2395 1092 2485 1146 καὶ
2543 1089 2806 1166 διώμνυτο
2867 1093 2965 1160 τὴν
3025 1096 3239 1170 πορείαν
3297 1095 3624 1163 ποιήσασθαι
3661 1139 3677 1165 ,
3739 1096 3826 1148 οἶα

452 1200 601 1243 onus
631 1183 964 1243 inanimum
1017 1179 1363 1259 impositum
1411 1175 1728 1256 jumentis,
1763 1174 1998 1234 ducitur
2024 1191 2079 1234 at

2184 1180 2374 1257 φόρτος
2419 1178 2633 1259 ἄψυχος
2693 1193 2811 1243 τοῖς
2861 1183 3163 1260 δποζυγίοις
3224 1182 3504 1256 ἐπιτεθεὶς,
3567 1182 3824 1260 ἀπάγεται

449 1268 985 1332 sanctum.Deinde
1013 1267 1302 1328 columnae
1332 1264 1671 1346 impositus,
1707 1263 1848 1344 quid
1883 1280 2001 1323 non
2023 1280 2079 1324 at

2182 1269 2314 1337 πρὸς
2345 1269 2436 1323 τὸν
2493 1267 2663 1331 ὅσιον,
2725 1273 2859 1328 Εἶτα
2913 1274 2991 1345 τῷ
3032 1270 3208 1344 στύλῳ
3246 1273 3578 1349 παρατεθεὶς,
3641 1272 3690 1326 τί
3749 1270 3823 1345 μὴ

451 1359 805 1420 movendam
837 1356 1078 1419 dicebat
1105 1352 1585 1416 misericordiam
1611 1354 1636 1412 ζ’
1685 1369 1832 1431 quas
1865 1369 1985 1412 non
2013 1369 2076 1412 ve

2182 1357 2314 1435 πρὸς
2367 1357 2552 1413 οἶκτον
2597 1356 2772 1431 ἔλεγε,
2833 1360 2882 1414 τί
2943 1360 3022 1435 μὴ
3066 1361 3199 1436 πρὸς
3243 1358 3390 1416 ἔλεον
3437 1360 3627 1430 ἐποίει,
3675 1359 3826 1416 ποίαν

451 1447 746 1510 maximas
763 1446 1044 1508 aﬂ‘erebat
1069 1441 1553 1506 lamentationes?
1572 1439 2079 1520 Clamabat,lacry-

2181 1447 2385 1524 θρήνων
2465 1443 2764 1522 ὑπερϐολὴν
2857 1450 3276 1524 diremti-iuvato;
3340 1449 3527 1528 Ἐὅόα,
3589 1446 3822 1526 ἐδάκρυε,

451 1535 1037 1617 mabatur,manibus
1071 1531 1528 1613 petebat,oculis
1548 1528 1864 1591 revocabat
1885 1531 1944 1589 in
1965 1547 2079 1591 me-

2181 1548 2304 1599 ταῖς
2337 1537 2520 1614 χερσὶν
2552 1536 2760 1611 ᾐτεῖτο,
2799 1551 2914 1602 τοῖς
2949 1539 3251 1617 ὀφθαλμοῖς
3283 1544 3382 1606 τῆς
3413 1537 3480 1593 δι’
3520 1539 3676 1596 αὐτὸν
3711 1535 3828 1596 ὁδοῦ

452 1625 702 1686 moriam
733 1626 850 1685 iter
879 1632 1123 1704 propter
1153 1641 1286 1683 eum
1341 1633 1712 1701 suspectum,
1745 1618 2079 1680 ostendeba‘

2181 1624 2574 1702 ὑπεμίμνησκε,
2608 1627 2673 1682 τὰ
2728 1627 2787 1684 ἐκ
2833 1628 2937 1684 τῶν
2969 1628 3187 1704 λῃστῶν
3230 1626 3428 1686 ἐδείκνυ
3457 1627 3618 1684 κακά.
3675 1626 3824 1682 Ἀλλ’

451 1715 603 1775 mala
625 1731 758 1794 quae
776 1719 1087 1792 acceperat
1106 1728 1139 1771 a
1162 1708 1640 1772 latronibus.Sed
1663 1709 1756 1768 hic
1779 1708 1927 1768 mihi
1950 1725 2079 1768 con-

2181 1713 2402 1770 ἐνταῦθα
2431 1736 2521 1790 μοι
2577 1716 2766 1772 σκόπει
2823 1723 2912 1772 τοῦ
2970 1714 3170 1773 δικαίου
3203 1719 3262 1773 τὸ
3293 1717 3483 1792 ἄτιμον
3532 1717 3622 1773 καὶ
3678 1715 3828 1789 μισό-

448 1803 854 1882 sidera,quam
884 1808 1042 1862 esset
1071 1799 1168 1861 hic
1203 1816 1449 1876 magnus
1497 1817 1530 1859 a
1563 1798 1714 1858 fastu
1744 1795 1998 1872 alienus,
2037 1810 2079 1858 e:

2181 1800 2325 1868 δοξον
2365 1819 2380 1834 ⁹
2416 1805 2503 1860 καὶ
2531 1802 2676 1870 ὅπως
2706 1807 2968 1874 τοσαύτην
3016 1810 3142 1885 εἶχε
3198 1804 3451 1885 πρόνοιαν
3493 1815 3586 1864 τοῦ
3619 1805 3828 1885 φεύγειν

450 1901 733 1971 quantum
758 1889 965 1952 oderat
981 1888 1231 1967 gloriam
1258 1908 1274 1964 ;
1307 1898 1366 1949 et
1390 1886 1896 1967 quemadmodum
1918 1886 1978 1946 in
2000 1884 2079 1946 fu-

2181 1893 2344 1967 τιμὴν
2404 1891 2506 1960 ὅση
2531 1897 2648 1957 τοῖς
2681 1893 2771 1950 ἄλ.)
2789 1917 2868 1959 οις
2919 1902 3013 1954 τοῦ
3056 1884 3210 1962 δόξης
3237 1884 3526 1954 ἆπολαύειν
3555 1884 3822 1970 ἐπιθυμία.

445 1981 664 2058 giendo
697 1980 925 2040 honore
967 1985 1196 2039 tantum
1251 1979 1516 2057 posuerit
1565 1975 1771 2050 studii,
1804 1985 2079 2066 quantum

2180 1982 2309 2040 "lva
2336 1983 2436 2062 γὰρ
2467 1982 2628 2062 ἐτέρῳ
2657 1984 2756 2052 τὴν
2813 1983 2960 2042 ἴασιν
3011 1985 3430 2066 ἐπι-γράφωνται,
3476 1990 3554 2059 τῷ
3582 2007 3676 2042 του
3718 1990 3826 2040 Συ-

442 2068 548 2131 alii
576 2067 650 2131 ad
672 2069 928 2148 gloriam
947 2066 1428 2148 consequendam
1451 2066 1724 2126 feruntur
1748 2065 2079 2145 cupiditate.

2178 2073 2324 2148 μεὼν
2384 2074 2571 2138 αὐτοὺς
2653 2076 2914 2153 εὒιιτηρίῳ
2981 2075 3331 2154 παρέπεμπεν
3364 2123 3380 2153 ,
3444 2077 3489 2132 εἰ
3545 2076 3636 2131 καὶ
3691 2073 3828 2130 οὕτω

444 2155 519 2219 Ut
540 2156 700 2218 enim
722 2157 823 2219 alii
847 2155 1219 2220 ascriberent
1249 2153 1754 2230 curationem,eos
1785 2153 2079 2223 transmit-

2179 2161 2412 2237 μάλιστα
2443 2169 2633 2239 μεῖζον
2665 2165 2806 2238 αύτῴ
2848 2166 2883 2232 ἡ
2927 2153 3070 2230 δόξα
3100 2179 3447 2244 περιηχεῖτι).
3483 2162 3638 2220 Ἀλλ’
3668 2167 3825 2220 ἐπανο

446 2245 605 2309 tebat
624 2248 697 2308 ad
721 2247 1022 2310 Simeonis
1041 2245 1375 2334 oratorium
1395 2265 1411 2320 ;
1437 2245 1669 2306 etiamsi
1711 2244 1898 2322 major
1917 2243 1989 2305 ad
2007 2243 2079 2324 ip

2176 2251 2313 2308 ιτέον
2357 2252 2474 2309 ὅθεν
2505 2251 2785 2328 ἐξέϐημεν.
2819 2253 2914 2320 Ὠς
2973 2256 3074 2334 γὰρ
3132 2243 3336 2320 ἐκεῖνος
3385 2267 3498 2318 τοῖς
3551 2255 3826 2330 βαστάσα-

443 2352 576 2396 sum
608 2355 678 2397 ex
711 2354 782 2398 eo
812 2335 1039 2399 rediret
1089 2335 1304 2423 gloria.
1339 2332 1458 2397 Sed
1490 2335 1920 2395 revertendum
1974 2343 2079 2410 est,

2176 2363 2258 2398 σιν
2290 2343 2362 2405 εἰς
2395 2343 2453 2399 ὃν
2502 2342 2894 2421 προσετέτακτο
2942 2353 3034 2402 τοῦ
3093 2345 3315 2419 Συμεὼν
3371 2343 3659 2423 ἀπηνέχθη
3695 2343 3827 2400 νεὼν

446 2425 606 2487 unde
641 2425 894 2505 digressi
925 2422 1482 2504 sumusPostquam
1506 2423 1666 2512 enim
1700 2421 1800 2483 ille
1828 2430 2079 2512 portatu:

2175 2433 2263 2488 καὶ
2291 2432 2368 2506 τῷ
2397 2431 2456 2489 ἐκ
2487 2438 2593 2488 τῶν
2635 2432 2911 2508 λειψάνων
2968 2433 3130 2508 ἐλαίῳ
3187 2423 3525 2501 καθεκάστην
3552 2421 3819 2512 -ἐχρίετο,

440 2514 550 2576 fuit
578 2516 654 2576 ad
689 2515 974 2595 templum
1007 2512 1424 2587 Simeonis,ad
1459 2513 1617 2593 quod
1641 2511 1850 2602 jussus
1877 2510 2079 2593 fuerat,

2174 2517 2306 2588 ἕκτη
2352 2522 2449 2594 μέν
2489 2523 2558 2587 ἦν
2587 2521 2704 2599 ἄρτι
2735 2524 2852 2601 περὶ
2880 2523 2979 2590 τὴν
3012 2521 3104 2593 ἕω,
3166 2531 3258 2582 τοῦ
3299 2523 3356 2580 δέ
3414 2510 3664 2602 μεγάλούή
3707 2524 3827 2600 περὶ

441 2611 500 2663 ει
530 2604 689 2684 quod
721 2623 789 2665 ex
819 2603 1096 2683 reliquiis
1126 2602 1408 2682 sumitur,
1441 2604 1577 2692 oleo
1605 2599 1874 2692 quotidie
1903 2619 2079 2680 unge-

2175 2611 2271 2676 τὰς
2304 2610 2522 2674 ἑωθινὰς
2556 2609 2695 2685 ᾠδὰς
2743 2599 3026 2686 ἱσταμένου
3067 2615 3262 2670 ταυτὸν
3319 2619 3396 2686 τῷ
3439 2599 3680 2692 προτέρῳ
3738 2599 3827 2668 καὶ

441 2693 647 2770 batur,
666 2695 788 2772 jam
823 2696 1062 2773 quidem
1088 2699 1216 2752 erat
1235 2700 1434 2752 sextus
1462 2690 1589 2752 dies
1611 2691 1772 2752 circa
1789 2707 2079 2773 auroram,

2176 2702 2295 2779 περὶ
2351 2707 2537 2757 τοῦτον
2595 2700 2823 2779 ἐγίνετο.
2884 2700 3082 2782 ’Ἄφνω
3137 2723 3194 2759 τε
3239 2703 3339 2781 γὰρ
3368 2702 3454 2760 ἐπὶ
3483 2690 3615 2766 τοὺς
3657 2699 3824 2764 πόδας

441 2800 574 2842 cum
599 2791 784 2844 staret
814 2799 1062 2860 magnus
1094 2779 1308 2844 Daniel
1361 2781 1436 2841 ad
1493 2781 1728 2844 cantica
1781 2780 2079 2858 matutina1

2175 2789 2417 2866 ἵσταται,
2476 2792 2565 2848 καὶ
2621 2787 2886 2868 δρομαίως
2943 2779 3068 2856 τοῦς
3116 2779 3348 2869 βαθμούς
3401 2789 3693 2866 ἀναϐαίνει,
3737 2791 3826 2848 καὶ

438 2872 599 2935 idem
625 2872 762 2934 huic
785 2890 1025 2953 quoque
1048 2870 1453 2951 accidit,quod
1477 2869 1666 2951 priori
1692 2891 1709 2948 ;
1734 2886 1868 2959 nam
1902 2879 1962 2933 et
1989 2888 2079 2934 re-

2172 2886 2251 2954 τῷ
2292 2881 2469 2954 στύλῳ
2525 2880 2873 2959 περιπλακεὶς
2933 2885 3011 2955 τῷ
3072 2885 3189 2953 Θεῴ
3245 2903 3303 2938 τε
3353 2883 3442 2939 καί
3504 2887 3584 2956 τῷ
3637 2880 3825 2937 τούτου

439 2971 617 3042 pente
646 2962 917 3025 consistit
973 2977 1156 3042 supra
1220 2960 1432 3042 pedes,
1486 2968 1545 3021 et
1591 2957 1816 3022 cursim
1871 2960 2079 3038 gradus

2171 2971 2452 3050 θεραίποντι
2496 2957 2607 3039 τὴν
2639 2969 2983 3050 εὐχαριστίαν
3040 2968 3228 3035 ἐδίδου.
3299 2969 3470 3028 Ἀλλὰ
3525 2974 3575 3028 τί
3628 2971 3707 3046 μὴ
3763 2971 3823 3027 τὸ

437 3053 730 3132 ascendit,
760 3061 820 3114 et
848 3052 1185 3113 columnam
1219 3050 1552 3129 amplexus,
1581 3052 1704 3112 Deo
1735 3058 1795 3110 ει
1825 3050 1956 3130 ejus
1984 3051 2079 3116 mi-

2172 3066 2357 3136 μεῖζον
2387 3060 2583 3139 λέγως
2640 3059 2919 3126 Ἰππάσιός
2975 3083 3056 3125 τις
3098 3061 3200 3129 τὴν
3231 3059 3378 3128 ἀξίαν
3437 3062 3526 3118 καὶ
3571 3061 3670 3127 τὴν
3725 3060 3816 3116 πί-

440 3144 626 3203 nistro
659 3141 871 3219 agebat
901 3141 1139 3220 gratias.
1173 3141 1295 3203 Sed
1341 3157 1448 3202 cur
1501 3157 1620 3200 non
1649 3139 1786 3201 dico
1809 3139 1896 3220 id,
1928 3139 2079 3220 quod

2173 3172 2288 3207 στιν
2345 3150 2774 3230 ἑκατοντάρχης,
2824 3150 3005 3228 ὥσπερ
3061 3151 3249 3230 πρώην
3279 3153 3308 3208 ὁ
3338 3151 3393 3208 ἐν
3423 3163 3542 3215 τοῖς
3581 3149 3816 3228 Εὖαγγε-

440 3239 533 3293 εει
556 3213 781 3309 majus‘l
805 3213 1059 3303 Quidam
1082 3229 1493 3310 Hippasius,et
1522 3213 2079 3292 auctoritate-et-lide

2170 3240 2304 3305 Met;
2359 3213 2788 3318 περιᾳδόμεῖος”
2857 3213 3006 3304 οὗτος
3057 3213 3254 3313 τύίνυν,
3305 3237 3494 3295 εἴποτέ
3529 3213 3660 3295 ᾐτινα
3702 3213 3823 3295 ἰιίῶν

436 3324 711 3383 centurio
735 3330 886 3401 erat,
913 3324 1071 3382 sicut
1092 3320 1145 3382 is
1166 3321 1268 3400 qui
1289 3318 1632 3381 celebratur
1649 3317 1713 3380 in
1729 3318 2079 3398 Evangeliis.

2170 3329 2376 3387 οἱιιείων
2533 3333 2802 3406 συγγενῶν
2858 3327 2896 3395 ἢ
2943 3324 3142 3384 παίδων
3173 3327 3208 3395 ἢ
3239 3325 3451 3383 δούλων
3487 3326 3628 3398 νόσῳ
3679 3326 3827 3402 ἐώρα

432 3409 544 3473 Hic
573 3429 715 3490 ergo
745 3410 797 3471 si
829 3410 1068 3492 quando
1110 3412 1356 3472 vidisset
1383 3408 1644 3491 aliquem
1671 3424 1746 3471 ex
1767 3408 2083 3471 familiari-

433 3499 676 3577 bus,aut
705 3501 996 3581 cognatis,
1028 3509 1130 3561 aut
1160 3499 1323 3576 ﬁliis,
1355 3507 1456 3561 aut
1500 3498 1689 3561 servis
1719 3498 1934 3560 morbo
1967 3498 2083 3559 im-

433 3593 770 3663 plicatum,a
793 3605 992 3651 sancto
1014 3591 1245 3663 scriptis
1267 3591 1502 3651 verbum
1524 3591 1711 3648 solum
1733 3591 2081 3662 requirebat,

432 3688 490 3739 et
521 3681 828 3756 aegrotanti
861 3679 1181 3760 imponens
1209 3676 1549 3758 epistolam,
1572 3674 1771 3736 statim
1807 3673 2082 3738 morbum

433 3776 713 3846 tanquam
763 3769 1030 3850 aliquem
1083 3768 1394 3846 fugitivum
1430 3765 1691 3844 fugabat.
1727 3767 1873 3829 Cum
1903 3765 2085 3828 unius

428 3857 624 3922 adhuc
658 3857 1308 3941 meminero,accedam
1341 3855 1416 3918 ad
1450 3855 1652 3935 magni
1674 3854 1942 3920 Danielis
1971 3857 2084 3919 mi-

427 3950 785 4026 grationem.

505 4037 601 4102 LI.
644 4041 856 4103 Mulier
909 4036 1180 4120 quaedam
1229 4037 1456 4100 habens
1512 4035 1725 4115 tilium,
1762 4035 2081 4100 duodecim

433 4145 624 4190 annos
655 4138 885 4205 natum,
920 4129 996 4190 ab
1019 4138 1154 4190 ortu
1185 4136 1415 4190 mutum
1442 4144 1460 4203 ;
1497 4143 1590 4203 ea,
1647 4127 1914 4208 inquam,
1945 4144 2083 4190 cum

435 4216 690 4281 latenter
717 4220 1094 4300 accessisset,
1118 4226 1179 4280 et
1207 4219 1268 4279 in
1304 4223 1496 4280 sancti
1523 4217 1778 4279 mandra
1799 4216 2085 4279 charissi-

435 4326 600 4371 mum
636 4312 1094 4389 posuisset,cum
1128 4308 1286 4370 bona
1309 4325 1418 4388 5pc
1447 4305 1935 4370 recedit.Vident
1963 4306 2081 4369 ita-

433 4418 548 4480 que
580 4401 857 4464 mouachi
896 4418 1173 4482 puerum,
1208 4405 1268 4460 et
1295 4415 1432 4461 cum
1464 4415 1603 4460 eum
1658 4395 2078 4474 sumpsissent,

433 4495 663 4552 ducunt
688 4491 763 4552 ad
795 4497 1089 4553 sanctum.
1127 4490 1230 4552 llle
1260 4506 1398 4550 vero
1429 4506 1564 4550 cum
1596 4503 1734 4547 eum
1763 4483 1958 4544 solum
1991 4485 2081 4544 vi-

2167 3417 2579 3497 περισχεθέντα,
2637 3417 2784 3494 ῥῆμα
2841 3417 3002 3491 μόνον
3051 3414 3136 3476 διὰ
3191 3420 3398 3496 γραφῆς
3427 3413 3670 3485 ἐπεζήτει
3729 3415 3827 3470 τὸν

2167 3506 2338 3582 ὅσιον,
2385 3509 2472 3564 καὶ
2515 3506 2616 3574 τὴν
2659 3504 2950 3575 ἐπιστολὴν
2993 3513 3071 3582 τῷ
3127 3508 3367 3563 νοσοῦντι
3432 3503 3682 3567 ἐπιτιθεὶς
3729 3505 3829 3561 εύ-

2165 3597 2297 3663 θέως
2355 3593 2534 3677 ὥσπερ
2576 3597 2695 3654 τινὰ
2737 3593 3004 3676 δραπέτην
3063 3595 3161 3663 τὴν
3191 3596 3344 3652 νόσον
3374 3594 3582 3675 φεύγειν
3628 3591 3821 3653 ἐποίει.

2166 3684 2315 3751 Ἐνὸς
2349 3686 2427 3744 ἔτι
2471 3687 2724 3764 μνησθεὶς
2778 3685 2864 3745 ἐπὶ
2915 3687 3012 3756 νὴν
3071 3692 3166 3744 τοῦ
3212 3683 3452 3763 μεγάλου
3495 3682 3822 3760 μετάστασιν

2164 3775 2472 3856 βαδιοῦμαι.

2243 4045 2355 4104 NA’
2368 4093 2383 4109 .
2428 4046 2567 4115 Γυνή
2610 4067 2692 4110 τις
2720 4044 2828 4103 υἱὸν
2860 4039 3062 4125 ἔχουσα
3094 4041 3182 4100 δύο
3212 4042 3348 4122 πρὸς
3375 4053 3494 4110 τοῖς
3523 4037 3650 4100 δέκα
3679 4043 3820 4122 χρόα

2167 4155 2284 4200 νοις
2339 4137 2437 4203 τὴν
2480 4133 2690 4203 ἠλικίαν
2734 4134 2794 4190 ἐκ
2850 4135 3072 4212 γενετῆς
3115 4129 3338 4212 ἄλαλον,
3386 4130 3521 4198 αὕτη
3581 4132 3717 4188 κατὰ
3760 4132 3828 4189 τὸ

2165 4223 2392 4293 λεληθὸς
2425 4225 2783 4306 προσελθοῦσα
2826 4225 2916 4281 καὶ
2957 4229 3026 4300 τῇ
3069 4221 3272 4303 μάνδρα
3337 4229 3422 4282 τοῦ
3475 4223 3621 4282 ὁσίου
3678 4243 3826 4301 προ-

2163 4317 2317 4376 θεῖσα
2348 4317 2438 4372 τὸν
2479 4315 2730 4394 φίλτατον
2775 4313 2914 4390 μετὰ
2956 4313 3213 4393 χρηστῶν
3269 4312 3448 4369 ἄπεισι
3509 4311 3615 4369 τῶν
3658 4309 3827 4368 ἐλπί-

2164 4401 2292 4464 δων.
2357 4396 2549 4482 Ὀρῶσι
2580 4405 2750 4460 τοίνυν
2782 4404 2830 4460 οἱ
2862 4403 3098 4484 μοναχοὶ
3140 4403 3234 4459 τὸν
3274 4399 3468 4476 παῖδα,
3505 4403 3593 4459 καὶ
3622 4397 3831 4458 λαϐόν-

2161 4511 2251 4554 τες
2309 4491 2495 4570 είγουσι
2538 4493 2670 4570 πρὸς
2728 4493 2818 4548 τὸν
2872 4491 3041 4556 ὅσιον.
3103 4490 3165 4550 Ὀ
3217 4489 3272 4549 δὲ
3327 4492 3417 4548 καὶ
3476 4491 3640 4567 μόνον
3701 4487 3830 4546 ἰδὼν

435 4579 644 4661 disset,
669 4581 850 4660 jussit
880 4589 946 4642 ut
975 4598 1109 4642 cum
1163 4579 1250 4640 eis
1295 4583 1655 4649 versaretur,
1687 4573 1924 4636 futurus
1953 4575 2079 4655 ipse

2165 4579 2374 4637 ἐκέλευε
2430 4593 2665 4640 συνεῖναι
2719 4582 2922 4648 τούτοις
2981 4581 3289 4660 λειτουργὸν
3349 4581 3500 4639 αὐτὸν
3546 4587 3641 4636 τοῦ
3687 4585 3831 4636 Θεοῦ

434 4667 544 4732 Dei
571 4672 869 4734 minister.
905 4670 1226 4748 Postquam
1259 4675 1460 4729 autem
1493 4665 1882 4750 signﬁcarunt
1909 4663 2079 4727 beato

2165 4670 2442 4748 ἐσόμενον.
2499 4669 2721 4737 Ἐπειδὴ
2778 4669 2834 4728 δὲ
2880 4674 2970 4730 καὶ
3011 4673 3072 4729 τὸ
3116 4669 3316 4728 ἄλαλον
3359 4674 3499 4728 εἶναι
3529 4672 3619 4727 τὸν
3651 4667 3829 4727 παῖδα

433 4778 684 4840 puerum
707 4779 841 4824 esse
865 4759 1296 4838 mutum,jubet
1317 4756 1480 4818 illius
1501 4757 1762 4833 linguam
1789 4756 1926 4833 ungi
1948 4756 2079 4819 oleo

2166 4769 2241 4837 τῷ
2299 4763 2542 4841 μακαρίῳ
2619 4761 2910 4843 ἐγνώρισαν
2945 4810 2961 4839 ,
3039 4761 3280 4842 χρίεσθαι
3339 4767 3417 4836 τῷ
3475 4766 3583 4816 τῶν
3651 4759 3831 4838 ἁγίων

431 4860 802 4914 sanctorum.
834 4851 979 4922 Quis
1010 4847 1373 4930 praeterierit
1428 4864 1499 4909 ea
1552 4861 1684 4924 quas
1712 4852 1851 4906 sunt
1881 4854 2084 4924 postea

433 4949 754 5003 consecuta
772 4943 799 5000 Ἰ
817 4941 1208 5020 Suspicantur
1232 4945 1481 4998 matrem
1502 4943 1744 5016 propter
1761 4945 2082 5016 pauperta-

435 5039 555 5092 tem
579 5033 926 5095 mentiendo
946 5031 1170 5091 dixisse
1191 5027 1378 5088 ﬁlium
1404 5043 1535 5088 esse
1559 5034 1884 5098 mutum,ut
1908 5044 1980 5088 ex
2009 5045 2080 5089 eo

431 5123 696 5185 aleretur
715 5121 874 5184 ﬁlius
902 5140 916 5178 :
953 5129 1012 5181 et
1047 5117 1533 5200 accedentes,alii
1552 5117 1794 5198 quidem
1825 5115 1882 5178 ei
1911 5117 2083 5180 incu-

434 5212 660 5274 tiebant
693 5221 1009 5291 terrorem,
1040 5218 1107 5271 ut
1133 5209 1221 5271 sic
1250 5209 1643 5270 conturbatus
1691 5206 2076 5288 loqueretur;

433 5304 536 5365 alii
561 5313 760 5364 autem
792 5301 929 5363 telis
947 5301 1292 5380 pungebant
1311 5297 1706 5360 dormientem
1713 5304 1840 5376 ,aut
1859 5297 2080 5378 linguis

433 5393 715 5470 acutis,et
735 5399 986 5473 repente
1007 5408 1042 5452 ε
1061 5390 1290 5451 somnis
1311 5388 1742 5464 cxcitabant,ut
1760 5387 2070 5470 clamasse,

434 5492 497 5547 et
513 5482 742 5565 aliquid
762 5482 1006 5546 interim
1029 5481 1250 5546 dixisse
1266 5479 1912 5564 deprehenderetur.ls
1932 5497 2072 5543 vero

429 5594 565 5642 cum
598 5575 777 5638 vellet
805 5574 934 5656 ipse
963 5572 1204 5655 quidem
1241 5575 1426 5637 multa
1455 5569 1657 5633 dicere
1688 5586 1809 5649 prae
1839 5569 2070 5648 dolore,

423 5669 621 5737 valido
651 5677 848 5733 autem
877 5664 1078 5732 morbi
1093 5664 1336 5728 vinculo
1355 5663 1620 5740 linguam
1641 5658 1890 5724 haberet
1911 5679 2067 5743 pm-

2164 4851 2326 4926 ἐῗιαίῳ
2359 4852 2462 4920 τὴν
2517 4851 2716 4909 ἐκείνου
2773 4851 3017 4931 γλῶτταν
3049 4851 3394 4932 προστάσσει.
3427 4851 3514 4914 Τίς
3546 4847 3610 4906 ἂν
3641 4870 3832 4928 παρα-

2162 4941 2349 5021 δράμοι
2379 4943 2444 4998 τὰ
2475 4943 2611 5018 μετὰ
2645 4948 2812 4999 ταῦτα
2846 4961 2863 5022 ;
2900 4933 3284 4999 ’Υποπτεύουσι
3326 4942 3425 5007 τὴν
3479 4937 3693 5018 μητέρα
3734 4936 3832 4995 διὰ

2161 5033 2342 5089 πενίαν
2397 5031 2782 5109 ἐπιψεύσασθαι
2830 5037 2909 5106 τῷ
2969 5028 3208 5110 φιλτάτῳ
3253 5029 3354 5098 τὴν
3413 5027 3672 5109 ἀφωνίαν,
3732 5026 3819 5082 ἵν’

2159 5122 2374 5180 αὐτόθεν
2433 5123 2462 5178 ὁ
2505 5133 2636 5184 παις
2668 5124 2804 5196 αύτῇ
2837 5118 3168 5199 διατρέφοιτο
3205 5137 3218 5152 ·
3252 5119 3342 5178 καὶ
3395 5117 3703 5198 προσιόντες
3767 5118 3821 5174 οἱ

2161 5213 2260 5290 μὲν
2298 5213 2442 5286 αύτῷ
2496 5207 2687 5291 φόϐους
2724 5207 2892 5268 ἴστων
2917 5209 3012 5266 καὶ
3043 5206 3291 5287 δείματα,
3335 5207 3428 5268 ’ίνα
3457 5207 3818 5288 ἐκταραχθεὶς

2161 5300 2470 5382 φθέγξηται,
2545 5303 2591 5358 οἱ
2649 5300 2704 5357 δὲ
2783 5297 3098 5356 καθεύδοντα
3172 5297 3380 5376 βέλεσιν
3439 5297 3711 5365 ἔπλησσον
3775 5295 3819 5366 ἢ

2157 5391 2331 5459 ξύλοις
2389 5391 2554 5468 ὀξέσι,
2613 5392 2703 5448 καὶ
2746 5386 3012 5470 αἰφνιδίως
3055 5395 3162 5448 τῶν
3190 5388 3367 5446 ὕπνων
3418 5387 3665 5462 ἂνίστων,
3711 5387 3817 5443 ἵνα

2156 5485 2246 5541 καὶ
2296 5483 2499 5560 βοήσας
2550 5478 2589 5549 ἦ
2629 5503 2679 5538 τι
2726 5481 3000 5561 παρειπὼν
3029 5482 3268 5561 φωραθῇ.
3307 5471 3364 5538 (Ο
3414 5477 3470 5535 δὲ
3499 5476 3676 5536 πολλᾶ
3704 5476 3816 5553 μὲν

2155 5574 2244 5630 καὶ
2286 5573 2443 5637 αὐτὸς
2471 5573 2570 5629 ὑπὸ
2600 5576 2699 5641 τῆς
2755 5570 2942 5640 ὀδύνης
2984 5569 3175 5629 ἐθέλων
3219 5571 3417 5651 εἰπεῖν,
3463 5573 3539 5642 τῷ
3599 5565 3654 5624 δὲ
3709 5573 3814 5624 τοῦ

2153 5665 2350 5730 πάθους
2400 5664 2607 5742 ἰσχυρῷ
2693 5661 2873 5741 δεσμῴ
2952 5661 3050 5731 τὴν
3106 5665 3350 5740 γλῶτταν
3426 5655 3807 5736 πεπεδημένος
