4086 6416
422 333 578 412 4035
1628 331 2016 408 ADDENDA.
2065 371 2142 388 --
2171 329 2602 406 DECEMBER.
3654 326 3802 404 1036

421 491 518 545 tus
549 488 641 545 est
667 482 902 546 ratione
932 490 994 544 et
1024 481 1339 564 sapientia,
1374 485 1434 542 et
1461 477 1681 541 deinde
1711 478 1896 541 ccelos
1925 493 2068 558 quo-

2154 475 2325 532 πάντα
2383 474 2529 554 λόγῳ
2558 479 2646 534 καὶ
2693 478 2850 557 σοφίᾳ
2881 475 3304 555 δημιουργῆσος,
3339 476 3465 533 εἶτα
3525 476 3616 532 καὶ
3645 479 3802 554 οὖρα-

422 590 540 653 que
561 572 958 647 inclinavit,et
987 562 1300 634 descendit
1318 568 1379 628 in
1405 576 1621 629 terram
1643 568 1785 642 “,et
1807 573 2068 626 mortuus

2161 564 2278 627 νοὺς
2338 562 2542 636 κλίνας,
2575 567 2663 623 καὶ
2706 565 2974 623 κατελθὼν
3015 567 3111 621 ἐπὶ
3153 565 3278 642 γῆς,
3326 567 3414 622 καὶ
3467 565 3600 642 ὑπὲρ
3657 569 3804 641 *ἐμῶν

426 652 541 741 est,
576 669 634 723 et
665 661 998 724 resurrexit
1030 678 1136 741 pro
1162 656 1360 732 nobis,
1394 657 1524 738 ipse
1555 657 1671 720 erit
1717 656 2018 718 vobiscum
2055 673 2068 721 :

2156 653 2325 709 θανών
2370 675 2427 710 τε
2483 657 2578 712 καί
2619 655 2872 734 ἀναστὰς,
2919 657 3075 717 αὐτὸς
3129 653 3274 711 ’ἐσται
3329 655 3448 729 μεθ’
3503 652 3675 728 ὄμῶνο
3734 657 3804 718 ὡς

425 761 491 812 ut
520 740 761 832 sapiens
795 740 1172 831 quidem,vos
1199 765 1448 810 servans
1479 766 1512 808 a
1546 746 1802 826 maligno
1833 767 1848 826 ;
1877 754 1940 806 ut
1961 743 2068 806 Do-

2156 741 2254 816 μὲν
2285 744 2469 822 σοφὸς,
2515 743 2792 823 φυλάττων
2853 745 2961 801 ἀπὸ
3000 750 3090 802 τοῦ
3121 752 3378 823 πονηροῦ,
3412 746 3485 808 ὡς
3529 741 3583 799 δε
3612 740 3806 800 δεσπόο

425 842 623 901 minus
654 839 955 914 autem,ad
981 856 1148 900 suam
1174 853 1541 900 conservans
1561 836 1928 898 voluntatem
1958 852 1974 909 ;
2011 843 2068 895 ut

2155 853 2255 898 της
2286 833 2360 895 είς
2403 834 2464 888 τὸ
2521 837 2679 893 αὑτοῦ
2734 833 2944 909 θέλημα
3000 837 3294 911 συντηρῶν,
3326 836 3398 898 ὡς
3458 831 3513 890 δὲ
3566 835 3652 890 καὶ
3699 855 3808 889 πα-

424 937 592 1008 pater
611 928 834 1002 vero,si
860 927 1010 990 forte
1030 927 1354 1002 aberretis,
1387 925 1645 1004 benigne
1672 941 1984 996 revocans,
2017 931 2068 984 et

2157 923 2281 1000 τηρ,
2316 921 2414 978 κᾶν
2474 921 2529 978 εἷ’
2585 946 2634 980 τι
2693 923 2953 1002 σφαλῆτε,
3004 923 3387 1004 φιλανθρώπως
3441 922 3811 997 ἀνακαλούμε-

422 1016 815 1094 spiritualiter
863 1017 1033 1078 ulnas
1057 1015 1230 1078 nobis
1261 1015 1590 1078 extendens
1613 1033 1632 1087 ;
1657 1023 1719 1076 ut
1742 1022 1940 1076 autem
1972 1011 2073 1092 qui

420 1123 487 1168 se
513 1125 620 1186 pro
642 1106 816 1168 nobis
845 1106 917 1168 ad
941 1113 1194 1167 mortem
1219 1104 1560 1179 tradiderit,
1591 1123 1694 1166 vos
1719 1104 1896 1165 etiam
1921 1103 2076 1164 inter

422 1213 522 1256 vos
545 1195 801 1257 invicem
829 1196 1156 1274 conjunget
1179 1193 1588 1269 concordia,et
1609 1194 1924 1266 efﬁciet,ut
1944 1190 2074 1252 sitis

422 1302 607 1346 unum
630 1283 1196 1365 spiritu.Sectemini
1227 1281 1649 1356 humilitatem,
1684 1279 1902 1342 servite
1933 1277 2074 1340 obe-

420 1372 690 1448 dientiae,
723 1381 918 1434 amate
948 1371 1433 1453 hospitalitatem,
1453 1367 2071 1450 jejunium,vigiliam,

419 1475 839 1537 paupertatem,
867 1474 922 1523 et
945 1465 1100 1537 quod
1121 1468 1210 1522 est
1237 1467 1488 1536 primum
1508 1472 1563 1520 et
1592 1464 1910 1519 maximum
1933 1475 2076 1532 prae-

422 1559 686 1630 ceptum,
732 1551 1122 1626 charitatem;
1164 1565 1299 1627 quae
1327 1548 1400 1609 ad
1435 1549 1712 1628 pietatem
1747 1545 2068 1628 pertinent,

421 1651 591 1702 recte
615 1639 1278 1703 tenete.Haereticorum
1300 1638 1525 1699 zizania
1547 1646 1752 1699 cavete
1778 1659 1793 1713 ;
1822 1654 1856 1697 a
1887 1645 2072 1697 matre

422 1738 610 1790 vestra
637 1729 905 1791 Ecclesia
927 1729 1172 1789 minime
1212 1725 1601 1807 separemini.
1637 1725 1695 1788 Si
1721 1727 1844 1787 haec
1871 1727 2072 1786 omnia

2157 1030 2243 1072 νος
2305 1013 2391 1068 καὶ
2439 1019 2809 1088 πνευματικῶς
2862 1014 2993 1090 ὅμῖν
3029 1015 3115 1076 τὰς
3173 1012 3414 1092 ἀγκάλας
3466 1011 3674 1070 ἀπλῶν·
3738 1013 3810 1077 ὣς

2157 1101 2214 1156 δὲ
2265 1102 2355 1158 καὶ
2412 1103 2542 1173 ὑπὲρ
2599 1105 2755 1179 ἡμῶν
2809 1106 2882 1166 είς
2960 1104 3184 1161 θάνατον
3256 1103 3544 1183 προέμενος
3603 1103 3806 1178 ἐαυτὸν,

2158 1190 2245 1245 καὶ
2302 1191 2435 1262 ὑμᾶς
2492 1190 2756 1262 ἀλλήλοις
2817 1195 3036 1266 ὁμονοίᾳ
3093 1191 3341 1272 συνάψει,
3403 1195 3492 1250 καὶ
3551 1213 3605 1249 εν
3666 1192 3806 1250 εἶναι

2157 1281 2544 1356 παρασκευάσει
2619 1288 2697 1356 τῷ
2767 1284 3052 1359 πνεύματι.
3098 1284 3606 1362 Ταπεινοφροσύνης
3673 1281 3807 1362 ἔχει·

2158 1371 2270 1448 σθε,
2333 1371 2542 1447 ὑπακοῇ
2598 1369 2892 1444 δουλεύετε,
2941 1371 3234 1452 φιλοξενίας
3307 1372 3482 1452 ἐρᾶτε,
3541 1373 3804 1451 νηστείας,

2156 1457 2469 1537 ἀγρυπνίας,
2505 1458 2908 1535 ἂκτημοσύνης,
2967 1467 3067 1530 τῆς
3128 1463 3345 1541 πρώτης
3403 1464 3491 1519 καὶ
3552 1463 3806 1540 μεγίστης

2155 1547 2262 1603 τῶν
2292 1547 2520 1606 ἐντολῶν
2571 1551 2808 1629 ἀγάπης,
2843 1553 2910 1609 τὰ
2939 1554 3069 1631 πρὸς
3106 1552 3374 1609 εὐσέϐειαν
3406 1553 3570 1632 ὀρθῶς
3605 1552 3806 1632 ἔχοιτε,

2154 1638 2220 1694 τὰ
2274 1638 2476 1709 ζιζάνια
2533 1641 2638 1696 τῶν
2694 1643 2973 1719 αἰρετικῶν
3045 1641 3389 1722 φυλάττεσθε,
3449 1643 3548 1709 τῆς
3607 1643 3808 1722 μητρὸς

2154 1727 2302 1801 ὑμῶν
2361 1729 2460 1794 τῆς
2545 1728 2875 1797 Ἐκκλησίας
2934 1721 3131 1808 κομιδῆ
3193 1732 3272 1806 μὴ
3324 1733 3636 1812 χωρίζεσθε.
3708 1721 3808 1790 ’Ἂν

419 1818 725 1908 feceritis,
746 1817 1457 1908 eritisvirtuteiperfecti.
1632 1905 1642 1908 Α
1759 1905 1771 1908 Α
1832 1904 1844 1908 _
1930 1903 1942 1908 _
2035 1902 2047 1908 -

2154 1823 2319 1873 ταῦτα
2350 1819 2524 1875 πάντα
2553 1820 2759 1900 ποιῆτι,
2808 1818 3001 1879 τέλειοι
3033 1825 3134 1889 τὴν
3163 1822 3355 1900 ἀρετὴν
3387 1821 3586 1884 ἔσεσθε,

499 1905 649 1971 LIV.
683 1907 820 1970 Haec
853 1907 969 1988 piis
1020 1906 1209 1968 labris
1239 1907 1499 1980 dictavit,
1535 1916 1597 1968 et
1620 1905 1800 1986 jussit
1832 1903 1946 1982 legi
1997 1902 2068 1966 ab

2237 1905 2376 1969 NA’.
2463 1914 2570 1965 Ταῦ
2641 1908 2904 1989 φιλοθέοις
2978 1911 3216 1990 χείλεσιν
3300 1911 3656 1990 ὑπηγόρευσε,
3726 1911 3814 1969 καὶ

417 1998 697 2059 omnibus
722 1995 1356 2072 monachis,stantibus
1387 1995 1458 2057 ad
1493 1993 1788 2056 scalarum
1821 1993 2067 2074 gradus,

2154 1997 2628 2074 ὑπαναγνωσθῆναι
2689 2005 2819 2055 πᾶσι
2865 2015 2982 2063 τοῖς
3041 2013 3318 2080 μοναχοῖς
3365 1999 3633 2074 ἐκέλευσε,
3687 2000 3814 2077 περὶ

419 2096 479 2148 et
503 2086 867 2149 deﬂentibus
896 2086 1054 2148 illius
1107 2084 1572 2166 separationem.
1609 2085 1838 2147 Dicitur
1866 2093 2068 2144 autem

2154 2087 2275 2147 τοὺς
2361 2087 2596 2162 βατμοῦς
2675 2088 2772 2155 τῆς
2846 2087 3110 2166 κλίμακος
3181 2089 3511 2166 ἱσταμένοις,
3581 2092 3669 2147 καὶ
3726 2093 3816 2148 τὸν

417 2177 534 2238 hoc
564 2175 752 2238 visum
786 2193 921 2237 esse
950 2176 1114 2236 circa
1145 2193 1281 2235 eum
1311 2193 1326 2249 ;
1379 2190 1599 2254 nempe
1632 2172 1823 2234 tribus
1855 2171 2068 2234 diebus

2154 2173 2353 2229 ἐκείνου
2426 2176 2705 2254 χωρισμὸν
2781 2177 3215 2257 ὀλοφυρομένας.
3320 2179 3544 2258 Λέγεται
3600 2177 3655 2235 δὲ
3729 2171 3817 2236 καὶ

418 2277 559 2326 ante
589 2273 868 2344 mortem,
896 2263 1020 2344 jam
1055 2262 1255 2324 media
1287 2269 1461 2323 nocte
1491 2260 1869 2322 concurrisse
1895 2270 1957 2320 et
1989 2258 2063 2320 ad

2154 2269 2302 2318 τοῦτο
2359 2265 2475 2340 περὶ
2530 2267 2686 2321 αὑτὸν
2742 2269 2996 2334 θεαθῆναι
3053 2269 3190 2347 τρισὶ
3247 2268 3499 2346 πρότερον
3565 2268 3662 2335 τῆς
3717 2289 3814 2325 τε-

421 2373 556 2416 eum
613 2355 964 2415 convenisse
1023 2358 1288 2426 sanctos,
1340 2351 1443 2433 qui
1490 2350 1791 2411 fuerunta
1821 2348 2062 2427 saeculo,

2154 2352 2338 2419 λευτῆς
2409 2353 2656 2432 ἡμέραις
2737 2359 2921 2422 νυκτὸς
2985 2354 3088 2423 ἤδη
3159 2359 3430 2432 μεσούσης
3498 2355 3812 2436 συνδρομεῐν

419 2444 762 2524 prophetas,
796 2441 1121 2524 apostolos,
1156 2447 1535 2520 martyres,et
1565 2455 1775 2500 omnes
1801 2437 2065 2518 denique

2154 2444 2350 2508 πάντας
2409 2446 2498 2501 καὶ
2555 2447 2688 2524 πρὸς
2733 2447 2894 2504 αὐτὸν
2949 2447 3249 2516 ἀπαντῆσαι
3296 2450 3416 2513 τοὺς
3467 2448 3561 2506 ἀπ’
3621 2451 3810 2513 αἰῶνος

417 2533 786 2614 sanctos,qui
808 2541 867 2594 et
885 2549 1164 2611 magnum
1187 2530 1446 2609 benigne
1467 2528 1825 2601 salutarunt,
1861 2535 1924 2616 et
1938 2528 2066 2616 jusf

2154 2532 2350 2610 ἁγίους,
2413 2536 2712 2614 προφήτας,
2777 2537 3128 2612 ἀποστόλους,
3188 2539 3454 2616 μάρτυρας
3525 2537 3621 2595 καῖ
3677 2539 3810 2595 πάν-

416 2630 628 2683 serunt
649 2640 785 2684 eum
811 2620 1080 2682 divinum
1133 2618 1442 2682 celebrare
1494 2618 1860 2698 mysterium.
1895 2614 2066 2688 Quod

2154 2644 2267 2701 τας,
2315 2623 2513 2696 ὁσίυυς,
2572 2623 2710 2680 ἀλλὰ
2765 2629 2861 2683 καὶ
2907 2625 3153 2702 δυνάμεις
3211 2614 3370 2692 τινάξ
3415 2629 3708 2706 οὐρανίους,
3752 2640 3812 2685 ot

421 2712 668 2792 quidem
693 2709 1042 2785 celebrant,
1075 2718 1134 2771 et
1163 2710 1517 2770 intemerata
1544 2706 1674 2787 ipsa
1694 2707 1949 2786 sumpsit
1980 2724 2068 2767 sa-

2154 2710 2482 2791 φιλοφρόνως
2541 2717 2632 2770 τὸν
2695 2715 2865 2793 μέγαν
2934 2717 3260 2792 ἠσπάζοντο,
3323 2716 3420 2773 καί
3493 2719 3596 2784 τὴν
3665 2719 3812 2774 θείαν

422 2810 750 2874 cramenta,
793 2809 851 2862 et
884 2801 956 2861 iis
987 2797 1205 2880 quibus
1235 2815 1338 2878 par
1368 2806 1495 2860 erat
1524 2795 1846 2885 impertiit.
1875 2796 2068 2876 Atque

2154 2799 2454 2858 ἐπιτελέσαι
2541 2806 2914 2882 μυσταγωγίαν
2985 2805 3300 2885 ἐπέτρεπον,
3358 2812 3426 2874 ἦν
3503 2809 3590 2865 καὶ
3659 2805 3812 2885 ὤφθη

413 2891 537 2970 jam
562 2889 802 2971 quidem
831 2906 1078 2968 magnus
1103 2895 1434 2949 extremum
1465 2885 1674 2975 agebat
1707 2883 2068 2975 spiritum,et

2155 2889 2376 2955 τελέσας
2437 2893 2593 2956 αὐτὸς
2623 2914 2681 2949 τε
2740 2899 2846 2950 τῶν
2875 2883 3161 2975 ἀχράντων
3215 2897 3508 2975 μυστηρίωι
3569 2883 3812 2973 μεταλα-

419 2982 553 3060 ipse
573 2980 821 3041 antistes
838 2980 1259 3060 episcoporum
1279 2977 1354 3057 (is
1372 2983 1502 3038 erat
1519 2973 1943 3056 Euphemius),
1947 2973 2068 3054 jam

2155 2978 2263 3037 ϐὼν
2318 2982 2402 3037 οιαὶ
2435 2980 2814 3057 μεταδεδωκὼς
2861 2973 2965 3047 οἷς
2990 2983 3056 3053 ἧν
3100 2984 3266 3052 ἄξιον,
3321 2973 3479 3063 ’Ἄρτι
3512 2987 3610 3062 μὲν
3653 2986 3743 3044 οὖν
3785 2988 3815 3043 ὁ

419 3072 578 3133 enim
605 3082 874 3132 mortuus
900 3077 1027 3131 erat
1046 3067 1326 3141 Acacius,
1355 3085 1489 3128 cum
1525 3065 1665 3127 aliis
1695 3065 1970 3127 veniebat
2000 3063 2068 3126 ad

2156 3070 2328 3147 μέγας
2382 3072 2500 3148 περὶ
2557 3072 2652 3133 τὰς
2697 3071 2934 3152 ἐσχάτας
2995 3076 3262 3140 ἀναπνοὰς
3307 3075 3395 3151 ἧν,
3441 3077 3528 3132 καὶ
3573 3077 3727 3137 αὐτὸς
3785 3077 3814 3131 ὁ

417 3160 896 3238 emigrationem.
916 3158 1139 3220 Aderat
1169 3165 1364 3218 autem
1399 3155 1549 3244 Bais
1579 3172 1819 3244 quoque
1842 3152 2068 3216 ﬁdelis-

2157 3165 2262 3215 τῶν
2318 3159 2502 3238 ἱερέων
2559 3159 2836 3240 πρόεδρος,
2887 3163 3163 3242 Εὐφήμιος
3215 3166 3366 3227 οὗτος
3420 3165 3486 3234 ἧν
3535 3163 3667 3244 (ἤδη
3720 3164 3819 3244 γὰρ

618 3219 687 3311 et
706 3219 802 3308 vir
831 3246 1096 3328 quidam,
1133 3245 1235 3326 qui
1268 3219 1747 3325 possidebatura
1777 3243 2068 3320 daemone,

2159 3245 2174 3269 ’
2369 3219 2378 3238 I
2602 3219 2610 3230 '
2723 3219 2733 3240 |
2798 3219 2836 3240 ’1
2973 3219 3050 3242 1η
3112 3219 3161 3228 ’⁷
3225 3219 3235 3220 7
3290 3219 3362 3227 θ’*
3428 3219 3455 3234 Ἰ
3537 3219 3667 3244 κντ
3735 3219 3812 3244 ΙῨΪ

2178 3249 2411 3313 Ακάκιος
2490 3248 2812 3330 ἐτεθνήκει),
2872 3253 3006 3326 μετᾶ
3077 3257 3182 3308 τῶν
3261 3253 3332 3317 εἰς
3402 3253 3500 3321 τὴν
3560 3253 3824 3331 ἐκδημίαν

419 3338 708 3420 pergebat
731 3337 804 3397 ad
828 3337 1167 3400 columnam
1198 3358 1213 3407 ;
1245 3334 1348 3415 qui
1373 3341 1430 3396 et
1454 3341 1794 3394 sanctorum
1831 3333 1903 3394 ad
1929 3351 2068 3394 san-

2158 3342 2358 3414 παρῆν,
2418 3335 2591 3413 παρῆν
2658 3335 2710 3392 δὲ
2773 3339 2861 3394 καὶ
2909 3340 2944 3406 ἦ
3000 3340 3298 3408 πιστοτάτη
3360 3332 3516 3413 Ῥαὶς,
3581 3344 3672 3398 καί
3741 3363 3826 3410 τις

421 3436 583 3488 ctum
615 3427 932 3488 adventum
993 3425 1306 3486 clamando
1339 3437 1549 3505 aperte
1581 3421 1980 3502 signiﬁcabat,
2016 3431 2075 3484 et

421 3534 522 3578 eos
554 3517 678 3577 suis
708 3514 1048 3596 appellabat
1078 3513 1449 3594 nominibus,
1476 3522 1535 3576 et
1557 3511 1852 3594 ipsorum,
1877 3521 1939 3574 ut
1971 3513 2073 3589 qui

419 3602 1228 3683 convenissent,meminerat
1251 3602 1623 3681 angelorum.
1644 3600 1873 3664 Deinde
1891 3599 2071 3662 etiam

418 3695 742 3775 adjiciebat
763 3694 890 3756 fore
917 3701 980 3756 ut
1009 3693 1183 3754 tertia
1211 3694 1358 3756 hora
1375 3693 1552 3771 hujus
1570 3691 1690 3754 diei
1713 3692 1843 3772 ipse
1865 3689 2069 3753 Daniel

419 3795 667 3848 excedat
715 3784 784 3847 ad
841 3783 1187 3857 Dominum,
1221 3793 1279 3845 et
1330 3803 1365 3845 a
1394 3782 1678 3845 diuturna
1704 3780 2072 3842 habitatione

419 3875 764 3937 immundus
817 3873 1158 3956 expellatur,
1197 3873 1466 3954 spiritus.
1501 3871 1645 3944 Quin
1677 3879 1931 3952 utraque
1961 3888 2071 3933 suo

417 3974 693 4046 tempore
724 3971 1073 4026 evenerunt.
1106 3962 1252 4034 Quae
1305 3963 1472 4044 prius
1511 3961 1670 4023 dicta
1732 3969 1822 4022 est
1869 3968 2070 4023 autem

421 4053 588 4134 Bais,
619 4054 930 4133 magniﬁce
954 4053 1196 4134 parabat
1217 4070 1289 4114 ea
1314 4071 1444 4132 quze
1469 4049 1943 4135 pertinebantad
1971 4068 2069 4113 se-

424 4145 720 4223 pulturam
751 4165 768 4219 ;
817 4152 875 4205 et
904 4161 1042 4205 cum
1072 4143 1288 4204 multos
1320 4143 1665 4204 adduxisset
1694 4139 1976 4222 artiﬁces,
2016 4147 2075 4202 et

414 4233 692 4313 jussisset
713 4234 843 4295 ﬁeri
866 4233 1181 4294 tumultum
1207 4231 1268 4294 in
1291 4232 1581 4294 inferiore
1605 4239 1770 4308 parte
1797 4230 1957 4290 basis
1977 4247 2075 4291 co-

419 4325 662 4395 lumnas,
698 4333 757 4385 et
783 4341 970 4403 usque
998 4325 1068 4384 ad
1122 4321 1447 4402 fastigium,
1482 4321 1686 4382 statuit
1714 4337 1783 4381 ex
1815 4326 2074 4397 utraque

418 4423 584 4492 parte
617 4413 828 4474 tumuli
857 4414 1157 4493 homines,
1191 4413 1294 4492 qui
1349 4413 1509 4474 faces
1539 4409 1788 4480 ferrent,
1825 4415 1885 4467 et
1915 4406 2069 4467 lam-

2155 3426 2292 3502 ἆνὴρ
2361 3424 2570 3500 δαίμονι
2615 3426 2854 3506 κάτοχος
2913 3429 3045 3506 πρὸς
3100 3431 3191 3487 τὸν
3249 3427 3438 3487 στῦλον
3494 3429 3715 3511 ἐχώρει,
3748 3433 3827 3499 ὣς

2155 3517 2254 3585 τήν
2307 3536 2365 3571 τε
2395 3515 2502 3571 τῶν
2535 3515 2699 3592 ἁγίων
2754 3515 3042 3594 ἐπιδημίαν
3076 3520 3176 3581 τὴν
3208 3519 3338 3594 πρὸς
3397 3520 3492 3578 τὸν
3520 3520 3667 3578 ὅσιον
3709 3542 3824 3600 φα-

2156 3607 2318 3683 νερώς
2370 3602 2519 3686 ἐϐόα,
2568 3606 2828 3681 ὀνομαστί
2905 3627 2962 3663 τε
3022 3607 3239 3671 τούτους
3299 3605 3503 3680 ἐκάλει,
3565 3610 3654 3667 καὶ
3710 3615 3821 3668 τῶν

2155 3693 2400 3774 ἀγγέλων
2454 3697 2527 3758 ὡς
2581 3693 2889 3773 δραμόντων
2946 3695 3239 3772 ἐμέμνητο,
3301 3697 3427 3754 εἶτα
3484 3699 3572 3755 καὶ
3642 3720 3819 3778 προσ.

2155 3785 2310 3841 ετίθει
2369 3784 2450 3841 ὅτι
2480 3786 2664 3865 τρίτην
2717 3783 2860 3864 ὥραν
2891 3789 2992 3852 τῆς
3040 3785 3246 3865 ἡμέρας
3279 3785 3512 3866 ἐχούσης
3571 3787 3725 3850 αὑτός
3755 3809 3816 3846 τε

2155 3876 2286 3954 πρὸς
2346 3875 2533 3954 Κύριον
2565 3876 2593 3932 ὃ
2629 3874 2832 3944 AaM-r31
2889 3872 3252 3950 ἐπελεύσεται,
3287 3877 3375 3933 καὶ
3427 3878 3490 3934 τὸ
3520 3877 3817 3958 ἀκάθαρτον

2155 3969 2364 4039 πνεῦμα
2405 3962 2504 4032 τῆς
2562 3963 2780 4044 χρονίας
2839 3962 3103 4030 οἰκήσεως
3159 3965 3480 4034 θεοκινήτως
3536 3963 3815 4035 ἀπελαθή-

2156 4075 2329 4134 σεται,
2363 4053 2396 4109 ἃ
2449 4051 2515 4121 δὴ
2572 4056 2660 4110 καὶ
2703 4053 2981 4134 ἀμφότερα
3022 4053 3160 4109 κατὰ
3213 4055 3304 4109 τὸν
3335 4056 3520 4134 καιρὸν
3574 4057 3815 4127 ἀπήντα.

2159 4133 2222 4200 Ἠ
2294 4141 2476 4219 μέντοι
2549 4141 2904 4221 προῤῥηθεϊσα
2965 4132 3112 4206 Ῥαῖς
3167 4132 3463 4221 φιλοτίμως
3547 4147 3611 4202 τὰ
3679 4146 3818 4224 πρὸς

2153 4232 2329 4311 ταφὴν
2383 4232 2619 4311 ἐδήρφει,
2674 4231 2762 4287 καὶ
2819 4231 3049 4310 συχνοὺς
3095 4237 3200 4288 τῶν
3229 4239 3493 4313 τεχνιτῶν
3539 4234 3820 4314 ἀγαγοῦσα

2155 4321 2385 4398 στύρακά
2443 4344 2500 4377 τε
2559 4324 2763 4378 ενέσθαι
2842 4319 3180 4398 προστάξασα
3236 4324 3470 4383 κάτωθεν
3540 4324 3634 4382 τοῦ
3681 4325 3819 4383 στύ-

2153 4407 2249 4466 λοο
2305 4411 2511 4486 βάσεως
2573 4411 2657 4466 καὶ
2716 4413 2879 4490 μέχρι
2939 4417 3036 4478 τῆς
3091 4417 3326 4494 κορυφῆς
3389 4410 3680 4495 δᾳδούχους
3755 4413 3815 4482 ἐξ

417 4505 601 4582 pades
631 4511 904 4564 tenerent
935 4503 1234 4578 manibus,
1271 4511 1330 4564 et
1357 4521 1427 4563 ea
1453 4504 1907 4576 canerent,quae
1934 4495 2068 4556 cani

2156 4498 2406 4576 ἑκατέρου
2489 4497 2679 4576 μέρους
2765 4509 2858 4558 τοῦ
2941 4504 3196 4580 στύρακος
3274 4503 3616 4581 περιέστησε,
3676 4516 3813 4570 ταῖς

414 4592 610 4653 solent
635 4597 697 4652 in
718 4592 996 4654 decessu.
1024 4593 1297 4671 Cumque
1323 4591 1424 4652 illa
1453 4604 1672 4667 corpus
1704 4584 1859 4646 infra
1887 4582 2065 4646 detu-

2154 4589 2307 4666 χερσὶ
2336 4585 2647 4676 ,λαμπάδας
2694 4589 3024 4671 κατέχοντας
3077 4592 3166 4648 καὶ
3211 4589 3429 4665 ᾄδοντας
3491 4593 3558 4652 τὰ
3613 4591 3815 4676 ἐξόδια,

416 4683 607 4757 lisset,
631 4681 694 4742 in
727 4681 1006 4762 plumbeo
1030 4681 1091 4743 id
1139 4681 1310 4762 ponit
1339 4678 1562 4749 loculo,
1593 4676 1653 4736 in
1686 4675 1799 4736 hoc
1826 4693 2066 4756 quoque

415 4788 656 4832 servans
689 4771 891 4850 magni
941 4770 1210 4834 Danielis
1269 4777 1718 4832 testamentum.
1761 4771 1869 4834 Ille
1901 4768 2062 4833 enim

416 4861 716 4923 mandavit
745 4859 1081 4941 discipulis,
1113 4878 1219 4921 seu
1278 4859 1694 4940 imperatores,
1724 4877 1831 4923 seu
1861 4877 2059 4940 reges,

413 4961 514 5013 aut
539 4951 645 5013 ulli
667 4951 864 5032 alii,se
888 4949 1150 5012 invicem
1175 4966 1463 5028 superare
1483 4949 1852 5012 contendant
1879 4951 1940 5011 in
1972 4949 2063 5012 lo-

413 5042 532 5103 culi
561 5047 799 5121 sumptu
849 5049 909 5102 et
958 5038 1424 5120 magniﬁcentia,
1459 5038 1643 5100 nolite
1693 5040 2056 5120 suscipere:

414 5131 520 5193 sed
551 5130 673 5194 illic
705 5139 768 5191 et
797 5129 884 5190 sic
930 5146 1147 5208 corpus
1198 5127 1420 5208 deponi
1446 5128 1644 5210 sinite,
1681 5130 1785 5191 ubi
1817 5141 1876 5192 et
1905 5149 2059 5211 quo-

411 5221 590 5282 modo
623 5218 878 5280 voluerit
905 5217 1050 5279 Bais
1081 5216 1452 5280 ﬁdelissima.
1482 5216 1622 5280 Hac
1651 5237 1797 5298 ergo
1824 5226 2063 5300 peracta

411 5317 572 5384 sunt,
609 5316 670 5370 et
725 5305 1006 5388 expulsus
1065 5314 1155 5368 est
1213 5308 1562 5370 immundus
1615 5307 1872 5390 daemon,
1925 5325 2060 5373 cum

413 5402 671 5466 multum
702 5400 1009 5464 hominem
1045 5401 1461 5483 discerpisset.

483 5493 589 5551 LV.
622 5493 804 5553 Porro
820 5503 1009 5556 autem
1031 5497 1287 5571 quaedam
1310 5511 1540 5572 quoque
1560 5497 1672 5556 alia
1696 5495 1893 5556 etIecta
1923 5501 2061 5557 sunt

488 5693 538 5745 υ
573 5691 730 5757 Psal.
765 5711 904 5775 xvn,
942 5703 1040 5766 lO.

2149 4678 2239 4734 καὶ
2297 4675 2438 4734 οὕτω
2494 4677 2588 4734 τὸν
2645 4679 2828 4756 νεκρὸν
2873 4679 3050 4748 ἐκείνη
3104 4691 3495 4760 κατενεγκοῦσα
3551 4682 3608 4739 ἐν
3667 4675 3820 4762 σορῷ

2149 4769 2322 4836 τίθησι
2367 4765 2676 4849 μολυϐδίνῃ,
2713 4770 2954 4841 σώζουσα
3002 4771 3102 4827 κάν
3149 4772 3320 4846 τούτῳ
3361 4771 3459 4838 τὴν
3493 4771 3582 4830 τοῦ
3629 4773 3817 4851 μεγά-

2147 4857 2242 4914 λοὺ
2289 4855 2543 4924 διάταξιν.
2581 4856 2893 4935 Ἐπέσκηψε
2949 4859 3049 4938 γὰρ
3107 4859 3313 4925 ἐκεῖνος
3357 4873 3477 4924 τοῖς
3532 4864 3816 4937 μαθηταῖς

2147 4947 2228 5004 ὅτι
2281 4946 2378 5004 κᾶν
2412 4947 2664 5009 Βασιλεῖς
2693 4948 2792 5005 κᾶν
2845 4947 2998 5006 ἄλλοι
3028 4949 3167 5014 τινὲς
3198 4949 3314 5007 εἷεν
3357 4949 3662 5024 πολιτελείᾳ
3689 4951 3818 5031 πιρὶ

2143 5039 2243 5114 τῂν
2299 5039 2456 5115 σορὸν
2524 5035 2845 5116 ὑπερϐαλεῖν
2903 5036 3166 5108 ἀλλήλους
3226 5038 3650 5118 φιλονεικοῦντες
3723 5042 3814 5118 μὴ

2143 5124 2552 5208 παραδέξασθαι,
2610 5125 2731 5185 ἀλλ’
2791 5127 2970 5184 ἐκεῖσε
3027 5125 3092 5194 δὴ
3151 5129 3239 5184 καὶ
3299 5127 3469 5196 οὕτως
3529 5131 3589 5187 τὸ
3643 5135 3813 5208 σῶμα

2141 5219 2521 5288 κατατεθῆναι,
2579 5215 2698 5273 ἔνθα
2758 5214 2964 5284 δηλαδὴ
3035 5217 3124 5274 καὶ
3193 5217 3337 5282 ὅπως
3399 5221 3434 5288 ἡ
3502 5233 3810 5291 πιστοτάτη

2139 5309 2282 5373 Ῥαὶς
2335 5306 2604 5384 βούλοιτο.
2634 5305 2734 5364 Καὶ
2776 5305 2804 5362 ὁ
2856 5305 3150 5386 ἀκάθαρτος
3193 5305 3396 5386 δαίμων
3451 5309 3626 5367 πολλὰ
3651 5331 3810 5370 σπα-

2142 5397 2298 5479 ράξας
2327 5400 2420 5455 τὸν
2450 5396 2726 5474 ἄνθρωπον
2757 5394 3120 5464 ἀπηλαύνετο,

2223 5485 2355 5564 ΝΕ’,
2390 5488 2489 5546 Καὶ
2541 5482 2676 5544 ἄλλα
2707 5482 2760 5542 δε
2790 5505 2907 5544 τινα
2930 5487 3171 5568 θαύματα
3212 5493 3582 5577 κατεπράχθη.
3640 5500 3810 5575 Τρεῖς
