4086 6392
323 397 343 460 1
356 388 473 460 037

1449 394 1635 460 VITA
1688 394 1790 457 SS.
1840 393 2047 458 IND/E
2107 388 2204 457 ET
2246 386 2559 458 DOMNE.

3532 387 3706 460 1038‘

311 532 414 610 γὰρ
469 529 537 588 δι’
583 530 815 609 ἀστέρων
872 530 1124 610 σταυροὺς
1180 530 1382 609 ἡμέρας
1441 530 1603 598 οῧσης
1657 536 1751 587 τοῦ
1807 528 1959 598 ἡλίου

2047 526 2354 590 miracula.
2390 526 2542 589 Tres
2572 525 2733 589 enim
2757 542 2866 606 per
2891 524 3094 589 stellas
3124 541 3353 607 cruces,
3389 541 3525 589 cum
3556 526 3689 590 dies

309 620 689 699 λαμπρότατον
744 619 1156 695 ἀπολάμποντος
1216 621 1308 677 σὺν
1377 619 1562 695 πολλῷ
1646 627 1723 694 τῷ
1776 618 1963 676 κάλλει

305 717 408 769 καὶ
462 714 661 791 ἆνθηρᾷ
717 718 785 788 τῇ
841 713 979 789 αὖ)γῇ
1037 716 1266 793 φανῆναι
1325 711 1561 791 λέγεται,
1619 714 1708 769 καὶ
1756 713 1963 775 τούτοις

302 802 486 859 ἐπύνω
544 807 642 869 τῆς
701 803 879 877 τιμίας
924 801 1128 868 ἐκείνης
1196 807 1384 869 στῆναι
1450 808 1625 880 σοροϋ⁶
1696 800 1831 857 ἀλλὰ
1896 798 1961 867 δὴ

300 893 395 948 καὶ
452 892 761 970 περιστερὰς
807 890 1064 948 ἵπτασθαι
1120 891 1461 959 λευκοτάτας,
1492 891 1592 958 την
1641 891 1722 947 ἀεὶ
1771 898 1959 947 συνοῦ-

303 1003 405 1039 σαν
477 981 621 1055 αὖτῷ
680 981 839 1061 χάριν
909 979 1174 1048 δηλούσπς
1249 989 1340 1037 τοῦ
1412 983 1735 1055 Πνεύματος.
1810 980 1961 1037 Οὕτω

303 1069 403 1144 μὲν
436 1069 526 1126 οὗν
569 1072 630 1127 τὸ
659 1072 795 1148 ἱερὸν
839 1079 931 1129 τοῦ
965 1070 1175 1138 Δανιὴλ
1226 1076 1383 1142 σῶμα
1412 1072 1565 1150 χερσὶ
1609 1078 1701 1127 τοῦ
1749 1070 1960 1147 πρώτου

305 1159 562 1226 κατετέθη
620 1157 938 1239 ἀρχιερέως,
974 1158 1202 1231 κάκείνῳ
1253 1158 1413 1215 πάλιν
1466 1160 1531 1214 τᾶ
1574 1158 1797 1233 λείψανα
1853 1165 1957 1214 τῶν

311 1248 364 1304 ἒν
410 1245 678 1306 Βαϐυλῶνι
709 1255 869 1326 τριῶν
904 1246 1096 1305 παίδων
1141 1248 1339 1305 ἄνωοέν
1384 1249 1628 1324 ἐπετέθη,
1676 1256 1769 1307 τοῦ
1815 1248 1959 1303 ὁσίου

307 1338 392 1394 γαὶ
448 1346 602 1396 τοῦτο
645 1336 1014 1411 ἐντειλαμένου
1045 1336 1191 1401 ὅπως
1238 1338 1316 1411 μὴ
1365 1344 1441 1411 τῷ
1472 1336 1673 1396 ἐκείνου
1722 1335 1963 1411 λειψένῳ

305 1425 538 1500 μᾶλλον,
598 1425 736 1482 ἀλλὰ
794 1440 909 1490 τοῖς
970 1425 1328 1501 ἐπικειμένοις
1400 1430 1540 1499 αὖτῴ
1593 1432 1961 1503 προσκυνῶσιν

304 1519 352 1573 οἱ
414 1515 750 1594 προσιόντες.
811 1516 962 1573 Οὕτω
1017 1515 1113 1584 τῆς
1181 1513 1509 1593 ἄτθρωπίνης
1566 1513 1719 1582 δόξης
1753 1514 1966 1571 ἔσπευδε

302 1607 395 1664 καὶ
466 1606 603 1680 μετὰ
669 1605 921 1672 τελευτὴν
1000 1607 1029 1662 ὅ
1095 1605 1354 1683 μακάριος
1428 1603 1570 1671 ξένος
1644 1603 1964 1665 δείκνυσθαι.

305 1697 557 1758 Τοιοῦτος
616 1697 643 1751 ὁ
696 1695 754 1751 ἐκ
814 1699 1035 1771 γενετῆς
1093 1701 1169 1768 τῷ
1236 1693 1457 1772 μεγάλῴ
1498 1695 1608 1776 βίος
1665 1696 1831 1776 μέχρι
1876 1696 1966 1751 καὶ

2045 630 2197 677 esset
2219 628 2273 677 et
2294 619 2380 676 sol
2408 619 2622 677 luceret
2646 616 3158 684 clarissimus,cum
3180 631 3404 676 summa
3430 617 3691 690 pulchri-

2048 705 2253 766 tudine
2270 712 2329 766 et
2348 703 2670 785 splendore
2688 704 2974 766 dicuntur
2991 703 3432 785 apperuisse,et
3449 704 3691 768 stetisse

2045 812 2225 875 super
2248 794 2570 874 pretiosum
2596 792 2765 856 illum
2792 792 3073 855 foculum.
3102 791 3253 865 Quin
3278 792 3459 856 etiam
3492 793 3689 857 volas-

2045 903 2112 946 se
2142 876 2926 958 columbaa'candidissime,
2975 900 3109 964 qum
3153 900 3290 944 cum
3340 900 3416 947 eo
3444 900 3688 966 semper

2043 973 2409 1055 est,gretiam
2433 972 2690 1052 Spiritus
2710 972 3241 1052 signiﬁcantes.Sic
3273 990 3416 1053 ergo
3443 991 3686 1037 sacrum

2044 1061 2191 1125 illud
2224 1080 2443 1144 corpus
2471 1061 2736 1125 Danielis
2763 1062 3105 1143 depositum
3135 1061 3221 1125 fui
3252 1061 3529 1125 manibus
3558 1064 3688 1145 pri-

2045 1152 2125 1212 mi
2155 1152 2478 1233 pontiﬁcis.
2514 1153 2746 1215 Rursus
2774 1151 2868 1213 illi
2898 1170 3134 1234 quoque
3184 1152 3422 1215 fuerunt
3446 1152 3692 1235 imposio

2042 1250 2116 1302 tae
2146 1240 2419 1321 reliquiae
2449 1241 2631 1303 trium
2655 1258 3003 1323 puerorum,
3025 1241 3129 1323 qui
3160 1250 3329 1304 erant
3358 1241 3687 1325 Babylone,

2045 1349 2180 1392 cum
2212 1331 2297 1391 sic
2317 1330 2597 1410 jussisset
2624 1338 2892 1411 sanctus,
2924 1349 3002 1393 ne
3031 1339 3150 1392 tam
3182 1330 3345 1394 illius
3372 1331 3686 1415 reliquias,

2050 1437 2225 1499 quam
2255 1437 2360 1481 eos
2408 1420 2511 1500 qui
2559 1429 2731 1483 erant
2778 1420 2834 1481 ei
2862 1419 3149 1501 impositi,
3178 1419 3498 1484 adorarent
3522 1439 3693 1485 acceo

2051 1509 2284 1571 dentes.
2315 1508 2414 1571 Sic
2434 1517 2675 1571 sanctus
2717 1509 2791 1571 ab
2822 1509 3082 1571 humana
3111 1508 3302 1590 gloria
3329 1509 3553 1573 studuit
3591 1529 3693 1574 os-

2050 1600 2211 1661 tendi
2241 1598 2475 1660 alienus
2501 1599 2677 1660 etiam
2714 1605 2845 1680 post
2875 1597 3214 1663 decessum.
3248 1598 3412 1662 Talis
3440 1599 3552 1664 fuit
3575 1601 3697 1664 vita

2048 1688 2245 1767 magni
2272 1687 2539 1750 Danielis
2569 1687 2643 1749 ab
2675 1697 2813 1751 ortu
2842 1706 3036 1769 usque
3064 1687 3140 1749 ad
3164 1688 3522 1769 decessum;
3555 1690 3698 1755 talia

299 1786 586 1851 τελευτῆςο
637 1794 854 1843 τοιαῦτα
913 1786 978 1840 τὰ
1038 1787 1445 1862 κατορθώματα.
1497 1774 1613 1858 Ὃς,
1656 1784 1741 1841 διὰ
1782 1807 1960 1852 πασης

2047 1779 2175 1857 ejus
2197 1784 2336 1839 sunt
2353 1776 2802 1849 benefactaQui
2822 1796 2958 1839 cum
2982 1776 3231 1841 obitsset
3251 1796 3494 1842 omnem
3516 1797 3696 1843 exer-

297 1875 586 1943 ἂσκήσεως
643 1875 729 1930 καὶ
787 1870 1132 1941 παντοδαπῆς
1174 1861 1414 1951 γᾶγώνων
1465 1872 1604 1936 ἰδέας
1655 1876 1819 1932 ἷελθὼν
1872 1876 1957 1931 καὶ

2047 1867 2408 1942 citationem,
2443 1875 2502 1929 et
2560 1884 2738 1929 omne
2793 1884 2985 1947 genus
3039 1867 3411 1945 certaminis,
3465 1878 3525 1931 et
3572 1877 3693 1932 tam

295 1964 582 2027 τοσούτοις
611 1961 915 2039 διαλάμψας
960 1962 1133 2042 ἔργοις
1179 1962 1395 2040 πλήρης
1431 1984 1487 2018 τε
1530 1965 1745 2042 ἡμερῶν
1792 1985 1958 2042 γεγο-

294 2054 400 2113 νὼς
463 2060 568 2109 τῶν
599 2073 655 2108 τε
709 2050 1049 2130 ἅνθρωπίνων
1106 2052 1194 2109 καὶ
1222 2053 1330 2108 τῶν
1387 2052 1481 2109 τοῦ
1542 2055 1869 2127 Πνεύματος,
1904 2053 1958 2109 ἐν

292 2144 440 2221 γήρᾳ
491 2141 641 2213 καλῷ
694 2141 943 2214 καταλύει
1000 2143 1091 2198 τὸν
1122 2141 1237 2218 βίον
1292 2142 1364 2206 εἰς
1400 2139 1730 2219 ὀγδοήκοντα
1787 2164 1960 2220 παρα-

294 2233 474 2292 τείνας
506 2230 601 2298 ἔτη
632 2232 720 2288 καὶ
750 2236 927 2307 μῆνας
955 2244 1126 2301 τρεῖς,

380 2319 533 2395 Νς’.
581 2322 720 2377 Φασὶ
763 2318 817 2376 δὲ
849 2320 1009 2377 αὐτὸν
1052 2324 1138 2377 καὶ
1189 2321 1283 2385 τὰς
1341 2322 1532 2400 τρίχας
1561 2326 1661 2389 τῆς
1722 2322 1962 2402 κεφαλῆς

306 2418 559 2467 τοσοῦτον
604 2410 845 2488 γενέσθαι
877 2417 954 2485 τῷ
1005 2412 1187 2489 χρόνῳ
1228 2410 1561 2489 κατάκομον,
1594 2413 1667 2476 ὡς
1715 2411 1963 2491 τέσσαρσι

312 2501 414 2576 μὲν
469 2497 779 2579 διαιρεῖσθαι
830 2501 1173 2579 βοστρύχοις,
1230 2502 1292 2555 τὸ
1370 2497 1424 2555 δὲ
1492 2502 1665 2574 μῆκος
1721 2503 1809 2558 καὶ
1890 2504 1965 2564 είς

308 2593 510 2668 πάχεις
565 2589 858 2669 τέσσσαρας
913 2590 1334 2669 παρατείνεσθαι⁶
1407 2590 1565 2666 βαθὺς
1615 2585 1673 2646 δὲ
1729 2594 1816 2647 κ’ιὶ
1874 2593 1963 2647 τὸν

309 2681 541 2758 πώγωνα
578 2680 645 2747 ἧν
677 2682 752 2743 εἰς
784 2678 873 2735 δύο
900 2682 987 2735 καὶ
1018 2687 1203 2735 τοῦτον
1233 2681 1560 2759 βςστρύχους
1592 2679 1738 2759 ἔχων
1767 2678 1962 2759 διῃρη-

298 2792 490 2845 μενον.
571 2767 816 2831 Ἐκεῖνος
887 2768 985 2844 μὲν
1058 2768 1197 2826 οὕτω
1278 2770 1444 2839 ζήσας
1524 2769 1959 2827 ἀπανεπαύσατψ

295 2863 440 2935 ἡμῖν
483 2857 539 2914 δὲ
592 2858 896 2938 ἀρχέτυπον
953 2860 1149 2937 ἀγαθὸν
1203 2864 1296 2915 τὸν
1356 2859 1543 2915 ἑαυτοῦ
1604 2858 1958 2917 καταλελοιπι

294 2950 438 3028 βίον,
472 2947 577 3028 οὐχ
635 2948 724 3004 ἴνα
778 2948 939 3021 μόνον
986 2946 1287 3022 ἐπαινῶμεν
1342 2946 1378 3015 ἢ
1438 2949 1524 3003 καὶ
1581 2950 1957 3030 (θαυμάζωμεν,

295 3037 443 3094 ἀλλὰ
496 3038 585 3094 καὶ
616 3039 689 3100 ὡς
738 3035 958 3094 δυνατὸν
988 3037 1299 3113 μιμώμεθα.
1348 3036 1407 3095 Ὀ
1466 3038 1564 3111 μὲν
1593 3039 1693 3116 γὰρ
1743 3038 1959 3103 ἔπαινος

294 3130 430 3205 πρὸς
486 3128 641 3184 αὐτὸν
693 3126 904 3206 φέρεται
965 3127 1151 3201 μόνον·
1202 3128 1236 3194 ἡ
1278 3124 1333 3182 δὲ
1392 3127 1615 3203 μίμησις
1661 3130 1765 3184 τῶν
1820 3129 1961 3208 ὀφει-

2046 1956 2247 2018 multis
2273 1956 2471 2018 clarus
2504 1955 2717 2019 fuisset
2743 1955 3302 2037 operibus,eﬂ‘ectus
3336 1956 3549 2038 plenus
3569 1958 3696 2022 die-

2041 2063 2200 2127 rum,
2238 2053 2354 2108 tam
2412 2045 2838 2122 humanorum,
2902 2063 3078 2127 quam
3109 2045 3381 2128 spiritus,
3414 2046 3479 2110 in
3506 2065 3694 2112 sene-

2041 2142 2199 2197 ctute
2232 2135 2389 2196 bona
2415 2136 2651 2198 excedit
2674 2153 2708 2196 e
2734 2141 3014 2211 vita,cnm
3038 2133 3115 2197 ad
3135 2136 3569 2216 octogesimum
3590 2155 3695 2202 ano

2044 2243 2183 2285 num
2220 2224 2592 2305 pervenisset
2617 2234 2677 2288 et
2713 2242 2953 2287 menses
2977 2231 3119 2289 tres.

2126 2312 2272 2376 LVI.
2310 2313 2492 2376 Aiunt
2518 2322 2716 2377 autem
2767 2332 2900 2377 cum
2948 2331 3186 2396 quoque
3216 2313 3450 2396 capillis
3479 2315 3694 2398 capitis

2048 2420 2331 2483 processu
2367 2404 2653 2485 temporis
2673 2404 2824 2466 adeo
2854 2404 3114 2467 evasisse
3137 2413 3695 2488 comatum,utqna-

2049 2492 2304 2573 druplici
2323 2493 2564 2573 quidem
2590 2511 2763 2556 coma
2783 2493 3695 2576 discriminarentur,longitudo

2047 2589 2244 2644 autem
2277 2600 2487 2644 eorum
2529 2582 2605 2645 ad
2663 2592 2921 2664 quatuor
2963 2582 3199 2646 cubitos
3229 2584 3691 2666 produceretur.

2046 2670 2244 2734 Barba
2271 2690 2511 2752 quoque
2541 2680 2670 2734 erat
2696 2675 2751 2734 ei
2782 2672 2997 2754 densa,
3022 2690 3154 2755 quas
3181 2672 3310 2754 ipsa
3335 2692 3572 2756 quoque
3601 2672 3696 2738 bi-

2046 2759 2255 2821 fariam
2289 2759 2836 2823 discriminabatur.
2873 2763 3073 2843 Atque
3126 2760 3231 2824 illa
3275 2762 3521 2843 quidem
3549 2781 3691 2828 cum

2046 2850 2132 2911 sic
2160 2850 2436 2931 vixisset,
2480 2851 2815 2931 requievit;
2851 2850 3027 2912 nobis
3049 2858 3251 2915 autem
3282 2851 3599 2933 pulchrum
3631 2871 3695 2916 e-

2043 2938 2319 3019 xemplar
2351 2958 2518 3002 suam
2542 2938 2789 3021 reliquit
2804 2938 3135 3020 vitam,non
3158 2939 3352 3003 solum
3383 2948 3450 3003 ut
3475 2940 3690 3005 laude-

2045 3047 2200 3104 mus,
2226 3038 2330 3091 aut
2358 3030 2535 3091 etiam
2566 3037 2632 3092 ut
2660 3029 3053 3105 admiremur,
3088 3028 3196 3091 sed
3228 3036 3295 3092 ut
3324 3047 3433 3115 pro
3463 3029 3694 3094 viribus

2044 3137 2283 3200 quoque
2312 3118 2804 3182 imitemur.Laus
2828 3119 2990 3181 enim
3012 3118 3087 3180 ad
3104 3136 3243 3181 eum
3261 3118 3451 3185 fertur
3469 3119 3688 3203 solum,

294 3216 540 3284 λομένων
617 3217 759 3290 αὒτῷ
814 3216 1025 3295 ἀγαθῶν
1110 3217 1198 3273 καὶ
1250 3219 1396 3290 ἡμᾶς
1462 3216 1715 3296 μετέχειν
1788 3240 1958 3297 παρα-

2047 3208 2296 3272 imitatio
2315 3219 2512 3272 autem
2538 3228 2657 3272 non
2678 3208 2842 3283 facit,
2875 3216 2941 3271 ut
2959 3209 3148 3271 simus
3170 3209 3348 3272 etiam
3372 3209 3694 3293 participes

206 3352 209 3355 Α
295 3307 540 3377 σκευάζει
597 3306 780 3385 χάριτι
823 3308 917 3362 καί
983 3304 1349 3386 φιλανθρωπίᾳ
1399 3313 1492 3362 τοῦ
1564 3310 1749 3385 Κυρίου
1802 3310 1958 3384 ἡμῶν

296 3396 482 3464 Ἰησοῦ
533 3398 782 3475 Χριστοῦ,
842 3398 887 3468 ᾧ
943 3396 978 3463 ἦ
1035 3393 1157 3460 δόξα
1214 3397 1304 3453 καὶ
1365 3397 1425 3453 τὸ
1480 3398 1673 3476 κράτος
1730 3405 1817 3455 νῦν
1871 3405 1958 3460 καὶ

293 3489 404 3565 ἀεὶ,
438 3487 523 3543 καὶ
560 3488 633 3549 εἷς
664 3487 784 3551 τοὺς
810 3485 1004 3549 αἰῶνας
1035 3490 1142 3541 τῶν
1170 3486 1399 3546 αἰώνων.
1438 3486 1637 3563 Ἀμήν.

2042 3299 2365 3377 bonorum,
2400 3318 2534 3380 quas
2562 3300 2618 3362 ei
2648 3298 2985 3375 debentur;
3043 3298 3233 3378 gratia
3280 3307 3342 3362 et
3367 3298 3697 3364 clementia

2042 3388 2282 3451 Domini
2304 3388 2655 3453 nostriJesu
2671 3388 2914 3467 Christi,
2958 3389 3056 3451 cui
3084 3389 3278 3469 gloria
3306 3397 3369 3452 et
3428 3388 3697 3470 potentia

2043 3499 2179 3543 cum
2222 3483 2394 3544 Patre
2419 3478 2680 3562 ejus,qui
2708 3488 2873 3542 caret
2904 3479 3296 3561 priucipio,et
3318 3480 3695 3546 sanctissimo

2035 3578 2097 3637 et
2126 3568 2283 3632 bono
2307 3578 2370 3633 et
2408 3570 2641 3632 viviﬁco
2670 3569 2803 3650 ejus
2841 3567 3091 3651 Spiritu,
3126 3585 3291 3635 nunc
3320 3578 3385 3633 et
3411 3587 3692 3653 semper,

2035 3663 2181 3727 etin
2210 3660 2428 3723 secula
2456 3658 2840 3725 smeulorum.
2870 3659 3089 3724 Amen.

965 3966 1618 4055 ΜΑΡΤΥΡΙΟΝ
1700 3968 1926 4053 ΤΩΝ

2047 3965 2338 4051 ιΓΙΩΝ
2428 3954 3038 4052 ΜΑΡΤΥΡΩΝ

1124 4153 1662 4284 ΙΝΔΟΥ
1763 4151 2068 4282 ΚΑΙ
2170 4148 2890 4281 ΔΟΜΝΑΣ

853 4374 964 4425 ΚΑΙ
998 4373 1129 4425 ΤΩΝ
1166 4370 1370 4424 ΑΙῚΩΝ
1405 4370 1772 4423 ΔΙΣΜΥΡΙΩΝ
1806 4372 1938 4423 ΤΩΝ
1972 4371 2059 4421 ΕΝ
2093 4368 2517 4434 ΝΙΚΟΜΗΔΕΙᾼ
2551 4365 3158 4422 ΜΑΡΤΥΡΟΣΛΝΤΩΝ.

947 4642 1586 4731 MARTYRUM
1671 4640 2355 4729 SANCTORUM
2444 4639 3074 4726 MARTYRUM

1124 4825 1659 4973 INDfE
1784 4823 2031 4969 ET
2141 4820 2890 4968 DOMNfE

599 5048 695 5113 ET
767 5047 1225 5116 SANCTORUM
1298 5045 1587 5113 VIGINTI
1657 5045 1974 5112 MILLIUM
2042 5042 2170 5118 QUI
2258 5042 2700 5110 NICOMEDUE
2768 5041 2982 5109 PASSI
3050 5041 3251 5110 SUNT
3317 5043 3425 5128 (1).

746 5185 944 5258 (latine
973 5184 1104 5259 apud
1131 5183 1338 5242 Surium
1372 5182 1433 5241 ad
1463 5182 1596 5241 diem
1626 5182 1697 5240 26
1720 5177 2051 5247 Decembris;
2087 5179 2257 5236 Graece
2288 5194 2353 5235 ex
2378 5178 2490 5236 cod.
2524 5194 2623 5236 ms.
2656 5176 2786 5250 Reg.
2811 5177 2973 5247 1553,
2996 5194 3116 5239 saec.
3146 5179 3287 5251 xxv.)

399 5416 487 5478 A’.
552 5417 708 5501 ’Ἄρτι
740 5417 1071 5498 Μαξιμιανοῦ
1124 5418 1362 5495 δεύτερον
1392 5418 1510 5485 ἕτος
1544 5416 1777 5499 ἄγοντος,
1828 5418 1883 5476 ἐν
1912 5424 1960 5496 τῇ

2047 5443 2049 5459 ι
2146 5415 2193 5479 Ι.
2234 5411 2583 5478 Maximiano
2622 5413 2748 5494 jam
2796 5413 3130 5478 secundum
3158 5432 3381 5478 annum
3412 5421 3626 5496 agente
3653 5413 3719 5480 in

338 5508 604 5586 Ρωμαίων
660 5511 810 5593 ἀρχῇ
839 5513 927 5570 καὶ
975 5518 1070 5572 τοῦ
1110 5516 1211 5582 τῆς
1268 5507 1511 5577 ἀσεϐείας
1542 5516 1816 5591 χειμῶνος
1862 5530 1960 5590 χαι

2064 5504 2319 5589 imperio
2350 5502 2790 5584 Romanorum,
2821 5511 2883 5568 et
2927 5503 3243 5569 minitante
3289 5522 3527 5586 gravem
3558 5511 3715 5570 temo
3748 5574 3751 5577 _

414 5667 753 5817 (tgsﬂﬁrum
781 5671 999 5816 fastum
1028 5672 1113 5738 ait
1147 5671 1582 5756 Metaphrastes
1632 5669 1926 5738 celebrari
1958 5686 2078 5733 uno
2112 5664 2211 5731 die
2242 5675 2373 5749 post
2404 5667 2662 5730 natalem
2713 5666 2954 5746 Christi,
2987 5664 3464 5749 Martyrologium
3494 5664 3720 5765 Roma.-

414 5767 433 5811 ι
625 5770 797 5817 ecem
842 5772 953 5817 τις.

318 5766 433 5817 um
464 5766 546 5816 26
572 5766 953 5819 Decembris.
