4086 6412
287 413 292 418 ι
387 365 543 437 1039

1587 376 1972 440 ADDENDA.
2005 411 2085 424 —
2130 372 2559 442 DECEMBER.

3611 376 3761 446 1040

379 510 668 585 pestatem
698 502 1043 584 impietatis,
1077 513 1136 568 et
1165 523 1299 569 mox
1339 507 1401 568 in
1434 496 1565 588 pius
1594 516 1896 590 erepturo,
1931 512 2005 574 sic

2099 519 2266 578 λεπὸν
2328 515 2671 576 ἀπειλοῦντος
2722 513 2814 569 καὶ
2857 510 2981 569 ὅσον
3029 510 3165 569 οὕτω
3215 513 3353 570 κατὰ
3380 518 3485 569 τῶν
3532 510 3761 568 εὒσεϐὧν

376 611 615 689 quoque
644 593 935 658 ﬂorebant
965 595 1205 689 quidem
1269 614 1365 689 res
1425 598 1923 689 Christianorum,
1960 611 2005 663 e1

2100 608 2489 689 ἐκραγήσέσθαι
2539 604 2862 682 μέλλοντος,
2896 601 3039 669 ἤνθει
3100 601 3196 677 μὲν
3229 605 3317 659 καὶ
3370 603 3508 660 οὕτω
3536 603 3602 659 τὰ
3657 602 3763 658 τῶν

371 682 508 746 latas
527 693 694 748 erant
717 694 993 766 tanquam
1019 685 1080 748 in
1110 687 1550 766 jucundissimo
1572 706 1716 753 vere
1748 690 2010 771 pietatis.

371 773 500 837 Hoc
518 783 717 838 autem
737 793 839 838 ver
855 775 1156 839 faciebant
1173 777 1275 839 alii
1294 797 1532 861 quoque
1555 798 1622 843 ex
1641 781 2009 858 orthodoxis,

370 868 470 941 qui
492 877 546 926 et
573 868 931 939 temporibus
959 878 1122 927 erant
1148 873 1496 943 superiores,
1530 881 1584 930 et
1623 873 1846 945 pietatis
1874 875 2014 947 dogs

370 970 468 1014 ma
487 959 691 1033 aperte
707 951 995 1015 canebant
1016 953 1172 1015 sicut
1192 954 1434 1020 cicadae:
1462 975 1584 1037 pra:
1613 959 1844 1021 caeteris
1875 978 2012 1021 vero

368 1041 668 1114 omnibus,
700 1041 990 1105 Ecclesia
1045 1051 1267 1107 nostrae
1311 1048 1538 1110 musica
1590 1048 1877 1131 hirundo,
1912 1049 2013 1129 qui

365 1139 614 1212 propter
633 1138 858 1194 rectam
881 1132 941 1193 in
964 1131 1080 1194 ﬁde
1103 1135 1487 1217 sententiam,
1522 1143 1582 1198 et
1613 1139 1675 1198 iu
1713 1155 1782 1199 ea
1812 1138 2012 1200 dicen-

365 1219 429 1283 di
456 1219 936 1300 libertatem,fuit
966 1221 1308 1287 celebratus
1334 1225 1609 1307 Cyrillus.
1641 1224 1700 1289 Is
1728 1226 2007 1290 Nicome-

363 1308 521 1372 diam
551 1309 816 1375 moribus
842 1311 1027 1391 magis
1055 1330 1483 1396 ornans,quam
1516 1315 1657 1378 sede
1685 1317 2011 1398 episcopali

363 1406 426 1462 et
450 1399 629 1463 vitam
658 1400 919 1464 orationi
947 1401 1174 1465 habens
1216 1406 1721 1487 consentientem,
1763 1426 2008 1469 monas-

362 1489 517 1552 teria
545 1489 968 1571 constituebat,
1007 1501 1066 1555 et
1118 1511 1322 1557 eorum
1383 1514 1591 1558 curam
1650 1496 1918 1575 gerebat,
1954 1506 2011 1560 et

2100 700 2454 777 Χριστιανῶν,
2519 696 2604 751 καὶ
2680 692 2859 770 ὥσπερ
2929 691 2983 746 ὲν
3062 690 3259 766 ἡδίστῳ
3315 697 3414 759 τῆς
3500 690 3762 757 εὖσεϐείας

2101 789 2211 867 ἔαρι
2270 785 2655 868 φαιδρυνόμενα
2705 782 2797 850 ἦν.
2858 789 3023 840 Τοῦτο
3082 780 3137 837 δὲ
3194 784 3255 838 τὸ
3313 780 3404 860 ἔαρ
3459 783 3548 838 καὶ
3604 780 3760 837 ἄλλοι

2100 879 2198 951 μὲν
2246 878 2456 934 ἐποίουν
2534 880 2640 930 τῶν
2719 868 3004 950 ὀρθοδόξων
3075 869 3183 927 ⁵ὅσοι
3246 873 3330 926 οιαὶ
3400 872 3505 928 τῖεν
3564 870 3761 947 καιρῶν

2098 969 2349 1047 ἆνώτερδι
2418 967 2576 1039 ἦσαν,
2612 964 2791 1019 καὶτὸ
2850 959 3021 1038 δόγμα
3050 965 3147 1024 τῆς
3201 957 3466 1024 εὖσεϐείας
3524 966 3760 1039 φανερῶς

2096 1056 2223 1135 ᾖδον
2277 1058 2413 1114 κατὰ
2441 1058 2532 1111 τὸν
2581 1053 2819 1128 τέττιγα,
2853 1052 2955 1128 πρὸ
2985 1047 3040 1105 δὲ
3088 1051 3302 1105 πάντων
3332 1051 3367 1116 ἦ
3400 1051 3498 1116 τῆς
3553 1048 3757 1123 ἡμετέ-

2096 1171 2190 1226 ρας
2250 1144 2577 1211 Ἐκκλησίας
2621 1143 2851 1215 μουσικὴ
2884 1136 3140 1219 χελιδὼν,
3175 1141 3201 1196 ὁ
3260 1139 3425 1205 πολὺς
3455 1139 3554 1206 τὴν
3598 1139 3755 1216 ὀρθο-

2097 1235 2271 1303 δοξίαν
2329 1236 2419 1293 καὶ
2465 1234 2564 1299 τὴν
2615 1231 2700 1287 ἐπὶ
2729 1230 2927 1296 ταύτην
2977 1227 3270 1308 παῤῥησίαν
3307 1228 3587 1303 Κύριλλος,
3647 1230 3756 1286 οὗ..

2096 1349 2210 1400 τος,
2242 1326 2340 1393 τὴν
2402 1321 2735 1395 Νικομήδους
2787 1326 2862 1393 τῷ
2911 1318 3089 1395 τρόπῳ
3149 1318 3358 1393 μᾶλλον
3388 1318 3424 1385 ἢ
3475 1317 3570 1385 τῆς
3629 1316 3753 1373 ἐπι-

2096 1417 2300 1485 σκοπῆς
2346 1414 2512 1493 θρόνῳ
2540 1415 2782 1485 κοσμῶν,
2818 1409 2907 1465 καί
2959 1410 3050 1464 τὸν
3081 1408 3193 1485 βίον
3252 1406 3458 1475 δηλαδὴ
3487 1412 3564 1480 τῷ
3607 1405 3758 1485 λόγῳ

2096 1508 2377 1585 σύμφωνον
2455 1503 2624 1582 ἔχων,
2675 1500 2789 1570 ἱερά
2846 1520 2904 1555 τε
2973 1499 3351 1578 φροντιστήρια
3429 1494 3753 1576 συνεκρότει,

361 1597 434 1644 ea
463 1598 595 1661 quae
616 1580 743 1661 jam
776 1579 928 1643 facta
951 1580 1181 1646 fuerant
1210 1586 1551 1663 continens,
1586 1594 1644 1648 et
1670 1603 1826 1648 nova
1864 1606 2005 1667 prae

2097 1579 2185 1655 uti
2219 1579 2584 1661 ’ἀσκητηρ-ἱων
2615 1588 2936 1665 ἐπεμελεῖτο
2979 1589 3043 1644 τά
3079 1609 3135 1643 τε
3187 1586 3290 1655 ἤδη
3323 1590 3582 1666 γεγονότα
3627 1609 3755 1642 συν-

360 1678 455 1766 t_er
512 1682 713 1766 vetera
762 1670 1084 1766 mdiﬁcans.
1143 1676 1455 1738 Accensus
1517 1695 1682 1756 ergo,
1717 1695 2005 1741 accensus

2096 1686 2241 1766 έχων
2298 1686 2388 1741 καί
2416 1683 2573 1740 καινὰ
2624 1694 2742 1745 τοῖς
2777 1680 3034 1742 παλαιοῖς
3094 1676 3485 1751 ἐποικοδομῶν,
3520 1674 3760 1743 Ἀνῆπτο

360 1760 555 1854 fuerat
582 1760 736 1854 ignis
762 1760 864 1823 ille
900 1760 1272 1854 pietatis,de
1334 1785 1450 1847 quo
1510 1767 1693 1829 etiam
1727 1766 1873 1829 dicit
1904 1787 2005 1830 vox

2096 1776 2209 1854 οῦν,
2255 1776 2463 1842 ἀνῆπτο
2513 1774 2575 1827 τὸ
2626 1770 2727 1848 πῦρ
2779 1769 2959 1825 ἐκεῖνο
2993 1773 3090 1834 τῆς
3143 1765 3429 1847 εὗσεϐεἶας,
3499 1767 3525 1823 ὃ
3582 1766 3670 1822 καί
3725 1766 3760 1834 ἡ

358 1852 568 1931 regia:
609 1875 632 1909 σ
678 1852 881 1929 Ignem
928 1851 1064 1913 veni
1103 1852 1344 1917 mittere
1374 1855 1434 1917 in
1467 1864 1684 1918 terram
1724 1878 1737 1920 :
1774 1858 2006 1934 etjquid

2095 1853 2206 1923 θεία
2262 1864 2393 1945 φησί
2448 1862 2537 1919 καί
2595 1858 2851 1936 βασιλικὴ
2923 1858 3098 1938 φωνὴ,
3155 1876 3183 1915 (
3217 1863 3321 1934 Πῦρ
3352 1856 3512 1924 ἦλθον
3569 1853 3759 1933 βαλεῖν

361 1940 515 2013 volo,
549 1940 663 2002 nisi
698 1947 762 2002 ut
809 1940 1071 2003 ardeat?
1106 1966 1129 2001 ι)
1173 1944 1225 1994 12
1255 1945 1368 2018 Qui
1419 1946 1595 2007 etiam
1648 1953 1882 2009 tantum
1918 1957 2005 2010 est

2095 1958 2165 2017 εἷς
2217 1940 2316 2023 τήν
2379 1958 2504 2030 γῆν,
2541 1952 2627 2007 καί
2668 1949 2718 2004 τί
2749 1950 2887 2005 θέλω
2943 1948 2986 2003 εἰ
3038 1945 3138 2014 ἤδη
3173 1946 3383 2026 ἀνήφθη
3420 1963 3435 2022 ;
3473 1970 3499 2000 ι)
3558 1945 3628 2003 ’⁷0
3660 1945 3753 2000 καὶ

359 2031 643 2111 nutritus,
677 2036 736 2091 et
792 2035 1025 2092 tantum
1083 2030 1353 2114 invaluit,
1407 2044 1473 2095 ut
1499 2034 1676 2096 etiam
1708 2034 1781 2096 ad
1813 2034 2004 2115 ipsam

358 2118 590 2182 veniret
612 2118 862 2200 regiam,
898 2126 959 2181 et
992 2119 1195 2184 multis
1226 2141 1297 2185 ex
1324 2123 1395 2184 iis
1429 2122 1527 2200 qui
1555 2133 1728 2185 erant
1759 2124 1818 2185 in
1849 2123 2004 2204 ipsa,

359 2207 749 2290 persuaderet
792 2217 859 2269 ut
901 2206 1108 2271 relicto
1139 2228 1287 2273 auro
1322 2218 1383 2273 et
1409 2210 1651 2286 divitiis,
1683 2229 1817 2291 qum
1845 2210 2005 2274 hunc

356 2299 560 2378 ignem
590 2299 994 2378 exstinguunt,
1026 2317 1127 2361 eas
1178 2299 1239 2362 in
1285 2318 1495 2364 manus
1526 2318 1854 2383 pauperum
1885 2300 2002 2361 im-

359 2389 686 2470 minerent,
730 2388 1155 2470 Christumque
1205 2398 1264 2453 et
1317 2391 1450 2471 ejus
1494 2398 1697 2472 partes
1756 2390 2002 2453 omnino

357 2488 783 2560 sequerentur.
988 2547 995 2552 ,

398 2616 407 2625 .
439 2571 671 2633 ll.Cum
700 2570 830 2632 haec
859 2576 1058 2631 autem
1092 2567 1419 2632 audivisset
1439 2571 1854 2649 Maximianus,
1883 2591 2001 2634 non

357 2668 527 2725 erant
556 2679 626 2722 ea
646 2659 889 2722 omnino
923 2659 1284 2737 tolerabilia;
1316 2660 1422 2721 sed
1472 2680 1609 2723 cum
1673 2661 1851 2723 etiam
1884 2662 2000 2724 du-

355 2753 493 2835 plex
515 2752 572 2813 ei
596 2748 817 2812 bellum
851 2747 1170 2830 erupisset,
1205 2769 1462 2828 quorum
1493 2752 1624 2832 ipse
1653 2751 1893 2832 quidem
1928 2773 2000 2813 u-

355 2860 500 2904 num
532 2839 806 2902 movebat
833 2848 1041 2902 contra
1071 2839 1646 2923 pietatem,alterum
1683 2859 1819 2903 vero
1850 2860 2001 2905 con-

355 2940 448 2993 tra
474 2931 668 3012 ipsum
700 2928 967 3011 quaedam
997 2938 1229 3010 gentes,
1283 2930 1355 2993 ab
1419 2950 1490 2993 eo
1537 2930 1698 2993 bello
1732 2932 2000 3014 devictae,

355 3021 485 3103 ejus
513 3022 616 3083 diu
647 3019 1091 3082 distrahebatur
1146 3021 1406 3085 animus.
1443 3020 1589 3085 Cum
1620 3040 1763 3083 vero
1792 3022 2000 3084 consi-

353 3113 619 3175 derasset
644 3122 925 3192 oportere
956 3110 1122 3191 prius
1168 3110 1390 3173 bellum
1442 3112 1743 3174 conﬁcere
1774 3110 2001 3174 Barba-

352 3200 829 3281 rorum,utquod
854 3210 1015 3262 esset
1035 3199 1361 3263 terribilius
1388 3219 1402 3264 :
1426 3200 2003 3282 Religionis,inquit,

2089 2045 2343 2102 τοσοῦτον
2386 2042 2585 2120 ἐτράφη
2619 2040 2707 2095 καί
2758 2037 2985 2118 ἴσχυσε)
3018 2039 3089 2102 ὡς
3138 2039 3227 2093 καί
3268 2036 3439 2092 αὒτῶν
3495 2032 3753 2091 ἐπιλαϐέ-

2089 2138 2205 2191 σθαι
2250 2135 2353 2189 τῶν
2411 2130 2693 2208 βασιλείων
2748 2128 2833 2184 καί
2875 2127 3102 2205 συχνοὺς
3156 2132 3263 2182 τῶν
3306 2132 3423 2203 περὶ
3467 2125 3599 2181 αὒτὰ
3629 2137 3753 2180 πεῖ-

2090 2246 2181 2282 σαι
2245 2223 2443 2302 χρυσὸν
2502 2224 2589 2274 καί
2632 2218 2861 2274 πλοῦτον
2918 2215 3169 2296 ἀφέντας,
3216 2214 3272 2280 ὃς
3337 2222 3485 2274 τοῦτο
3543 2213 3749 2289 μᾶλλον

2086 2312 2327 2370 σϐέννυσι
2377 2312 2435 2366 νὺ
2491 2311 2616 2386 πῦρ,
2667 2307 2852 2387 χερσίν
2905 2306 3077 2363 αὐτῶν
3131 2305 3377 2374 πενήτων
3436 2304 3749 2382 ἐγκαταθεῖ·

2087 2426 2193 2476 ναι,
2257 2404 2342 2458 καί
2402 2400 2559 2461 ὅλους
2613 2404 2836 2477 Χριστοῦ
2894 2396 2979 2452 καί
3036 2396 3133 2461 τῆς
3194 2397 3350 2451 αὺτοῦ
3411 2391 3617 2472 μερίδος
3651 2414 3749 2471 γε-

2087 2494 2285 2551 νέσθαι.

2167 2582 2248 2641 Β’.
2314 2588 2487 2639 Ταῦτα
2545 2578 2595 2634 δὲ
2657 2578 2938 2635 ἀκούσαντι
3003 2574 3315 2652 Μαξιμιανῷ
3358 2575 3551 2631 ἀνεκτὰ
3609 2572 3750 2639 ὅλως

2087 2675 2182 2731 οῦκ
2237 2671 2301 2738 ἧν
2365 2669 2506 2727 αλλὰ
2548 2669 2636 2725 καί
2694 2666 2884 2724 διπλοῦ
2948 2668 3090 2741 αύτῷ
3134 2664 3535 2744 περιρραγέντος
3590 2664 3753 2721 πολέ-

2090 2785 2212 2838 μου,
2244 2764 2317 2816 ὧν
2369 2761 2457 2816 τὸν
2491 2759 2588 2833 μὲν
2639 2759 2790 2821 αὕτὸς
2851 2756 2916 2824 ἦν
2964 2757 3100 2812 κατὰ
3132 2757 3229 2821 τῆς
3268 2751 3532 2813 εὐσεϐείας
3564 2755 3750 2829 κινῶν,

2089 2854 2181 2909 τὸν
2227 2848 2280 2905 δὲ
2315 2848 2437 2915 ἔθνη
2497 2849 2613 2905 τινὰ
2665 2850 2797 2924 πρὸς
2863 2847 3020 2903 αὺτὸν
3078 2843 3515 2923 ὲκπολεμωθένα,
3548 2842 3752 2922 μερίζε-

2087 2965 2173 2998 ται
2224 2941 2323 3015 μὲν
2371 2939 2458 2997 ἐπί
2490 2938 2627 2994 πολὺ
2659 2937 2755 3003 τὴν
2814 2935 3030 3016 ψοχών.
3068 2934 3421 3013 Λογιζόμενος
3454 2931 3507 2988 δὲ
3539 2933 3747 3011 προσῆ-

2088 3054 2179 3089 κον
2243 3029 2480 3087 εἶναιτὸ
2529 3033 2632 3083 τῶν
2687 3023 2963 3104 βαρϐάρων
3016 3024 3293 3105 πρότερον,
3324 3022 3417 3079 εἴτε
3448 3023 3535 3079 καί
3582 3020 3745 3102 φοϐε-

2089 3122 2339 3200 ρώτερον,
2388 3116 2705 3195 διενεγκεῖν,
2752 3113 2850 3173 Τὸν
2920 3120 3019 3181 τῆς
3081 3110 3346 3175 εὗσεϐείας
3394 3111 3532 3178 αὖθις
3605 3112 3740 3167 ἐπα-

2088 3199 2388 3286 ναστρέψας
2449 3205 2722 3285 ἀσφαλῶς,
2758 3203 2885 3283 ἔφη,
2915 3202 3142 3273 κινήσω,
3177 3203 3265 3258 καὶ
3316 3199 3503 3266 διδάξω
3563 3201 3741 3264 καλῶς

347 3288 572 3352 bellum
620 3306 897 3351 reversus
920 3295 1042 3349 tuto
1081 3288 1357 3364 movebo,
1391 3297 1457 3352 et
1483 3289 1732 3370 pulchre
1763 3288 1991 3351 docebo

2095 3300 2219 3357 ιετὰ
2272 3303 2376 3355 τῶν
2410 3295 2757 3373 προπατόρων
2821 3293 2954 3349 θεῶν
3011 3292 3131 3353 τοὺς
3192 3291 3323 3368 πρὸς
3374 3289 3561 3351 αὖτοῦς
3619 3287 3743 3354 ἐξυ-

346 3397 482 3441 cum
507 3377 804 3456 majorum
829 3394 1099 3439 meorum
1123 3377 1375 3452 diis,eos
1407 3377 1508 3458 qui
1534 3377 1697 3459 ipsos
1726 3378 1993 3442 afﬁciunt

2095 3388 2343 3469 ἶρίζοντας
2401 3385 2478 3461 μὴ
2540 3383 2601 3439 ἂν
2657 3380 2850 3439 ἄλλοτέ
2909 3402 3039 3439 ποτε
3111 3386 3327 3436 τοιαῦτα
3370 3376 3489 3435 κατ’
3524 3380 3744 3469 ἓνκείιων

340 3466 1077 3546 contumeliis,numquam
1103 3466 1191 3528 eis
1216 3474 1331 3531 tam
1358 3468 1749 3530 vehementer
1780 3477 1838 3530 et
1873 3476 1988 3531 tam

2095 3466 2447 3536 νεανιεύεσθαι.
2497 3475 2658 3536 Οὗτος
2693 3472 2791 3548 μὲν
2846 3470 2912 3539 δὴ
2941 3478 3160 3528 τοιαῦτα
3212 3470 3437 3539 κινήσας
3469 3466 3630 3548 χείλη
3681 3489 3743 3524 τε

338 3565 567 3629 temere
608 3557 917 3619 insultare.
955 3556 1099 3618 Cum
1157 3557 1206 3618 is
1250 3556 1337 3619 sic
1367 3556 1608 3637 quidem
1643 3567 1699 3620 et
1730 3557 1895 3620 labra
1927 3558 1989 3620 in

2095 3568 2225 3626 ῖόλια
2283 3569 2338 3622 ἒν
2398 3562 2580 3644 καρδίᾳ
2639 3564 2728 3619 καὶ
2788 3560 3037 3641 γλῶσσαν
3100 3558 3545 3638 μεγαλοῤῥήμονα
3600 3558 3742 3615 κατὰ

338 3648 521 3711 corde
549 3648 776 3722 dolosa,
811 3655 868 3708 et
906 3647 1165 3726 linguam
1220 3647 1499 3711 movisset
1527 3667 1737 3728 magna
1784 3658 1842 3711 et
1873 3668 1978 3711 su-

2095 3662 2177 3717 εῶν
2236 3653 2516 3735 βαρϐάρων
2584 3652 2747 3730 ἐξῄει*
2798 3655 2825 3708 ὁ
2869 3650 2923 3707 δὲ
2966 3673 3072 3707 των
3118 3646 3345 3707 εὒσεϐὦν
3417 3648 3611 3727 πυρσὸς
3658 3648 3739 3708 ἔτι

334 3738 520 3819 perba
549 3739 919 3819 loquentem,
956 3755 1228 3815 egressus
1286 3747 1375 3799 est
1419 3748 1625 3800 contra
1654 3737 1977 3804 Barbaros.

2095 3746 2271 3805 μᾶλλον
2320 3744 2548 3819 ἀνῆπτο,
2584 3744 2674 3799 καὶ
2732 3743 2780 3799 οἱ
2812 3748 2903 3798 τοῦ
2961 3745 3188 3820 Χριστοῦ
3230 3740 3548 3815 στρατιῶται
3605 3737 3739 3814 πρὸς

330 3826 571 3891 Piorum
603 3835 800 3889 autem
832 3826 922 3888 fax
976 3826 1168 3889 adhuc
1200 3828 1386 3907 magis
1414 3829 1883 3910 accendebatur,
1924 3837 1983 3891 et

2095 3833 2355 3915 παράταξιν
2403 3833 2802 3909 ηὒτρεπίζοντο.
2865 3829 2959 3887 Ἐν
3016 3830 3223 3891 τούτοις
3267 3825 3465 3894 ἤνθησέ
3522 3847 3572 3883 τι
3601 3847 3736 3915 φαι-

335 3917 557 3981 Christi
589 3917 809 3978 milites
840 3915 1204 3997 parabantur
1233 3917 1307 3978 ad
1338 3916 1722 3980 acichnter
1747 3937 1850 3980 eos
1875 3918 1984 3981 ﬂo-

2099 3912 2187 4003 ρδν
2249 3927 2338 3983 καὶ
2399 3924 2562 3980 καλὸν
2636 3923 2797 4002 φυτὸν
2868 3915 3158 3993 εῦσεϐείας,
3220 3916 3474 3996 παρθένος
3538 3912 3738 3996 σφόδρα

328 4006 449 4068 ruit
478 4006 611 4067 laeta
638 4004 905 4088 quaedam
933 4013 991 4066 et
1018 4005 1262 4086 pulchra
1288 4007 1483 4086 planta
1518 4007 1779 4087 pietatis,
1815 4007 1979 4088 virgo

2095 4016 2204 4083 ali.
2235 4017 2332 4083 τὴν
2394 4017 2586 4080 κ)ἧσιν
2623 4011 2829 4087 Δόμνα,
2863 4009 2959 4077 τὴν
3013 4005 3165 4072 δόξαν
3207 4005 3493 4086 ἐπιφανὴς,
3525 4005 3577 4061 ἐν
3632 4008 3733 4061 θα-

326 4093 646 4157 admodum
706 4094 974 4175 pulchra,
1034 4097 1264 4158 Domua
1296 4098 1562 4174 nomine,
1597 4096 1787 4177 gloria
1819 4097 1974 4159 insi-

2098 4108 2218 4182 άμῳ
2279 4101 2616 4180 τεθραμμένη
2687 4098 2949 4177 βασιλικῷ
3014 4096 3156 4176 παρὰ
3217 4103 3309 4154 τοῦ
3388 4092 3735 4172 ψευδωνύμου

325 4184 481 4266 guis,
517 4184 579 4246 in
611 4185 867 4246 thalamo
903 4184 1154 4246 educata
1212 4186 1626 4265 imperatorio,
1662 4186 1736 4247 ab
1787 4187 1973 4269 impio

2098 4193 2323 4257 ασιλέως
2384 4192 2637 4270 πρότερον
2669 4202 2785 4251 τοῖς
2848 4184 3212 4262 ψευδωνύμοις
3272 4188 3416 4250 θεοῖς
3465 4187 3729 4264 καθιερω-

324 4277 684 4356 imperatore
708 4273 781 4336 iis
799 4274 898 4356 qui
916 4273 1060 4336 falso
1087 4274 1491 4357 nominantur,
1521 4277 1657 4355 ejus
1684 4276 1798 4338 diis
1819 4295 1970 4337 con—

2095 4298 2234 4356 εἴσα,
2298 4295 2354 4339 οῖ
2425 4277 2567 4336 ἔνδον
2628 4283 2731 4334 τῶν
2793 4273 3073 4333 ϐασιλείων
3138 4273 3375 4355 ἵδρυντο,
3421 4273 3608 4353 πρώτη
3669 4295 3728 4330 τε

324 4364 694 4446 secrata,qui
724 4363 998 4427 collocati
1032 4374 1206 4426 erant
1240 4368 1393 4425 intra
1427 4366 1651 4444 regiam
1689 4383 1702 4424 :
1741 4371 1801 4425 et
1830 4383 1973 4426 con-

2095 4382 2163 4431 ὦν
2206 4375 2411 4450 ἱερειῶν
2454 4374 2762 4426 καταστῦσα
2792 4367 2882 4423 καὶ
2940 4366 3120 4429 θυσίας
3152 4366 3328 4433 πάσης
3368 4365 3457 4421 καὶ
3501 4363 3726 4431 τελετῆς

320 4455 524 4517 stituta
548 4455 739 4535 prima
759 4453 1164 4535 sacerdotum,
1183 4464 1242 4517 et
1268 4453 1540 4535 praefecte
1566 4453 1880 4516 sacrificiis
1916 4467 1975 4518 et

2095 4469 2164 4522 ὧν
2225 4459 2464 4535 ματαίων
2494 4462 2627 4514 θεῶν
2658 4455 3026 4537 κατάρχουσα.
3076 4453 3244 4515 Ἀλλὰ
3299 4455 3399 4534 γὰρ
3430 4455 3601 4525 ἐζήτει
3659 4455 3723 4509 τὸ

320 4543 620 4624 mysteriis
635 4544 914 4605 omnibus
938 4543 1185 4605 deorum
1235 4544 1523 4606 inanium.
1554 4542 1777 4605 Verum
1813 4540 1972 4603 enim

2095 4551 2251 4630 γαθὸν
2300 4546 2476 4625 δέδρον
2520 4547 2607 4603 καὶ
2680 4551 2782 4623 γῆν
2853 4546 3055 4624 ἀγαθὴν
3128 4546 3214 4601 καὶ
3278 4546 3313 4612 ἦ
3344 4538 3717 4622 ’κατάκαρπος

315 4651 457 4696 vero
481 4634 638 4695 bona
660 4632 836 4695 arbor
857 4633 1162 4714 quaerebat
1190 4632 1407 4695 bonam
1441 4640 1687 4706 terram,
1714 4639 1775 4693 et
1804 4630 1967 4693 ferax
1992 4655 2005 4706 ι

2095 4641 2224 4715 Καια,
2262 4638 2316 4694 ἐν
2368 4636 2505 4711 οἴκῳ
2551 4640 2739 4712 στῇναι
2799 4642 2932 4692 Θεοῦ
2977 4636 3063 4691 καὶ
3124 4635 3213 4690 τὸν
3245 4634 3449 4712 καρπὸν
3507 4633 3720 4713 εὔχρη-

316 4725 451 4789 olea
470 4731 628 4786 stare
648 4724 707 4784 in
725 4723 902 4784 domo
924 4721 1053 4803 Dei,
1080 4732 1141 4784 et
1164 4722 1417 4784 fructum
1442 4721 1700 4784 reddere
1721 4720 1957 4782 utilem.

2095 4754 2171 4789 τον
2226 4725 2532 4789 ἀποδοῦναι,
2565 4725 2716 4794 Αὕτη
2776 4735 2903 4804 γοῦν
2962 4734 3054 4783 τοῦ
3109 4729 3209 4793 τῆς
3268 4726 3498 4786 πίστεως
3555 4723 3723 4802 λόγου

311 4814 451 4897 Ipsa
468 4832 777 4895 ergo,cum
802 4812 943 4875 (iriei
988 4830 1188 4874 sermo
1211 4812 1579 4887 dilataretur,
1601 4819 1661 4874 et
1689 4810 1765 4873 ad
1803 4810 1962 4873 divi-

2095 4817 2467 4898 λατυνομένου,
2506 4818 2579 4882 εἰς
2630 4816 2798 4884 ἀκοὴν
2857 4814 3076 4873 ἐλθοῦσα
3126 4819 3232 4871 τῶν
3274 4813 3426 4871 θείων
3491 4819 3716 4894 Γραφῶν

310 4923 525 4968 narum
552 4901 987 4984 Scripturarum
1012 4908 1272 4964 venisset
1291 4900 1679 4976 auditionem,
1719 4906 1776 4962 et
1802 4919 1964 4963 men-

2095 4912 2140 4970 ιί
2202 4908 2494 4976 οἰκειότητι
2552 4906 2775 4986 γνώμης
2815 4908 2907 4963 τὸν
2970 4906 3229 4983 σπινθῆρα
3292 4904 3386 4972 τῆς
3451 4900 3720 4970 εὐσεϐείας

312 4995 388 5058 tis
416 4993 746 5077 aptitudine
776 4996 1072 5074 rapuisset
1119 4991 1438 5082 scintillam
1501 4989 1759 5082 pictatis,
1790 4989 1962 5082 brevi

2095 5002 2332 5060 »πάσασα
2385 4998 2581 5075 ἔρωτος
2614 4996 2668 5052 ἐν
2712 4997 2916 5077 βραχεῖ
2944 4993 3271 5072 πληροῦνται
3328 4999 3714 5075 πνευματικοῦ,

306 5086 590 5168 impletur
632 5102 836 5146 amore
884 5080 1207 5164 Spirituali,
1264 5090 1322 5142 et
1368 5099 1503 5142 cum
1539 5080 1705 5142 illum
1740 5080 1956 5142 librum

2095 5094 2131 5149 ιὶ
2196 5089 2429 5148 λαϐοῦσο
2492 5085 2672 5165 βίϐλον
2731 5085 2938 5150 ἐκείνην
3006 5081 3239 5163 Παύλου,
3285 5085 3446 5164 φημὶ,
3504 5083 3597 5140 τοῦ
3640 5091 3720 5159 τῷ

307 5176 663 5259 accepisset,
686 5173 877 5253 Pauli,
900 5171 1278 5251 lnquam,qui
1301 5188 1580 5261 sermone
1610 5170 1956 5251 complexus

2095 5183 2188 5261 ἰγῳ
2246 5183 2343 5252 τήν
2408 5176 2723 5254 οἰκουμένην
2783 5170 3159 5251 περιλαϐόντες
3218 5174 3307 5231 καὶ
3338 5173 3434 5239 τὰς
3499 5171 3715 5253 πράξεις

300 5277 396 5332 est
417 5268 623 5330 orbem
653 5270 918 5343 terrae,et
941 5262 1204 5324 actiones
1227 5260 1445 5343 reliqui
1468 5262 1637 5324 chori
1658 5263 1947 5342 apostolo

2095 5272 2129 5329 ὖ
2192 5271 2381 5329 λοιποῦ
2439 5275 2545 5325 τῶν
2605 5263 2918 5321 ἂποστόλων
2984 5261 3153 5342 χοροῦ
3211 5262 3348 5321 πάνυ
3406 5260 3705 5325 σπουδαίως

300 5357 786 5441 ru,m,diligenter
808 5360 868 5415 et
883 5351 1265 5441 continenter
1282 5369 1349 5413 ea
1371 5353 1668 5433 percurrit
1688 5370 1700 5416 :
1723 5360 1784 5413 et
1807 5370 1945 5413 cum

2095 5364 2119 5419 ιὶ
2180 5358 2429 5441 προεχῶς
2490 5354 2708 5432 dagger
2781 5353 2870 5409 καὶ
2921 5355 3117 5431 γνοῦσα
3176 5354 3295 5419 τοὺς
3369 5352 3559 5433 λόγους
3632 5353 3708 5416 ὼς

299 5426 681 5529 cdguoxisset
710 5460 801 5519 ea,
838 5460 967 5523 quae
1020 5426 1395 5517 dicebantur,
1430 5461 1561 5505 esse
1595 5450 1651 5504 et
1693 5460 1856 5521 vera,
1886 5453 1944 5504 et

2095 5477 2128 5509 ην
2182 5426 2431 5524 ἂληθὲῦς,
2464 5448 2538 5511 ὡς
2689 5441 2860 5519 ἡδεῖς,
2893 5426 2968 5507 ὠς
3012 5441 3091 5516 δὲ,
3127 5444 3188 5500 τὸ
3217 5449 3404 5520 μεῖζον
3448 5426 3701 5518 πάντων,

296 5529 696 5615 delectabilia,
724 5540 783 5595 et
810 5530 967 5614 quod
1002 5540 1091 5594 est
1132 5533 1395 5595 omnium
1434 5533 1780 5609 maximum,
1808 5530 1940 5593 ani-

2095 5538 2401 5623 ιχωφελετς,
2452 5535 2675 5594 παντοία
2731 5535 2822 5602 ἦν·
2875 5531 3057 5615 ἥδετο,
3092 5533 3472 5615 ἐξεπλήττετο,
3517 5532 3698 5603 λύπης

350 5700 383 5792 λ
413 5746 561 5810 Luc.
596 5759 701 5819 xu,
733 5742 834 5804 49.
