4086 6390
354 378 503 447 1041
1487 384 1674 449 VITA
1736 384 1836 448 SS.
1888 385 1967 450 IN

2144 382 2242 448 ET
2292 384 2605 449 DOMNIE.
3579 381 3731 452 1042

330 519 435 585 τὴν
465 516 652 598 ψυχὴν
684 516 1004 589 ἐπληροῦτσ⁶
1037 515 1235 575 ’Ἦδετο
1268 539 1366 594 μεν
1395 517 1477 599 ἐφ’
1508 520 1596 584 οἶς
1619 520 1840 594 τοιούτῳ
1868 518 1943 577 ἔτι

2114 536 2180 581 nae
2203 516 2389 593 utilia,
2419 517 2581 581 varie
2609 517 3008 593 afﬁciebatur,
3035 517 3363 595 lmtabatur,
3390 518 3727 584 admiraba-

329 629 404 688 χε
461 610 709 687 θησαυρῷ
746 627 759 642 '
827 606 1178 678 ἐξεπλήττετο
1228 605 1283 663 δὲ
1339 609 1436 675 τὴν
1491 609 1596 666 τῶν
1656 615 1942 688 Χριστιανᾶ

2104 627 2187 685 ur,
2225 608 2432 671 dolore
2463 609 2647 671 animi
2678 608 3065 691 implebatur.
3113 610 3450 673 Laetabatur
3478 611 3717 691 quidem

327 700 513 755 πίστιν
570 699 898 754 κατανοοῦσα
956 698 1047 755 καὶ
1096 699 1158 754 τὸ
1217 696 1503 777 φιλάληθες
1552 703 1718 766 αὒτῆς
1774 700 1940 757 καίοι

2111 699 2222 759 uod
2259 699 2319 759 in
2346 698 2520 760 talem
2549 699 2896 761 thesaurum
2930 698 3284 763 incidisset:
3314 696 3719 763 admirabatur

326 803 480 845 xslov
531 789 663 865 πρὸς
725 790 918 868 ἀρετὴν
976 784 1356 867 ἀποδεχομένη
1395 805 1409 819 ⁸
1445 788 1626 857 ἠνιᾶτο
1658 787 1712 846 δὲ
1742 791 1839 859 τὴν
1869 798 1936 862 ζη

2106 796 2286 863 utem,
2304 787 2697 851 considerans
2724 789 2902 852 [idem
2937 788 3441 852 Christianorum:
3469 791 3719 874 ejusque

326 879 454 953 μίαν
484 876 583 945 τὴν
614 877 781 957 μέχρι
812 878 996 935 τούτου
1025 877 1349 958 λογιζομένη
1410 880 1500 939 καὶ
1547 880 1711 938 νύκτα
1753 881 1939 959 βαθεῖα

2107 876 2183 939 eri
2215 876 2476 939 studium
2523 886 2581 939 et
2631 880 3117 959 conjunctionem
3149 896 3288 942 cum
3330 878 3548 943 virtute
3580 897 3720 943 sus-

324 968 393 1026 τόι
436 963 771 1048 προλαϐόντα
802 967 1109 1044 νομίζουσα.

2103 966 2332 1047 ipiens:
2368 967 2695 1046 angebatur
2722 986 2888 1045 vero,
2923 969 3206 1032 damnum
3252 969 3413 1047 quod
3444 986 3716 1049 eousque

2057 1064 2389 1137 acceperat,
2451 1067 2756 1137 reputans,
2817 1068 2876 1121 et
2935 1068 3176 1122 noctem
3229 1059 3586 1141 profundam
3617 1078 3710 1137 ea,

2057 1165 2193 1228 quae
2228 1156 2675 1227 praecesserant,
2726 1148 3095 1215 existimans.
3580 1188 3583 1193 ν

404 1246 440 1295 Γ
454 1229 485 1303 ’,
532 1238 751 1317 Ἀμέλει
784 1238 877 1296 καί
922 1239 1020 1306 τῆς
1053 1236 1298 1305 εὒσεόοῦς
1324 1240 1522 1306 ταύτης
1579 1239 1810 1303 πίστεως
1846 1246 1970 1314 γλι-

2139 1234 2239 1299 lIl.
2263 1238 2427 1299 Hanc
2452 1245 2611 1299 certe
2636 1238 2793 1318 piam
2810 1239 2990 1301 fidem
3019 1240 3395 1323 desiderans,
3413 1238 3567 1303 nihil
3585 1259 3708 1303 om-

324 1328 539 1411 χομένη
589 1327 755 1404 μηδὲν
814 1327 952 1390 ὅλως
1011 1326 1327 1403 μελλήσασα
1381 1325 1797 1404 μεταστέλλεται
1857 1350 1937 1385 τιν

2093 1327 2200 1388 ino
2245 1335 2543 1408 cunctata,
2578 1331 2831 1392 accersit
2861 1332 3181 1410 quamdam
3215 1332 3393 1394 tiliam
3427 1333 3605 1394 unius
3635 1350 3706 1397 ex

317 1420 548 1501 κρυφίως
604 1419 721 1485 ἑνὸς
781 1418 888 1475 τῶν
933 1423 1030 1486 τῆς
1090 1418 1289 1496 βουλῆς
1315 1418 1599 1497 θυγατέρα,
1630 1418 1730 1485 τὴν
1760 1419 1858 1493 μὲν
1882 1417 1930 1475 δε

2090 1416 2435 1480 enatoribus
2454 1419 2612 1500 (quae
2633 1420 2915 1500 opinione
2932 1420 3175 1501 quidem
3199 1431 3325 1484 erat
3345 1422 3703 1502 Christiana,

320 1508 414 1574 ξαν
477 1518 816 1587 Τριστιανην,
874 1512 1128 1587 παρθένον
1161 1506 1241 1564 ⁴δὲ
1312 1510 1398 1565 καὶ
1470 1509 1633 1577 αὐτὴν
1691 1510 1763 1574 είς
1820 1509 1933 1587 ἀκρί

2092 1514 2183 1567 rat
2244 1514 2444 1570 autem
2499 1507 2629 1589 ipsa
2685 1528 2924 1591 quoque
2978 1510 3136 1589 virgo
3181 1511 3465 1592 perfecta)
3498 1529 3705 1574 verum

315 1596 467 1655 ϐειαν
524 1599 592 1654 τὰ
645 1600 743 1665 τῆς
804 1596 1029 1664 ἀληθοῦς
1087 1596 1331 1678 λατρείας
1390 1598 1561 1662 ἐρῶσα
1636 1602 1829 1674 μαθεῖν
1884 1621 1928 1655 κς

2095 1596 2280 1658 ultum
2314 1597 2470 1659 scire
2497 1597 2875 1678 desiderans,
2909 1607 2969 1661 et
2998 1601 3081 1661 uti
3106 1619 3176 1663 ea
3196 1600 3349 1663 duce
3375 1601 3448 1663 ad
3473 1602 3708 1681 religio-

317 1686 502 1765 ὁδηγῷ
548 1688 713 1755 ταῦτη
772 1689 1077 1768 χρήσασθαι
1130 1690 1258 1766 πρὸς
1303 1689 1402 1756 τὴν
1457 1686 1780 1769 θεοσέϐειαν,
1842 1709 1930 1763 παι

2089 1703 2218 1747 ιοηι.
2256 1688 2306 1747 Α
2352 1706 2466 1767 qua
2518 1686 2578 1747 in
2630 1689 2922 1769 mysteriis
2954 1690 3361 1770 pulcherrime
3405 1691 3702 1766 instituta,

312 1777 381 1846 ἧς
441 1777 535 1834 καί
567 1778 634 1833 τὰ
666 1775 931 1834 καλλίστα
964 1781 1473 1857 ζευσταγιιιηηθεῒσα,
1507 1778 1602 1834 ἐπί
1652 1780 1713 1834 τὸ
1765 1778 1924 1855 βάπτι

2088 1783 2334 1855 σορθηιι
2361 1776 2434 1836 ad
2463 1775 2823 1857 baptismum
2857 1800 2869 1837 :
2902 1787 2962 1840 et
2989 1780 3187 1841 media
3215 1790 3411 1856 nocte,
3445 1781 3701 1844 inscien-

311 1890 425 1942 σμα
485 1866 695 1923 σπεύδει
730 1882 744 1897 ⁸
805 1869 892 1924 καὶ
973 1869 1065 1924 τὸν
1142 1864 1397 1947 ἀρχιερέα
1466 1865 1723 1944 Κύριλλον
1787 1867 1924 1943 μέσα

2084 1864 2210 1927 ibus
2234 1864 2532 1938 omnibus,
2559 1866 2722 1928 venit
2759 1867 2832 1928 ad
2865 1868 3150 1948 Cyrillum
3184 1870 3554 1949 pontiﬁcem.
3590 1869 3697 1934 Ille

310 1957 517 2014 νυκτῶν
567 1956 809 2033 κλέψασα
867 1958 967 2018 τὴν
1017 1956 1268 2024 αἴσθησιν
1328 1956 1568 2031 πάντων,
1602 1955 1923 2032 καταλαμόἆ

2086 1963 2245 2017 utem
2279 1973 2413 2016 cum
2436 1955 2738 2020 modulate
2756 1956 2989 2019 divinas
3006 1956 3063 2019 ei
3093 1958 3412 2021 cecinisset
3435 1958 3698 2041 Scriptu-

310 2069 411 2106 νει.
476 2047 736 2110 Κάκεῖνος
797 2045 1049 2122 ἐμμελῶς
1105 2048 1199 2111 τὰς
1230 2047 1371 2111 θείας
1403 2047 1613 2112 ἁπάσας
1646 2050 1779 2123 αὖτῇ
1825 2052 1923 2124 Γρα

2079 2067 2165 2125 as,
2201 2056 2260 2111 et
2291 2048 2632 2111 veneranda
2663 2049 2885 2113 Christi
2916 2067 3097 2113 cruce
3129 2069 3262 2114 eam
3297 2051 3692 2136 obsignasset,

308 2138 441 2216 φὰς,
503 2136 628 2194 εἶτα
682 2138 773 2193 καὶ
801 2143 878 2211 τῷ
908 2137 1067 2213 τιμίῳ
1097 2143 1305 2214 σταυρῷ
1360 2138 1453 2192 τοῦ
1516 2136 1743 2216 Χριστοῦ
1787 2158 1921 2216 σφρα

2079 2157 2187 2200 unc
2209 2138 2451 2219 quidem
2478 2156 2607 2200 eam
2634 2139 2773 2201 facit
2795 2142 3315 2206 catechumenam:
3343 2150 3400 2204 et
3412 2143 3583 2223 jubet
3600 2161 3692 2224 ea,

307 2229 490 2305 γίσας,
550 2227 673 2283 τότε
756 2227 854 2301 μὲν
913 2226 1337 2306 κατηχουμένην
1408 2226 1572 2294 αῦτὴν
1636 2240 1807 2301 ποιεῖ,
1871 2247 1920 2282 κε

2091 2247 2179 2289 uae
2209 2228 2284 2290 de
2317 2242 2485 2290 more
2509 2229 2672 2309 prius
2694 2230 2868 2307 fiunt,
2895 2231 3028 2293 ﬁeri
3047 2249 3080 2292 a
3098 2231 3194 2313 pio
3215 2232 3471 2313 quodam
3494 2233 3697 2297 diaco-

309 2316 684 2393 προτελεῖσθαι
745 2318 810 2374 τὰ
882 2316 1147 2392 εἰθισμένα
1209 2316 1352 2395 παρά
1412 2322 1503 2373 τοῦ
1561 2322 1666 2373 τῶν
1721 2313 1922 2372 εῦλαϐῶ

2089 2337 2160 2394 ο;
2195 2327 2324 2380 erat
2350 2326 2547 2379 autem
2582 2320 2636 2381 ei
2669 2337 2888 2381 nomen
2918 2321 3204 2401 Agapius.
3237 2320 3347 2383 Illa
3377 2339 3518 2384 vero
3556 2341 3694 2385 cum

316 2404 565 2462 διακόνων
623 2405 917 2463 ἐπιτάττει.
966 2396 1030 2462 Ἠ
1090 2404 1146 2461 δὲ
1204 2406 1409 2472 τούτοις
1455 2428 1510 2464 τε
1540 2406 1653 2479 ἅμα
1708 2407 1801 2462 καὶ
1853 2429 1929 2474 νη

2083 2408 2242 2484 this,
2279 2416 2335 2468 et
2368 2407 2597 2487 jejunio
2642 2416 2702 2470 et
2746 2396 3007 2472 orationi
3051 2396 3227 2474 simul
3272 2420 3528 2493 vacaret,
3576 2432 3696 2476 non

315 2494 462 2568 στείᾳ
510 2497 590 2552 καὶ
650 2502 930 2577 προσευχῇ
1010 2495 1350 2576 προσέχουσα
1435 2500 1528 2555 οὒκ
1589 2495 1809 2553 ἔλαττον
1866 2517 1925 2551 το

2081 2497 2242 2558 tinus
2276 2498 2401 2558 hac
2434 2515 2617 2577 agens
2674 2498 2869 2560 studio
2926 2500 3128 2575 latere,
3165 2519 3342 2581 quam
3374 2502 3501 2564 haec
3528 2501 3694 2566 face-

308 2593 474 2643 ταῦτα
531 2598 709 2642 ποιεῖν
767 2587 827 2641 τὸ
885 2586 1158 2643 λανθάνειν
1215 2594 1469 2643 ποιοῦσαν
1502 2586 1631 2666 εἶχε
1663 2582 1746 2642 διὰ
1784 2586 1918 2642 σπου

2085 2605 2132 2648 e.
2176 2588 2309 2650 Non
2370 2595 2496 2649 erat
2549 2587 2768 2669 itaque
2811 2588 3051 2670 aliquis,
3113 2592 3214 2671 qui
3272 2592 3484 2652 horum
3538 2602 3698 2656 esset

303 2674 428 2743 δῆς.
465 2678 572 2734 Οὔκ
600 2674 740 2732 ἔστιν
784 2676 874 2730 οὖν
922 2676 1067 2740 ὅστις
1128 2679 1259 2751 αὐτῇ
1293 2682 1460 2733 ταῦτα
1492 2674 1703 2751 συνῄδει
1736 2675 1818 2732 ὅτι
1880 2698 1916 2750 μ

2084 2676 2344 2751 onscins,
2379 2677 2495 2738 nisi
2531 2676 2694 2738 solus
2738 2678 2977 2758 quidam
3027 2681 3363 2761 eunuchus,
3416 2682 3518 2764 qui
3567 2691 3697 2747 erat

302 2764 471 2841 μὸνος
529 2768 555 2822 ὁ
615 2766 703 2823 καὶ
760 2765 860 2833 τὴν
916 2766 1108 2844 ἀρετὴν
1163 2766 1538 2845 παραπλήσιος
1589 2765 1843 2846 εῦνοῦχός
1877 2788 1915 2822 τι

2081 2765 2341 2827 ivirtute
2372 2766 2610 2847 similis,
2645 2765 2822 2829 Indes
2856 2767 3098 2848 quidem
3156 2770 3425 2852 nomine,
3472 2789 3693 2849 genere

302 2854 477 2930 ὄνομα
508 2854 604 2931 μὲν
636 2852 849 2929 ”Ινδης,
894 2856 955 2912 τὸ
1013 2853 1068 2909 δὲ
1111 2855 1260 2933 γένος
1315 2852 1599 2932 βάρϐαρος,
1647 2857 1690 2911 εἰ
1748 2857 1833 2913 καί
1892 2877 1915 2910 τ

2082 2862 2237 2917 utem
2273 2855 2588 2932 barbarus,
2639 2856 2873 2919 etiamsi
2916 2857 3048 2937 ejus
3099 2874 3299 2921 mores
3341 2878 3459 2922 non
3493 2869 3695 2926 essent

298 2948 432 3013 ἦθος
469 2950 609 3018 αὑτῷ
638 2947 716 3021 μὴ
746 2945 880 3001 κατὰ
910 2942 1172 3021 βάρϐαρον
1221 2944 1311 3023 ἧν,
1368 2942 1489 3000 ἀλλ’
1535 2943 1735 3022 ἥμερόν
1777 2965 1834 3001 τε
1864 2967 1911 3001 κε

2079 2944 2311 3007 arbaris
2340 2945 2594 3026 similes,
2649 2946 2756 3007 sed
2811 2945 2986 3008 mites
3038 2956 3098 3010 et
3148 2949 3467 3025 mansueti,
3498 2959 3688 3033 atqui

298 3034 567 3113 προσηνὲς
624 3035 711 3092 καὶ
760 3033 965 3103 πολλήν
1027 3032 1359 3113 διαγγέλλων
1410 3034 1509 3101 τὴν
1553 3033 1697 3091 ἔνδον
1727 3036 1911 3111 ἠρεμία

2072 3034 2451 3115 igniﬁcabant
2482 3053 2753 3114 magnam
2788 3034 3085 3098 internam
3114 3037 3374 3118 quietem
3426 3048 3485 3102 et
3522 3032 3685 3103 tran-

305 3128 396 3182 καὶ
457 3124 828 3204 γαληνὸτητα.
895 3127 1057 3187 Οὗτος
1117 3127 1176 3183 οὗ
1223 3125 1383 3199 μόνον
1446 3124 1642 3200 ὁμοίως
1698 3124 1832 3201 αὖτῇ
1885 3146 1914 3181 τ

2070 3123 2419 3204 luillitatem.
2469 3124 2525 3186 ls
2575 3142 2695 3186 non
2739 3124 2955 3202 solum,
2988 3142 3159 3208 asque
3204 3135 3383 3206 atque
3423 3129 3575 3210 ipsa,
3606 3131 3683 3193 ad

299 3219 478 3271 πίστει
531 3213 918 3294 προσέδραμεν,
981 3213 1118 3270 ἀλλὰ
1188 3215 1276 3271 καὶ
1335 3214 1465 3292 πρὸς
1538 3215 1599 3271 τὸ
1670 3216 1912 3293 μαρτύριε

2069 3214 2218 3275 idem
2249 3213 2504 3277 accessit
2538 3234 2550 3276 :
2590 3214 2693 3274 sed
2724 3214 2927 3290 etiam,
2962 3223 3213 3279 vocante
3241 3217 3582 3299 occasione,
3615 3237 3682 3282 se

574 3276 584 3294 .
731 3276 740 3294 .
799 3276 809 3290 .
904 3276 918 3289 ι
1378 3276 1387 3292 .
1452 3276 1461 3279 ν
1670 3276 1683 3291 .
1749 3276 1759 3293 ι
1842 3276 1851 3292 ι

298 3311 396 3361 τοῦ
451 3312 633 3383 καιροῦ
688 3303 975 3366 καλοῦντος
1023 3308 1228 3381 πρῶτον
1262 3304 1460 3360 ἑαυτῶν
1522 3304 1693 3383 φέρων
1740 3302 1911 3361 ἒπέδω

2070 3304 2298 3365 trimum
2351 3276 2594 3365 tradidit
2644 3276 2942 3385 martyrio:

297 3418 416 3454 κεν.
472 3394 686 3475 ’Ἄμφω
740 3395 835 3469 μὲν
894 3394 1006 3474 οῦν,
1067 3395 1138 3457 ὡς
1193 3395 1227 3463 ἡ
1284 3395 1578 3472 προθεσμία
1627 3399 1804 3472 παρῆν
1857 3417 1910 3452 το

2074 3394 2191 3455 enit
2213 3402 2445 3475 tempus
2463 3394 3293 3475 praestitutum,assequuntur
3303 3396 3687 3479 baptismum,

294 3486 667 3562 βαπτίσματος
703 3528 721 3559 ,
774 3481 1063 3564 ἀξιοῦνται,
1122 3484 1209 3539 καὶ
1252 3485 1344 3540 τὸν
1403 3484 1637 3563 οὐράνιον
1698 3483 1907 3564 δέχοντε

2075 3489 2096 3544 ι
2151 3489 2242 3547 sic
2303 3492 2433 3565 post
2487 3484 2741 3565 primam
2800 3487 3276 3564 generationem,
3321 3488 3439 3550 cito
3490 3489 3686 3570 puella

298 3575 659 3654 μαργαρίτην,
714 3574 808 3630 καί
839 3573 1004 3638 οὕτως
1049 3574 1133 3630 ἐπὶ
1188 3572 1256 3648 τῇ
1314 3572 1502 3653 πρώτῃ
1562 3575 1805 3651 γεννήσει
1855 3596 1911 3630 τα

2071 3573 2301 3635 ecundo
2333 3591 2575 3654 quoque
2602 3583 3012 3653 regeneratur,
3045 3594 3182 3638 cum
3214 3595 3332 3639 non
3360 3586 3497 3644 nata
3528 3587 3684 3644 esset

298 3677 466 3744 χεῐαν
527 3665 557 3731 ἦ
615 3676 747 3729 παῖς
808 3664 1156 3742 ἀναγεννᾶται
1199 3665 1288 3719 καὶ
1344 3663 1443 3730 τὴν
1500 3660 1768 3739 δευτέραν,
1800 3662 1911 3719 οὕπι

1575 3660 1768 3739 πέραν,
1800 3662 1948 3719 οὕπω
2039 3662 2241 3741 plures
2270 3680 2450 3741 quam
2482 3662 2934 3741 quatuordecim
2977 3682 3188 3728 annos.

296 3754 494 3811 πλεῖον
524 3755 559 3822 ἢ
590 3752 809 3811 δέκατον
840 3756 1003 3830 μόνον
1034 3754 1118 3810 ἐπὶ
1150 3751 1293 3810 δυσὶν
1323 3751 1440 3817 ’έτος
1472 3756 1759 3831 γενομένη.

386 3843 468 3903 Δ’.
503 3843 653 3901 Ἐπεὶ
696 3842 749 3900 δὲ
794 3846 884 3900 τὸν
913 3843 1154 3920 θεμέλιον
1207 3845 1437 3922 ἰσχυρῶς
1481 3840 1807 3901 κατεϐάλετο
1850 3845 1944 3900 καί

2113 3838 2209 3903 ιν.
2247 3843 2562 3921 Postquam
2598 3848 2797 3903 autem
2823 3842 3021 3906 valide
3039 3845 3266 3924 jactum
3318 3845 3427 3907 fuit
3464 3846 3677 3910 funda-

295 3935 353 3992 ἐν
413 3939 479 4010 τῇ
536 3932 700 4010 πέτρᾳ
744 3933 859 4001 ἤδη
904 3938 970 4010 τῇ
1030 3932 1249 4012 ἆῤῥαγεϊ
1320 3930 1563 4011 ἒῤῥίζωτο
1619 3935 1696 4007 τῷ
1740 3938 1908 4008 Χριστι

2067 3943 2326 4007 sentum,
2364 3944 2423 3993 et
2471 3933 2530 3994 in
2581 3933 2751 3995 ﬁrma
2785 3941 2972 4011 petra,
3015 3952 3232 4016 nempe
3269 3935 3523 4013 Christo,
3551 3938 3680 4018 jam

292 4025 422 4080 τότε
479 4023 564 4080 καὶ
621 4021 791 4079 τᾶλλα
836 4020 1203 4098 ἐποικοδομεῖ,
1274 4026 1471 4101 τροφῆς
1533 4021 1631 4091 μὲν
1689 4023 1905 4088 αἰσθητὶ

2056 4022 2263 4084 ’σόίοοε
2293 4029 2517 4101 egerat,
2557 4030 2695 4084 tunc
2728 4022 2845 4084 alia
2888 4041 3128 4104 quoque
3157 4026 3669 4105 superaediﬁcavit,

293 4117 383 4170 καὶ
447 4113 706 4187 πομάτων
764 4111 979 4177 ἀμελῶς
1024 4112 1250 4192 ἔχουσα,
1300 4110 1454 4191 ἄρτου
1486 4109 1539 4167 δέ
1571 4117 1764 4178 νοητοῦ
1796 4112 1905 4185 μᾶλ

2068 4112 2377 4173 Iimentum
2406 4112 2651 4193 quidem
2676 4112 2896 4175 sensile
2918 4120 2979 4175 et
3001 4122 3201 4193 potum
3226 4116 3558 4195 negligens,
3580 4136 3678 4199 pa-

292 4202 387 4259 λον
446 4204 533 4258 καὶ
590 4203 739 4259 θείων
768 4202 1023 4279 ῥημάτων
1079 4199 1400 4281 ἐξεχομένη,
1455 4203 1583 4280 πρὸς
1634 4199 1805 4258 δὲκαὶ
1837 4208 1904 4272 ζη

2073 4202 2342 4276 iautem,
2395 4202 2498 4281 qui
2550 4202 2944 4280 intelligentia
2992 4204 3341 4284 percipitur,
3374 4212 3430 4266 et
3459 4206 3677 4270 divinis

290 4300 457 4351 τοῦσα
488 4293 592 4370 οὔχ
620 4291 763 4357 ὅπως
794 4292 929 4367 αὑτῇ
978 4293 1036 4348 τὸ
1094 4292 1251 4369 ῥηθὲν
1304 4292 1466 4366 μόνον
1498 4292 1571 4356 είς
1605 4299 1722 4348 νοῦν
1771 4294 1903 4367 tum

2063 4292 2223 4353 erbls
2244 4291 2557 4354 adhaerens
2583 4309 2596 4353 :
2629 4300 2689 4353 et
2711 4300 3000 4372 praeterea
3025 4310 3299 4373 quaerens
3314 4313 3433 4355 non
3453 4296 3672 4373 solum,

290 4389 388 4460 γῇ,
424 4381 561 4438 ἀλλά
590 4383 683 4438 καί
715 4381 860 4447 ὅπως
892 4380 953 4436 ἂν
998 4383 1071 4446 εἷς
1124 4379 1277 4459 ἔργον
1336 4379 1553 4448 ἐκϐαίη·
1625 4379 1830 4455 μᾶλλον
1888 4380 1903 4436 ἓ

2070 4382 2351 4456 uomodo,
2384 4382 2543 4463 quod
2567 4381 2791 4443 dictum
2820 4381 3033 4457 fuerat,
3055 4382 3116 4443 in
3139 4383 3339 4444 animo
3357 4383 3674 4464 imprime-

292 4470 410 4530 οὗδέ
441 4472 638 4551 χρόνον)
698 4474 833 4547 πρὸς
875 4470 1041 4528 ταῦτα
1099 4468 1273 4527 ἐδεῖτο
1307 4485 1322 4500 ⁹
1357 4470 1470 4545 ἅμα
1517 4470 1617 4548 γὰρ
1669 4468 1833 4538 ἥκουέ
1893 4494 1905 4519 τ

2067 4481 2214 4541 stur,
2264 4471 2367 4534 sed
2402 4471 2605 4545 etiam,
2639 4470 2937 4551 quomodo
2982 4472 3173 4533 exiret
3201 4471 3263 4532 in
3294 4489 3463 4552 opus,
3498 4482 3680 4553 atque

292 4568 393 4628 τῆς
445 4540 590 4625 θείας
621 4540 862 4640 Γραιρῆς,
924 4563 1011 4618 καὶ
1070 4562 1131 4618 τὸ
1188 4540 1440 4617 ἀκουσθέν
1498 4540 1644 4626 εῦθυς
1677 4561 1749 4622 εἷς
1784 4560 1905 4640 ’έργο

2067 4562 2181 4623 deo
2201 4540 2284 4622 ad
2317 4578 2388 4622 ea
2422 4579 2539 4622 non
2571 4540 2723 4640 opus
2752 4559 2859 4622 fuit
2888 4559 2942 4621 ei
2976 4569 3270 4641 tempore.
3301 4540 3677 4644 Simulatque

289 4651 518 4730 προῆγε,
580 4653 690 4718 Τὴν
739 4651 881 4708 θείαν
941 4649 1066 4730 γοῦν
1110 4671 1238 4709 ποτε
1268 4648 1448 4726 βίϐλον
1499 4656 1604 4706 τῶν
1652 4649 1902 4707 ἆποστολι

2063 4650 2196 4712 nim
2228 4649 2486 4712 divinam
2527 4648 2806 4711 audiebat
2835 4646 3227 4729 Scripturam,
3259 4650 3480 4724 statim,
3516 4652 3676 4732 quod

286 4747 401 4799 κῶν
443 4741 661 4798 ἐπιοῦσα
732 4741 993 4819 πράξεων,
1056 4739 1169 4798 ἐπεὶ
1227 4737 1346 4796 κατ’
1407 4739 1585 4796 ἐκεῖνο
1633 4749 1728 4798 τοῦ
1783 4737 1899 4817 λόγι

2067 4740 2332 4814 udiebat,
2361 4738 2814 4819 producebatad
2837 4740 3136 4801 effectum.
3165 4739 3310 4803 Cum
3334 4740 3534 4821 itaque
3561 4742 3676 4805 ali-

286 4830 504 4909 ὲγένετο
559 4830 679 4887 ’ἔνθα
726 4833 771 4887 οἱ
828 4831 894 4886 τὰ
952 4831 1203 4905 κτήματα
1275 4827 1575 4904 πωλοῦντες
1635 4828 1729 4893 τὰς
1780 4829 1899 4904 τιμὰ

2069 4830 2262 4891 uando
2293 4830 2521 4909 legeret
2553 4828 2769 4891 librum
2802 4828 3124 4891 Actionum
3167 4828 3673 4911 Apostolicarum,

286 4924 501 5004 ἔφερον,
561 4924 649 4979 καὶ
708 4924 848 5001 παρᾶ
887 4923 1005 4989 τοὺς
1058 4920 1222 4985 πόδας
1283 4920 1482 4978 ἐτίθουν
1540 4925 1645 4977 τῶν
1702 4920 1899 4977 ἀποστέ

2067 4921 2123 4981 bi
2159 4919 2428 5000 pervenit
2456 4919 2530 4981 ad
2575 4918 2742 4980 illum
2786 4918 3009 4992 locum,
3044 4918 3103 4980 in
3141 4937 3283 4999 quo,
3316 4921 3417 4999 qui
3446 4920 3676 4983 vendes-

284 5014 424 5094 λων,
457 5013 530 5073 είς
557 5020 676 5069 νοῦν
706 5021 859 5070 τουτο
884 5014 969 5070 καὶ
1002 5012 1178 5080 ἐκείνη
1209 5009 1487 5089 βάλλεται,
1553 5011 1641 5066 καὶ
1691 5007 1815 5074 ὅσος
1870 5011 1897 5077 ἦ

2066 5020 2166 5071 aut
2188 5013 2604 5085 possessiones,
2626 5010 2939 5069 aﬁerebant
2960 5012 3141 5082 pretia
3164 5011 3235 5069 ad
3256 5012 3433 5084 pedes
3453 5022 3675 5085 aposto-

288 5103 427 5180 αῦτῇ
456 5104 654 5182 χρυσὸς
688 5104 777 5159 καὶ
835 5102 1054 5180 ἄργυρος
1112 5102 1270 5173 ἐσθής
1323 5122 1379 5157 τε
1411 5097 1709 5167 πολυτελὴς
1752 5099 1900 5178 ἀθροί

2058 5118 2244 5180 orum,
2269 5099 2301 5150 Ξ
2326 5098 2425 5161 illa
2459 5100 2573 5161 hoc
2600 5115 2856 5179 quoque,
2881 5096 3080 5159 facere
3103 5099 3437 5180 constituit,
3454 5109 3514 5161 et
3534 5117 3671 5165 cum

282 5214 447 5267 σασα,
508 5192 631 5250 εἶτα
680 5206 799 5258 τοῖς
855 5190 1003 5257 ἰδίοις
1047 5192 1276 5252 οἰκέταις
1320 5190 1562 5247 ἐπιθεϊσᾶ
1614 5191 1798 5252 νυκτὸς
1830 5188 1895 5245 ἅτε

2059 5194 2373 5265 ollegisset,
2393 5192 2673 5265 quidquid
2692 5191 2820 5248 auri
2842 5190 3087 5248 habebat
3108 5197 3163 5249 et
3183 5192 3405 5264 argenti
3426 5200 3481 5252 et
3500 5198 3672 5252 vestis

282 5306 413 5352 εισι,
456 5284 544 5339 καὶ
585 5283 675 5338 τὸν
726 5282 878 5361 ἅγιον
923 5280 1064 5348 ἀξιοῖ
1135 5280 1390 5360 Κύριλλον
1448 5278 1684 5344 δέξασθαι
1739 5281 1895 5335 ταῦτα

2065 5279 2320 5354 retioszr,
2338 5288 2397 5339 et
2418 5296 2487 5339 ea
2509 5276 2634 5339 suis
2652 5275 3037 5356 imposuisset
3056 5274 3315 5354 famulis,
3344 5288 3521 5340 noctu
3544 5276 3674 5343 abit

281 5373 400 5430 ἐπεὶ
460 5373 547 5429 καὶ
603 5371 737 5449 αῦτῇ
788 5372 886 5439 τὴν
946 5371 1312 5440 ἀποστοὶικῆν
1356 5371 1485 5450 προς
1543 5369 1749 5426 ἐκεῖνον
1804 5368 1894 5425 add:

2054 5376 2073 5429 t
2103 5378 2372 5432 sanctum
2396 5374 2564 5448 rogat
2583 5366 2888 5448 Cyrillum,
2911 5372 2974 5427 ut
2990 5382 3062 5428 ea
3079 5367 3351 5449 accipiat,
3376 5366 3664 5448 quoniam

283 5460 559 5533 διασώζει,
607 5463 701 5519 παὶ
757 5461 909 5526 ἰδίαις
953 5463 1107 5543 χερσὶ
1148 5461 1340 5529 πένησι
1388 5459 1680 5537 διανεῖμαι.
1738 5459 1820 5517 "A
1865 5458 1896 5515 δ·

2053 5476 2076 5520 m
2107 5458 2278 5521 illum
2327 5458 2715 5539 apostolicam
2765 5462 2959 5518 servat
3004 5458 3444 5533 reverentiam;
3494 5465 3553 5518 et
3593 5465 3666 5522 ut

279 5553 371 5609 καὶ
414 5555 487 5616 ὡς
533 5552 666 5629 αῦτῇ
721 5551 970 5630 βούλημα
1014 5550 1411 5634 διαπραξαμένη
1470 5551 1677 5616 οὐδενὸς
1730 5547 1892 5611 εἰδότε

2049 5549 2135 5611 uis
2150 5548 2421 5612 manibus
2436 5567 2505 5611 ea
2517 5545 2836 5613 distribuat
2852 5547 3235 5633 pauperibus.
3254 5548 3397 5621 Quae
3412 5546 3656 5645 quidem

359 5729 389 5776 ε
416 5729 550 5799 Act.
584 5746 667 5815 lx,
699 5730 799 5799 at.
