4086 6450
386 443 542 513 1045

1515 433 1704 510 VITA
1765 444 1868 508 SS.
1915 443 2125 508 lNDxE
2176 445 2276 509 ET
2319 445 2630 511 DOMNZE.

3608 447 3762 516 1046

371 585 484 644 διον
527 585 724 663 εὗαγὴς
767 585 1022 666 εὐνοῦχος
1079 580 1279 658 λαϐὼν,
1337 582 1520 661 ἠρώτα
1578 591 1680 642 ποῦ
1728 603 1786 639 τε
1839 584 2008 641 autut:

2109 578 2328 642 ﬁebant
2361 579 2705 660 participes.
2753 579 2926 644 Hunc
2959 599 3098 663 ergo
3153 583 3370 646 librum
3405 589 3465 646 et
3493 584 3755 646 arculam

371 678 400 734 ὁ
448 677 673 757 χρυσὸς,
719 673 815 733 καὶ
874 677 910 743 ἡ
954 672 1254 757 πολυτελής
1286 671 1443 742 ἐσθὴς
1475 674 1561 730 καὶ
1597 672 1626 740 ᾗ
1657 671 1847 748 κομψὴ
1879 669 2019 738 ἄλλη

592 764 680 821 καὶ
736 760 1108 841 περιϐλεπτος.
1172 753 1265 823 Ὠς
1337 759 1392 816 δὲ
1470 761 1559 818 καὶ
1620 759 1767 824 αὖθις
1819 762 2019 815 ἒκεῖνοι

371 852 578 930 μηδένα
631 853 738 910 τῶν
794 851 1107 928 ἐρωτήσεων
1169 850 1476 928 ποιούμενοι
1534 850 1692 928 λόγον
1734 849 2019 906 σκώπτον-

369 964 456 1008 τες
491 943 824 1021 εἱστήκεσαν,
856 942 1104 1018 βασάνοις
1156 945 1340 1006 αὐτοῖς
1395 938 1639 1007 ἒξεδίδου,
1702 935 1868 997 Ἀλλὰ
1923 936 2020 994 καῖ

369 1032 539 1097 οὕτως
594 1031 863 1113 ἠλέγχετο
920 1032 1092 1088 παίων
1149 1033 1222 1096 εἷς
1268 1033 1422 1089 κενὸν
1480 1031 1600 1093 τοὺς
1663 1027 1966 1104 ἀδάμαντας
1997 1042 2011 1058 ⁶

369 1122 529 1190 ἤκουε
587 1123 687 1200 γὰρ
729 1121 858 1200 παρ’
912 1120 1089 1178 αὐτῶν
1128 1122 1190 1178 τὸ
1233 1120 1482 1199 παράπαν
1513 1117 1680 1182 οωέν,
1716 1120 1787 1176 Τὸ
1831 1117 2014 1194 μέντοι

371 1214 509 1290 ἱερὸν
565 1211 744 1269 ’έκεῖνο
785 1209 1010 1292 βιϐλίον,
1057 1212 1188 1288 πρὸς
1219 1210 1274 1267 δὲ
1316 1211 1496 1268 καὶτὸ
1543 1205 1893 1288 λαρνακίδιον,
1940 1209 2015 1272 ὡς

369 1301 515 1360 οῦδὲν
562 1303 703 1375 αῦτῷ
753 1302 1025 1381 χρήσιμα,
1060 1300 1219 1358 αὒτοῦ
1261 1299 1570 1358 καταλείπει
1615 1299 1758 1374 παρὰ
1810 1303 1887 1371 τῷ
1915 1318 2020 1354 τα-

368 1393 548 1468 μιείῳ,
609 1389 835 1454 Τούτους
899 1388 954 1446 δὲ
1013 1389 1257 1471 ἀλλαχοῦ
1313 1387 1754 1456 κατακλεισθῆναι
1813 1385 2018 1442 κελεύει

369 1482 473 1547 ἕως
535 1481 794 1558 ἀνενέγκῃ
838 1487 913 1556 τῷ
954 1469 1192 1556 βασιλεῖς
1231 1469 1293 1536 Ἠ
1350 1478 1447 1553 μὲν
1501 1478 1590 1534 οὖν
1630 1474 1909 1555 παρθένος,
1945 1477 2018 1538 ὡς

369 1571 593 1650 ἒξήγετο
622 1569 726 1639 ἤδη
769 1578 862 1628 τοῦ
904 1569 1145 1644 ταμιείου
1205 1568 1518 1626 διαλαϐοῦσα
1580 1568 1776 1630 πάντας
1819 1568 1908 1623 καὶ
1958 1567 2018 1623 τὸ

366 1659 571 1739 βιϐλίον
630 1660 830 1740 εὖφυως
885 1659 1054 1737 ἄρασα
1109 1660 1317 1737 (μικρὸν
1365 1659 1465 1736 γὰρ
1506 1657 1572 1725 ἧν
1628 1658 1715 1714 καὶ
1746 1659 1862 1714 οἷον
1924 1657 2016 1713 εῦ-

369 1757 551 1832 χερῶς
610 1749 976 1828 κρύπτεσθαι),
1033 1749 1109 1812 τῶ
1163 1749 1358 1824 ἱματίῳ
1413 1753 1580 1815 αὐτῆς
1637 1745 1963 1827 περιέστειλε
1997 1761 2012 1776 ⁸

367 1841 490 1900 κατ’
547 1840 711 1908 «erat.
768 1837 824 1896 δὲ
878 1841 966 1896 καὶ
1021 1841 1050 1895 ὁ
1105 1839 1405 1913 θαυμαστὸς
1450 1835 1640 1903 ’Ἱνδης
1696 1837 1758 1893 τὸ
1815 1834 2019 1902 ξύλινον

2103 687 2240 730 cum
2274 669 2498 750 impius
2527 671 2861 751 accepisset
2891 673 3222 747 eunuchus,
3259 672 3507 753 rogabat
3539 673 3640 734 ubi
3671 691 3762 735 es-

2103 769 2196 823 set
2217 762 2306 824 eis
2335 780 2553 824 aurum
2585 763 2891 841 vestisque
2918 765 3202 845 pretiosa,
3225 775 3279 826 et
3301 766 3416 828 alia
3442 767 3758 847 suppellex

2105 849 2353 930 elegans
2404 860 2465 913 et
2519 852 2856 931 magniﬁca.
2900 852 3043 917 Cum
3075 863 3272 917 autem
3307 855 3388 916 illi
3421 873 3628 918 rursus
3659 857 3756 918 in-

2103 941 2576 1020 terrogationum
2609 942 2831 1004 nullam
2865 943 3156 1007 ducentes
3184 945 3503 1026 rationem,
3534 953 3760 1009 starent

2103 1036 2391 1106 tacentes,
2426 1049 2530 1093 eos
2563 1031 2806 1093 tradidit
2831 1033 3216 1114 torquendos.
3253 1034 3370 1097 Sed
3401 1035 3486 1097 sic
3518 1055 3756 1116 quoque

2098 1120 2296 1200 reipsa
2326 1127 2417 1182 est
2448 1129 2729 1201 expertus
2758 1140 2824 1184 se
2853 1122 3068 1186 frustra
3105 1124 3340 1204 pulsare
3368 1124 3752 1198 adamantes;

2097 1207 2172 1270 ab
2205 1209 2292 1271 eis
2325 1211 2489 1272 enim
2538 1211 2687 1273 nihil
2716 1213 2958 1274 omnino
2990 1214 3234 1277 audivit.
3268 1215 3451 1276 Sacer
3480 1231 3617 1275 vero
3650 1213 3752 1276 ille

2104 1297 2280 1374 liber,
2314 1311 2372 1362 et
2404 1307 2695 1379 praeterea
2727 1302 2953 1378 arcula,
3006 1311 3071 1364 ut
3121 1321 3254 1384 quae
3283 1303 3432 1364 nihil
3464 1304 3518 1364 ei
3552 1313 3753 1366 essent

2102 1388 2294 1465 utilia,
2331 1388 2456 1452 illic
2485 1389 2559 1451 ab
2592 1409 2662 1450 eo
2693 1390 2906 1452 relicta
2931 1400 3068 1454 sunt
3098 1391 3160 1453 in
3193 1393 3463 1473 penario.
3493 1392 3611 1454 Eos
3640 1412 3752 1455 au-

2104 1486 2223 1539 tem
2254 1477 2424 1559 jubet
2454 1479 2596 1541 alibi
2627 1479 2876 1556 incluii,
2903 1482 3095 1543 donec
3123 1483 3424 1544 retulisset
3447 1482 3518 1544 ad
3553 1482 3750 1562 impe-

2101 1575 2385 1631 ratorem.
2416 1568 2609 1650 Atque
2641 1569 2801 1650 virgo
2833 1570 3102 1652 quidem,
3137 1590 3272 1634 cum
3297 1572 3426 1652 jam
3460 1571 3754 1634 educere-

2103 1659 2560 1739 turepenario,
2616 1679 2750 1721 cum
2809 1659 3208 1722 inscientibus
3261 1661 3539 1723 omnibus
3595 1661 3752 1722 scire

2101 1746 2316 1809 librum
2350 1748 2685 1811 sustulisset
2715 1750 2866 1829 (erat
2894 1749 3054 1812 enim
3090 1768 3324 1830 parvus,
3357 1759 3418 1812 et
3445 1756 3544 1830 qui
3580 1759 3748 1831 pote-

2101 1843 2192 1896 rat
2215 1835 2389 1898 facile
2419 1838 2727 1919 abscondi)
2787 1838 2848 1900 in
2889 1858 2996 1901 sua
3042 1857 3179 1901 eum
3232 1848 3400 1902 veste
3451 1839 3743 1920 reposuit.

367 1938 557 1997 σκεῦος
613 1931 708 2009 ἦρε
742 1944 756 1960 ·
817 1929 904 1984 καὶ
960 1926 1126 1992 οὕτως
1171 1926 1392 2008 ἔχοντες
1444 1926 1772 2005 ἀπήχθησαν
1820 1945 1877 1980 τε
1919 1925 2008 1981 καί

2100 1922 2324 1986 Eodem
2364 1926 2539 1987 modo
2585 1927 2763 1990 Indes
2808 1946 3048 2009 quoque
3075 1927 3444 1990 admirabilis
3473 1946 3574 1990 vas
3608 1947 3746 1992 sus-

365 2019 800 2087 ὶνεκλείσθησαν,
856 2019 1072 2081 τούτοις
1158 2016 1296 2073 οὕτω
1361 2015 1757 2094 καθειργμένοις
1813 2015 2011 2094 χρόνου

365 2111 570 2192 συχνὸν
630 2111 790 2186 μόνος
818 2111 845 2166 ὁ
876 2113 982 2180 ζῶν
1011 2107 1164 2192 ἄρεος
1195 2106 1366 2185 τροφὴ
1397 2105 1484 2185 ἦν,
1517 2107 1607 2163 καὶ
1635 2106 1696 2161 τὸ
1727 2109 1824 2172 τῆς
1868 2103 2009 2166 θείας

364 2185 592 2282 χάριτος
636 2185 798 2275 πόμα
842 2197 1028 2256 ποτόν.
1063 2185 1158 2253 Ὠν
1199 2193 1254 2252 δέ
1297 2197 1386 2252 καὶ
1428 2197 1488 2251 τὸ
1530 2203 1686 2270 σῶμα
1728 2207 2010 2251 κοινωνεῖν

365 2270 688 2370 αναγκαῖον,
759 2289 1010 2345 τοσοῦτον
1081 2285 1364 2366 ἐστέρηντο
1440 2283 1563 2342 ὅσον
1621 2282 1768 2341 οῦδὲν
1823 2282 2008 2348 ὕδατος

369 2379 666 2440 ἀπολαῦσαι
717 2379 892 2456 παρῆν
928 2395 942 2408 ·
990 2377 1145 2434 τοῦτο
1204 2377 1304 2454 γὰρ
1360 2378 1394 2444 ἡ
1426 2385 1519 2435 τοῦ
1548 2375 1784 2441 ἀπηνοῦς
1816 2373 2010 2454 ἄρχον-

374 2493 465 2535 τος
514 2468 728 2550 ἱντολὴ,
793 2469 940 2532 ὃπως
996 2466 1142 2523 αὒτοὶ
1199 2468 1456 2544 γαστέρας
1518 2463 1776 2539 δεομένων
1837 2461 2011 2531 ἐπλή-

370 2583 514 2641 ρουν,
546 2559 690 2637 λιμῷ
720 2559 944 2633 τοιούτῳ
1001 2554 1444 2634 κατεργασθέντες
1503 2553 1858 2634 διάφθαρεῖεν,
1923 2555 2012 2611 καὶ

364 2650 518 2720 δίκην
547 2648 941 2732 φιλανθρωπίας
970 2647 1251 2726 ὑπόσχωσι
1283 2646 1380 2715 τὴν
1410 2645 1692 2720 ὡμότητα,

444 2829 524 2894 Ζ’.
561 2829 800 2895 τοσαύτη
832 2835 956 2906 γοῦν
987 2829 1020 2896 ἡ
1051 2833 1150 2895 τῆς
1202 2827 1457 2896 ἆπηνείας
1495 2825 1735 2887 επίτασις
1788 2823 1874 2904 ἧν,
1919 2823 2009 2880 καὶ

357 2921 423 2978 τὸ
465 2925 564 2988 τῆς
623 2917 974 2980 κακοπαθείας
1032 2917 1321 2998 ἀφόρητον,
1381 2918 1454 2980 ὡς
1527 2915 1618 2972 καὶ
1701 2913 1839 2988 νόσῳ
1909 2914 2009 2981 τὴν

2101 2013 2232 2076 tulit
2259 2014 2550 2094 ligneum,
2585 2025 2648 2079 et
2676 2018 2756 2078 ita
2787 2017 3027 2080 abducti
3058 2025 3196 2079 sunt
3237 2025 3294 2078 et
3348 2017 3588 2082 inclusi.
3642 2017 3747 2079 His

2097 2109 2184 2165 sic
2213 2104 2465 2167 inclusis
2495 2107 2672 2185 longo
2709 2116 2999 2188 tempore,
3033 2107 3197 2170 solus
3229 2107 3398 2188 panis
3427 2108 3594 2169 vivus
3620 2116 3748 2169 erat

2096 2193 2548 2270 nutrimentum,
2584 2205 2642 2257 et
2671 2197 2886 2259 divinae
2916 2197 3120 2276 gratiae
3153 2197 3334 2279 potio,
3382 2207 3512 2260 erat
3543 2208 3741 2278 potus.

2096 2282 2243 2356 Quae
2273 2291 2468 2346 autem
2501 2303 2718 2366 corpus
2751 2304 2996 2349 necesse
3026 2296 3117 2348 est
3156 2303 3417 2360 sumere,
3470 2285 3544 2347 iis
3595 2283 3745 2348 adeo

2095 2372 2307 2452 privati
2336 2373 2524 2446 fuere,
2560 2385 2624 2436 ut
2653 2394 2729 2437 ne
2759 2394 2977 2458 aquam
3017 2375 3262 2455 quidem
3307 2382 3552 2458 possent
3580 2393 3744 2437 asse-

2095 2461 2219 2542 qui.
2253 2460 2391 2524 Erat
2421 2467 2579 2526 enim
2633 2465 2730 2527 hic
2791 2466 3042 2528 immitis
3103 2465 3368 2546 praefecti
3413 2463 3645 2545 jussus,
3677 2475 3746 2526 ut

2096 2560 2436 2631 propterea,
2459 2554 2614 2634 quod
2639 2554 2754 2636 ipsi
2777 2556 3076 2635 egentium
3097 2564 3338 2618 ventres
3357 2553 3742 2630 satiaverant,

2093 2643 2193 2704 tali
2223 2640 2380 2705 fame
2409 2642 2665 2705 contecti
2711 2642 3052 2728 interirent,
3100 2653 3160 2707 et
3212 2662 3317 2726 pro
3373 2643 3746 2724 benignitate

2093 2748 2298 2811 prunas
2331 2731 2566 2794 luerent
2596 2734 2839 2796 saevitia.

2174 2819 2298 2882 VII.
2326 2823 2513 2884 Tanta
2543 2841 2683 2903 ergo
2714 2823 2828 2888 fuit
2858 2823 3214 2904 indigentia,
3249 2831 3308 2886 et
3355 2823 3592 2885 afﬂictio
3623 2831 3742 2884 tam

2093 2909 2510 2983 intolerabilis,
2548 2920 2616 2973 ut
2645 2914 2806 2989 virgo
2851 2920 2912 2974 in
2946 2923 3220 2975 morbum
3258 2913 3571 2990 incideret,
3603 2933 3740 2975 cum

357 3009 620 3088 παρθένον
689 3007 914 3080 ἆλῶναι,
973 3015 1157 3086 νεαροῦ
1230 3007 1480 3081 σώματος
1553 3004 1684 3079 πρὸ;
1740 3003 2007 3070 τοσαύτην

2095 2999 2350 3079 iuvenile
2369 3019 2589 3080 corpus
2613 3020 2730 3064 non
2748 3002 2930 3064 ferret
2959 3011 3176 3064 tantam
3205 3003 3595 3065 vexationem.
3623 3001 3740 3064 Sed

358 3104 458 3158 οὒκ
509 3097 858 3177 ἆντισχόντος
898 3095 1286 3175 ταλαιπωρίαν.
1331 3093 1484 3153 Ἀλλ’
1534 3098 1628 3153 οὒκ
1681 3093 1747 3162 ἦν
1790 3093 2003 3156 πάντως

356 3189 449 3246 ἒπὶ
497 3189 637 3245 ποΑὰ
682 3185 924 3264 παριδεῖν
981 3186 1234 3262 ἐκείνους,
1269 3189 1314 3260 ᾧ
1343 3186 1428 3242 καὶ
1458 3191 1675 3252 πτηνῶν
1706 3181 1889 3259 μέλλει
1915 3183 2004 3239 καὶ

2089 3088 2220 3150 ﬁeri
2244 3108 2360 3150 non
2388 3098 2618 3168 poterat
2644 3099 2706 3154 ut
2730 3110 2834 3154 eos
2858 3091 3106 3154 haberet
3129 3091 3466 3171 despicatui
3492 3091 3619 3162 ille,
3643 3093 3738 3152 cui

2088 3187 2226 3239 sunt
2247 3197 2407 3241 curae
2431 3180 2705 3243 volucres
2723 3190 2780 3242 et
2800 3180 3028 3255 bestias,
3046 3188 3108 3243 et
3131 3181 3231 3262 qui
3252 3182 3445 3261 aperit
3469 3199 3735 3256 manum,

357 3280 468 3336 τῶν
525 3278 742 3355 θηρίων.
789 3275 958 3332 Ἀλλὰ
991 3275 1076 3342 νὺξ
1109 3277 1207 3352 μὲν
1247 3276 1309 3344 ἦν
1343 3294 1358 3309 °
1411 3274 1717 3331 ἐπίστανται
1763 3270 1817 3330 δὲ
1849 3273 2008 3351 οὖρα-

2095 3275 2153 3328 et
2181 3267 2393 3348 implet
2437 3288 2616 3331 omne
2663 3271 2882 3332 animal
2937 3269 3356 3333 benedictione
3381 3272 3436 3335 3.
3473 3270 3590 3334 Sed
3623 3289 3737 3331 nox

358 3368 486 3424 νίων
536 3364 780 3440 δυνάμεις
826 3363 1094 3445 ἀγγέλων,
1156 3365 1214 3422 οἲ
1265 3363 1451 3438 πολλῷ
1507 3371 1584 3438 τῷ
1633 3363 1766 3443 φωτὶ
1795 3362 2011 3428 τούτους

357 3456 849 3534 περιαστράψαντες
888 3503 904 3535 ,
979 3457 1068 3511 καὶ
1128 3455 1226 3523 τὴν
1286 3454 1543 3533 τράπεζαν
1601 3450 2009 3522 ὒποπλήσαντες

357 3545 688 3625 ἐδεσμάτων,
744 3545 888 3608 αὖθις
947 3547 1078 3624 πρὸς
1137 3544 1356 3624 οὖρανὸν
1436 3545 1744 3617 ἆνεφοίτων.
1810 3543 1869 3600 Οἱ
1955 3540 2010 3598 δὲ

357 3643 469 3694 τῶν
527 3635 890 3712 προκειμένων
943 3648 1202 3716 μετεῖχον
1262 3635 1432 3714 εὐθύς,
1471 3631 1585 3691 οὔδε
1629 3634 1755 3708 μίαν
1783 3633 2008 3709 μνήμην

355 3732 468 3784 τῶν
523 3723 902 3804 προλαϐόντων
962 3722 1224 3803 ἀλγεινῶν
1281 3725 1587 3797 ποιούμενοι
1622 3738 1637 3753 '
1694 3722 1783 3778 καὶ
1852 3724 2008 3777 τοῦτο

357 3817 459 3893 μὲν
518 3815 764 3886 ἡσθέντες
824 3817 890 3892 τῇ
944 3822 1051 3870 τῶν
1095 3813 1367 3894 φανέντων
1410 3815 1573 3891 αὐγῇ,
1607 3819 1761 3868 τοῦτο
1808 3808 1862 3866 δὲ
1921 3810 2010 3866 καὶ

356 3912 430 3983 τῇ
485 3912 590 3962 τῶν
640 3902 1085 3984 προσφερομένων
1145 3901 1334 3980 ἡδονῇ,
1393 3903 1454 3958 τὸ
1502 3900 1783 3958 Δαυϊδικὸν
1832 3899 2009 3956 ἐκεῖνο

354 3994 669 4071 ὺπέψαλλον
725 3993 864 4071 ἄγαν
933 3993 1242 4072 ἐπικαίρως,
1301 3994 1375 4056 ὡς
1424 4015 1445 4047 ε
1500 3989 1591 4049 Ἐγ
1652 3990 1872 4052 στέατος
1917 3987 2005 4045 καί

355 4085 646 4156 ποιότητος
691 4081 934 4153 ἐπλήσθη
969 4085 998 4150 ἦ
1031 4083 1184 4162 ψυχή
1231 4103 1357 4158 μου,
1406 4081 1492 4137 καὶ
1524 4079 1696 4160 χείλει
1739 4077 2000 4157 ἀγαλλιά-

355 4196 493 4239 σεως
553 4172 744 4230 αἰνέσει
788 4174 850 4228 τὸ
894 4171 1065 4244 στόμα
1111 4194 1236 4246 μου.
1277 4193 1298 4226 ι
1362 4170 1567 4247 Ἡμέρα
1620 4170 1719 4244 μὲν
1767 4171 1856 4224 οὖν
1898 4167 2002 4236 ἤδη

353 4268 532 4342 παρῆν
564 4279 580 4294 ⁶
615 4261 787 4340 παρῆν
818 4260 873 4318 δὲ
917 4263 1005 4317 καὶ
1043 4263 1070 4317 ὃ
1101 4259 1275 4336 ἄρκων
1320 4261 1405 4317 ἐπὶ
1460 4260 1645 4332 σκοπῷ
1688 4269 1780 4318 τοῦ
1812 4261 2002 4316 μαθεῖν

354 4355 400 4410 εἰ
455 4360 549 4409 τοῦ
590 4351 754 4427 λιμοῦ
803 4353 1090 4430 ἥττηνται,
1140 4347 1218 4406 ἵν’
1266 4349 1404 4407 οὕτω
1431 4350 1708 4429 χρήσηται
1741 4347 2000 4422 πειθομέ-

353 4465 493 4508 νοις.
551 4441 702 4500 Ἐπεὶ
776 4439 830 4497 δὲ
881 4441 1182 4499 τούναντίον
1261 4439 1400 4518 ἐώρα
1451 4437 1696 4518 φαιδροὺς
1760 4439 1858 4513 μὲν
1915 4441 2002 4494 καὶ

351 4532 640 4612 χαρίεντας
697 4532 796 4599 τὴν
830 4531 975 4604 ὄψιν,
1013 4528 1200 4605 πολλῷ
1228 4528 1283 4586 δὲ
1314 4528 1691 4608 χαριεστέρους
1726 4527 1882 4593 ὄντας
1915 4529 2002 4584 καὶ

2094 3357 2336 3439 quidem
2371 3367 2516 3434 erat,
2551 3360 2849 3422 accedunt
2888 3369 3085 3423 autem
3133 3361 3380 3423 virtutes
3408 3360 3740 3423 caelestium

2091 3447 2486 3525 angelorum;
2523 3449 2624 3530 qui
2654 3467 2790 3511 cum
2825 3451 3008 3511 multa
3057 3451 3191 3514 luce
3243 3470 3346 3513 eos
3392 3449 3742 3512 circumful-

2093 3538 2332 3616 sissent,
2358 3549 2419 3602 et
2436 3559 2703 3603 mensam
2727 3541 2878 3604 cibis
2899 3542 3272 3623 implessent,
3288 3561 3498 3604 rursus
3519 3542 3739 3604 reversi

2092 3637 2232 3690 sunt
2260 3631 2320 3690 in
2348 3632 2586 3692 coelum.
2613 3631 2703 3692 Illi
2725 3640 2924 3694 autem
2953 3651 3022 3693 ea
3052 3652 3186 3713 quas
3214 3641 3383 3695 erant
3414 3633 3738 3714 proposita,

2093 3721 2283 3780 statim
2306 3734 2702 3794 sumpserunt.
2727 3727 3009 3784 malorum
3032 3742 3162 3799 qua;
3184 3735 3739 3798 praecesserantmon

2093 3805 2352 3886 amplius
2382 3812 2772 3872 recordantes
2816 3832 2830 3874 :
2867 3821 2926 3873 et
2976 3812 3186 3891 partim
3239 3811 3481 3891 quidem
3531 3829 3737 3873 eorum

2093 3915 2225 3976 quae
2256 3909 2682 3982 apparuerant,
2715 3900 3060 3982 splendore,
3108 3907 3320 3979 partim
3350 3917 3494 3962 vere
3526 3918 3738 3962 eorum

2088 4005 2222 4066 qua;
2251 3988 2394 4065 ipsis
2425 3988 2623 4051 oblata
2674 3998 2834 4070 sunt,
2889 3989 3188 4070 voluptate
3219 3991 3550 4064 exhilarati,
3587 3989 3736 4051 illud

2089 4074 2433 4138 Davidicum
2461 4077 2782 4140 admodum
2810 4087 3146 4158 opportune
3169 4080 3742 4140 cecineruntchan.

2088 4182 2262 4244 quam
2296 4184 2366 4227 ex
2397 4166 2573 4246 adipe
2625 4178 2683 4229 et
2735 4167 3096 4248 pinguedine
3126 4169 3360 4249 repleta
3408 4177 3497 4228 est
3540 4167 3738 4229 anima

2089 4272 2242 4329 mea,
2299 4265 2358 4315 et
2405 4256 2580 4318 labiis
2612 4257 3025 4318 exsultationis
3052 4257 3317 4318 laudabit
3345 4276 3410 4318 os
3441 4275 3666 4318 meum.
3707 4281 3732 4316 n

2084 4345 2280 4424 Atque
2310 4345 2436 4406 dies
2455 4346 2696 4426 quidem
2708 4347 2831 4427 jam
2856 4347 3095 4428 aderat;
3130 4347 3336 4409 aderat
3355 4354 3550 4406 autem
3580 4364 3737 4426 prae-

2086 4433 2278 4495 fectus
2302 4453 2558 4516 quoque,
2589 4443 2648 4496 ut
2670 4437 2850 4498 sciret
2875 4455 2949 4498 an
2976 4436 3133 4499 fame
3155 4437 3292 4497 victi
3313 4442 3537 4512 essent,
3566 4436 3737 4497 utsic

2087 4540 2189 4584 eos
2207 4522 2454 4586 haberet
2479 4524 2985 4604 obtemperantes.
3014 4528 3329 4607 Postquam
3354 4544 3498 4587 vero
3524 4535 3735 4586 contra

352 4623 455 4690 τὴν
511 4620 720 4701 ψυχὴν,
783 4618 1064 4678 ἀπολιπὼν
1115 4621 1177 4674 τὸ
1230 4619 1499 4697 βιάζεσθαι
1556 4619 1651 4676 ἅτε
1705 4617 1874 4694 μηδὲν
1915 4617 2001 4674 ἐπ’

2095 4630 2194 4674 eos
2247 4613 2393 4676 vidit
2447 4615 2610 4676 laetos
2663 4623 2720 4676 et
2774 4616 2941 4677 vultu
2994 4618 3244 4688 alacres,
3298 4615 3498 4677 anima
3535 4623 3732 4676 autem

355 4711 574 4774 ἐκείνοις
627 4710 880 4786 ἀνύσιμον
925 4709 1005 4783 ὃν,
1053 4707 1136 4764 ἐπὶ
1185 4710 1240 4764 τὸ
1283 4708 1478 4765 πείθειν
1528 4707 1748 4788 ἐχώρει.
1785 4709 1882 4765 Καὶ
1911 4709 2004 4764 τὸν

357 4807 525 4879 πρᾶον
580 4800 1022 4878 ὑποκρινάμενος,
1085 4797 1292 4854 ἐκέλευε
1382 4799 1442 4853 τὸ
1530 4798 1719 4854 λοιπὸν
1778 4797 2008 4860 ἀπαθεῖς

351 4895 534 4948 κακῶν
567 4888 767 4968 διάγειν
824 4889 1011 4950 αὖτοὺς
1073 4887 1164 4943 καί
1217 4893 1320 4944 τῶν
1354 4888 1428 4950 εἰς
1462 4888 1658 4966 χρείαν
1687 4888 2002 4964 κατακόρως

350 4978 634 5060 μετέχειν,
665 4978 964 5058 βρωμάτων
994 4977 1052 5035 τέ
1082 4999 1222 5056 φημι
1278 4978 1366 5032 καὶ
1410 4975 1736 5056 χρημάτων,
1772 4976 1902 5053 πρὸς
1945 4973 2000 5031 δὲ

351 5072 442 5126 καὶ
487 5068 706 5135 ἰσθῆτος
763 5065 911 5126 οὐδὲν
953 5071 1061 5122 τῶν
1114 5063 1486 5144 προλαϐόντων
1538 5063 1780 5127 ἔλαττον,
1846 5063 2000 5122 Ἀλλ’

351 5159 450 5215 οὐκ
503 5155 684 5214 ὶδεῖτο
715 5156 1015 5236 χρημάτων
1050 5157 1082 5223 ἡ
1113 5155 1368 5232 παρθένος
1399 5155 1487 5210 καὶ
1516 5153 1740 5228 ἱματίων
1777 5167 1792 5184 ⁸
1827 5150 2002 5211 ἐδεῖτο

349 5247 476 5322 μὲν,
536 5245 654 5302 ἀλλ’
699 5245 824 5326 οὐχ’
877 5246 1093 5322 ἑαυτῆς,
1127 5250 1234 5300 τῶν
1263 5247 1508 5310 πενήτων
1538 5241 1592 5298 δὲ
1626 5241 1834 5300 εἵνεκα·
1872 5243 1998 5322 παρ’

350 5341 380 5394 ὃ
421 5334 488 5404 δὴ
518 5337 607 5393 καὶ
663 5341 874 5416 συχνῶν
935 5334 1150 5414 ἡμερῶν
1206 5332 1387 5398 ἄσιτος
1442 5335 1577 5401 αὕτη
1630 5330 1876 5409 διετέλει,
1908 5335 2000 5391 ἳνα

356 5424 628 5490 πλουσίως
690 5438 809 5487 τοῖς
861 5422 1045 5486 ἄλλοις
1090 5420 1426 5498 μεταδιδόναι
1472 5426 1697 5502 τροφῆς,
1751 5425 1849 5481 Καὶ
1893 5421 1997 5493 δή-

348 5536 484 5574 ποτε
528 5513 729 5582 πλῆθος
790 5511 874 5571 ἔπ’
933 5512 1100 5579 αὐτὴν
1150 5510 1359 5590 σῦῤῥέρν
1391 5514 1638 5584 πενήτων
1694 5512 1998 5593 θεασαμένη

435 5773 466 5831 ὅ
491 5771 645 5845 Psal.
680 5788 883 5851 cxmv,
918 5773 1015 5837 t6.
1105 5773 1137 5827 4
1161 5770 1322 5845 Psal.
1353 5787 1519 5853 Lxm,
1555 5773 1614 5841 6.

2092 4701 2276 4764 multo
2308 4703 2651 4778 alacriores,
2690 4704 2929 4766 mittens
2967 4705 3084 4766 vim
3117 4705 3354 4780 atl‘erre,
3390 4714 3454 4765 ut
3484 4704 3640 4781 quod
3676 4703 3738 4764 in

2088 4790 2174 4853 eis
2209 4793 2358 4855 nihil
2391 4793 2723 4875 prodesset,
2777 4813 3056 4875 agressus
3107 4802 3196 4856 est
3246 4794 3642 4874 persuadere,
3679 4801 3738 4854 et

2085 4880 2376 4944 simulans
2402 4883 2942 4958 mansuetudinem,
2970 4887 3144 4961 jussit
3189 4901 3290 4945 eos
3312 4884 3599 4962 deinceps
3625 4882 3734 4943 de-

2085 4988 2228 5049 gere
2250 4969 2430 5032 nullis
2465 4972 2635 5034 malis
2657 4972 2923 5050 allectos,
2954 4981 3012 5034 et
3039 4971 3279 5034 abunde
3310 4971 3397 5034 eis
3419 4971 3570 5045 dari,
3609 4990 3743 5052 quae

2086 5060 2357 5122 erantad
2389 5079 2564 5122 usum
2617 5063 2979 5137 necessaria,
3031 5061 3255 5136 cibum,
3311 5061 3580 5140 inquam,
3626 5080 3736 5142 pe-

2084 5149 2322 5211 cuniam
2344 5158 2403 5213 et
2423 5162 2642 5234 vestes,
2664 5171 2782 5213 non
2809 5153 3003 5214 minus
3031 5170 3209 5229 quam
3243 5161 3438 5215 antea.
3470 5150 3587 5214 Sed
3618 5152 3739 5213 vir-

2083 5259 2157 5319 go
2188 5239 2334 5301 nihil
2366 5241 2576 5319 egebat
2627 5242 2898 5322 pecuniis
2948 5251 3004 5303 et
3059 5243 3372 5318 vestibus;
3427 5242 3544 5303 imo
3599 5260 3740 5303 vero

2083 5328 2293 5408 egebat
2314 5329 2580 5410 quidem,
2608 5330 2716 5393 sed
2741 5350 2858 5392 non
2883 5351 2986 5392 sua
3013 5349 3210 5407 causa,
3243 5330 3347 5392 sed
3375 5348 3736 5411 pauperum;

2082 5417 2300 5498 quibus
2319 5419 2496 5481 etiam
2525 5421 2880 5482 vestimenta
2913 5419 3285 5495 discindens,
3313 5418 3730 5492 distribuebat;

2083 5511 2144 5573 et
2174 5508 2474 5603 quomodo
2497 5509 2874 5591 existimabat
2897 5528 3030 5575 esse
3059 5509 3470 5590 necessarium
3497 5511 3738 5602 corpori
