4086 6408
416 347 570 415 1047

1622 349 2003 412 ADDENDA.
2059 384 2124 395 —
2172 353 2598 418 DECEMBER.

3639 360 3791 428 1048

411 482 795 562 alimentum,
833 483 915 546 ita
946 484 1121 547 etiam
1172 500 1294 545 suae
1344 483 1560 545 animae
1605 482 2013 545 necessarium
2041 531 2056 558 ,

2153 489 2230 545 καὶ
2289 489 2470 570 ὥσπερ
2512 498 2707 574 τροφοῦ
2750 490 2907 572 φίλης
2961 491 3110 551 λῦσαι
3145 494 3232 551 τὸν
3266 492 3423 573 λιμὸν
3452 497 3636 561 αὐτοῖς
3665 497 3790 558 δεο-

410 572 543 636 aliis
565 572 1302 654 praeberenutrimentum.
1326 572 1614 645 Quocirca
1632 573 1832 634 multis
1854 573 2067 636 diebus

413 663 806 744 permanebat
829 664 1060 743 jejuna,
1099 672 1162 725 ut
1196 671 1442 744 possent
1469 660 1704 724 abunde
1730 663 1862 725 aliis
1909 680 2064 743 pra)—

411 752 543 816 beri
575 753 977 816 mutrimenta.
1036 753 1111 815 Et
1169 760 1308 814 tunc
1366 771 1602 834 quoque
1653 772 1789 814 cum
1831 752 2070 815 vidisset

415 842 857 904 multitudinem
912 860 1243 923 pauperum
1293 841 1365 903 ad
1396 860 1461 903 se
1515 842 1969 917 confluentium,
2013 851 2072 903 et

416 940 695 1012 tanquam
728 930 965 993 charam
1001 931 1314 1005 nutricem,
1350 940 1415 992 ut
1443 930 1658 993 famem
1689 932 1762 992 ab
1810 936 1895 992 eis
1928 949 2069 1012 pro-

412 1021 679 1103 pulsaret
704 1020 1075 1100 rogantium,
1125 1019 1306 1081 dubia
1346 1021 1553 1098 animi,
1620 1031 1683 1082 ut
1738 1040 1869 1102 quae
1928 1022 2071 1082 nihil

411 1118 613 1193 posset
646 1110 1018 1193 impendere,
1058 1109 1213 1191 quod
1249 1112 1555 1174 sufﬁceret
1584 1119 1760 1172 tanta;
1793 1111 2071 1173 multitu~

410 1199 556 1276 dini,
591 1200 663 1261 ad
697 1218 871 1261 suum
924 1201 1213 1262 mundum
1264 1199 1516 1283 aspexit,
1556 1208 1614 1263 et
1666 1218 1799 1262 cum
1851 1219 2063 1262 zonam

410 1288 599 1365 illam,
629 1308 761 1370 qua:
786 1289 959 1371 plena
987 1298 1115 1352 erat
1136 1289 1390 1370 gemmis
1415 1301 1475 1353 et
1502 1289 1931 1369 margaritis,et
1954 1291 2067 1351 alia

410 1397 545 1460 qum
576 1385 746 1441 erant
780 1397 925 1441 auro
961 1386 1173 1441 ornata
1205 1388 1262 1442 et
1292 1388 1564 1460 argento,
1600 1381 1797 1441 omnia
1826 1378 2065 1440 vinculo

409 1487 531 1531 uno
564 1467 1148 1550 comprehendisset,
1178 1468 1439 1533 demittit
1482 1488 1590 1549 per
1628 1468 1969 1541 fenestram,
2007 1481 2067 1529 et

409 1558 756 1621 transmittit
783 1559 855 1619 ad
896 1564 1057 1639 pium
1092 1557 1409 1639 quemdam
1444 1559 1785 1639 diaconum,
1822 1557 1915 1619 cui
1952 1577 2060 1619 no-

414 1667 553 1710 men
584 1657 709 1711 erat
732 1648 1031 1729 Agapius;
1067 1655 1354 1728 rogatque
1388 1656 1453 1709 ut
1480 1649 1716 1729 vendat,
1744 1656 1801 1709 et
1825 1666 2060 1721 aurum,

414 1737 575 1820 quod
606 1756 677 1799 ex
712 1755 782 1799 eo
824 1735 1065 1812 redibit,
1100 1736 1323 1799 dividat
1368 1737 1752 1820 pauperibus.
1786 1736 1911 1800 Dici
1944 1756 2065 1798 non

2151 578 2347 654 μένων,
2412 582 2603 659 ἀπορίᾳ
2659 581 2946 657 ληφθεῖσα,
3006 585 3093 639 καὶ
3151 583 3297 641 οὖδέν
3354 586 3626 645 ἀναλῶσαι
3658 591 3793 668 πρὸς

2150 675 2401 726 τοσοῦτον
2448 670 2651 737 πλῆθος
2709 671 2955 748 ἐξαρκοῦν
3013 671 3238 753 ἔχουσα,
3300 677 3431 753 πρὸς
3468 679 3558 733 τὸν
3594 680 3797 755 κόσμον

2152 755 2339 814 ἆπεῖδε
2397 760 2485 817 τὸν
2546 762 2761 841 ἑαυτῆς,
2816 763 2899 819 καὶ
2951 763 3125 833 ζώνην
3186 763 3397 832 ἐκείνην
3496 766 3658 832 λίθοις
3691 771 3802 846 βρί-

2152 851 2313 904 θουσα
2371 851 2456 906 καὶ
2517 852 2805 929 μαργάροις
2856 852 2944 925 ἦν,
3006 849 3143 909 ἄλλα
3177 876 3231 910 τε
3263 854 3359 911 ὃσα
3389 859 3590 936 χρυσὸς
3621 857 3802 915 διεκό-

2155 959 2276 1011 σμει
2335 940 2419 995 καὶ
2452 937 2696 1019 ἄργυρος,
2761 942 2933 997 πάντα
2988 940 3042 996 ἐν
3102 940 3388 1017 ἀποδέσμῳ
3420 944 3802 1024 περιλαϐοῦσα,

2154 1029 2366 1094 καθίησι
2412 1026 2496 1084 διὰ
2545 1032 2644 1096 τῆς
2674 1028 2897 1109 θυρίδος,
2937 1030 3026 1087 καί
3081 1054 3184 1088 τινι
3244 1040 3350 1089 τῶν
3394 1034 3628 1091 εὒλαϐὤν
3686 1035 3808 1094 δια-

2155 1116 2350 1194 κόνων,
2406 1117 2663 1198 Ἀγσίπιος
2724 1120 2866 1194 αὒτῳ
2922 1119 3175 1196 τοῦνομα,
3238 1124 3606 1201 παραπέμπει,
3664 1125 3809 1192 ἀξιοῖ

2149 1228 2206 1261 τε
2266 1210 2492 1282 πωλεῖν,
2555 1210 2642 1265 καὶ
2693 1211 2754 1267 τὸ
2806 1211 3042 1266 ἐντεῦθεν
3087 1213 3307 1292 χρυσίον
3353 1212 3550 1272 διελεῖν
3581 1215 3801 1283 πένησι,

2150 1301 2323 1352 Ταῦτα
2381 1301 2475 1355 οὒκ
2518 1297 2659 1354 ἔστιν
2716 1301 2885 1355 εἰπεῖν
2943 1297 3053 1373 ὅσῳ
3102 1300 3295 1371 πλήθει
3366 1306 3473 1359 τῶν
3527 1302 3804 1379 δεομένων

2150 1384 2427 1463 ἐξήρκεσεν
2458 1389 2528 1448 εἰς
2564 1390 2785 1467 τροφὴν,
2835 1387 2972 1444 ἀλλὰ
3022 1391 3106 1447 καὶ
3166 1389 3321 1455 ὅσους
3375 1393 3511 1449 κατὰ
3565 1396 3799 1470 μίμησιν

2116 1480 2253 1563 ’τῶχ
2315 1475 2578 1533 πλουσίων
2638 1480 2765 1556 πρὸς
2821 1479 2911 1534 τὸν
2969 1485 3074 1534 τῶν
3131 1477 3392 1554 δεομένων
3440 1480 3584 1538 ἔλεον
3639 1507 3805 1563 παρε-

2680 1543 2689 1556 I
3221 1543 3230 1554 ‘
3720 1543 3729 1563 |

2149 1543 2394 1627 κᾶλεσεν,
2432 1563 2576 1623 Ἐπεὶ
2612 1566 2665 1622 δὲ
2700 1569 2794 1624 οὐκ
2825 1566 2925 1623 ἔδει
2958 1567 3056 1635 τὴν
3106 1567 3247 1626 οὕτω
3295 1570 3392 1645 μὲν
3438 1573 3626 1649 ἁγνὴν,
3661 1574 3804 1632 οὕτω

2150 1651 2203 1706 δὲ
2271 1656 2355 1708 καὶ
2411 1655 2509 1721 τὴν
2564 1653 2735 1722 ἄλλην
2790 1656 3001 1713 ἅπασαν
3060 1656 3253 1736 ἀρετὴν
3314 1668 3620 1737 μετιοῦσαν,
3674 1664 3803 1721 εἶτα

2148 1743 2235 1799 καὶ
2295 1744 2422 1820 πρὸς
2480 1744 2715 1802 εὐποιίαν
2773 1744 2960 1820 πολλῴ
3031 1746 3249 1823 ῥέουσαν
3321 1748 3375 1806 ἐν
3453 1751 3802 1827 σκηνώμασιν

416 1834 629 1910 potest,
661 1834 897 1908 quantae
943 1845 1271 1908 pauperum
1322 1827 1687 1890 multitudini
1721 1828 1845 1889 haec
1878 1827 2062 1890 suffe-

2153 1831 2483 1909 αμαρτωλῶν
2540 1836 2628 1891 καὶ
2687 1835 2977 1911 βασιλείοις
3023 1837 3221 1902 αὐλαῖς
3260 1855 3557 1915 κατοικεῖν,
3604 1842 3804 1899 ἄνωθεν

411 1917 600 1979 cerint
628 1916 701 1978 ad
759 1917 1134 1992 alimentum,
1192 1915 1299 1978 sed
1357 1936 1554 1997 neque
1606 1935 1781 1998 quam
1846 1914 2067 1978 multos

2153 1923 2234 1977 καὶ
2265 1928 2419 1978 τοῦτο
2453 1924 2839 1999 οἰκονομεῖται,
2872 1929 2967 1985 Καὶ
2997 1942 3251 1986 σκοπεῖτε
3283 1928 3347 1995 δὴ
3370 1933 3470 1996 τὴν
3495 1933 3804 2008 οἰκονομίαν

410 2006 624 2068 divites
643 2012 734 2068 sui
766 2005 1093 2068 imitatione
1128 2008 1532 2087 provocaverit
1558 2006 1629 2067 ad
1653 2025 1826 2087 apem
1862 2008 2060 2068 feren-
2147 2008 2293 2072 ὅπως
2324 2013 2487 2088 σοφή,

409 2096 548 2160 dam
606 2095 940 2176 egentibus.
996 2095 1139 2158 Cum
1193 2106 1392 2186 autem
1444 2115 1563 2157 non
1592 2105 1890 2176 oporteret
1931 2114 2104 2186 eam,
2140 2116 2273 2178 quae
2328 2112 2456 2162 erat
2503 2102 2654 2164 adeo
2689 2112 2869 2185 casta,
2908 2115 2967 2167 et
3018 2124 3146 2186 quae
3178 2106 3264 2169 sic
3295 2107 3439 2171 alias
3484 2108 3805 2173 exercebat

411 2187 686 2279 virtutes,
715 2193 774 2246 et
820 2203 953 2279 quae
974 2203 1216 2279 magno
1250 2183 1552 2279 ferebatur
1604 2186 1824 2279 fluento
1874 2185 1945 2246 ad
2001 2184 2482 2279 beneficentiam,
2513 2191 2785 2255 habitare
2817 2183 2875 2256 in
2933 2183 3335 2258 tabernaculis
3393 2207 3798 2279 peccatorum,

411 2282 472 2339 et
492 2273 729 2366 _i_n__aul_a
753 2274 941 2366 regia,
974 2274 1112 2336 huic
1139 2274 1319 2366 etiam
1354 2276 1451 2366 rei,
1472 2275 1820 2366 providetur
1850 2296 1879 2334 a
1915 2276 2170 2356 superis.
2206 2278 2421 2366 Videte
2451 2290 2648 2343 autem
2684 2302 2857 2364 quam
2886 2286 3207 2366 sapienter.

491 2361 650 2427 VIII.
680 2363 784 2426 Dei
801 2371 1109 2445 parentem
1137 2362 1422 2426 Davidem
1439 2364 1501 2426 in
1519 2365 1718 2425 animo
1734 2372 2066 2445 versans,et

409 2454 469 2517 id
506 2452 664 2535 quod
696 2453 801 2516 ille
832 2452 1133 2516 simulavit
1186 2471 1256 2515 eo
1300 2461 1596 2535 tempore,
1628 2473 1745 2534 quo
1772 2453 2000 2532 fugerat
2030 2475 2063 2516 ει

406 2543 560 2607 facie
592 2542 751 2622 Sani,
801 2552 860 2605 et
907 2542 1412 2625 quemadmodum
1457 2544 1615 2604 vultu
1667 2563 1773 2604 suo
1812 2551 2060 2616 mutato,

408 2652 476 2697 se
506 2633 676 2697 finxit
709 2651 842 2695 esse
875 2643 1087 2696 emotae
1120 2632 1361 2710 mentis,
1398 2642 1455 2694 et
1484 2635 1569 2694 sic
1602 2634 1809 2710 effugit
1855 2651 2064 2695 manus

415 2740 624 2786 eorum
650 2722 755 2803 qui
786 2732 959 2786 erant
987 2741 1127 2785 vere
1160 2723 1533 2804 insipientes,
1566 2733 1622 2785 et
1655 2723 1730 2785 de
1763 2725 1850 2786 eis
1878 2724 2067 2785 erexit

407 2820 726 2895 tropaeum,
771 2813 888 2877 tale
910 2812 1052 2896 quid
1075 2813 1202 2895 ipsa
1221 2830 1461 2894 quoque
1488 2820 1778 2893 excogitat
1796 2821 1852 2875 et
1875 2815 2061 2894 tingit,

407 2902 715 2965 invertens
749 2903 982 2978 oculos,
1018 2913 1076 2965 et
1107 2904 1350 2966 salivam
1387 2919 1714 2985 exspuens.
1764 2911 1821 2965 et
1852 2923 2067 2966 manus

414 2993 782 3075 percutiens,
818 3002 880 3055 et
909 3010 1083 3055 voces
1111 2993 1389 3055 emittens
1432 2992 1826 3067 inordinatas,
1864 3001 1921 3055 et
1952 2994 2065 3054 ali—

418 3082 659 3160 quando
715 3082 961 3165 quidem
1023 3083 1393 3165 lacrymans,
1476 3082 1794 3163 aliquando
1870 3093 2066 3145 autem

417 3173 627 3236 ridens
659 3172 1075 3254 intempestive
1107 3181 1165 3235 et
1191 3173 1497 3236 indecore.
1531 3173 1672 3235 Haec
1710 3192 1847 3235 cum
1898 3174 2068 3235 vide-

417 3274 553 3325 rent
582 3261 627 3324 ii
659 3265 756 3345 qui
790 3270 961 3324 erant
1016 3262 1077 3324 in
1137 3263 1322 3341 regia,
1372 3263 1473 3325 alii
1522 3262 1794 3339 quidem,
1827 3263 2069 3325 misere-

2232 2359 2317 2431 B'.
2368 2373 2452 2434 Εἷς
2484 2379 2603 2428 νοῦν
2635 2359 2766 2441 αὕτη
2798 2359 3074 2450 βαλομένη
3108 2378 3196 2433 τὸν
3229 2379 3549 2457 θεοπαίτορα,
3602 2376 3699 2436 καί
3736 2381 3799 2449 ἢν

2149 2457 2355 2525 ἐκεῖνος
2407 2462 2659 2541 ὑπεκρίθη
2705 2465 2909 2531 σιιηνὴν
2968 2466 3021 2520 ἐν
3085 2473 3253 2543 καιρῷ
3310 2475 3402 2525 τοῦ
3434 2469 3645 2547 φεῦγειν
3692 2469 3801 2526 ὄιπὸ

2149 2549 2434 2628 προσώπου
2466 2551 2663 2632 Σαοὺλ,
2723 2555 2811 2610 καὶ
2869 2555 3016 2618 ὅπως
3071 2556 3243 2630 ἑαυτῷ
3284 2559 3344 2612 τὸ
3376 2558 3661 2632 πρόσωπον
3695 2558 3800 2616 ἆλ-

2147 2637 2377 2705 λοιώσας
2432 2642 2523 2696 τὸν
2590 2641 2814 2721 ἔκφρονα
2858 2645 3133 2724 ὑπεκρίθη,
3200 2648 3293 2703 καὶ
3346 2645 3482 2704 οὕτω
3539 2650 3634 2707 τὰς
3691 2657 3800 2707 τῶν

2147 2728 2358 2795 ἀληθῶς
2403 2730 2643 2810 ἀφρόνων
2699 2731 2914 2812 ἐξέφυγε
2978 2748 3199 2816 χεῖρας,
3257 2738 3346 2792 καὶ
3406 2738 3499 2815 ἦρε
3554 2741 3611 2794 τὸ
3669 2741 3801 2817 τρό-

2146 2840 2326 2892 παιον,
2391 2828 2592 2878 τοιοῦτο
2634 2820 2697 2892 δή
2757 2846 2806 2879 τι
2862 2828 2947 2880 καὶ
3003 2826 3137 2894 αὒτῆ
3195 2834 3510 2908 μηχανᾶται
3541 2831 3627 2885 καὶ
3659 2831 3803 2888 ὕπο-

2148 2912 2377 2987 κρίνεται
2437 2911 2557 2974 τοὺς
2616 2911 2918 2992 ὀφθαλμοὺς
2957 2910 3365 2997 διαστρέφουσα,
3425 2918 3605 2974 καὶτὰ
3648 2917 3803 2975 σίελα

2151 3000 2530 3078 παραπτόουσα
2616 3001 2811 3081 χεῖρας
2876 3024 2938 3059 τε
3020 3005 3281 3080 κροτοῦσα
3360 3008 3448 3062 καὶ
3542 3007 3800 3072 ἀτάκτους

2152 3087 2370 3168 ἀφιεῖσα
2429 3091 2630 3169 φωνὰς,
2665 3091 2751 3147 καὶ
2785 3092 2913 3148 ποτὲ
2963 3093 3061 3167 μὲν
3103 3094 3387 3175 κλαίουσα,
3436 3097 3566 3152 ποτὲ
3616 3097 3671 3152 δὲ
3713 3100 3799 3154 καὶ

2150 3179 2361 3256 γελῶσα
2407 3179 2498 3234 σὺν
2531 3178 2698 3239 οὒδενὶ
2727 3185 2895 3259 καιρῴ
2939 3203 2996 3238 τε
3048 3183 3132 3239 καὶ
3192 3185 3399 3257 κόσμῳ.
3465 3193 3640 3242 Ταῦτα
3697 3193 3803 3243 τῶν

2150 3271 2206 3324 ἓν
2260 3281 2380 3331 τοῖς
2434 3267 2723 3345 βασιλείοις
2786 3272 3029 3348 ὁρώντων
3063 3272 3183 3333 τοὺς
3215 3272 3315 3345 μὲν
3345 3272 3556 3344 οἶκτος,
3592 3275 3715 3339 τοὺς
3747 3274 3805 3331 δὲ

422 3353 683 3433 bantur,
742 3350 822 3413 aii
878 3369 1021 3413 vero
1083 3353 1260 3415 etiam
1321 3349 1730 3426 mirabantur,
1793 3352 2063 3414 nonnulli

2153 3360 2237 3414 καὶ
2289 3360 2462 3432 θαῦμα
2523 3360 2710 3435 εἰσῄει,
2770 3359 2881 3416 ἔστι
2939 3357 2993 3415 δὲ
3055 3358 3141 3421 οὕς
3191 3360 3279 3415 γαὶ
3330 3359 3601 3439 ἀμφότερα
3644 3360 3797 3425 ἔλεος

422 3449 619 3504 autem
654 3440 832 3503 simul
867 3449 924 3502 et
955 3440 1372 3503 misericordia
1401 3440 1813 3521 movebantur,
1848 3450 1906 3503 et
1936 3450 2066 3502 stu-

423 3531 665 3612 pebant.
729 3528 898 3603 Quod
958 3529 1201 3608 quidem
1259 3549 1394 3592 cum
1430 3530 1723 3592 audiisset
1775 3532 2069 3593 crudelis-

419 3621 607 3684 simus
654 3621 970 3702 praefectus
1016 3620 1089 3683 ab
1128 3620 1330 3701 aliquo
1375 3637 1447 3682 ex
1493 3621 1567 3681 iis
1604 3622 1702 3700 qui
1736 3622 1789 3683 ei
1833 3622 2067 3684 asside-

419 3709 587 3793 bant,
620 3717 679 3773 et
706 3710 952 3772 vidisset
1001 3711 1176 3773 etiam
1235 3711 1294 3772 id
1348 3710 1507 3791 quod
1556 3709 1756 3784 ﬁebat,
1792 3709 1951 3772 visus
1980 3720 2070 3774 est

420 3800 629 3863 dolere
647 3808 707 3861 et
728 3801 924 3863 animo
959 3818 1114 3879 aegre
1146 3800 1325 3863 ferre.
1358 3798 1504 3863 Nam
1537 3812 1675 3860 tunc
1705 3801 1869 3880 virgo
1897 3802 2073 3862 maxi-

422 3909 518 3953 me
547 3888 823 3952 morbum
856 3889 1195 3964 simulabat,
1232 3891 1470 3971 quando
1505 3889 1820 3970 praefectus
1850 3891 1911 3951 in
1940 3910 2068 3953 eam

421 3981 783 4060 conjecisset
812 3981 1042 4043 oculos.
1076 3979 1246 4044 Unde
1277 3985 1451 4043 etiam
1486 3980 1704 4042 timore
1734 3982 2074 4056 afﬁcitur,et

422 4069 478 4131 ei
499 4068 699 4149 plures
723 4070 965 4132 adhibet
988 4069 1290 4145 custodes,
1320 4088 1397 4131 ne
1416 4067 1662 4132 absente
1681 4068 2066 4151 imperatore,

422 4159 647 4243 aliquid
683 4160 737 4222 ei
771 4179 946 4237 grave
970 4160 1306 4242 accederet,
1334 4168 1389 4221 et
1411 4178 1475 4222 se
1495 4161 1774 4223 deorsum
1803 4160 2072 4242 prazcipi-

420 4258 572 4328 tans,
602 4248 832 4312 veniret
856 4251 916 4311 in
948 4250 1301 4332 periculum.
1338 4251 1656 4329 Postquam
1689 4258 1885 4310 autem
1923 4249 2073 4310 mulo

424 4351 545 4405 tum
567 4340 855 4424 temporis
878 4341 1198 4405 contritum
1223 4349 1312 4403 est
1335 4359 1369 4403 a
1390 4339 1775 4411 custodibus;
1814 4339 1911 4401 illa
1933 4358 2071 4401 vero

421 4450 598 4515 quam
629 4439 1001 4513 susceperat,
1037 4449 1353 4513 personam
1408 4449 1524 4492 non
1571 4427 1924 4504 dimittebat,
1963 4429 2067 4488 sed

421 4521 707 4603 prudenti
737 4519 1060 4583 admodum
1096 4521 1456 4599 cogitatione
1501 4516 1818 4579 simulabat
1844 4534 1908 4577 se
1939 4533 2071 4577 esse

419 4611 806 4691 insipientem
837 4631 851 4671 :
879 4619 939 4672 et
968 4611 1217 4673 molesta
1237 4608 1569 4689 eratiisqni
1602 4624 1730 4667 eam
1766 4604 2083 4667 custodie-l

2152 3451 2285 3522 ὁμοῦ
2342 3469 2395 3502 τε
2455 3450 2544 3504 καὶ
2602 3445 2877 3515 ἔκπληξις,
2924 3447 3102 3527 ’Ὀπερ
3163 3451 3252 3504 οὖν
3305 3452 3391 3505 καὶ
3443 3453 3467 3505 ὃ
3516 3452 3799 3525 ὠμότατος

2150 3539 2250 3603 τὴν
2307 3538 2492 3618 ψυχὴν
2524 3536 2696 3611 ἄρχων
2730 3538 2937 3602 ἐκεῖνος
2982 3540 3126 3615 παρᾶ
3155 3545 3247 3595 τοῦ
3279 3538 3383 3595 τῶν
3417 3540 3801 3619 προσεδρευόν-

2151 3649 2257 3683 των
2316 3631 2449 3703 αὖτῇ
2481 3628 2800 3708 πυθόμενος,
2834 3628 2968 3685 ἄλλᾶ
3010 3626 3074 3695 δὴ
3136 3630 3219 3684 καὶ
3250 3628 3366 3704 ὄψει
3400 3627 3517 3695 δοὺς
3548 3632 3608 3686 τὸ
3640 3632 3800 3707 γινό-

2155 3729 2311 3783 μενον
2372 3709 2562 3786 ἀλγεῖν
2632 3708 2785 3783 ἒῷκει
2846 3711 2932 3766 καὶ
2994 3710 3332 3766 παθαίνεσθαι
3392 3712 3492 3776 τὴν
3563 3713 3747 3789 ψυχήν
3786 3732 3800 3745 ·

2155 3797 2267 3855 ἐπεὶ
2317 3800 2408 3854 καί
2471 3798 2584 3854 τότε
2646 3797 2879 3873 μάλιστα
2931 3798 3168 3877 σφοδρῶς
3207 3799 3243 3867 ἢ
3299 3796 3500 3874 μάρτυς
3550 3801 3804 3879 ὑπεκρίθη

2155 3890 2212 3945 τὸ
2245 3889 2434 3961 πάθος,
2468 3890 2588 3943 τότε
2620 3885 2684 3954 δὴ
2717 3890 2804 3945 καὶ
2836 3889 2862 3943 ὁ
2907 3887 3081 3965 ἄρκιον
3137 3889 3259 3952 τοὺς
3317 3888 3621 3968 ὀφθαλμοὺς
3669 3889 3807 3965 αὒτῇ

2153 3976 2522 4045 ἐπιϐεϐληκώς
2554 3976 2641 4044 ἧν.
2675 3975 2847 4035 ’Ὅθεν
2893 3979 2981 4033 καὶ
3013 3976 3262 4049 περιδεὴς
3297 3979 3497 4055 γίνεται
3534 3981 3623 4034 καὶ
3659 3988 3804 4035 πολ-

2155 4067 2279 4129 λούς
2337 4067 2610 4144 ἐφίστησιν
2646 4069 2779 4142 αὒτῇ
2826 4065 3059 4146 φύλακας
3113 4067 3189 4140 μή
3222 4088 3271 4121 τι
3318 4068 3404 4123 καὶ
3436 4066 3593 4123 πάθοι
3648 4068 3811 4143 βασι-

2154 4157 2291 4219 λέως
2350 4156 2577 4220 ἀπόντος
2635 4152 2803 4210 δεινὸν
2853 4155 2941 4211 καὶ
2989 4156 3128 4211 κατὰ
3163 4164 3404 4233 κρημνοῦ
3438 4156 3633 4223 ἑαυτὴν
3686 4156 3813 4213 ὠθι-

2156 4246 2362 4320 σαμένη
2409 4243 2645 4301 κινδύνου
2694 4243 2942 4321 πρόξενος
3006 4244 3149 4316 αὒτῷ
3209 4251 3474 4320 καταστῇ,
3526 4244 3677 4302 Ἐπεὶ
3720 4246 3813 4301 οὖν

2154 4335 2349 4414 χρόνος
2394 4336 2493 4396 μὲν
2537 4347 2653 4398 τοῖς
2712 4332 2928 4413 φύλαξιν
2985 4332 3164 4410 ἐτρίόη
3221 4336 3441 4413 συχνὸς,
3509 4336 3542 4401 ἡ
3609 4334 3666 4390 δὲ
3710 4336 3813 4403 τὴν

2153 4439 2362 4490 σκηνὴν
2421 4428 2516 4482 οὒκ
2578 4423 2780 4494 ἔλυσεν,
2838 4421 2975 4478 ἀλλὰ
3047 4423 3182 4478 πάνυ
3255 4424 3495 4503 σώφρονι
3554 4420 3841 4501 λογισμῷ⁸

2152 4525 2533 4590 προσεποιεῖτο
2563 4514 2655 4568 τὸν
2688 4510 2907 4591 ἄφρονα,
2958 4513 3023 4580 ἧν
3068 4511 3122 4567 δὲ
3180 4514 3268 4567 καὶ
3298 4526 3416 4573 τοῖς
3450 4511 3809 4593 φυλάττουσιν

2153 4600 2371 4681 ὀχληρὰ
2427 4601 2527 4669 τὴν
2557 4601 2654 4677 μὲν
2686 4601 2853 4669 ἀκοὴν
2885 4605 3058 4661 αὐτῶν
3089 4602 3321 4675 ἀσήμοις
3364 4602 3604 4659 λυποῦσα
3633 4624 3808 4680 κραυ-

420 4689 586 4774 bant,
620 4717 828 4761 eorum
863 4699 1106 4781 quidem
1147 4716 1370 4762 vexans
1401 4714 1576 4759 aures
1601 4696 1927 4758 inconditis
1962 4715 2066 4757 vo-

2154 4704 2303 4770 γαῖς,
2339 4693 2588 4770 σχήμασι
2634 4689 2687 4748 δέ
2747 4693 3072 4769 παραφόροις
3134 4689 3322 4757 ἀηδίαν
3355 4704 3469 4752 τοῖς
3503 4691 3808 4766 ὀφθαλμοῖς

419 4788 609 4865 cibus,
646 4788 842 4852 stultis
870 4778 1066 4852 autem
1104 4789 1308 4869 figuris
1349 4805 1557 4851 eorum
1591 4786 1780 4847 oculis
1814 4787 2067 4849 alferens

2157 4778 2517 4858 ἐμϐάλλουσα,
2553 4781 2663 4838 ἔστι
2689 4779 2734 4837 δ’
2766 4781 2853 4837 ὅτε
2885 4781 2982 4837 καὶ
3032 4784 3125 4839 τὸν
3172 4779 3338 4836 ὕπνον
3383 4784 3509 4842 ταῖς
3546 4796 3808 4859 κραυγαῖς

420 4878 784 4961 molestiam,
819 4890 881 4942 et
911 4896 1340 4960 nonnunquam
1378 4877 1462 4940 eis
1491 4895 1768 4939 somnum
1802 4876 2071 4938 adimens

418 4968 806 5045 clamoribus,
844 4979 901 5031 et
961 4970 1047 5032 eis
1106 4971 1348 5030 omnino
1409 4966 1741 5028 molestiam
1792 4968 2066 5043 efferens,

416 5077 540 5122 non
572 5060 769 5125 solum
799 5060 891 5123 vel
923 5059 1091 5122 inviti
1125 5076 1252 5120 eam
1296 5058 1539 5119 mittunt
1571 5056 1642 5118 ad
1678 5055 2067 5131 Christianos,

417 5150 576 5232 quod
621 5148 861 5232 quidem
925 5167 993 5211 ra
1034 5147 1269 5230 jamdiu
1338 5145 1656 5227 cupiebat,
1728 5145 1833 5208 sed
1892 5145 2066 5207 etiam

414 5239 697 5314 fatentur,
746 5238 888 5300 licet
947 5237 1243 5312 nolentes,
1307 5235 1791 5298 Christianorum
1854 5246 2068 5317 poten-

417 5329 588 5393 tiam.
621 5327 1000 5392 Accedentes
1033 5329 1188 5390 enim
1221 5326 1293 5389 ad
1340 5327 1701 5403 eunuchum,
1743 5327 2066 5388 vehemen-

423 5427 514 5481 ter
540 5415 854 5497 rogabant,
909 5425 973 5477 ut
1033 5435 1102 5479 ea
1152 5416 1490 5480 mitteretur
1542 5416 1613 5477 ad
1675 5416 2068 5479 Christianos.

414 5509 595 5570 Forte
629 5505 789 5567 enim
844 5505 1143 5585 dicebant,
1205 5517 1267 5569 ut
1317 5516 1373 5569 et
1435 5507 1551 5589 ipsi
1604 5506 1999 5569 liberarentur
2038 5527 2070 5567 ιι

412 5596 569 5659 malo
605 5614 723 5658 non
752 5596 1073 5676 tolerabili,
1101 5611 1163 5660 et
1188 5597 1291 5661 illa
1322 5596 1396 5661 ab
1428 5598 1573 5680 ipsis
1606 5615 1781 5678 quam
1812 5596 2069 5676 primum

409 5694 745 5751 curaretur.
782 5685 930 5753 Sunt
987 5690 1169 5767 enim,
1234 5689 1535 5766 dicebant,
1598 5686 1751 5768 apud
1812 5704 1917 5748 nos
1972 5685 2074 5749 alii

2152 4873 2471 4952 ἀφαιροῦσα,
2503 4873 2590 4929 καὶ
2621 4871 2761 4935 ὅλως
2813 4874 2880 4938 ἦν
2941 4873 3129 4934 αὐτοῖς
3161 4870 3393 4946 λυπηρὰ,
3431 4870 3492 4925 οὔ
3524 4872 3689 4945 μόνον
3716 4874 3809 4929 καὶ

2153 4963 2374 5026 ἄκοντες
2422 4964 2584 5029 αὒτὴν
2628 4964 2761 5038 πρὸς
2820 4961 3165 5033 Χριστιανοὺς
3226 4960 3545 5036 πέμπουσιν,
3623 4961 3683 5016 οὖ
3737 4960 3805 5027 δὴ

2152 5053 2236 5109 καὶ
2294 5052 2355 5108 ἐκ
2410 5051 2612 5109 πολλοῦ
2650 5051 2775 5130 ἤρα,
2830 5049 2968 5106 ἀλλὰ
3024 5051 3111 5105 καὶ
3155 5049 3252 5115 τὴν
3307 5055 3416 5105 τῶν
3473 5055 3808 5126 Χριστιανῶν

2153 5140 2370 5216 δύναμιν
2430 5143 2753 5220 ὁμολογοῦσι
2811 5141 2901 5196 καί
2947 5139 3023 5212 μὴ
3079 5136 3418 5214 βουλόμενοι.
3470 5138 3804 5211 Προσελθόν-

2152 5254 2239 5297 τες
2303 5233 2397 5310 γὰρ
2442 5239 2518 5305 τῷ
2579 5231 2819 5307 εὖνούχῷ
2862 5227 3034 5295 ἠξίουν
3090 5228 3236 5302 μάλα
3291 5228 3504 5306 θερμῶς
3548 5233 3619 5294 εἱς
3672 5236 3809 5307 Χρι-

2154 5324 2397 5384 στιανοὺς
2457 5320 2823 5397 ἐκπεμφθῆναι
2869 5318 3066 5382 ταύτην
3098 5335 3111 5350 ⁸
3183 5319 3368 5379 αυτούς
3427 5340 3487 5373 τε
3538 5321 3639 5397 γὰρ
3671 5318 3814 5397 ἔφη·

2157 5435 2253 5470 σαν
2292 5410 2538 5485 καμάτου
2566 5405 3055 5483 ἡπαλλαγήσασθαι
3087 5406 3260 5464 οὗιιέτι
3310 5414 3564 5485 φορτιτοῦ,
3618 5407 3812 5464 κάκεί-

2159 5527 2254 5569 νην
2312 5502 2385 5563 ὡς
2430 5498 2665 5575 τάχιστα
2721 5497 3029 5565 ἱαθήσεσθαι
3087 5498 3218 5574 πρὸς
3263 5500 3460 5557 αότῶνο
3520 5499 3631 5555 Εἷσῖ
3682 5499 3808 5577 γὰρ,

2158 5593 2340 5666 εἶπον,
2397 5584 2522 5665 παρ’
2584 5587 2769 5649 αὐτοῖς
2826 5587 2912 5643 καὶ
2945 5585 3097 5645 ἄλλοι
3141 5587 3241 5653 τὴν
3274 5587 3463 5662 μανίαν
3510 5591 3644 5664 αὐτῇ
3672 5609 3812 5665 παρ-

2159 5684 2355 5761 όμοιοι,
2417 5677 2505 5740 οὓς
2564 5677 2659 5734 οὐκ
2721 5674 2844 5734 οῖδα
2900 5676 2999 5754 μὲν
3053 5675 3221 5752 ὅπως,
3286 5677 3561 5757 σώφρονας
3624 5690 3807 5753 ποιεῖν
