4086 6396
338 378 496 447 1049

1460 383 1650 450 VITA
1703 383 1808 448 SS.
1854 384 2064 448 INDIE
2116 384 2213 447 ET
2274 379 2582 451 DOMN/E.

3546 381 3707 451 1050

306 518 470 594 ὅμως
512 519 604 607 καὶ
632 510 871 596 ὑγιάζειν
898 515 1179 598 λέγονται.
1243 526 1411 579 Τοῦτο
1464 521 1667 579 ἐκεῖνοι
1700 521 1799 595 μὲν
1838 521 1955 600 ὑπὲρ

2052 538 2288 601 quoque
2323 520 2377 583 ei
2412 520 2646 585 insania
2668 521 2897 586 similes
2920 542 3094 605 ques,
3117 522 3422 589 nescimus
3451 543 3699 607 quomo-

315 610 535 665 ὲαυτῶτ
552 606 764 685 ᾔτησαν
795 608 1088 688 ὀχλήσεως
1137 607 1312 679 δήπου
1356 611 1534 677 πάσης
1584 611 1968 689 ἀπαλλαγῆναι

316 698 683 777 γλιχόμενοι·
741 700 768 754 ὁ
817 696 875 754 δὲ
926 699 1057 763 Θεὸς
1103 700 1166 755 τὸ
1212 706 1303 776 τῇ·
1332 698 1572 775 παρθένῳ
1629 698 1714 757 διὰ.
1757 702 1967 768 πολλῆς

316 788 565 868 ὑπάρχον
640 786 921 862 ἐπιθυμίας
1001 788 1250 868 χωρῆσαι
1335 791 1469 867 αὐτῇ
1551 791 1686 847 κατὰ
1742 791 1966 868 γνώμην

317 874 710 955 παρασκευάζει
741 897 752 908 ·
808 877 1098 935 ἐλάνθανον
1155 879 1274 957 γὰρ,
1317 881 1378 936 τὸ
1411 887 1505 936 τοῦ
1544 879 1732 958 λόγου,
1794 880 1963 937 ἵππον

318 968 392 1031 εἰς
423 964 605 1023 πεδίον
633 966 867 1041 ἀνέντες,
901 968 989 1023 καὶ
1048 966 1276 1047 δελφῖνα
1330 969 1447 1026 καθ’
1503 969 1711 1035 ὕδατος.
1748 970 1961 1028 Ἀκούει

317 1063 485 1112 ταῦτα
545 1060 573 1114 ὁ
623 1056 834 1137 ἄρχων,
866 1058 953 1114 καὶ
981 1056 1047 1126 δὴ
1082 1060 1168 1114 καὶ
1200 1059 1356 1123 αὐτὸς
1404 1061 1650 1128 ἀνεθῆναι
1698 1060 1798 1129 τῆς
1847 1061 1965 1138 περὶ

316 1146 483 1214 αὐτὴν
532 1144 808 1226 φροντίδος
826 1145 969 1226 ἐρῶν
996 1149 1090 1205 τὸν
1134 1148 1286 1226 ἅγιον
1317 1151 1462 1212 εὒθὺς
1494 1149 1764 1225 ³³Ανθιμον
1815 1148 1962 1230 (ἒπί-

322 1257 521 1298 σκοπος
579 1234 634 1291 δὲ
690 1235 843 1301 οὗτος
904 1236 1025 1292 τότε
1084 1236 1444 1313 Νικομηδείας
1511 1241 1646 1313 μετᾶ
1706 1239 1964 1316 Κύριλλον

314 1325 408 1400 ἧν)
449 1325 893 1398 μεταστέλλεται.
953 1325 1066 1390 ”Ος
1121 1329 1210 1384 καὶ
1259 1329 1536 1406 παρελθὼν
1570 1328 1721 1394 εὐθὺς
1753 1331 1841 1386 καὶ
1871 1329 1965 1386 ἅτε

311 1411 499 1471 λαϐὼν
552 1416 615 1471 ἐκ
667 1422 796 1473 Θεοῦ
850 1415 917 1472 τὰ
973 1415 1029 1471 ἐν
1086 1423 1247 1496 μυχῷ
1298 1416 1515 1492 καρδίας
1546 1416 1760 1498 εἰδέναι,
1806 1419 1966 1495 γινώ-

316 1525 434 1560 σκει
466 1526 523 1560 τε
553 1506 621 1561 τὰ
675 1505 813 1561 κατά
843 1506 944 1571 τὴν
973 1505 1230 1585 παρθένον
1258 1507 1337 1582 τῷ
1386 1509 1648 1583 πνεύματι
1701 1510 1786 1565 ιιαὶ
1846 1505 1969 1564 ὅσον

310 1595 450 1669 αὐτῇ
492 1601 694 1674 φρενῶν
736 1595 893 1669 βάθος
936 1597 1041 1652 ὑπὸ
1072 1595 1348 1672 πλάσματι
1403 1602 1504 1667 τῆς
1557 1599 1761 1677 μωρίας
1810 1597 1967 1675 ἐκρύ-

312 1705 511 1741 πτετο
539 1682 782 1759 συνιδὼν,
839 1686 996 1748 αὐτὸς
1055 1686 1155 1759 μὲν
1201 1693 1418 1743 σιωπῶν
1462 1689 1722 1761 εἱστήκει,
1779 1687 1876 1746 καί
1933 1689 1967 1755 ἡ

308 1772 568 1851 παρθένος
630 1774 686 1830 δὲ
745 1774 940 1849 ὁμοίως
1013 1773 1191 1833 ἰδοῦσα
1231 1789 1325 1832 τον
1367 1776 1624 1855 ἱεραρχην
1685 1775 1834 1837 οὐδὲν
1889 1775 1966 1833 ἔτι

310 1864 620 1943 παράφορον
742 1865 966 1937 μανικὸν
1008 1862 1301 1938 ἐπεδείκνυ,
1345 1863 1467 1922 ἀλλ’
1525 1865 1706 1944 ὥσπερ
1758 1865 1822 1922 οῗν
1878 1866 1967 1922 καὶ

310 1954 481 2021 αὐτὴν
532 1952 735 2010 ἐκείνου
793 1952 892 2022 τήν
935 1954 1058 2029 ὄψιν
1110 1952 1487 2021 δυσωπηθεῖσα
1527 1956 1589 2011 τὸ
1636 1956 1773 2029 μετὰ
1803 1962 1967 2011 ταῦτα

309 2044 603 2121 σωφρόνως
650 2043 779 2123 εἶχε
806 2044 895 2099 καὶ
950 2041 1242 2122 γαληνίως,
1276 2046 1348 2108 ὡς
1380 2043 1477 2101 καὶ
1506 2045 1690 2108 αὐτοὺς
1723 2043 1963 2110 ἔκπλητ-

309 2135 491 2189 τεσθαι
543 2132 666 2198 τοὺς
723 2134 991 2209 παρόντας
1058 2131 1526 2211 ἐπιλογιζομένους
1584 2134 1711 2190 ὅσον
1769 2134 1964 2212 ἴσχυσε

306 2224 401 2279 καὶ
448 2221 611 2298 μόνον
636 2219 860 2289 εὒσεϐὴς
892 2223 1067 2302 ὀφθεὶς
1111 2221 1407 2302 ὀφθαλμός,
1460 2227 1517 2282 ⁸0
1569 2224 1667 2298 μὲν
1712 2222 1803 2279 οὖν
1862 2221 1962 2300 ἄρ-

310 2335 436 2393 χων
465 2310 799 2390 παραλαϐεῖν
849 2313 940 2369 τὸν
989 2311 1277 2368 ἐπίσκοπον
1319 2313 1418 2379 τὴν
1450 2312 1704 2390 παρθένον
1764 2310 1911 2377 ἠξίου
1944 2330 1963 2349 ⁶

316 2404 409 2459 σὺν
439 2403 600 2478 ταύτῃ
645 2399 699 2456 δὲ
730 2402 937 2458 καὶτὸν
967 2399 1161 2468 ’Ἰνδην
1219 2403 1308 2458 καὶ
1363 2401 1692 2481 ἀμφοτέρους
1753 2401 1963 2478 φυλακῇ

319 2490 494 2548 δοῦναι
532 2490 815 2568 πρεπούσῃ
858 2490 1004 2568 παρά
1045 2513 1147 2547 τινι
1208 2492 1318 2547 τῶν
1376 2491 1546 2548 οἴκων
1603 2498 1712 2549 τῶν
1754 2493 1908 2570 ἱερῶν
1946 2512 1960 2525 ·

312 2583 402 2638 καὶ
458 2583 717 2661 χρήματα
760 2579 814 2636 δὲ
871 2578 1255 2658 συμπαρεδίδου
1287 2583 1353 2637 τά
1399 2602 1461 2659 γε
1506 2583 1580 2646 εἰς
1625 2581 1827 2660 τροφὴν
1874 2583 1957 2637 καὶ

306 2671 498 2751 χρείαν
539 2670 789 2744 σώματος
842 2669 1022 2730 ἱκανά.
1054 2668 1116 2728 Ὀ
1161 2669 1215 2726 δὲ
1258 2671 1476 2735 τούτους
1533 2672 1633 2745 μὲν
1688 2672 1779 2726 καὶ
1844 2669 1961 2726 λίαν

306 2759 578 2835 ἀσμένως,
624 2764 687 2819 οὗ
715 2760 822 2833 μὴν
852 2757 1061 2824 ἐδέξατο
1092 2761 1179 2817 καὶ
1220 2760 1288 2818 τὰ
1345 2762 1628 2840 χρήματα,
1660 2757 1783 2816 ἀλλ’
1816 2761 1957 2816 ὲκεί-

308 2872 390 2923 νῳ
460 2848 770 2926 ἀσκητήρίῳ
841 2849 941 2905 τινὶ
1018 2849 1369 2928 παρέπεμψεν
1422 2853 1518 2906 οὐκ
1575 2849 1718 2906 ἔστιν
1787 2849 1959 2905 εἰπεῖν

307 2940 440 2998 ὅσον
493 2937 782 3012 ἡδομένους
844 2936 935 2995 ἅτε
991 2940 1129 2996 κατὰ
1169 2945 1289 2997 νοῦν
1343 2939 1527 3005 αὒτοῖς
1585 2937 1818 3007 ἑκϐάσης
1858 2938 1954 3006 τῆς

307 3030 670 3106 μεταθέσεως.

390 3209 474 3273 ϐ’.
508 3201 604 3267 Ἠν
632 3209 689 3266 δὲ
716 3208 839 3267 τότε
891 3212 977 3268 καὶ
1023 3210 1338 3287 Μαξιμιανῷ
1387 3208 1615 3285 τρόπαια
1666 3210 1804 3266 κατὰ
1848 3211 1954 3266 τῶν

303 3300 567 3358 ἓναντίων
598 3299 998 3380 ἐξειργασμένα,
1020 3307 1116 3356 τοῦ
1147 3306 1278 3357 Θεοῦ
1301 3300 1459 3356 αύτοῦ
1492 3303 1667 3379 σοφῶς
1700 3299 1954 3379 παρανοί-

305 3391 605 3469 γοντοςτὴν
627 3392 762 3467 πρὸς
786 3412 898 3446 σωτ
908 3391 1055 3467 δρίαν
1081 3388 1225 3464 ὁδὸν,
1252 3388 1342 3445 ἵνα
1370 3388 1573 3453 οὗτινος
1591 3391 1733 3467 χειρὶ
1756 3411 1955 3461 κατορ-

302 3480 487 3537 θοῦται
517 3486 680 3536 ταῦτα
729 3481 969 3550 ζητήσας
1012 3480 1304 3558 ἐπιγνῶναι
1344 3480 1442 3545 τήν
1482 3477 1760 3548 ὀλήθειαν.
1802 3477 1954 3535 Ἀλλ’

302 3569 516 3632 ἐκεῖνος
560 3566 882 3648 τυφλωττων
914 3566 1145 3646 ἀκριϐῶς
1178 3569 1234 3625 ἐν
1265 3568 1470 3630 τούτοις
1502 3567 1777 3643 ἐπικουρίᾳ
1820 3572 1954 3625 θεῶν

303 3657 663 3736 ψευδωνύμων
713 3659 813 3726 τὴν
869 3659 1018 3726 νίκην
1062 3659 1371 3737 ἐπιγράφων
1420 3658 1510 3735 ἦν,
1557 3659 1646 3713 καὶ
1707 3665 1957 3714 τοσοῦτον

300 3749 543 3829 ἀπεῖχεν
564 3748 759 3815 ἀληθεῖ
787 3754 902 3823 Θεῷ
922 3748 1020 3816 τὴν
1045 3749 1205 3828 χάριν
1227 3745 1543 3824 ὁμολογεῖν,
1570 3745 1695 3803 ὅσον
1715 3748 1801 3804 καὶ
1831 3750 1954 3803 θεο-

303 3851 514 3918 μαχεῖν
544 3837 795 3916 ἠπείγετο
824 3841 912 3895 καὶ
941 3836 1110 3895 τᾶλλα
1139 3836 1353 3915 δεύτερα
1409 3837 1516 3899 θεὶς
1548 3836 1790 3911 εκθύμως
1819 3837 1956 3893 κατὰ

302 3933 639 4005 Χριστιανῶν
677 3927 963 4007 ἀπλίζετο,
997 3926 1183 4005 ἑορτάς
1227 3948 1285 3982 τε
1326 3937 1444 3989 τοῖς
1495 3924 1706 4000 δαίμοσι
1738 3927 1825 3982 καὶ
1855 3929 1948 3981 θ)-

301 4018 425 4081 σίας
479 4015 764 4088 ἒπιτελῶν,
811 4016 907 4074 κᾶν
937 4018 1004 4073 τὰ
1050 4020 1234 4095 πρῶτα
1274 4016 1376 4082 τὴν
1421 4015 1712 4081 ἀλωπεκῆν
1758 4012 1948 4080 ὑποδὺς

300 4106 494 4185 δώροις
537 4126 594 4162 τε
637 4106 730 4163 καί
774 4121 963 4182 τιμαῖς
1006 4106 1319 4164 ὑπεποιεῖτο
1348 4107 1408 4161 τὸ
1453 4104 1654 4172 πλῆθος
1687 4106 1773 4161 οιαὶ
1801 4104 1946 4182 ἀφα-

299 4198 398 4264 νὴς
441 4197 585 4253 εἶναι
641 4198 742 4263 τὴν
799 4198 986 4254 κακίαν
1030 4194 1309 4265 ἠϐούλετο.
1359 4194 1586 4273 Θέατρον
1639 4194 1730 4250 οὖν
1771 4194 1944 4252 πολύ-

298 4286 709 4361 ανθρωπότατον
752 4287 896 4359 αὖτῷ
936 4288 1332 4365 συνηθροίζετο,
1376 4285 1475 4341 καὶ
1527 4287 1556 4340 ὃ
1598 4285 1744 4362 ἀγὼν
1797 4284 1947 4345 οὗτος

297 4379 435 4453 πρὸς
464 4377 802 4445 Χριστιανοὺς
835 4380 894 4434 οὐ
925 4373 1092 4442 δῆλος
1122 4376 1186 4444 ἦν
1238 4373 1360 4432 κατ’
1392 4375 1515 4449 ὄψιν
1568 4376 1749 4439 αὐτοῖς
1796 4396 1946 4433 συνι-

299 4467 589 4544 στάμενος,
650 4465 789 4524 ἀλλὰ
839 4465 977 4523 πολὺ
1035 4467 1099 4522 τὸ
1155 4464 1354 4544 ἄσαφὲς
1400 4464 1549 4545 ἔχων
1602 4467 1691 4522 καὶ
1733 4462 1947 4542 δολερὸν

299 4559 392 4614 καὶ
444 4555 776 4635 κακότεχνον
811 4572 825 4587 ·
875 4554 909 4612 ἃ
954 4556 1053 4634 γὰρ
1112 4552 1312 4611 εἴδωλα
1355 4556 1421 4611 τὰ
1466 4560 1652 4636 χρυσῷ
1696 4555 1793 4627 μὲν
1834 4568 1949 4620 τοῖς

299 4646 515 4705 ἀσεϐέσι
544 4627 847 4724 τιμίθμενα,
899 4627 1120 4725 βόθυνον
1171 4649 1222 4704 δὲ
1275 4627 1546 4714 ἀπωλείας
1604 4627 1789 4711 αἰτοῖς
1847 4627 2015 4704 ἀν-Ι)

300 4739 714 4817 τιχαριζόιιενα,
760 4748 927 4797 ταῦτα
997 4737 1062 4806 δὴ
1120 4736 1187 4794 τὰ
1236 4743 1423 4817 χρυσῷ
1472 4737 1561 4792 καὶ
1618 4734 1719 4792 ὅσα
1788 4736 1950 4793 πάλιν

296 4828 528 4906 ἀργύρου
583 4829 845 4895 πεποίητο
892 4828 1171 4908 προφέρων
1214 4830 1243 4883 ὁ
1285 4823 1545 4892 δυσσεϐὴς
1603 4827 1679 4888 είς
1735 4826 1948 4903 θρόνους

294 4914 553 4994 προετίθη
597 4917 927 4994 βασιλικοὺς,
981 4919 1067 4975 καὶ
1110 4916 1413 4992 στέμμασιν
1472 4915 1784 4996 ἐστεφάνου,
1846 4915 1939 4972 καί

287 5006 451 5073 τέλος
505 5009 727 5085 ταύρους
804 5009 991 5071 αὐτοὺς
1065 5007 1340 5065 καταθύων
1413 5004 1825 5083 περιῤῥαντίζειν
1875 5007 1942 5062 τὰ

289 5097 485 5167 πλήθη
538 5111 658 5162 τοῖς
711 5110 926 5175 μιαροῖς
960 5094 1277 5155 ἐπέτταττεν
1326 5098 1517 5173 ἱερεῦσι
1568 5096 1764 5171 βοηθοῦ
1804 5117 1940 5173 τυγ-

286 5188 481 5268 χάνων
525 5188 738 5244 καὶτοῦ
791 5195 997 5262 καιροῦ.
1053 5188 1149 5245 Καὶ
1184 5187 1288 5263 γὰρ
1343 5185 1479 5254 ἦσαν
1521 5186 1642 5241 τότε
1684 5197 1936 5263 τερπνοῖς

290 5277 592 5349 ἆνούσμασι
642 5284 737 5332 τοῦ
801 5276 1016 5354 θεάτρου
1088 5276 1545 5356 προσ-κεχηνότες.
1606 5272 1772 5333 ’Ὅσοι
1845 5274 1944 5350 μὲν

289 5367 385 5423 οὖν
436 5365 572 5434 ἦσαν
601 5363 865 5446 ἀσφαλεῖς
896 5368 997 5433 τὴν
1028 5363 1298 5422 εὐσέϐειαν
1341 5367 1429 5422 καὶ
1488 5368 1555 5420 τα
1612 5366 1943 5442 Χριστιανῶν

289 5456 487 5519 αὐτοῖς
543 5458 603 5513 οὒ
646 5455 812 5530 μόνον
854 5463 961 5512 τῶν
1021 5455 1321 5534 ὀνομάτων,
1383 5452 1521 5511 ἀλλὰ
1559 5452 1655 5510 καί
1700 5456 1775 5518 εἷς
1805 5476 1943 5534 καρ-

285 5542 406 5601 δίαν
455 5541 783 5620 ἐνδεδυκότα,
837 5544 984 5602 οὗτοι
1034 5545 1371 5625 φωράσαντες
1413 5544 1475 5600 τὸ
1532 5544 1812 5625 γινόμενον
1857 5545 1943 5600 καὶ

373 5719 465 5801 (3)
494 5718 710 5785 Baros.
746 5717 820 5783 ad
850 5736 949 5783 an.
983 5716 1121 5789 30!.

2053 610 2127 671 do
2157 610 2441 672 dicuntur
2460 630 2701 686 sanare,
2754 622 2812 676 et
2846 614 3040 678 facere
3071 622 3135 677 ut
3176 617 3298 679 sint
3327 632 3492 678 sanae
3525 633 3700 677 meu-

2051 698 2147 786 tis.
2180 697 2306 762 Hoc
2335 702 2422 763 illi
2456 702 2707 783 quidem
2766 722 2870 783 pro
2918 723 2985 767 se
3032 705 3357 786 petierunt,
3389 705 3704 786 cupientes

2049 781 2290 850 liberari
2325 791 2397 852 ab
2430 781 2597 852 omni
2634 781 2950 873 molestia;
2982 781 3141 857 Deus
3170 805 3365 856 autem
3406 781 3488 867 id,
3543 793 3702 873 quod

2052 877 2214 954 virgo
2257 878 2531 960 impense
2564 881 2862 963 cupiebat,
2908 883 3045 945 facit
3093 893 3155 944 ut
3204 885 3258 945 ei
3306 884 3589 945 succedat
3629 901 3701 944 ex

2047 967 2139 1027 sui
2174 969 2361 1030 animi
2392 971 2711 1032 sententia.
2742 972 3100 1035 Nesciebant
3132 974 3291 1034 enim
3325 991 3411 1039 se.
3450 981 3512 1035 ut
3541 971 3699 1034 dici-

2049 1065 2172 1132 tur,
2207 1076 2426 1139 equum
2456 1060 2519 1121 in
2549 1078 2824 1141 campum
2854 1063 3204 1139 immittere,
3252 1073 3311 1125 et
3340 1061 3694 1143 delphinum

2045 1144 2110 1207 in
2139 1165 2373 1227 aquam.
2408 1149 2591 1211 Audit
2619 1151 2744 1213 haec
2777 1152 3116 1231 praefectus,
3170 1162 3232 1216 et
3276 1153 3524 1235 cupiens
3558 1151 3692 1232 ipse

2049 1254 2285 1316 quoque
2315 1236 2557 1299 liberari
2588 1240 2700 1302 hac
2722 1241 2854 1320 ejus
2883 1260 3053 1313 cura,
3070 1243 3262 1304 statim
3287 1249 3558 1304 sanctum
3578 1244 3699 1303 An-

2051 1325 2303 1387 thimum
2328 1327 2484 1402 (erat
2505 1337 2702 1390 autem
2720 1330 2817 1391 hic
2839 1336 2980 1394 tunc
3004 1332 3366 1395 Nicomediae
3381 1332 3699 1412 episcopus

2052 1414 2504 1495 postCyrillum)
2523 1419 2797 1480 accersit.
2819 1419 3080 1493 Quicum
3103 1421 3305 1483 statim
3319 1420 3694 1499 accessisset,

2051 1512 2111 1565 et
2141 1512 2230 1584 ut,
2264 1505 2369 1581 qui
2398 1524 2429 1568 a
2463 1505 2585 1569 Deo
2633 1508 2967 1589 accepisset
3016 1511 3289 1574 notitiam
3325 1530 3531 1573 eorum
3569 1528 3698 1590 qua

2051 1601 2221 1655 erant
2267 1593 2330 1656 in
2384 1595 2683 1675 profundo
2732 1598 2958 1671 cordis,
3010 1601 3224 1678 spiritu
3275 1599 3583 1677 cognoscit
3623 1598 3700 1661 de

2050 1684 2306 1764 virgine;
2339 1696 2398 1748 et
2423 1706 2583 1762 cum,
2614 1709 2792 1769 quam
2826 1690 3120 1769 profunda
3150 1691 3441 1771 sapientia
3468 1693 3579 1753 sub
3608 1693 3698 1752 si-

2051 1775 2379 1863 mulatione
2407 1778 2674 1841 stultitim
2706 1779 2939 1860 lateret,
2974 1780 3388 1855 intellexisset,
3418 1785 3544 1858 ipse
3564 1781 3699 1863 qui-

1994 1898 2028 1947 Β
2051 1862 2188 1925 dem
2215 1872 2418 1928 tacens
2449 1868 2715 1930 constitit
2742 1891 2757 1945 ;
2790 1871 2952 1949 virgo
2981 1889 3118 1934 vero
3150 1890 3284 1933 cum
3307 1862 3699 1932 similiter-ivi-

2051 1952 2240 2016 disset
2271 1955 2645 2033 pontiﬁcem,
2680 1959 2910 2021 nullum
2937 1961 3192 2040 amplius
3223 1979 3343 2040 prae
3371 1979 3438 2022 se
3466 1959 3696 2024 ferebat

2050 2040 2315 2105 furorem
2339 2054 2439 2106 aut
2459 2048 2920 2122 amentiam,sed
2950 2050 3203 2130 perinde
3224 2069 3293 2112 ac
3318 2050 3510 2131 ipsum
3535 2050 3698 2112 illius

2046 2141 2352 2212 aspectum
2380 2136 2659 2206 reverita.
2686 2155 2752 2199 se
2776 2139 3080 2201 moderate
3099 2138 3414 2219 gerebatet
3439 2138 3693 2220 placide,

2046 2221 2197 2284 adeo
2220 2231 2286 2285 ut
2313 2223 2426 2304 ipsi
2461 2227 2568 2306 qui
2593 2227 2846 2290 aderant
2872 2237 3209 2308 stuperent,
3242 2230 3694 2293 considerantes

2047 2324 2330 2392 quantam
2368 2315 2480 2376 vim
2523 2316 2736 2379 habeat
2789 2319 2880 2381 vel
2928 2320 3119 2381 solum
3170 2328 3525 2400 conspectus
3562 2319 3695 2400 pius

2049 2402 2277 2464 oculus.
2338 2403 2664 2468 Praefectus
2715 2426 2856 2486 ergo
2912 2414 3150 2489 rogavit
3205 2411 3581 2490 episcopum,
3631 2415 3695 2470 ut

2044 2503 2373 2554 assumeret
2410 2494 2725 2573 virginem,
2763 2517 2898 2560 cum
2931 2518 3000 2561 ea
3042 2507 3241 2562 autem
3274 2498 3451 2561 etiam
3484 2498 3691 2561 Indem

2046 2588 2105 2642 et
2134 2590 2195 2643 ut
2227 2600 2330 2645 eos
2358 2583 2418 2644 in
2454 2604 2625 2648 sacra
2670 2589 2872 2668 aliqua
2920 2588 3051 2651 {ede
3082 2589 3345 2651 traderet
3368 2590 3450 2650 in
3481 2597 3687 2650 custo-

2045 2670 2209 2760 diam
2229 2672 2556 2736 honestam.
2600 2673 2789 2738 Simul
2822 2678 2999 2741 etiam
3034 2678 3199 2741 dedit
3231 2680 3534 2758 pecunias,
3558 2698 3690 2760 qua:

2041 2759 2117 2820 ad
2138 2759 2486 2825 alimentum
2510 2765 2860 2829 sufﬁcerent
2882 2777 2942 2830 et
2968 2787 3109 2829 usus
3132 2768 3401 2847 corporis
3418 2759 3694 2831 necessa-

2041 2849 2182 2914 rios.
2202 2849 2517 2915 Illeautem
2538 2853 2644 2915 hos
2669 2856 2912 2935 quidem
2933 2856 3099 2918 valde
3120 2857 3380 2920 libenter
3402 2859 3686 2938 suscepit,

2040 2939 2145 3000 sed
2180 2959 2295 3002 non
2326 2942 2504 3003 etiam
2538 2946 2848 3024 pecunias.
2887 2945 2999 3007 Eos
3030 2965 3169 3009 vero
3199 2947 3359 3009 misit
3388 2948 3462 3009 ad
3493 2946 3688 3028 quod-

2039 3029 2175 3092 dam
2220 3034 2679 3107 monasterium,
2708 3034 2825 3096 dici
2858 3054 2976 3097 non
3019 3044 3231 3116 potest,
3268 3044 3550 3117 quantum
3582 3038 3688 3099 lte-

2039 3124 2252 3192 tantes,
2269 3122 2423 3200 quod
2448 3125 2832 3186 successisset
2853 3127 2938 3186 eis
2960 3136 3218 3205 emptum
3244 3144 3314 3188 ex
3361 3127 3685 3191 sententia.

2120 3210 2357 3271 lXJam
2377 3219 2577 3272 autem
2597 3214 2956 3276 Maximiano
2981 3224 3122 3276 tunc
3145 3222 3349 3278 erecta
3368 3224 3538 3278 erant
3557 3224 3687 3278 tro-

2043 3316 2166 3377 paea
2188 3300 2475 3361 adversus
2505 3301 2783 3364 inimicos
2821 3302 2925 3383 (3),
2961 3303 3083 3366 Deo
3116 3304 3172 3366 ei
3200 3306 3504 3383 sapienter
3533 3305 3685 3368 viam

2036 3388 2347 3468 aperiente
2373 3389 2448 3452 ad
2496 3391 2775 3464 salutem,
2812 3401 2877 3454 ut
2905 3412 3039 3455 cum
3084 3395 3442 3474 quaesiisset,
3476 3395 3684 3475 cujus-

2038 3499 2174 3541 nam
2214 3500 2391 3543 manu
2422 3484 2548 3545 haec
2579 3492 2742 3547 recte
2762 3495 3142 3561 gererentur,
3164 3497 3521 3561 agnosceret
3543 3489 3690 3550 veri-

2039 3579 2242 3632 tatem.
2277 3570 2393 3634 Sed
2446 3573 2547 3634 ille
2594 3577 2653 3635 in
2704 3575 2799 3636 his
2839 3576 3012 3654 plane
3056 3578 3400 3650 cmcutiens,
3428 3578 3683 3645 deorum

2039 3659 2142 3740 qui
2172 3661 2319 3723 falso
2341 3662 2643 3736 dicuntur,
2669 3665 2889 3726 auxilio
2912 3666 3250 3729 ascribebat
3273 3667 3599 3739 victoriam,
3626 3677 3686 3730 et

2041 3756 2265 3811 tantum
2318 3750 2547 3824 aberat,
2596 3761 2658 3813 ut
2712 3771 2850 3814 vero
2902 3757 3026 3818 Deo
3074 3764 3277 3834 ageret
3323 3754 3565 3832 gratias,
3621 3765 3684 3818 ut

2039 3837 2216 3899 etiam
2254 3848 2604 3917 properaret
2641 3841 2930 3905 adversus
2960 3845 3149 3905 Deum
3182 3842 3406 3905 bellum
3436 3862 3680 3921 gerere;

2038 3935 2092 3987 et
2107 3928 2243 3989 aliis
2264 3929 2635 4008 postpositis,
2664 3931 2788 3991 acri
2811 3930 3014 3993 animo
3035 3931 3378 3995 armabatur
3397 3933 3682 3996 adversus

2032 4016 2425 4086 Christianos,
2459 4018 2832 4079 daemonibus
2864 4019 3009 4081 festa
3039 4039 3328 4101 peragens
3357 4030 3418 4082 et
3442 4022 3680 4083 sacriﬁ-

2033 4105 2146 4179 cia,
2172 4105 2408 4167 etiamsi
2430 4107 2620 4186 primo
2643 4108 2945 4185 vulpinam
2973 4110 3185 4188 pellem
3214 4110 3495 4185 induens,
3513 4112 3684 4174 donis

2033 4204 2092 4256 et
2115 4195 2444 4258 honoribus
2466 4197 2618 4259 clam
2643 4216 2709 4258 se
2730 4198 3072 4261 insinuabat
3092 4199 3153 4260 in
3177 4200 3380 4280 populi
3414 4201 3681 4263 benevo-

2034 4284 2302 4358 lentiam,
2329 4294 2388 4347 et
2417 4304 2584 4348 suam
2617 4304 2750 4349 esse
2780 4295 3005 4348 rectam
3049 4289 3283 4350 volebat
3325 4290 3680 4368 improbita-

2033 4383 2175 4436 tem.
2212 4374 2537 4438 Theatrum
2570 4376 2772 4456 itaque
2795 4377 3349 4456 frequentissimum
3372 4378 3445 4440 ab
3470 4398 3542 4440 eo
3573 4379 3683 4440 fuit

2033 4473 2479 4545 congregatum.
2510 4468 2642 4528 Non
2669 4475 2880 4546 aperte
2902 4476 3096 4528 autem
3122 4466 3546 4529 ostendebatur
3569 4469 3680 4531 hoc

2034 4562 2339 4616 certamen
2394 4556 2730 4635 comparari
2780 4556 3073 4619 adversus
3118 4556 3514 4632 Christianos,
3574 4558 3681 4619 sed

2035 4643 2314 4717 obscure,
2346 4645 2553 4708 dolose
2585 4654 2641 4707 et
2678 4645 2972 4708 malitiose
3009 4647 3431 4709 instruebatur.
3474 4647 3679 4710 Simus

2035 4733 2193 4796 lacra
2212 4734 2396 4808 enim,
2424 4753 2555 4816 quae
2579 4752 2723 4797 auro
2745 4734 2987 4815 quidem
3007 4737 3456 4799 houerahantur
3474 4737 3549 4798 ab
3574 4737 3683 4798 im-

2035 4825 2167 4904 piis;
2203 4824 2419 4886 fossam
2453 4841 2590 4886 vero
2620 4823 2900 4887 interitus
2926 4825 3012 4887 eis
3042 4825 3298 4888 vicissim
3335 4824 3679 4905 largieban-

2034 4922 2146 4987 tur,
2188 4914 2340 4983 haec.
2376 4914 2643 4993 inquam,
2703 4931 2912 4988 aurea,
2973 4924 3031 4976 et
3089 4933 3221 4996 quae
3269 4933 3481 4976 rursus
3529 4917 3680 4978 facta

2021 5004 2258 5065 fuerant
2308 5020 2378 5065 ex
2425 5010 2697 5081 argento,
2738 5003 3081 5081 producens
3112 5002 3351 5082 impius,
3388 5006 3588 5085 posuit
3615 5007 3678 5067 in

2021 5092 2165 5155 sede
2199 5093 2412 5172 regali,
2447 5101 2503 5154 et
2555 5094 2795 5155 coronis
2843 5092 3105 5155 redimiit
3139 5114 3155 5169 ;
3214 5102 3271 5154 et
3319 5094 3559 5157 tandem
3590 5095 3715 5158 eis.

2025 5192 2231 5246 tauros
2259 5184 2628 5256 sacriﬁcans,
2650 5182 2831 5262 jussit
2852 5185 3236 5246 exsecraudis
3266 5185 3677 5249 sacerdotibus

2023 5291 2344 5352 aspergere
2376 5273 2686 5354 populum,
2724 5273 3011 5354 temporis
3041 5292 3285 5354 quoque
3306 5292 3377 5337 ea
3407 5292 3473 5337 re
3500 5283 3676 5337 utens

2024 5364 2267 5426 auxilio.
2292 5365 2458 5426 Tunc
2493 5363 2653 5424 enim
2685 5380 2789 5423 ore
2819 5363 3011 5426 hianti
3040 5362 3430 5427 attendebaut
3445 5366 3673 5445 jucun—

2024 5452 2100 5514 da
2131 5453 2342 5515 theatri
2373 5459 2732 5515 acroamata.
2786 5450 3141 5535 Quicunque
3188 5472 3327 5533 ergo
3359 5454 3422 5515 in
3455 5454 3677 5535 pietate

2024 5541 2265 5636 quidem
2299 5550 2468 5605 erant
2499 5541 2656 5604 firmi
2689 5549 2748 5604 et
2773 5543 3046 5626 stabiles,
3076 5551 3408 5637 etquorum
3436 5544 3672 5614 animos
