4086 6408
479 373 624 444 1051
1635 375 2023 441 ADDENDA.

2254 375 2688 440 DEGEMBER.
3700 378 3861 447 1052

466 509 678 592 religio
710 507 1044 576 Christiana
1094 528 1212 572 non
1261 509 1453 572 solum
1503 526 1692 590 usque
1720 508 1794 571 ad
1840 507 2090 570 nomina

2205 507 2342 584 μηδὲ
2375 510 2538 570 αὐτὴν
2568 509 2666 577 τὴν
2720 509 2902 590 ὅρασιν
2953 508 3264 589 ὶνεγκόντες
3322 508 3538 595 ᾤχοντο
3591 521 3688 574 τοῦ
3723 516 3859 574 θεά-

467 602 572 665 sed
607 601 784 665 etiam
816 604 888 665 ad
920 620 1024 666 cor
1065 619 1250 681 usque
1299 608 1737 679 penetraverat;
1783 598 1847 675 ii,
1883 617 2016 660 cum
2053 599 2098 659 ἰ(

2200 601 2344 677 τροῦ,
2403 600 2465 656 τὸ
2508 599 2712 656 ἔαυτῶν
2741 600 2880 675 αἶ’μα
2910 598 3088 659 δοῦναι
3124 600 3331 676 μᾶλλον
3362 603 3398 672 ἣ
3430 603 3626 680 α’ίμασι
3659 605 3859 665 πολυν-

467 693 625 773 quod
659 694 860 768 ﬁebat,
894 691 1460 773 deprehendissent,
1486 702 1544 752 et
1575 711 1688 754 nec
1709 692 1839 772 ejus
1869 691 2098 772 quiderm

2199 693 2353 758 θῆναι
2396 691 2654 752 τοιούτοις
2713 689 2941 769 εὐγενῶς
2989 691 3364 769 προελόμενοι,
3429 691 3628 758 ’Ὅσοις
3661 695 3719 752 δὲ
3777 699 3856 766 ἦ-

466 792 850 864 conspectum
867 783 1022 845 ferre
1039 783 1392 862 potuissent,
1411 801 1444 844 a
1467 782 1697 846 theatro
1711 789 2098 843 recesserunt

2198 778 2324 848 δονὴ
2368 782 2457 836 καὶ
2509 779 2686 844 ἄνεσις
2733 782 2850 860 περὶ
2906 779 3152 847 πλείονος
3195 786 3284 852 ἦν,
3333 783 3479 842 οὗτοι
3529 786 3618 843 καὶ
3671 787 3858 866 ψυχὰς

465 892 635 934 suum
687 874 881 953 potius
928 873 1277 952 sanguinem
1341 872 1728 951 profundere,
1785 889 1961 948 quam
2017 871 2092 932 tal

2198 868 2511 949 ἐχραίνοντο
2568 871 2653 927 καὶ
2708 871 2775 926 τὰ
2822 870 3046 944 σώματα
3097 872 3474 949 μετριοττίτης,
3511 873 3709 951 οἷ’μοιί
3744 881 3857 950 ψυ-

463 962 752 1041 sanguine
777 961 985 1042 pollui,
1013 961 1298 1042 praeclare
1326 962 1639 1042 eligentes.
1666 961 1895 1034 Quibus
1915 969 2098 1022 auten

2196 959 2478 1039 χαγωγίας
2535 959 2833 1037 βαρυτάτας
2899 959 3106 1017 ἐκεῖθεν
3168 961 3263 1024 τάς
3313 964 3573 1043 τιμωρίας
3631 965 3856 1028 ἑαυτοῖς

467 1052 656 1130 pluris
685 1053 864 1114 ﬁebat
898 1052 1164 1132 voluptas
1195 1061 1255 1114 et
1295 1057 1614 1124 recreatio,
1650 1051 1728 1114 iis
1758 1049 2098 1130 pollueban-

2197 1071 2306 1124 ταμ
2317 1049 2588 1114 ιεύσαντες
2601 1093 2613 1107 .

467 1150 560 1202 tur
617 1141 831 1204 animae
887 1150 945 1204 et
1002 1161 1279 1223 corpora,
1345 1160 1415 1204 ex
1477 1141 1736 1216 modica,
1772 1141 1921 1222 proh
1979 1140 2172 1215 dolor,
2232 1136 2630 1200 delectatione
2684 1136 2800 1201 sibi
2860 1138 3208 1218 gravissima
3247 1139 3645 1206 recondentes
3701 1161 3858 1225 sup-

464 1231 662 1311 plicia.

543 1324 620 1386 X.
646 1319 767 1383 Sed
789 1322 951 1382 enim
973 1319 1389 1395 Maximianus,
1410 1321 1514 1398 qui
1533 1329 1653 1383 toto
1679 1319 1862 1382 animi
1890 1322 2098 1400 impett

2279 1317 2349 1383 I'.
2383 1317 2552 1376 Ἀλλᾶ
2583 1319 2682 1397 γὰρ
2717 1321 2744 1375 ὁ
2774 1318 2940 1384 πολὺς
2971 1323 3122 1384 οὗτος
3153 1322 3240 1379 καὶ
3287 1323 3553 1398 πρόθυμος
3581 1324 3681 1392 τὴν
3713 1324 3852 1382 ἀσέ-

461 1411 766 1472 ferebatur
809 1411 882 1472 ad
937 1410 1336 1491 impietatem,
1374 1431 1491 1473 non
1543 1411 1800 1492 amplius
1832 1412 2098 1473 latenter.

2197 1408 2344 1465 ϐειαν
2401 1407 2728 1484 Μαξιμιανὸς
2776 1408 2952 1468 οὐκέτι
3002 1409 3285 1489 λαθραίως,
3341 1411 3479 1469 ἀλλὰ
3535 1415 3622 1469 καὶ
3678 1436 3852 1494 φανε-

464 1501 568 1560 sed
602 1509 805 1581 aperte
835 1503 1042 1561 volens
1068 1519 1131 1562 se
1155 1499 1337 1579 impie
1359 1519 1592 1579 gerere,
1624 1501 1734 1561 hos
1759 1499 1966 1562 habuit
1986 1517 2098 1561 ser-

2195 1505 2298 1577 ρῶς
2354 1497 2568 1554 ἀσεϐεῖν
2620 1497 2969 1578 βουλόμενος,
3021 1499 3212 1578 λόγους
3272 1505 3472 1568 καθῆκε
3535 1504 3668 1579 πρὸς
3722 1505 3851 1569 τοὺς

464 1607 675 1650 mones
696 1589 850 1668 apud
880 1589 1124 1670 eos,qui
1149 1599 1317 1652 erant
1338 1591 1697 1668 congregati,
1732 1590 1835 1670 qui
1865 1587 2098 1669 quidem

2194 1587 2649 1666 συνειλεγμένους,
2714 1588 2966 1669 χαλεπῆς
3051 1589 3184 1657 ὅσης
3265 1591 3559 1663 ἀπάξοντας
3633 1592 3846 1672 ἀθεΐας,

459 1679 866 1756 gravissimam
902 1678 1251 1741 redolebant
1284 1680 1655 1759 impietatem
1693 1701 1706 1742 :
1743 1678 1871 1750 Quo
1904 1677 2098 1750 abitis,

2196 1685 2320 1753 Ποῖ,
2382 1677 2576 1758 λέγων,
2625 1677 2863 1757 φέρεσθε,
2911 1679 3196 1756 ἄνθρωποι,
3244 1682 3306 1737 τὸ
3350 1681 3539 1747 σκότος
3590 1689 3686 1739 τοῦ
3723 1704 3848 1761 φω-

462 1768 692 1843 dicens,
723 1789 755 1828 ο
787 1768 1085 1842 homines,
1117 1768 1238 1830 luci
1270 1767 1550 1830 tenebras
1601 1768 2012 1848 praeferentes,
2047 1776 2098 1828 et

2189 1770 2280 1831 τὸς
2317 1773 2681 1846 προτιμῶντες
2735 1769 2820 1823 καὶ
2866 1769 2944 1843 μὴ
2984 1770 3134 1830 θεοὺς
3183 1770 3324 1827 εἶναι
3385 1773 3712 1845 νομίζοντες,
3770 1772 3849 1828 ῶν

461 1875 578 1916 non
609 1857 754 1918 deos
785 1874 918 1918 esse
973 1866 1266 1936 putantes,
1309 1877 1342 1919 a
1384 1856 1600 1938 quibus
1650 1856 1950 1937 dependet
1996 1857 2098 1917 hoc

2190 1855 2308 1913 τόδε
2352 1859 2414 1914 τὸ
2457 1864 2561 1914 πᾶν
2607 1856 2890 1933 ἐξήρτηται
2927 1877 2943 1937 ς
2993 1860 3109 1939 Οὒχ
3153 1861 3308 1926 ὁρᾶτε
3368 1861 3514 1924 νίκας
3567 1862 3656 1918 καὶ
3713 1860 3847 1938 τρό-

459 1946 805 2007 universum
829 1952 856 2008 ?
906 1945 1032 2008 Non
1083 1946 1294 2008 videtis
1321 1948 1603 2009 victorias
1630 1956 1688 2009 et
1719 1955 1938 2025 tropaea
1974 1946 2056 2026 (4)
2083 1944 2108 2008 ?

457 2034 586 2096 Non
617 2035 830 2097 videtis
869 2035 1024 2098 bona
1057 2037 1312 2117 plurima
1341 2056 1473 2118 quae
1504 2037 1676 2098 bonis
1715 2036 2102 2116 adjiciuntur,

458 2135 513 2186 et
547 2125 1058 2206 quemadmodum
1093 2146 1224 2207 quae
1253 2139 1416 2202 sunt,
1450 2135 1610 2188 recte
1636 2126 1879 2207 quidem
1904 2145 1969 2187 se
1999 2125 2107 2186 ha-~

457 2213 623 2294 bent,
651 2224 711 2276 et
741 2224 882 2279 sunt
909 2215 969 2277 in
1006 2224 1157 2292 tuto,
1190 2218 1306 2279 alia
1335 2236 1474 2278 vero
1506 2217 1794 2280 accedunt
1817 2214 2104 2296 quotidie,

457 2312 516 2365 et
547 2323 796 2385 quorum
838 2326 956 2366 non
991 2325 1228 2368 eramus
1260 2309 1426 2388 prius
1468 2307 1721 2380 domini,
1757 2307 1813 2366 in
1849 2324 1917 2367 ea
1948 2324 2108 2366 nunc

458 2393 832 2456 dominatum
867 2395 1257 2459 obtinemus?
1290 2396 1418 2458 Non
1450 2395 1724 2476 gloriam,
1759 2414 1891 2476 quae
1919 2413 2104 2473 auge-

459 2490 585 2547 tur?
617 2502 735 2546 non
770 2484 1112 2565 imperium,
1143 2488 1301 2563 quod
1326 2487 1637 2549 dilatatur?
1660 2485 1787 2547 Non
1814 2485 2099 2560 civitates,

456 2593 589 2653 qum
649 2575 861 2655 partim
924 2575 1171 2652 quidem
1240 2586 1373 2638 sunt
1450 2576 1809 2651 tributariae,
1892 2575 2102 2655 partim

451 2674 653 2725 autem
685 2673 822 2726 sunt
854 2664 1067 2727 futurae
1096 2687 1112 2743 ;
1161 2675 1218 2726 et
1251 2667 1464 2746 partim
1504 2667 1742 2746 quidem
1769 2667 1887 2743 jam
1920 2674 2108 2744 captae

453 2763 613 2828 sunt,
649 2753 866 2836 partim
920 2773 1058 2817 vero
1103 2765 1241 2817 sunt
1291 2755 1538 2838 jamjam
1590 2755 1947 2836 capiendae?
1979 2756 2103 2814 Non

454 2844 721 2919 gentium
751 2863 947 2924 reges,
983 2845 1087 2926 qui
1117 2854 1254 2908 sunt
1283 2845 1538 2923 reputati
1587 2865 1692 2924 pro
1744 2843 2106 2924 mancipiis?

2192 1949 2312 2004 πεία
2343 1966 2359 2028 ς
2395 1950 2500 2027 οὐχ
2537 1948 2692 2024 ὁρᾶτε
2725 1945 2929 2014 πλῆθος
2986 1947 3196 2024 ἀγαθῶν
3237 1948 3327 2006 ἐπ’
3359 1949 3584 2028 ἀγαθοῖς
3617 1973 3849 2027 προστι-

2190 2035 2431 2111 θέμενον,
2466 2035 2558 2092 καί
2595 2034 2740 2100 ὅπως
2775 2038 2836 2092 τὰ
2868 2035 2966 2111 μὲν
2999 2037 3127 2093 ὄντα
3184 2037 3366 2101 καλῶς
3399 2039 3516 2119 ἔχει
3549 2042 3638 2097 καὶ
3666 2040 3849 2121 ἀσφα-

2191 2125 2322 2198 λῶς,
2383 2126 2449 2182 τὰ
2501 2123 2557 2181 δὲ
2621 2125 2957 2204 προσγίνεται
3013 2127 3131 2183 καθ’
3195 2127 3450 2201 ἑκάστην,
3511 2130 3598 2186 καὶ
3653 2129 3729 2186 ῶν
3786 2134 3850 2191 οὗ

2191 2219 2446 2294 πρότερον
2476 2216 2614 2289 ἦμεν
2643 2216 2836 2290 κύριοι,
2895 2215 3224 2291 δεσπόζομεν
3278 2225 3367 2276 νῦν
3407 2237 3424 2293 ;
3467 2221 3530 2276 οὖ
3563 2218 3664 2288 τήν
3696 2217 3854 2288 δόξαν

2190 2305 2601 2382 αὒξανομένηνς
2663 2309 2724 2363 οὖ
2786 2306 2886 2373 τὴν
2971 2305 3244 2382 βασιλείαν
3308 2309 3710 2390 εὐρυνομένηνς
3786 2313 3848 2368 οὗ

2189 2393 2397 2475 πόλεις,
2429 2396 2524 2460 τὰς
2571 2395 2668 2471 μὲν
2697 2395 2996 2472 ὑποφόρους
3027 2394 3211 2469 οὔσας,
3246 2398 3341 2461 τὰς
3382 2395 3438 2454 δὲ
3482 2397 3788 2472 μελλούσας
3821 2420 3838 2481 ;

2189 2487 2278 2542 καὶ
2332 2486 2428 2548 τὰς
2487 2486 2586 2560 μὲν
2631 2485 2921 2550 ἑαλωκυίας
2971 2482 3101 2556 ἢδη,
3160 2487 3255 2551 τὰς
3311 2484 3366 2542 δὲ
3411 2489 3498 2544 καὶ
3529 2486 3653 2544 ὅσον
3695 2488 3846 2546 οῧπω

2189 2573 2654 2655 ληφθησομένας;
2720 2575 2814 2630 οὐκ
2872 2574 3035 2631 ἐθνῶν
3089 2576 3336 2651 βασιλεῖς
3388 2575 3442 2633 ἐν
3501 2575 3845 2656 ἀνδραπόδων

2189 2665 2344 2742 μοίρᾳ
2398 2663 2828 2742 λογιζομένουςς
2885 2664 2944 2720 οὒ
3005 2667 3176 2721 πάντα
3233 2667 3370 2723 κατὰ
3412 2667 3637 2745 γνώμην
3699 2670 3840 2742 ἡμῖν

2187 2753 2505 2828 ἀνυόμενας
2574 2755 2737 2812 Τίνων
2812 2751 2912 2831 ἄρα
2977 2755 3196 2830 προνοίᾳ
3253 2770 3576 2836 παραχωρεῖ
3647 2758 3838 2838 ταῦτα,

2187 2843 2527 2900 πεισάτωσαν
2583 2844 2719 2916 ὑμᾶς
2779 2845 2916 2921 ὁρῶν
2973 2845 3244 2920 εὖκρασίαι
3271 2893 3287 2925 ,
3349 2844 3564 2924 ὄμϐρων
3628 2869 3842 2924 συμμε-

451 2932 581 2994 Non
634 2934 856 3010 omnia,
906 2954 1041 3012 quas
1091 2937 1375 2997 eveniunt
1434 2935 1606 2996 nobis
1659 2953 1729 2995 ex
1761 2931 2098 2996 sententia?

2191 2935 2353 3014 τρίαι,
2383 2936 2600 3011 καρπῶν
2649 2934 2906 3012 εὔφορίαι,
2954 2932 3158 3008 μᾶλλον
3190 2932 3246 2990 δὲ
3301 2937 3330 2991 ὁ
3373 2936 3584 3010 σύμπας
3641 2938 3839 3018 χρόνος

451 3025 774 3103 Cujusnam
809 3044 949 3105 ergo
973 3027 1100 3090 haec
1122 3027 1473 3106 contingunt
1495 3024 1864 3104 providentia
1884 3021 2098 3084 ?Vobit

2195 3029 2546 3102 καρποφορῶν
2575 3024 2664 3078 καὶ
2693 3023 2865 3079 πάντα
2897 3025 3027 3098 πρὸς
3059 3024 3297 3089 εὐθηνίαν
3327 3023 3616 3102 βλέποντα,

453 3114 819 3193 persuadent
865 3125 1196 3195 temporum
1233 3115 1723 3194 temperationes,
1762 3113 2081 3175 moderatae
2114 3111 2347 3193 pluviae,
2381 3112 2684 3172 fructuum
2748 3110 3078 3174 fertilitates
3113 3131 3129 3190 ;
3165 3111 3284 3174 imo
3315 3129 3460 3177 vero
3491 3115 3831 3178 universum

456 3209 691 3282 tempus
720 3203 948 3266 fructus
980 3205 1335 3283 producens,
1372 3213 1429 3265 et
1459 3203 1784 3283 spectantia
1815 3202 2015 3263 omnia
2047 3201 2120 3262 ad
2150 3200 2605 3264 abundantiam.

533 3292 633 3357 ΧΙ.
680 3295 828 3353 Cum
873 3293 974 3354 ille
1021 3294 1265 3374 copiosa
1310 3293 1512 3372 lingua
1535 3294 1621 3354 sic
1657 3297 2022 3372 loqueretur,
2049 3300 2098 3352 et

2275 3290 2364 3349 IA'
2379 3335 2391 3351 .
2429 3291 2608 3354 οὕτως
2653 3289 2852 3348 ἐκείνου
2907 3290 3126 3368 γλώσσῃ
3179 3299 3401 3371 περιττῇ
3452 3294 3839 3376 φθεγγομένου,

450 3383 546 3455 iis,
573 3381 674 3462 qui
696 3400 814 3442 non
846 3392 1008 3462 sunt,
1032 3401 1105 3443 ea
1131 3401 1262 3462 quas
1315 3391 1452 3444 sunt
1483 3383 1626 3443 falso
1659 3381 2013 3454 ascriberet,
2045 3388 2098 3442 et

2188 3382 2277 3437 καὶ
2329 3393 2448 3438 τοῖς
2494 3381 2572 3455 μὴ
2617 3380 2730 3437 οὖσι
2777 3382 2839 3437 τὰ
2891 3379 3016 3437 ὄντα
3071 3380 3273 3457 ψευδῶς
3320 3382 3729 3460 ἐπιγράφοντος,
3762 3385 3844 3444 ἔτι

455 3471 570 3530 alia
600 3469 794 3532 adhuc
827 3471 1005 3533 vellet
1035 3481 1376 3544 contexere,
1423 3491 1544 3533 non
1590 3471 1865 3552 permisit
1889 3489 1955 3531 ex
1985 3469 2101 3531 alto

448 3562 501 3623 is
531 3562 709 3641 cujus
741 3571 878 3622 sunt
918 3562 1146 3640 judicia
1176 3581 1311 3624 vera
1336 3563 1686 3642 justificata,
1725 3561 2100 3624 mendacium

445 3652 708 3732 amplius
728 3652 969 3730 gloriari
996 3652 1279 3715 adversus
1311 3654 1646 3728 veritatem,
1674 3672 1748 3714 ne
1780 3653 1916 3715 aliis
1946 3671 2100 3731 quo-

446 3761 583 3822 que,
619 3748 718 3823 qui
756 3752 925 3803 erant
951 3743 1024 3803 ad
1060 3743 1518 3822 pervertendum
1545 3743 1772 3815 faciles,
1798 3761 1978 3804 causa
1999 3760 2098 3803 es-

447 3840 538 3892 set
564 3831 858 3894 interitus.
917 3831 1034 3894 Sed
1083 3832 1320 3893 interim
1354 3832 1495 3894 dum
1553 3832 1920 3914 loqueretur,
1957 3850 2094 3893 cum

445 3933 608 3982 esset
629 3921 760 3983 dies
780 3940 1054 4002 serenus,
1071 3931 1128 3983 et
1147 3923 1232 3983 sol
1264 3923 1572 4001 regionem
1597 3930 1797 3984 ureret
1824 3921 2098 3983 meridia-

442 4029 604 4078 nam,
636 4022 887 4089 repente
917 4020 1116 4089 erupit
1163 4031 1346 4073 sonus
1380 4013 1702 4074 multorum
1738 4011 2092 4090 tonitruum,

443 4111 500 4161 et
531 4099 715 4161 elisus
743 4100 848 4163 fuit
886 4101 1038 4180 ignis
1082 4119 1151 4162 ex
1177 4101 1459 4181 nubibus,
1497 4110 1554 4162 et
1585 4101 1884 4181 profunde
1915 4101 2092 4161 simul

441 4189 728 4267 tenebm,
765 4200 822 4250 et
851 4191 1036 4252 densa
1066 4194 1290 4269 grando
1322 4210 1456 4252 cum
1492 4189 1683 4252 ventis
1718 4191 2094 4251 vehementi-

445 4279 880 4350 bus.etmalum
903 4280 1015 4342 hoc
1034 4281 1645 4356 horrendum,vocem
1667 4279 2095 4359 propemodum

436 4369 770 4444 emittebat,
807 4387 941 4431 esse
972 4387 1209 4448 gravem
1266 4371 1367 4430 Dei
1419 4368 1708 4429 commoti
1743 4374 1915 4430 iram.
1949 4366 2094 4428 Nam

2186 3493 2243 3526 τε
2292 3473 2382 3527 καὶ
2436 3469 2572 3526 ἄλλα
2630 3469 2883 3546 συνείρειν
2935 3469 3233 3545 ἐθέλοντος,
3287 3475 3384 3530 οὒκ
3411 3471 3608 3539 ἀνῆκεν
3641 3471 3841 3532 ἄνωθεν

2186 3560 2246 3616 οὗ
2288 3561 2354 3616 τὰ
2382 3560 2612 3637 κρίματα
2669 3558 2894 3626 ἀληθινὰ
2947 3558 3333 3634 δεδικαιωμένα
3390 3562 3451 3618 τὸ
3496 3560 3687 3637 ψεῦδος
3715 3563 3842 3621 ἑπι-

2185 3650 2347 3706 πλέον
2410 3649 2508 3718 τῆς
2562 3648 2811 3714 ἀληθείας
2872 3653 3404 3729 κατακαυχήσασθαι,
3465 3651 3558 3709 ’ίνα
3631 3654 3709 3727 μὴ
3749 3658 3839 3712 καὶ

2184 3738 2368 3804 ἄλλοις
2402 3742 2535 3816 πρὸς
2595 3737 2916 3819 διαστροφὴν
2975 3741 3221 3803 εὗκόιιοις
3267 3741 3532 3808 ἀπωλείας
3582 3742 3836 3820 πρόξενον

2179 3834 2468 3905 καταστῇ⁸
2534 3826 2670 3884 ἀλλά
2716 3827 2911 3903 μεταξὺ
2955 3828 3233 3909 λέγοντος,
3297 3831 3495 3908 αἰθρίας
3544 3831 3710 3900 οὔσης
3745 3833 3838 3892 καὶ

2179 3918 2328 3987 ἡλίου
2380 3920 2441 3975 τὸ
2486 3916 2850 3996 μεσημϐρινὸν
2903 3918 3192 3999 φλέγοντος
3228 3918 3377 4000 ἄφνω
3411 3922 3606 3987 κτύπος
3637 3944 3696 3978 τε
3725 3945 3834 3979 πο-

2180 4007 2272 4072 λὺς
2302 4007 2601 4087 κατεῤῥάγη
2634 4009 2890 4085 βροντῶν,
2949 4011 3038 4066 καὶ
3096 4015 3196 4086 πῦρ
3242 4009 3304 4066 ἐκ
3346 4014 3581 4087 νεφελῶν
3633 4010 3834 4088 ἐξετρέ-

2176 4097 2274 4179 ϐη,
2323 4099 2409 4154 καὶ
2467 4099 2655 4163 σκότος
2709 4097 2824 4171 ἅμα
2871 4099 3026 4178 βαθὺ,
3058 4097 3147 4154 ἀαὶ
3178 4097 3391 4176 γᾶλαζα
3424 4101 3560 4175 μετά
3591 4102 3836 4176 πνευμά-

2181 4210 2285 4245 των
2340 4188 2539 4267 συχνὴ,
2598 4188 2684 4243 καὶ
2741 4189 2803 4243 τὸ
2847 4184 3016 4244 δεινὸν
3067 4189 3258 4267 μικροῦ
3315 4190 3401 4245 καὶ
3459 4191 3640 4268 φωνὴν
3685 4191 3834 4272 ἠφίει

2182 4277 2434 4357 χαλεπὴν
2490 4277 2633 4332 εἶναι
2679 4283 2811 4334 Θεοῦ
2856 4275 3159 4344 κινηθέντος
3219 4277 3413 4356 ὀργήν.
3470 4281 3531 4338 Οἱ
3583 4281 3684 4355 μὲν
3739 4281 3842 4360 γὰρ

2185 4367 2272 4423 καὶ
2303 4365 2442 4440 μόνῃ
2485 4370 2553 4440 τῇ
2582 4364 2778 4440 βροντῆ
2833 4365 2920 4420 καὶ
2981 4363 3151 4431 ἀκοὴν
3206 4366 3294 4422 καὶ
3343 4366 3529 4446 ψυχὴν
3590 4364 3846 4444 πληγέν-

443 4460 540 4521 alii
575 4458 820 4540 quidem
852 4457 979 4519 solo
1013 4458 1232 4519 tonitru
1268 4457 1514 4520 auribus
1545 4465 1602 4518 et
1626 4462 1824 4517 animo
1859 4457 2098 4536 percul-

2185 4476 2274 4517 τες
2305 4458 2465 4513 αὐτοῦ
2495 4475 2596 4510 που
2627 4454 2770 4528 παρά
2812 4455 2910 4520 τὴν
2944 4459 3047 4531 γῆν
3106 4456 3398 4528 ἡμιθνῆτες
3460 4454 3789 4513 κατέπιπτον
3828 4471 3844 4486 ·

442 4550 516 4622 si,
551 4535 635 4608 ibi
667 4549 727 4608 in
774 4556 994 4608 terram
1028 4547 1324 4608 cadebant
1367 4547 1748 4609 semimortui
1778 4562 1794 4621 ;
1827 4535 1929 4608 alli
1959 4565 2098 4608 vero

2187 4547 2234 4601 οἱ
2291 4543 2346 4599 δὲ
2405 4543 2664 4620 ὥρμησαν
2695 4543 2793 4616 μὲν
2825 4544 2896 4606 εἷς
2927 4545 3126 4622 φυγὴν,
3181 4543 3368 4618 πολλῴ
3414 4542 3468 4600 δὲ
3512 4543 3846 4625 χαλεπώτε-

442 4638 502 4698 ἰη
536 4637 733 4714 fugam
766 4636 1008 4716 quidem
1036 4653 1102 4697 se
1132 4635 1544 4716 conjecerunt,
1583 4655 1648 4697 se
1679 4643 1875 4699 autem
1911 4637 2101 4698 multo

443 4725 678 4805 gravius
723 4725 1076 4799 affecerunt,
1131 4732 1196 4785 ut
1243 4726 1344 4805 qui
1391 4725 1613 4787 fuerint
1643 4744 1677 4787 a
1727 4744 1791 4787 se
1839 4727 2094 4788 invicem

443 4813 801 4890 conculcati,
840 4823 899 4875 et
929 4814 1016 4875 sic
1059 4815 1193 4875 vitae
1236 4815 1557 4877 violentum
1592 4817 1929 4878 invenerint
1969 4817 2093 4878 exi-

442 4913 589 4964 tum.
625 4902 759 4985 Ipse
793 4922 1030 4984 quoque
1055 4904 1276 4985 impius
1305 4905 1636 4986 imperator
1659 4905 2092 4986 propemodum

444 4994 642 5072 periit,
693 4994 998 5073 periturus
1037 4995 1311 5071 fortasse,
1350 4996 1464 5056 nisi
1494 4997 1650 5058 Deus
1673 4995 2003 5076 judicasset
2035 4995 2094 5055 id

443 5083 638 5144 minus
689 5101 822 5144 esse
875 5083 1265 5164 supplicium,
1301 5103 1479 5166 quam
1518 5086 1677 5166 quod
1727 5085 1831 5146 ille
1881 5085 2096 5163 dignus

441 5179 569 5230 erat
600 5171 742 5250 pati.
778 5173 908 5233 Non
939 5191 1128 5254 usque
1158 5182 1355 5234 autem
1389 5175 1458 5235 ad
1493 5193 1564 5237 ea
1595 5193 1729 5251 quae
1755 5173 1911 5235 dicta
1933 5182 2091 5248 sunt,

443 5259 595 5319 stitit
622 5258 782 5320 Deus
833 5269 1113 5337 terrores,
1169 5264 1271 5323 sed
1323 5264 1481 5324 ﬂuvii
1534 5281 1772 5342 quoque
1803 5279 2092 5336 aquarum

439 5346 670 5425 impetu
692 5348 1077 5426 inundantes,
1103 5360 1160 5411 et
1181 5359 1415 5429 segetes
1445 5351 1714 5412 funditus
1745 5349 2092 5423 evellentes,

438 5436 836 5515 agricolarum
872 5438 1109 5502 labores
1155 5441 1213 5500 in
1245 5459 1408 5502 mare
1440 5442 1836 5518 deportarunt
1865 5461 1878 5503 :
1913 5439 2096 5520 idque

439 5546 574 5588 cum
601 5537 760 5589 esset
782 5538 974 5606 aestas,
1007 5538 1065 5590 et
1086 5537 1432 5609 speraretur
1455 5529 1604 5604 fore,
1639 5541 1705 5593 ut
1730 5529 1906 5610 longo
1938 5539 2095 5592 tem-

2185 4656 2275 4713 ρον
2333 4633 2550 4695 ἑαυτοὺς
2613 4630 2863 4700 διέθηκαν
2920 4633 3010 4690 ὑπ’
3069 4633 3326 4704 ἀλλήλων
3383 4635 3846 4710 συμπατηθέντες,

2185 4725 2271 4780 καὶ
2346 4724 2522 4800 βιαίαν
2594 4721 2761 4788 οὕτως
2810 4723 3050 4800 εὑρόντες
3121 4731 3214 4780 τοῦ
3270 4723 3384 4799 βίου
3439 4726 3841 4804 καταστροφήν,

2186 4816 2284 4872 Καὶ
2331 4814 2486 4874 αὐτὸς
2532 4811 2573 4868 δ’
2622 4814 2686 4868 ἃν
2730 4815 2758 4869 ὁ
2795 4811 3053 4880 δυσσεϐὴς
3093 4812 3339 4890 βασιλεὺς
3404 4823 3596 4890 μικροῦ
3658 4836 3844 4891 παρα·-

2179 4902 2416 4982 πώλετο,
2447 4903 2491 4958 εἰ
2516 4904 2593 4978 μὴ
2627 4901 2862 4959 ἐλάττων
2891 4903 3029 4966 ’ίσως
3067 4905 3102 4971 ἡ
3133 4903 3360 4980 τιμωρία
3390 4904 3532 4980 παρὰ
3581 4908 3698 4978 Πεῷ
3743 4902 3837 4961 δε-

2178 4991 2487 5067 δοκίμαστο,
2533 4997 2600 5058 ῆς
2652 4989 2794 5057 ἄξιος
2853 4997 2920 5058 ῆν
2964 4991 3176 5054 ἐκεῖνος
3207 4995 3422 5055 παθεῖν,
3457 4996 3530 5052 Οὒ
3585 4991 3751 5072 μέχρι
3782 4991 3841 5050 δὲ

2177 5083 2284 5138 τῶν
2329 5079 2621 5158 εἰρημένων
2670 5081 2734 5137 τὰ
2792 5086 2906 5137 τῶν
2950 5079 3128 5159 φόϐων
3164 5081 3390 5148 ἵστησιν
3420 5080 3449 5138 ὅ
3484 5084 3638 5155 Θεὸς,
3697 5081 3841 5139 ἀλλᾶ

2177 5173 2264 5227 καὶ
2329 5171 2558 5246 ποταμοί
2606 5176 2672 5247 τῇ
2704 5170 2809 5226 τῶν
2857 5168 3060 5224 ὑδάτων
3112 5177 3248 5249 φορᾷ
3298 5169 3712 5251 πλημμύραντες
3747 5174 3840 5230 καὶ

2179 5259 2341 5337 ἄρδην
2397 5261 2461 5316 τὰ
2531 5259 2667 5329 λήϊα
2725 5260 3124 5336 παρασύραντες
3154 5307 3170 5332 ,
3236 5261 3360 5323 tab:
3422 5267 3528 5316 τῶν
3581 5268 3839 5340 γεωργῶν

2178 5351 2370 5414 πόνους
2416 5346 2657 5421 θαλάσσῃ
2711 5344 3027 5425 παρέδοσαν,
3089 5351 3175 5404 καὶ
3235 5359 3398 5409 ταῦτα
3448 5351 3624 5430 θέρους
3685 5351 3843 5415 ὄντος

2181 5439 2266 5494 καὶ
2298 5435 2507 5502 πολλῆς
2553 5432 2758 5508 μᾶλλον
2803 5433 3159 5511 ἐλπιζομένης
3218 5443 3318 5505 τῆς
3352 5438 3666 5520 ἀνυμ9ρίας,
3699 5437 3844 5496 Ἀλ..

2180 5528 2246 5584 λὰ
2302 5529 2398 5593 τῆς
2458 5522 2786 5599 Μαξιμιανοῠ
2857 5528 3168 5587 καθικέσθαι
3246 5531 3434 5608 ψυχῆς
3492 5529 3584 5585 καὶ
3640 5541 3843 5586 πεῖσαι

522 5688 886 5776 (4)_Al|udit
917 5689 984 5752 ad
1016 5691 1320 5752 victoriam
1374 5689 1448 5752 de
1480 5690 1681 5755 Persis
1727 5699 1785 5753 et
1834 5689 2066 5755 Parthis
2115 5687 2443 5762 obtentam,
2477 5702 2596 5766 qua
2647 5685 2804 5750 ultra
2836 5684 3285 5773 Ctesiphontem
3315 5687 3637 5771 imperium
3691 5707 3843 5776 pro-

438 5787 507 5849 pa
518 5772 694 5850 gavit.
