4086 6414
337 391 496 460 1053
1467 391 1659 457 VITA
1703 391 1808 455 SS.
1871 390 1973 454 IN]

2065 391 2079 453 Β
2122 391 2221 456 ΕΤ
2285 391 2595 456 ΒΟΜΝιΕ.
3568 384 3716 454 1054

327 536 431 598 τῆς
489 527 738 591 ἀσεϐαίας
783 527 1030 606 ἂνεγκετν
1088 531 1286 608 κοῦφον
1314 525 1512 599 κομιδῆ
1543 527 1604 583 τὸ
1633 527 1852 606 γεγονὸς
1897 528 1973 584 καῖ

2069 523 2215 606 pore
2245 545 2364 590 non
2397 528 2648 609 plueret.
2705 525 2840 591 Fuit
2893 534 3114 609 tamen,
3149 524 3308 609 quod
3349 524 3566 589 factum
3599 533 3716 601 est,

329 620 549 699 μικρόν,
603 629 697 678 Οτι
729 620 828 698 γὰρ
873 619 1030 681 αὐτὸς
1088 617 1295 678 ἐκεῖνος
1349 616 1678 690 Μαξιμιανὸς
1721 618 1788 685 ἦν
1819 615 1973 692 Mssa

2069 617 2394 680 admodum
2453 617 2579 679 leve
2629 626 2690 680 et
2737 636 2982 697 parvum
3013 618 3086 679 ad
3125 616 3555 698 penetrandum
3589 618 3718 679 Ma-

326 709 618 784 διατεθείς,
672 706 888 782 ἄμεινον
949 706 1099 773 δείξει
1160 708 1226 764 τὰ
1285 707 1427 783 παρὰ
1489 705 1675 771 πόδας.
1739 709 1984 774 Ζητήσας

322 803 428 878 γὰρ
475 801 610 875 μετὰ
653 799 818 854 ταῦτα
862 800 921 854 τὸ
955 811 1326 874 γραμματεῖον
1377 799 1420 870 ᾧ
1475 795 1541 851 τοὶ
1598 796 1833 870 ὀνόματα
1875 805 1982 852 τὼν

325 905 446 952 τοῖς
508 889 742 964 πρώτοις
798 893 905 944 τῶν
963 885 1317 962 ψευδωνύμων
1376 884 1576 942 δωδεκα
1641 889 1775 942 θεῶν
1831 888 1975 953 ὑπη-

324 979 660 1058 ρετουμένων
723 976 1001 1054 ἐγκείμενα
1071 981 1178 1046 ἦν,
1241 976 1354 1032 ἐπεὶ
1406 973 1460 1030 δὲ
1522 977 1606 1031 καὶ
1665 976 1741 1049 μὴ
1802 978 1980 1048 Δόμνα

327 1070 422 1127 καί
483 1058 656 1134 Ἳ-ιδης
714 1068 805 1122 σὺν
869 1080 985 1132 τοῖς
1052 1065 1233 1127 ἄλλοις
1292 1065 1581 1138 εὑρίσκετο,
1638 1068 1727 1122 καὶ
1785 1063 1983 1144 σφόδρα

328 1155 628 1222 σπουδαίως
661 1155 808 1220 ὅπῶς
843 1156 974 1234 εἷχε
1010 1157 1076 1212 τὰ
1105 1153 1226 1212 κατ’
1258 1155 1446 1216 αὐτοὺς
1479 1153 1817 1214 ἐπυνθάνετο.

415 1337 522 1397 lB'.
558 1336 654 1400 Ὠς
686 1334 739 1392 δὲ
780 1334 941 1403 ἤκουε
971 1334 1114 1410 παρὰ
1144 1336 1237 1391 τοῦ
1266 1333 1656 1414 ἀρχιευνούχου
1687 1332 1768 1390 ὅτι
1804 1333 1983 1409 Δόμνα

328 1430 427 1502 μὲν
497 1432 604 1483 τῶν
667 1432 869 1504 φρενῶν
939 1424 1178 1498 ἐκπέσοι,
1238 1423 1350 1480 ἔστι
1399 1421 1452 1479 δὲ
1516 1431 1605 1480 νῦν
1663 1425 1802 1502 παρὰ
1864 1438 1983 1488 τοῖς

325 1526 498 1574 ταῦτα
550 1515 858 1596 θεραπεύειν
913 1513 1319 1589 ἐπισταμένοις,
1382 1513 1590 1570 σύνεστι
1645 1511 1700 1568 δὲ
1744 1518 1832 1570 καὶ
1866 1513 1984 1570 "lv-

325 1607 428 1674 δης
461 1611 592 1683 αὒτῇ
649 1609 889 1684 φυλακῆς
949 1604 1108 1684 χάριν
1159 1604 1246 1660 καὶ
1299 1604 1608 1682 ὑπουργίας,
1641 1602 1849 1668 ἐκεῖνος
1879 1603 1983 1671 ἤδη

322 1706 404 1772 τῷ
432 1701 583 1773 θυμῷ
634 1695 975 1776 φλεγμαίνων
1018 1695 1106 1750 καὶ
1166 1694 1304 1772 μέγα
1361 1694 1699 1772 ἀνακραγὼν,
1755 1689 1818 1750 Ὠ
1877 1691 1982 1750 κά-

2066 706 2313 768 ximiani
2344 708 2635 781 animum,
2673 717 2730 770 et
2783 709 3265 789 persuadendum
3299 715 3363 769 ut
3393 705 3718 785 resipisce-

2065 808 2154 857 ret
2203 797 2278 858 ab
2331 798 2663 878 impietate.
2721 797 2864 860 Nam
2925 817 3056 858 cum
3123 806 3326 879 postea
3382 797 3721 878 qumsiisset

2065 886 2436 963 schedulam,
2469 887 2529 948 in
2571 906 2687 966 qua
2720 895 2890 948 erant
2923 888 3161 949 nomina
3193 906 3400 948 eorum
3435 885 3533 966 qui
3567 885 3718 946 falso

2066 973 2349 1035 dicuntur
2373 975 3226 1056 dii,ministrabant,quoniam
3259 976 3489 1037 Domna
3524 984 3582 1035 et
3613 977 3708 1034 ln-

2065 1064 2172 1124 des
2205 1083 2323 1125 non
2356 1065 2814 1127 inveniebantur
2845 1085 2981 1127 cum
3023 1067 3177 1146 aliis,
3213 1066 3417 1127 dolore
3449 1065 3624 1126 simul
3659 1073 3720 1126 et

2066 1154 2154 1214 ira
2183 1154 2569 1234 implebatur,
2603 1165 2661 1217 et
2691 1156 3014 1235 diligenter
3039 1157 3522 1238 percontabatur,
3555 1174 3708 1238 quo-

2069 1243 2248 1304 modo
2275 1259 2374 1305 res
2405 1262 2614 1306 eorum
2648 1263 2713 1307 se
2743 1246 3057 1308 haberent.

2149 1331 2276 1396 XII.
2311 1336 2632 1415 Postquam
2659 1344 2856 1397 autem
2891 1336 3116 1397 audivit
3144 1336 3218 1397 ab
3249 1337 3713 1417 archieunucho,

2068 1420 2318 1484 Domnae
2347 1424 2588 1502 quidem
2623 1433 2880 1485 emotam
2913 1444 3048 1487 esse
3092 1436 3377 1500 mentem,
3414 1444 3546 1488 eam
3582 1445 3714 1487 vero

2071 1530 2230 1574 nunc
2261 1530 2393 1574 esse
2424 1513 2582 1593 apud
2629 1514 2866 1595 eos,qui
2896 1535 2965 1578 ea
2987 1516 3185 1578 sciunt
3209 1533 3420 1578 curare
3447 1538 3462 1585 ;
3487 1534 3621 1576 cum
3647 1532 3717 1577 ea

2067 1609 2263 1662 autem
2295 1620 2427 1663 esse
2462 1604 2693 1677 Indem,
2729 1617 2796 1665 ut
2828 1623 2960 1667 eam
3005 1605 3320 1681 custodiat,
3352 1614 3411 1666 et
3442 1606 3496 1667 ei
3527 1605 3713 1667 inser-

2065 1691 2208 1764 viat,
2243 1691 2348 1754 ille
2389 1693 2516 1771 jam
2577 1693 2665 1755 ira
2711 1701 2994 1776 aestuans,
3029 1705 3090 1758 et
3115 1696 3290 1758 valde
3321 1695 3660 1758 vociferans
3695 1716 3708 1758 :

321 1808 476 1844 κιστε
520 1785 833 1864 ἀνθρώπων,
891 1783 1019 1863 ἔφη,
1075 1785 1286 1859 Δόμναν
1338 1782 1435 1858 μὲν
1464 1781 1802 1858 δαιμονῶσαν
1845 1782 1973 1848 ἴσως

2065 1779 2112 1842 Ο
2143 1782 2402 1860 pessime
2424 1783 3277 1865 hominum,inquit,Domnam
3311 1785 3718 1865 quidemquae

319 1879 422 1934 οὒκ
478 1877 585 1933 ἀπὸ
641 1873 837 1951 τρόπου
879 1879 977 1940 τῆς
1036 1879 1144 1929 τῶν
1199 1876 1330 1929 θεῶν
1387 1871 1696 1939 ἀπέστησας
1739 1871 1973 1950 λειτουρ-

2065 1869 2384 1932 vexabatur
2414 1890 2447 1931 a
2479 1871 2777 1946 daemone,
2803 1873 3052 1935 fortasse
3075 1893 3190 1936 non
3215 1874 3510 1936 immerito
3540 1892 3712 1935 amo-

319 1969 444 2046 γίας
482 1981 496 1996 '
550 1967 600 2021 τί
657 1963 711 2020 δὲ
770 1964 953 2020 παθὼν
993 1964 1082 2019 καὶ
1115 1961 1294 2029 Ἵνδης
1323 1963 1650 2039 θεραπευτὴν
1709 1961 1836 2019 ὅντα
1874 1969 1973 2019 τῶν

2066 1960 2200 2020 visu
2231 1979 2265 2021 a
2293 1959 2542 2022 deorum
2571 1961 3227 2035 ministerio.Quidnam
3259 1974 3460 2024 autem
3492 1972 3549 2026 te
3581 1981 3714 2024 mo-

321 2054 580 2134 μεγᾶλων
625 2057 757 2111 θεῶν
815 2055 952 2129 αὐτῇ
1015 2052 1422 2118 συναπέστησας
1480 2053 1568 2108 καὶ
1620 2052 1678 2109 τό
1712 2075 1772 2129 γε
1805 2054 1878 2114 είς
1922 2053 1973 2108 σὲ

2065 2047 2163 2123 vit,
2200 2056 2266 2109 ut
2315 2048 2518 2111 Indem
2553 2069 2816 2132 quoque,
2853 2071 3205 2130 magnorum
3233 2052 3480 2113 deorum
3514 2053 3711 2114 culto-

321 2155 465 2214 ἧκον
521 2146 752 2221 ἐρήμους
812 2145 1104 2222 ὑπηρεσίας
1161 2143 1364 2208 ἀνῆκας
1424 2142 1665 2221 αὖτούςς
1728 2140 1872 2219 Ἐγὼ
1925 2141 1973 2198 δὲ

2065 2157 2213 2213 rem,
2273 2159 2406 2201 cum
2456 2159 2526 2202 ea
2557 2141 2939 2221 amandares,
2974 2152 3034 2204 et
3064 2151 3350 2223 quantum
3379 2142 3438 2202 in
3471 2152 3530 2204 te
3577 2141 3708 2217 fuit,

324 2236 451 2293 ἀλλ’
503 2236 686 2298 αὐτοὺς
737 2234 933 2309 ὄμνυμι
969 2234 1090 2297 τοὺς
1144 2233 1292 2295 θεοὺς
1335 2234 1410 2296 ὡς
1461 2231 1715 2307 οὐμενοῦν
1746 2235 1806 2289 οὖ
1835 2255 1973 2310 παρ-

2065 2247 2168 2291 eos
2198 2247 2233 2290 a
2263 2230 2597 2292 ministerio
2629 2231 2910 2294 desertos
2961 2232 3348 2295 dimitteres?
3401 2232 3516 2295 Sed
3548 2233 3714 2313 ipsos

326 2327 600 2383 ελεύσεται
660 2328 692 2393 ἡ
749 2324 866 2388 ἀξία
920 2330 1013 2379 τοῦ
1053 2320 1402 2397 τολμήματος
1435 2320 1580 2394 δίκη,
1615 2323 1740 2378 εἶπε
1771 2324 1860 2379 καὶ
1890 2323 1973 2380 οὐκ

2065 2319 2202 2397 juro
2263 2319 2433 2400 deos,
2492 2328 2552 2381 te
2605 2323 2793 2397 justas
2849 2322 3098 2384 sceleris
3153 2339 3360 2402 pmnas
3407 2341 3528 2383 non
3578 2341 3713 2384 esse

331 2415 549 2495 ἠμέλει,
592 2413 730 2471 ἀλλὰ
760 2416 820 2470 τὸ
851 2412 1216 2490 λειτούργημα
1261 2418 1368 2468 τῶν
1425 2411 1686 2488 καμήλων
1716 2411 1775 2467 αἲ
1806 2413 1860 2469 ἐν
1914 2420 1973 2490 τῇ

2067 2426 2406 2471 evasurum.
2437 2409 2819 2491 Dixit,neque
2849 2412 3004 2492 quod
3032 2411 3265 2474 dixerat
3295 2413 3580 2491 neglexit,
3607 2413 3716 2475 sed

336 2506 493 2586 χώρᾳ
531 2503 790 2563 Κλαυδιου
813 2502 1052 2559 πολιτῶν
1100 2502 1396 2580 ἐτύγχανον
1427 2503 1600 2574 οὖσαι,
1633 2503 1973 2581 ἐγχειρισθῆ-

2069 2497 2464 2559 ministerium
2523 2500 2914 2579 camelorum,
2970 2501 3070 2581 qui
3129 2510 3302 2562 erant
3355 2501 3418 2562 in
3471 2505 3716 2580 regione

321 2599 410 2651 ναί
465 2599 511 2651 οἱ
566 2594 852 2651 ἐπέταττεν
937 2593 1100 2670 ὄγκου
1184 2594 1342 2650 αὐτὸν
1423 2593 1747 2671 ἄρχοντικοῦ
1805 2614 1973 2649 κατα-

2065 2587 2601 2666 Claudiopolitana,
2637 2589 2690 2650 ei
2742 2590 2893 2652 tradi
2943 2591 3275 2670 imperavit,
3335 2591 3392 2653 ei
3448 2590 3712 2654 auctori-

314 2687 503 2762 γαγὼν
533 2686 619 2741 καὶ
649 2686 782 2761 πρὸς
816 2682 1059 2760 ἐσχάτην
1105 2679 1313 2747 ἀδοξίαν
1361 2681 1629 2756 περιιστάς
1669 2699 1682 2714 ⁸
1740 2685 1862 2738 εἶτα
1890 2683 1973 2738 καὶ

2065 2683 2242 2737 tatem
2274 2677 2600 2739 detrahens
2634 2678 3098 2760 prmfecturae,et
3120 2699 3255 2742 eum
3283 2680 3356 2742 ad
3381 2689 3711 2743 extremam

313 2774 501 2841 Ἴνδην
553 2773 796 2829 ἐκέλευσε
843 2776 1182 2850 παραστῇναι
1225 2772 1314 2828 καὶ
1357 2771 1423 2829 τὰ
1476 2771 1605 2846 πρὸς
1645 2771 1794 2835 θεοὺς
1848 2773 1973 2828 εἰω-

2065 2765 2287 2826 ducens
2319 2766 2734 2845 ignominiam.
2771 2769 3001 2832 Deinde
3030 2768 3238 2832 Indem
3272 2789 3510 2851 quoque
3535 2771 3715 2849 jussit

310 2865 445 2921 θότα
501 2864 588 2919 καὶ
635 2865 783 2923 αὖθις
832 2873 1036 2922 ποιεῖν.
1102 2851 1160 2916 εΟ
1207 2858 1264 2914 δὲ
1315 2858 1590 2935 παρελθὼν
1649 2861 1715 2916 τὰ
1773 2862 1973 2930 συνήθη

2065 2854 2360 2930 adduci,et
2396 2875 2466 2918 ea
2519 2875 2725 2919 rursus
2769 2859 2972 2922 facere
2996 2878 3127 2940 quae
3157 2860 3270 2921 diis
3299 2869 3713 2922 consueverat.

317 2956 451 3032 πρὸς
495 2952 746 3022 ἀλήθειαν
805 2956 978 3007 ποιῶν
1033 2955 1099 3016 ἦν
1129 2997 1145 3026 ,
1192 2951 1282 3005 καὶ
1336 2952 1479 3007 θεοῖς
1529 2949 1626 3022 μὲν
1685 2951 1782 3006 καῖ
1824 2954 1973 3012 θεαῖς

2065 2945 2165 3007 [lle
2199 2963 2334 3007 vero
2366 2964 2500 3007 cum
2525 2947 3548 3030 accessisset,faciebatrevera,qnaa
3565 2969 3710 3011 con-

312 3045 404 3100 καὶ
462 3055 580 3107 τοῖς
635 3040 837 3096 τούτων
869 3041 1165 3116 ἱερουργοτς
1217 3037 1393 3094 πολλὰ
1423 3039 1630 3118 χαίρειν
1662 3038 1696 3105 ἢ
1726 3038 1972 3113 οἰμώζειν

2065 3044 2355 3108 sueverat,
2389 3036 2657 3116 deosque
2689 3045 2748 3097 et
2771 3038 2915 3099 deas
2940 3047 2998 3099 et
3021 3056 3228 3098 eorum
3252 3040 3593 3100 sacerdotes
3612 3058 3712 3099 va-

315 3132 525 3208 μᾶλλον
567 3131 730 3188 εἰπὼν
785 3131 941 3191 αὐτὸς
1002 3132 1338 3207 προσανεῖχε
1398 3129 1545 3203 μόνῳ
1578 3136 1694 3202 Θεῴ
1742 3150 1973 3208 προσευ-

2065 3125 2309 3196 |ere,vel
2333 3127 2530 3204 potius
2561 3127 2707 3188 ﬂare
2733 3127 3120 3208 jubens,ipse
3148 3127 3257 3188 soli
3288 3127 3411 3189 Deo
3442 3129 3708 3204 vacabat,

315 3237 457 3302 χαϊς
515 3243 573 3277 τε
631 3220 728 3277 καὶ
759 3220 1026 3287 νηστείαις
1058 3217 1540 3297 ἐνασχολούμενος,
1573 3217 1668 3274 καὶ
1701 3219 1778 3292 μὴ
1813 3219 1973 3289 μόνον

2065 3220 2118 3275 in
2154 3214 2525 3278 orationibus
2553 3234 2798 3277 versans
2829 3217 3238 3297 etjejuniis.et
3269 3237 3385 3278 non
3411 3219 3602 3279 solum
3637 3220 3710 3280 ad

316 3294 471 3370 Susa
527 3312 658 3386 πρὸς
716 3310 817 3376 τὴν
871 3309 1089 3364 ἐκείνωρ
1145 3306 1390 3364 ἀσεϐειαν
1418 3309 1685 3386 καθυφεὶς,
1724 3307 1859 3364 ἀλλά
1888 3309 1973 3364 καὶ

2065 3323 2271 3366 eorum
2295 3305 2666 3383 impietatem
2695 3294 2940 3368 minime
2959 3294 3022 3370 se
3034 3306 3479 3377 dimittens,sed
3497 3310 3713 3370 multos

315 3401 555 3466 πολλοὺς
601 3406 708 3457 τῶν
760 3397 1122 3473 ἠπατημένων
1165 3399 1238 3460 εἷς
1283 3401 1383 3464 τὴν
1414 3397 1511 3465 vi}:
1563 3397 1812 3464 ἀληθείας
1857 3398 1973 3454 ἐπί-

2065 3399 2237 3456 etiam
2272 3415 2348 3456 ex
2376 3395 2447 3457 iis
2482 3395 2584 3475 qui
2616 3396 2854 3476 decepti
2878 3396 3215 3476 fuerant,ad
3249 3396 3514 3459 veritatis
3534 3399 3708 3476 agni-

319 3513 522 3568 γνωσιν
600 3487 1012 3562 ἐκκαλούμενος.
1103 3485 1424 3564 Ἐπαγωγὸν
1501 3489 1602 3566 γαρ
1660 3489 1734 3550 εἷς
1811 3489 1973 3543 πειθὼ

2065 3486 2282 3547 tionem
2347 3503 2659 3549 revocans.
2724 3488 2843 3549 Res
2884 3496 2972 3547 est
3011 3488 3194 3563 enim,
3226 3507 3362 3567 quae
3393 3487 3466 3548 ad
3499 3489 3714 3550 verita-

320 3581 512 3658 λόγος,
563 3579 764 3636 ὁπόταν
812 3577 920 3656 ἔχῃ
965 3578 1053 3633 καὶ
1104 3577 1218 3652 βίον
1261 3577 1404 3650 αὐτῷ
1455 3578 1923 3654 συμφθεγγόμενον
1956 3593 1971 3608 ⁶

2065 3583 2178 3636 tem
2211 3574 2444 3636 inducit
2473 3576 2686 3648 oratio,
2722 3576 2960 3656 quando
3022 3576 3201 3637 habet
3230 3576 3406 3639 etiam
3443 3577 3622 3638 vitam
3659 3580 3714 3641 ei

317 3670 502 3748 ὥσπερ
533 3671 622 3726 οὖν
654 3669 782 3748 εἶχε
811 3670 901 3722 καὶ
929 3665 1136 3739 "lvd-nc,
1169 3668 1256 3722 καὶ
1287 3663 1371 3723 διὰ
1409 3672 1565 3722 τοῦτο
1624 3665 1855 3728 πολλοὺς
1901 3666 1973 3740 τῷ

2065 3664 2565 3726 consentientem.
2597 3664 2724 3727 Hac
2757 3665 2954 3745 itaque
3007 3666 3238 3728 ratione
3269 3664 3445 3727 ludes
3495 3669 3713 3730 multos

318 3765 440 3832 Θεῷ
494 3763 759 3838 προσῆγε,
805 3757 895 3814 καὶ
939 3754 1070 3819 ἅλας
1098 3755 1343 3834 ἀτεχνῶς
1382 3758 1526 3810 θεῖον
1555 3755 1622 3822 ἦν
1680 3756 1866 3811 ἑαυτόν
1917 3779 1973 3814 τε

2065 3753 2133 3814 ad
2164 3752 2351 3815 Deum
2378 3754 2665 3830 adduxit;
2702 3765 2761 3815 et
2791 3764 2919 3816 erat
2960 3773 3168 3816 revera
3195 3754 3282 3816 sal
3314 3755 3570 3824 divinus,
3606 3757 3710 3838 qui

314 3855 630 3927 συγκρατῶν
689 3849 779 3904 καὶ
843 3846 964 3911 τοῦς
1046 3844 1236 3910 ἄλλους
1294 3842 1600 3921 διακρατεῖν
1658 3842 1970 3918 δυνάμενος,

2065 3849 2118 3903 et
2149 3843 2412 3921 seipsum
2449 3842 2819 3923 continebat,
2854 3853 2910 3904 et
2935 3845 3084 3905 alios
3111 3853 3344 3924 poterat
3375 3847 3708 3910 continere.

315 3939 488 3998 Ἀλλὰ
547 3939 614 3994 τὰ
657 3938 755 4013 μὲν
819 3936 1019 3993 ἐκείνου
1065 3934 1283 3991 τοιαῦτα
1319 3953 1333 3968 ⁸
1396 3932 1710 4009 Μαξιμιανῷ
1765 3932 1821 3989 δὲ
1880 3939 1973 3994 οὒκ

2065 3931 2175 3994 Sed
2201 3933 2348 3993 tales
2367 3932 2610 4012 quidem
2657 3941 2827 3994 erant
2866 3952 2965 3995 res
2990 3934 3188 3996 illius:
3223 3934 3576 3997 Maximiano
3607 3955 3713 3998 au-

310 4033 382 4098 ἡν
428 4029 651 4086 ἀνεκτὸν
693 4024 971 4106 βαρϐάρων
1030 4025 1128 4099 μὲν
1187 4024 1403 4081 πάντων
1459 4024 1828 4101 περιγενέσθαι
1875 4023 1968 4081 δο-

2065 4031 2176 4086 tem
2207 4031 2335 4084 erat
2369 4023 2764 4096 intolerabile,
2801 4023 2990 4084 videri
3017 4024 3259 4104 quidem
3295 4043 3505 4087 omnes
3536 4045 3714 4106 supe-

313 4134 438 4178 κεϊν
489 4122 576 4175 καὶ
633 4117 901 4194 βλέμματι
932 4115 1081 4190 μόνῳ
1109 4111 1367 4192 μυριάδας
1401 4111 1584 4193 ὄχλων
1615 4111 1828 4195 φοϐεῖν,
1859 4116 1969 4182 ἡτ-

2065 4130 2220 4173 rasse
2278 4110 2588 4184 barbaros,
2649 4121 2709 4173 et
2760 4112 2887 4172 solo
2941 4121 3184 4192 aspectu
3236 4123 3465 4175 terrere
3504 4115 3713 4194 populi

316 4213 506 4266 τᾶσθαι
550 4207 606 4264 δὲ
659 4214 765 4263 τῶν
823 4205 1054 4279 οἰκείων,
1106 4207 1193 4261 καὶ
1254 4210 1418 4260 ταῦτα
1471 4202 1602 4260 νέων
1676 4202 1814 4262 οὕτω
1883 4205 1972 4263 καὶ

2065 4201 2242 4263 multa
2275 4201 2496 4263 millia:
2530 4201 2685 4262 vinci
2719 4219 2861 4263 vero
2885 4221 2919 4263 a
2942 4204 3088 4274 suis,
3121 4202 3301 4283 idque
3331 4223 3465 4266 cum
3500 4213 3704 4267 essent

318 4299 526 4357 ἀτελῶν
556 4297 634 4354 ἔτι
664 4298 764 4365 τὴν
792 4296 1032 4365 ἡλικίαν,

406 4388 518 4449 ll".
579 4387 800 4463 Ἀμέλει
857 4392 985 4464 γοῦν
1043 4385 1131 4441 καὶ
1198 4382 1360 4447 λύσας
1418 4385 1556 4440 κατά
1598 4386 1788 4462 μικρὸν
1840 4386 1970 4465 ὅπερ

317 4484 449 4558 εἶχε
508 4479 808 4556 πρόσχημα
845 4485 971 4554 γοῦν
999 4497 1052 4530 τι
1103 4473 1517 4553 φιλανθρωπίας,
1578 4481 1815 4554 φανερῶς
1874 4475 1971 4550 μὲν

314 4570 382 4637 ἧν
413 4575 492 4642 τῷ
522 4575 732 4645 Χριστῷ
763 4565 1101 4646 μαχόμενος,
1165 4565 1322 4626 ναούς
1367 4585 1426 4620 τε
1485 4565 1652 4643 ἱεροὺς
1707 4568 1969 4636 καθαιρῶν

2054 4292 2204 4355 adeo
2229 4293 2507 4372 juvenes,
2543 4301 2604 4355 et
2627 4300 2796 4354 aetate
2828 4292 3194 4371 imperfecta.

2135 4382 2297 4446 Xlll.
2328 4383 2474 4445 Cum
2513 4383 2711 4464 itaque
2744 4381 3028 4462 paulatim
3061 4383 3701 4464 solvisset,quamcun-

2056 4491 2173 4554 que
2201 4472 2459 4534 habebat
2489 4473 2753 4551 speciem
2787 4471 3190 4545 humanitatis,
3225 4483 3430 4554 aperte
3461 4475 3702 4550 quidem

2056 4561 2357 4643 pugnabal
2393 4581 2527 4623 cum
2556 4561 2813 4634 Christo,
2871 4580 3040 4624 sacra
3085 4563 3305 4642 templa
3347 4563 3616 4639 diruens,
3650 4572 3711 4626 et

315 4661 407 4714 καὶ
458 4658 644 4721 οἴκους
706 4654 948 4731 δαίμοσιν
995 4653 1383 4732 ἀνοικοδομῶν,
1442 4653 1708 4733 ἄρχοντας
1748 4653 1802 4710 δὲ
1855 4655 1969 4710 δει-

2065 4651 2215 4712 mdes
2261 4651 2634 4714 daemonibus
2667 4651 2969 4714 azdificans
3003 4676 3019 4727 ;
3058 4655 3366 4732 praefectos
3395 4661 3614 4725 autem,
3652 4666 3710 4716 et

313 4750 439 4810 νιιὺς
495 4748 595 4823 μὲν
640 4748 838 4826 εἰπεῖν,
871 4745 1052 4819 ὠμοὺς
1082 4742 1138 4798 δὲ
1194 4741 1420 4799 κολάσαι
1475 4745 1612 4799 κατὰ
1668 4750 1842 4800 πᾶσαν
1873 4747 1968 4799 ὲκ·

307 4840 544 4910 πέμπων
590 4837 689 4902 τὴν
749 4834 1091 4910 οἰκουμένην,
1137 4832 1226 4895 οἷς
1302 4831 1397 4887 οὗιι
1445 4830 1594 4909 ἤρκει
1653 4834 1788 4888 κατά
1843 4840 1969 4910 Χρι-

307 4933 547 4985 στιανῶν
576 4929 612 4994 ἡ
642 4924 768 5004 παρ’
803 4926 1004 4982 ἑαυτῶν
1034 4923 1278 5001 ὠμότης,
1312 4919 1449 4977 ἀλλὰ
1497 4923 1585 4977 καὶ
1633 4924 1666 4989 ἡ
1714 4931 1807 4980 τοῦ
1863 4923 1967 4997 βα-

307 5017 506 5081 σιλέως
556 5016 792 5086 ἀπήνεια
833 5013 1196 5084 προσετίθετο.
1248 5008 1595 5089 Παρήγγελλε
1652 5012 1752 5089 γὰρ
1806 5014 1968 5068 ἀπει-

305 5113 457 5164 θοῦσι
495 5114 834 5181 Χριστιανοῖς
893 5101 1061 5179 μηδὲν
1119 5101 1350 5182 ὕφιέναι,
1411 5100 1530 5157 ἀλλ’
1592 5100 1730 5158 οὕτω
1794 5099 1968 5158 κολάο

310 5206 450 5276 ζειν,
527 5198 600 5260 ὡς
685 5196 792 5252 τῶν
881 5192 1168 5272 ὀφθαλμῶν
1250 5191 1448 5246 ἐκείνου
1524 5189 1969 5262 συνεξεταζόντων

315 5291 462 5360 α’ἶντῷ
517 5288 607 5344 καὶ
691 5283 973 5358 θεωμένων
1049 5283 1148 5350 τὴν
1202 5289 1295 5339 τοῦ
1350 5281 1594 5357 βήματος
1653 5281 1962 5360 αὐστηρίαν,

310 5380 417 5445 τὴν
457 5378 580 5454 περὶ
611 5376 672 5432 τὸ
715 5373 978 5445 ἐξετάζειν
1024 5371 1382 5452 περιέργειαν,
1430 5372 1491 5427 τὸ
1551 5373 1670 5449 περὶ
1726 5370 1817 5434 τὰς
1877 5393 1968 5428 κο-

307 5469 492 5532 λάσεις
547 5466 864 5542 καινουργὸν
917 5464 1006 5520 καὶ
1063 5461 1410 5544 φιλόνεικον,
1484 5462 1570 5519 καὶ
1629 5463 1701 5527 ὡς
1755 5463 1969 5527 ἐκεῖνος

309 5561 373 5615 ἃν
401 5555 496 5625 εἴη
526 5559 554 5613 ὃ
583 5555 781 5613 πλεῖον
813 5555 956 5628 αὒτῷ
984 5553 1365 5633 χαριζόμενος,
1415 5554 1443 5608 ὃ
1485 5552 1575 5609 καὶ
1612 5549 1830 5608 πλείονά
1866 5549 1969 5623 δή-

306 5671 412 5707 που
441 5646 687 5718 κολάζων
745 5644 1114 5723 Χριστιανούς.
1149 5640 1300 5699 Οὕτω
1356 5642 1479 5706 τοὺς
1533 5639 1798 5722 ἄρχοντας
1858 5640 1969 5697 διε-

305 5740 514 5820 ρεθίσας
573 5735 889 5810 ἐξέπεμπεν,
961 5734 1034 5791 Οί)
1093 5732 1203 5808 μὴν
1282 5729 1420 5789 ἀλλὰ
1489 5731 1580 5787 καί
1633 5729 1965 5811 παράδειγμα

2052 4741 2114 4802 in
2147 4740 2407 4802 dicendo
2442 4740 2870 4816 formidabiles,
2907 4751 2964 4804 et
3003 4745 3062 4803 in
3099 4743 3400 4823 puniendo
3431 4743 3708 4808 crudeles

2056 4830 2299 4891 mittens
2328 4849 2436 4911 per
2467 4832 2813 4902 universum
2847 4831 3052 4895 orbem
3081 4841 3259 4894 terra;
3292 4850 3305 4892 :
3338 4832 3554 4912 quibus
3585 4854 3704 4896 non

2054 4918 2390 4981 sufﬁciebat
2410 4939 2518 4982 sua
2536 4922 2821 4982 adversus
2843 4922 3215 4984 Christianos
3233 4921 3581 5004 crudelitas,
3599 4924 3706 4985 sed

2054 5010 2378 5072 accedebat
2409 5013 2587 5072 etiam
2643 5011 2970 5072 tmmasitas
3017 5011 3419 5091 imperatoris.
3450 5012 3709 5076 Jubebat

2053 5099 2242 5176 enim,
2270 5107 2333 5161 ut
2361 5100 2718 5162 Christianis
2741 5119 2859 5161 non
2884 5099 3305 5162 obedientibus
3341 5103 3486 5164 nihil
3518 5102 3706 5166 cede-~

2053 5198 2212 5260 rent,
2249 5189 2354 5250 sed
2389 5189 2476 5250 sic
2510 5189 2815 5269 punirent,
2855 5197 3139 5271 tanquam
3199 5192 3356 5252 oculi
3390 5192 3554 5254 illius
3584 5212 3705 5255 una

2051 5280 2462 5340 examinarent
2480 5288 2540 5340 et
2569 5288 2912 5359 spectarent
2934 5280 3247 5342 tribunalis
3271 5286 3700 5360 austeritatem,

2053 5369 2193 5431 etin
2227 5369 2622 5430 examinando
2641 5369 3146 5445 curiositatem,et
3169 5369 3228 5430 in
3266 5371 3568 5450 puniendo
3602 5390 3706 5433 no-

2054 5477 2181 5521 vam
2243 5459 2646 5520 inventionem
2707 5468 2884 5540 atque
2941 5460 3380 5522 vehementiam
3429 5481 3442 5525 :
3495 5461 3705 5523 dicens

2053 5571 2182 5613 eum
2206 5553 2290 5610 illi
2317 5553 2632 5625 plurimum
2659 5553 3244 5627 gratiﬁcaturum.qui
3274 5556 3538 5628 pluribus
3559 5571 3704 5625 sup-

2054 5639 2252 5720 pliciis
2273 5639 2548 5701 afﬁceret
2563 5639 3070 5703 Christianos.Sic
3092 5641 3366 5703 incitatos
3387 5639 3701 5702 emittebat

2049 5730 2385 5813 przefectos,
2417 5749 2626 5794 verum
2664 5731 2825 5794 enim
2857 5748 2995 5793 vero
3027 5729 3288 5812 seipsum
3336 5747 3572 5812 quoque
3605 5729 3694 5792 eis
