4086 6404
437 364 589 432 1055

431 598 577 667 tem,
618 592 696 673 (5)
726 591 872 663 Nam
922 592 1049 672 ipse
1097 607 1332 671 quoque
1354 599 1482 651 erat
1509 590 1740 670 primus
1768 593 2073 669 occidens,

432 683 795 765 puniens,de
827 682 1023 745 medio
1057 680 1634 760 tollens,expe|lens,
1669 681 1810 761 quid
1845 702 1963 746 non
1986 687 2071 745 vi-

433 770 699 833 olentum
722 790 904 849 agens
925 780 985 833 et
1003 771 1411 851 tyrannicum?
1437 771 1554 831 imo
1583 788 1723 832 vero
1747 790 1907 853 saepe
1924 793 2078 855 quo-

435 879 555 938 que
583 880 696 923 non
729 862 843 922 vim
881 879 1104 923 meram
1137 859 1418 935 aﬂ‘erens,
1444 862 1550 922 sed
1576 878 1705 921 eam
1730 862 1906 923 etiam
1934 862 2080 926 mis-

434 968 577 1011 cens
609 951 1022 1032 persuasione,
1077 959 1136 1012 et
1198 950 1384 1030 ipsam
1452 948 1765 1030 porrigens
1797 960 2080 1031 tanquam

434 1057 656 1115 escam,
694 1050 755 1103 ut
803 1043 889 1104 sic
933 1058 1174 1124 quoque
1228 1041 1400 1102 fieret
1450 1040 1682 1115 saevior,
1727 1053 1787 1104 et
1833 1042 2081 1107 haberet

434 1129 867 1210 probabiliores
891 1131 1180 1214 puniendi
1196 1130 1738 1210 occasiones,quod
1757 1133 1983 1195 nollent
1999 1134 2081 1214 pii

436 1238 645 1299 parere
678 1222 874 1284 verbis
904 1222 1070 1283 solis.
1106 1224 1160 1285 Is
1190 1239 1326 1285 cum
1384 1221 1826 1283 sanctissimum
1859 1223 2078 1286 Anthi-

437 1328 599 1372 mum
628 1310 727 1373 diu
761 1312 1070 1394 quaesitum
1103 1330 1219 1373 non
1244 1311 1591 1386 invenisset,
1620 1311 1748 1391 ipse
1776 1312 2081 1392 ingressus

435 1400 777 1480 ecclesiam,
836 1410 1115 1483 tanquam
1170 1400 1296 1462 fera
1348 1401 1548 1482 aliqua
1574 1401 1729 1464 varia
1757 1411 1818 1465 et
1846 1402 2075 1484 dolosa,

435 1512 569 1554 cum
589 1501 946 1557 exercituum
970 1508 1026 1555 et
1059 1499 1369 1557 satellitum
1410 1498 1779 1557 multitudine
1802 1515 1927 1558 eam
1958 1503 2081 1559 cir-

438 1583 868 1658 cumdedisset,
903 1591 961 1645 et
990 1583 1208 1646 deinde
1240 1590 1418 1645 etiam
1453 1583 1714 1645 lenitatis
1766 1602 2079 1664 personam

438 1672 745 1750 subiisset,
780 1683 842 1736 ut
863 1674 961 1736 alii
990 1674 1229 1755 quidem
1262 1672 1652 1736 formidarent
1674 1673 1790 1734 vim
1830 1683 1890 1735 et
1919 1676 2078 1736 mul-

440 1762 780 1840 titudinem,
813 1765 911 1827 alii
947 1773 1144 1826 autem
1175 1764 1248 1825 ad
1282 1763 1397 1824 sibi
1421 1763 1627 1826 utilem
1654 1770 1954 1827 intuentes
1979 1765 2081 1827 be-

436 1852 811 1942 nignitatem,
845 1855 1294 1917 abducerentur
1328 1872 1362 1915 a
1414 1857 1824 1933 persuasione,
1853 1862 1910 1915 et
1939 1873 2076 1917 cum
2105 1893 2140 1942 Β

435 1941 522 2002 sic
555 1950 832 2023 tanquam
865 1942 1101 2006 duobus
1155 1942 1406 2006 fortibus
1465 1942 1740 2019 vinculis,
1781 1944 1995 2006 timore
2024 1954 2082 2006 et

436 2034 825 2110 persuasione
852 2035 981 2116 pios
1008 2034 1364 2111 colligasset,
1399 2034 1665 2114 captivos
1700 2032 1960 2096 ducebat
2005 2035 2077 2096 ad

438 2120 897 2200 pietatem.Cum
932 2125 1056 2186 haec
1113 2123 1270 2205 apud
1301 2141 1365 2185 se
1395 2124 1734 2203 cogitasset,
1779 2122 1853 2184 ad
1884 2142 2079 2205 μορυ-

432 2208 558 2272 lum
592 2212 766 2274 talem
797 2212 1008 2276 habuit
1036 2214 1392 2275 orationem.

518 2300 673 2364 XlV.
704 2302 826 2382 Ego
858 2303 1035 2365 etiam
1059 2304 1345 2366 adversus
1372 2308 1580 2381 gentes
1607 2302 1914 2376 barbaras,
1946 2321 2080 2383 quae

437 2409 639 2453 meum
675 2394 886 2472 jugum
937 2393 1096 2455 ferre
1126 2400 1428 2469 recusant,
1466 2402 1527 2456 et
1557 2411 1677 2453 non
1711 2401 1921 2474 parent
1949 2394 2079 2457 Ro-

435 2498 749 2544 manorum
784 2482 1037 2562 legibus,
1070 2502 1186 2546 non
1211 2483 1405 2545 statim
1439 2501 1648 2546 moveo
1680 2484 1931 2562 hastam,
1966 2502 2078 2545 ne-

438 2589 555 2649 que
584 2580 721 2633 utor
752 2572 993 2652 jaculis,
1027 2591 1222 2654 neque
1251 2573 1447 2654 gladio
1479 2579 1565 2633 eis
1609 2573 1833 2636 cmdem
1866 2572 2077 2649 affero,

434 2660 539 2722 sed
570 2660 761 2724 bonos
793 2662 993 2724 imitor
1024 2662 1603 2743 medicos,mollibus
1633 2662 1890 2743 primum
1937 2680 2079 2725 ver-

435 2754 526 2810 bis
543 2765 596 2812 et
627 2757 1162 2827 benignis,perinde
1192 2771 1257 2815 ac
1282 2756 1722 2821 oleo,tumorem
1755 2757 2077 2815 emolliens.

433 2839 656 2897 Deinde
678 2852 976 2914 postquam
1016 2843 1209 2900 videro
1232 2858 1332 2900 eos
1353 2857 1477 2899 esse
1501 2842 1664 2898 valde
1686 2841 2082 2899 immedicabi-

434 2924 521 2985 les
539 2926 830 3006 ulcusque
850 2944 1057 2988 eorum
1076 2925 1248 2990 valde
1269 2926 1591 3005 malignum
1616 2937 1676 2987 et
1693 2924 2079 3005 profundum,

436 3027 577 3079 tunc
611 3025 747 3080 utor
774 3024 1060 3089 cauterio.
1098 3029 1157 3081 et
1180 3019 1302 3100 jam
1335 3037 1549 3099 aspera
1575 3029 1635 3080 et
1657 3019 1875 3081 acerba
1906 3020 2082 3081 secti-

431 3126 571 3182 one,
604 3116 669 3169 ut
701 3127 895 3190 neque
924 3109 997 3171 ab
1049 3110 1222 3172 initio
1273 3127 1369 3171 me
1415 3108 1685 3171 videatur
1710 3108 1928 3189 aliquis
1961 3109 2078 3169 hu-

430 3197 682 3267 manior,
713 3217 908 3280 neque
935 3207 1067 3279 post
1085 3198 1558 3262 misericordiam
1585 3206 1644 3260 et
1664 3197 2077 3261 mansuetudi—

335 3364 342 3370 _
430 3306 568 3349 nem
623 3262 958 3351 violentior:
996 3287 1163 3351 Absit
1189 3297 1414 3368 autem,
1450 3297 1512 3348 ut
1543 3305 1642 3348 vos
1677 3305 1773 3348 me
1816 3306 2075 3367 unquam
2097 3262 2136 3313 θ

429 3376 699 3439 sentiatis
727 3377 1144 3439 conturbatum
1179 3385 1238 3439 et
1266 3376 1480 3437 iratum
1512 3397 1529 3453 ;
1559 3377 1663 3437 sed
1687 3375 2072 3456 accedentes,

429 3465 612 3527 libate
644 3468 875 3545 magnis
903 3466 1111 3540 diis,et
1135 3474 1434 3545 rogate,ut
1460 3483 1565 3527 vos
1595 3465 1878 3545 benignis
1910 3466 2076 3527 intu-

427 3563 639 3617 eantur
669 3557 953 3629 oculis,ut
982 3556 1067 3617 sic
1098 3576 1131 3618 a
1164 3555 1338 3617 nobis
1362 3573 1600 3636 quoque
1622 3555 2076 3634 consequamini

428 3644 1095 3724 honores,magistratus
1126 3659 1187 3708 et
1210 3644 1584 3725 pecunias,et
1604 3644 1735 3705 sitis
1766 3645 1924 3705 inter
1956 3663 2078 3707 me-

430 3754 497 3798 os
530 3735 753 3816 primos
784 3735 1012 3798 amicos
1069 3747 1129 3799 et
1177 3733 1522 3797 familiares.
1558 3734 2073 3805 Quemadmodum

427 3826 591 3888 enim
615 3845 733 3889 non
757 3835 849 3889 est
862 3824 1516 3900 absurdum,Barbaros
1533 3824 1913 3905 quidem,qui
1938 3838 2077 3887 sunt

427 3918 672 3981 alterius
697 3918 938 3996 linguae,
974 3923 1178 3978 nostra
1203 3924 1321 3976 tam
1349 3933 1522 3996 {equo
1539 3914 1737 3977 animo
1758 3916 1939 3988 terre,
1974 3934 2077 3978 vos

426 4025 567 4070 vero
598 4008 658 4068 in
691 4009 1100 4070 Romanorum
1134 4005 1369 4084 legibus
1399 4006 1776 4083 educatos,et
1804 4010 1865 4065 in
1897 4004 2079 4067 rebus

427 4098 768 4161 Graecorum
802 4096 1162 4159 eruditos.et
1197 4094 1342 4155 mihi
1364 4094 1816 4174 subjectos,non
1849 4095 1910 4155 in
1941 4114 2074 4156 om-

423 4186 603 4249 nibus
631 4204 871 4249 servare
895 4185 1439 4261 obedientiam,sed
1473 4184 1533 4244 in
1565 4184 1747 4246 rebus
1780 4183 2078 4265 praecipu-

428 4279 478 4337 is
510 4277 697 4339 videri
721 4276 1164 4344 inobedientes,
1194 4284 1253 4336 et
1279 4274 1504 4336 bellum
1529 4283 1739 4355 aperte
1769 4274 2077 4353 suscipere

426 4376 634 4430 contra
662 4376 923 4429 vestrum
955 4366 1481 4445 imperatorem,ut
1517 4363 1652 4424 ideo
1684 4361 1973 4424 excidatis
2002 4362 2076 4423 ab

426 4454 807 4535 imperatoris
838 4454 1281 4531 benevolentia,
1336 4465 1394 4513 et
1430 4456 1586 4529 larga
1622 4449 2077 4511 muniﬁcentia?

1630 368 2015 433 ADDENDA.
2059 402 2125 417 -
2171 368 2602 434 DEGEMBER.

432 500 783 566 ostendebat
814 499 1119 583 exemplar
1132 498 1514 582 archetypum
1538 499 1613 563 ad
1634 499 2077 566 inbumanitati-

2165 505 2348 565 ἑαυτὸν
2405 504 2570 562 ἐδίδου
2653 505 2741 564 καὶ

3655 367 3679 431 t
3691 365 3811 435 056

2830 503 3171 584 πρωτότυπον
3248 504 3323 572 εἰς
3378 502 3757 585 ἀπανθρωπίαν
3785 524 3802 542 ·

2157 596 2281 653 επεὶ
2335 596 2432 653 mi
2469 601 2674 675 πρῶτος
2727 598 2880 659 αὐτὸς
2921 596 2987 664 ἦν
3044 597 3286 672 κτείνων,
3341 595 3604 676 κολάζων,
3652 598 3809 655 ἀναι-

2161 692 2291 762 ρῶν,
2324 685 2579 755 ἐλαύνων,
2628 687 2678 743 τί
2732 686 2810 761 μὴ
2854 687 3026 764 βίαιον
3074 687 3162 743 καὶ
3217 688 3524 765 τυραννικὸν
3582 686 3811 766 ἐργαζό-

2163 793 2373 851 μενος;
2422 774 2624 850 μᾶλλον
2670 775 2726 832 δὲ
2787 777 2875 832 καὶ
2927 774 3189 841 πολλάκις
3247 779 3342 834 οὒκ
3400 775 3628 854 ἄκρατον
3672 776 3813 833 ἐπά-

2164 887 2276 943 γων
2329 866 2427 933 τὴν
2461 867 2602 943 βίαν,
2654 865 2792 921 ἀ).λά
2849 867 2935 922 καὶ
2995 866 3173 923 πειθοῖ
3220 866 3474 945 κεραννὺς
3522 868 3610 924 καὶ
3658 867 3815 925 οἱονεὶ

2167 954 2348 1033 δέλεαρ
2406 955 2572 1013 αὖτ’ὶιν
2630 958 3061 1034 προτεινόμενος,
3121 955 3217 1013 ’ίνα
3262 956 3359 1012 καί
3414 955 3616 1031 μᾶλλον
3647 955 3815 1021 οὕτως

2164 1045 2485 1124 ἀγριώτερος
2543 1046 2780 1123 γίνηται,
2847 1047 2936 1103 καὶ
2993 1055 3085 1104 τοῦ
3141 1046 3395 1118 κολάζειν
3454 1046 3815 1125 εὐλογωτέρας

2167 1134 2273 1215 ἔχῃ
2303 1136 2398 1199 τὰς
2431 1136 2671 1215 ἀφορμὰς
2716 1142 2794 1209 τῷ
2839 1136 2917 1211 μὴ
2965 1134 3148 1214 λόγοις
3200 1135 3398 1193 ἐθέλειν
3450 1137 3634 1211 μόνοις
3689 1138 3813 1202 τοὺς

2166 1222 2401 1287 εὐσεϐεῖς
2461 1225 2749 1285 πείθεσθαι.
2814 1224 3000 1297 Οὗτος,
3061 1224 3247 1293 ἓπειδὴ
3278 1227 3485 1283 καὶτὸν
3516 1227 3813 1305 ἁγιώτατον

2166 1313 2435 1389 ”Δνθιμον
2486 1312 2657 1371 πολλά
2710 1316 2952 1387 ζητήσας
3005 1316 3081 1390 μὴ
3140 1314 3281 1395 εὕροι
3325 1318 3481 1379 αὐτὸς
3525 1316 3660 1373 εἵσω
3714 1321 3812 1385 τῆς

2165 1404 2480 1482 ἓκκλησίας,
2512 1405 2634 1462 οἶόν
2687 1428 2738 1463 τι
2796 1406 2976 1482 θηρίον
3031 1404 3273 1463 ποικίλον
3319 1404 3664 1484 καὶ,δολερὸν
3696 1407 3812 1462 είσ-

2166 1492 2331 1549 ελθών
2392 1493 2582 1563 πλήθει
2640 1516 2698 1550 τε
2742 1496 3152 1572 στρατευμάτων
3194 1498 3282 1553 καὶ
3326 1494 3626 1575 δορυφόρων
3674 1495 3812 1552 ταύ-

2163 1605 2263 1649 την
2321 1582 2647 1661 περιλαὸὼι,
2709 1586 2835 1641 εἶτα
2876 1585 2963 1641 καὶ
3022 1586 3311 1642 ἐπιείκειαν
3366 1584 3706 1665 ὒποδὺς,”ίν⁹
3764 1587 3812 1641 οἱ

3596 1722 3613 1755 ,
3667 1676 3716 1729 οἱ
3758 1672 3814 1730 δὲ

2164 1764 2293 1839 πρὸς
2347 1765 2443 1831 τὴν
2498 1764 2831 1844 ἐπίχρηστον
2888 1764 3116 1843 ὁρῶντες
3173 1764 3564 1843 φιλανθρωπίαν
3636 1768 3816 1822 πειθοῖ

2166 1852 2602 1924 συναρπᾶζωνται
2640 1899 2657 1931 ,
2742 1855 2829 1910 καὶ
2900 1854 3067 1915 οὕτως
3123 1854 3303 1931 ὥσπερ
3384 1855 3595 1929 ἅμμασι
3666 1852 3814 1911 δυσὶν

2163 1944 2433 2023 ἰσχυροῖς,
2494 1941 2641 2021 φόϐῳ
2699 1944 2786 2000 καὶ
2844 1948 3021 2001 πειθοῖ
3076 1945 3200 2008 τοὺς
3255 1942 3495 2007 εὐσεϐεῖς
3552 1942 3816 2015 συνδήσας

2165 2031 2547 2111 αἰχμαλώτους
2603 2034 2779 2111 ἀγάγῃ
2839 2036 2970 2111 πρὸς
3028 2035 3126 2101 τὴν
3209 2032 3454 2090 ἀσέϐειαν
3490 2082 3503 2108 ,
3595 2040 3816 2092 τοιαῦτα

2164 2121 2504 2197 σκεψάμενος
2562 2122 2723 2202 λόγου
2771 2126 2905 2198 πρὸς
2948 2126 3009 2180 τὸ
3052 2122 3254 2192 πλῆθος
3298 2122 3493 2201 ἤρξατο
3549 2124 3811 2184 τοιούτω.

2166 1672 2262 1747 μὲν
2310 1675 2372 1729 τὸ
2432 1673 2638 1739 πλῆθος
2697 1676 2783 1730 καὶ
2839 1675 2938 1742 τὴν
2995 1675 3152 1754 ἰσχὺν
3213 1673 3588 1744 ὑποπτήξωσιν

2245 2301 2361 2363 ιΔ’.
2410 2303 2554 2381 Ἐγὼ
2582 2305 2669 2360 καὶ
2712 2305 2842 2382 πρὸς
2896 2303 3018 2371 ἔθνη
3077 2301 3318 2382 βάρϐαρα
3346 2304 3438 2361 τὸν
3470 2303 3597 2379 ἐμὸν
3657 2304 3817 2383 ζυγὸν

2163 2388 2576 2471 δυσχεραίνοντα
2663 2394 2750 2449 καὶ
2818 2393 3096 2466 Ῥωμαίων
3177 2394 3362 2467 νόμοις
3444 2396 3521 2469 μὴ
3601 2397 3817 2472 πειθαρ-

2165 2488 2368 2560 χοῦντα
2427 2481 2524 2536 οὒκ
2582 2484 2728 2546 εὐθὺς
2788 2484 2848 2539 τὸ
2906 2481 3028 2561 δόρυ
3079 2490 3212 2540 κινῶ
3266 2482 3383 2540 οὔτε
3437 2484 3547 2558 μὴν
3591 2489 3815 2564 χρῶμαι

2164 2571 2287 2635 τοῖς
2344 2570 2578 2651 βέλεσιν,
2613 2570 2728 2628 οὐδὲ
2778 2574 2877 2641 τὴν
2934 2572 3021 2629 διὰ
3076 2571 3251 2653 ξίφους
3303 2572 3489 2647 ἐπάγω
3546 2574 3759 2653 σφαγήν
3793 2588 3808 2603 ⁸

2163 2659 2302 2717 ἀλλά
2360 2662 2481 2726 τοὺς
2536 2662 2764 2740 ἀγαθοὺς
2822 2664 3090 2738 μιμοῦμαι
3168 2668 3274 2718 τῶν
3331 2664 3547 2742 ἰατρῶν,
3607 2663 3819 2741 ῥημασι

2163 2748 2440 2823 μαλακοῖς
2498 2753 2558 2807 τὸ
2618 2758 2826 2827 πρῶτον
2883 2756 2977 2809 καὶ
3031 2750 3423 2831 φιλανθρώποις
3471 2751 3651 2830 ὥσπερ
3681 2751 3819 2826 ἐλέῳ

2162 2837 2545 2912 διαμαλάσσων
2602 2843 2664 2897 τὸ
2722 2841 2947 2917 οἴδημα.
3016 2840 3131 2898 Εἴθ’
3219 2842 3387 2906 οὕτως
3445 2840 3657 2899 ἐπειδὰν
3714 2841 3819 2898 ἴδω

2163 2927 2363 3007 σφόδρα
2420 2926 2678 2993 δυσιὰτως
2736 2929 2966 3010 ἔχοντας
3011 2931 3100 2987 καὶ
3151 2932 3212 2986 τὸ
3267 2930 3424 2995 ἕλκος
3454 2929 3684 2988 ὕπουλον
3726 2931 3817 2988 καὶ

2162 3019 2299 3074 πάνυ
2350 3019 2501 3094 βαθύ,
2547 3020 2668 3076 τότε
2732 3018 2797 3088 δὴ
2855 3022 2944 3076 καὶ
3004 3020 3229 3099 καυτῆρι
3296 3021 3539 3100 χρῶμαι,
3600 3022 3687 3078 καὶ
3745 3026 3812 3096 τῇ

2161 3113 2304 3183 τομῇ
2368 3107 2508 3164 οὕτω
2566 3107 2681 3165 λίαν
2744 3113 3022 3186 αὖστηρῶς
3066 3112 3154 3165 καὶ
3212 3108 3548 3187 περιωδύνως
3575 3111 3649 3173 ὡς
3676 3110 3812 3185 μήτε

2162 3198 2280 3252 τινὰ
2334 3198 2435 3253 τὶν
2493 3198 2672 3276 ἀρχὴν
2718 3197 2850 3272 ἐμοῦ
2905 3198 3134 3273 φανῆναι
3165 3198 3660 3278 φιλανθρωπότερον
3694 3200 3815 3273 μή-

2162 3307 2219 3341 τε
2263 3286 2397 3359 μετά
2455 3288 2547 3341 τὸν
2599 3285 2751 3342 ἔλεον
2807 3290 2895 3342 καὶ
2943 3288 3044 3352 τὴν
3107 3286 3402 3343 ἐπιείκειαν
3486 3288 3814 3364 βιαιότερον,

2160 3377 2330 3448 ’Υμᾶς
2361 3372 2415 3429 δὲ
2458 3375 2536 3448 μὴ
2565 3374 2773 3451 γένοιτό
2833 3396 2965 3432 ποτε
3021 3377 3336 3453 πειραθῆναί
3387 3396 3490 3450 μου
3545 3397 3818 3455 τεταραγ-

2160 3463 2323 3538 μένου
2373 3465 2461 3520 καὶ
2504 3465 2635 3536 πρὸς
2695 3464 2860 3542 ὀργὴν
2917 3462 3142 3544 ἔχοντος
3177 3483 3191 3498 ο
3223 3463 3385 3520 -ἀλλά
3433 3463 3817 3540 προσελθόντες

2158 3567 2276 3614 τοῖς
2309 3552 2565 3631 μεγάλοις
2608 3557 2756 3618 θεοῖς
2787 3552 3034 3611 σπένδετε
3065 3555 3153 3610 καὶ
3204 3553 3476 3629 εὖμενέσιν
3504 3554 3642 3628 ὑμᾶς
3701 3556 3813 3634 όφ-

2158 3642 2388 3717 θαλμοῖς
2420 3642 2552 3699 ἰδεῖν
2597 3642 2934 3717 ἐκκαλεῖσθε,
2966 3640 3045 3701 ’ἶν’
3088 3642 3228 3699 οὕτω
3257 3644 3345 3699 καὶ
3387 3644 3454 3699 τὰ
3496 3643 3622 3720 παρ’
3653 3645 3814 3717 ἡμῶν

2160 3732 2523 3812 προσυπάρξῃ,
2579 3735 2727 3807 τιμαὶ
2769 3734 2858 3791 καὶ
2913 3733 3077 3813 ἀρχαὶ
3138 3733 3227 3789 καὶ
3282 3733 3543 3812 χρήματα
3598 3733 3694 3790 καί
3748 3736 3816 3791 τὸ

2160 3823 2215 3878 ἐν
2259 3824 2488 3901 πρώτοις
2520 3825 2656 3898 ὑμᾶς
2689 3824 2832 3880 εἶναι
2891 3830 2997 3880 τῶν
3052 3824 3197 3898 ἐμῶν
3250 3823 3471 3901 ἑταίρων
3497 3824 3586 3880 καὶ
3616 3822 3809 3903 φίλων.

2159 3919 2288 3977 Πῶς
2346 3914 2447 3991 γὰρ
2505 3916 2601 3970 οὒκ
2653 3912 2851 3970 ἄτοπον
2895 3909 3186 3990 βαρϐάρως
3249 3913 3348 3987 μὲν
3404 3912 3817 3991 ἀλλογλώσσους

2160 4004 2422 4068 τοσαύτης
2502 4003 2629 4080 παρ’
2708 4006 2870 4077 ἡμῶν
2944 4001 3235 4058 ἀπολαύειν
3294 4007 3390 4068 τῆς
3452 4002 3812 4077 ἀνεξικακίας,

2159 4095 2304 4167 ἡμᾶς
2356 4090 2412 4148 δὲ
2473 4083 2750 4166 Ῥωμαίων
2809 4094 2995 4166 νόμοις
3051 4090 3532 4168 ὲντεθραμμένους,
3591 4092 3687 4149 καί
3746 4093 3817 4149 τά

2162 4181 2439 4253 Ἐλλήνων
2486 4178 2957 4255 πεπαιδευμένους,
3020 4180 3153 4256 πρὸς
3211 4178 3265 4235 δὲ
3309 4181 3398 4237 καὶ
3455 4180 3615 4255 ἐμοὺς
3675 4182 3819 4248 ὗπη..

2160 4276 2315 4334 κόους
2372 4270 2527 4332 ὄντας
2557 4318 2573 4348 ,
2647 4273 2724 4345 μὴ
2786 4268 2871 4326 διὰ
2926 4269 3140 4326 πάντων
3199 4268 3389 4340 σώζειν
3443 4271 3506 4326 τὸ
3546 4271 3811 4346 εὐπειθὲς,

2159 4359 2300 4418 ἀλλὰ
2361 4362 2478 4437 περὶ
2533 4357 2598 4415 τά
2654 4359 2977 4435 καιριώτατα
3031 4356 3236 4416 μᾶλλον
3293 4361 3534 4416 ἀπειθεῖν
3603 4358 3813 4416 δείκνυ-

2157 4452 2301 4527 σθαι,
2346 4449 2440 4504 καί
2487 4448 2724 4523 πόλεμον
2783 4447 3024 4526 ἄντικρυς
3070 4450 3200 4527 πρὸς
3253 4449 3342 4504 τὸν
3396 4450 3650 4527 ὑμέτερον
3708 4448 3815 4506 α’ί-

425 4544 710 4607 Becedite
738 4563 905 4623 ergo,
966 4541 1233 4604 recedite
1290 4540 1363 4602 ab
1413 4541 1524 4602 hac
1584 4540 1727 4601 falsa
1757 4538 2071 4618 religione.

2165 4543 2336 4616 ρεσθαι
2394 4537 2615 4613 βασιλέα
2648 4586 2663 4611 ,
2724 4539 2797 4603 ὡς
2875 4537 3107 4596 ἐντεῦθεν
3190 4537 3472 4614 βασιλικῆς
3533 4538 3812 4596 ἐκπίπτειν

428 4635 531 4697 Sin
567 4635 786 4708 minus,
822 4621 995 4713 poena
1024 4650 1143 4694 non
1180 4630 1384 4709 procul
1428 4629 1645 4691 aberit.
1680 4631 1892 4691 Videte
1922 4630 2076 4692 hanc

2165 4629 2431 4704 εὐμενείας
2463 4630 2557 4684 καὶ
2590 4628 2986 4706 πλουσιοδώρου
3029 4628 3407 4708 χρηστότητος
3442 4648 3458 4708 ς
3506 4627 3812 4697 Ἀπόστητε

428 4722 643 4803 aedem,
696 4725 755 4785 in
814 4741 929 4803 qua
985 4720 1342 4784 conﬁdistis.
1401 4718 1545 4782 Eam
1604 4718 1727 4799 igni
1761 4719 2073 4796 mandans,

426 4829 532 4873 vos
582 4830 825 4893 quoque
856 4811 1037 4873 simul
1091 4810 1366 4892 perdam,
1420 4823 1491 4877 ,οι
1544 4809 1747 4871 scietis
1803 4810 2072 4890 omnino,

429 4910 714 4981 quantum
763 4900 840 4962 sit
869 4901 1121 4978 malum,
1156 4919 1190 4963 a
1217 4901 1457 4965 ratione
1486 4899 1684 4962 aliena
1713 4899 1986 4979 audacia,
2017 4908 2079 4963 et

432 4992 649 5055 mentis
677 4991 1031 5073 pervicacia.

508 5169 633 5233 XV.
665 5173 813 5234 Cum
836 5171 1003 5234 dirus
1023 5169 1419 5233 Maximianus
1442 5170 1529 5231 sic
1548 5166 1909 5231 immanitati
1931 5187 2044 5231 con
2065 5205 2076 5216 -

420 5263 721 5343 junxisset
743 5262 1266 5340 humanitatem,et
1294 5259 1588 5321 malorum
1610 5258 1791 5321 minis
1815 5267 1873 5320 et
1899 5256 2082 5320 bono-

427 5371 559 5414 rum
590 5352 903 5432 promissis
923 5352 1213 5413 variasset
1230 5349 1697 5429 orationem,qui
1722 5349 1917 5409 instar
1933 5349 2080 5410 mel-

430 5442 504 5505 lis
526 5442 762 5504 dulcem
786 5440 1043 5503 habebat
1066 5439 1327 5519 linguam
1355 5439 1595 5521 sapiens
1616 5437 1946 5519 Glycerius,
1979 5440 2077 5520 qui

428 5540 557 5595 erat
584 5549 789 5594 revera
832 5531 1069 5593 divinus
1099 5529 1408 5592 sacriﬁcus
1439 5537 1498 5591 et
1527 5528 1832 5602 sacerdos,
1889 5537 1947 5590 et
1974 5546 2081 5591 sua

2159 4725 2438 4797 τοιγαροῦν
2492 4718 2590 4785 τῆς
2646 4718 2847 4776 ἀτόπου
2888 4718 3087 4784 ταύτης
3142 4717 3445 4797 θρησκείας,
3481 4717 3756 4786 ἀπόστητε
3790 4735 3810 4754 ⁶

2160 4811 2206 4867 εἰ
2261 4808 2308 4865 δ’
2366 4809 2480 4881 οὖν,
2546 4807 2668 4865 ἀλλ’
2725 4813 2785 4867 οὗ
2829 4809 3035 4887 μακρὰν
3067 4811 3100 4876 ἡ
3157 4806 3302 4874 δίκη.
3362 4806 3550 4886 Ὀρᾶτε
3602 4810 3815 4867 τουτονῖ

2160 4902 2251 4957 τὸν
2295 4903 2447 4956 οἷκον
2479 4898 2562 4979 ἐφ’
2620 4899 2665 4973 ᾧ
2708 4900 2796 4955 καὶ
2852 4898 3159 4971 πεποίθατε,
3198 4899 3320 4973 πυρὶ
3368 4895 3489 4963 δοὺς
3535 4900 3694 4958 αὺτὸν
3724 4901 3817 4955 καί

2160 4992 2296 5065 δμᾶς
2353 4992 2489 5064 ὁμοῦ
2545 4988 2943 5069 συνδιαφθερὼ,
2992 4988 3081 5043 καὶ
3137 4986 3347 5044 εἴσεσθε
3424 4987 3634 5052 πάντως
3682 4986 3816 5046 ὅσον

2161 5081 2325 5137 κακὸν
2383 5080 2574 5156 θράσος
2606 5076 2804 5156 ἄλογον
2828 5079 2917 5134 καὶ
2945 5079 3167 5155 γνώμης
3197 5078 3498 5155 ξντιτυπία.

2244 5168 2350 5231 ιε’.
2416 5166 2565 5226 Οὕτω
2620 5175 2715 5224 τοῦ
2784 5166 2957 5225 δεινοῦ
3001 5165 3333 5238 Μαξιμιανοῦ
3375 5166 3669 5225 ἐπιείκειαν
3711 5168 3820 5226 ἀπ-

2162 5259 2314 5332 ηνείᾳ
2373 5259 2704 5332 συνάψαντος
2759 5257 2937 5313 κακῶν
2991 5277 3051 5312 τε
3120 5255 3374 5321 ἀπειλαῖς
3458 5260 3544 5314 καὶ
3599 5257 3819 5335 ἀγαθῶν

2160 5346 2486 5426 ὑποσχέσεσι
2518 5348 2609 5402 τὸν
2661 5345 2824 5422 λόγον
2853 5344 3217 5425 ποικίλαντος,
3250 5344 3534 5423 Γλυκέριος
3564 5349 3592 5403 ὃ
3621 5349 3813 5427 σοφὸς,

2163 5441 2189 5495 ὁ
2219 5441 2363 5500 θεῖος
2393 5436 2559 5499 ὄντως
2596 5435 2757 5502 θύτης
2812 5436 2897 5491 καί
2927 5437 3114 5513 ἱερεὺς,
3154 5438 3244 5491 καί
3289 5436 3411 5494 τοὺς
3471 5435 3663 5514 λόγους
3721 5439 3817 5495 αὖ·

2162 5528 2284 5591 τοὺς
2347 5527 2633 5582 καταθῧσαι
2712 5523 2948 5582 σπεῶων
3007 5530 3084 5599 τῷ
3140 5522 3227 5582 ὑπ’
3290 5525 3450 5582 αυτοῦ
3500 5528 3813 5605 ἱερουργου-

428 5621 609 5685 verba
633 5621 911 5685 studebat
939 5620 1279 5684 sacriﬁcare
1308 5619 1678 5696 Christo,cui
1708 5617 2077 5681 sacriﬁcabat

2165 5619 2310 5694 μένῳ
2366 5620 2578 5694 Χριστῷ
2635 5614 2886 5694 ἐπίτομον
2941 5616 3077 5676 πάνυ
3117 5618 3205 5674 καί
3263 5618 3468 5696 καιρίαν
3527 5614 3648 5685 δοὺς
3706 5623 3813 5687 την

510 5745 605 5833 (ὅ)
637 5743 723 5808 De
748 5744 862 5808 hac
892 5744 1303 5827 persecutione
1326 5744 1652 5808 instaurata
1682 5741 1928 5806 consule
1959 5741 2185 5805 Baron.
2226 5757 2326 5803 an.
2362 5734 2501 5802 301.
