4086 6408
229 394 375 467 105⁵7

1342 390 1530 464 VITA
1575 392 1679 461 SS.
1743 392 1954 459 INDE
1995 392 2094 456 ET
2153 392 2464 458 DOMNE.

3443 390 3593 459 1058

221 533 514 611 ἀπολογίαν
596 533 694 602 τήν
762 554 821 588 τε
906 531 1157 610 γλῶσσαν
1218 529 1442 598 ἐπέδησε
1532 527 1902 605 Μαξιμιανῷ,.

1989 546 2199 591 »τενθῐη
2226 536 2285 590 et
2305 534 2702 607 opportunam
2728 526 2876 588 dans
2900 531 3376 607 responsionem;
3405 534 3465 588 et
3494 528 3616 590 lin-

224 629 313 682 καὶ
390 624 488 685 τὰς
546 620 737 699 φρένας
796 619 1041 692 διέσεισε,
1103 622 1193 677 καὶ
1270 620 1363 677 σὺν
1432 622 1567 697 ὀργῇ
1618 620 1884 695 θαύματος

226 712 507 789 ἐπλήρωσε
538 712 639 777 τὴν
681 710 888 789 ψυχήν,
924 709 1069 790 Ἔφη
1127 714 1250 789 γάρ·
1314 709 1443 768 Οὔτε
1482 716 1588 766 τῶν
1646 708 1880 787 ἐπαγγε-

225 803 355 861 λιῶν
407 823 501 858 σου
557 801 648 858 καὶ
704 798 913 878 δωρεῶ)
974 798 1245 877 ἐφιέμεθα,
1306 799 1546 877 βασιλεῦ,
1599 798 1717 855 οὔτε
1778 803 1882 856 τῶν

228 889 467 950 ἀπειλῶν
523 889 662 954 ὅλως
731 890 1172 967 ἐπιστρεγόμεθα.
1234 891 1339 952 Τὰς
1399 889 1497 964 μὲν
1556 890 1655 969 γὰρ
1711 890 1883 954 πόσας

228 980 289 1039 ἂν
321 984 408 1037 καὶ
440 979 597 1044 ποίας
648 976 843 1056 ὀρέξεις
874 981 948 1042 ὡς
992 977 1277 1047 δυτηθῆναι
1307 978 1482 1044 θέλξαι
1534 981 1718 1059 ψυχὴν
1776 980 1883 1037 τῶν

228 1071 353 1135 ἴσας
395 1070 488 1126 καὶ
517 1069 736 1146 ὀνείροις
785 1082 906 1132 τοῖς
941 1079 1033 1129 τοῦ
1087 1070 1292 1144 κόσμου
1322 1076 1451 1125 πᾶσι
1508 1068 1885 1149 προσεχόντων

230 1172 507 1240 τερπνοῖς,
551 1160 714 1216 κακὸν
744 1157 799 1215 δὲ
853 1158 905 1215 τί
934 1159 996 1214 ἃν
1029 1163 1115 1216 καὶ
1166 1157 1487 1228 ὰπειλήσαις
1517 1171 1633 1223 τοῖς
1691 1159 1885 1234 ζημίαν

238 1250 438 1327 μᾶλλον
497 1248 865 1328 λογιζομένοις
913 1250 972 1305 τὸ
1004 1250 1081 1324 μὴ
1122 1250 1190 1305 τὰ
1219 1248 1585 1329 χαλεπώτατα
1637 1250 1883 1313 ὑποστῆ-

236 1360 313 1397 ναι
344 1338 430 1396 διὰ
486 1338 713 1417 Χριστόν
746 1358 763 1418 ;
796 1338 902 1395 "Av
930 1337 987 1394 δὲ
1037 1338 1213 1417 λέγεις
1264 1340 1354 1395 καὶ
1386 1336 1468 1419 ἐφ’
1529 1341 1615 1403 οἷς
1647 1334 1746 1417 ἄρα
1800 1338 1889 1393 καὶ

230 1430 497 1510 ἐγκαυχᾷ,
546 1443 664 1493 τοῖς
708 1429 845 1487 κατὰ.
881 1434 987 1487 τῶν
1031 1432 1193 1486 ἐθνῶν
1240 1428 1411 1497 δήπου
1459 1429 1725 1506 τροπαίοις
1755 1436 1889 1485 ταῦ-

230 1543 296 1578 τα
339 1518 547 1595 μᾶλλον
589 1520 722 1598 πρὸς
751 1519 906 1594 ἡμῶν
962 1517 1199 1598 ἔσονται,
1228 1520 1318 1576 καὶ
1368 1530 1487 1581 τοῖς
1540 1518 1696 1592 ἐμοῖς
1750 1539 1890 1590 συμ-

1967 637 2140 697 guam
2194 617 2379 678 vinxit
2408 616 2783 696 Maximiano,
2820 624 2877 677 et
2933 633 3039 678 cor
3069 617 3199 695 ejus
3249 617 3619 680 conturbavit

1968 714 2024 768 et
2056 705 2354 785 labefecit,
2383 716 2439 767 et
2470 705 2647 767 simul
2680 724 2815 766 cum
2849 706 2936 766 ira
2966 706 3095 785 ejus
3126 706 3396 767 animum
3424 708 3622 788 reple-

1966 795 2043 856 vit
2074 795 2492 857 admiratione.
2526 793 2683 856 Dixit
2713 796 2911 858 enim:
2949 797 3162 873 Neque
3197 803 3297 856 tua
3329 800 3622 876 promissa

1967 891 2028 947 et
2079 885 2234 946 dona
2291 885 2725 959 desideramus,
2765 903 2799 945 o
2850 885 3198 966 imperator,
3244 904 3442 967 neque
3493 895 3624 948 tuas

1970 974 2161 1035 minas
2184 976 2431 1036 omnino
2463 992 2764 1036 curamus.
2800 975 2906 1037 Illa
2930 975 3090 1036 enim
3115 976 3413 1056 quomodo
3435 995 3623 1057 appeo

1970 1071 2256 1143 teramus,
2281 1073 2384 1125 aut
2414 1063 2714 1144 quomodo
2733 1082 2803 1125 ea
2834 1074 3101 1126 nostrum
3133 1065 3457 1128 delinirent
3485 1068 3619 1128 ani-

1973 1172 2158 1233 mum,
2191 1154 2319 1234 qui,
2354 1171 2729 1234 quaecunque
2756 1163 2896 1215 sunt
2927 1154 3156 1230 mundi,
3195 1154 3483 1218 habemus
3515 1173 3622 1237 pro

1973 1242 2252 1305 somniis?
2282 1243 2495 1304 Malum
2519 1248 2722 1305 autem
2751 1243 2896 1323 quid
2924 1244 2998 1304 iis
3023 1244 3339 1327 miniteris,
3364 1247 3463 1326 qui
3490 1263 3626 1326 pae-

1974 1350 2108 1394 nam
2134 1332 2327 1412 potius
2350 1331 2713 1411 existimant,
2738 1351 2855 1392 non
2879 1333 2971 1394 vel
2993 1333 3337 1412 gravissima
3358 1336 3622 1397 sustine-

1972 1440 2041 1484 re
2071 1429 2314 1503 prapter
2340 1421 2644 1483 Christum
2677 1426 2706 1483 ?
2735 1419 2878 1493 Quas
2906 1439 3049 1484 vero
3083 1423 3254 1498 dicis,
3292 1432 3350 1485 et
3380 1424 3456 1486 de
3486 1425 3626 1503 qui-

1975 1512 2086 1573 bus
2124 1511 2399 1591 gloriaris
2430 1510 2506 1571 de
2563 1512 2823 1591 tropaeis,
2859 1511 3124 1592 inquam,
3156 1513 3441 1575 adversus
3481 1533 3632 1593 gen-

234 1607 542 1691 φθέγξοιται
574 1606 782 1685 λόγοις.
815 1606 983 1665 τὈταν
1014 1608 1114 1687 γὰρ
1133 1612 1193 1667 οὒ
1223 1610 1250 1663 ὁ
1282 1606 1561 1670 πλείστους
1594 1608 1890 1673 νενικηκὼς

1989 1620 2061 1664 .es
2092 1601 2337 1676 erectis,
2365 1618 2435 1661 ea
2461 1602 2645 1676 magis
2677 1600 2918 1661 stabunt
2945 1620 2978 1661 a
3006 1601 3181 1663 nobis
3231 1609 3289 1663 et
3318 1602 3470 1666 meis
3499 1622 3634 1665 ver-

231 1690 358 1757 ὅσον
425 1701 574 1756 οὗπω
617 1700 878 1774 γυναικῶν
938 1700 1024 1755 καὶ
1082 1696 1283 1755 παίδων
1330 1699 1492 1777 ὀφθῇς
1562 1696 1891 1776 ἡττημένος,

1989 1691 2071 1753 bis
2100 1690 2604 1770 suﬂ‘ragabuntur.
2641 1690 2891 1763 Quando
2915 1690 3076 1753 enim
3101 1691 3202 1772 qui
3232 1692 3425 1754 vicisti
3450 1693 3636 1774 pluri-

233 1795 343 1847 τῶν
400 1789 466 1845 τὰ
528 1788 875 1866 Χριστιανῶν,
939 1791 1113 1867 φημί,
1189 1786 1514 1868 σεϐομένων,
1590 1790 1704 1852 πῶς
1771 1786 1896 1867 οὖχὶ

1989 1800 2110 1843 mos
2145 1799 2283 1844 mox
2331 1791 2692 1860 conspectus
2722 1798 2787 1841 es
2819 1780 3006 1842 victus
3053 1801 3086 1842 a
3117 1782 3357 1843 feminis
3387 1794 3445 1845 et
3478 1803 3631 1865 pue-

236 1877 425 1952 πολλῷ
496 1876 661 1934 πλέον
724 1879 758 1945 ἡ
816 1884 912 1935 τοῦ
987 1876 1120 1952 ἐμοῦ
1179 1884 1404 1955 Χριστοῦ
1456 1876 1673 1953 δύναμις
1742 1875 1893 1933 ἔσται

1989 1873 2085 1943 ris,
2121 1871 2198 1933 ob
2221 1870 2317 1945 iis,
2354 1870 2621 1950 inquam,
2658 1870 2757 1951 qui
2781 1870 2983 1931 colunt
3005 1870 3355 1950 religionem
3376 1873 3620 1935 Christi-

235 1967 596 2048 καταφανήςς
654 1968 751 2024 Καὶ
780 1968 912 2041 πρὸς
968 1968 1173 2029 τούτοις
1222 1967 1301 2029 τίς
1361 1965 1526 2030 οὕτως
1587 1964 1891 2041 ἐμϐρόντη-

1989 1980 2177 2037 anam,
2213 1959 2716 2041 quemadmodum
2748 1978 2867 2020 non
2905 1960 3019 2021 erit
3050 1961 3168 2021 mei
3201 1962 3419 2024 Christi
3451 1962 3638 2024 virtus

235 2081 325 2122 τος
370 2058 459 2115 καὶ
490 2054 716 2137 ἠλίθιος,
748 2058 821 2121 ὡς
880 2058 1024 2120 εὐθὺς
1056 2055 1364 2114 ἐκλαθέσθαι
1394 2065 1500 2113 τῶν
1540 2060 1616 2129 τῷ
1645 2058 1748 2134 πρὸ
1793 2079 1888 2130 μι-

1989 2052 2164 2112 multo
2187 2049 2587 2112 manifestior?
2614 2049 2685 2111 Et
2710 2058 3004 2129 praeterea
3028 2051 3162 2130 quis
3193 2060 3280 2113 est
3302 2053 3451 2113 adeo
3478 2060 3635 2114 atto-

236 2154 366 2227 κροῦ
408 2147 640 2224 βροντῶν
710 2167 768 2201 τε
830 2147 914 2202 καὶ
986 2152 1273 2225 κεραυνῶν,
1334 2148 1422 2202 καὶ
1491 2151 1589 2213 τῆς
1663 2147 1889 2224 φρικτῆς

1989 2141 2133 2201 nitus
2181 2148 2239 2201 et
2271 2140 2507 2214 stultus,
2547 2149 2608 2201 ut
2640 2140 2716 2200 sit
2746 2138 2963 2201 oblitus
2988 2141 3310 2202 tonitruum
3346 2150 3403 2202 et
3430 2140 3636 2203 fulmi-

235 2238 446 2303 ἱκείνης
500 2238 816 2310 θεοσημείας
866 2235 1104 2292 θανάτων
1156 2257 1213 2292 τε
1259 2241 1365 2292 τῶν
1423 2236 1611 2312 βιαίων
1662 2239 1753 2291 καί
1796 2241 1889 2291 τοῦ

1989 2248 2138 2304 ium,
2176 2247 2309 2310 quae
2343 2231 2517 2309 paulo
2567 2238 2703 2290 ante
2733 2228 2994 2304 fuerunt,
3028 2236 3089 2292 et
3133 2230 3292 2291 illius
3323 2233 3640 2293 horrendas

241 2328 434 2403 μικροῦ
500 2322 613 2381 δεῖν
690 2333 1119 2400 καταποντισμοῦ
1198 2324 1294 2382 καΐ
1344 2331 1443 2393 τῆς
1502 2332 1608 2382 τῶν
1681 2332 1895 2401 καρπῶν

1989 2319 2084 2381 Dei
2130 2318 2605 2398 significationis,
2647 2318 2977 2400 mortisque
3034 2320 3332 2397 violenta},
3369 2329 3429 2383 et
3480 2323 3634 2402 ejus,

244 2413 535 2495 ἀπωλείας,
614 2414 710 2471 καὶ
784 2417 927 2476 θεοῖς
997 2423 1161 2471 ταῦτα
1232 2428 1376 2495 σοῖς,
1448 2415 1585 2471 ἀλλὰ
1671 2417 1748 2491 μὴ
1822 2422 1899 2489 τῷ

249 2505 445 2572 ἀληθεῖ
497 2502 700 2579 μαλλον
754 2504 1046 2582 ἐπιγράψαι
1093 2510 1231 2585 Θεῷ,
1284 2507 1560 2584 εὐκαίρως,
1621 2509 1668 2561 ὦ
1735 2507 1895 2581 βασι-

243 2593 360 2668 λεῦ,
393 2593 489 2661 τὴν
542 2593 716 2672 ἀργὴν
754 2593 1008 2672 ἐπάγοντι
1070 2596 1206 2651 κατὰ
1248 2595 1355 2651 τῶν
1402 2596 1630 2660 ὶκείνους
1682 2596 1768 2652 καὶ
1811 2616 1898 2650 τι-

241 2683 468 2761 μώντων
512 2684 600 2740 καὶ
657 2681 1010 2757 σεϐομένων;
1089 2685 1176 2752 Μὴ
1245 2692 1372 2763 γοῦν
1439 2685 1578 2741 οὕτω
1633 2684 1899 2763 θαρρήσῃς

239 2775 332 2831 τὸν
360 2772 487 2830 καθ’
544 2775 702 2848 ἡμῶν
730 2772 993 2848 πόλεμον·
1026 2773 1138 2829 ἔστι
1182 2776 1267 2831 καὶ
1298 2776 1436 2849 ἡμῖν
1485 2775 1685 2831 ἀνωθεν
1732 2774 1894 2849 ὅπλα,

241 2867 328 2928 οἷς
384 2862 566 2941 ὥσπερ
597 2865 643 2919 οἱ
686 2864 769 2920 σοὶ
810 2861 1086 2943 δορυφόροι
1129 2862 1273 2942 παρᾶ
1320 2870 1413 2920 σοῦ
1465 2865 1723 2944 σήμερον,
1760 2863 1900 2919 οὕτω

242 2951 309 3021 δὴ
367 2954 455 3009 καὶ
486 2951 630 3031 παρὰ
656 2959 750 3010 τοῦ
798 2949 1060 3018 ϐασιλέως
1090 2959 1197 3009 τῶν
1249 2952 1389 3009 ὅλων
1417 2955 1583 3029 ἡμεῖς
1629 2952 1897 3034 φυλαττό-

244 3045 401 3120 μεθα,
436 3041 503 3099 δι’
566 3045 640 3098 ὧν
674 3044 762 3100 καὶ
820 3041 1203 3119 ἀντιταξόμεθά
1249 3065 1333 3100 σοι
1364 3045 1450 3100 καὶ
1497 3045 1785 3119 νικήσομεν
1817 3044 1900 3099 νί-

243 3153 347 3199 κην
389 3130 589 3209 κομιδῆ
637 3129 1089 3211 παραδοξοτάτην.
1150 3131 1481 3209 Βαλλόμενοι
1524 3134 1625 3212 γὰρ
1681 3132 1903 3191 ἀνελοῦ-

1978 2428 2112 2486 quae
2136 2427 2322 2490 prope
2347 2409 2985 2489 fuit,submersioniset
3005 2409 3307 2473 fructuum
3332 2412 3632 2473 interitus:

1979 2507 2039 2560 et
2066 2498 2228 2576 quod
2262 2499 2388 2560 haec
2418 2498 2536 2560 tuis
2566 2498 2706 2573 diis,
2741 2516 2861 2559 non
2890 2505 3088 2560 autem
3120 2517 3257 2560 vero
3291 2500 3488 2581 potius
3515 2500 3639 2562 Deo

1982 2588 2468 2668 ascripseris,qui
2496 2595 2895 2669 opportune,o
2917 2586 3454 2669 imperator,infert
3481 2594 3630 2651 iram

1983 2679 2269 2740 adversus
2302 2696 2428 2753 eos,
2463 2679 2562 2758 qui
2587 2678 2721 2738 illos
2753 2678 3048 2739 honorant
3078 2687 3137 2740 et
3166 2680 3398 2741 colunt?
3424 2680 3515 2742 Ne
3545 2682 3633 2742 sic

1983 2787 2125 2847 ergo
2158 2767 2379 2829 bellum
2413 2776 2620 2829 contra
2641 2783 2753 2829 nos
2768 2768 3124 2848 susceperis.
3160 2767 3309 2830 Sunt
3336 2768 3507 2832 nobis
3529 2788 3633 2832 ar-

1986 2877 2079 2919 ma
2127 2876 2366 2938 quoque
2396 2858 2676 2937 desuper,
2708 2855 2928 2938 quibus
2976 2864 3129 2918 sicut
3160 2858 3337 2921 hodie
3388 2858 3470 2919 tui
3504 2877 3538 2920 a
3578 2868 3634 2922 te

1985 2948 2297 3020 satellites,
2343 2946 2425 3008 ita
2476 2964 2585 3008 nos
2613 2963 2648 3007 a
2675 2964 2818 3025 rege
2840 2947 3143 3008 munimur
3196 2947 3630 3023 universorum,

1988 3055 2093 3119 per
2149 3055 2286 3114 quae
2314 3044 2376 3099 et
2435 3044 2641 3098 contra
2690 3046 2745 3096 te
2796 3035 2856 3096 in
2900 3037 3090 3099 aciem
3143 3036 3541 3116 prodibimus,
3576 3045 3637 3100 et

1985 3126 2385 3207 adipiscamur
2436 3125 2740 3186 victoriam
2772 3125 2941 3186 valde
2998 3125 3436 3189 admirabilem.
3482 3129 3632 3190 Per-

246 3243 368 3297 μεν,
434 3226 532 3280 κα³ι
590 3222 874 3288 πίπτοντες
929 3223 992 3279 τὸ
1059 3224 1196 3280 κατὰ
1262 3230 1356 3281 σοῦ
1413 3223 1718 3300 στησόμεθα
1773 3225 1900 3303 τρό-

1989 3217 2143 3279 cussi
2177 3217 2361 3292 enim,
2396 3216 2815 3278 interimemus
2847 3234 2860 3279 :
2919 3223 2977 3278 et
3005 3216 3310 3295 cadentes,
3341 3225 3552 3280 contra
3583 3229 3639 3281 te

244 3333 430 3376 παιον,

330 3402 416 3477 ις’
416 3400 430 3427 ³
439 3445 456 3463 .
489 3400 723 3463 ’Ἤκουσε
782 3408 947 3459 ταῦτα
979 3404 1007 3460 ὁ
1058 3402 1330 3481 βασιλεὺς,
1365 3407 1461 3462 καί
1488 3411 1566 3477 τῷ
1615 3409 1768 3481 τομῷ
1796 3410 1904 3462 τῶν

247 3491 429 3571 λόγων
471 3491 654 3571 ὥσπερ
697 3493 774 3555 εἷς
820 3491 990 3567 μέσην
1026 3490 1303 3558 διακοπεὶς
1358 3495 1457 3562 τὴν
1506 3493 1724 3569 καρδίαν
1775 3501 1905 3572 κρύ-

249 3585 350 3658 ψαι
403 3588 492 3639 νῦν
519 3582 583 3637 τὸ
613 3581 776 3644 πάθος
820 3580 876 3638 ἐν
904 3581 1190 3662 ἆπορῤήτῳ
1236 3590 1334 3651 τῆς
1368 3585 1555 3664 ψυχῆς
1613 3583 1906 3651 διανοηθεὶς

248 3669 397 3730 οὐδὲν
451 3668 615 3728 πλέον
670 3672 832 3729 εἰπὼν
902 3672 940 3740 ἢ
997 3670 1187 3750 δράσας
1247 3681 1339 3731 τοῦ
1400 3680 1527 3730 ναοῦ
1584 3673 1796 3744 ἕζξοσιν,
1849 3665 1907 3731 Ὀ

249 3760 440 3833 μέντοι
519 3757 739 3829 εὐσεϐὴς
801 3763 1009 3827 ἐκεῖνος
1062 3761 1191 3827 λαὸς
1264 3769 1342 3838 τῷ
1398 3762 1497 3838 μὲν
1556 3768 1672 3836 Θεῷ
1730 3760 1903 3836 δόξαν,

250 3850 517 3929 Γλυκερίῳ
573 3847 628 3906 δὲ
683 3858 761 3925 τῷ
815 3857 964 3930 σοφῷ
1028 3852 1274 3917 τοιαύτας
1318 3850 1538 3916 ἕκαστος
1597 3851 1907 3931 προσιόδτες

248 3939 489 3998 ὶδίδοσαν
546 3941 640 4003 τὰς
696 3942 873 4022 φωνὰς
928 3933 1019 4006 Ὠς
1054 3940 1251 4021 γλυκέα
1306 3947 1386 4015 τῷ
1441 3939 1669 4020 λάγυγγί
1699 3963 1802 4017 μου
1843 3942 1909 3996 τὰ

247 4030 413 4109 λόγιά
469 4052 586 4105 σου,
620 4030 751 4108 ὑπὲρ
809 4029 932 4107 μέλι
961 4038 1039 4106 τῷ
1097 4031 1322 4108 στόματί
1381 4032 1532 4107 μουὲ
1599 4029 1910 4107 Μαξιμιανῷ

245 4119 303 4177 δὲ
353 4120 451 4177 οὒκ
506 4118 727 4195 ἔμελλεν
777 4122 806 4176 ὁ
856 4121 1017 4195 θυμὸς
1087 4120 1173 4178 ἐπὶ
1236 4119 1374 4179 πολὺ
1432 4122 1684 4184 καθεκτὸς
1743 4124 1907 4193 εἶναι,

246 4207 391 4266 ἀλλὰ
441 4208 647 4289 σφόζων
691 4208 746 4264 ἐν
800 4211 943 4285 αὐτῷ
977 4212 1142 4267 πείθει
1201 4211 1358 4292 χερσὶ
1401 4222 1815 4290 στρατιωτικαῖς
1844 4215 1912 4287 τῇ

248 4297 514 4371 ἐκκλησίᾳ
567 4301 855 4379 προσιόντα
911 4297 1193 4379 Γλυκέριον
1259 4299 1682 4381 συλληγφθῇναι,
1744 4301 1912 4381 ἀνάρ-

246 4389 455 4447 παστόν
498 4409 557 4445 τε
611 4390 745 4469 πρὸς
777 4388 935 4446 αὒτόν
991 4388 1247 4470 ἂχθῆναι³
1312 4392 1370 4446 ὃν
1426 4387 1491 4458 δὴ
1523 4394 1610 4448 καὶ
1662 4397 1740 4465 τῷ
1769 4393 1911 4447 ἑκεί-

245 4499 339 4537 νου
398 4478 604 4555 βήματι
659 4477 1024 4557 παραστάντα,
1078 4477 1246 4556 μηδὲν
1297 4478 1571 4559 ἐρωτήσας
1631 4480 1915 4538 τύπτεσθαι

1986 3315 2273 3388 tropaeum
2307 3306 2590 3385 erigmus.

2068 3395 2221 3461 XVI.
2255 3395 2395 3459 Haec
2424 3395 2609 3458 audiit
2658 3395 3007 3477 imperator,
3040 3404 3099 3458 et
3139 3396 3481 3460 secantibus
3512 3415 3642 3460 ver-

1990 3486 2081 3549 bis
2101 3486 2161 3548 in
2190 3487 2390 3549 medio
2421 3486 2605 3547 corde
2634 3486 3076 3566 quodammodo
3104 3487 3426 3559 sauciatus,
3457 3488 3643 3550 animi

1993 3584 2220 3638 motum
2277 3578 2333 3637 in
2367 3576 2686 3657 praesentia
2732 3576 2930 3638 celare
2959 3576 3187 3638 habens
3239 3578 3298 3638 in
3329 3577 3555 3653 animo,
3588 3586 3647 3639 et

1990 3666 2138 3727 nihil
2162 3666 2418 3747 amplius
2436 3666 2646 3727 dicens
2674 3675 2772 3727 aut
2800 3666 3047 3742 faciens,
3084 3686 3118 3729 e
3149 3666 3373 3748 templo
3399 3667 3642 3745 egredi-

1993 3768 2112 3820 tur.
2145 3754 2286 3817 Pius
2304 3764 2502 3817 autem
2522 3755 2622 3816 ille
2646 3757 2921 3836 populus,
2950 3757 3070 3819 Deo
3097 3755 3338 3836 quidem
3366 3755 3641 3834 gloriam,

1990 3844 2244 3926 sapienti
2278 3862 2416 3906 vero
2447 3843 2750 3922 Glycerio,
2772 3861 2877 3923 pro
2905 3861 2970 3905 se
3003 3844 3257 3925 quisque
3290 3845 3440 3906 talos
3468 3862 3646 3907 voces

1991 3934 2227 3998 edidit:
2277 3934 2462 4007 Quam
2515 3932 2713 3996 dulcia
2769 3933 2991 4012 gutturi
3044 3951 3179 3995 meo
3237 3933 3474 4014 eloquia
3520 3943 3640 4011 tua,

1992 4041 2177 4104 supra
2209 4026 2323 4087 mel
2357 4024 2447 4086 ori
2479 4041 2614 4086 meo
2641 4022 2711 4085 5!
2748 4046 2770 4081 ι)
2806 4024 2938 4086 Non
2970 4022 3231 4085 futurum
3261 4032 3458 4085 autem
3494 4035 3643 4101 erat,

1994 4122 2059 4178 ut
2077 4113 2471 4177 Maximianus
2493 4116 2640 4176 iram
2663 4112 2764 4175 diu
2796 4111 3126 4194 cohiberet,
3150 4112 3257 4175 sed
3281 4114 3440 4196 apud
3465 4132 3531 4175 se
3552 4116 3647 4177 fu-

1993 4222 2133 4268 rore
2165 4205 2451 4286 percitus,
2479 4202 2654 4284 jubet
2688 4202 3024 4284 Glycerium
3059 4212 3299 4265 euntem
3344 4202 3418 4264 ad
3449 4204 3649 4267 eccle-

1996 4296 2144 4358 siam
2197 4294 2627 4376 comprehendi
2661 4309 2840 4355 manu
2894 4293 3154 4367 militari,
3190 4300 3247 4354 et
3276 4302 3642 4373 correptum,

1996 4386 2067 4448 ad
2095 4403 2161 4447 se
2190 4383 2698 4458 adduci.Quicum
2723 4383 2795 4445 ad
2827 4382 2899 4445 ad
2921 4382 3079 4444 illius
3102 4381 3360 4445 tribunal
3397 4401 3528 4445 esse
3544 4384 3644 4445 ad-

1998 4476 2232 4550 ductus,
2269 4474 2420 4537 nihil
2450 4474 2880 4555 interrogatum
2906 4472 3087 4553 jussit
3116 4471 3421 4535 verberari
3465 4472 3644 4535 boum

247 4568 551 4647 βουνεύροις
623 4567 864 4626 ἐκέλευεν
921 4566 1063 4626 οὕτω
1132 4567 1395 4650 σφοδρῶς,
1457 4569 1556 4636 ἕως
1629 4573 1749 4635 τοὺς
1812 4570 1902 4647 μὲι

2000 4569 2190 4627 nervis
2214 4576 2335 4653 tam
2365 4567 2747 4636 vehementer,
2761 4567 2953 4653 donec
2972 4566 3543 4653 verberantesjussit
3561 4566 3645 4622 di-

244 4658 551 4723 τύπτοντας
619 4659 654 4726 ἡ
706 4659 889 4739 ἰσχὺς,
936 4658 1142 4716 ἐκεῖνον
1185 4657 1241 4715 δὲ
1300 4666 1684 4736 μαστιζόμενον
1742 4660 1914 4727 ὶξέλι-

242 4769 347 4805 πεν
407 4749 441 4817 ἡ
497 4749 673 4827 φωνή*
709 4754 797 4804 καὶ
847 4748 1029 4824 κόρυκι
1082 4747 1136 4804 δὲ
1186 4756 1404 4807 τοιαῦτα
1453 4749 1726 4828 επιὶέγειν
1773 4750 1918 4825 αὐτῷ

242 4837 594 4914 τυπτομένῳ,
627 4836 814 4896 Φείδου
866 4839 930 4895 τὰ
974 4836 1150 4896 πολλὰ
1198 4837 1469 4918 γλώττης,
1505 4837 1774 4915 Γλυκέριε,
1830 4839 1917 4907 Μὴ

243 4926 491 5007 ἀλαζὼν,
553 4927 633 5004 μὴ
688 4929 1039 5003 στασιαστὴς,
1102 4928 1181 4999 μὴ
1247 4926 1495 4995 οὖθάδης.
1563 4929 1702 5005 Τίμα
1777 4919 1914 4987 Ῥω-

242 5018 427 5096 μαίων
479 5014 603 5094 ἴθη,
633 5014 781 5076 αἰδοῦ
826 5016 1095 5095 βασιλεῖς.
1155 5016 1306 5077 Οὕτω
1349 5017 1448 5094 μὲν
1489 5017 1744 5075 ἐπέταττε
1794 5025 1916 5076 Μα-

246 5106 521 5183 ξιμιανός’
583 5105 705 5164 ἀλλ’
761 5107 883 5165 οὔτε
940 5107 1235 5185 βασανίζων
1293 5107 1526 5185 ἔπεισεν,
1571 5107 1688 5165 οὔτε
1753 5115 1918 5165 ταῦτα

250 5195 472 5271 ὶπᾴδων
529 5195 1003 5274 κατεδυσώπησεν,
1074 5196 1215 5255 ἀλλὰ
1290 5200 1544 5277 κρείττων
1603 5200 1631 5254 ὁ
1719 5196 1918 5277 μάρτυς

249 5288 346 5347 καὶ
407 5293 515 5346 τῶν
545 5285 750 5364 δημίων
808 5290 1036 5368 χειρῶν,
1067 5289 1156 5346 καὶ
1203 5295 1312 5346 τῶν
1338 5285 1683 5364 ἐπᾳδομένων
1731 5291 1920 5370 φωνῶν

249 5380 352 5437 τὸν
413 5379 603 5438 ἑαυτοῦ
659 5378 885 5456 βασιλέα
942 5378 1140 5455 ἐζήτει,
1186 5379 1276 5435 καὶ
1316 5378 1419 5445 τὴν
1475 5378 1678 5436 ἐκεῖθεν
1732 5376 1920 5444 ἐξεκα-

250 5467 417 5528 λεῖτο
457 5468 717 5546 βοώθειαν
772 5470 919 5534 ὅπως
974 5470 1106 5550 εἶχε
1148 5470 1237 5526 καὶ
1266 5472 1448 5549 φωνῆς
1492 5468 1579 5526 καὶ
1623 5465 1917 5551 δυνάμεως,

1999 4655 2184 4734 vires,
2210 4651 2379 4714 illum
2420 4661 2644 4733 autem,
2671 4650 2775 4729 qui
2806 4649 3166 4727 caedebatur,
3195 4669 3306 4713 vox
3334 4652 3645 4714 deficeret.

2000 4742 2262 4806 Praeconi
2308 4760 2546 4824 quoque
2578 4742 2656 4817 ei,
2691 4742 2832 4803 dum
2883 4739 3325 4817 verberabatur,
3352 4740 3539 4821 jussit
3563 4743 3656 4804 di-

2001 4854 2141 4899 cere
2171 4857 2187 4894 :
2220 4833 2445 4914 Lingua
2475 4834 2710 4914 parcius
2741 4839 2938 4914 utere,
2966 4853 3000 4894 o
3032 4833 3286 4913 Glyceri.
3320 4834 3413 4896 Ne
3440 4839 3521 4893 sls
3549 4849 3651 4894 ar-

2001 4943 2242 5006 rogans,
2279 4941 2390 4986 nec
2442 4923 2784 5004 seditiosus,
2819 4940 2931 4984 nec
2979 4924 3268 4985 insolens.
3302 4920 3369 4983 In
3427 4923 3657 4984 honore

2000 5015 2154 5078 habe
2186 5032 2386 5077 mores
2414 5012 2818 5076 Romanorum
2849 5032 2867 5090 ;
2926 5029 3207 5074 reverere
3236 5012 3657 5093 imperatores.

2004 5106 2104 5169 Sic
2155 5104 2397 5185 quidem
2447 5102 2760 5184 imperavit
2809 5101 3253 5166 Maximianus:
3309 5102 3416 5164 sed
3459 5119 3658 5183 neque

2002 5203 2288 5275 torquens
2364 5193 2681 5274 persuasit,
2741 5208 2940 5272 neque
3009 5191 3136 5255 hzec
3197 5198 3446 5254 cantans
3515 5209 3652 5253 eum

2002 5284 2198 5349 aﬂ‘ecit
2239 5282 2490 5365 pudore,
2524 5282 2634 5345 sed
2662 5300 2801 5345 cum
2833 5288 2993 5343 esset
3044 5288 3263 5362 martyr
3291 5280 3571 5363 superior
3600 5289 3659 5343 et

2005 5372 2282 5438 manibus
2314 5373 2617 5449 lictorum,
2642 5381 2699 5434 et
2730 5369 2977 5435 vocibus
3007 5390 3142 5454 quia
3174 5372 3232 5434 ei
3262 5369 3658 5434 incantaban-

2006 5465 2125 5541 tur,
2160 5461 2463 5546 quaarebat
2484 5481 2655 5524 suum
2678 5460 2927 5541 Regem,
2954 5469 3012 5524 et
3032 5469 3154 5523 tota
3182 5479 3329 5523 voce
3349 5468 3410 5523 et
3437 5459 3661 5522 viribus

251 5558 423 5641 Κύριε
481 5557 662 5627 Ἰησοῦ
718 5558 938 5639 Χριστὲ,
968 5548 1167 5639 λέγων,
1201 5548 1381 5639 ὥσπερ
1439 5556 1504 5631 δή
1563 5579 1632 5637 με
1660 5560 1789 5640 ὑπὲρ
1835 5564 1902 5617 σοῖ

2014 5549 2174 5621 illius
2202 5553 2512 5623 invocabat
2558 5552 2841 5615 auxilium
2879 5572 2896 5629 ;
2930 5551 3189 5641 Domine
3208 5548 3658 5641 Jesu-Christe,

250 5648 441 5732 λέγειν
497 5647 754 5730 ἔρῤὠσάς,
787 5646 927 5707 οὕτω
978 5645 1044 5719 δὴ
1101 5650 1191 5709 καὶ
1248 5648 1378 5730 ὅπερ
1437 5649 1532 5707 σοῦ
1562 5649 1795 5732 πάσχειν
1836 5649 1924 5710 ἒν-

334 5799 370 5855 5
399 5795 636 5865 Psalm.
666 5809 865 5875 CXLIII,
900 5792 1043 5859 103.

2013 5647 2246 5736 dicens,
2271 5643 2574 5732 quomodo
2606 5660 2727 5725 me,
2751 5649 2816 5707 ut
2843 5659 2950 5727 pro
2981 5648 3039 5704 te
3067 5639 3356 5720 dicerem,
3372 5639 3659 5703 corrobo-
