4086 6408
444 375 598 442 1059

1650 369 2038 433 ADDENDA.
2092 401 2148 415 -
2181 368 2614 433 DECEMBER.

3701 372 3845 439 1060

440 512 608 586 rasti,
644 513 726 573 ita
776 507 981 585 etiam,
1014 528 1049 571 ο
1080 508 1262 588 bone,
1294 507 1370 568 da
1414 505 1562 569 mihi
1592 505 1773 584 vires,
1808 511 1873 564 ut
1905 521 2012 583 pro
2045 510 2089 565 te

2184 504 2430 586 ίσχυσον,
2464 503 2653 580 ἀγαθὲ,
2686 502 2781 559 ἵνα
2816 508 2885 579 τῇ
2941 504 3221 582 προσθήκῃ
3270 504 3377 561 τῶν
3432 503 3692 584 ἀλγεινῶν
3723 509 3838 582 μεί-

439 603 651 684 patiar,
686 610 750 662 ut
796 600 1142 663 accessione
1173 615 1380 659 eorum
1430 614 1562 676 quae
1592 602 1731 657 sunt
1780 593 1989 669 tristia,
2023 595 2101 655 sit

440 697 584 754 mihi
615 698 981 767 praemiorum
1016 692 1198 764 major
1226 693 1633 749 remuneratio.
1677 689 1797 746 Hoc
1823 698 2095 759 tanquam

438 785 594 854 ignis
616 784 736 853 igni
760 779 1391 846 additum,Maximiano
1415 774 1688 846 majorem
1712 777 1858 831 iram
1890 787 2100 831 accen-

440 864 550 944 dit;
590 864 719 944 ipse
747 870 942 924 autem
978 879 1104 941 eos,
1137 860 1239 940 qui
1272 858 1707 939 pereutiebant,
1739 874 2005 938 eousque
2036 865 2101 917 ut

441 956 826 1018 verberarem
848 955 1134 1027 incitavit,
1162 955 1355 1015 donec
1379 971 1597 1032 corpus
1621 951 1896 1031 martyris
1931 948 2099 1011 humi

431 1045 684 1127 jaceret,
719 1044 867 1106 nihil
894 1044 1178 1106 differens
1195 1043 1269 1105 ab
1293 1042 1609 1105 inanimis:
1643 1041 1934 1120 sanguine
1959 1038 2097 1119 qui-

441 1137 578 1197 dem
606 1135 731 1216 jam
764 1134 1092 1207 exinanito,
1121 1132 1278 1214 pelle
1300 1149 1443 1194 vero
1466 1141 1640 1193 vento
1666 1131 2008 1209 tumefacta,
2042 1137 2101 1190 et

433 1223 565 1305 ipsa
593 1242 775 1286 carne
804 1223 970 1304 prius
1000 1231 1356 1302 consumpta
1389 1230 1448 1283 et
1488 1218 1663 1281 nudis
1688 1221 1833 1280 solis
1863 1218 2100 1280 ossibus

435 1313 882 1396 apparentibus.
935 1312 1103 1385 Quod
1161 1311 1402 1391 quidem
1459 1311 1639 1371 movit
1687 1308 2103 1396 misericordia

440 1395 562 1464 non
592 1402 785 1464 solum
819 1402 950 1480 pios
981 1408 1040 1462 et
1071 1399 1363 1463 humanos
1392 1398 1727 1475 animo,sed
1755 1398 1934 1459 etiam
1967 1395 2100 1458 ani-

438 1511 568 1554 mos
614 1490 973 1554 inﬁdelium.
1005 1491 1081 1552 At
1133 1509 1251 1552 non
1281 1490 1731 1568 Maximianum,
1763 1488 1935 1567 cujus
1975 1487 2100 1548 ani-

438 1600 573 1643 mus
599 1592 727 1642 erat
758 1580 956 1659 lapide
985 1579 1216 1641 durior.

372 1742 375 1745 ,
516 1668 702 1734 XVII.
738 1668 855 1731 Sed
888 1678 1197 1750 postquam
1229 1669 1318 1730 sic
1338 1668 1613 1730 affectum
1647 1667 2012 1748 Glycerium,
2038 1671 2098 1727 et

435 1779 470 1823 a
500 1768 735 1821 mortuo
766 1758 1006 1839 quidem
1038 1758 1188 1820 nihil
1227 1775 1414 1838 prope
1468 1756 1870 1833 dill‘erentem,
1905 1757 2090 1819 solam

433 1842 629 1911 autem
686 1848 945 1927 linguam
982 1857 1316 1910 moventem
1376 1847 1741 1936 vehementi
1764 1845 1999 1928 spiritu,
2034 1857 2091 1910 et
2119 1887 2155 1936 Β

432 1939 735 2000 dicentem
766 1954 781 2001 :
843 1936 987 2000 Sum
1019 1937 1418 2012 Christianus,
1455 1954 1662 1998 servus
1712 1934 1955 2017 Christi,
1991 1938 2094 2018 qui

431 2027 594 2089 solus
646 2035 738 2089 est
766 2044 944 2087 verus
989 2024 1200 2106 Deus;
1258 2044 1412 2087 unus
1442 2035 1533 2088 est
1594 2024 1742 2086 mihi
1773 2023 2088 2106 Dominus,

432 2134 586 2178 unus
632 2117 783 2179 Rex.
816 2114 946 2176 Non
995 2115 1194 2177 ferens
1243 2114 1348 2176 ille
1391 2113 1675 2194 loquendi
1727 2112 2088 2187 libertatem,

421 2205 598 2286 jubet
654 2222 791 2266 eum
848 2203 1092 2284 quidem
1156 2203 1301 2266 solvi
1360 2222 1396 2266 a
1452 2202 1732 2284 vinculis,
1766 2201 2087 2265 abductum

431 2313 575 2357 veru
606 2304 768 2356 extra
807 2292 1133 2367 civitatem,
1166 2299 1302 2372 igne
1363 2301 1630 2355 creatum
1664 2300 1918 2354 mortem
1980 2310 2086 2353 su—

430 2384 612 2447 bires.
641 2387 867 2447 Ductus
890 2402 1031 2463 ergo
1054 2401 1390 2462 generosus
1418 2382 1519 2444 ille
1549 2385 1620 2444 ad
1647 2383 1840 2444 locum
1874 2382 2090 2462 consti-

431 2481 647 2549 tutum,
711 2481 770 2535 et
818 2482 982 2535 stans
1054 2474 1128 2535 ad
1188 2473 1509 2545 orientem,
1575 2472 1785 2550 partim
1843 2472 2084 2552 quidem

428 2562 663 2624 Christo
693 2561 813 2641 egit
840 2562 1058 2641 gratias
1086 2560 1186 2642 qui
1212 2579 1348 2624 eum
1374 2580 1407 2624 a
1440 2559 1644 2622 multis
1677 2559 1959 2622 liberarat
1989 2580 2078 2641 ρο·

425 2651 673 2726 riculis;
705 2652 920 2731 partim
958 2660 1153 2712 autem
1188 2669 1296 2731 pro
1349 2668 1412 2711 se
1440 2650 1830 2711 vehementer
1874 2650 2080 2725 oravit,

429 2750 489 2805 et
516 2760 622 2822 pro
652 2741 787 2822 piis,
819 2747 921 2821 qui
951 2750 1121 2802 erant
1152 2739 1399 2821 ubique.
1432 2738 1664 2802 Deinde
1697 2758 1830 2801 cum
1863 2738 2084 2802 Christi

427 2832 659 2911 signum
691 2849 798 2893 suo
820 2829 1195 2893 adhibuisset
1215 2830 1479 2911 corpori,
1516 2829 1623 2890 fuit
1653 2829 1861 2891 aIIixus
1890 2829 2079 2910 ligno,

426 2941 595 2984 sacra
637 2924 890 2989 victima,
924 2926 1075 2982 aries
1103 2938 1310 2983 carens
1340 2925 1497 2981 omni
1532 2923 1744 2989 vitio,ei
1767 2927 1865 2996 qui
1901 2926 2082 2997 ligno.

425 3020 665 3082 propter
694 3024 801 3066 nos
833 3011 938 3067 fuit
967 3008 1194 3066 aﬂixus.
1227 3008 1366 3081 Igne
1388 3018 1571 3066 autem
1593 3009 1796 3066 subtus
1818 3023 2082 3077 accenso,

421 3097 557 3154 Jesu
583 3097 688 3154 fuit
715 3095 969 3152 oblatum
994 3095 1391 3153 holocaustum
1412 3105 1466 3151 et
1497 3095 1847 3153 sacriﬁcium
1878 3108 2087 3168 accep-

428 3179 637 3261 tabile,
658 3188 720 3242 et
749 3180 950 3241 divina
980 3180 1177 3242 hostia
1206 3197 1481 3262 supernae
1511 3180 1899 3244 conveniens.
1932 3179 2083 3253 Quid

2182 600 2286 665 ζων
2336 614 2425 667 μοι
2458 594 2546 649 καὶ
2575 593 2610 660 ἡ
2641 599 2747 651 τῶν
2776 590 3039 671 βραϐείων
3086 590 3345 655 ἀντίδοσις
3382 595 3626 672 γένηται.
3680 605 3837 656 Τοῦτο

2185 683 2419 759 καθάπερ
2488 683 2608 761 πυρὶ
2680 689 2782 761 πῦρ
2859 683 3143 749 προστεθὲν
3231 682 3554 758 Μαξιμιανῴ
3628 684 3838 745 πλείονα

2183 773 2275 829 τὸν
2320 772 2484 847 θυμὸν
2513 771 2743 847 ἀνῆψεν,
2803 772 2968 837 Αὐτὸς
3000 769 3056 827 δὲ
3086 772 3208 836 τοὺς
3239 772 3491 839 παίοντας
3533 775 3606 836 εἰς
3649 776 3838 832 τοσοῦ-

2181 876 2272 918 τον
2330 860 2534 939 ἠρέθισε
2582 861 2821 941 τύπτειν,
2857 859 2959 927 ἕως
3020 862 3081 917 τὸ
3128 867 3283 936 σῶμα
3328 861 3421 919 τοῦ
3450 863 3711 943 μάρτυρος
3757 865 3839 921 οὗ.

2184 949 2267 1007 δὲν
2298 953 2404 1005 τῶν
2446 949 2675 1029 ἅψύχων
2710 951 2965 1015 ἀπεοικὸς
3015 949 3101 1007 ἐπὶ
3145 951 3243 1028 γῆς
3288 950 3460 1008 ἔκειτο
3489 955 3582 1009 τοῦ
3609 953 3837 1028 αἵματος

2184 1041 2283 1114 μὲν
2322 1037 2419 1106 ἤδη
2468 1039 2809 1118 κενωθέντος,
2844 1039 3008 1107 αῦτῆς
3057 1038 3112 1095 δὲ
3163 1042 3356 1118 σαρκὸς
3413 1039 3835 1118 προδαπανηθεί-

2183 1150 2309 1202 σης,
2375 1131 2462 1184 καὶ
2506 1134 2610 1184 τῶν
2681 1129 2853 1185 ὀστῶν
2909 1129 3088 1204 μόνων
3150 1133 3323 1205 ψιλῶν
3376 1132 3833 1210 ῦποφαινομένων.

2183 1216 2313 1294 ὅπερ
2342 1218 2530 1275 οἶκτον
2578 1215 2824 1276 ἐνέϐαλεν
2861 1220 2921 1276 οῦ
2968 1232 3090 1282 ταῖς
3138 1217 3371 1278 εὐσεϐέσι
3421 1221 3584 1296 μόνον
3631 1225 3718 1280 καὶ
3750 1247 3835 1303 φι-

2182 1305 2512 1384 λανθρώποις
2574 1311 2808 1387 ψυχαῖς,
2841 1307 2981 1364 ἀλλὰ
3028 1307 3094 1377 δὴ
3124 1309 3212 1366 καὶ
3258 1323 3381 1375 ταῖς
3424 1316 3534 1366 τῶν
3576 1312 3833 1371 ἀπίστων·

2183 1394 2302 1453 ἀλλ’
2362 1398 2485 1476 οὐχί
2550 1420 2585 1453 κ
2614 1399 2665 1453 αὶ
2724 1397 3038 1474 Μαξιμιανῷ
3088 1404 3166 1472 τῷ
3212 1401 3300 1456 καὶ
3360 1399 3517 1458 αὐτοῦ
3564 1399 3706 1459 λίθου
3742 1404 3837 1470 τὴν

2184 1486 2371 1567 ψυχὴν
2399 1484 2760 1565 σκληροτέρψ,

2264 1663 2373 1727 IZ'.
2436 1662 2585 1721 Ἀλλ’
2617 1664 2730 1722 ἐπεὶ
2772 1665 3054 1744 Γλυκέριον
3084 1666 3224 1744 ἑώρα
3278 1670 3364 1725 καὶ
3408 1667 3576 1732 οὕτως
3608 1669 3828 1749 ἔχοντα,

2177 1754 2266 1810 καὶ
2319 1761 2502 1834 νεκροῦ
2560 1755 2658 1830 μὲν
2711 1754 2857 1812 οὐδὲν
2907 1755 3099 1833 μικροῦ
3141 1754 3475 1836 διαφέροντα,
3508 1764 3607 1835 τῇν
3651 1760 3833 1837 γλῶτ-

2176 1865 2270 1899 ταν
2346 1841 2401 1899 δὲ
2461 1850 2707 1901 κινοῦντα
2757 1845 2929 1919 μόνην
2983 1846 3037 1901 ὲν
3110 1848 3307 1925 θερμῷ·
3392 1848 3652 1923 πνεύματι
3720 1851 3828 1922 καὶ,

2177 1935 2492 2011 Χριστιανός
2548 1935 2679 2009 εἶμι,
2714 1932 2962 2012 λέγοντα,
2997 1942 3227 2013 Χριστοῦ
3276 1933 3461 1998 δοῦλος
3521 1947 3612 1997 τοῦ
3672 1939 3834 2013 μόνου

2177 2021 2336 2081 Θεοῦ.
2386 2022 2485 2087 Ε’ίς
2535 2022 2656 2096 ἐμοὶ
2704 2023 2909 2103 κύριος,
2956 2027 3039 2088 εἷς
3104 2022 3394 2099 δεσπότης,
3428 2030 3511 2091 εἷς
3557 2025 3832 2103 βασιλεύς·

2175 2112 2253 2185 μὴ
2282 2111 2513 2191 ἐνεγκὼν
2568 2113 2781 2178 ἐκεῖνας
2826 2118 2926 2176 τὴν
2958 2112 3250 2192 παρρησίαν
3305 2114 3523 2183 λυθῆναι
3574 2117 3673 2191 μὲν
3730 2118 3829 2175 αὐ-

2172 2207 2264 2258 τὸν
2310 2208 2415 2258 τῶν
2471 2201 2679 2277 δεσμῶν
2739 2202 2965 2279 κελεύει,
3001 2202 3100 2269 ἔξω
3158 2202 3213 2260 δὲ
3257 2210 3355 2281 τῇς
3414 2206 3621 2271 πόλεως
3681 2206 3827 2264 Emat-

2173 2290 2370 2371 χθέντα
2412 2293 2502 2348 τὸν
2532 2290 2616 2348 διὰ
2645 2295 2809 2368 πυρὸς
2861 2293 3155 2361 ὑποστῆναι
3186 2296 3432 2355 θάνατον.
3498 2292 3711 2375 Ἀχθεὶς
3741 2300 3831 2355 οῦν

2171 2382 2199 2435 ὁ
2260 2379 2506 2459 γεννάδας
2578 2381 2664 2438 ἐπὶ
2712 2385 2804 2438 τὸν
2874 2386 3143 2460 ὁρισθεντα
3192 2385 3378 2460 τόπον,
3428 2386 3524 2443 καῖ
3565 2388 3697 2463 πρὸς
3755 2387 3831 2445 ἓω

2171 2470 2320 2544 στὰς,
2353 2472 2509 2527 τοῦτο
2551 2471 2649 2545 μὲν
2680 2473 2842 2551 χάριν
2879 2471 3251 2551 ὡμολόγειτῷ
3294 2473 3355 2530 ἐκ
3410 2473 3626 2532 πολλῶν
3670 2476 3830 2535 αὐτὸν

2171 2558 2408 2637 παγίδων
2458 2561 2734 2638 ῲσάμένῳ
2791 2568 3022 2642 Χριστῷ,
3080 2571 3236 2621 τοῦτο
3285 2562 3332 2619 δὲ
3376 2566 3465 2621 καὶ
3508 2566 3695 2623 ἑαυτοῦ
3741 2572 3831 2624 καί

2168 2655 2275 2705 τῶν
2345 2650 2664 2729 ἁπανταχοῦ
2724 2655 2932 2730 θερμῶς
2998 2654 3327 2730 ὑπερτιύξατο
3377 2652 3628 2718 εὐσεϐῶν,
3689 2656 3831 2714 Εἶτα

2167 2739 2264 2807 τὴν
2311 2738 2404 2796 τοῦ
2452 2746 2678 2819 Χριστοῦ
2734 2739 3001 2821 σφραγῖδα
3044 2744 3122 2818 τῷ
3152 2744 3339 2801 ἑαυτοῦ
3392 2742 3661 2802 ἐπιϐαλὼν
3718 2768 3830 2802 σω·-

2168 2850 2296 2893 ματι
2352 2829 2678 2908 προσηλώθη
2712 2836 2789 2905 τῷ
2837 2829 2995 2909 ξύλω,
3047 2835 3186 2911 ἱερὸν
3243 2838 3409 2911 θῦμας
3467 2838 3614 2915 κριὸς
3668 2836 3829 2912 ἄμω-

2168 2940 2266 2981 πος
2305 2927 2382 2993 τῷ
2435 2919 2502 2975 δι’
2550 2918 2694 2996 ἧμᾶς
2726 2921 2865 2996 ξύλῳ
2911 2924 3337 3002 προσηλωθέντι’
3401 2930 3489 2982 καὶ
3547 2936 3639 2985 τοῦ
3666 2938 3831 3000 πυρὸς

2168 3006 2222 3063 δὲ
2284 3009 2522 3065 κάτωθεν
2577 3010 2894 3090 ἀναφθέντος
2940 3014 2985 3069 ὼ
3041 3012 3355 3082 λοκαυτώθη
3410 3023 3488 3089 τῷ
3538 3015 3717 3082 ἰησοῦ
3741 3020 3826 3072 θυ-

2170 3098 2256 3153 σία
2313 3096 2723 3180 εὐπρόσδεκτος,
2756 3101 3100 3179 καλλιέρημα
3158 3108 3302 3160 θεῖον
3331 3111 3409 3177 τῷ
3463 3104 3574 3162 ἅνω
3617 3110 3822 3185 προσῆ-

2169 3209 2262 3243 κον
2318 3195 2543 3266 Χριστοῦ
2595 3192 2972 3269 θυσιαστηρίῳ,
3036 3193 3096 3249 Τί
3152 3193 3217 3259 δὴ
3278 3195 3340 3248 τὸ
3393 3195 3680 3266 ἐντεῦθενς
3731 3194 3832 3272 ἆρα

425 3277 606 3338 vero?
641 3274 861 3335 hincne
892 3273 1185 3335 intellexit
1213 3261 1605 3336 maximianus
1637 3274 1764 3355 pios
1796 3291 1929 3336 esse
1958 3272 2082 3333 im-

2177 3277 2361 3342 τυνῆκε
2420 3280 2755 3351 Μακιμιανὸς
2813 3279 2874 3335 ἐκ
2929 3281 3131 3336 τούτων
3187 3282 3247 3336 τό
3303 3282 3409 3338 τῶν
3470 3282 3698 3341 εὐσεϐῶν
3761 3285 3834 3340 ἆ-

426 3366 790 3433 mutabiles?
838 3367 1083 3429 Multum
1112 3366 1326 3445 abest;
1385 3367 1490 3429 sed
1522 3386 1656 3430 cum
1703 3365 2084 3429 exsecrandae

425 3461 555 3541 ejus
572 3457 780 3519 hostiae
799 3456 1165 3520 ducerentur
1187 3456 1260 3519 ad
1283 3456 1566 3538 templum
1587 3456 1905 3518 duodecim
1930 3454 2081 3517 deo-

422 3566 583 3623 rum,
617 3546 776 3628 quod
828 3555 959 3608 erat
1007 3546 1163 3609 intra
1217 3550 1470 3627 regiam,
1525 3546 1772 3607 aderant
1835 3543 2082 3621 quidem

420 3637 614 3718 impii,
647 3636 918 3699 candidis
948 3645 1006 3697 et
1028 3636 1375 3714 magniﬁces
1405 3634 1672 3697 vestibus
1696 3632 2083 3695 celebrantes

421 3730 638 3790 festum
668 3726 762 3788 sui
808 3724 1288 3789 interitus.Solus
1336 3732 1538 3787 autem
1583 3722 1762 3785 Indes
1787 3724 1934 3785 atris
1981 3723 2083 3785 in-

423 3818 602 3882 dutus
625 3815 910 3894 vestibus,
934 3822 1148 3880 etcum
1174 3815 1299 3877 haec
1322 3812 1796 3889 celebrarentur,
1826 3814 2083 3875 maximo

432 3907 641 3971 dolore
667 3906 933 3981 atl‘ectus,
969 3924 1103 3967 cum
1146 3923 1213 3967 se
1241 3904 1303 3965 in
1334 3902 1503 3965 valde
1534 3904 1855 3966 tenebrosa
1883 3903 2084 3966 inclu-

430 3999 605 4060 sisset
653 3996 1036 4071 domuncula,
1071 3995 1393 4074 impiorum
1452 3992 1715 4057 deﬂebat
1744 3993 2085 4056 interitum.

508 4084 721 4151 XVIII.
757 4086 1195 4149 Benuntiantur
1224 4084 1350 4146 haec
1381 4102 1619 4165 quoque
1649 4082 2091 4165 imperat-ari,et

428 4177 483 4239 is
511 4177 710 4239 statim
737 4174 955 4256 abipso
986 4175 1292 4256 arripitur,
1316 4183 1379 4235 et
1403 4174 1631 4236 sistitur
1659 4174 1733 4235 ab
1760 4172 1859 4235 illo
1883 4174 2089 4253 judice

424 4266 814 4349 judicsndus.
845 4264 989 4328 Cum
1028 4272 1224 4326 autem
1258 4263 1434 4328 etiam
1464 4272 1782 4344 antequam
1815 4262 2089 4349 loquere-

432 4348 553 4432 tur,
579 4356 636 4418 ei
663 4355 1036 4418 renuntiaret
1064 4353 1265 4430 vestis,
1298 4354 1454 4435 quod
1488 4370 1619 4434 quae
1662 4348 1986 4429 ﬁebant,ab
2015 4366 2090 4412 eo

430 4445 830 4510 censebantur
875 4444 1052 4523 digna
1112 4444 1279 4507 luctu
1323 4453 1383 4503 et
1442 4440 1700 4516 tristitia,
1730 4439 1910 4519 jussit
1957 4438 2090 4519 ejus

2166 3366 2454 3439 μετάθετον
2489 3385 2505 3445 ;
2544 3365 2755 3423 Πολλοῦ
2790 3389 2850 3446 γε
2901 3371 2990 3425 καὶ
3062 3368 3166 3425 δεϊ’
3230 3368 3352 3426 ἀλλ’
3395 3371 3677 3448 ἀγομένων
3721 3376 3838 3430 τῶν

2166 3457 2370 3532 μιαρῶν
2418 3455 2578 3514 αὐτοῦ
2650 3459 2868 3537 θυσιῶν,
2913 3457 2968 3513 ὲν
3036 3466 3109 3533 τῷ
3162 3459 3311 3522 ἐντὸς
3382 3467 3488 3518 τῶν
3544 3459 3837 3537 βασιλείων

2165 3541 2369 3600 δώδεκα
2398 3544 2531 3601 θεῶν
2578 3550 2824 3624 παρῆσαν
2881 3548 2979 3619 μὲν
3011 3550 3059 3607 οἱ
3117 3547 3429 3615 ἀσεϐοῦντες
3460 3549 3682 3615 λευκαῖς
3743 3550 3839 3610 καὶ

2166 3630 2467 3712 φιλοτίμοις
2527 3635 2749 3700 στολαῖς
2842 3637 2941 3705 τὴν
3019 3638 3223 3695 ἑαυτῶν
3282 3639 3557 3698 ἀπώλειαν
3638 3641 3839 3721 ἑορτά-

2166 3731 2366 3794 ζοντες,
2431 3726 2606 3790 Μόνος
2664 3723 2720 3782 δὲ
2777 3724 2957 3796 ’Ἱνδης
3024 3729 3451 3806 μελανειμονῶν,
3514 3732 3601 3790 καὶ
3656 3733 3836 3791 αὐτῶν

2169 3814 2367 3893 σφόδρα
2423 3820 2531 3871 τῶν
2561 3816 2899 3891 τελουμένων
2956 3818 3274 3898 ὑπεραλγῶν
3333 3819 3388 3876 ἐν
3425 3821 3646 3895 οἰκίσκῳ
3691 3824 3834 3878 καθ-

2170 3902 2339 3983 είρξας
2397 3906 2585 3965 ἑαυτὸν
2629 3907 2780 3982 μάλα
2806 3914 3067 3983 σκοτεινῷ
3121 3908 3222 3976 τὴν
3278 3914 3384 3966 τῶν
3414 3906 3622 3967 ἀσεϐῶν
3669 3908 3835 3971 ἀπώ-

2168 3994 2320 4051 λειαν
2350 3993 2705 4076 κατωδύρετο⁹

2254 4082 2370 4145 ΙΗ¹,
2426 4084 2780 4164 Ἀγγέλλεται
2809 4089 2898 4144 καὶ
2953 4094 3114 4146 τοῦτα
3142 4095 3218 4162 τῷ
3262 4090 3504 4171 βασιλεῖ,
3538 4091 3627 4149 καὶ
3654 4091 3836 4172 ἀνάγ-

2170 4195 2371 4236 παστος
2405 4174 2549 4250 αὖτῷ
2601 4179 2686 4233 καὶ
2718 4178 2872 4242 οὗτος
2928 4179 3074 4242 εὐθὺς
3129 4180 3352 4257 γίνεται,
3385 4183 3472 4237 καὶ
3517 4181 3605 4239 ὁπ’
3646 4182 3841 4258 ἐκείνῳ

2169 4261 2394 4341 δικασνῇ
2423 4286 2739 4345 παριςταται
2785 4270 3195 4345 κριθησόμενος.
3229 4272 3325 4335 Ὧς
3372 4269 3431 4327 δὲ
3459 4273 3548 4329 καὶ
3576 4274 3679 4351 πρὸ
3732 4278 3839 4341 τῆς

2172 4354 2357 4430 φωνῆς
2414 4354 2746 4434 ἀπήγγειλεν
2803 4359 2838 4426 ἡ
2897 4356 3071 4434 ἐσθὴς,
3133 4358 3214 4417 ὅτι
3284 4360 3499 4427 πένθους
3568 4365 3713 4437 αῦτῷ
3766 4365 3842 4422 τὰ

2172 4442 2449 4532 γινόμενα,
2511 4448 2801 4523 κατηφείας
2864 4446 3096 4526 ἐκρίνετο
3167 4446 3306 4531 ἄξια,
3370 4450 3575 4508 κελεύει
3642 4454 3842 4532 χερσὶν

432 4536 708 4600 manibus
730 4543 788 4597 et
812 4535 1067 4616 pedibus
1082 4534 1323 4614 injectis
1346 4530 1663 4603 catenis,et
1677 4529 1831 4591 collo
1853 4527 2083 4617 collari,

2177 4530 2329 4588 αὐτοῦ
2380 4535 2469 4590 καὶ
2528 4537 2682 4592 ποσὶν
2730 4535 2943 4603 ἁλύσεις
2999 4527 3385 4615 περιϐαλόντας
3435 4542 3523 4598 καὶ
3567 4527 3839 4617 τῷψττρα-

433 4645 568 4690 eum
611 4627 836 4689 servari
879 4623 1178 4687 inclusum
1210 4622 1273 4684 in
1332 4637 1599 4720 carcere.
1632 4619 1829 4699 Atque
1876 4616 2086 4721 Itidem

2177 4620 2342 4721 χῇλῳ
2365 4624 2577 4721 palatii!
2647 4626 3033 4721 κατάκλειστον
3092 4630 3147 4721 ἐν
3219 4628 3591 4710 δεσμωτηρίῳ,
3620 4616 3623 4617 ν
3650 4629 3841 4700 Ἴνδην

434 4716 673 4800 quidem
706 4713 966 4779 habebat
998 4712 1287 4784 custodia;
1316 4709 1724 4800 Maximianus
1748 4726 1889 4773 vero
1918 4708 2089 4800 Dom.

2180 4711 2278 4785 μὲν
2335 4711 2423 4768 οὗν
2460 4713 2620 4793 εἶχεν
2647 4717 2683 4785 ἡ
2741 4718 2990 4799 φυλαχήο
3026 4717 3353 4795 Μαξιμιανὸς
3402 4708 3575 4779 δὲκαὶ
3618 4723 3839 4798 Δόμναν

432 4797 569 4871 nam
593 4823 838 4886 quoque
870 4802 1284 4893 quaerebat,_et
1303 4798 1504 4860 furore
1522 4797 1774 4880 perinde
1798 4798 2089 4893 acAebrie-

2177 4800 2377 4893 έζήτει,
2408 4804 2498 4861 καὶ
2553 4804 2732 4886 ὥσπερ
2777 4797 2925 4885 μέθῂτ
2969 4814 3038 4887 τῇ
3094 4810 3254 4885 μανίᾳ
3302 4812 3398 4875 τὰς
3442 4811 3631 4892 φρένας
3687 4835 3843 4893 σφα-

433 4905 555 4962 tate
600 4895 738 4958 laesa
769 4898 1024 4983 ratione,
1055 4899 1115 4953 et
1161 4888 1383 4983 oblitus
1397 4905 1628 4983 eorum
1662 4907 1814 4983 quae
1844 4889 1919 4952 de
1965 4890 2089 4983 ipsa

2177 4890 2289 4983 λεὶς
2341 4894 2429 4950 καὶ
2486 4894 2561 4951 ὧν
2620 4894 2816 4964 ἤκουσε
2868 4900 2987 4978 περί
3049 4899 3215 4966 αῦτῖις
3271 4888 3648 4983 ἔκλαθόμενος,
3695 4888 3841 4980 Ποῦ,

432 4987 760 5060 audiverat,
803 4982 1046 5044 dicebat
1084 4978 1367 5070 assidue:
1397 4976 1632 5070 Ubiest
1660 4980 1890 5043 Damna
1919 4983 1945 5040 ?
1973 4978 2089 5043 Ubi

2177 4980 2329 5061 ἔλεγε
2380 4989 2619 5065 συχνῶς,
2653 4987 2835 5063 Δόμνα
2867 5007 2885 5063 ;
2941 4976 3046 5047 ποῦ
3089 4991 3124 5057 ἡ
3167 4976 3476 5069 θεράπαινα
3508 4999 3616 5049 τῶν
3631 4976 3784 5050 ’θεῶν

436 5087 526 5140 est
571 5073 854 5139 sacerdos
884 5071 1089 5134 Dianai
1117 5079 1182 5132 et
1221 5068 1501 5159 Minerva
1521 5067 1553 5128 ‘2
1591 5069 1820 5132 Rursus
1847 5088 2006 5148 ergo,
2037 5070 2089 5133 ei

2177 5078 2279 5129 ποῦ
2334 5072 2642 5151 Ἀρτέμιδός
2700 5097 2760 5132 τε
2819 5078 2906 5134 καί
2954 5076 3180 5145 Ἀθηνᾶς
3228 5067 3466 5159 -ἱέρειας
3526 5081 3679 5145 Αὖθις
3746 5067 3847 5140 οὖν

432 5167 640 5229 dicunt
671 5165 748 5227 de
780 5164 1032 5240 integro,
1065 5176 1199 5240 qua:
1254 5158 1607 5248 videbantur
1639 5161 1932 5223 accidisse
1964 5160 2088 5222 vir-

2177 5160 2227 5226 ὲξ
2286 5161 2535 5242 ὑπαρχῆς
2580 5164 2723 5239 αὖτῷ
2768 5186 2835 5221 τα
2892 5161 3146 5225 δοκοῦντα
3200 5174 3268 5245 τῇ
3305 5158 3565 5246 παρθένῳ
3616 5169 3852 5248 συμϐἦ..

428 5255 577 5334 gini,
608 5261 668 5316 et
688 5249 1441 5343 quaa_fecerat_eunuchus,
1466 5247 1552 5310 ita
1592 5258 1657 5311 ut
1683 5268 1782 5343 res
1810 5249 2089 5343 sehabe-

2177 5274 2256 5311 ναι
2284 5251 2624 5343 λέγουσιΑκαί
2672 5254 2743 5343 τὰ,
2767 5254 2904 5311 κατὰ
2933 5256 3024 5312 τὸν
3078 5256 3333 5339 εὐνοῦχον
3361 5263 3435 5326 ὡς
3467 5260 3597 5343 εἶχε
3643 5263 3849 5343 γνωρί-

432 5333 534 5407 bat
566 5338 1051 5423 (6),signiticant.
1088 5337 1195 5404 Ille
1223 5347 1423 5403 autem
1456 5357 1590 5402 cum
1623 5341 1811 5404 multa
1840 5340 2089 5405 dixisset

2177 5347 2370 5414 :ouctv.
2418 5333 2475 5400 Ὀ
2507 5338 2563 5399 δὲ
2618 5342 2795 5402 πολλὰ
2825 5351 2919 5402 τοῦ
2974 5333 3363 5428 ἂρχιευνούῖιιου
3419 5333 3687 5412 κατείπὼν
3747 5333 3851 5411 καί

512 5522 547 5575 ὅ
582 5519 739 5587 Psal.
774 5538 978 5603 cxvm,
1015 5521 1149 5588 103.

515 5696 604 5783 (6)
641 5693 885 5761 Scilicet
912 5696 1073 5779 quod
1103 5695 1446 5765 Christiana
1473 5707 1653 5768 esset.
