  <div class='ocr_page' id='page_1' title='image "/cluster/home/n/w/nwhite01/storage/ocr_20150623/116:no.3/coo.31924054870203/538.png"; bbox 0 0 4086 6390; ppageno 0'>
   <div class='ocr_carea' id='block_1_1' title="bbox 287 348 434 424">
    <p class='ocr_par' dir='ltr' id='par_1_1' title="bbox 287 348 434 424">
     <span class='ocr_line' id='line_1_1' title="bbox 287 348 434 424; baseline 0 -1"><span class='ocrx_word' id='word_1_1' title='bbox 287 348 434 424; x_wconf 87' lang='grc'><strong>1061</strong></span> 
     </span>
    </p>
   </div>
   <div class='ocr_carea' id='block_1_2' title="bbox 1414 353 2535 429">
    <p class='ocr_par' dir='ltr' id='par_1_2' title="bbox 1414 353 2535 429">
     <span class='ocr_line' id='line_1_2' title="bbox 1414 353 2535 429; baseline -0.001 -2"><span class='ocrx_word' id='word_1_2' title='bbox 1414 355 1604 428; x_wconf 70' lang='grc' dir='ltr'><strong>νΙΤΑ</strong></span> <span class='ocrx_word' id='word_1_3' title='bbox 1669 361 1773 428; x_wconf 89' lang='lat' dir='ltr'><strong>SS.</strong></span> <span class='ocrx_word' id='word_1_4' title='bbox 1821 353 2030 427; x_wconf 73' lang='grc' dir='ltr'>ῘΝΠιΕ</span> <span class='ocrx_word' id='word_1_5' title='bbox 2081 361 2182 426; x_wconf 88' lang='lat' dir='ltr'><strong>ET</strong></span> <span class='ocrx_word' id='word_1_6' title='bbox 2222 356 2535 429; x_wconf 73' lang='lat' dir='ltr'><strong>DOMN/E.</strong></span> 
     </span>
    </p>
   </div>
   <div class='ocr_carea' id='block_1_3' title="bbox 3511 360 3662 427">
    <p class='ocr_par' dir='ltr' id='par_1_3' title="bbox 3511 360 3662 427">
     <span class='ocr_line' id='line_1_3' title="bbox 3511 360 3662 427; baseline 0.007 -1"><span class='ocrx_word' id='word_1_7' title='bbox 3511 361 3531 426; x_wconf 84' lang='lat' dir='ltr'><strong>i</strong></span> <span class='ocrx_word' id='word_1_8' title='bbox 3544 360 3662 427; x_wconf 76' lang='lat'>062</span> 
     </span>
    </p>
   </div>
   <div class='ocr_carea' id='block_1_4' title="bbox 279 494 1929 580">
    <p class='ocr_par' dir='ltr' id='par_1_4' title="bbox 279 494 1920 580">
     <span class='ocr_line' id='line_1_4' title="bbox 279 494 1920 580; baseline 0.003 -27"><span class='ocrx_word' id='word_1_9' title='bbox 279 497 386 576; x_wconf 77' lang='grc' dir='ltr'>οὖχ</span> <span class='ocrx_word' id='word_1_10' title='bbox 439 494 638 563; x_wconf 71' lang='grc' dir='ltr'>ἥκιστα</span> <span class='ocrx_word' id='word_1_11' title='bbox 679 494 1031 578; x_wconf 69' lang='grc' dir='ltr'>δυσχεράνας,</span> <span class='ocrx_word' id='word_1_12' title='bbox 1067 497 1148 556; x_wconf 77' lang='grc' dir='ltr'><strong>ὅτι</strong></span> <span class='ocrx_word' id='word_1_13' title='bbox 1180 499 1269 557; x_wconf 82' lang='grc' dir='ltr'><strong>καὶ</strong></span> <span class='ocrx_word' id='word_1_14' title='bbox 1297 501 1402 572; x_wconf 77' lang='grc' dir='ltr'><strong>ζῶν</strong></span> <span class='ocrx_word' id='word_1_15' title='bbox 1441 499 1580 564; x_wconf 83' lang='grc' dir='ltr'>ὅλως</span> <span class='ocrx_word' id='word_1_16' title='bbox 1633 501 1920 580; x_wconf 63' lang='grc' dir='ltr'>τετήρητο,</span> 
     </span>
    </p>
   </div>
   <div class='ocr_carea' id='block_1_5' title="bbox 2016 494 3653 580">
    <p class='ocr_par' dir='ltr' id='par_1_5' title="bbox 2016 495 3653 578">
     <span class='ocr_line' id='line_1_5' title="bbox 2016 495 3653 578; baseline 0 -18"><span class='ocrx_word' id='word_1_17' title='bbox 2016 498 2083 560; x_wconf 87' lang='lat' dir='ltr'><strong>de</strong></span> <span class='ocrx_word' id='word_1_18' title='bbox 2113 497 2584 577; x_wconf 87' lang='lat' dir='ltr'><strong>archieunucho,</strong></span> <span class='ocrx_word' id='word_1_19' title='bbox 2622 504 2680 560; x_wconf 92' lang='lat' dir='ltr'><strong>et</strong></span> <span class='ocrx_word' id='word_1_20' title='bbox 2710 495 2882 560; x_wconf 82' lang='lat' dir='ltr'><strong>valde</strong></span> <span class='ocrx_word' id='word_1_21' title='bbox 2912 507 3070 577; x_wconf 62' lang='lat' dir='ltr'><strong>agre</strong></span> <span class='ocrx_word' id='word_1_22' title='bbox 3110 495 3367 577; x_wconf 72' lang='lat' dir='ltr'><strong>tulisset,</strong></span> <span class='ocrx_word' id='word_1_23' title='bbox 3402 497 3562 578; x_wconf 92' lang='lat' dir='ltr'><strong>quod</strong></span> <span class='ocrx_word' id='word_1_24' title='bbox 3597 497 3653 560; x_wconf 90' lang='lat' dir='ltr'><strong>ei</strong></span> 
     </span>
    </p>
   </div>
   <div class='ocr_carea' id='block_1_6' title="bbox 278 583 1928 670">
    <p class='ocr_par' dir='ltr' id='par_1_6' title="bbox 278 583 1928 670">
     <span class='ocr_line' id='line_1_6' title="bbox 278 583 1928 670; baseline 0.003 -30"><span class='ocrx_word' id='word_1_25' title='bbox 278 583 487 641; x_wconf 75' lang='grc' dir='ltr'><strong>κελεύει</strong></span> <span class='ocrx_word' id='word_1_26' title='bbox 543 586 705 642; x_wconf 73' lang='grc' dir='ltr'>αὐτοῦ</span> <span class='ocrx_word' id='word_1_27' title='bbox 761 587 859 660; x_wconf 74' lang='grc' dir='ltr'>μὲν</span> <span class='ocrx_word' id='word_1_28' title='bbox 932 586 1312 664; x_wconf 71' lang='grc' dir='ltr'><strong>ἀποτμηθῆναι</strong></span> <span class='ocrx_word' id='word_1_29' title='bbox 1364 590 1462 658; x_wconf 77' lang='grc' dir='ltr'><strong>τὴν</strong></span> <span class='ocrx_word' id='word_1_30' title='bbox 1519 589 1780 670; x_wconf 76' lang='grc' dir='ltr'>κεφαλὴν,</span> <span class='ocrx_word' id='word_1_31' title='bbox 1828 592 1928 658; x_wconf 78' lang='grc' dir='ltr'><strong>τὴν</strong></span> 
     </span>
    </p>
   </div>
   <div class='ocr_carea' id='block_1_7' title="bbox 278 673 1931 757">
    <p class='ocr_par' dir='ltr' id='par_1_7' title="bbox 278 673 1931 757">
     <span class='ocr_line' id='line_1_7' title="bbox 278 673 1931 757; baseline 0.004 -27"><span class='ocrx_word' id='word_1_32' title='bbox 278 673 336 730; x_wconf 72' lang='grc' dir='ltr'>δὲ</span> <span class='ocrx_word' id='word_1_33' title='bbox 379 673 642 753; x_wconf 76' lang='grc' dir='ltr'><strong>παρθένον</strong></span> <span class='ocrx_word' id='word_1_34' title='bbox 701 675 756 732; x_wconf 74' lang='grc' dir='ltr'>ἒν</span> <span class='ocrx_word' id='word_1_35' title='bbox 798 689 918 736; x_wconf 78' lang='grc' dir='ltr'>τοῖς</span> <span class='ocrx_word' id='word_1_36' title='bbox 979 678 1332 757; x_wconf 80' lang='grc' dir='ltr'>ἀσκητηρίοις</span> <span class='ocrx_word' id='word_1_37' title='bbox 1390 679 1793 755; x_wconf 78' lang='grc' dir='ltr'>ἀναζητεῖσθαι,</span> <span class='ocrx_word' id='word_1_38' title='bbox 1841 682 1931 737; x_wconf 80' lang='grc' dir='ltr'><strong>καὶ</strong></span> 
     </span>
    </p>
   </div>
   <div class='ocr_carea' id='block_1_8' title="bbox 277 764 1926 845">
    <p class='ocr_par' dir='ltr' id='par_1_8' title="bbox 277 764 1926 845">
     <span class='ocr_line' id='line_1_8' title="bbox 277 764 1926 845; baseline 0.004 -25"><span class='ocrx_word' id='word_1_39' title='bbox 277 767 415 842; x_wconf 76' lang='grc' dir='ltr'>πρὸς</span> <span class='ocrx_word' id='word_1_40' title='bbox 472 764 594 829; x_wconf 80' lang='grc' dir='ltr'>τοὺς</span> <span class='ocrx_word' id='word_1_41' title='bbox 653 764 857 822; x_wconf 70' lang='grc' dir='ltr'>ἐκείνου</span> <span class='ocrx_word' id='word_1_42' title='bbox 916 768 1071 834; x_wconf 79' lang='grc' dir='ltr'>θεοὺς</span> <span class='ocrx_word' id='word_1_43' title='bbox 1127 767 1512 840; x_wconf 82' lang='grc' dir='ltr'>ἀνασώζεσθαι,</span> <span class='ocrx_word' id='word_1_44' title='bbox 1581 777 1757 828; x_wconf 82' lang='grc' dir='ltr'>ταῦτα</span> <span class='ocrx_word' id='word_1_45' title='bbox 1814 792 1926 845; x_wconf 92' lang='grc' dir='ltr'>μα-</span> 
     </span>
    </p>
   </div>
   <div class='ocr_carea' id='block_1_9' title="bbox 275 854 1926 938">
    <p class='ocr_par' dir='ltr' id='par_1_9' title="bbox 275 854 1926 938">
     <span class='ocr_line' id='line_1_9' title="bbox 275 854 1926 938; baseline 0.003 -28"><span class='ocrx_word' id='word_1_46' title='bbox 275 855 442 910; x_wconf 73' lang='grc' dir='ltr'>θοῦσα</span> <span class='ocrx_word' id='word_1_47' title='bbox 484 854 520 921; x_wconf 73' lang='grc' dir='ltr'>ἡ</span> <span class='ocrx_word' id='word_1_48' title='bbox 562 863 657 913; x_wconf 82' lang='grc' dir='ltr'>τοῦ</span> <span class='ocrx_word' id='word_1_49' title='bbox 698 854 1027 936; x_wconf 79' lang='grc' dir='ltr'>ὰσκητηρίου</span> <span class='ocrx_word' id='word_1_50' title='bbox 1069 859 1409 938; x_wconf 83' lang='grc' dir='ltr'>προεστῶσα,</span> <span class='ocrx_word' id='word_1_51' title='bbox 1455 857 1582 938; x_wconf 82' lang='grc' dir='ltr'>παρ’</span> <span class='ocrx_word' id='word_1_52' title='bbox 1623 863 1669 934; x_wconf 86' lang='grc' dir='ltr'>ᾧ</span> <span class='ocrx_word' id='word_1_53' title='bbox 1707 863 1743 930; x_wconf 79' lang='grc' dir='ltr'>ἡ</span> <span class='ocrx_word' id='word_1_54' title='bbox 1803 859 1926 938; x_wconf 79' lang='grc' dir='ltr'>ἁγία</span> 
     </span>
    </p>
   </div>
   <div class='ocr_carea' id='block_1_10' title="bbox 276 939 1928 1028">
    <p class='ocr_par' dir='ltr' id='par_1_10' title="bbox 276 939 1928 1028">
     <span class='ocr_line' id='line_1_10' title="bbox 276 939 1928 1028; baseline 0.005 -30"><span class='ocrx_word' id='word_1_55' title='bbox 276 939 644 1021; x_wconf 67' lang='grc' dir='ltr'><strong>ἀνδρικώτατα</strong></span> <span class='ocrx_word' id='word_1_56' title='bbox 702 942 1120 1028; x_wconf 76' lang='grc' dir='ltr'>διανοησαμένη,</span> <span class='ocrx_word' id='word_1_57' title='bbox 1193 947 1400 1027; x_wconf 71' lang='grc' dir='ltr'>ἀνδρείᾳ</span> <span class='ocrx_word' id='word_1_58' title='bbox 1473 950 1558 1006; x_wconf 78' lang='grc' dir='ltr'>καὶ</span> <span class='ocrx_word' id='word_1_59' title='bbox 1617 955 1777 1026; x_wconf 82' lang='grc' dir='ltr'>κουρᾷ</span> <span class='ocrx_word' id='word_1_60' title='bbox 1838 951 1928 1006; x_wconf 82' lang='grc' dir='ltr'><strong>καὶ</strong></span> 
     </span>
    </p>
   </div>
   <div class='ocr_carea' id='block_1_11' title="bbox 282 1029 1928 1118">
    <p class='ocr_par' dir='ltr' id='par_1_11' title="bbox 282 1029 1928 1118">
     <span class='ocr_line' id='line_1_11' title="bbox 282 1029 1928 1118; baseline 0.003 -30"><span class='ocrx_word' id='word_1_61' title='bbox 282 1029 450 1109; x_wconf 80' lang='grc' dir='ltr'>στολῇ</span> <span class='ocrx_word' id='word_1_62' title='bbox 499 1035 823 1110; x_wconf 79' lang='grc' dir='ltr'>κοσμήσασα</span> <span class='ocrx_word' id='word_1_63' title='bbox 881 1037 980 1104; x_wconf 79' lang='grc' dir='ltr'>τὴν</span> <span class='ocrx_word' id='word_1_64' title='bbox 1023 1035 1304 1117; x_wconf 80' lang='grc' dir='ltr'>παρθένον,</span> <span class='ocrx_word' id='word_1_65' title='bbox 1340 1041 1506 1118; x_wconf 77' lang='grc' dir='ltr'>εὐχάς</span> <span class='ocrx_word' id='word_1_66' title='bbox 1540 1059 1596 1095; x_wconf 90' lang='grc' dir='ltr'><strong>τε</strong></span> <span class='ocrx_word' id='word_1_67' title='bbox 1655 1043 1790 1116; x_wconf 79' lang='grc' dir='ltr'><strong>αὒτῇ</strong></span> <span class='ocrx_word' id='word_1_68' title='bbox 1836 1039 1928 1096; x_wconf 83' lang='grc' dir='ltr'>σὺν</span> 
     </span>
    </p>
   </div>
   <div class='ocr_carea' id='block_1_12' title="bbox 277 1119 1925 1208">
    <p class='ocr_par' dir='ltr' id='par_1_12' title="bbox 277 1119 1925 1208">
     <span class='ocr_line' id='line_1_12' title="bbox 277 1119 1925 1208; baseline 0.006 -32"><span class='ocrx_word' id='word_1_69' title='bbox 277 1119 494 1200; x_wconf 78' lang='grc' dir='ltr'>δάκρυσι</span> <span class='ocrx_word' id='word_1_70' title='bbox 539 1128 637 1191; x_wconf 80' lang='grc' dir='ltr'>τῆς</span> <span class='ocrx_word' id='word_1_71' title='bbox 682 1122 804 1181; x_wconf 76' lang='grc' dir='ltr'><strong>ὁδοῦ</strong></span> <span class='ocrx_word' id='word_1_72' title='bbox 845 1125 1086 1205; x_wconf 79' lang='grc' dir='ltr'>φύλακας</span> <span class='ocrx_word' id='word_1_73' title='bbox 1141 1135 1522 1208; x_wconf 76' lang='grc' dir='ltr'>παρασχοῦσα,</span> <span class='ocrx_word' id='word_1_74' title='bbox 1573 1128 1666 1185; x_wconf 78' lang='grc' dir='ltr'><strong>καί</strong></span> <span class='ocrx_word' id='word_1_75' title='bbox 1719 1129 1925 1207; x_wconf 72' lang='grc' dir='ltr'>ἡγεμό-</span> 
     </span>
    </p>
   </div>
   <div class='ocr_carea' id='block_1_13' title="bbox 279 1211 1735 1291">
    <p class='ocr_par' dir='ltr' id='par_1_13' title="bbox 279 1211 1735 1291">
     <span class='ocr_line' id='line_1_13' title="bbox 279 1211 1735 1291; baseline 0.009 -26"><span class='ocrx_word' id='word_1_76' title='bbox 279 1231 370 1274; x_wconf 88' lang='grc' dir='ltr'><strong>νας</strong></span> <span class='ocrx_word' id='word_1_77' title='bbox 399 1217 494 1267; x_wconf 81' lang='grc' dir='ltr'><strong>τοῦ</strong></span> <span class='ocrx_word' id='word_1_78' title='bbox 519 1211 662 1290; x_wconf 74' lang='grc' dir='ltr'><strong>ίεροῦ</strong></span> <span class='ocrx_word' id='word_1_79' title='bbox 686 1212 930 1290; x_wconf 80' lang='grc' dir='ltr'>θαλάμου</span> <span class='ocrx_word' id='word_1_80' title='bbox 957 1215 1160 1283; x_wconf 71' lang='grc' dir='ltr'>ταότην</span> <span class='ocrx_word' id='word_1_81' title='bbox 1191 1215 1452 1291; x_wconf 82' lang='grc' dir='ltr'>ἐκπέμπει</span> <span class='ocrx_word' id='word_1_82' title='bbox 1483 1216 1735 1280; x_wconf 80' lang='grc' dir='ltr'>λαθούσα.</span> 
     </span>
    </p>
   </div>
   <div class='ocr_carea' id='block_1_14' title="bbox 359 1299 1925 1386">
    <p class='ocr_par' dir='ltr' id='par_1_14' title="bbox 359 1299 1925 1386">
     <span class='ocr_line' id='line_1_14' title="bbox 359 1299 1925 1386; baseline 0.006 -30"><span class='ocrx_word' id='word_1_83' title='bbox 359 1299 468 1364; x_wconf 83' lang='grc' dir='ltr'><strong>ΙΘ’,</strong></span> <span class='ocrx_word' id='word_1_84' title='bbox 515 1300 670 1359; x_wconf 82' lang='grc' dir='ltr'>Ἀλλ’</span> <span class='ocrx_word' id='word_1_85' title='bbox 701 1303 730 1359; x_wconf 84' lang='lat'><strong>6</strong></span> <span class='ocrx_word' id='word_1_86' title='bbox 761 1307 951 1384; x_wconf 85' lang='grc' dir='ltr'>μιαρὸς</span> <span class='ocrx_word' id='word_1_87' title='bbox 1000 1311 1178 1376; x_wconf 77' lang='grc' dir='ltr'>ζητῶν</span> <span class='ocrx_word' id='word_1_88' title='bbox 1231 1309 1326 1363; x_wconf 70' lang='grc' dir='ltr'><strong>οὒκ</strong></span> <span class='ocrx_word' id='word_1_89' title='bbox 1364 1306 1615 1386; x_wconf 67' lang='grc' dir='ltr'>ἐπαύετο,</span> <span class='ocrx_word' id='word_1_90' title='bbox 1650 1309 1738 1364; x_wconf 84' lang='grc' dir='ltr'><strong>καὶ</strong></span> <span class='ocrx_word' id='word_1_91' title='bbox 1781 1308 1925 1365; x_wconf 74' lang='grc' dir='ltr'>ἀπο-</span> 
     </span>
    </p>
   </div>
   <div class='ocr_carea' id='block_1_15' title="bbox 274 1390 1920 1475">
    <p class='ocr_par' dir='ltr' id='par_1_15' title="bbox 274 1390 1920 1475">
     <span class='ocr_line' id='line_1_15' title="bbox 274 1390 1920 1475; baseline 0.007 -30"><span class='ocrx_word' id='word_1_92' title='bbox 274 1394 382 1466; x_wconf 78' lang='grc' dir='ltr'><strong>ρῶν</strong></span> <span class='ocrx_word' id='word_1_93' title='bbox 439 1390 576 1447; x_wconf 78' lang='grc' dir='ltr'>κατὰ</span> <span class='ocrx_word' id='word_1_94' title='bbox 634 1393 848 1449; x_wconf 75' lang='grc' dir='ltr'>πάντων</span> <span class='ocrx_word' id='word_1_95' title='bbox 901 1393 1094 1452; x_wconf 73' lang='grc' dir='ltr'>ἐλύττα</span> <span class='ocrx_word' id='word_1_96' title='bbox 1167 1403 1325 1474; x_wconf 86' lang='grc' dir='ltr'>κοινῇ</span> <span class='ocrx_word' id='word_1_97' title='bbox 1395 1402 1502 1455; x_wconf 89' lang='grc' dir='ltr'><strong>τῶν</strong></span> <span class='ocrx_word' id='word_1_98' title='bbox 1558 1397 1920 1475; x_wconf 83' lang='grc' dir='ltr'>ἆσκητηρίων.</span> 
     </span>
    </p>
   </div>
   <div class='ocr_carea' id='block_1_16' title="bbox 275 1479 1926 1561">
    <p class='ocr_par' dir='ltr' id='par_1_16' title="bbox 275 1479 1926 1561">
     <span class='ocr_line' id='line_1_16' title="bbox 275 1479 1926 1561; baseline 0.005 -27"><span class='ocrx_word' id='word_1_99' title='bbox 275 1485 516 1554; x_wconf 86' lang='grc' dir='ltr'>Σεμνεῖα</span> <span class='ocrx_word' id='word_1_100' title='bbox 575 1479 674 1555; x_wconf 75' lang='grc' dir='ltr'>μὲν</span> <span class='ocrx_word' id='word_1_101' title='bbox 727 1481 816 1538; x_wconf 68' lang='grc' dir='ltr'><strong>οὖν</strong></span> <span class='ocrx_word' id='word_1_102' title='bbox 857 1484 973 1561; x_wconf 74' lang='grc' dir='ltr'>ἱερὰ</span> <span class='ocrx_word' id='word_1_103' title='bbox 1031 1484 1204 1544; x_wconf 75' lang='grc' dir='ltr'>πάντα</span> <span class='ocrx_word' id='word_1_104' title='bbox 1247 1483 1430 1550; x_wconf 81' lang='grc' dir='ltr'>δεινῶς</span> <span class='ocrx_word' id='word_1_105' title='bbox 1491 1485 1776 1544; x_wconf 76' lang='grc' dir='ltr'>κατελύετο</span> <span class='ocrx_word' id='word_1_106' title='bbox 1811 1503 1824 1517; x_wconf 84' lang='grc'><strong>’</strong></span> <span class='ocrx_word' id='word_1_107' title='bbox 1873 1490 1926 1544; x_wconf 80' lang='grc' dir='ltr'>αἱ</span> 
     </span>
    </p>
   </div>
   <div class='ocr_carea' id='block_1_17' title="bbox 275 1567 1924 1655">
    <p class='ocr_par' dir='ltr' id='par_1_17' title="bbox 275 1567 1924 1655">
     <span class='ocr_line' id='line_1_17' title="bbox 275 1567 1924 1655; baseline 0.005 -30"><span class='ocrx_word' id='word_1_108' title='bbox 275 1568 527 1646; x_wconf 72' lang='grc' dir='ltr'>παρθένοι</span> <span class='ocrx_word' id='word_1_109' title='bbox 584 1567 639 1625; x_wconf 80' lang='grc' dir='ltr'>δὲ</span> <span class='ocrx_word' id='word_1_110' title='bbox 688 1572 820 1648; x_wconf 83' lang='grc' dir='ltr'>πρὸς</span> <span class='ocrx_word' id='word_1_111' title='bbox 891 1570 1038 1652; x_wconf 72' lang='grc' dir='ltr'>ὕϐριν</span> <span class='ocrx_word' id='word_1_112' title='bbox 1098 1575 1338 1654; x_wconf 82' lang='grc' dir='ltr'>αἰσχρῶς</span> <span class='ocrx_word' id='word_1_113' title='bbox 1394 1573 1683 1640; x_wconf 72' lang='grc' dir='ltr'>ἒξεδίδοντο</span> <span class='ocrx_word' id='word_1_114' title='bbox 1711 1621 1727 1647; x_wconf 86' lang='grc'><strong>,</strong></span> <span class='ocrx_word' id='word_1_115' title='bbox 1784 1599 1924 1655; x_wconf 83' lang='grc' dir='ltr'>παρ-</span> 
     </span>
    </p>
   </div>
   <div class='ocr_carea' id='block_1_18' title="bbox 277 1657 1926 1744">
    <p class='ocr_par' dir='ltr' id='par_1_18' title="bbox 277 1657 1926 1744">
     <span class='ocr_line' id='line_1_18' title="bbox 277 1657 1926 1744; baseline 0.005 -31"><span class='ocrx_word' id='word_1_116' title='bbox 277 1657 420 1714; x_wconf 79' lang='grc' dir='ltr'>θένοι</span> <span class='ocrx_word' id='word_1_117' title='bbox 482 1659 622 1737; x_wconf 70' lang='grc' dir='ltr'><strong>φεῦῑ</strong></span> <span class='ocrx_word' id='word_1_118' title='bbox 657 1659 719 1726; x_wconf 75' lang='grc' dir='ltr'><strong>ἃς</strong></span> <span class='ocrx_word' id='word_1_119' title='bbox 769 1659 960 1718; x_wconf 72' lang='grc' dir='ltr'>οὔποτε</span> <span class='ocrx_word' id='word_1_120' title='bbox 1012 1661 1130 1721; x_wconf 70' lang='grc' dir='ltr'>οὐδὲ</span> <span class='ocrx_word' id='word_1_121' title='bbox 1179 1663 1474 1744; x_wconf 75' lang='grc' dir='ltr'>ὀφθαλμοῖς</span> <span class='ocrx_word' id='word_1_122' title='bbox 1531 1663 1762 1743; x_wconf 73' lang='grc' dir='ltr'>ἆρρένων</span> <span class='ocrx_word' id='word_1_123' title='bbox 1791 1665 1926 1722; x_wconf 75' lang='grc' dir='ltr'>ἰδεῖν</span> 
     </span>
    </p>
   </div>
   <div class='ocr_carea' id='block_1_19' title="bbox 272 1744 1926 1833">
    <p class='ocr_par' dir='ltr' id='par_1_19' title="bbox 272 1744 1926 1833">
     <span class='ocr_line' id='line_1_19' title="bbox 272 1744 1926 1833; baseline 0.007 -31"><span class='ocrx_word' id='word_1_124' title='bbox 272 1744 522 1809; x_wconf 76' lang='grc' dir='ltr'>ἀνεκτόν.</span> <span class='ocrx_word' id='word_1_125' title='bbox 561 1750 658 1806; x_wconf 80' lang='grc' dir='ltr'><strong>Καὶ</strong></span> <span class='ocrx_word' id='word_1_126' title='bbox 705 1751 776 1817; x_wconf 78' lang='grc' dir='ltr'>ἦν</span> <span class='ocrx_word' id='word_1_127' title='bbox 829 1749 970 1808; x_wconf 77' lang='grc' dir='ltr'>οὕτω</span> <span class='ocrx_word' id='word_1_128' title='bbox 1027 1751 1112 1812; x_wconf 81' lang='grc' dir='ltr'><strong>διὰ</strong></span> <span class='ocrx_word' id='word_1_129' title='bbox 1169 1754 1384 1810; x_wconf 79' lang='grc' dir='ltr'>πάντων</span> <span class='ocrx_word' id='word_1_130' title='bbox 1410 1755 1444 1822; x_wconf 81' lang='grc' dir='ltr'><strong>ἡ</strong></span> <span class='ocrx_word' id='word_1_131' title='bbox 1477 1756 1724 1833; x_wconf 74' lang='grc' dir='ltr'>συμφορὰ</span> <span class='ocrx_word' id='word_1_132' title='bbox 1755 1756 1926 1812; x_wconf 75' lang='grc' dir='ltr'>καθά-</span> 
     </span>
    </p>
   </div>
   <div class='ocr_carea' id='block_1_20' title="bbox 2010 586 3656 668">
    <p class='ocr_par' dir='ltr' id='par_1_20' title="bbox 2010 586 3656 668">
     <span class='ocr_line' id='line_1_20' title="bbox 2010 586 3656 668; baseline -0.001 -19"><span class='ocrx_word' id='word_1_133' title='bbox 2010 590 2126 652; x_wconf 87' lang='lat' dir='ltr'><strong>vita</strong></span> <span class='ocrx_word' id='word_1_134' title='bbox 2156 590 2366 651; x_wconf 82' lang='lat' dir='ltr'><strong>fuisset</strong></span> <span class='ocrx_word' id='word_1_135' title='bbox 2396 587 2942 668; x_wconf 62' lang='lat' dir='ltr'><strong>conservataJubet</strong></span> <span class='ocrx_word' id='word_1_136' title='bbox 2973 587 3029 649; x_wconf 88' lang='lat' dir='ltr'><strong>ei</strong></span> <span class='ocrx_word' id='word_1_137' title='bbox 3063 586 3304 668; x_wconf 82' lang='lat' dir='ltr'><strong>quidem</strong></span> <span class='ocrx_word' id='word_1_138' title='bbox 3338 596 3656 668; x_wconf 82' lang='lat' dir='ltr'><strong>caputam-</strong></span> 
     </span>
    </p>
   </div>
   <div class='ocr_carea' id='block_1_21' title="bbox 2011 676 3662 761">
    <p class='ocr_par' dir='ltr' id='par_1_21' title="bbox 2011 676 3662 761">
     <span class='ocr_line' id='line_1_21' title="bbox 2011 676 3662 761; baseline -0.002 -20"><span class='ocrx_word' id='word_1_139' title='bbox 2011 680 2206 761; x_wconf 88' lang='lat' dir='ltr'><strong>putari</strong></span> <span class='ocrx_word' id='word_1_140' title='bbox 2243 699 2256 740; x_wconf 92' lang='lat'><strong>:</strong></span> <span class='ocrx_word' id='word_1_141' title='bbox 2294 679 2580 759; x_wconf 80' lang='lat' dir='ltr'><strong>virginem</strong></span> <span class='ocrx_word' id='word_1_142' title='bbox 2611 696 2748 739; x_wconf 89' lang='lat' dir='ltr'><strong>vero</strong></span> <span class='ocrx_word' id='word_1_143' title='bbox 2778 677 2968 756; x_wconf 66' lang='lat' dir='ltr'><strong>quaeri</strong></span> <span class='ocrx_word' id='word_1_144' title='bbox 2993 677 3053 738; x_wconf 91' lang='lat' dir='ltr'><strong>in</strong></span> <span class='ocrx_word' id='word_1_145' title='bbox 3082 676 3524 750; x_wconf 87' lang='lat' dir='ltr'><strong>ministeriis,et</strong></span> <span class='ocrx_word' id='word_1_146' title='bbox 3547 677 3662 740; x_wconf 90' lang='lat' dir='ltr'><strong>diis</strong></span> 
     </span>
    </p>
   </div>
   <div class='ocr_carea' id='block_1_22' title="bbox 2012 767 3658 848">
    <p class='ocr_par' dir='ltr' id='par_1_22' title="bbox 2012 767 3658 848">
     <span class='ocr_line' id='line_1_22' title="bbox 2012 767 3658 848; baseline 0 -18"><span class='ocrx_word' id='word_1_147' title='bbox 2012 769 2171 831; x_wconf 89' lang='lat' dir='ltr'><strong>illius</strong></span> <span class='ocrx_word' id='word_1_148' title='bbox 2200 770 2450 832; x_wconf 89' lang='lat' dir='ltr'><strong>servari.</strong></span> <span class='ocrx_word' id='word_1_149' title='bbox 2481 771 2624 832; x_wconf 71' lang='lat' dir='ltr'><strong>Haec</strong></span> <span class='ocrx_word' id='word_1_150' title='bbox 2653 786 2788 830; x_wconf 93' lang='lat' dir='ltr'><strong>cum</strong></span> <span class='ocrx_word' id='word_1_151' title='bbox 2821 767 3166 829; x_wconf 83' lang='lat' dir='ltr'><strong>rescivisset</strong></span> <span class='ocrx_word' id='word_1_152' title='bbox 3189 785 3258 829; x_wconf 92' lang='lat' dir='ltr'><strong>ea</strong></span> <span class='ocrx_word' id='word_1_153' title='bbox 3287 785 3419 848; x_wconf 66' lang='lat' dir='ltr'><strong>quas</strong></span> <span class='ocrx_word' id='word_1_154' title='bbox 3447 785 3658 830; x_wconf 89' lang='lat' dir='ltr'><strong>mona-</strong></span> 
     </span>
    </p>
   </div>
   <div class='ocr_carea' id='block_1_23' title="bbox 2011 856 3663 939">
    <p class='ocr_par' dir='ltr' id='par_1_23' title="bbox 2011 856 3663 939">
     <span class='ocr_line' id='line_1_23' title="bbox 2011 856 3663 939; baseline -0.002 -19"><span class='ocrx_word' id='word_1_155' title='bbox 2011 859 2193 920; x_wconf 91' lang='lat' dir='ltr'><strong>sterio</strong></span> <span class='ocrx_word' id='word_1_156' title='bbox 2222 867 2494 939; x_wconf 66' lang='lat' dir='ltr'><strong>praeerat,</strong></span> <span class='ocrx_word' id='word_1_157' title='bbox 2528 864 2589 919; x_wconf 87' lang='lat' dir='ltr'><strong>in</strong></span> <span class='ocrx_word' id='word_1_158' title='bbox 2620 877 2738 938; x_wconf 92' lang='lat' dir='ltr'><strong>quo</strong></span> <span class='ocrx_word' id='word_1_159' title='bbox 2773 865 2900 918; x_wconf 92' lang='lat' dir='ltr'><strong>erat</strong></span> <span class='ocrx_word' id='word_1_160' title='bbox 2931 856 3240 932; x_wconf 89' lang='lat' dir='ltr'><strong>sancta,in</strong></span> <span class='ocrx_word' id='word_1_161' title='bbox 3274 857 3476 937; x_wconf 85' lang='lat' dir='ltr'><strong>primis</strong></span> <span class='ocrx_word' id='word_1_162' title='bbox 3508 856 3663 918; x_wconf 88' lang='lat' dir='ltr'><strong>virili</strong></span> 
     </span>
    </p>
   </div>
   <div class='ocr_carea' id='block_1_24' title="bbox 2012 946 3663 1028">
    <p class='ocr_par' dir='ltr' id='par_1_24' title="bbox 2012 946 3663 1028">
     <span class='ocr_line' id='line_1_24' title="bbox 2012 946 3663 1028; baseline -0.001 -18"><span class='ocrx_word' id='word_1_163' title='bbox 2012 959 2292 1028; x_wconf 89' lang='lat' dir='ltr'><strong>suscepta</strong></span> <span class='ocrx_word' id='word_1_164' title='bbox 2322 948 2700 1027; x_wconf 77' lang='lat' dir='ltr'><strong>cogitatione,</strong></span> <span class='ocrx_word' id='word_1_165' title='bbox 2736 946 2893 1008; x_wconf 87' lang='lat' dir='ltr'><strong>virili</strong></span> <span class='ocrx_word' id='word_1_166' title='bbox 2948 954 3122 1008; x_wconf 91' lang='lat' dir='ltr'><strong>tonsu</strong></span> <span class='ocrx_word' id='word_1_167' title='bbox 3173 953 3232 1008; x_wconf 92' lang='lat' dir='ltr'><strong>et</strong></span> <span class='ocrx_word' id='word_1_168' title='bbox 3261 955 3423 1008; x_wconf 89' lang='lat' dir='ltr'><strong>veste</strong></span> <span class='ocrx_word' id='word_1_169' title='bbox 3455 955 3663 1008; x_wconf 79' lang='lat' dir='ltr'><strong>ornata</strong></span> 
     </span>
    </p>
   </div>
   <div class='ocr_carea' id='block_1_25' title="bbox 2012 1034 3663 1117">
    <p class='ocr_par' dir='ltr' id='par_1_25' title="bbox 2012 1034 3663 1117">
     <span class='ocr_line' id='line_1_25' title="bbox 2012 1034 3663 1117; baseline -0.002 -18"><span class='ocrx_word' id='word_1_170' title='bbox 2012 1037 2270 1117; x_wconf 87' lang='lat' dir='ltr'><strong>virgine,</strong></span> <span class='ocrx_word' id='word_1_171' title='bbox 2306 1045 2363 1098; x_wconf 89' lang='lat' dir='ltr'><strong>et</strong></span> <span class='ocrx_word' id='word_1_172' title='bbox 2417 1055 2628 1116; x_wconf 89' lang='lat' dir='ltr'><strong>preces</strong></span> <span class='ocrx_word' id='word_1_173' title='bbox 2683 1055 2818 1097; x_wconf 90' lang='lat' dir='ltr'><strong>cum</strong></span> <span class='ocrx_word' id='word_1_174' title='bbox 2853 1034 3132 1114; x_wconf 80' lang='lat' dir='ltr'><strong>lacrymis</strong></span> <span class='ocrx_word' id='word_1_175' title='bbox 3164 1035 3218 1095; x_wconf 91' lang='lat' dir='ltr'><strong>ei</strong></span> <span class='ocrx_word' id='word_1_176' title='bbox 3251 1035 3523 1116; x_wconf 62' lang='lat' dir='ltr'><strong>prabens</strong></span> <span class='ocrx_word' id='word_1_177' title='bbox 3553 1036 3663 1096; x_wconf 76' lang='lat' dir='ltr'><strong>viae</strong></span> 
     </span>
    </p>
   </div>
   <div class='ocr_carea' id='block_1_26' title="bbox 2012 1125 3659 1201">
    <p class='ocr_par' dir='ltr' id='par_1_26' title="bbox 2012 1125 3659 1201">
     <span class='ocr_line' id='line_1_26' title="bbox 2012 1125 3659 1201; baseline -0.001 -13"><span class='ocrx_word' id='word_1_178' title='bbox 2012 1127 2293 1188; x_wconf 87' lang='lat' dir='ltr'><strong>custodes</strong></span> <span class='ocrx_word' id='word_1_179' title='bbox 2323 1138 2384 1188; x_wconf 88' lang='lat' dir='ltr'><strong>et</strong></span> <span class='ocrx_word' id='word_1_180' title='bbox 2413 1126 2624 1201; x_wconf 90' lang='lat' dir='ltr'><strong>duces,</strong></span> <span class='ocrx_word' id='word_1_181' title='bbox 2673 1144 2805 1187; x_wconf 89' lang='lat' dir='ltr'><strong>eam</strong></span> <span class='ocrx_word' id='word_1_182' title='bbox 2867 1125 3019 1186; x_wconf 90' lang='lat' dir='ltr'><strong>clam</strong></span> <span class='ocrx_word' id='word_1_183' title='bbox 3083 1125 3302 1186; x_wconf 86' lang='lat' dir='ltr'><strong>emittit</strong></span> <span class='ocrx_word' id='word_1_184' title='bbox 3361 1144 3431 1186; x_wconf 85' lang='lat' dir='ltr'><strong>ex</strong></span> <span class='ocrx_word' id='word_1_185' title='bbox 3489 1143 3659 1199; x_wconf 86' lang='lat' dir='ltr'><strong>sacro</strong></span> 
     </span>
    </p>
   </div>
   <div class='ocr_carea' id='block_1_27' title="bbox 2015 1217 2296 1277">
    <p class='ocr_par' dir='ltr' id='par_1_27' title="bbox 2015 1217 2296 1277">
     <span class='ocr_line' id='line_1_27' title="bbox 2015 1217 2296 1277; baseline -0.007 -1"><span class='ocrx_word' id='word_1_186' title='bbox 2015 1217 2296 1277; x_wconf 81' lang='lat' dir='ltr'><strong>thalamo.</strong></span> 
     </span>
    </p>
   </div>
   <div class='ocr_carea' id='block_1_28' title="bbox 2088 1303 3658 1385">
    <p class='ocr_par' dir='ltr' id='par_1_28' title="bbox 2088 1303 3658 1385">
     <span class='ocr_line' id='line_1_28' title="bbox 2088 1303 3658 1385; baseline 0 -19"><span class='ocrx_word' id='word_1_187' title='bbox 2088 1303 2236 1368; x_wconf 82' lang='lat' dir='ltr'><strong>XIX.</strong></span> <span class='ocrx_word' id='word_1_188' title='bbox 2273 1304 2390 1369; x_wconf 92' lang='lat' dir='ltr'><strong>Sed</strong></span> <span class='ocrx_word' id='word_1_189' title='bbox 2417 1305 2745 1367; x_wconf 89' lang='lat' dir='ltr'><strong>sceleratus</strong></span> <span class='ocrx_word' id='word_1_190' title='bbox 2777 1325 2896 1367; x_wconf 91' lang='lat' dir='ltr'><strong>non</strong></span> <span class='ocrx_word' id='word_1_191' title='bbox 2931 1303 3199 1367; x_wconf 89' lang='lat' dir='ltr'><strong>cessabat</strong></span> <span class='ocrx_word' id='word_1_192' title='bbox 3231 1322 3544 1385; x_wconf 85' lang='lat' dir='ltr'><strong>quaerere;</strong></span> <span class='ocrx_word' id='word_1_193' title='bbox 3602 1320 3658 1372; x_wconf 76' lang='lat' dir='ltr'><strong>et</strong></span> 
     </span>
    </p>
   </div>
   <div class='ocr_carea' id='block_1_29' title="bbox 2008 1393 3660 1467">
    <p class='ocr_par' dir='ltr' id='par_1_29' title="bbox 2008 1393 3660 1467">
     <span class='ocr_line' id='line_1_29' title="bbox 2008 1393 3660 1467; baseline -0.004 -9"><span class='ocrx_word' id='word_1_194' title='bbox 2008 1413 2145 1458; x_wconf 89' lang='lat' dir='ltr'><strong>cum</strong></span> <span class='ocrx_word' id='word_1_195' title='bbox 2179 1413 2309 1456; x_wconf 88' lang='lat' dir='ltr'><strong>eam</strong></span> <span class='ocrx_word' id='word_1_196' title='bbox 2367 1412 2487 1455; x_wconf 92' lang='lat' dir='ltr'><strong>non</strong></span> <span class='ocrx_word' id='word_1_197' title='bbox 2539 1393 2861 1467; x_wconf 85' lang='lat' dir='ltr'><strong>inveniret,</strong></span> <span class='ocrx_word' id='word_1_198' title='bbox 2897 1393 3131 1455; x_wconf 81' lang='lat' dir='ltr'><strong>furebat</strong></span> <span class='ocrx_word' id='word_1_199' title='bbox 3173 1393 3571 1454; x_wconf 80' lang='lat' dir='ltr'><strong>communiter</strong></span> <span class='ocrx_word' id='word_1_200' title='bbox 3599 1393 3660 1452; x_wconf 89' lang='lat' dir='ltr'><strong>in</strong></span> 
     </span>
    </p>
   </div>
   <div class='ocr_carea' id='block_1_30' title="bbox 2010 1481 3661 1565">
    <p class='ocr_par' dir='ltr' id='par_1_30' title="bbox 2010 1481 3661 1565">
     <span class='ocr_line' id='line_1_30' title="bbox 2010 1481 3661 1565; baseline -0.002 -20"><span class='ocrx_word' id='word_1_201' title='bbox 2010 1484 2217 1546; x_wconf 80' lang='lat' dir='ltr'><strong>omnia</strong></span> <span class='ocrx_word' id='word_1_202' title='bbox 2240 1485 2828 1565; x_wconf 85' lang='lat' dir='ltr'><strong>monasteria.Atque</strong></span> <span class='ocrx_word' id='word_1_203' title='bbox 2848 1502 3018 1546; x_wconf 88' lang='lat' dir='ltr'><strong>sacra</strong></span> <span class='ocrx_word' id='word_1_204' title='bbox 3042 1481 3282 1564; x_wconf 88' lang='lat' dir='ltr'><strong>quidem</strong></span> <span class='ocrx_word' id='word_1_205' title='bbox 3311 1481 3511 1542; x_wconf 90' lang='lat' dir='ltr'><strong>omnia</strong></span> <span class='ocrx_word' id='word_1_206' title='bbox 3528 1499 3661 1542; x_wconf 86' lang='lat' dir='ltr'><strong>mo-</strong></span> 
     </span>
    </p>
   </div>
   <div class='ocr_carea' id='block_1_31' title="bbox 2012 1571 3662 1651">
    <p class='ocr_par' dir='ltr' id='par_1_31' title="bbox 2012 1571 3662 1651">
     <span class='ocr_line' id='line_1_31' title="bbox 2012 1571 3662 1651; baseline -0.001 -16"><span class='ocrx_word' id='word_1_207' title='bbox 2012 1575 2273 1636; x_wconf 87' lang='lat' dir='ltr'><strong>nasteria</strong></span> <span class='ocrx_word' id='word_1_208' title='bbox 2296 1572 2627 1636; x_wconf 87' lang='lat' dir='ltr'><strong>crudeliter</strong></span> <span class='ocrx_word' id='word_1_209' title='bbox 2650 1573 3070 1649; x_wconf 73' lang='lat' dir='ltr'><strong>diruebantur;</strong></span> <span class='ocrx_word' id='word_1_210' title='bbox 3099 1571 3360 1651; x_wconf 83' lang='lat' dir='ltr'><strong>virgines</strong></span> <span class='ocrx_word' id='word_1_211' title='bbox 3376 1589 3514 1633; x_wconf 85' lang='lat' dir='ltr'><strong>vero</strong></span> <span class='ocrx_word' id='word_1_212' title='bbox 3540 1580 3662 1633; x_wconf 87' lang='lat' dir='ltr'><strong>tur-</strong></span> 
     </span>
    </p>
   </div>
   <div class='ocr_carea' id='block_1_32' title="bbox 2013 1663 3657 1748">
    <p class='ocr_par' dir='ltr' id='par_1_32' title="bbox 2013 1663 3657 1748">
     <span class='ocr_line' id='line_1_32' title="bbox 2013 1663 3657 1748; baseline -0.002 -21"><span class='ocrx_word' id='word_1_213' title='bbox 2013 1667 2168 1748; x_wconf 88' lang='lat' dir='ltr'><strong>piter</strong></span> <span class='ocrx_word' id='word_1_214' title='bbox 2199 1666 2436 1747; x_wconf 89' lang='lat' dir='ltr'><strong>probris</strong></span> <span class='ocrx_word' id='word_1_215' title='bbox 2481 1666 2904 1729; x_wconf 78' lang='lat' dir='ltr'><strong>aﬂiciebantur</strong></span> <span class='ocrx_word' id='word_1_216' title='bbox 2929 1714 2945 1740; x_wconf 95' lang='lat'><strong>,</strong></span> <span class='ocrx_word' id='word_1_217' title='bbox 2980 1666 3240 1744; x_wconf 88' lang='lat' dir='ltr'><strong>virgines</strong></span> <span class='ocrx_word' id='word_1_218' title='bbox 3273 1665 3423 1744; x_wconf 89' lang='lat' dir='ltr'><strong>proh</strong></span> <span class='ocrx_word' id='word_1_219' title='bbox 3449 1663 3657 1725; x_wconf 89' lang='lat' dir='ltr'><strong>dolor!</strong></span> 
     </span>
    </p>
   </div>
   <div class='ocr_carea' id='block_1_33' title="bbox 2011 1754 3670 1838">
    <p class='ocr_par' dir='ltr' id='par_1_33' title="bbox 2011 1754 3670 1838">
     <span class='ocr_line' id='line_1_33' title="bbox 2011 1754 3670 1838; baseline -0.001 -21"><span class='ocrx_word' id='word_1_220' title='bbox 2011 1776 2156 1838; x_wconf 90' lang='lat' dir='ltr'><strong>quas</strong></span> <span class='ocrx_word' id='word_1_221' title='bbox 2183 1776 2258 1818; x_wconf 89' lang='lat' dir='ltr'><strong>ne</strong></span> <span class='ocrx_word' id='word_1_222' title='bbox 2285 1756 2686 1818; x_wconf 85' lang='lat' dir='ltr'><strong>masculorum</strong></span> <span class='ocrx_word' id='word_1_223' title='bbox 2713 1756 2954 1837; x_wconf 88' lang='lat' dir='ltr'><strong>quidem</strong></span> <span class='ocrx_word' id='word_1_224' title='bbox 2982 1754 3174 1818; x_wconf 88' lang='lat' dir='ltr'><strong>oculis</strong></span> <span class='ocrx_word' id='word_1_225' title='bbox 3197 1755 3389 1817; x_wconf 89' lang='lat' dir='ltr'><strong>videri</strong></span> <span class='ocrx_word' id='word_1_226' title='bbox 3414 1763 3670 1816; x_wconf 86' lang='lat' dir='ltr'><strong>eratun-</strong></span> 
     </span>
    </p>
   </div>
   <div class='ocr_carea' id='block_1_34' title="bbox 273 1837 1929 1937">
    <p class='ocr_par' dir='ltr' id='par_1_34' title="bbox 273 1837 1926 1937">
     <span class='ocr_line' id='line_1_34' title="bbox 273 1837 1926 1937; baseline 0.004 -44"><span class='ocrx_word' id='word_1_227' title='bbox 273 1857 376 1937; x_wconf 66' lang='grc' dir='ltr'><strong>περ</strong></span> <span class='ocrx_word' id='word_1_228' title='bbox 427 1837 845 1937; x_wconf 24' lang='grc' dir='ltr'>ὑπδγῖτολεμίων</span> <span class='ocrx_word' id='word_1_229' title='bbox 893 1839 1258 1918; x_wconf 73' lang='grc' dir='ltr'>ἁλισκομένης</span> <span class='ocrx_word' id='word_1_230' title='bbox 1313 1841 1547 1909; x_wconf 84' lang='grc' dir='ltr'>πόλεως.</span> <span class='ocrx_word' id='word_1_231' title='bbox 1578 1843 1769 1910; x_wconf 80' lang='grc' dir='ltr'>’Ὁσαις</span> <span class='ocrx_word' id='word_1_232' title='bbox 1800 1853 1926 1923; x_wconf 79' lang='grc' dir='ltr'>γοῦν</span> 
     </span>
    </p>
   </div>
   <div class='ocr_carea' id='block_1_35' title="bbox 2016 1837 3665 1937">
    <p class='ocr_par' dir='ltr' id='par_1_35' title="bbox 2016 1837 3665 1937">
     <span class='ocr_line' id='line_1_35' title="bbox 2016 1837 3665 1937; baseline -0.001 -30"><span class='ocrx_word' id='word_1_233' title='bbox 2016 1865 2188 1937; x_wconf 83' lang='lat' dir='ltr'><strong>quam</strong></span> <span class='ocrx_word' id='word_1_234' title='bbox 2211 1845 2615 1937; x_wconf 80' lang='lat' dir='ltr'><strong>tolerandum;</strong></span> <span class='ocrx_word' id='word_1_235' title='bbox 2642 1856 2820 1926; x_wconf 87' lang='lat' dir='ltr'><strong>atque</strong></span> <span class='ocrx_word' id='word_1_236' title='bbox 2845 1845 2924 1906; x_wconf 90' lang='lat' dir='ltr'><strong>ita</strong></span> <span class='ocrx_word' id='word_1_237' title='bbox 2948 1846 3277 1937; x_wconf 75' lang='lat' dir='ltr'><strong>peremnia</strong></span> <span class='ocrx_word' id='word_1_238' title='bbox 3301 1842 3665 1937; x_wconf 80' lang='lat' dir='ltr'><strong>pervadebat</strong></span> 
     </span>
    </p>
   </div>
   <div class='ocr_carea' id='block_1_36' title="bbox 275 1923 1926 2012">
    <p class='ocr_par' dir='ltr' id='par_1_36' title="bbox 275 1923 1926 2012">
     <span class='ocr_line' id='line_1_36' title="bbox 275 1923 1926 2012; baseline 0.008 -32"><span class='ocrx_word' id='word_1_239' title='bbox 275 1924 453 1983; x_wconf 73' lang='grc' dir='ltr'>αὐτῶν</span> <span class='ocrx_word' id='word_1_240' title='bbox 509 1923 822 2005; x_wconf 69' lang='grc' dir='ltr'>Ξῤῥωμένως</span> <span class='ocrx_word' id='word_1_241' title='bbox 867 1929 998 2010; x_wconf 76' lang='grc' dir='ltr'>εἶχε</span> <span class='ocrx_word' id='word_1_242' title='bbox 1041 1931 1108 1988; x_wconf 81' lang='grc' dir='ltr'><strong>τὰ</strong></span> <span class='ocrx_word' id='word_1_243' title='bbox 1155 1931 1404 2006; x_wconf 87' lang='grc' dir='ltr'>σώματα,</span> <span class='ocrx_word' id='word_1_244' title='bbox 1457 1934 1545 1989; x_wconf 85' lang='grc' dir='ltr'><strong>καὶ</strong></span> <span class='ocrx_word' id='word_1_245' title='bbox 1578 1931 1695 1990; x_wconf 77' lang='grc' dir='ltr'>οὔτε</span> <span class='ocrx_word' id='word_1_246' title='bbox 1755 1938 1926 2012; x_wconf 73' lang='grc' dir='ltr'>γῆρας</span> 
     </span>
    </p>
   </div>
   <div class='ocr_carea' id='block_1_37' title="bbox 274 2013 1928 2105">
    <p class='ocr_par' dir='ltr' id='par_1_37' title="bbox 274 2013 1928 2105">
     <span class='ocr_line' id='line_1_37' title="bbox 274 2013 1928 2105; baseline 0.005 -34"><span class='ocrx_word' id='word_1_247' title='bbox 274 2013 396 2072; x_wconf 72' lang='grc' dir='ltr'>οὔτε</span> <span class='ocrx_word' id='word_1_248' title='bbox 438 2036 522 2080; x_wconf 84' lang='grc' dir='ltr'><strong>τις</strong></span> <span class='ocrx_word' id='word_1_249' title='bbox 565 2016 721 2081; x_wconf 85' lang='grc' dir='ltr'>νόσος</span> <span class='ocrx_word' id='word_1_250' title='bbox 777 2019 1008 2098; x_wconf 75' lang='grc' dir='ltr'>ἀπεῖργε</span> <span class='ocrx_word' id='word_1_251' title='bbox 1052 2023 1174 2083; x_wconf 78' lang='grc' dir='ltr'>τοὺς</span> <span class='ocrx_word' id='word_1_252' title='bbox 1221 2020 1414 2096; x_wconf 85' lang='grc' dir='ltr'>πόδας,</span> <span class='ocrx_word' id='word_1_253' title='bbox 1459 2025 1614 2079; x_wconf 75' lang='grc' dir='ltr'>αὗται</span> <span class='ocrx_word' id='word_1_254' title='bbox 1663 2025 1795 2100; x_wconf 84' lang='grc' dir='ltr'>πρὸς</span> <span class='ocrx_word' id='word_1_255' title='bbox 1827 2046 1928 2105; x_wconf 72' lang='lat' dir='ltr'><strong>ipe-</strong></span> 
     </span>
    </p>
   </div>
   <div class='ocr_carea' id='block_1_38' title="bbox 277 2104 1929 2187">
    <p class='ocr_par' dir='ltr' id='par_1_38' title="bbox 277 2104 1929 2187">
     <span class='ocr_line' id='line_1_38' title="bbox 277 2104 1929 2187; baseline 0.007 -27"><span class='ocrx_word' id='word_1_256' title='bbox 277 2105 378 2183; x_wconf 82' lang='grc' dir='ltr'>γὴν</span> <span class='ocrx_word' id='word_1_257' title='bbox 439 2104 586 2169; x_wconf 70' lang='grc' dir='ltr'>εὖθὺς</span> <span class='ocrx_word' id='word_1_258' title='bbox 631 2105 802 2182; x_wconf 80' lang='grc' dir='ltr'>εἶδον,</span> <span class='ocrx_word' id='word_1_259' title='bbox 837 2111 926 2167; x_wconf 83' lang='grc' dir='ltr'><strong>καὶ</strong></span> <span class='ocrx_word' id='word_1_260' title='bbox 957 2111 1090 2187; x_wconf 83' lang='grc' dir='ltr'>πρὸς</span> <span class='ocrx_word' id='word_1_261' title='bbox 1133 2110 1232 2187; x_wconf 80' lang='grc' dir='ltr'>ὅρη</span> <span class='ocrx_word' id='word_1_262' title='bbox 1277 2112 1364 2168; x_wconf 79' lang='grc' dir='ltr'>καὶ</span> <span class='ocrx_word' id='word_1_263' title='bbox 1413 2111 1656 2182; x_wconf 75' lang='grc' dir='ltr'>σπήλαια</span> <span class='ocrx_word' id='word_1_264' title='bbox 1691 2115 1778 2170; x_wconf 84' lang='grc' dir='ltr'><strong>καὶ</strong></span> <span class='ocrx_word' id='word_1_265' title='bbox 1834 2104 1929 2178; x_wconf 82' lang='grc' dir='ltr'><strong>τὰς</strong></span> 
     </span>
    </p>
   </div>
   <div class='ocr_carea' id='block_1_39' title="bbox 274 2192 1928 2280">
    <p class='ocr_par' dir='ltr' id='par_1_39' title="bbox 274 2192 1928 2280">
     <span class='ocr_line' id='line_1_39' title="bbox 274 2192 1928 2280; baseline 0.007 -31"><span class='ocrx_word' id='word_1_266' title='bbox 274 2192 508 2262; x_wconf 73' lang='grc' dir='ltr'>ἀδήλους</span> <span class='ocrx_word' id='word_1_267' title='bbox 565 2195 831 2278; x_wconf 69' lang='grc' dir='ltr'>ἰσχατιᾶς</span> <span class='ocrx_word' id='word_1_268' title='bbox 863 2201 994 2278; x_wconf 87' lang='grc' dir='ltr'>πρὸς</span> <span class='ocrx_word' id='word_1_269' title='bbox 1024 2200 1195 2280; x_wconf 77' lang='grc' dir='ltr'>τάχος</span> <span class='ocrx_word' id='word_1_270' title='bbox 1228 2200 1492 2280; x_wconf 80' lang='grc' dir='ltr'>ἐχώρουν,</span> <span class='ocrx_word' id='word_1_271' title='bbox 1540 2201 1642 2268; x_wconf 75' lang='grc' dir='ltr'>τὴν</span> <span class='ocrx_word' id='word_1_272' title='bbox 1675 2203 1811 2277; x_wconf 82' lang='grc' dir='ltr'>μετᾶ</span> <span class='ocrx_word' id='word_1_273' title='bbox 1835 2206 1928 2271; x_wconf 89' lang='grc' dir='ltr'>θη·</span> 
     </span>
    </p>
   </div>
   <div class='ocr_carea' id='block_1_40' title="bbox 273 2282 1928 2370">
    <p class='ocr_par' dir='ltr' id='par_1_40' title="bbox 273 2282 1928 2370">
     <span class='ocr_line' id='line_1_40' title="bbox 273 2282 1928 2370; baseline 0.005 -31"><span class='ocrx_word' id='word_1_274' title='bbox 273 2285 403 2363; x_wconf 84' lang='grc' dir='ltr'>ρίων</span> <span class='ocrx_word' id='word_1_275' title='bbox 460 2282 734 2366; x_wconf 74' lang='grc' dir='ltr'>διαγωγὴν</span> <span class='ocrx_word' id='word_1_276' title='bbox 791 2287 1041 2363; x_wconf 76' lang='grc' dir='ltr'>ἑλόμεναι</span> <span class='ocrx_word' id='word_1_277' title='bbox 1100 2288 1304 2365; x_wconf 84' lang='grc' dir='ltr'>μᾶλλον</span> <span class='ocrx_word' id='word_1_278' title='bbox 1359 2291 1394 2358; x_wconf 79' lang='grc' dir='ltr'>ἢ</span> <span class='ocrx_word' id='word_1_279' title='bbox 1447 2290 1750 2370; x_wconf 81' lang='grc' dir='ltr'>ἀνθρώποις</span> <span class='ocrx_word' id='word_1_280' title='bbox 1801 2315 1928 2350; x_wconf 87' lang='grc' dir='ltr'>συν-</span> 
     </span>
    </p>
   </div>
   <div class='ocr_carea' id='block_1_41' title="bbox 279 2375 1929 2458">
    <p class='ocr_par' dir='ltr' id='par_1_41' title="bbox 279 2375 1929 2458">
     <span class='ocr_line' id='line_1_41' title="bbox 279 2375 1929 2458; baseline 0.005 -28"><span class='ocrx_word' id='word_1_281' title='bbox 279 2383 476 2449; x_wconf 81' lang='grc' dir='ltr'>οικεῖν,</span> <span class='ocrx_word' id='word_1_282' title='bbox 537 2375 728 2450; x_wconf 87' lang='grc' dir='ltr'>πολλῷ</span> <span class='ocrx_word' id='word_1_283' title='bbox 781 2379 979 2456; x_wconf 91' lang='grc' dir='ltr'>θηρίων</span> <span class='ocrx_word' id='word_1_284' title='bbox 1023 2378 1374 2458; x_wconf 75' lang='grc' dir='ltr'>ἀγριωτέρως</span> <span class='ocrx_word' id='word_1_285' title='bbox 1428 2383 1517 2436; x_wconf 85' lang='grc' dir='ltr'><strong>καὶ</strong></span> <span class='ocrx_word' id='word_1_286' title='bbox 1573 2378 1801 2458; x_wconf 80' lang='grc' dir='ltr'>ὑϐρίζειν</span> <span class='ocrx_word' id='word_1_287' title='bbox 1857 2384 1929 2448; x_wconf 83' lang='grc' dir='ltr'>εἷς</span> 
     </span>
    </p>
   </div>
   <div class='ocr_carea' id='block_1_42' title="bbox 284 2461 1930 2546">
    <p class='ocr_par' dir='ltr' id='par_1_42' title="bbox 284 2461 1930 2546">
     <span class='ocr_line' id='line_1_42' title="bbox 284 2461 1930 2546; baseline 0.005 -28"><span class='ocrx_word' id='word_1_288' title='bbox 284 2461 507 2537; x_wconf 83' lang='grc' dir='ltr'>σώματα</span> <span class='ocrx_word' id='word_1_289' title='bbox 589 2468 873 2544; x_wconf 77' lang='grc' dir='ltr'>παρθενίαν</span> <span class='ocrx_word' id='word_1_290' title='bbox 960 2465 1333 2541; x_wconf 80' lang='grc' dir='ltr'>μελετήσαντα</span> <span class='ocrx_word' id='word_1_291' title='bbox 1436 2466 1607 2545; x_wconf 72' lang='grc' dir='ltr'>μηδὲν</span> <span class='ocrx_word' id='word_1_292' title='bbox 1698 2468 1930 2546; x_wconf 75' lang='grc' dir='ltr'>ἄσεμνον</span> 
     </span>
    </p>
   </div>
   <div class='ocr_carea' id='block_1_43' title="bbox 278 2552 1930 2632">
    <p class='ocr_par' dir='ltr' id='par_1_43' title="bbox 278 2552 1930 2632">
     <span class='ocr_line' id='line_1_43' title="bbox 278 2552 1930 2632; baseline 0.006 -25"><span class='ocrx_word' id='word_1_293' title='bbox 278 2552 622 2630; x_wconf 75' lang='grc' dir='ltr'>ἡγουμένοις.</span> <span class='ocrx_word' id='word_1_294' title='bbox 681 2553 834 2612; x_wconf 85' lang='grc' dir='ltr'>Ἀλλ’</span> <span class='ocrx_word' id='word_1_295' title='bbox 893 2555 1152 2632; x_wconf 79' lang='grc' dir='ltr'>ἐψεύσθης</span> <span class='ocrx_word' id='word_1_296' title='bbox 1217 2556 1384 2620; x_wconf 77' lang='grc' dir='ltr'>ὄντως</span> <span class='ocrx_word' id='word_1_297' title='bbox 1449 2563 1548 2626; x_wconf 78' lang='grc' dir='ltr'>τῆς</span> <span class='ocrx_word' id='word_1_298' title='bbox 1608 2559 1846 2623; x_wconf 76' lang='grc' dir='ltr'>ἐπινοίας</span> <span class='ocrx_word' id='word_1_299' title='bbox 1902 2563 1930 2617; x_wconf 86' lang='lat'><strong>6</strong></span> 
     </span>
    </p>
   </div>
   <div class='ocr_carea' id='block_1_44' title="bbox 275 2641 1929 2730">
    <p class='ocr_par' dir='ltr' id='par_1_44' title="bbox 275 2641 1929 2730">
     <span class='ocr_line' id='line_1_44' title="bbox 275 2641 1929 2730; baseline 0.005 -31"><span class='ocrx_word' id='word_1_300' title='bbox 275 2641 494 2699; x_wconf 81' lang='grc' dir='ltr'>πάντων</span> <span class='ocrx_word' id='word_1_301' title='bbox 556 2644 750 2724; x_wconf 68' lang='grc' dir='ltr'>ὶχθρός</span> <span class='ocrx_word' id='word_1_302' title='bbox 787 2665 802 2680; x_wconf 88' lang='grc'><strong>·</strong></span> <span class='ocrx_word' id='word_1_303' title='bbox 850 2648 938 2702; x_wconf 86' lang='grc' dir='ltr'>καὶ</span> <span class='ocrx_word' id='word_1_304' title='bbox 975 2643 1045 2702; x_wconf 87' lang='grc' dir='ltr'>δι’</span> <span class='ocrx_word' id='word_1_305' title='bbox 1101 2649 1177 2702; x_wconf 83' lang='grc' dir='ltr'>ὧν</span> <span class='ocrx_word' id='word_1_306' title='bbox 1209 2645 1442 2714; x_wconf 73' lang='grc' dir='ltr'>ἤλπισας</span> <span class='ocrx_word' id='word_1_307' title='bbox 1470 2651 1818 2730; x_wconf 77' lang='grc' dir='ltr'>τυραννῆσαι,</span> <span class='ocrx_word' id='word_1_308' title='bbox 1861 2648 1929 2707; x_wconf 85' lang='grc' dir='ltr'><strong>δι’</strong></span> 
     </span>
    </p>
   </div>
   <div class='ocr_carea' id='block_1_45' title="bbox 276 2731 1926 2818">
    <p class='ocr_par' dir='ltr' id='par_1_45' title="bbox 276 2731 1926 2818">
     <span class='ocr_line' id='line_1_45' title="bbox 276 2731 1926 2818; baseline 0.005 -30"><span class='ocrx_word' id='word_1_309' title='bbox 276 2731 456 2790; x_wconf 73' lang='grc' dir='ltr'>αὐτῶν</span> <span class='ocrx_word' id='word_1_310' title='bbox 514 2735 712 2791; x_wconf 86' lang='grc' dir='ltr'>τούτων</span> <span class='ocrx_word' id='word_1_311' title='bbox 768 2735 930 2816; x_wconf 77' lang='grc' dir='ltr'>ἔσχες</span> <span class='ocrx_word' id='word_1_312' title='bbox 1007 2735 1414 2811; x_wconf 73' lang='grc' dir='ltr'>καταλυομένην</span> <span class='ocrx_word' id='word_1_313' title='bbox 1469 2739 1567 2806; x_wconf 79' lang='grc' dir='ltr'><strong>τὴν</strong></span> <span class='ocrx_word' id='word_1_314' title='bbox 1627 2738 1926 2818; x_wconf 87' lang='grc' dir='ltr'>τυραννίδα.</span> 
     </span>
    </p>
   </div>
   <div class='ocr_carea' id='block_1_46' title="bbox 277 2818 1925 2904">
    <p class='ocr_par' dir='ltr' id='par_1_46' title="bbox 277 2818 1925 2904">
     <span class='ocr_line' id='line_1_46' title="bbox 277 2818 1925 2904; baseline 0.005 -26"><span class='ocrx_word' id='word_1_315' title='bbox 277 2818 411 2878; x_wconf 73' lang='grc' dir='ltr'>Οὐδὲ</span> <span class='ocrx_word' id='word_1_316' title='bbox 451 2823 554 2902; x_wconf 76' lang='grc' dir='ltr'><strong>γὰρ</strong></span> <span class='ocrx_word' id='word_1_317' title='bbox 600 2823 875 2900; x_wconf 75' lang='grc' dir='ltr'>ἠμέλησεν</span> <span class='ocrx_word' id='word_1_318' title='bbox 906 2827 933 2882; x_wconf 90' lang='lat'><strong>6</strong></span> <span class='ocrx_word' id='word_1_319' title='bbox 963 2825 1023 2882; x_wconf 72' lang='grc' dir='ltr'>ὲκ</span> <span class='ocrx_word' id='word_1_320' title='bbox 1061 2827 1322 2904; x_wconf 79' lang='grc' dir='ltr'>Παρθένου</span> <span class='ocrx_word' id='word_1_321' title='bbox 1366 2829 1497 2892; x_wconf 81' lang='grc' dir='ltr'>Θεὸς</span> <span class='ocrx_word' id='word_1_322' title='bbox 1556 2830 1635 2904; x_wconf 82' lang='grc' dir='ltr'>μὴ</span> <span class='ocrx_word' id='word_1_323' title='bbox 1666 2832 1754 2886; x_wconf 87' lang='grc' dir='ltr'><strong>καὶ</strong></span> <span class='ocrx_word' id='word_1_324' title='bbox 1796 2831 1925 2887; x_wconf 81' lang='grc' dir='ltr'>ταύ-</span> 
     </span>
    </p>
   </div>
   <div class='ocr_carea' id='block_1_47' title="bbox 266 2909 1929 2998">
    <p class='ocr_par' dir='ltr' id='par_1_47' title="bbox 266 2909 1929 2998">
     <span class='ocr_line' id='line_1_47' title="bbox 266 2909 1929 2998; baseline 0.007 -33"><span class='ocrx_word' id='word_1_325' title='bbox 266 2929 367 2974; x_wconf 83' lang='grc' dir='ltr'><strong>τας</strong></span> <span class='ocrx_word' id='word_1_326' title='bbox 398 2909 454 2968; x_wconf 76' lang='grc' dir='ltr'>ἓν</span> <span class='ocrx_word' id='word_1_327' title='bbox 499 2913 649 2989; x_wconf 74' lang='grc' dir='ltr'>μέσῳ</span> <span class='ocrx_word' id='word_1_328' title='bbox 689 2911 898 2991; x_wconf 78' lang='grc' dir='ltr'>δημίων</span> <span class='ocrx_word' id='word_1_329' title='bbox 947 2915 1043 2979; x_wconf 80' lang='grc' dir='ltr'><strong>τὰς</strong></span> <span class='ocrx_word' id='word_1_330' title='bbox 1096 2915 1382 2992; x_wconf 82' lang='grc' dir='ltr'>παρθένους</span> <span class='ocrx_word' id='word_1_331' title='bbox 1427 2915 1767 2998; x_wconf 75' lang='grc' dir='ltr'>διατηρῆσαι,</span> <span class='ocrx_word' id='word_1_332' title='bbox 1843 2921 1929 2976; x_wconf 80' lang='grc' dir='ltr'>καὶ</span> 
     </span>
    </p>
   </div>
   <div class='ocr_carea' id='block_1_48' title="bbox 270 2999 1928 3088">
    <p class='ocr_par' dir='ltr' id='par_1_48' title="bbox 270 2999 1928 3088">
     <span class='ocr_line' id='line_1_48' title="bbox 270 2999 1928 3088; baseline 0.005 -30"><span class='ocrx_word' id='word_1_333' title='bbox 270 2999 459 3080; x_wconf 77' lang='grc' dir='ltr'>ὥσπερ</span> <span class='ocrx_word' id='word_1_334' title='bbox 502 3001 602 3070; x_wconf 74' lang='grc' dir='ltr'><strong>τὴν</strong></span> <span class='ocrx_word' id='word_1_335' title='bbox 647 3004 850 3078; x_wconf 85' lang='grc' dir='ltr'>πίστιν,</span> <span class='ocrx_word' id='word_1_336' title='bbox 881 3003 1020 3061; x_wconf 77' lang='grc' dir='ltr'>οὕτω</span> <span class='ocrx_word' id='word_1_337' title='bbox 1048 3003 1105 3060; x_wconf 78' lang='grc' dir='ltr'>δὲ</span> <span class='ocrx_word' id='word_1_338' title='bbox 1147 3007 1236 3062; x_wconf 82' lang='grc' dir='ltr'>καὶ</span> <span class='ocrx_word' id='word_1_339' title='bbox 1293 3006 1393 3074; x_wconf 65' lang='grc' dir='ltr'><strong>τήν</strong></span> <span class='ocrx_word' id='word_1_340' title='bbox 1437 3008 1783 3088; x_wconf 73' lang='grc' dir='ltr'>σωφροσύνην</span> <span class='ocrx_word' id='word_1_341' title='bbox 1828 3013 1928 3067; x_wconf 82' lang='grc' dir='ltr'><strong>αὖ-</strong></span> 
     </span>
    </p>
   </div>
   <div class='ocr_carea' id='block_1_49' title="bbox 272 3089 1929 3177">
    <p class='ocr_par' dir='ltr' id='par_1_49' title="bbox 272 3089 1929 3177">
     <span class='ocr_line' id='line_1_49' title="bbox 272 3089 1929 3177; baseline 0.005 -30"><span class='ocrx_word' id='word_1_342' title='bbox 272 3091 369 3156; x_wconf 79' lang='grc' dir='ltr'><strong>τὰς</strong></span> <span class='ocrx_word' id='word_1_343' title='bbox 429 3089 714 3170; x_wconf 81' lang='grc' dir='ltr'>προδοῦναι</span> <span class='ocrx_word' id='word_1_344' title='bbox 772 3095 850 3170; x_wconf 77' lang='grc' dir='ltr'>μὴ</span> <span class='ocrx_word' id='word_1_345' title='bbox 907 3099 1283 3174; x_wconf 76' lang='grc' dir='ltr'>συγχωρῆσαι,</span> <span class='ocrx_word' id='word_1_346' title='bbox 1342 3095 1431 3154; x_wconf 86' lang='grc' dir='ltr'>Ἐν</span> <span class='ocrx_word' id='word_1_347' title='bbox 1475 3098 1691 3164; x_wconf 83' lang='grc' dir='ltr'>ταύταις</span> <span class='ocrx_word' id='word_1_348' title='bbox 1749 3098 1929 3177; x_wconf 77' lang='grc' dir='ltr'>ὥσπερ</span> 
     </span>
    </p>
   </div>
   <div class='ocr_carea' id='block_1_50' title="bbox 276 3179 1927 3267">
    <p class='ocr_par' dir='ltr' id='par_1_50' title="bbox 276 3179 1927 3267">
     <span class='ocr_line' id='line_1_50' title="bbox 276 3179 1927 3267; baseline 0.006 -31"><span class='ocrx_word' id='word_1_349' title='bbox 276 3179 373 3236; x_wconf 75' lang='grc' dir='ltr'><strong>οὖν</strong></span> <span class='ocrx_word' id='word_1_350' title='bbox 429 3179 484 3237; x_wconf 78' lang='grc' dir='ltr'>ὲν</span> <span class='ocrx_word' id='word_1_351' title='bbox 542 3181 818 3263; x_wconf 76' lang='grc' dir='ltr'>διαφανέσι</span> <span class='ocrx_word' id='word_1_352' title='bbox 889 3185 977 3241; x_wconf 79' lang='grc' dir='ltr'>καὶ</span> <span class='ocrx_word' id='word_1_353' title='bbox 1058 3182 1333 3261; x_wconf 77' lang='grc' dir='ltr'>λαμπροῖς</span> <span class='ocrx_word' id='word_1_354' title='bbox 1409 3185 1633 3267; x_wconf 66' lang='grc' dir='ltr'>ἀστράσι</span> <span class='ocrx_word' id='word_1_355' title='bbox 1693 3189 1789 3264; x_wconf 92' lang='grc' dir='ltr'><strong>μία</strong></span> <span class='ocrx_word' id='word_1_356' title='bbox 1847 3212 1927 3254; x_wconf 90' lang='grc' dir='ltr'><strong>τις</strong></span> 
     </span>
    </p>
   </div>
   <div class='ocr_carea' id='block_1_51' title="bbox 273 3268 1929 3356">
    <p class='ocr_par' dir='ltr' id='par_1_51' title="bbox 273 3268 1929 3356">
     <span class='ocr_line' id='line_1_51' title="bbox 273 3268 1929 3356; baseline 0.006 -31"><span class='ocrx_word' id='word_1_357' title='bbox 273 3268 621 3348; x_wconf 76' lang='grc' dir='ltr'>ὑπερέλαμπε</span> <span class='ocrx_word' id='word_1_358' title='bbox 651 3274 956 3349; x_wconf 85' lang='grc' dir='ltr'>θαυμασίως</span> <span class='ocrx_word' id='word_1_359' title='bbox 999 3273 1091 3330; x_wconf 84' lang='grc' dir='ltr'><strong>τὸν</strong></span> <span class='ocrx_word' id='word_1_360' title='bbox 1151 3273 1387 3346; x_wconf 70' lang='grc' dir='ltr'>σελήνης</span> <span class='ocrx_word' id='word_1_361' title='bbox 1439 3277 1636 3356; x_wconf 85' lang='grc' dir='ltr'>τρόπον</span> <span class='ocrx_word' id='word_1_362' title='bbox 1687 3277 1800 3356; x_wconf 71' lang='grc' dir='ltr'><strong>ὥρᾳ</strong></span> <span class='ocrx_word' id='word_1_363' title='bbox 1841 3282 1929 3337; x_wconf 86' lang='grc' dir='ltr'><strong>καὶ</strong></span> 
     </span>
    </p>
   </div>
   <div class='ocr_carea' id='block_1_52' title="bbox 277 3357 1924 3448">
    <p class='ocr_par' dir='ltr' id='par_1_52' title="bbox 277 3357 1924 3448">
     <span class='ocr_line' id='line_1_52' title="bbox 277 3357 1924 3448; baseline 0.009 -34"><span class='ocrx_word' id='word_1_364' title='bbox 277 3357 424 3448; x_wconf 68' lang='grc' dir='ltr'>γένει</span> <span class='ocrx_word' id='word_1_365' title='bbox 466 3362 554 3416; x_wconf 84' lang='grc' dir='ltr'><strong>καὶ</strong></span> <span class='ocrx_word' id='word_1_366' title='bbox 584 3359 749 3440; x_wconf 78' lang='grc' dir='ltr'>ἀρετῇ</span> <span class='ocrx_word' id='word_1_367' title='bbox 791 3363 923 3440; x_wconf 80' lang='grc' dir='ltr'>πρὸς</span> <span class='ocrx_word' id='word_1_368' title='bbox 953 3363 1049 3428; x_wconf 79' lang='grc' dir='ltr'><strong>τὰς</strong></span> <span class='ocrx_word' id='word_1_369' title='bbox 1079 3360 1248 3430; x_wconf 78' lang='grc' dir='ltr'>ἄλλας</span> <span class='ocrx_word' id='word_1_370' title='bbox 1294 3363 1652 3446; x_wconf 78' lang='grc' dir='ltr'>διαφερόντως</span> <span class='ocrx_word' id='word_1_371' title='bbox 1697 3366 1924 3448; x_wconf 74' lang='grc' dir='ltr'>ἔχουσα.</span> 
     </span>
    </p>
   </div>
   <div class='ocr_carea' id='block_1_53' title="bbox 279 3447 1929 3532">
    <p class='ocr_par' dir='ltr' id='par_1_53' title="bbox 279 3447 1929 3532">
     <span class='ocr_line' id='line_1_53' title="bbox 279 3447 1929 3532; baseline 0.007 -28"><span class='ocrx_word' id='word_1_372' title='bbox 279 3447 430 3515; x_wconf 75' lang='grc' dir='ltr'>Αὕτη</span> <span class='ocrx_word' id='word_1_373' title='bbox 484 3448 714 3528; x_wconf 76' lang='grc' dir='ltr'>Θεοφίλα</span> <span class='ocrx_word' id='word_1_374' title='bbox 757 3452 856 3528; x_wconf 82' lang='grc' dir='ltr'>μὲν</span> <span class='ocrx_word' id='word_1_375' title='bbox 913 3451 1165 3510; x_wconf 75' lang='grc' dir='ltr'>ἐκαλεῖτο</span> <span class='ocrx_word' id='word_1_376' title='bbox 1192 3467 1207 3485; x_wconf 81' lang='grc'><strong>⁸</strong></span> <span class='ocrx_word' id='word_1_377' title='bbox 1269 3452 1408 3511; x_wconf 84' lang='grc' dir='ltr'>πολὺ</span> <span class='ocrx_word' id='word_1_378' title='bbox 1465 3452 1521 3510; x_wconf 76' lang='grc' dir='ltr'>δὲ</span> <span class='ocrx_word' id='word_1_379' title='bbox 1579 3447 1788 3532; x_wconf 78' lang='grc' dir='ltr'>μᾶλλον</span> <span class='ocrx_word' id='word_1_380' title='bbox 1845 3457 1929 3515; x_wconf 74' lang='grc' dir='ltr'>ἐπὶ</span> 
     </span>
    </p>
   </div>
   <div class='ocr_carea' id='block_1_54' title="bbox 279 3537 1088 3618">
    <p class='ocr_par' dir='ltr' id='par_1_54' title="bbox 279 3537 1088 3618">
     <span class='ocr_line' id='line_1_54' title="bbox 279 3537 1088 3618; baseline 0.014 -25"><span class='ocrx_word' id='word_1_381' title='bbox 279 3543 387 3595; x_wconf 88' lang='grc' dir='ltr'><strong>τῶν</strong></span> <span class='ocrx_word' id='word_1_382' title='bbox 414 3537 585 3618; x_wconf 78' lang='grc' dir='ltr'>ἔργων</span> <span class='ocrx_word' id='word_1_383' title='bbox 615 3549 772 3600; x_wconf 79' lang='grc' dir='ltr'>τοῦτο</span> <span class='ocrx_word' id='word_1_384' title='bbox 802 3539 1088 3604; x_wconf 72' lang='grc' dir='ltr'>ἐδείκνυτο.</span> 
     </span>
    </p>
   </div>
   <div class='ocr_carea' id='block_1_55' title="bbox 366 3707 1932 3804">
    <p class='ocr_par' dir='ltr' id='par_1_55' title="bbox 366 3707 1932 3804">
     <span class='ocr_line' id='line_1_55' title="bbox 366 3707 1932 3804; baseline 0.006 -29"><span class='ocrx_word' id='word_1_385' title='bbox 366 3714 461 3775; x_wconf 76' lang='grc' dir='ltr'><strong>κ’.</strong></span> <span class='ocrx_word' id='word_1_386' title='bbox 516 3707 606 3782; x_wconf 72' lang='grc' dir='ltr'>Ὠς</span> <span class='ocrx_word' id='word_1_387' title='bbox 657 3719 756 3799; x_wconf 79' lang='grc' dir='ltr'>γὰρ</span> <span class='ocrx_word' id='word_1_388' title='bbox 809 3719 976 3787; x_wconf 70' lang='grc' dir='ltr'>οὕτως</span> <span class='ocrx_word' id='word_1_389' title='bbox 1034 3720 1100 3790; x_wconf 76' lang='grc' dir='ltr'><strong>ἧν</strong></span> <span class='ocrx_word' id='word_1_390' title='bbox 1153 3721 1332 3792; x_wconf 68' lang='grc' dir='ltr'>ἇκεὶνη</span> <span class='ocrx_word' id='word_1_391' title='bbox 1379 3723 1480 3792; x_wconf 76' lang='grc' dir='ltr'><strong>τὴν</strong></span> <span class='ocrx_word' id='word_1_392' title='bbox 1507 3721 1633 3801; x_wconf 70' lang='grc' dir='ltr'>ὄψιν</span> <span class='ocrx_word' id='word_1_393' title='bbox 1668 3732 1932 3804; x_wconf 81' lang='grc' dir='ltr'>περικαλ-</span> 
     </span>
    </p>
   </div>
   <div class='ocr_carea' id='block_1_56' title="bbox 280 3802 1930 3893">
    <p class='ocr_par' dir='ltr' id='par_1_56' title="bbox 280 3802 1930 3893">
     <span class='ocr_line' id='line_1_56' title="bbox 280 3802 1930 3893; baseline 0.007 -32"><span class='ocrx_word' id='word_1_394' title='bbox 280 3802 414 3893; x_wconf 65' lang='grc' dir='ltr'>λξις,</span> <span class='ocrx_word' id='word_1_395' title='bbox 461 3803 676 3865; x_wconf 77' lang='grc' dir='ltr'>εἵλκετο</span> <span class='ocrx_word' id='word_1_396' title='bbox 725 3807 780 3865; x_wconf 77' lang='grc' dir='ltr'>δὲ</span> <span class='ocrx_word' id='word_1_397' title='bbox 823 3823 944 3875; x_wconf 88' lang='grc' dir='ltr'>τοῖς</span> <span class='ocrx_word' id='word_1_398' title='bbox 988 3808 1228 3889; x_wconf 86' lang='grc' dir='ltr'>δημίοις,</span> <span class='ocrx_word' id='word_1_399' title='bbox 1284 3813 1373 3869; x_wconf 86' lang='grc' dir='ltr'><strong>καὶ</strong></span> <span class='ocrx_word' id='word_1_400' title='bbox 1429 3810 1534 3881; x_wconf 74' lang='grc' dir='ltr'><strong>ἤδη</strong></span> <span class='ocrx_word' id='word_1_401' title='bbox 1579 3815 1712 3893; x_wconf 79' lang='grc' dir='ltr'>πρὸς</span> <span class='ocrx_word' id='word_1_402' title='bbox 1741 3802 1804 3872; x_wconf 76' lang='grc' dir='ltr'>τὸ</span> <span class='ocrx_word' id='word_1_403' title='bbox 1830 3817 1930 3883; x_wconf 78' lang='grc' dir='ltr'><strong>τῆς</strong></span> 
     </span>
    </p>
   </div>
   <div class='ocr_carea' id='block_1_57' title="bbox 277 3891 1932 3984">
    <p class='ocr_par' dir='ltr' id='par_1_57' title="bbox 277 3891 1932 3984">
     <span class='ocr_line' id='line_1_57' title="bbox 277 3891 1932 3984; baseline 0.005 -31"><span class='ocrx_word' id='word_1_404' title='bbox 277 3891 482 3975; x_wconf 74' lang='grc' dir='ltr'>ὕϐρεως</span> <span class='ocrx_word' id='word_1_405' title='bbox 546 3896 900 3980; x_wconf 71' lang='grc' dir='ltr'>ιργαστήριον</span> <span class='ocrx_word' id='word_1_406' title='bbox 988 3902 1176 3978; x_wconf 81' lang='grc' dir='ltr'>βιαίως</span> <span class='ocrx_word' id='word_1_407' title='bbox 1232 3904 1502 3983; x_wconf 74' lang='grc' dir='ltr'>εἰσήγετο,</span> <span class='ocrx_word' id='word_1_408' title='bbox 1567 3891 1761 3984; x_wconf 84' lang='grc' dir='ltr'>χεῖρας</span> <span class='ocrx_word' id='word_1_409' title='bbox 1817 3905 1932 3981; x_wconf 77' lang='grc' dir='ltr'>ἅμα</span> 
     </span>
    </p>
   </div>
   <div class='ocr_carea' id='block_1_58' title="bbox 277 3984 1926 4075">
    <p class='ocr_par' dir='ltr' id='par_1_58' title="bbox 277 3984 1926 4075">
     <span class='ocr_line' id='line_1_58' title="bbox 277 3984 1926 4075; baseline 0.005 -33"><span class='ocrx_word' id='word_1_410' title='bbox 277 3984 374 4075; x_wconf 75' lang='grc' dir='ltr'>καὶ</span> <span class='ocrx_word' id='word_1_411' title='bbox 432 3987 736 4068; x_wconf 73' lang='grc' dir='ltr'>ὀφθαλμοὺς</span> <span class='ocrx_word' id='word_1_412' title='bbox 819 3989 989 4071; x_wconf 77' lang='grc' dir='ltr'>ἄρασα</span> <span class='ocrx_word' id='word_1_413' title='bbox 1072 3994 1161 4049; x_wconf 85' lang='grc' dir='ltr'><strong>καὶ</strong></span> <span class='ocrx_word' id='word_1_414' title='bbox 1220 3994 1294 4058; x_wconf 79' lang='grc' dir='ltr'><strong>εἰς</strong></span> <span class='ocrx_word' id='word_1_415' title='bbox 1356 3994 1578 4073; x_wconf 80' lang='grc' dir='ltr'>οόρανὸν</span> <span class='ocrx_word' id='word_1_416' title='bbox 1639 3995 1926 4075; x_wconf 79' lang='grc' dir='ltr'>περιπαθὲς</span> 
     </span>
    </p>
   </div>
   <div class='ocr_carea' id='block_1_59' title="bbox 271 4074 1928 4165">
    <p class='ocr_par' dir='ltr' id='par_1_59' title="bbox 271 4074 1928 4165">
     <span class='ocr_line' id='line_1_59' title="bbox 271 4074 1928 4165; baseline 0.007 -34"><span class='ocrx_word' id='word_1_417' title='bbox 271 4074 550 4158; x_wconf 82' lang='grc' dir='ltr'>βλέψασα,</span> <span class='ocrx_word' id='word_1_418' title='bbox 609 4077 792 4148; x_wconf 85' lang='grc' dir='ltr'><strong>Ἰησοῦ</strong></span> <span class='ocrx_word' id='word_1_419' title='bbox 847 4102 977 4157; x_wconf 70' lang='grc' dir='ltr'>μου,</span> <span class='ocrx_word' id='word_1_420' title='bbox 1035 4083 1217 4156; x_wconf 80' lang='grc' dir='ltr'>εἶπεν,</span> <span class='ocrx_word' id='word_1_421' title='bbox 1275 4085 1304 4140; x_wconf 91' lang='lat'><strong>6</strong></span> <span class='ocrx_word' id='word_1_422' title='bbox 1345 4081 1475 4159; x_wconf 66' lang='grc' dir='ltr'>ἕμὸς</span> <span class='ocrx_word' id='word_1_423' title='bbox 1537 4074 1769 4165; x_wconf 73' lang='grc' dir='ltr'>ἕρως,δ</span> <span class='ocrx_word' id='word_1_424' title='bbox 1799 4084 1928 4161; x_wconf 78' lang='grc' dir='ltr'>ἐμὸς</span> 
     </span>
    </p>
   </div>
   <div class='ocr_carea' id='block_1_60' title="bbox 269 4168 1928 4255">
    <p class='ocr_par' dir='ltr' id='par_1_60' title="bbox 269 4168 1928 4255">
     <span class='ocr_line' id='line_1_60' title="bbox 269 4168 1928 4255; baseline 0.005 -33"><span class='ocrx_word' id='word_1_425' title='bbox 269 4168 534 4255; x_wconf 61' lang='grc' dir='ltr'>ἱρᾳστὴς,</span> <span class='ocrx_word' id='word_1_426' title='bbox 580 4169 642 4226; x_wconf 86' lang='grc' dir='ltr'>τὸ</span> <span class='ocrx_word' id='word_1_427' title='bbox 695 4170 827 4244; x_wconf 76' lang='grc' dir='ltr'>ἆμὸν</span> <span class='ocrx_word' id='word_1_428' title='bbox 881 4178 1018 4250; x_wconf 77' lang='grc' dir='ltr'>φῶς,</span> <span class='ocrx_word' id='word_1_429' title='bbox 1073 4173 1105 4240; x_wconf 72' lang='grc' dir='ltr'><strong>ἡ</strong></span> <span class='ocrx_word' id='word_1_430' title='bbox 1173 4173 1339 4246; x_wconf 77' lang='grc' dir='ltr'>πνοὴ,</span> <span class='ocrx_word' id='word_1_431' title='bbox 1371 4175 1400 4229; x_wconf 94' lang='lat'><strong>6</strong></span> <span class='ocrx_word' id='word_1_432' title='bbox 1430 4171 1560 4249; x_wconf 72' lang='grc' dir='ltr'>ἐμὸς</span> <span class='ocrx_word' id='word_1_433' title='bbox 1589 4178 1688 4242; x_wconf 81' lang='grc' dir='ltr'>τῆς</span> <span class='ocrx_word' id='word_1_434' title='bbox 1718 4173 1928 4255; x_wconf 72' lang='grc' dir='ltr'>ἁγνείας</span> 
     </span>
    </p>
   </div>
   <div class='ocr_carea' id='block_1_61' title="bbox 273 4254 1926 4346">
    <p class='ocr_par' dir='ltr' id='par_1_61' title="bbox 273 4254 1926 4346">
     <span class='ocr_line' id='line_1_61' title="bbox 273 4254 1926 4346; baseline -0.002 -22"><span class='ocrx_word' id='word_1_435' title='bbox 273 4254 444 4346; x_wconf 56' lang='grc' dir='ltr'>τύλαξ</span> <span class='ocrx_word' id='word_1_436' title='bbox 472 4258 561 4314; x_wconf 68' lang='grc' dir='ltr'><strong>καὶ</strong></span> <span class='ocrx_word' id='word_1_437' title='bbox 617 4263 719 4327; x_wconf 80' lang='grc' dir='ltr'>τῆς</span> <span class='ocrx_word' id='word_1_438' title='bbox 769 4261 938 4341; x_wconf 70' lang='grc' dir='ltr'>ζωῆς,</span> <span class='ocrx_word' id='word_1_439' title='bbox 991 4259 1075 4318; x_wconf 73' lang='grc' dir='ltr'><strong>ἴδε</strong></span> <span class='ocrx_word' id='word_1_440' title='bbox 1119 4262 1219 4330; x_wconf 74' lang='grc' dir='ltr'>τὴν</span> <span class='ocrx_word' id='word_1_441' title='bbox 1261 4264 1312 4320; x_wconf 84' lang='grc' dir='ltr'>σὶ</span> <span class='ocrx_word' id='word_1_442' title='bbox 1343 4254 1777 4343; x_wconf 61' lang='grc' dir='ltr'>νυμφευθεῖσαν,</span> <span class='ocrx_word' id='word_1_443' title='bbox 1817 4263 1926 4346; x_wconf 77' lang='grc' dir='ltr'>ἴδε,</span> 
     </span>
    </p>
   </div>
   <div class='ocr_carea' id='block_1_62' title="bbox 273 4343 1928 4429">
    <p class='ocr_par' dir='ltr' id='par_1_62' title="bbox 273 4343 1928 4429">
     <span class='ocr_line' id='line_1_62' title="bbox 273 4343 1928 4429; baseline 0.007 -30"><span class='ocrx_word' id='word_1_444' title='bbox 273 4343 474 4421; x_wconf 80' lang='grc' dir='ltr'>ἄμωμε</span> <span class='ocrx_word' id='word_1_445' title='bbox 529 4350 740 4429; x_wconf 70' lang='grc' dir='ltr'>νυμφίε,</span> <span class='ocrx_word' id='word_1_446' title='bbox 791 4352 882 4406; x_wconf 79' lang='grc' dir='ltr'>καὶ</span> <span class='ocrx_word' id='word_1_447' title='bbox 936 4350 1185 4428; x_wconf 74' lang='grc' dir='ltr'>σπεΰσον,</span> <span class='ocrx_word' id='word_1_448' title='bbox 1236 4351 1317 4408; x_wconf 80' lang='grc' dir='ltr'><strong>ὅτι</strong></span> <span class='ocrx_word' id='word_1_449' title='bbox 1363 4350 1500 4427; x_wconf 82' lang='grc' dir='ltr'>μηδὲ</span> <span class='ocrx_word' id='word_1_450' title='bbox 1552 4351 1793 4418; x_wconf 75' lang='grc' dir='ltr'>εὔξασθαί</span> <span class='ocrx_word' id='word_1_451' title='bbox 1833 4343 1928 4412; x_wconf 80' lang='grc' dir='ltr'>’σοι</span> 
     </span>
    </p>
   </div>
   <div class='ocr_carea' id='block_1_63' title="bbox 272 4435 1928 4522">
    <p class='ocr_par' dir='ltr' id='par_1_63' title="bbox 272 4435 1928 4522">
     <span class='ocr_line' id='line_1_63' title="bbox 272 4435 1928 4522; baseline 0.005 -31"><span class='ocrx_word' id='word_1_452' title='bbox 272 4435 486 4514; x_wconf 88' lang='grc' dir='ltr'>καιρός.</span> <span class='ocrx_word' id='word_1_453' title='bbox 537 4437 624 4506; x_wconf 62' lang='grc' dir='ltr'><strong>ντὶ</strong></span> <span class='ocrx_word' id='word_1_454' title='bbox 667 4442 883 4514; x_wconf 80' lang='grc' dir='ltr'>ψευσθῶ</span> <span class='ocrx_word' id='word_1_455' title='bbox 929 4444 1030 4507; x_wconf 78' lang='grc' dir='ltr'><strong>τῆς</strong></span> <span class='ocrx_word' id='word_1_456' title='bbox 1087 4439 1380 4521; x_wconf 77' lang='grc' dir='ltr'>ὁμολογίας</span> <span class='ocrx_word' id='word_1_457' title='bbox 1413 4457 1429 4472; x_wconf 80' lang='grc'><strong><em>⁸</em></strong></span> <span class='ocrx_word' id='word_1_458' title='bbox 1491 4443 1570 4520; x_wconf 83' lang='grc' dir='ltr'>μὴ</span> <span class='ocrx_word' id='word_1_459' title='bbox 1620 4441 1830 4522; x_wconf 80' lang='grc' dir='ltr'>προδῷς</span> <span class='ocrx_word' id='word_1_460' title='bbox 1860 4465 1928 4520; x_wconf 86' lang='grc' dir='ltr'><strong>με</strong></span> 
     </span>
    </p>
   </div>
   <div class='ocr_carea' id='block_1_64' title="bbox 271 4525 1925 4612">
    <p class='ocr_par' dir='ltr' id='par_1_64' title="bbox 271 4525 1925 4612">
     <span class='ocr_line' id='line_1_64' title="bbox 271 4525 1925 4612; baseline 0.006 -32"><span class='ocrx_word' id='word_1_461' title='bbox 271 4525 477 4600; x_wconf 87' lang='grc' dir='ltr'>θηρίοις</span> <span class='ocrx_word' id='word_1_462' title='bbox 510 4541 526 4558; x_wconf 85' lang='grc'><strong><em>⁸</em></strong></span> <span class='ocrx_word' id='word_1_463' title='bbox 609 4530 688 4605; x_wconf 78' lang='grc' dir='ltr'>μὴ</span> <span class='ocrx_word' id='word_1_464' title='bbox 748 4528 900 4587; x_wconf 81' lang='grc' dir='ltr'>λύκοι</span> <span class='ocrx_word' id='word_1_465' title='bbox 957 4533 1020 4587; x_wconf 81' lang='grc' dir='ltr'>τὸ</span> <span class='ocrx_word' id='word_1_466' title='bbox 1090 4533 1185 4588; x_wconf 81' lang='grc' dir='ltr'><strong>σὺν</strong></span> <span class='ocrx_word' id='word_1_467' title='bbox 1235 4531 1446 4610; x_wconf 80' lang='grc' dir='ltr'>θρέμμα</span> <span class='ocrx_word' id='word_1_468' title='bbox 1504 4531 1925 4612; x_wconf 77' lang='grc' dir='ltr'>διασπαράξωσι.</span> 
     </span>
    </p>
   </div>
   <div class='ocr_carea' id='block_1_65' title="bbox 2013 1931 3656 2016">
    <p class='ocr_par' dir='ltr' id='par_1_65' title="bbox 2013 1931 3656 2016">
     <span class='ocr_line' id='line_1_65' title="bbox 2013 1931 3656 2016; baseline -0.003 -19"><span class='ocrx_word' id='word_1_469' title='bbox 2013 1934 2341 2008; x_wconf 89' lang='lat' dir='ltr'><strong>calamitas,</strong></span> <span class='ocrx_word' id='word_1_470' title='bbox 2373 1935 2543 2016; x_wconf 88' lang='lat' dir='ltr'><strong>quasi</strong></span> <span class='ocrx_word' id='word_1_471' title='bbox 2573 1944 2744 2016; x_wconf 89' lang='lat' dir='ltr'><strong>capta</strong></span> <span class='ocrx_word' id='word_1_472' title='bbox 2795 1943 2954 1996; x_wconf 88' lang='lat' dir='ltr'><strong>esset</strong></span> <span class='ocrx_word' id='word_1_473' title='bbox 3004 1932 3210 1996; x_wconf 85' lang='lat' dir='ltr'><strong>civitas</strong></span> <span class='ocrx_word' id='word_1_474' title='bbox 3257 1933 3332 1992; x_wconf 90' lang='lat' dir='ltr'><strong>ab</strong></span> <span class='ocrx_word' id='word_1_475' title='bbox 3365 1931 3656 1994; x_wconf 85' lang='lat' dir='ltr'><strong>hostibus.</strong></span> 
     </span>
    </p>
   </div>
   <div class='ocr_carea' id='block_1_66' title="bbox 2013 2021 3658 2106">
    <p class='ocr_par' dir='ltr' id='par_1_66' title="bbox 2013 2021 3658 2106">
     <span class='ocr_line' id='line_1_66' title="bbox 2013 2021 3658 2106; baseline -0.001 -20"><span class='ocrx_word' id='word_1_476' title='bbox 2013 2023 2483 2106; x_wconf 88' lang='lat' dir='ltr'><strong>Quibuscunque</strong></span> <span class='ocrx_word' id='word_1_477' title='bbox 2507 2043 2646 2102; x_wconf 84' lang='lat' dir='ltr'><strong>ergo</strong></span> <span class='ocrx_word' id='word_1_478' title='bbox 2669 2042 2870 2087; x_wconf 88' lang='lat' dir='ltr'><strong>earum</strong></span> <span class='ocrx_word' id='word_1_479' title='bbox 2896 2037 3068 2085; x_wconf 87' lang='lat' dir='ltr'><strong>erant</strong></span> <span class='ocrx_word' id='word_1_480' title='bbox 3092 2039 3346 2104; x_wconf 84' lang='lat' dir='ltr'><strong>corpora</strong></span> <span class='ocrx_word' id='word_1_481' title='bbox 3383 2021 3658 2102; x_wconf 84' lang='lat' dir='ltr'><strong>valentia,</strong></span> 
     </span>
    </p>
   </div>
   <div class='ocr_carea' id='block_1_67' title="bbox 2013 2111 3661 2195">
    <p class='ocr_par' dir='ltr' id='par_1_67' title="bbox 2013 2111 3661 2195">
     <span class='ocr_line' id='line_1_67' title="bbox 2013 2111 3661 2195; baseline -0.002 -18"><span class='ocrx_word' id='word_1_482' title='bbox 2013 2124 2071 2178; x_wconf 91' lang='lat' dir='ltr'><strong>et</strong></span> <span class='ocrx_word' id='word_1_483' title='bbox 2105 2132 2298 2195; x_wconf 88' lang='lat' dir='ltr'><strong>neque</strong></span> <span class='ocrx_word' id='word_1_484' title='bbox 2329 2122 2836 2195; x_wconf 89' lang='lat' dir='ltr'><strong>senectus,neque</strong></span> <span class='ocrx_word' id='word_1_485' title='bbox 2871 2115 3114 2174; x_wconf 90' lang='lat' dir='ltr'><strong>morbus</strong></span> <span class='ocrx_word' id='word_1_486' title='bbox 3141 2111 3357 2192; x_wconf 89' lang='lat' dir='ltr'><strong>aliquis</strong></span> <span class='ocrx_word' id='word_1_487' title='bbox 3388 2111 3661 2173; x_wconf 81' lang='lat' dir='ltr'><strong>tardabat</strong></span> 
     </span>
    </p>
   </div>
   <div class='ocr_carea' id='block_1_68' title="bbox 2013 2199 3657 2284">
    <p class='ocr_par' dir='ltr' id='par_1_68' title="bbox 2013 2199 3657 2284">
     <span class='ocr_line' id='line_1_68' title="bbox 2013 2199 3657 2284; baseline -0.002 -21"><span class='ocrx_word' id='word_1_488' title='bbox 2013 2220 2214 2265; x_wconf 84' lang='lat' dir='ltr'><strong>rarum</strong></span> <span class='ocrx_word' id='word_1_489' title='bbox 2245 2202 2454 2283; x_wconf 89' lang='lat' dir='ltr'><strong>pedes,</strong></span> <span class='ocrx_word' id='word_1_490' title='bbox 2489 2205 2632 2284; x_wconf 58' lang='lat' dir='ltr'><strong>ipsa;</strong></span> <span class='ocrx_word' id='word_1_491' title='bbox 2663 2203 2863 2264; x_wconf 86' lang='lat' dir='ltr'><strong>statim</strong></span> <span class='ocrx_word' id='word_1_492' title='bbox 2895 2204 3092 2281; x_wconf 76' lang='lat' dir='ltr'><strong>fugam</strong></span> <span class='ocrx_word' id='word_1_493' title='bbox 3121 2200 3555 2281; x_wconf 89' lang='lat' dir='ltr'><strong>spectabant,et</strong></span> <span class='ocrx_word' id='word_1_494' title='bbox 3583 2199 3657 2261; x_wconf 91' lang='lat' dir='ltr'><strong>ad</strong></span> 
     </span>
    </p>
   </div>
   <div class='ocr_carea' id='block_1_69' title="bbox 2015 2289 3662 2373">
    <p class='ocr_par' dir='ltr' id='par_1_69' title="bbox 2015 2289 3662 2373">
     <span class='ocr_line' id='line_1_69' title="bbox 2015 2289 3662 2373; baseline -0.002 -19"><span class='ocrx_word' id='word_1_495' title='bbox 2015 2301 2247 2354; x_wconf 87' lang='lat' dir='ltr'><strong>montes</strong></span> <span class='ocrx_word' id='word_1_496' title='bbox 2261 2301 2316 2354; x_wconf 86' lang='lat' dir='ltr'><strong>et</strong></span> <span class='ocrx_word' id='word_1_497' title='bbox 2340 2293 2659 2373; x_wconf 88' lang='lat' dir='ltr'><strong>speluncas</strong></span> <span class='ocrx_word' id='word_1_498' title='bbox 2681 2303 2738 2354; x_wconf 93' lang='lat' dir='ltr'><strong>et</strong></span> <span class='ocrx_word' id='word_1_499' title='bbox 2759 2295 2990 2372; x_wconf 87' lang='lat' dir='ltr'><strong>ignotas</strong></span> <span class='ocrx_word' id='word_1_500' title='bbox 3010 2289 3366 2354; x_wconf 88' lang='lat' dir='ltr'><strong>solitudines</strong></span> <span class='ocrx_word' id='word_1_501' title='bbox 3383 2291 3662 2352; x_wconf 84' lang='lat' dir='ltr'><strong>celeriter</strong></span> 
     </span>
    </p>
   </div>
   <div class='ocr_carea' id='block_1_70' title="bbox 2013 2378 3660 2461">
    <p class='ocr_par' dir='ltr' id='par_1_70' title="bbox 2013 2378 3660 2461">
     <span class='ocr_line' id='line_1_70' title="bbox 2013 2378 3660 2461; baseline -0.001 -19"><span class='ocrx_word' id='word_1_502' title='bbox 2013 2381 2282 2461; x_wconf 88' lang='lat' dir='ltr'><strong>abibant,</strong></span> <span class='ocrx_word' id='word_1_503' title='bbox 2314 2382 2606 2443; x_wconf 79' lang='lat' dir='ltr'><strong>malentes</strong></span> <span class='ocrx_word' id='word_1_504' title='bbox 2636 2383 2818 2444; x_wconf 87' lang='lat' dir='ltr'><strong>vitam</strong></span> <span class='ocrx_word' id='word_1_505' title='bbox 2853 2381 3076 2458; x_wconf 83' lang='lat' dir='ltr'><strong>degere</strong></span> <span class='ocrx_word' id='word_1_506' title='bbox 3110 2398 3245 2442; x_wconf 90' lang='lat' dir='ltr'><strong>cum</strong></span> <span class='ocrx_word' id='word_1_507' title='bbox 3275 2378 3442 2453; x_wconf 86' lang='lat' dir='ltr'><strong>feris,</strong></span> <span class='ocrx_word' id='word_1_508' title='bbox 3479 2396 3660 2456; x_wconf 89' lang='lat' dir='ltr'><strong>quam</strong></span> 
     </span>
    </p>
   </div>
   <div class='ocr_carea' id='block_1_71' title="bbox 2013 2467 3658 2549">
    <p class='ocr_par' dir='ltr' id='par_1_71' title="bbox 2013 2467 3658 2549">
     <span class='ocr_line' id='line_1_71' title="bbox 2013 2467 3658 2549; baseline -0.002 -17"><span class='ocrx_word' id='word_1_509' title='bbox 2013 2469 2288 2532; x_wconf 85' lang='lat' dir='ltr'><strong>habitare</strong></span> <span class='ocrx_word' id='word_1_510' title='bbox 2301 2489 2436 2532; x_wconf 90' lang='lat' dir='ltr'><strong>cum</strong></span> <span class='ocrx_word' id='word_1_511' title='bbox 2450 2470 3159 2549; x_wconf 85' lang='lat' dir='ltr'><strong>hominibus,ferislonge</strong></span> <span class='ocrx_word' id='word_1_512' title='bbox 3181 2467 3658 2543; x_wconf 87' lang='lat' dir='ltr'><strong>immanioribus,</strong></span> 
     </span>
    </p>
   </div>
   <div class='ocr_carea' id='block_1_72' title="bbox 2014 2557 3665 2641">
    <p class='ocr_par' dir='ltr' id='par_1_72' title="bbox 2014 2557 3665 2641">
     <span class='ocr_line' id='line_1_72' title="bbox 2014 2557 3665 2641; baseline -0.002 -19"><span class='ocrx_word' id='word_1_513' title='bbox 2014 2567 2073 2622; x_wconf 90' lang='lat' dir='ltr'><strong>et</strong></span> <span class='ocrx_word' id='word_1_514' title='bbox 2098 2561 2200 2640; x_wconf 92' lang='lat' dir='ltr'><strong>qui</strong></span> <span class='ocrx_word' id='word_1_515' title='bbox 2223 2578 2477 2641; x_wconf 87' lang='lat' dir='ltr'><strong>corpora</strong></span> <span class='ocrx_word' id='word_1_516' title='bbox 2505 2560 2904 2639; x_wconf 85' lang='lat' dir='ltr'><strong>virginitatem</strong></span> <span class='ocrx_word' id='word_1_517' title='bbox 2927 2559 3268 2622; x_wconf 76' lang='lat' dir='ltr'><strong>exercentis</strong></span> <span class='ocrx_word' id='word_1_518' title='bbox 3295 2557 3510 2638; x_wconf 83' lang='lat' dir='ltr'><strong>probro</strong></span> <span class='ocrx_word' id='word_1_519' title='bbox 3537 2558 3665 2618; x_wconf 84' lang='lat' dir='ltr'><strong>afﬁ-</strong></span> 
     </span>
    </p>
   </div>
   <div class='ocr_carea' id='block_1_73' title="bbox 2012 2647 3662 2728">
    <p class='ocr_par' dir='ltr' id='par_1_73' title="bbox 2012 2647 3662 2728">
     <span class='ocr_line' id='line_1_73' title="bbox 2012 2647 3662 2728; baseline -0.002 -16"><span class='ocrx_word' id='word_1_520' title='bbox 2012 2667 2150 2712; x_wconf 90' lang='lat' dir='ltr'><strong>cere</strong></span> <span class='ocrx_word' id='word_1_521' title='bbox 2172 2649 2554 2712; x_wconf 90' lang='lat' dir='ltr'><strong>inhonestum</strong></span> <span class='ocrx_word' id='word_1_522' title='bbox 2576 2669 2694 2712; x_wconf 91' lang='lat' dir='ltr'><strong>non</strong></span> <span class='ocrx_word' id='word_1_523' title='bbox 2718 2668 2851 2711; x_wconf 90' lang='lat' dir='ltr'><strong>esse</strong></span> <span class='ocrx_word' id='word_1_524' title='bbox 2873 2650 3238 2712; x_wconf 82' lang='lat' dir='ltr'><strong>existimant.</strong></span> <span class='ocrx_word' id='word_1_525' title='bbox 3257 2647 3374 2710; x_wconf 91' lang='lat' dir='ltr'><strong>Sed</strong></span> <span class='ocrx_word' id='word_1_526' title='bbox 3401 2648 3662 2728; x_wconf 90' lang='lat' dir='ltr'><strong>eo,quod</strong></span> 
     </span>
    </p>
   </div>
   <div class='ocr_carea' id='block_1_74' title="bbox 2011 2738 3668 2818">
    <p class='ocr_par' dir='ltr' id='par_1_74' title="bbox 2011 2738 3668 2818">
     <span class='ocr_line' id='line_1_74' title="bbox 2011 2738 3668 2818; baseline -0.002 -18"><span class='ocrx_word' id='word_1_527' title='bbox 2011 2739 2322 2818; x_wconf 89' lang='lat' dir='ltr'><strong>cogitaras,</strong></span> <span class='ocrx_word' id='word_1_528' title='bbox 2356 2740 2669 2801; x_wconf 77' lang='lat' dir='ltr'><strong>frustratus</strong></span> <span class='ocrx_word' id='word_1_529' title='bbox 2692 2758 2820 2815; x_wconf 90' lang='lat' dir='ltr'><strong>es,o</strong></span> <span class='ocrx_word' id='word_1_530' title='bbox 2841 2738 3088 2800; x_wconf 90' lang='lat' dir='ltr'><strong>inimice</strong></span> <span class='ocrx_word' id='word_1_531' title='bbox 3120 2739 3390 2798; x_wconf 90' lang='lat' dir='ltr'><strong>omnium</strong></span> <span class='ocrx_word' id='word_1_532' title='bbox 3421 2759 3432 2799; x_wconf 94' lang='lat'>:</span> <span class='ocrx_word' id='word_1_533' title='bbox 3469 2746 3527 2798; x_wconf 90' lang='lat' dir='ltr'><strong>et</strong></span> <span class='ocrx_word' id='word_1_534' title='bbox 3559 2754 3668 2816; x_wconf 89' lang='lat' dir='ltr'><strong>per</strong></span> 
     </span>
    </p>
   </div>
   <div class='ocr_carea' id='block_1_75' title="bbox 2011 2828 3666 2909">
    <p class='ocr_par' dir='ltr' id='par_1_75' title="bbox 2011 2828 3666 2909">
     <span class='ocr_line' id='line_1_75' title="bbox 2011 2828 3666 2909; baseline 0 -21"><span class='ocrx_word' id='word_1_535' title='bbox 2011 2846 2146 2906; x_wconf 83' lang='lat' dir='ltr'><strong>quae</strong></span> <span class='ocrx_word' id='word_1_536' title='bbox 2201 2830 2453 2909; x_wconf 89' lang='lat' dir='ltr'><strong>sperasti</strong></span> <span class='ocrx_word' id='word_1_537' title='bbox 2513 2829 2890 2909; x_wconf 78' lang='lat' dir='ltr'><strong>tyrannidem</strong></span> <span class='ocrx_word' id='word_1_538' title='bbox 2952 2845 3262 2899; x_wconf 83' lang='lat' dir='ltr'><strong>exercere,</strong></span> <span class='ocrx_word' id='word_1_539' title='bbox 3297 2845 3403 2906; x_wconf 88' lang='lat' dir='ltr'><strong>per</strong></span> <span class='ocrx_word' id='word_1_540' title='bbox 3432 2845 3500 2888; x_wconf 91' lang='lat' dir='ltr'><strong>ea</strong></span> <span class='ocrx_word' id='word_1_541' title='bbox 3535 2828 3666 2906; x_wconf 88' lang='lat' dir='ltr'><strong>ipsa</strong></span> 
     </span>
    </p>
   </div>
   <div class='ocr_carea' id='block_1_76' title="bbox 2013 2915 3658 2998">
    <p class='ocr_par' dir='ltr' id='par_1_76' title="bbox 2013 2915 3658 2998">
     <span class='ocr_line' id='line_1_76' title="bbox 2013 2915 3658 2998; baseline -0.002 -19"><span class='ocrx_word' id='word_1_542' title='bbox 2013 2919 2164 2980; x_wconf 85' lang='lat' dir='ltr'><strong>facta</strong></span> <span class='ocrx_word' id='word_1_543' title='bbox 2195 2917 2304 2979; x_wconf 87' lang='lat' dir='ltr'><strong>fuit</strong></span> <span class='ocrx_word' id='word_1_544' title='bbox 2334 2918 2438 2980; x_wconf 91' lang='lat' dir='ltr'><strong>tibi</strong></span> <span class='ocrx_word' id='word_1_545' title='bbox 2472 2919 2756 2998; x_wconf 76' lang='lat' dir='ltr'><strong>tyrannis.</strong></span> <span class='ocrx_word' id='word_1_546' title='bbox 2793 2917 2923 2979; x_wconf 87' lang='lat' dir='ltr'><strong>Non</strong></span> <span class='ocrx_word' id='word_1_547' title='bbox 2954 2917 3116 2978; x_wconf 90' lang='lat' dir='ltr'><strong>enim</strong></span> <span class='ocrx_word' id='word_1_548' title='bbox 3167 2915 3428 2995; x_wconf 85' lang='lat' dir='ltr'><strong>neglexit</strong></span> <span class='ocrx_word' id='word_1_549' title='bbox 3475 2915 3658 2989; x_wconf 85' lang='lat' dir='ltr'><strong>Deus,</strong></span> 
     </span>
    </p>
   </div>
   <div class='ocr_carea' id='block_1_77' title="bbox 2011 3007 3664 3084">
    <p class='ocr_par' dir='ltr' id='par_1_77' title="bbox 2011 3007 3664 3084">
     <span class='ocr_line' id='line_1_77' title="bbox 2011 3007 3664 3084; baseline -0.002 -16"><span class='ocrx_word' id='word_1_550' title='bbox 2011 3012 2110 3084; x_wconf 85' lang='lat' dir='ltr'><strong>qui</strong></span> <span class='ocrx_word' id='word_1_551' title='bbox 2133 3021 2305 3068; x_wconf 80' lang='lat' dir='ltr'><strong>natus</strong></span> <span class='ocrx_word' id='word_1_552' title='bbox 2334 3020 2512 3067; x_wconf 81' lang='lat' dir='ltr'><strong>estex</strong></span> <span class='ocrx_word' id='word_1_553' title='bbox 2539 3011 2789 3081; x_wconf 77' lang='lat' dir='ltr'><strong>Virgine,</strong></span> <span class='ocrx_word' id='word_1_554' title='bbox 2818 3012 2968 3082; x_wconf 85' lang='lat' dir='ltr'><strong>ipsas</strong></span> <span class='ocrx_word' id='word_1_555' title='bbox 2991 3011 3247 3080; x_wconf 76' lang='lat' dir='ltr'><strong>virgines</strong></span> <span class='ocrx_word' id='word_1_556' title='bbox 3271 3008 3360 3064; x_wconf 85' lang='lat' dir='ltr'><strong>vel</strong></span> <span class='ocrx_word' id='word_1_557' title='bbox 3391 3007 3448 3064; x_wconf 88' lang='lat' dir='ltr'><strong>in</strong></span> <span class='ocrx_word' id='word_1_558' title='bbox 3476 3007 3664 3066; x_wconf 88' lang='lat' dir='ltr'><strong>medio</strong></span> 
     </span>
    </p>
   </div>
   <div class='ocr_carea' id='block_1_78' title="bbox 2013 3091 3660 3174">
    <p class='ocr_par' dir='ltr' id='par_1_78' title="bbox 2013 3091 3660 3174">
     <span class='ocr_line' id='line_1_78' title="bbox 2013 3091 3660 3174; baseline -0.002 -19"><span class='ocrx_word' id='word_1_559' title='bbox 2013 3095 2286 3156; x_wconf 87' lang='lat' dir='ltr'><strong>lictorum</strong></span> <span class='ocrx_word' id='word_1_560' title='bbox 2319 3112 2696 3173; x_wconf 88' lang='lat' dir='ltr'><strong>conservare,</strong></span> <span class='ocrx_word' id='word_1_561' title='bbox 2720 3103 2776 3154; x_wconf 89' lang='lat' dir='ltr'><strong>et</strong></span> <span class='ocrx_word' id='word_1_562' title='bbox 2807 3093 3105 3174; x_wconf 87' lang='lat' dir='ltr'><strong>quomodo</strong></span> <span class='ocrx_word' id='word_1_563' title='bbox 3139 3091 3343 3166; x_wconf 81' lang='lat' dir='ltr'><strong>ﬁdem,</strong></span> <span class='ocrx_word' id='word_1_564' title='bbox 3370 3092 3450 3154; x_wconf 77' lang='lat' dir='ltr'><strong>ita</strong></span> <span class='ocrx_word' id='word_1_565' title='bbox 3484 3093 3660 3154; x_wconf 89' lang='lat' dir='ltr'><strong>etiam</strong></span> 
     </span>
    </p>
   </div>
   <div class='ocr_carea' id='block_1_79' title="bbox 2012 3179 3664 3265">
    <p class='ocr_par' dir='ltr' id='par_1_79' title="bbox 2012 3179 3664 3265">
     <span class='ocr_line' id='line_1_79' title="bbox 2012 3179 3664 3265; baseline -0.002 -20"><span class='ocrx_word' id='word_1_566' title='bbox 2012 3184 2441 3246; x_wconf 83' lang='lat' dir='ltr'><strong>continentiam</strong></span> <span class='ocrx_word' id='word_1_567' title='bbox 2465 3183 2623 3264; x_wconf 89' lang='lat' dir='ltr'><strong>ipsas</strong></span> <span class='ocrx_word' id='word_1_568' title='bbox 2652 3185 2910 3265; x_wconf 86' lang='lat' dir='ltr'><strong>prodere</strong></span> <span class='ocrx_word' id='word_1_569' title='bbox 2945 3201 3066 3243; x_wconf 91' lang='lat' dir='ltr'><strong>non</strong></span> <span class='ocrx_word' id='word_1_570' title='bbox 3099 3179 3469 3262; x_wconf 87' lang='lat' dir='ltr'><strong>permittere.</strong></span> <span class='ocrx_word' id='word_1_571' title='bbox 3504 3183 3664 3244; x_wconf 91' lang='lat' dir='ltr'><strong>lnter</strong></span> 
     </span>
    </p>
   </div>
   <div class='ocr_carea' id='block_1_80' title="bbox 2011 3269 3659 3352">
    <p class='ocr_par' dir='ltr' id='par_1_80' title="bbox 2011 3269 3659 3352">
     <span class='ocr_line' id='line_1_80' title="bbox 2011 3269 3659 3352; baseline -0.002 -18"><span class='ocrx_word' id='word_1_572' title='bbox 2011 3291 2112 3334; x_wconf 89' lang='lat' dir='ltr'><strong>eas</strong></span> <span class='ocrx_word' id='word_1_573' title='bbox 2139 3280 2334 3334; x_wconf 91' lang='lat' dir='ltr'><strong>autem</strong></span> <span class='ocrx_word' id='word_1_574' title='bbox 2373 3286 2654 3352; x_wconf 85' lang='lat' dir='ltr'><strong>tauquam</strong></span> <span class='ocrx_word' id='word_1_575' title='bbox 2681 3273 2838 3334; x_wconf 89' lang='lat' dir='ltr'><strong>inter</strong></span> <span class='ocrx_word' id='word_1_576' title='bbox 2864 3271 3055 3334; x_wconf 92' lang='lat' dir='ltr'><strong>claras</strong></span> <span class='ocrx_word' id='word_1_577' title='bbox 3087 3279 3146 3332; x_wconf 91' lang='lat' dir='ltr'><strong>et</strong></span> <span class='ocrx_word' id='word_1_578' title='bbox 3181 3270 3410 3332; x_wconf 79' lang='lat' dir='ltr'><strong>lucidas</strong></span> <span class='ocrx_word' id='word_1_579' title='bbox 3433 3269 3659 3345; x_wconf 90' lang='lat' dir='ltr'><strong>stellas,</strong></span> 
     </span>
    </p>
   </div>
   <div class='ocr_carea' id='block_1_81' title="bbox 2011 3359 3662 3442">
    <p class='ocr_par' dir='ltr' id='par_1_81' title="bbox 2011 3359 3662 3442">
     <span class='ocr_line' id='line_1_81' title="bbox 2011 3359 3662 3442; baseline -0.001 -19"><span class='ocrx_word' id='word_1_580' title='bbox 2011 3381 2132 3423; x_wconf 89' lang='lat' dir='ltr'><strong>una</strong></span> <span class='ocrx_word' id='word_1_581' title='bbox 2146 3361 2486 3425; x_wconf 88' lang='lat' dir='ltr'><strong>mirandum</strong></span> <span class='ocrx_word' id='word_1_582' title='bbox 2501 3363 2562 3424; x_wconf 90' lang='lat' dir='ltr'><strong>in</strong></span> <span class='ocrx_word' id='word_1_583' title='bbox 2578 3361 2820 3425; x_wconf 91' lang='lat' dir='ltr'><strong>modum</strong></span> <span class='ocrx_word' id='word_1_584' title='bbox 2841 3359 3262 3442; x_wconf 90' lang='lat' dir='ltr'><strong>resplendebat</strong></span> <span class='ocrx_word' id='word_1_585' title='bbox 3285 3360 3468 3421; x_wconf 88' lang='lat' dir='ltr'><strong>instar</strong></span> <span class='ocrx_word' id='word_1_586' title='bbox 3483 3359 3662 3437; x_wconf 65' lang='lat' dir='ltr'><strong>lunae,</strong></span> 
     </span>
    </p>
   </div>
   <div class='ocr_carea' id='block_1_82' title="bbox 2016 3449 3661 3532">
    <p class='ocr_par' dir='ltr' id='par_1_82' title="bbox 2016 3449 3661 3532">
     <span class='ocr_line' id='line_1_82' title="bbox 2016 3449 3661 3532; baseline -0.002 -19"><span class='ocrx_word' id='word_1_587' title='bbox 2016 3460 2074 3513; x_wconf 93' lang='lat' dir='ltr'><strong>et</strong></span> <span class='ocrx_word' id='word_1_588' title='bbox 2093 3451 2539 3532; x_wconf 83' lang='lat' dir='ltr'><strong>pulchritudine</strong></span> <span class='ocrx_word' id='word_1_589' title='bbox 2560 3462 2617 3514; x_wconf 88' lang='lat' dir='ltr'><strong>et</strong></span> <span class='ocrx_word' id='word_1_590' title='bbox 2636 3470 2859 3532; x_wconf 80' lang='lat' dir='ltr'><strong>genere</strong></span> <span class='ocrx_word' id='word_1_591' title='bbox 2880 3463 2938 3514; x_wconf 90' lang='lat' dir='ltr'><strong>et</strong></span> <span class='ocrx_word' id='word_1_592' title='bbox 2955 3453 3175 3513; x_wconf 84' lang='lat' dir='ltr'><strong>virtute</strong></span> <span class='ocrx_word' id='word_1_593' title='bbox 3195 3449 3330 3511; x_wconf 91' lang='lat' dir='ltr'><strong>aliis</strong></span> <span class='ocrx_word' id='word_1_594' title='bbox 3355 3458 3661 3530; x_wconf 81' lang='lat' dir='ltr'><strong>praestans.</strong></span> 
     </span>
    </p>
   </div>
   <div class='ocr_carea' id='block_1_83' title="bbox 2014 3539 3667 3623">
    <p class='ocr_par' dir='ltr' id='par_1_83' title="bbox 2014 3539 3667 3623">
     <span class='ocr_line' id='line_1_83' title="bbox 2014 3539 3667 3623; baseline -0.002 -19"><span class='ocrx_word' id='word_1_595' title='bbox 2014 3541 2097 3604; x_wconf 90' lang='lat' dir='ltr'><strong>Ea</strong></span> <span class='ocrx_word' id='word_1_596' title='bbox 2130 3560 2266 3604; x_wconf 88' lang='lat' dir='ltr'><strong>vero</strong></span> <span class='ocrx_word' id='word_1_597' title='bbox 2305 3543 2631 3606; x_wconf 87' lang='lat' dir='ltr'><strong>vocabatur</strong></span> <span class='ocrx_word' id='word_1_598' title='bbox 2682 3541 3038 3623; x_wconf 85' lang='lat' dir='ltr'><strong>Theophila.</strong></span> <span class='ocrx_word' id='word_1_599' title='bbox 3098 3539 3224 3602; x_wconf 88' lang='lat' dir='ltr'><strong>Hoc</strong></span> <span class='ocrx_word' id='word_1_600' title='bbox 3253 3549 3455 3601; x_wconf 88' lang='lat' dir='ltr'><strong>autem</strong></span> <span class='ocrx_word' id='word_1_601' title='bbox 3489 3539 3667 3619; x_wconf 84' lang='lat' dir='ltr'><strong>longe</strong></span> 
     </span>
    </p>
   </div>
   <div class='ocr_carea' id='block_1_84' title="bbox 2019 3631 2814 3714">
    <p class='ocr_par' dir='ltr' id='par_1_84' title="bbox 2019 3631 2814 3714">
     <span class='ocr_line' id='line_1_84' title="bbox 2019 3631 2814 3714; baseline 0.001 -23"><span class='ocrx_word' id='word_1_602' title='bbox 2019 3631 2236 3694; x_wconf 89' lang='lat' dir='ltr'><strong>melius</strong></span> <span class='ocrx_word' id='word_1_603' title='bbox 2259 3651 2356 3693; x_wconf 91' lang='lat' dir='ltr'><strong>res</strong></span> <span class='ocrx_word' id='word_1_604' title='bbox 2380 3634 2507 3714; x_wconf 87' lang='lat' dir='ltr'><strong>ipsa</strong></span> <span class='ocrx_word' id='word_1_605' title='bbox 2529 3632 2814 3694; x_wconf 90' lang='lat' dir='ltr'><strong>ostendit.</strong></span> 
     </span>
    </p>
   </div>
   <div class='ocr_carea' id='block_1_85' title="bbox 2097 3717 3662 3802">
    <p class='ocr_par' dir='ltr' id='par_1_85' title="bbox 2097 3717 3662 3802">
     <span class='ocr_line' id='line_1_85' title="bbox 2097 3717 3662 3802; baseline 0.001 -20"><span class='ocrx_word' id='word_1_606' title='bbox 2097 3720 2222 3786; x_wconf 85' lang='lat' dir='ltr'><strong>XX.</strong></span> <span class='ocrx_word' id='word_1_607' title='bbox 2259 3722 2404 3784; x_wconf 88' lang='lat' dir='ltr'><strong>Cum</strong></span> <span class='ocrx_word' id='word_1_608' title='bbox 2457 3721 2619 3783; x_wconf 88' lang='lat' dir='ltr'><strong>enim</strong></span> <span class='ocrx_word' id='word_1_609' title='bbox 2667 3720 2768 3781; x_wconf 90' lang='lat' dir='ltr'><strong>illa</strong></span> <span class='ocrx_word' id='word_1_610' title='bbox 2817 3726 2975 3780; x_wconf 85' lang='lat' dir='ltr'><strong>esset</strong></span> <span class='ocrx_word' id='word_1_611' title='bbox 3005 3717 3170 3780; x_wconf 90' lang='lat' dir='ltr'><strong>vultu</strong></span> <span class='ocrx_word' id='word_1_612' title='bbox 3199 3718 3349 3782; x_wconf 88' lang='lat' dir='ltr'><strong>adeo</strong></span> <span class='ocrx_word' id='word_1_613' title='bbox 3382 3720 3662 3802; x_wconf 82' lang='lat' dir='ltr'><strong>formosa,</strong></span> 
     </span>
    </p>
   </div>
   <div class='ocr_carea' id='block_1_86' title="bbox 2019 3807 3665 3889">
    <p class='ocr_par' dir='ltr' id='par_1_86' title="bbox 2019 3807 3665 3889">
     <span class='ocr_line' id='line_1_86' title="bbox 2019 3807 3665 3889; baseline -0.001 -16"><span class='ocrx_word' id='word_1_614' title='bbox 2019 3811 2358 3873; x_wconf 88' lang='lat' dir='ltr'><strong>traheretur</strong></span> <span class='ocrx_word' id='word_1_615' title='bbox 2385 3820 2583 3872; x_wconf 91' lang='lat' dir='ltr'><strong>autem</strong></span> <span class='ocrx_word' id='word_1_616' title='bbox 2605 3827 2640 3870; x_wconf 90' lang='lat' dir='ltr'><strong>a</strong></span> <span class='ocrx_word' id='word_1_617' title='bbox 2661 3807 3064 3881; x_wconf 89' lang='lat' dir='ltr'><strong>lictoribus,et</strong></span> <span class='ocrx_word' id='word_1_618' title='bbox 3086 3808 3212 3886; x_wconf 89' lang='lat' dir='ltr'><strong>jam</strong></span> <span class='ocrx_word' id='word_1_619' title='bbox 3241 3809 3316 3870; x_wconf 88' lang='lat' dir='ltr'><strong>ad</strong></span> <span class='ocrx_word' id='word_1_620' title='bbox 3356 3807 3562 3889; x_wconf 86' lang='lat' dir='ltr'><strong>probri</strong></span> <span class='ocrx_word' id='word_1_621' title='bbox 3594 3827 3665 3872; x_wconf 88' lang='lat' dir='ltr'><strong>ac</strong></span> 
     </span>
    </p>
   </div>
   <div class='ocr_carea' id='block_1_87' title="bbox 2013 3899 3667 3965">
    <p class='ocr_par' dir='ltr' id='par_1_87' title="bbox 2013 3899 3667 3965">
     <span class='ocr_line' id='line_1_87' title="bbox 2013 3899 3667 3965; baseline -0.001 -7"><span class='ocrx_word' id='word_1_622' title='bbox 2013 3903 2381 3959; x_wconf 72' lang='lat' dir='ltr'><strong>contumeliae</strong></span> <span class='ocrx_word' id='word_1_623' title='bbox 2398 3902 2685 3960; x_wconf 73' lang='lat' dir='ltr'><strong>ofﬁcinam</strong></span> <span class='ocrx_word' id='word_1_624' title='bbox 2707 3901 2990 3958; x_wconf 88' lang='lat' dir='ltr'><strong>violenter</strong></span> <span class='ocrx_word' id='word_1_625' title='bbox 3029 3899 3514 3965; x_wconf 74' lang='lat' dir='ltr'><strong>introduceretur,</strong></span> <span class='ocrx_word' id='word_1_626' title='bbox 3539 3915 3667 3958; x_wconf 88' lang='lat' dir='ltr'><strong>ma-</strong></span> 
     </span>
    </p>
   </div>
   <div class='ocr_carea' id='block_1_88' title="bbox 2012 3986 3669 4060">
    <p class='ocr_par' dir='ltr' id='par_1_88' title="bbox 2012 3986 3669 4060">
     <span class='ocr_line' id='line_1_88' title="bbox 2012 3986 3669 4060; baseline -0.001 -10"><span class='ocrx_word' id='word_1_627' title='bbox 2012 4006 2125 4050; x_wconf 90' lang='lat' dir='ltr'><strong>nus</strong></span> <span class='ocrx_word' id='word_1_628' title='bbox 2143 3987 2322 4050; x_wconf 85' lang='lat' dir='ltr'><strong>simul</strong></span> <span class='ocrx_word' id='word_1_629' title='bbox 2339 3997 2398 4050; x_wconf 92' lang='lat' dir='ltr'><strong>et</strong></span> <span class='ocrx_word' id='word_1_630' title='bbox 2418 3988 2624 4050; x_wconf 90' lang='lat' dir='ltr'><strong>oculos</strong></span> <span class='ocrx_word' id='word_1_631' title='bbox 2647 3989 2708 4049; x_wconf 92' lang='lat' dir='ltr'><strong>in</strong></span> <span class='ocrx_word' id='word_1_632' title='bbox 2741 3989 2958 4049; x_wconf 86' lang='lat' dir='ltr'><strong>coelum</strong></span> <span class='ocrx_word' id='word_1_633' title='bbox 2986 3986 3225 4060; x_wconf 89' lang='lat' dir='ltr'><strong>tollens,</strong></span> <span class='ocrx_word' id='word_1_634' title='bbox 3262 3995 3320 4050; x_wconf 91' lang='lat' dir='ltr'><strong>et</strong></span> <span class='ocrx_word' id='word_1_635' title='bbox 3354 3987 3669 4049; x_wconf 86' lang='lat' dir='ltr'><strong>miserabi-</strong></span> 
     </span>
    </p>
   </div>
   <div class='ocr_carea' id='block_1_89' title="bbox 2013 4075 3662 4160">
    <p class='ocr_par' dir='ltr' id='par_1_89' title="bbox 2013 4075 3662 4160">
     <span class='ocr_line' id='line_1_89' title="bbox 2013 4075 3662 4160; baseline 0.001 -21"><span class='ocrx_word' id='word_1_636' title='bbox 2013 4079 2152 4139; x_wconf 88' lang='lat' dir='ltr'><strong>liter</strong></span> <span class='ocrx_word' id='word_1_637' title='bbox 2166 4077 2466 4160; x_wconf 87' lang='lat' dir='ltr'><strong>aspiciens</strong></span> <span class='ocrx_word' id='word_1_638' title='bbox 2492 4100 2506 4136; x_wconf 91' lang='lat'><strong>:</strong></span> <span class='ocrx_word' id='word_1_639' title='bbox 2533 4081 2605 4139; x_wconf 87' lang='lat' dir='ltr'><strong>Mi</strong></span> <span class='ocrx_word' id='word_1_640' title='bbox 2629 4075 3159 4154; x_wconf 77' lang='lat' dir='ltr'><strong>.lesu,dixit,meus</strong></span> <span class='ocrx_word' id='word_1_641' title='bbox 3183 4095 3516 4152; x_wconf 89' lang='lat' dir='ltr'><strong>amor,mea</strong></span> <span class='ocrx_word' id='word_1_642' title='bbox 3537 4077 3662 4155; x_wconf 84' lang='lat' dir='ltr'><strong>lux,</strong></span> 
     </span>
    </p>
   </div>
   <div class='ocr_carea' id='block_1_90' title="bbox 2016 4167 3667 4249">
    <p class='ocr_par' dir='ltr' id='par_1_90' title="bbox 2016 4167 3667 4249">
     <span class='ocr_line' id='line_1_90' title="bbox 2016 4167 3667 4249; baseline 0 -21"><span class='ocrx_word' id='word_1_643' title='bbox 2016 4186 2188 4230; x_wconf 89' lang='lat' dir='ltr'><strong>meus</strong></span> <span class='ocrx_word' id='word_1_644' title='bbox 2217 4168 2483 4248; x_wconf 89' lang='lat' dir='ltr'><strong>spiritus,</strong></span> <span class='ocrx_word' id='word_1_645' title='bbox 2523 4187 2692 4229; x_wconf 91' lang='lat' dir='ltr'><strong>meus</strong></span> <span class='ocrx_word' id='word_1_646' title='bbox 2718 4174 2925 4229; x_wconf 88' lang='lat' dir='ltr'><strong>custos</strong></span> <span class='ocrx_word' id='word_1_647' title='bbox 2952 4167 3244 4229; x_wconf 87' lang='lat' dir='ltr'><strong>castitatis</strong></span> <span class='ocrx_word' id='word_1_648' title='bbox 3277 4174 3336 4228; x_wconf 91' lang='lat' dir='ltr'><strong>et</strong></span> <span class='ocrx_word' id='word_1_649' title='bbox 3361 4167 3667 4249; x_wconf 70' lang='lat' dir='ltr'><strong>vitae,vide</strong></span> 
     </span>
    </p>
   </div>
   <div class='ocr_carea' id='block_1_91' title="bbox 2013 4255 3662 4339">
    <p class='ocr_par' dir='ltr' id='par_1_91' title="bbox 2013 4255 3662 4339">
     <span class='ocr_line' id='line_1_91' title="bbox 2013 4255 3662 4339; baseline -0.001 -19"><span class='ocrx_word' id='word_1_650' title='bbox 2013 4277 2141 4320; x_wconf 90' lang='lat' dir='ltr'><strong>eam</strong></span> <span class='ocrx_word' id='word_1_651' title='bbox 2169 4276 2300 4339; x_wconf 64' lang='lat' dir='ltr'><strong>qua;</strong></span> <span class='ocrx_word' id='word_1_652' title='bbox 2322 4268 2412 4318; x_wconf 92' lang='lat' dir='ltr'><strong>est</strong></span> <span class='ocrx_word' id='word_1_653' title='bbox 2430 4258 2537 4320; x_wconf 93' lang='lat' dir='ltr'><strong>tibi</strong></span> <span class='ocrx_word' id='word_1_654' title='bbox 2555 4255 3102 4338; x_wconf 88' lang='lat' dir='ltr'><strong>desponsa.Vide,o</strong></span> <span class='ocrx_word' id='word_1_655' title='bbox 3128 4274 3373 4336; x_wconf 91' lang='lat' dir='ltr'><strong>sponse,</strong></span> <span class='ocrx_word' id='word_1_656' title='bbox 3399 4257 3456 4316; x_wconf 90' lang='lat' dir='ltr'><strong>iu</strong></span> <span class='ocrx_word' id='word_1_657' title='bbox 3482 4274 3662 4337; x_wconf 89' lang='lat' dir='ltr'><strong>quem</strong></span> 
     </span>
    </p>
   </div>
   <div class='ocr_carea' id='block_1_92' title="bbox 2014 4345 3666 4430">
    <p class='ocr_par' dir='ltr' id='par_1_92' title="bbox 2014 4345 3666 4430">
     <span class='ocr_line' id='line_1_92' title="bbox 2014 4345 3666 4430; baseline -0.002 -21"><span class='ocrx_word' id='word_1_658' title='bbox 2014 4347 2178 4409; x_wconf 89' lang='lat' dir='ltr'><strong>nulla</strong></span> <span class='ocrx_word' id='word_1_659' title='bbox 2209 4347 2368 4410; x_wconf 88' lang='lat' dir='ltr'><strong>cadit</strong></span> <span class='ocrx_word' id='word_1_660' title='bbox 2399 4347 2818 4430; x_wconf 87' lang='lat' dir='ltr'><strong>reprehensio,</strong></span> <span class='ocrx_word' id='word_1_661' title='bbox 2853 4353 2912 4407; x_wconf 90' lang='lat' dir='ltr'><strong>et</strong></span> <span class='ocrx_word' id='word_1_662' title='bbox 2939 4345 3157 4408; x_wconf 81' lang='lat' dir='ltr'><strong>festina</strong></span> <span class='ocrx_word' id='word_1_663' title='bbox 3193 4366 3206 4409; x_wconf 92' lang='lat'><strong>:</strong></span> <span class='ocrx_word' id='word_1_664' title='bbox 3241 4345 3522 4427; x_wconf 86' lang='lat' dir='ltr'><strong>quoniam</strong></span> <span class='ocrx_word' id='word_1_665' title='bbox 3553 4364 3666 4407; x_wconf 89' lang='lat' dir='ltr'><strong>nec</strong></span> 
     </span>
    </p>
   </div>
   <div class='ocr_carea' id='block_1_93' title="bbox 2015 4434 3667 4518">
    <p class='ocr_par' dir='ltr' id='par_1_93' title="bbox 2015 4434 3667 4518">
     <span class='ocr_line' id='line_1_93' title="bbox 2015 4434 3667 4518; baseline -0.001 -20"><span class='ocrx_word' id='word_1_666' title='bbox 2015 4445 2108 4499; x_wconf 91' lang='lat' dir='ltr'><strong>est</strong></span> <span class='ocrx_word' id='word_1_667' title='bbox 2137 4437 2378 4518; x_wconf 87' lang='lat' dir='ltr'><strong>quidem</strong></span> <span class='ocrx_word' id='word_1_668' title='bbox 2415 4446 2648 4518; x_wconf 89' lang='lat' dir='ltr'><strong>tempus</strong></span> <span class='ocrx_word' id='word_1_669' title='bbox 2679 4434 2989 4517; x_wconf 87' lang='lat' dir='ltr'><strong>precandi,</strong></span> <span class='ocrx_word' id='word_1_670' title='bbox 3026 4453 3104 4498; x_wconf 90' lang='lat' dir='ltr'><strong>ne</strong></span> <span class='ocrx_word' id='word_1_671' title='bbox 3138 4445 3376 4515; x_wconf 89' lang='lat' dir='ltr'><strong>pactum</strong></span> <span class='ocrx_word' id='word_1_672' title='bbox 3409 4454 3667 4498; x_wconf 85' lang='lat' dir='ltr'><strong>conven-</strong></span> 
     </span>
    </p>
   </div>
   <div class='ocr_carea' id='block_1_94' title="bbox 2017 4525 3663 4608">
    <p class='ocr_par' dir='ltr' id='par_1_94' title="bbox 2017 4525 3663 4608">
     <span class='ocr_line' id='line_1_94' title="bbox 2017 4525 3663 4608; baseline -0.001 -20"><span class='ocrx_word' id='word_1_673' title='bbox 2017 4536 2139 4589; x_wconf 90' lang='lat' dir='ltr'><strong>tum</strong></span> <span class='ocrx_word' id='word_1_674' title='bbox 2175 4527 2396 4605; x_wconf 81' lang='lat' dir='ltr'><strong>fallam,</strong></span> <span class='ocrx_word' id='word_1_675' title='bbox 2431 4546 2508 4590; x_wconf 89' lang='lat' dir='ltr'><strong>ne</strong></span> <span class='ocrx_word' id='word_1_676' title='bbox 2566 4527 2785 4608; x_wconf 87' lang='lat' dir='ltr'><strong>prodas</strong></span> <span class='ocrx_word' id='word_1_677' title='bbox 2847 4543 2940 4587; x_wconf 93' lang='lat' dir='ltr'><strong>me</strong></span> <span class='ocrx_word' id='word_1_678' title='bbox 2971 4525 3204 4607; x_wconf 88' lang='lat' dir='ltr'><strong>bestiis,</strong></span> <span class='ocrx_word' id='word_1_679' title='bbox 3240 4543 3316 4588; x_wconf 90' lang='lat' dir='ltr'><strong>ne</strong></span> <span class='ocrx_word' id='word_1_680' title='bbox 3344 4525 3474 4607; x_wconf 90' lang='lat' dir='ltr'><strong>lupi</strong></span> <span class='ocrx_word' id='word_1_681' title='bbox 3505 4533 3663 4587; x_wconf 89' lang='lat' dir='ltr'><strong>tuam</strong></span> 
     </span>
    </p>
   </div>
   <div class='ocr_carea' id='block_1_95' title="bbox 273 4615 1929 4700">
    <p class='ocr_par' dir='ltr' id='par_1_95' title="bbox 273 4615 1929 4700">
     <span class='ocr_line' id='line_1_95' title="bbox 273 4615 1929 4700; baseline 0.005 -29"><span class='ocrx_word' id='word_1_682' title='bbox 273 4615 525 4694; x_wconf 82' lang='grc' dir='ltr'>Τήρησον</span> <span class='ocrx_word' id='word_1_683' title='bbox 583 4617 818 4696; x_wconf 77' lang='grc' dir='ltr'>ἁγνείαν,</span> <span class='ocrx_word' id='word_1_684' title='bbox 867 4619 1082 4700; x_wconf 71' lang='grc' dir='ltr'>ἁγνείας</span> <span class='ocrx_word' id='word_1_685' title='bbox 1142 4623 1320 4700; x_wconf 78' lang='grc' dir='ltr'>πηγὴ,</span> <span class='ocrx_word' id='word_1_686' title='bbox 1379 4621 1473 4679; x_wconf 76' lang='grc' dir='ltr'>’ίνα</span> <span class='ocrx_word' id='word_1_687' title='bbox 1522 4625 1611 4680; x_wconf 81' lang='grc' dir='ltr'><strong>καὶ</strong></span> <span class='ocrx_word' id='word_1_688' title='bbox 1652 4627 1715 4680; x_wconf 88' lang='grc' dir='ltr'>τὸ</span> <span class='ocrx_word' id='word_1_689' title='bbox 1763 4622 1929 4700; x_wconf 84' lang='grc' dir='ltr'>ὄνομά</span> 
     </span>
    </p>
   </div>
   <div class='ocr_carea' id='block_1_96' title="bbox 2016 4615 3667 4700">
    <p class='ocr_par' dir='ltr' id='par_1_96' title="bbox 2016 4617 3667 4698">
     <span class='ocr_line' id='line_1_96' title="bbox 2016 4617 3667 4698; baseline -0.002 -20"><span class='ocrx_word' id='word_1_690' title='bbox 2016 4617 2309 4698; x_wconf 87' lang='lat' dir='ltr'><strong>pecudem</strong></span> <span class='ocrx_word' id='word_1_691' title='bbox 2333 4617 3400 4697; x_wconf 80' lang='lat' dir='ltr'><strong>dilanient.Serva,sponse,eponsam</strong></span> <span class='ocrx_word' id='word_1_692' title='bbox 3434 4637 3447 4679; x_wconf 92' lang='lat'><strong>:</strong></span> <span class='ocrx_word' id='word_1_693' title='bbox 3471 4632 3667 4678; x_wconf 86' lang='lat' dir='ltr'><strong>meam</strong></span> 
     </span>
    </p>
   </div>
   <div class='ocr_carea' id='block_1_97' title="bbox 273 4705 1930 4792">
    <p class='ocr_par' dir='ltr' id='par_1_97' title="bbox 273 4705 1930 4792">
     <span class='ocr_line' id='line_1_97' title="bbox 273 4705 1930 4792; baseline 0.005 -33"><span class='ocrx_word' id='word_1_694' title='bbox 273 4722 374 4763; x_wconf 85' lang='grc' dir='ltr'><strong>σου</strong></span> <span class='ocrx_word' id='word_1_695' title='bbox 414 4711 502 4762; x_wconf 81' lang='grc' dir='ltr'>νῦν</span> <span class='ocrx_word' id='word_1_696' title='bbox 545 4706 782 4782; x_wconf 76' lang='grc' dir='ltr'>μάλιστα</span> <span class='ocrx_word' id='word_1_697' title='bbox 822 4705 1071 4792; x_wconf 77' lang='grc' dir='ltr'>δοξασθῇ,</span> <span class='ocrx_word' id='word_1_698' title='bbox 1117 4712 1181 4767; x_wconf 76' lang='grc' dir='ltr'><strong>τὸ</strong></span> <span class='ocrx_word' id='word_1_699' title='bbox 1220 4713 1310 4769; x_wconf 85' lang='grc' dir='ltr'>καὶ</span> <span class='ocrx_word' id='word_1_700' title='bbox 1364 4709 1456 4769; x_wconf 75' lang='grc' dir='ltr'><strong>ὑπ’</strong></span> <span class='ocrx_word' id='word_1_701' title='bbox 1512 4711 1760 4792; x_wconf 72' lang='grc' dir='ltr'>ἀγγέλων</span> <span class='ocrx_word' id='word_1_702' title='bbox 1807 4733 1930 4770; x_wconf 80' lang='grc' dir='ltr'>νοε-</span> 
     </span>
    </p>
   </div>
   <div class='ocr_carea' id='block_1_98' title="bbox 274 4792 1932 4882">
    <p class='ocr_par' dir='ltr' id='par_1_98' title="bbox 274 4792 1932 4882">
     <span class='ocr_line' id='line_1_98' title="bbox 274 4792 1932 4882; baseline 0.004 -31"><span class='ocrx_word' id='word_1_703' title='bbox 274 4799 383 4874; x_wconf 81' lang='grc' dir='ltr'>ρῷς</span> <span class='ocrx_word' id='word_1_704' title='bbox 452 4792 820 4874; x_wconf 80' lang='grc' dir='ltr'>δοξαζόμενον.</span> <span class='ocrx_word' id='word_1_705' title='bbox 883 4806 1059 4858; x_wconf 82' lang='grc' dir='ltr'>Ταῦτα</span> <span class='ocrx_word' id='word_1_706' title='bbox 1113 4802 1292 4869; x_wconf 70' lang='grc' dir='ltr'>ὶκείνη</span> <span class='ocrx_word' id='word_1_707' title='bbox 1361 4800 1462 4876; x_wconf 71' lang='grc' dir='ltr'>μὲν</span> <span class='ocrx_word' id='word_1_708' title='bbox 1533 4802 1626 4858; x_wconf 83' lang='grc' dir='ltr'>σὺν</span> <span class='ocrx_word' id='word_1_709' title='bbox 1684 4800 1932 4882; x_wconf 80' lang='grc' dir='ltr'>δάκρυσιν</span> 
     </span>
    </p>
   </div>
   <div class='ocr_carea' id='block_1_99' title="bbox 269 4883 1933 4971">
    <p class='ocr_par' dir='ltr' id='par_1_99' title="bbox 269 4883 1933 4971">
     <span class='ocr_line' id='line_1_99' title="bbox 269 4883 1933 4971; baseline 0.006 -32"><span class='ocrx_word' id='word_1_710' title='bbox 269 4883 474 4951; x_wconf 75' lang='grc' dir='ltr'>ηὔξατο</span> <span class='ocrx_word' id='word_1_711' title='bbox 503 4903 520 4922; x_wconf 80' lang='grc'><strong>⁸</strong></span> <span class='ocrx_word' id='word_1_712' title='bbox 558 4885 728 4944; x_wconf 72' lang='grc' dir='ltr'>ὶτὲλει</span> <span class='ocrx_word' id='word_1_713' title='bbox 773 4887 828 4945; x_wconf 75' lang='grc' dir='ltr'>δὲ</span> <span class='ocrx_word' id='word_1_714' title='bbox 872 4891 901 4946; x_wconf 95' lang='lat'><strong>6</strong></span> <span class='ocrx_word' id='word_1_715' title='bbox 945 4889 1102 4955; x_wconf 85' lang='grc' dir='ltr'>Θεός.</span> <span class='ocrx_word' id='word_1_716' title='bbox 1161 4889 1332 4949; x_wconf 82' lang='grc' dir='ltr'>Ἀλλὰ</span> <span class='ocrx_word' id='word_1_717' title='bbox 1373 4893 1462 4948; x_wconf 80' lang='grc' dir='ltr'><strong>καὶ</strong></span> <span class='ocrx_word' id='word_1_718' title='bbox 1491 4891 1814 4971; x_wconf 81' lang='grc' dir='ltr'>προσεκτέον</span> <span class='ocrx_word' id='word_1_719' title='bbox 1856 4899 1933 4967; x_wconf 84' lang='grc' dir='ltr'><strong>τῷ</strong></span> 
     </span>
    </p>
   </div>
   <div class='ocr_carea' id='block_1_100' title="bbox 270 4971 1932 5063">
    <p class='ocr_par' dir='ltr' id='par_1_100' title="bbox 270 4971 1932 5063">
     <span class='ocr_line' id='line_1_100' title="bbox 270 4971 1932 5063; baseline 0.006 -33"><span class='ocrx_word' id='word_1_720' title='bbox 270 4971 599 5053; x_wconf 63' lang='grc' dir='ltr'>διητήματι.</span> <span class='ocrx_word' id='word_1_721' title='bbox 663 4980 946 5059; x_wconf 79' lang='grc' dir='ltr'>Εἰσάγεται</span> <span class='ocrx_word' id='word_1_722' title='bbox 1002 4983 1136 5060; x_wconf 78' lang='grc' dir='ltr'>πρὸς</span> <span class='ocrx_word' id='word_1_723' title='bbox 1191 4983 1258 5038; x_wconf 83' lang='grc' dir='ltr'>τὸ</span> <span class='ocrx_word' id='word_1_724' title='bbox 1314 4982 1654 5062; x_wconf 71' lang='grc' dir='ltr'>καταγώγιον</span> <span class='ocrx_word' id='word_1_725' title='bbox 1699 4984 1734 5050; x_wconf 79' lang='grc' dir='ltr'><strong>ἡ</strong></span> <span class='ocrx_word' id='word_1_726' title='bbox 1789 5005 1932 5063; x_wconf 83' lang='grc' dir='ltr'>παρ-</span> 
     </span>
    </p>
   </div>
   <div class='ocr_carea' id='block_1_101' title="bbox 267 5065 1930 5150">
    <p class='ocr_par' dir='ltr' id='par_1_101' title="bbox 267 5065 1930 5150">
     <span class='ocr_line' id='line_1_101' title="bbox 267 5065 1930 5150; baseline 0.006 -30"><span class='ocrx_word' id='word_1_727' title='bbox 267 5065 448 5145; x_wconf 73' lang='grc' dir='ltr'>θένος,</span> <span class='ocrx_word' id='word_1_728' title='bbox 478 5068 544 5125; x_wconf 83' lang='grc' dir='ltr'><em>Ἦ</em></span> <span class='ocrx_word' id='word_1_729' title='bbox 575 5065 630 5124; x_wconf 80' lang='grc' dir='ltr'>δὲ</span> <span class='ocrx_word' id='word_1_730' title='bbox 658 5069 748 5126; x_wconf 78' lang='grc' dir='ltr'><strong>καὶ</strong></span> <span class='ocrx_word' id='word_1_731' title='bbox 775 5072 832 5126; x_wconf 69' lang='grc' dir='ltr'>ιν</span> <span class='ocrx_word' id='word_1_732' title='bbox 862 5074 1034 5150; x_wconf 79' lang='grc' dir='ltr'>καιρῷ</span> <span class='ocrx_word' id='word_1_733' title='bbox 1082 5069 1269 5147; x_wconf 84' lang='grc' dir='ltr'>τοιῷδε</span> <span class='ocrx_word' id='word_1_734' title='bbox 1318 5073 1407 5129; x_wconf 84' lang='grc' dir='ltr'>καὶ</span> <span class='ocrx_word' id='word_1_735' title='bbox 1437 5071 1587 5146; x_wconf 80' lang='grc' dir='ltr'>τόπῳ</span> <span class='ocrx_word' id='word_1_736' title='bbox 1624 5077 1726 5128; x_wconf 87' lang='grc' dir='ltr'><strong>τῶν</strong></span> <span class='ocrx_word' id='word_1_737' title='bbox 1757 5093 1930 5148; x_wconf 83' lang='grc' dir='ltr'>προσ-</span> 
     </span>
    </p>
   </div>
   <div class='ocr_carea' id='block_1_102' title="bbox 272 5159 1934 5243">
    <p class='ocr_par' dir='ltr' id='par_1_102' title="bbox 272 5159 1934 5243">
     <span class='ocr_line' id='line_1_102' title="bbox 272 5159 1934 5243; baseline 0.004 -29"><span class='ocrx_word' id='word_1_738' title='bbox 272 5159 524 5224; x_wconf 88' lang='grc' dir='ltr'>ηκόντων</span> <span class='ocrx_word' id='word_1_739' title='bbox 581 5163 679 5219; x_wconf 81' lang='grc' dir='ltr'><strong>οὐκ</strong></span> <span class='ocrx_word' id='word_1_740' title='bbox 731 5159 1008 5227; x_wconf 66' lang='grc' dir='ltr'>ἐξελάθετο</span> <span class='ocrx_word' id='word_1_741' title='bbox 1041 5178 1056 5194; x_wconf 89' lang='grc'><strong>·</strong></span> <span class='ocrx_word' id='word_1_742' title='bbox 1109 5161 1234 5219; x_wconf 77' lang='grc' dir='ltr'>ἀλλ’</span> <span class='ocrx_word' id='word_1_743' title='bbox 1262 5159 1394 5241; x_wconf 81' lang='grc' dir='ltr'>ὅπερ</span> <span class='ocrx_word' id='word_1_744' title='bbox 1434 5162 1596 5243; x_wconf 76' lang='grc' dir='ltr'>εἶχεν</span> <span class='ocrx_word' id='word_1_745' title='bbox 1627 5163 1700 5228; x_wconf 73' lang='grc' dir='ltr'>εἰς</span> <span class='ocrx_word' id='word_1_746' title='bbox 1729 5161 1934 5220; x_wconf 89' lang='grc' dir='ltr'>κόλπον</span> 
     </span>
    </p>
   </div>
   <div class='ocr_carea' id='block_1_103' title="bbox 274 5245 1936 5332">
    <p class='ocr_par' dir='ltr' id='par_1_103' title="bbox 274 5245 1936 5332">
     <span class='ocr_line' id='line_1_103' title="bbox 274 5245 1936 5332; baseline 0.004 -28"><span class='ocrx_word' id='word_1_747' title='bbox 274 5247 429 5312; x_wconf 71' lang='grc' dir='ltr'>εὐθὺς</span> <span class='ocrx_word' id='word_1_748' title='bbox 489 5245 792 5307; x_wconf 66' lang='grc' dir='ltr'>ἔκϐαλοῦσα</span> <span class='ocrx_word' id='word_1_749' title='bbox 845 5252 908 5308; x_wconf 81' lang='grc' dir='ltr'>τὸ</span> <span class='ocrx_word' id='word_1_750' title='bbox 966 5253 1106 5331; x_wconf 70' lang='grc' dir='ltr'>ἱερὸν</span> <span class='ocrx_word' id='word_1_751' title='bbox 1171 5251 1496 5332; x_wconf 75' lang='grc' dir='ltr'>Εὑαγγέλιον</span> <span class='ocrx_word' id='word_1_752' title='bbox 1527 5250 1700 5320; x_wconf 77' lang='grc' dir='ltr'>ἤνοιξέ</span> <span class='ocrx_word' id='word_1_753' title='bbox 1742 5273 1799 5308; x_wconf 88' lang='grc' dir='ltr'><strong>τε</strong></span> <span class='ocrx_word' id='word_1_754' title='bbox 1844 5254 1936 5310; x_wconf 80' lang='grc' dir='ltr'>καὶ</span> 
     </span>
    </p>
   </div>
   <div class='ocr_carea' id='block_1_104' title="bbox 273 5335 1937 5422">
    <p class='ocr_par' dir='ltr' id='par_1_104' title="bbox 273 5335 1937 5422">
     <span class='ocr_line' id='line_1_104' title="bbox 273 5335 1937 5422; baseline 0.006 -30"><span class='ocrx_word' id='word_1_755' title='bbox 273 5335 634 5416; x_wconf 77' lang='grc' dir='ltr'>ἀναγνώσεως</span> <span class='ocrx_word' id='word_1_756' title='bbox 668 5337 895 5420; x_wconf 65' lang='grc' dir='ltr'>ἤρχετο.</span> <span class='ocrx_word' id='word_1_757' title='bbox 938 5344 1038 5406; x_wconf 82' lang='grc' dir='ltr'><strong>Εἷς</strong></span> <span class='ocrx_word' id='word_1_758' title='bbox 1082 5339 1137 5399; x_wconf 82' lang='grc' dir='ltr'>δὲ</span> <span class='ocrx_word' id='word_1_759' title='bbox 1195 5348 1306 5400; x_wconf 87' lang='grc' dir='ltr'><strong>τῶν</strong></span> <span class='ocrx_word' id='word_1_760' title='bbox 1359 5340 1674 5403; x_wconf 81' lang='grc' dir='ltr'>ἀκολάστων</span> <span class='ocrx_word' id='word_1_761' title='bbox 1733 5341 1937 5422; x_wconf 78' lang='grc' dir='ltr'>οἴστρῳ</span> 
     </span>
    </p>
   </div>
   <div class='ocr_carea' id='block_1_105' title="bbox 275 5427 1932 5513">
    <p class='ocr_par' dir='ltr' id='par_1_105' title="bbox 275 5427 1932 5513">
     <span class='ocr_line' id='line_1_105' title="bbox 275 5427 1932 5513; baseline 0.004 -29"><span class='ocrx_word' id='word_1_762' title='bbox 275 5427 619 5510; x_wconf 82' lang='grc' dir='ltr'>κατάσχετος</span> <span class='ocrx_word' id='word_1_763' title='bbox 679 5429 910 5507; x_wconf 73' lang='grc' dir='ltr'>ἑκμανεῖ</span> <span class='ocrx_word' id='word_1_764' title='bbox 967 5430 1095 5512; x_wconf 85' lang='grc' dir='ltr'>παρ’</span> <span class='ocrx_word' id='word_1_765' title='bbox 1141 5431 1311 5502; x_wconf 72' lang='grc' dir='ltr'>αὐτὴν</span> <span class='ocrx_word' id='word_1_766' title='bbox 1357 5433 1554 5510; x_wconf 70' lang='grc' dir='ltr'>εἰσῄει,</span> <span class='ocrx_word' id='word_1_767' title='bbox 1589 5432 1647 5497; x_wconf 78' lang='grc' dir='ltr'>ὃς</span> <span class='ocrx_word' id='word_1_768' title='bbox 1677 5430 1807 5513; x_wconf 77' lang='grc' dir='ltr'>ἄχρι</span> <span class='ocrx_word' id='word_1_769' title='bbox 1839 5433 1932 5511; x_wconf 77' lang='grc' dir='ltr'>μὲ,</span> 
     </span>
    </p>
   </div>
   <div class='ocr_carea' id='block_1_106' title="bbox 276 5513 1939 5603">
    <p class='ocr_par' dir='ltr' id='par_1_106' title="bbox 276 5513 1939 5603">
     <span class='ocr_line' id='line_1_106' title="bbox 276 5513 1939 5603; baseline 0.004 -28"><span class='ocrx_word' id='word_1_770' title='bbox 276 5538 426 5582; x_wconf 78' lang='grc' dir='ltr'>τινος</span> <span class='ocrx_word' id='word_1_771' title='bbox 477 5516 671 5587; x_wconf 76' lang='grc' dir='ltr'>ἤκουεν</span> <span class='ocrx_word' id='word_1_772' title='bbox 727 5519 1226 5603; x_wconf 78' lang='grc' dir='ltr'>ἀναγινωσκούσης,</span> <span class='ocrx_word' id='word_1_773' title='bbox 1281 5513 1379 5590; x_wconf 79' lang='grc' dir='ltr'>Ὠς</span> <span class='ocrx_word' id='word_1_774' title='bbox 1430 5521 1486 5580; x_wconf 74' lang='grc' dir='ltr'>δὲ</span> <span class='ocrx_word' id='word_1_775' title='bbox 1518 5523 1676 5603; x_wconf 70' lang='grc' dir='ltr'>ιγγὺς</span> <span class='ocrx_word' id='word_1_776' title='bbox 1707 5521 1812 5591; x_wconf 74' lang='grc' dir='ltr'><strong>ἤδη</strong></span> <span class='ocrx_word' id='word_1_777' title='bbox 1843 5522 1939 5592; x_wconf 78' lang='grc' dir='ltr'><strong>ἧνν</strong></span> 
     </span>
    </p>
   </div>
   <div class='ocr_carea' id='block_1_107' title="bbox 277 5604 1944 5694">
    <p class='ocr_par' dir='ltr' id='par_1_107' title="bbox 277 5604 1944 5694">
     <span class='ocr_line' id='line_1_107' title="bbox 277 5604 1944 5694; baseline 0.002 -28"><span class='ocrx_word' id='word_1_778' title='bbox 277 5604 435 5691; x_wconf 69' lang='grc' dir='ltr'>φόϐῳ</span> <span class='ocrx_word' id='word_1_779' title='bbox 485 5630 543 5667; x_wconf 92' lang='grc' dir='ltr'><strong>τε</strong></span> <span class='ocrx_word' id='word_1_780' title='bbox 601 5608 820 5692; x_wconf 72' lang='grc' dir='ltr'>ἀμέτρῳ</span> <span class='ocrx_word' id='word_1_781' title='bbox 875 5616 1215 5694; x_wconf 77' lang='grc' dir='ltr'>παραχρῆμα</span> <span class='ocrx_word' id='word_1_782' title='bbox 1272 5612 1579 5694; x_wconf 84' lang='grc' dir='ltr'>συνείχετο,</span> <span class='ocrx_word' id='word_1_783' title='bbox 1641 5613 1732 5670; x_wconf 82' lang='grc' dir='ltr'><strong>καὶ</strong></span> <span class='ocrx_word' id='word_1_784' title='bbox 1759 5613 1944 5694; x_wconf 83' lang='grc' dir='ltr'>τρόμῳ</span> 
     </span>
    </p>
   </div>
   <div class='ocr_carea' id='block_1_108' title="bbox 269 5698 1936 5786">
    <p class='ocr_par' dir='ltr' id='par_1_108' title="bbox 269 5698 1936 5786">
     <span class='ocr_line' id='line_1_108' title="bbox 269 5698 1936 5786; baseline 0.003 -30"><span class='ocrx_word' id='word_1_785' title='bbox 269 5698 517 5783; x_wconf 72' lang='grc' dir='ltr'>ἰσχυρῶς</span> <span class='ocrx_word' id='word_1_786' title='bbox 578 5699 886 5786; x_wconf 67' lang='grc' dir='ltr'>δκλονεττο,</span> <span class='ocrx_word' id='word_1_787' title='bbox 946 5705 1034 5761; x_wconf 79' lang='grc' dir='ltr'>καὶ</span> <span class='ocrx_word' id='word_1_788' title='bbox 1091 5704 1166 5770; x_wconf 78' lang='grc' dir='ltr'>εἰς</span> <span class='ocrx_word' id='word_1_789' title='bbox 1198 5707 1303 5784; x_wconf 80' lang='grc' dir='ltr'>γῆν</span> <span class='ocrx_word' id='word_1_790' title='bbox 1325 5705 1510 5785; x_wconf 81' lang='grc' dir='ltr'>νεκρὸς</span> <span class='ocrx_word' id='word_1_791' title='bbox 1552 5699 1936 5786; x_wconf 73' lang='grc' dir='ltr'>κατεϐάλλετο,</span> 
     </span>
    </p>
   </div>
   <div class='ocr_carea' id='block_1_109' title="bbox 2015 4705 3668 4787">
    <p class='ocr_par' dir='ltr' id='par_1_109' title="bbox 2015 4705 3668 4787">
     <span class='ocr_line' id='line_1_109' title="bbox 2015 4705 3668 4787; baseline 0 -21"><span class='ocrx_word' id='word_1_792' title='bbox 2015 4723 2306 4768; x_wconf 86' lang='lat' dir='ltr'><strong>conserva</strong></span> <span class='ocrx_word' id='word_1_793' title='bbox 2331 4708 2687 4782; x_wconf 84' lang='lat' dir='ltr'><strong>castitatem,</strong></span> <span class='ocrx_word' id='word_1_794' title='bbox 2715 4706 2848 4767; x_wconf 84' lang='lat' dir='ltr'><strong>fons</strong></span> <span class='ocrx_word' id='word_1_795' title='bbox 2878 4705 3264 4781; x_wconf 86' lang='lat' dir='ltr'><strong>castitatis,ut</strong></span> <span class='ocrx_word' id='word_1_796' title='bbox 3290 4713 3478 4766; x_wconf 89' lang='lat' dir='ltr'><strong>tutum</strong></span> <span class='ocrx_word' id='word_1_797' title='bbox 3511 4724 3668 4787; x_wconf 86' lang='lat' dir='ltr'><strong>quo-</strong></span> 
     </span>
    </p>
   </div>
   <div class='ocr_carea' id='block_1_110' title="bbox 2015 4793 3665 4876">
    <p class='ocr_par' dir='ltr' id='par_1_110' title="bbox 2015 4793 3665 4876">
     <span class='ocr_line' id='line_1_110' title="bbox 2015 4793 3665 4876; baseline 0 -19"><span class='ocrx_word' id='word_1_798' title='bbox 2015 4813 2131 4876; x_wconf 92' lang='lat' dir='ltr'><strong>que</strong></span> <span class='ocrx_word' id='word_1_799' title='bbox 2157 4814 2378 4857; x_wconf 90' lang='lat' dir='ltr'><strong>nomen</strong></span> <span class='ocrx_word' id='word_1_800' title='bbox 2422 4815 2584 4859; x_wconf 91' lang='lat' dir='ltr'><strong>nunc</strong></span> <span class='ocrx_word' id='word_1_801' title='bbox 2615 4795 2873 4857; x_wconf 80' lang='lat' dir='ltr'><strong>maxime</strong></span> <span class='ocrx_word' id='word_1_802' title='bbox 2904 4793 3274 4874; x_wconf 84' lang='lat' dir='ltr'><strong>gloriﬁcetur</strong></span> <span class='ocrx_word' id='word_1_803' title='bbox 3300 4795 3374 4857; x_wconf 86' lang='lat' dir='ltr'><strong>ab</strong></span> <span class='ocrx_word' id='word_1_804' title='bbox 3407 4794 3665 4874; x_wconf 81' lang='lat' dir='ltr'><strong>angelis.</strong></span> 
     </span>
    </p>
   </div>
   <div class='ocr_carea' id='block_1_111' title="bbox 2014 4884 3666 4966">
    <p class='ocr_par' dir='ltr' id='par_1_111' title="bbox 2014 4884 3666 4966">
     <span class='ocr_line' id='line_1_111' title="bbox 2014 4884 3666 4966; baseline 0.001 -20"><span class='ocrx_word' id='word_1_805' title='bbox 2014 4884 2154 4947; x_wconf 60' lang='lat' dir='ltr'><strong>Haec</strong></span> <span class='ocrx_word' id='word_1_806' title='bbox 2181 4885 2284 4946; x_wconf 91' lang='lat' dir='ltr'><strong>illa</strong></span> <span class='ocrx_word' id='word_1_807' title='bbox 2313 4885 2560 4964; x_wconf 89' lang='lat' dir='ltr'><strong>quidem</strong></span> <span class='ocrx_word' id='word_1_808' title='bbox 2593 4885 2781 4946; x_wconf 87' lang='lat' dir='ltr'><strong>oravit</strong></span> <span class='ocrx_word' id='word_1_809' title='bbox 2813 4903 2948 4946; x_wconf 90' lang='lat' dir='ltr'><strong>cum</strong></span> <span class='ocrx_word' id='word_1_810' title='bbox 2976 4884 3250 4966; x_wconf 77' lang='lat' dir='ltr'><strong>lacrymis</strong></span> <span class='ocrx_word' id='word_1_811' title='bbox 3277 4906 3290 4946; x_wconf 90' lang='lat'><strong>:</strong></span> <span class='ocrx_word' id='word_1_812' title='bbox 3316 4886 3529 4948; x_wconf 74' lang='lat' dir='ltr'><strong>effecta</strong></span> <span class='ocrx_word' id='word_1_813' title='bbox 3558 4904 3666 4948; x_wconf 88' lang='lat' dir='ltr'><strong>au-</strong></span> 
     </span>
    </p>
   </div>
   <div class='ocr_carea' id='block_1_112' title="bbox 2018 4974 3669 5040">
    <p class='ocr_par' dir='ltr' id='par_1_112' title="bbox 2018 4974 3669 5040">
     <span class='ocr_line' id='line_1_112' title="bbox 2018 4974 3669 5040; baseline 0.001 -4"><span class='ocrx_word' id='word_1_814' title='bbox 2018 4986 2135 5038; x_wconf 89' lang='lat' dir='ltr'><strong>tem</strong></span> <span class='ocrx_word' id='word_1_815' title='bbox 2164 4978 2319 5038; x_wconf 90' lang='lat' dir='ltr'><strong>Deus</strong></span> <span class='ocrx_word' id='word_1_816' title='bbox 2348 4977 2633 5039; x_wconf 89' lang='lat' dir='ltr'><strong>reddidit.</strong></span> <span class='ocrx_word' id='word_1_817' title='bbox 2681 4974 2796 5037; x_wconf 91' lang='lat' dir='ltr'><strong>Sed</strong></span> <span class='ocrx_word' id='word_1_818' title='bbox 2857 4983 2947 5036; x_wconf 93' lang='lat' dir='ltr'><strong>est</strong></span> <span class='ocrx_word' id='word_1_819' title='bbox 2996 4975 3370 5038; x_wconf 88' lang='lat' dir='ltr'><strong>adhibendus</strong></span> <span class='ocrx_word' id='word_1_820' title='bbox 3428 4977 3669 5040; x_wconf 87' lang='lat' dir='ltr'><strong>animos</strong></span> 
     </span>
    </p>
   </div>
   <div class='ocr_carea' id='block_1_113' title="bbox 2019 5064 3673 5146">
    <p class='ocr_par' dir='ltr' id='par_1_113' title="bbox 2019 5064 3673 5146">
     <span class='ocr_line' id='line_1_113' title="bbox 2019 5064 3673 5146; baseline 0.001 -20"><span class='ocrx_word' id='word_1_821' title='bbox 2019 5065 2370 5129; x_wconf 76' lang='lat' dir='ltr'><strong>narrationi.</strong></span> <span class='ocrx_word' id='word_1_822' title='bbox 2406 5064 2815 5130; x_wconf 88' lang='lat' dir='ltr'><strong>lntroducitur</strong></span> <span class='ocrx_word' id='word_1_823' title='bbox 2845 5065 3004 5144; x_wconf 88' lang='lat' dir='ltr'><strong>virgo</strong></span> <span class='ocrx_word' id='word_1_824' title='bbox 3036 5066 3098 5126; x_wconf 90' lang='lat' dir='ltr'><strong>in</strong></span> <span class='ocrx_word' id='word_1_825' title='bbox 3131 5064 3494 5146; x_wconf 90' lang='lat' dir='ltr'><strong>postibulum</strong></span> <span class='ocrx_word' id='word_1_826' title='bbox 3525 5087 3541 5144; x_wconf 89' lang='lat'><strong>;</strong></span> <span class='ocrx_word' id='word_1_827' title='bbox 3567 5067 3673 5129; x_wconf 88' lang='lat' dir='ltr'><strong>illa</strong></span> 
     </span>
    </p>
   </div>
   <div class='ocr_carea' id='block_1_114' title="bbox 2015 5155 3664 5236">
    <p class='ocr_par' dir='ltr' id='par_1_114' title="bbox 2015 5155 3664 5236">
     <span class='ocr_line' id='line_1_114' title="bbox 2015 5155 3664 5236; baseline 0.001 -19"><span class='ocrx_word' id='word_1_828' title='bbox 2015 5173 2154 5218; x_wconf 88' lang='lat' dir='ltr'><strong>vero</strong></span> <span class='ocrx_word' id='word_1_829' title='bbox 2177 5158 2358 5220; x_wconf 87' lang='lat' dir='ltr'><strong>etiam</strong></span> <span class='ocrx_word' id='word_1_830' title='bbox 2391 5156 2456 5218; x_wconf 90' lang='lat' dir='ltr'><strong>in</strong></span> <span class='ocrx_word' id='word_1_831' title='bbox 2489 5156 2589 5218; x_wconf 91' lang='lat' dir='ltr'><strong>tali</strong></span> <span class='ocrx_word' id='word_1_832' title='bbox 2620 5156 2752 5218; x_wconf 84' lang='lat' dir='ltr'><strong>loco</strong></span> <span class='ocrx_word' id='word_1_833' title='bbox 2812 5164 2868 5216; x_wconf 89' lang='lat' dir='ltr'><strong>et</strong></span> <span class='ocrx_word' id='word_1_834' title='bbox 2900 5165 3167 5236; x_wconf 90' lang='lat' dir='ltr'><strong>tempore</strong></span> <span class='ocrx_word' id='word_1_835' title='bbox 3201 5173 3322 5218; x_wconf 90' lang='lat' dir='ltr'><strong>non</strong></span> <span class='ocrx_word' id='word_1_836' title='bbox 3353 5168 3447 5218; x_wconf 86' lang='lat' dir='ltr'><strong>est</strong></span> <span class='ocrx_word' id='word_1_837' title='bbox 3477 5155 3664 5218; x_wconf 87' lang='lat' dir='ltr'><strong>oblita</strong></span> 
     </span>
    </p>
   </div>
   <div class='ocr_carea' id='block_1_115' title="bbox 2017 5245 3674 5330">
    <p class='ocr_par' dir='ltr' id='par_1_115' title="bbox 2017 5245 3674 5330">
     <span class='ocr_line' id='line_1_115' title="bbox 2017 5245 3674 5330; baseline -0.001 -22"><span class='ocrx_word' id='word_1_838' title='bbox 2017 5265 2223 5308; x_wconf 90' lang='lat' dir='ltr'><strong>eorum</strong></span> <span class='ocrx_word' id='word_1_839' title='bbox 2249 5265 2381 5330; x_wconf 65' lang='lat' dir='ltr'><strong>qua;</strong></span> <span class='ocrx_word' id='word_1_840' title='bbox 2396 5245 2682 5328; x_wconf 89' lang='lat' dir='ltr'><strong>oportuit,</strong></span> <span class='ocrx_word' id='word_1_841' title='bbox 2709 5245 2814 5308; x_wconf 88' lang='lat' dir='ltr'><strong>sed</strong></span> <span class='ocrx_word' id='word_1_842' title='bbox 2841 5245 3118 5326; x_wconf 87' lang='lat' dir='ltr'><strong>protinus</strong></span> <span class='ocrx_word' id='word_1_843' title='bbox 3141 5245 3395 5326; x_wconf 75' lang='lat' dir='ltr'><strong>ejiciens</strong></span> <span class='ocrx_word' id='word_1_844' title='bbox 3423 5245 3482 5309; x_wconf 93' lang='lat' dir='ltr'><strong>id</strong></span> <span class='ocrx_word' id='word_1_845' title='bbox 3513 5247 3674 5327; x_wconf 90' lang='lat' dir='ltr'><strong>quod</strong></span> 
     </span>
    </p>
   </div>
   <div class='ocr_carea' id='block_1_116' title="bbox 2017 5333 3672 5410">
    <p class='ocr_par' dir='ltr' id='par_1_116' title="bbox 2017 5333 3672 5410">
     <span class='ocr_line' id='line_1_116' title="bbox 2017 5333 3672 5410; baseline 0.001 -16"><span class='ocrx_word' id='word_1_846' title='bbox 2017 5333 2274 5397; x_wconf 88' lang='lat' dir='ltr'><strong>habebat</strong></span> <span class='ocrx_word' id='word_1_847' title='bbox 2331 5337 2392 5397; x_wconf 91' lang='lat' dir='ltr'><strong>in</strong></span> <span class='ocrx_word' id='word_1_848' title='bbox 2445 5337 2607 5410; x_wconf 86' lang='lat' dir='ltr'><strong>sinu,</strong></span> <span class='ocrx_word' id='word_1_849' title='bbox 2659 5333 2718 5396; x_wconf 91' lang='lat' dir='ltr'><strong>id</strong></span> <span class='ocrx_word' id='word_1_850' title='bbox 2776 5343 2976 5398; x_wconf 91' lang='lat' dir='ltr'><strong>autem</strong></span> <span class='ocrx_word' id='word_1_851' title='bbox 3036 5344 3166 5396; x_wconf 90' lang='lat' dir='ltr'><strong>erat</strong></span> <span class='ocrx_word' id='word_1_852' title='bbox 3219 5345 3672 5398; x_wconf 89' lang='lat' dir='ltr'><strong>sacrosanctum</strong></span> 
     </span>
    </p>
   </div>
   <div class='ocr_carea' id='block_1_117' title="bbox 2018 5421 3670 5507">
    <p class='ocr_par' dir='ltr' id='par_1_117' title="bbox 2018 5421 3670 5507">
     <span class='ocr_line' id='line_1_117' title="bbox 2018 5421 3670 5507; baseline 0.001 -23"><span class='ocrx_word' id='word_1_853' title='bbox 2018 5421 2428 5507; x_wconf 83' lang='lat' dir='ltr'><strong>Evangelium,</strong></span> <span class='ocrx_word' id='word_1_854' title='bbox 2480 5425 2734 5507; x_wconf 87' lang='lat' dir='ltr'><strong>aperuit,</strong></span> <span class='ocrx_word' id='word_1_855' title='bbox 2790 5432 2850 5487; x_wconf 86' lang='lat' dir='ltr'><strong>et</strong></span> <span class='ocrx_word' id='word_1_856' title='bbox 2899 5423 3083 5487; x_wconf 84' lang='lat' dir='ltr'><strong>dabat</strong></span> <span class='ocrx_word' id='word_1_857' title='bbox 3111 5443 3357 5507; x_wconf 86' lang='lat' dir='ltr'><strong>operam</strong></span> <span class='ocrx_word' id='word_1_858' title='bbox 3403 5424 3670 5488; x_wconf 88' lang='lat' dir='ltr'><strong>lectioni.</strong></span> 
     </span>
    </p>
   </div>
   <div class='ocr_carea' id='block_1_118' title="bbox 2019 5511 3671 5596">
    <p class='ocr_par' dir='ltr' id='par_1_118' title="bbox 2019 5511 3671 5596">
     <span class='ocr_line' id='line_1_118' title="bbox 2019 5511 3671 5596; baseline 0 -20"><span class='ocrx_word' id='word_1_859' title='bbox 2019 5511 2184 5576; x_wconf 88' lang='lat' dir='ltr'><strong>Unus</strong></span> <span class='ocrx_word' id='word_1_860' title='bbox 2213 5533 2354 5579; x_wconf 86' lang='lat' dir='ltr'><strong>vero</strong></span> <span class='ocrx_word' id='word_1_861' title='bbox 2386 5513 3047 5596; x_wconf 80' lang='lat' dir='ltr'><strong>exintemperantibus,</strong></span> <span class='ocrx_word' id='word_1_862' title='bbox 3081 5523 3262 5578; x_wconf 72' lang='lat' dir='ltr'><strong>(nstro</strong></span> <span class='ocrx_word' id='word_1_863' title='bbox 3295 5515 3505 5578; x_wconf 89' lang='lat' dir='ltr'><strong>insano</strong></span> <span class='ocrx_word' id='word_1_864' title='bbox 3529 5531 3671 5596; x_wconf 85' lang='lat' dir='ltr'><strong>per-</strong></span> 
     </span>
    </p>
   </div>
   <div class='ocr_carea' id='block_1_119' title="bbox 2021 5603 3668 5687">
    <p class='ocr_par' dir='ltr' id='par_1_119' title="bbox 2021 5603 3668 5687">
     <span class='ocr_line' id='line_1_119' title="bbox 2021 5603 3668 5687; baseline 0 -22"><span class='ocrx_word' id='word_1_865' title='bbox 2021 5604 2196 5684; x_wconf 88' lang='lat' dir='ltr'><strong>citus,</strong></span> <span class='ocrx_word' id='word_1_866' title='bbox 2231 5605 2306 5669; x_wconf 89' lang='lat' dir='ltr'><strong>ad</strong></span> <span class='ocrx_word' id='word_1_867' title='bbox 2326 5625 2458 5670; x_wconf 89' lang='lat' dir='ltr'><strong>eam</strong></span> <span class='ocrx_word' id='word_1_868' title='bbox 2474 5605 2824 5684; x_wconf 75' lang='lat' dir='ltr'><strong>ingreditur,</strong></span> <span class='ocrx_word' id='word_1_869' title='bbox 2836 5605 2939 5686; x_wconf 89' lang='lat' dir='ltr'><strong>qui</strong></span> <span class='ocrx_word' id='word_1_870' title='bbox 2961 5603 3399 5687; x_wconf 88' lang='lat' dir='ltr'><strong>aliquantisper</strong></span> <span class='ocrx_word' id='word_1_871' title='bbox 3418 5603 3668 5683; x_wconf 89' lang='lat' dir='ltr'><strong>quidem</strong></span> 
     </span>
    </p>
   </div>
   <div class='ocr_carea' id='block_1_120' title="bbox 2020 5696 3673 5780">
    <p class='ocr_par' dir='ltr' id='par_1_120' title="bbox 2020 5696 3673 5780">
     <span class='ocr_line' id='line_1_120' title="bbox 2020 5696 3673 5780; baseline -0.003 -21"><span class='ocrx_word' id='word_1_872' title='bbox 2020 5711 2153 5759; x_wconf 85' lang='lat' dir='ltr'><strong>eam</strong></span> <span class='ocrx_word' id='word_1_873' title='bbox 2173 5696 2360 5765; x_wconf 76' lang='lat' dir='ltr'><strong>audiit</strong></span> <span class='ocrx_word' id='word_1_874' title='bbox 2379 5704 2703 5780; x_wconf 69' lang='lat' dir='ltr'><strong>legentem.</strong></span> <span class='ocrx_word' id='word_1_875' title='bbox 2735 5697 2888 5763; x_wconf 84' lang='lat' dir='ltr'><strong>Cum</strong></span> <span class='ocrx_word' id='word_1_876' title='bbox 2923 5702 3122 5760; x_wconf 81' lang='lat' dir='ltr'><strong>autem</strong></span> <span class='ocrx_word' id='word_1_877' title='bbox 3139 5696 3260 5776; x_wconf 85' lang='lat' dir='ltr'><strong>jam</strong></span> <span class='ocrx_word' id='word_1_878' title='bbox 3283 5712 3468 5779; x_wconf 85' lang='lat' dir='ltr'><strong>prope</strong></span> <span class='ocrx_word' id='word_1_879' title='bbox 3490 5701 3673 5773; x_wconf 84' lang='lat' dir='ltr'><strong>esset,</strong></span> 
     </span>
    </p>
   </div>
  </div>
