4086 6406
408 363 559 430 1063
1603 365 1860 428 ADDEN
1867 366 1985 427 DA.

2159 366 2589 430 DECEMBER.
3629 357 3778 425 1064

403 522 437 564 a
463 502 720 563 maximo
749 509 911 561 metu
939 500 1256 579 invaditur,
1282 507 1340 559 et
1371 508 1632 560 tremore
1663 499 1830 562 valde
1852 501 2021 580 agitat

2127 505 2215 558 καὶ
2259 504 2326 567 ἦν
2384 501 2522 559 οὕτω
2575 504 2707 580 πρὸς
2769 515 2886 565 τοῖς
2933 503 3058 558 ποσὶ
3092 501 3353 581 Θεοφίλης
3386 500 3632 558 ἀπνευστὶ
3676 501 3782 555 κεί-

401 600 524 672 tur,
587 600 644 652 et
690 590 858 652 lmmi
919 587 1257 669 procumbit
1288 595 1578 660 mortuus,
1616 599 1671 650 et
1701 587 1785 650 sic
1809 579 2021 669 jaceba

2131 614 2313 667 μενος.
2363 579 2513 671 Ὧραι
2569 579 2846 672 παρῆλθον
2901 592 3121 671 συχναὶ,
3169 579 3252 646 καὶ
3311 603 3431 654 τοῖς
3470 588 3651 652 ἄλλοις
3684 586 3778 645 δό-

401 681 476 743 ad
499 680 681 762 pedes
703 677 1197 757 Theophilae,non
1220 677 1543 758 spirans.M
1553 677 1690 739 ultae
1712 679 1878 740 horae
1898 698 2021 760 pra}

2130 681 2242 757 ξαν,
2276 683 2390 740 ἐπεὶ
2421 683 2518 756 μὲν
2550 682 2714 759 ἐξῄει,
2753 683 3055 759 ἀκορέστως
3089 681 3238 760 ἔχειν
3281 682 3438 736 αὐτὸν
3495 679 3590 746 τῆς
3636 700 3778 756 παρ-

406 777 712 841 terierant,
748 777 806 829 et
839 784 971 827 cum
1007 765 1139 826 aliis
1172 765 1359 827 visum
1395 775 1577 841 esset,
1615 769 1893 848 quoniam
1928 789 2021 830 n01

2129 772 2298 830 θένου.
2332 775 2425 836 Ὠς
2485 770 2539 828 δὲ
2585 773 2752 848 εἰσῂει
2809 773 2898 827 καὶ
2938 771 3115 850 ἕτερος
3156 771 3245 827 καὶ
3301 772 3459 832 αὒτὸς
3512 766 3615 835 ἤδη
3674 791 3779 823 κα·-

405 857 626 936 exibat,
671 874 806 917 eum
842 873 960 914 non
995 873 1169 933 posse
1211 857 1417 917 satiari
1469 858 1724 934 virgine,
1765 859 1866 919 ubi
1895 859 2021 919 aliu:

2128 863 2322 926 ταστὲις
2365 862 2617 936 πλησίον,
2676 864 2808 940 φωτὶ
2858 862 2957 936 μὲν
3006 859 3291 939 ἁποῤῥήτῳ
3349 858 3775 937 περιαστράπτε-

399 964 636 1028 quoque
667 943 1020 1021 ingreditur,
1043 943 1171 1023 ipse
1201 964 1444 1023 quoque
1470 947 1588 1024 jam
1628 965 1812 1026 prope
1850 955 2021 1009 stans

2124 974 2234 1024 ται,
2295 952 2418 1008 εἶτα
2470 951 2658 1016 σκότος
2694 952 2754 1007 ἐκ
2796 959 2890 1008 τοῦ
2921 953 3095 1031 φωτὸς
3139 949 3358 1028 δέχεται
3391 950 3479 1004 καὶ
3510 949 3778 1021 πηρωθεὶς

398 1036 550 1097 lucis
586 1033 856 1114 quidem,
893 1050 1023 1112 qua:
1048 1032 1247 1094 verbis
1271 1035 1518 1114 exprimi
1553 1053 1666 1096 non
1693 1036 2021 1116 potest,ful-

2120 1042 2214 1104 τὰς
2253 1040 2427 1116 ὄψεις,
2464 1042 2637 1114 ἐζήτει
2689 1043 2913 1119 περιιὼν
2963 1045 3025 1099 οὗ
3076 1041 3173 1106 τὴν
3225 1039 3484 1119 παρθένον
3521 1037 3621 1111 ἔτι,
3655 1035 3775 1091 ἀλλ’

397 1143 542 1203 gore
566 1125 896 1186 illustratur
920 1141 935 1199 ;
962 1122 1184 1185 deinde
1205 1143 1340 1186 eum
1366 1144 1399 1186 a
1423 1127 1554 1188 luce
1585 1126 1845 1188 tenebrae
1880 1129 2021 1188 exci-

2119 1130 2266 1194 ὅπως
2311 1131 2374 1186 ἅν
2407 1131 2670 1194 ἂπτώτως
2703 1130 2899 1194 ἐξέλθοι
2930 1131 3026 1198 τὴν
3056 1131 3240 1206 θύραν.

395 1216 587 1296 piunt,
623 1221 679 1274 et
729 1212 933 1273 obtutu
965 1213 1227 1295 orbatus,
1262 1216 1568 1296 quaerebat
1615 1217 1847 1291 obiens,
1884 1237 2002 1278 non
2046 1219 2299 1301 amplius
2347 1221 2658 1300 virginem,
2696 1219 2800 1281 sed
2847 1218 3354 1300 quemadmodum
3385 1217 3533 1278 citra
3577 1216 3773 1278 offen-

394 1305 625 1366 sionem
659 1303 846 1364 exiret
867 1311 1031 1364 extra
1051 1303 1229 1365 fores.

475 1393 634 1458 XXI.
670 1395 816 1455 Cum
851 1393 1018 1452 multi
1057 1393 1296 1473 quidem
1356 1395 1494 1457 talia
1528 1397 1684 1474 passi
1731 1407 1950 1468 essent,
1987 1406 2044 1460 et

392 1483 666 1548 nonnulli
694 1484 870 1543 etiam
909 1483 1096 1560 magis
1129 1483 1621 1561 horribilia,nulli
1644 1487 1751 1548 fuit
1786 1489 2041 1570 amplius

392 1575 560 1637 cordi
591 1571 854 1651 ingredi,
888 1571 993 1632 sed
1027 1583 1085 1633 et
1113 1573 1161 1632 si
1203 1579 1334 1653 quis
1391 1576 1863 1657 ingrediebatur,
1923 1598 2039 1639 non

392 1662 842 1744 ingrediebatur
860 1673 1070 1740 captus
1089 1680 1182 1722 am
1195 1665 1430 1735 ore,sed
1457 1667 1644 1726 solum
1671 1669 1870 1728 volens
1887 1669 2041 1729 scire

395 1773 464 1816 ea
503 1771 634 1835 quae
664 1753 813 1812 facta
843 1751 1097 1814 fuerant.
1152 1754 1470 1833 Postquam
1522 1764 1717 1817 autem
1785 1758 2038 1832 ingressi

2207 1402 2337 1461 ΚΝ.
2387 1410 2560 1461 Ταῦτα
2617 1401 2833 1470 πολλῶν
2878 1401 2974 1476 μὲν
3019 1399 3317 1479 παθόντων,
3371 1399 3522 1456 ἐνίων
3580 1398 3636 1455 δὲ
3683 1402 3775 1455 καὶ

2124 1492 2189 1546 τὰ
2231 1491 2618 1569 φρικωδέστερα
2652 1540 2667 1570 ,
2725 1491 2902 1548 οὐκέτι
2973 1490 3162 1548 λοιπὸν
3226 1489 3393 1546 οὔδενὶ
3450 1490 3775 1562 καταθύμιον

2151 1582 2164 1602 ν
2236 1581 2247 1590 ·
2327 1595 2350 1606 ,,
2415 1599 2427 1612 ⁸
2493 1583 2503 1598 ν
2588 1580 2601 1601 ν
2673 1582 2697 1601 ν
3042 1583 3054 1598 ς
3131 1583 3142 1602 ,
3193 1581 3206 1600 ,
3381 1584 3394 1604 ,
3469 1579 3492 1598 ν
3580 1603 3599 1612 -
3662 1579 3674 1590 ς

2123 1586 2380 1638 εισεΛθειν
2483 1581 2582 1637 αλλ
2646 1603 2802 1660 ειπερ
2847 1604 2925 1645 τις
2971 1604 3058 1636 και
3104 1601 3293 1658 sto-pet,
3347 1601 3440 1638 ουκ
3471 1602 3626 1658 ερω.ι
3661 1593 3768 1644 Λη-

2124 1673 2266 1751 ιρθεὶς
2326 1675 2558 1744 ἐκεῖνος,
2620 1671 2738 1726 ἀλλ’
2785 1673 3058 1749 ἱστορῑισαι
3120 1671 3280 1746 μόνον
3339 1673 3472 1742 ἐρῶν
3512 1670 3576 1724 τὰ
3607 1690 3770 1745 γεγε-

2124 1762 2350 1835 νημένα.
2400 1760 2551 1819 Ἐπεὶ
2611 1759 2664 1816 δέ
2715 1762 2802 1817 καὶ
2857 1761 3074 1824 πλείους
3134 1760 3375 1826 εἰσῆλθον
3410 1807 3424 1832 ,
3487 1759 3680 1836 ὁρῶσιν
3737 1756 3771 1812 ἂ

392 1852 530 1905 sunt
559 1843 919 1930 complures,
977 1841 1178 1930 vident
1236 1861 1304 1903 ea
1363 1863 1490 1923 quae
1521 1853 1578 1906 et
1607 1846 1679 1906 ad
1712 1846 2021 1908 videndun

2120 1854 2208 1907 καὶ
2265 1850 2396 1908 ἰδεῖν
2451 1850 2673 1930 φοϐερὸν
2731 1855 2816 1908 καὶ
2850 1853 3022 1907 εἰπεῖν
3048 1865 3164 1914 τοῖς
3197 1849 3380 1910 ἄλλοις
3412 1846 3772 1926 παραδοξότα-

393 1941 564 1996 erant
594 1929 912 2002 terribilia,
947 1938 1005 1990 et
1032 1929 1104 1991 ad
1136 1930 1458 1993 dicendum
1490 1935 1624 1995 aliis
1658 1937 1912 1997 maxime
1934 1937 2021 1997 ad-

2118 1964 2232 2014 τον,
2294 1943 2394 2008 τὴν
2437 1940 2606 1996 παῖδα
2646 1939 2744 2015 μὲν
2801 1939 3078 2014 εὐκόσμως
3135 1937 3497 2013 καθεζομένην
3554 1938 3638 1992 καὶ
3695 1942 3767 2011 τῇ

389 2021 711 2092 mirabilia,
760 2019 1018 2100 puellam
1054 2020 1294 2100 quidem
1330 2023 1579 2085 honeste
1603 2024 1940 2106 sedentem,
1978 2038 2021 2087 el

2118 2030 2284 2108 βίϐλῳ
2336 2032 2721 2109 ἐγκύπτουσαν,
2784 2030 3055 2085 νεανίσκον
3125 2027 3179 2084 δέ
3253 2049 3370 2083 τινα
3425 2027 3594 2102 ταύτῃ
3652 2047 3767 2081 παι

380 2112 535 2196 libro
567 2111 1042 2185 incumbentem,
1078 2109 1524 2174 adolescentem
1560 2126 1757 2176 autem
1815 2136 2030 2195 quem—

381 2202 515 2263 dam
552 2219 736 2282 prope
767 2217 896 2262 eam
947 2207 1230 2276 stantem,
1269 2201 1403 2264 luce
1434 2203 1676 2283 quidem
1715 2206 2027 2281 ineffabili,

383 2291 830 2374 pulchritudine
863 2308 998 2352 vero
1033 2292 1588 2374 incredibili,veluti
1615 2296 1884 2376 quaedam
1913 2298 2028 2359 tela

379 2382 629 2460 fulguris
661 2379 1032 2442 emittentem
1059 2399 1129 2442 ex
1153 2382 1512 2448 oculileaec
1536 2396 1846 2466 postquam
1871 2389 2027 2448 vide-

376 2481 545 2552 runt,
581 2480 638 2532 et
671 2479 828 2532 metu
860 2470 1255 2552 diriguerunt,
1319 2483 1377 2534 et
1405 2476 1495 2535 vix
1557 2476 1792 2536 tandem
1833 2499 1844 2534 :
1883 2477 2026 2548 Quis

378 2571 468 2624 est
493 2563 649 2624 sicut
680 2560 1158 2623 Christianorum
1195 2565 1401 2627 Deus?
1425 2565 1930 2641 exclamaverunt,
1967 2575 2026 2630 et

377 2652 554 2714 simul
588 2669 708 2712 non
740 2650 999 2711 ferentes
1030 2653 1463 2734 spectaculum,
1495 2663 1658 2716 recte
1687 2674 1890 2717 secum
1929 2657 2024 2734 agi

378 2743 684 2823 putabant,
718 2740 769 2800 si
798 2739 1090 2820 fugerent,
1121 2751 1179 2801 et
1212 2743 1522 2806 celeritate
1559 2747 1816 2807 maxima
1847 2748 2026 2808 domo

376 2833 638 2906 exibant,
672 2849 884 2892 omnes
913 2830 1154 2911 quidem
1212 2833 1377 2894 obliti
1422 2834 1717 2910 libidinis,
1751 2837 2026 2898 nonnulli

375 2931 572 2984 autem
609 2922 780 2982 etiam
818 2921 942 3001 ipsa
974 2922 1278 3000 impietate
1335 2924 1628 3003 abjurala.
1680 2924 1797 2988 Sed
1831 2945 2027 3007 neque

374 3013 502 3074 haec
531 3011 820 3090 ignoravit
872 3010 1288 3092 Maximianus,
1343 3015 1444 3074 sed
1500 3034 1633 3076 eum
1689 3019 2026 3078 rescivisset

378 3101 663 3179 virginem
700 3099 941 3180 quidem
979 3119 1094 3160 non
1130 3121 1305 3180 posse
1337 3103 1470 3183 capi
1497 3104 1568 3164 ab
1603 3106 1672 3165 iis
1705 3107 1804 3185 qui
1832 3106 2019 3186 ipsam

2118 2125 2356 2198 ρεστώτα
2413 2123 2545 2185 φωτὶ
2589 2120 2687 2194 μὲν
2750 2119 2985 2197 ἀρρήτῳ,
3019 2117 3207 2174 κάλλει
3240 2116 3295 2172 δὲ
3335 2115 3621 2194 ἀποῤῥητῳ
3661 2116 3767 2190 βο-

2116 2211 2260 2273 λίδας
2335 2211 2514 2285 ὥσπερ
2583 2209 2861 2287 ἀστραπῆς
2945 2215 3052 2265 τῶν
3113 2207 3287 2282 ὄψεων
3345 2207 3764 2280 ἆποπέμποντα,

2115 2300 2292 2358 Ταῦτα
2344 2301 2416 2364 ὡς
2463 2297 2608 2356 εἶδον
2643 2299 3003 2377 ἀπεπάγησάν
3034 2319 3092 2356 τε
3122 2295 3331 2372 τῷδέει
3375 2298 3462 2352 καὶ
3519 2295 3620 2369 ὀψὲ
3677 2296 3767 2352 καὶ

2113 2390 2294 2469 μόλις,
2351 2391 2438 2453 Τίς
2497 2391 2626 2452 Θεὸς
2686 2391 2757 2452 ὡς
2817 2395 3148 2466 Χριστιανῶν
3207 2389 3378 2460 Θεὸς,
3445 2382 3758 2458 ἐξεϐόησαν,

2111 2482 2196 2536 καὶ
2228 2481 2340 2555 ἅμα
2389 2481 2488 2546 την
2531 2478 2653 2535 θέαν
2698 2478 2760 2534 αὖ
2806 2479 3050 2557 φέροντες
3104 2479 3313 2558 φεύγειν
3357 2477 3610 2548 ἠπάπων,
3665 2476 3761 2530 καὶ

2112 2571 2202 2626 σὺν
2263 2568 2450 2643 πολλῷ
2503 2570 2579 2642 τῷ
2622 2569 2781 2648 τάχει
2813 2572 2911 2637 τῆς
2957 2569 3124 2631 οἰκίας
3153 2567 3398 2643 ἒξῂεσαν,
3435 2567 3628 2626 πάντες
3660 2565 3762 2638 μὲν

2110 2658 2390 2738 ἁσελφείας
2449 2657 2850 2732 ἐπιλαθόμενοι,
2898 2657 3025 2713 ἔνιοι
3083 2656 3136 2712 δὲ
3197 2657 3294 2712 καὶ
3343 2656 3508 2721 αδτὴν
3559 2653 3757 2729 ἐξομο-

2110 2751 2333 2825 σάμενοι
2413 2750 2510 2817 τὴν
2588 2747 2856 2808 ἀσέϐειαν.
2917 2749 2990 2807 Οὔ
3072 2751 3178 2822 μὴν
3237 2747 3354 2804 οὒδέ
3418 2744 3752 2819 Μαξιμιανὸς

2108 2839 2344 2916 ἠγνόησε
2396 2846 2559 2896 ταῦτα
2595 2857 2606 2869 ’
2657 2838 2794 2895 ἀλλὰ
2841 2840 3024 2912 μαθὼν
3077 2837 3224 2902 ὅπως
3268 2840 3302 2905 ἡ
3355 2837 3452 2912 μὲν
3501 2835 3757 2913 παρθένος

2111 2929 2408 3008 ἀχείρωτος
2466 2931 2552 2986 καὶ
2614 2932 2795 2990 αὖτοϊς
2856 2927 2956 3006 ἆρα
3028 2942 3146 2990 τοῖς
3209 2926 3528 3008 φυλάττουσι
3586 2945 3752 3002 στρα-

2107 3018 2345 3096 τιώταις,
2380 3017 2578 3074 πολλοὶ
2634 3015 2685 3072 δὲ
2747 3023 2854 3073 τῶν
2914 3019 3119 3074 ἐκείνου
3151 3015 3356 3092 μᾶλλον
3401 3014 3754 3093 κεχείρωνται

2107 3109 2194 3163 καὶ
2251 3109 2520 3163 θεοσεϐεϊν
2577 3105 2955 3186 ἐδιδάχθηααν,
3025 3107 3245 3183 γοητείᾳ
3315 3107 3414 3171 τὴν
3470 3113 3563 3162 τοῦ
3623 3111 3750 3158 Θεοῦ

375 3190 715 3264 servabant,
775 3189 1085 3264 militibus,
1149 3192 1293 3270 quin
1327 3192 1505 3254 etiam
1543 3195 1762 3256 multos
1792 3214 1862 3256 ex
1897 3196 2021 3258 suis

2111 3197 2270 3276 χάριν
2303 3195 2594 3275 ἐπέγραψε,
2628 3197 2714 3250 καὶ
2769 3195 2848 3250 ὅτι
2892 3195 3111 3274 τέχναις
3142 3196 3188 3250 οἱ
3219 3197 3547 3271 Χριλτιανοὶ,
3581 3191 3755 3267 λέγον

376 3299 511 3342 esse
537 3281 811 3352 victos,et
842 3277 1126 3339 didicisse
1158 3281 1343 3341 Deum
1379 3282 1475 3362 pie
1507 3284 1852 3359 colere,Dei
1881 3304 2021 3363 gra-

2111 3287 2237 3362 πρὸς
2290 3285 2502 3350 ἀπάτην
2548 3292 2714 3339 ταῦτα
2759 3291 2863 3339 τῶν
2927 3283 3142 3338 πολλῶν
3200 3283 3543 3360 πράττουσιν.
3603 3277 3754 3334 Ἀλλ’

374 3370 518 3432 tiam
551 3367 888 3430 ascribebat
918 3367 1305 3430 incantationi
1341 3389 1354 3432 :
1392 3371 1602 3432 dicens
1652 3372 2021 3435 Christianos

2111 3373 2310 3437 ἐκεῖνος
2343 3373 2440 3448 μὲν
2473 3383 2635 3431 ταῦτα
2688 3372 2858 3450 λέγων
2904 3373 3091 3428 ἑαδτόν
3146 3369 3349 3446 μᾶλλον
3393 3370 3607 3440 ὠπάτα,
3663 3369 3754 3422 καὶ

373 3463 460 3522 uti
493 3458 756 3521 artificiis
787 3458 857 3518 ad
885 3457 1093 3535 vulgus
1125 3459 1576 3538 decipiendum.
1603 3462 1716 3524 Sed
1751 3461 1851 3523 ille
1882 3466 2018 3542 qui-

373 3551 510 3610 dem
549 3549 673 3609 hmc
705 3547 936 3621 dicens,
986 3547 1250 3628 seipsum
1315 3549 1511 3629 potius
1569 3550 1932 3631 decipiebat,
1965 3561 2020 3614 et

370 3639 714 3720 quicunque
740 3637 832 3697 his
864 3637 1038 3714 nugis
1069 3638 1333 3698 animum
1365 3638 1754 3704 adhibebant.

451 3725 635 3788 XXII.
669 3725 776 3788 Ille
809 3734 1006 3787 autem
1050 3726 1262 3805 plenus
1295 3727 1540 3803 lumine,
1577 3731 1676 3810 qui
1709 3729 2019 3794 videbatur

369 3817 585 3898 virgini
614 3817 915 3895 assistere,
950 3833 1086 3876 cum
1146 3834 1276 3877 eam
1332 3817 1511 3879 domo
1548 3820 1873 3897 eduxisset,
1908 3840 2016 3884 suo

370 3907 599 3970 lumine
635 3905 986 3987 praecedens
1017 3905 1374 3967 deducebat.
1413 3909 1645 3971 Deinde
1669 3929 1802 3972 cum
1836 3911 2014 3972 etiam

371 3998 719 4059 adduxisset
750 4013 936 4076 usque
965 3994 1036 4055 ad
1073 4011 1302 4056 sacram
1354 3998 1696 4075 ecclesiam,
1732 4020 1860 4062 eam
1894 4011 2017 4064 sta-

371 4087 486 4148 tuit
507 4086 568 4148 in
591 4085 882 4147 vestibulo
909 4107 924 4159 ;
959 4093 1016 4146 et
1038 4084 1320 4162 cum,Pax
1357 4087 1487 4163 tibi,
1514 4089 1782 4167 dixisset,
1809 4111 2013 4154 reces-

372 4178 473 4240 sit.
501 4177 644 4238 Eam
706 4185 905 4238 autem
968 4176 1182 4236 invasit
1238 4185 1296 4236 et
1353 4188 1567 4256 metus,
1622 4189 1680 4241 et
1709 4182 2012 4259 gaudium.

368 4269 561 4332 Metus
590 4265 1021 4348 quidem,quod
1044 4264 1145 4327 ille
1170 4284 1298 4327 eam
1323 4269 1705 4350 reliquisset;
1738 4271 2017 4348 gaudium

374 4375 536 4432 vero,
570 4357 733 4435 quod
781 4356 1236 4417 libidinosorum
1299 4375 1510 4418 manus
1569 4359 1654 4418 sic
1687 4359 2012 4437 effugisset,

2103 3462 2218 3518 ὅσοι
2244 3463 2504 3526 τοιούτοις
2536 3463 2671 3529 ἦσαν
2702 3462 2886 3533 λήροις
2918 3462 3299 3541 προσέχοντες.

2187 3729 2312 3790 ΚΒ’.
2377 3728 2435 3789 Ὀ
2469 3731 2524 3786 δὲ
2559 3729 2770 3811 πλήρης
2801 3732 2978 3810 φωτὸς
3037 3729 3272 3809 ἐκεῖνος,
3311 3732 3337 3785 ὁ
3369 3733 3436 3806 τῇ
3471 3727 3604 3803 κόρῃ
3637 3747 3747 3782 πα-

2103 3823 2350 3901 ρεστάναι
2409 3822 2754 3901 φαινόμενος,
2802 3826 2900 3891 τῆς
2959 3821 3124 3883 εὶκίας
3187 3819 3351 3887 αὐτὴν
3405 3815 3752 3893 ὑπεξαγαγὼν

2101 3918 2179 3986 τῷ
2222 3912 2400 3985 οίκεὶᾦ
2451 3913 2585 3989 φωτὶ
2642 3913 2894 3990 προάγων
2950 3909 3149 3988 ὡδήγει
3185 3927 3200 3940 ·
3264 3909 3391 3965 εἶτα
3446 3909 3534 3963 καὶ
3585 3905 3754 3984 μέχρι

2101 4005 2198 4069 τῆς
2257 4006 2398 4078 ἱερᾶς
2456 4001 2744 4068 ἐκκλησίας
2798 4001 3091 4078 ἀπαγαγὼν
3145 4001 3216 4074 τῷ
3245 3997 3448 4059 πυλῶνι
3481 3996 3749 4076 ἐφίστησι,

2103 4095 2214 4167 καὶ,
2268 4093 2466 4170 Εἰρήνη
2525 4112 2634 4169 σοι,
2698 4091 3024 4170 προσειπὼν,
3102 4090 3276 4146 ἀπιων
3324 4087 3525 4167 ᾥλετο.
3578 4088 3640 4142 Ἥ
3691 4082 3749 4140 δὲ

2103 4180 2250 4262 φόϐῳ
2295 4180 2572 4260 συνείχετο
2601 4183 2688 4237 καὶ
2720 4187 2862 4260 χαρᾷ
2901 4201 2912 4212 ·
2948 4177 3094 4259 φόϐῳ
3127 4181 3224 4251 μὲν
3272 4177 3355 4234 διὰ
3405 4178 3504 4243 τὴν
3548 4174 3750 4237 ἐκείνου

2107 4270 2446 4350 κατάλειψιν,
2528 4271 2674 4351 χαρᾷ
2743 4273 2821 4346 δὲ,
2883 4269 2964 4326 δτι
3052 4269 3294 4348 ἀσελγῶν
3353 4266 3489 4324 οὕτω
3549 4282 3746 4345 χετρας

2102 4359 2317 4439 ἐκφύγοι
2404 4358 2570 4435 μηδὲν
2655 4358 2884 4434 ἄσεμνον
2953 4361 3304 4434 ὑπομείνασα.
3379 4356 3747 4437 Προσελθοῦσα

370 4449 522 4510 nihil
582 4465 752 4527 passa
810 4445 1187 4508 indecorum.
1241 4447 1557 4508 Accedens
1607 4463 1772 4523 ergo,
1826 4448 2020 4525 pulsat

2111 4449 2274 4504 τοίνυν
2331 4449 2519 4504 κόπτει
2582 4449 2680 4516 την
2735 4450 2890 4525 θύραν
2935 4448 3036 4517 ἤδη
3095 4457 3189 4506 τοῦ
3238 4449 3367 4504 λαοῦ
3396 4445 3748 4526 ἠθροισμένου

369 4539 588 4600 ostium
652 4536 852 4617 populi
905 4537 1028 4613 jam
1085 4536 1450 4612 congregati,
1507 4545 1564 4596 et
1614 4544 1910 4596 nocturna
1941 4537 2017 4598 de

2111 4540 2187 4595 ιαὶ
2229 4539 2295 4594 τὰ
2344 4539 2616 4616 νυκτερινὰ
2679 4543 2916 4610 συνήθως
2975 4546 3053 4614 τῷ
3104 4547 3220 4599 Θεῶ
3263 4537 3500 4610 ᾅδοντος.
3549 4541 3641 4601 Ὡς
3690 4535 3747 4592 δὲ

369 4645 537 4691 more
586 4628 710 4688 Deo
738 4625 1028 4686 canentis.
1057 4622 1201 4684 Cum
1247 4631 1446 4684 autem
1474 4625 1676 4704 januae
1703 4625 2013 4708 strepitum

2111 4631 2194 4685 τοῦ
2250 4633 2355 4683 τῶν
2416 4627 2594 4684 πολῶν
2627 4631 2800 4710 ψόφου
2841 4629 3032 4698 ἧσθετό
3057 4653 3138 4694 τις
3194 4631 3298 4685 τῶν
3341 4626 3622 4707 διακόνων,
3655 4630 3746 4684 καὶ

367 4716 660 4778 sensisset
689 4713 932 4794 quidam
957 4713 1336 4786 diaconus,et
1356 4732 1625 4792 quaenam
1655 4724 1811 4776 esset
1831 4718 2014 4779 resci-

363 4805 568 4880 visset,
621 4803 980 4864 renuntiavit
1010 4802 1083 4863 iis
1127 4803 1228 4881 qui
1283 4811 1454 4864 erant
1485 4805 1637 4864 intra
1668 4805 2008 4872 ecclesiam.

367 4893 592 4958 Omnes
617 4894 816 4972 itaque
833 4893 906 4953 ad
930 4910 1059 4954 eam
1093 4892 1423 4954 confluunt.
1449 4896 1602 4956 Nam
1635 4894 1853 4976 alioqui
1889 4913 2014 4960 erat

369 4987 548 5047 etiam
582 4982 800 5045 illustri
833 4982 1240 5062 genere,sicut
1269 4980 1624 5060 audivimus;
1660 4991 1878 5048 virtute
1910 5006 2013 5049 au-

369 5084 488 5138 tem
516 5073 700 5134 multo
733 5071 1042 5135 illustrior.
1078 5074 1222 5134 Cum
1267 5089 1396 5132 eam
1435 5091 1576 5152 ergo
1609 5075 1920 5154 vidissent,
1958 5087 2015 5141 et

370 5182 520 5246 quos
543 5171 601 5224 et
617 5161 899 5244 quidnam
925 5161 1189 5223 volentes
1210 5161 1533 5244 effugisset,
1559 5164 2009 5244 intellexissent,

369 5263 433 5315 et
457 5271 725 5334 quaenam
761 5251 859 5312 illa
891 5253 952 5314 in
985 5269 1090 5314 eos
1121 5250 1367 5313 fecisset
1401 5253 2010 5338 miracula,quosnam

367 5344 608 5424 quidem
641 5343 831 5404 fontes
852 5342 1242 5420 lacrymarum
1279 5359 1399 5402 non
1437 5346 1798 5407 moverunt?
1829 5365 2011 5426 quas-

365 5450 502 5495 nam
535 5440 727 5494 autem
790 5449 964 5493 voces
1023 5429 1096 5491 ad
1146 5431 1333 5492 Deum
1389 5451 1506 5493 non
1542 5435 2011 5499 emiserunt?in

369 5522 666 5605 principio
695 5520 937 5601 quidem
967 5528 1204 5601 raptum
1261 5522 1508 5602 virginis
1542 5525 1918 5608 miserantes,
1951 5527 2014 5588 in

370 5613 490 5675 fine
522 5627 659 5674 vero
689 5610 904 5691 impios
933 5611 1177 5694 quidem
1204 5612 1462 5674 miseros
1486 5613 1772 5676 ducentes
1802 5633 1815 5678 :
1850 5616 2012 5678 illam

371 5721 512 5767 vero
530 5703 886 5787 quibusnam
907 5721 1024 5764 non
1045 5712 1498 5785 persequuntur
1513 5704 2018 5770 beatitudinibus?

2097 4718 2215 4786 ἥτις
2285 4716 2351 4784 ἧν
2406 4716 2582 4786 ἐκείνη
2645 4723 2826 4794 μαθὼν
2884 4722 3006 4785 τοῖς
3096 4718 3241 4777 ἔνδον
3297 4723 3398 4788 τῆς
3454 4716 3747 4783 ἐκκλησίας

2097 4808 2419 4889 ἀπήγγειλε,
2483 4810 2750 4888 συρρέουσι
2787 4813 2883 4888 μέν
2938 4815 3011 4877 ὡς
3071 4812 3231 4879 αὐτὴν
3264 4810 3459 4872 πάντες
3494 4809 3510 4838 ⁸
3544 4809 3610 4875 ἧν
3646 4809 3747 4886 γὰρ

2097 4903 2185 4958 καὶ
2243 4898 2406 4964 ἄλλος
2463 4898 2524 4956 ἐκ
2581 4901 2764 4978 γένους
2843 4902 3216 4978 μεμαθηκότες
3275 4900 3382 4956 τῶν
3435 4899 3746 4977 ἐπισήμων,

2097 4991 2276 5068 ὥσπερ
2337 4990 2664 5066 ἠκούσαμεν,
2725 4991 2912 5067 πολλῷ
2968 4991 3024 5047 δὲ
3087 4992 3185 5058 τὴν
3242 4991 3438 5061 ἀρετὴν
3470 4987 3747 5062 ἐπισημο-

2096 5081 2246 5161 τέρα.
2307 5081 2517 5147 Ταύτην
2563 5084 2648 5138 οὖν
2698 5080 2924 5157 ἰδόντες,
2981 5084 3070 5138 καὶ
3103 5083 3246 5144 τίνος
3299 5079 3397 5156 μὲν
3447 5077 3644 5157 διέδρα,
3696 5079 3748 5133 τί

2097 5172 2151 5228 δὲ
2196 5172 2284 5228 καὶ
2342 5169 2696 5247 βουλομένους
2756 5174 3155 5250 μεμαθηκότες,
3203 5172 3290 5226 καὶ
3320 5170 3417 5226 οἷα
3463 5168 3584 5226 κατ’
3641 5171 3746 5226 αὐ-

2096 5264 2200 5320 τῶν
2249 5262 2428 5327 εκείνη
2485 5267 2592 5317 τῶν
2645 5261 2958 5319 ἀκολάστων
3014 5261 3526 5339 θαυματουργήσειε,
3586 5259 3744 5320 ποίας

2097 5353 2196 5428 μὲν
2227 5353 2320 5408 οὒκ
2351 5350 2554 5406 ἐκίνουν
2587 5349 2822 5430 δακρύων
2857 5351 3059 5430 πηγὰς,
3115 5351 3269 5416 ποίας
3312 5348 3367 5406 δὲ
3411 5350 3507 5405 οὒκ
3550 5350 3747 5419 ἠπίουν

2096 5443 2228 5520 πρὸς
2285 5442 2416 5497 Θεὸν
2477 5441 2677 5519 φωνὰς,
2735 5439 2788 5495 ἐν
2848 5441 2994 5521 ἀρχῇ
3053 5441 3149 5517 μὲν
3192 5443 3288 5508 τὴν
3333 5440 3591 5520 παρθένον
3641 5446 3744 5508 τῆς

2097 5531 2346 5609 ἁρπαγῆς
2393 5531 2766 5611 οἰκτείροντες,
2828 5531 2915 5588 ἐπὶ
2963 5532 3108 5589 τέλει
3161 5531 3216 5588 δὲ
3245 5533 3365 5597 τοὺς
3398 5531 3495 5607 μὲν
3525 5528 3743 5594 ἀσεϐεῖς

2097 5620 2488 5695 ταλανίζοντις,
2524 5618 2733 5688 ἐκείνην
2762 5620 2818 5678 δὲ
2871 5622 3028 5680 τίνων
3082 5626 3175 5682 οὐκ
3233 5621 3495 5690 ἀξιοῦντες
3555 5643 3744 5696 μακα-

2101 5716 2356 5790 ρισμῶν;
2412 5707 2476 5767 Ἠ
2517 5709 2570 5767 δὲ
2626 5712 2794 5792 ῥίπτει
2854 5715 2952 5790 μὲν
3011 5716 3204 5783 ἑαυτὴν
3253 5716 3324 5780 εἰς
3377 5713 3480 5794 γῆν
3511 5711 3605 5770 καῖ
3633 5717 3743 5770 τῶν
