4086 6392
295 349 450 420 1065
1441 348 1631 414 VITA
1674 343 1779 413 ss.
1826 349 2014 413 INDE
2054 347 2154 414 ET
2193 349 2502 416 DOMNIE.
3523 339 3679 420 1066

289 492 447 568 ἱερῶν
504 487 874 567 θυσιαστηρίου
938 484 1162 544 ἅπτεται
1233 484 1540 565 κιγκλίδων,
1605 483 1815 564 δακρύει
1886 484 1941 541 δὲ

2042 483 2131 546 Illa
2160 492 2356 546 autem
2409 483 2672 564 seipsam
2733 480 2977 563 quidem
3022 481 3169 562 jacit
3208 481 3402 562 humi,
3455 494 3514 550 et
3561 507 3681 552 arae

288 579 482 655 οὕτως,
516 581 591 644 ὡς
638 579 726 635 καὶ
755 577 876 640 τοὺς
925 579 1162 654 ὁρῶντας
1221 575 1295 640 εἷς
1345 575 1532 652 ὅμοιον
1561 579 1776 642 κινῆσαι
1827 575 1940 632 πᾶ-

2042 591 2226 636 sacros
2256 572 2441 652 tangit
2469 571 2792 647 cancellos,
2819 572 2922 634 ﬂet
2941 589 3084 635 vero
3116 579 3232 635 tam
3266 575 3676 656 vehementer,

288 673 380 732 θος
440 671 529 727 καὶ
580 667 814 744 δακρύων
872 667 1020 746 ῥοὰς,
1053 666 1208 736 κοινή
1258 687 1315 722 τε
1364 667 1496 744 πρὸς
1528 666 1659 722 Θεὸν
1715 665 1940 744 εὔχαρι-

2042 672 2086 723 ιι
2115 681 2222 725 eos
2252 663 2430 724 etiam
2483 662 2589 744 qui
2636 661 2942 738 videbant,
2991 662 3065 724 ad
3115 664 3373 726 similem
3409 675 3681 732 moveret

290 760 412 816 στία
468 761 530 815 ὲκ
559 756 772 836 καρδίας
827 761 1026 836 θερμῆς
1082 758 1304 833 γίνεται.
1367 754 1534 813 Ἀλλὰ
1588 755 1654 814 τὰ
1701 755 1801 831 μὲν
1841 760 1940 822 τῆς

2042 751 2398 814 tﬂ‘ectionem
2445 759 2505 812 et
2554 751 2774 813 fluenta
2822 752 3241 832 lacrymarum,
3288 754 3474 835 ﬁtque
3503 775 3675 819 com-

288 847 552 929 παρθένου
593 847 811 904 τοιαῦτα
841 848 930 903 καὶ
960 844 1125 912 οὕτως
1166 843 1389 926 ἔχοντα.

2042 841 2312 929 nunisad
2345 839 2534 904 Deum
2561 841 2883 929 gratiarum
2915 840 3070 903 actio
3103 850 3221 904 toto
3253 851 3521 924 pectore.
3553 845 3677 910 Sed

2021 928 2377 1006 itaquidem
2410 945 2476 990 se
2505 927 2808 990 habebant
2836 946 2935 991 res
2964 929 3230 1009 virginis.

2100 1015 2304 1082 XXIII.
2329 1016 2610 1098 Improbo
2622 1027 2820 1080 autem
2839 1017 3198 1082 Maximiano
3221 1021 3536 1102 oportebat
3565 1024 3677 1087 im-

287 1117 681 1192 δπηρετοῦντας
745 1113 846 1171 ἔδει
906 1116 1171 1194 πονηροὺς
1234 1119 1375 1172 εἶναι
1435 1117 1524 1172 καὶ
1581 1118 1682 1182 τῆς
1748 1111 1934 1187 αὒτῆς,

2042 1107 2244 1170 )robos
2265 1108 2439 1171 etiam
2458 1125 2593 1170 esse
2615 1107 2950 1183 ministros,
2973 1117 3033 1170 et
3052 1127 3122 1171 ex
3147 1110 3382 1190 eadem,
3399 1121 3464 1174 ut
3484 1114 3672 1192 aiunt,

289 1204 317 1261 ὅ
373 1189 527 1285 (ρασι,
573 1205 885 1284 κεραμείας.
948 1189 1098 1262 Ὅσοι
1161 1205 1334 1265 τοίνυν
1394 1203 1722 1279 Μαξιμιανὸν
1779 1206 1931 1262 εὗσε-

2042 1195 2243 1285 idelia.
2273 1197 2622 1278 Quicunque
2637 1215 2778 1276 ergo
2803 1198 2900 1277 pie
2922 1197 3108 1260 Deum
3131 1189 3396 1263 colentes
3413 1189 3680 1266 latebant

287 1282 503 1357 ϐοῦντες
559 1282 864 1369 ἐλάνθανον,
912 1293 1053 1350 οὗτοι
1102 1295 1338 1373 καθάπερ
1395 1295 1442 1351 οἱ
1497 1293 1768 1371 θηρατικοὶ
1827 1295 1933 1348 τῶν

2042 1284 2462 1367 daximianum,
2498 1285 2541 1346 ii
2575 1285 2713 1348 illos
2743 1305 2865 1347 non
2905 1305 3083 1350 secus
3113 1305 3182 1350 ac
3209 1290 3466 1353 venatici
3495 1311 3677 1356 canes

285 1383 459 1440 κυνῶν
501 1382 868 1462 ἀνιχνεύοντες
920 1383 1275 1458 κατεμήνυον.
1311 1381 1377 1441 Οἵ
1413 1403 1474 1462 γε
1505 1383 1595 1439 καὶ
1635 1380 1773 1438 κατὰ⁴
1806 1389 1930 1436 Δω-

2042 1376 2456 1454 nvestigantes,
2479 1374 2922 1454 signiﬁcabant.
2957 1375 3071 1448 Qui
3102 1377 3348 1456 quidem
3371 1381 3548 1443 etiam
3576 1382 3683 1444 ad.

273 1471 458 1550 ροθὲου
528 1474 619 1528 τὸν
675 1473 836 1529 αὐτοῦ
888 1474 1051 1548 θυμὸν
1119 1472 1448 1546 ἀνακαίουσι,
1510 1471 1779 1550 Δωροθέου
1837 1476 1929 1528 τοῦ

2042 1483 2226 1528 'ersus
2274 1465 2665 1546 Dorotbeum,
2718 1465 2822 1547 qui
2873 1466 3063 1545 gloria
3112 1467 3356 1548 quidem
3409 1478 3468 1532 et
3517 1471 3678 1547 civili

273 1562 376 1630 τὴν
435 1563 533 1637 μὲν
591 1559 742 1628 δόξαν
799 1562 885 1618 καὶ
943 1561 1046 1628 τὴν
1117 1560 1401 1630 πολιτικὴν
1447 1560 1593 1627 ἀξίαν
1650 1561 1933 1642 ἐπιφανοῦς

2042 1553 2310 1642 [ignitate
2358 1553 2637 1632 insignis,
2694 1562 2759 1615 ut
2801 1553 2904 1635 qui
2948 1556 3302 1636 praepositus
3366 1569 3681 1622 vocaretur

274 1653 660 1731 (πραιπόσιτον
714 1648 932 1708 Ἰταλῶν
991 1650 1204 1730 γλῶττα
1265 1652 1463 1718 ταύτην
1522 1649 1634 1708 οἶδε
1696 1641 1934 1730 καλεῖν),

2042 1643 2095 1705 th
2125 1641 2313 1725 Italis,
2347 1643 2566 1724 pietate
2596 1652 2796 1706 autem
2843 1653 2971 1706 erat
3015 1645 3332 1725 insignior.
3373 1648 3681 1712 Adversus

275 1739 692 1821 ἑπιφανεστέρου
750 1737 805 1796 δὲ
861 1740 959 1808 τὴν
1018 1738 1308 1798 εὐσέϐειαν.
1373 1740 1519 1798 Κατὰ
1571 1739 1758 1796 τούτου
1813 1745 1938 1817 γοῦν

2042 1751 2158 1795 sum
2191 1751 2357 1812 ergo,
2391 1741 2448 1794 et
2479 1732 2876 1808 Mardonium,
2928 1741 2987 1796 et
3014 1735 3422 1815 Mygdonium,
3457 1747 3538 1816 et,
3574 1739 3680 1820 qui

275 1831 366 1885 καὶ
430 1828 718 1908 Μαρδονίου
777 1829 864 1885 καὶ
923 1826 1217 1908 Μυγδονίου
1269 1830 1356 1886 καὶ
1409 1835 1502 1885 τοῦ
1557 1827 1940 1907 προῤῥηθέντος

2042 1821 2190 1914 prius
2216 1823 2558 1914 dictusest,
2591 1821 2827 1899 Indem,
2875 1829 2936 1914 et
2989 1823 3279 1903 quosdam
3330 1825 3502 1902 alios,
3557 1829 3680 1891 ﬁde

274 1917 456 1977 ’Ἰνδοῦ
496 1921 584 1976 καὶ
641 1917 820 1974 ἄλλων
874 1915 938 1986 δή
992 1940 1152 1975 τινων
1192 1919 1529 1998 θερμοτάτων
1574 1918 1672 1993 μὲν
1715 1918 1814 1986 τὴν
1863 1918 1936 1981 εἷς

2042 1911 2266 1992 μιίόθηι
2299 1912 2360 1973 in
2379 1910 2678 1974 Christum
2701 1911 3052 1987 acerrimos,
3080 1914 3458 1992 imperatoris
3478 1923 3677 1979 autem

276 2010 508 2087 Χριστὸν
585 2011 785 2088 πίστιν,
849 2005 1216 2087 περιϐλέπτων
1273 2006 1328 2064 δὲ
1409 2008 1508 2076 τὴν
1569 2009 1640 2071 εἰς
1714 2005 1938 2084 βασιλέα

2042 2019 2249 2063 tenore
2281 2001 2500 2079 claros,
2531 2001 2859 2063 immittunt
2903 2001 3025 2063 tela
3073 2001 3413 2068 calumniae.
3445 2003 3520 2066 Hi
3551 2005 3678 2070 sci-

271 2099 468 2175 τιμήν,
529 2097 662 2174 βέλη
708 2095 964 2165 διαϐολῆς
1021 2098 1348 2172 πέμπουσιν⁶
1415 2095 1557 2153 οὗτοι
1612 2094 1818 2164 δηλαδὴ
1859 2097 1934 2151 ὧν

2042 2091 2183 2166 icet,
2216 2109 2470 2172 quorum
2503 2090 2717 2153 dentes
2760 2109 2928 2153 arma
2956 2100 3015 2154 et
3056 2092 3303 2171 sagittae,
3337 2102 3398 2156 et
3441 2094 3674 2176 lingua,

275 2192 326 2246 oi
385 2186 595 2251 ὀδόντες
653 2185 793 2244 ὅπλα
850 2189 939 2244 καὶ
969 2185 1128 2261 βέλη,
1165 2189 1250 2244 καὶ
1308 2188 1342 2255 ἡ
1400 2185 1644 2264 γλῶσσα,
1676 2187 1812 2242 κατὰ
1869 2186 1933 2241 τὰ

2042 2189 2079 2242 tt
2109 2181 2302 2242 dicam
2336 2199 2472 2244 cum
2505 2197 2680 2244 sacra
2721 2179 3032 2262 Scriptura
3069 2181 3124 2258 6,
3168 2182 3401 2261 gladius
3439 2194 3676 2264 acutus,

273 2278 398 2356 ἱερὰ
439 2281 596 2357 φάναι
654 2275 836 2355 λόγια,
869 2277 1116 2356 μάχαιρα
1167 2276 1339 2342 ὀξεῖα,
1375 2279 1432 2334 Εἰ
1480 2274 1702 2351 παῖδας,
1737 2275 1932 2354 λέγον-

2042 2269 2293 2333 licentes
2326 2290 2342 2333 :
2377 2269 2442 2332 Si
2469 2287 2696 2348 servos,
2751 2289 2788 2332 o
2830 2271 3180 2352 imperator,
3225 2279 3286 2334 et
3333 2291 3438 2335 eos
3483 2276 3583 2355 qui
3613 2275 3679 2337 in

282 2389 399 2447 τες,
444 2369 487 2420 ὦ
529 2365 772 2443 βασιλεῦ,
802 2369 890 2423 καὶ
933 2367 1149 2432 τούτους
1189 2371 1461 2430 οἰκοῦντας
1517 2365 1572 2422 ἐν
1603 2378 1720 2428 τοῖς
1775 2367 1933 2442 βασι-

2044 2379 2120 2421 ua
2146 2360 2310 2440 regia
2337 2359 2628 2436 habitant,
2663 2368 2722 2423 et
2747 2368 2886 2422 sunt
2917 2361 3025 2421 tibi
3051 2361 3334 2441 subjecti,
3365 2381 3486 2424 non
3511 2373 3678 2444 potes

289 2455 452 2520 λείοις
496 2469 614 2521 τοϊς
645 2469 762 2521 σοῖς
814 2458 900 2513 καὶ
928 2463 1034 2512 τῶν
1085 2457 1193 2514 σῶν
1223 2455 1378 2520 ὄντας
1408 2455 1661 2523 ὑπηκόων
1709 2455 1938 2512 ὕποτάτο

2042 2450 2367 2529 ιιιίῄυεοτθ,
2401 2468 2509 2514 cur
2537 2449 2674 2512 aliis
2699 2453 2936 2512 conaris
2964 2450 3356 2531 persuadere,
3383 2453 3681 2517 inutiliter

285 2566 401 2601 τειν
454 2542 752 2621 ἀδυνατετς,
784 2547 834 2601 τί
863 2543 928 2613 δὴ
975 2547 1062 2602 καὶ
1092 2545 1213 2609 τοὺς
1259 2543 1452 2607 ἄλλους
1484 2547 1684 2600 πειθειν
1715 2544 1941 2623 ἆπιχει-

2042 2540 2326 2616 aborans,
2359 2548 2418 2602 et
2461 2539 2681 2602 frustra
2728 2548 2787 2601 te
2834 2539 3160 2602 crucians?
3211 2539 3256 2603 Ii
3309 2543 3468 2603 enim
3521 2560 3679 2622 aegre

282 2646 426 2715 ρεῖς,
506 2634 737 2705 ἀνήνυτα
807 2635 1024 2711 κάμνων
1081 2637 1168 2691 καὶ
1241 2635 1479 2710 ματαίως
1535 2634 1940 2711 ταλαιπωρῶν;

2042 2630 2332 2691 Jotuerint
2359 2628 2582 2692 abduci
2628 2647 2663 2690 a
2711 2628 3010 2706 dogmate,
3066 2629 3203 2691 illos
3253 2629 3526 2692 videntes
3567 2651 3677 2694 nos

280 2723 480 2804 Σχολῇ
548 2725 648 2803 γὰρ
710 2722 774 2779 ἂν
836 2727 977 2781 οῦτοι
1037 2727 1445 2800 μεταπεισθεϊεν
1501 2731 1594 2781 τοῦ
1652 2722 1937 2801 δόγματος,

2042 2718 2286 2780 suaviter
2315 2719 2659 2793 irridentes,
2693 2728 2753 2781 et
2785 2721 2870 2780 tui
2900 2719 3216 2781 tribunalis
3262 2720 3677 2784 austeritatem

281 2814 515 2880 ἐκείνους
585 2816 812 2892 ὁρῶντες
857 2812 1028 2881 ἡδέως
1095 2816 1251 2888 ἡμῶν
1323 2812 1806 2888 καταμοκωμένους
1857 2815 1942 2869 καὶ

2042 2808 2199 2868 iihili
2245 2809 2558 2870 facientes.
2607 2808 2756 2870 Vide
2811 2809 3003 2884 enim,
3055 2827 3367 2890 quousque
3404 2811 3680 2891 procedit

281 2903 412 2983 παρ’
471 2903 616 2962 οῦδὲν
645 2906 705 2960 τὸ
753 2905 1016 2981 αὐστηρὸν
1044 2905 1135 2960 τοῦ
1182 2910 1276 2961 σοῦ
1308 2905 1546 2979 βήματος
1604 2902 1935 2978 τιθεμένους.

2042 2914 2232 2959 eorum
2281 2905 2684 2978 contemptus.
2731 2895 2864 2959 Non
2895 2899 3094 2960 solum
3124 2897 3240 2978 ipsi
3284 2908 3680 2962 contemnunt

281 2997 420 3072 Ὅρα
473 2994 573 3071 γὰρ
617 2993 692 3058 εἷς
762 2991 883 3050 ὅσον
941 2995 978 3062 ἡ
1049 2992 1449 3072 περιφρόνησιςο
1513 2991 1596 3050 ὅτι
1651 2995 1728 3066 μὴ
1778 2993 1938 3069 μόνον

2042 2985 2318 3049 :ontraria
2345 2987 2697 3062 sentientes,
2730 2985 2838 3048 sed
2869 2986 3004 3048 aliis
3031 3006 3297 3069 quoque,
3331 2989 3434 3069 qni
3464 2989 3674 3065 latent,

283 3081 676 3148 ἀντιδοξοῦντες
783 3083 928 3140 αὐτοὶ
1032 3081 1480 3162 κατολιγωροῦσιν
1510 3127 1528 3160 ,
1614 3081 1752 3140 ἀλλά
1850 3083 1938 3140 καὶ

2042 3076 2121 3158 [ui
2152 3078 2360 3139 eadem
2392 3095 2522 3160 quas
2552 3077 2667 3157 ipsi
2699 3076 2988 3150 sentiunt,
3030 3086 3090 3140 et
3120 3078 3404 3140 alimenta
3447 3097 3676 3160 suppe-

284 3171 471 3237 ἐὶλλοις
535 3172 1030 3253 ἀποκρυπτομένοις
1093 3177 1199 3232 τῶν
1274 3171 1542 3247 ὁμοδόξων
1613 3173 1808 3251 τροφάς
1879 3193 1935 3229 τε

2042 3167 2232 3243 litant,
2268 3174 2327 3229 et
2354 3168 2427 3228 ad
2461 3167 2795 3230 certamina
2827 3175 3035 3248 parant
3069 3176 3126 3230 et
3157 3169 3489 3232 instruunt.
3517 3168 3676 3242 Quin

287 3261 613 3343 παρέχουσι,
678 3233 782 3319 ικαὶ
846 3233 990 3340 ’πρὸς
1075 3263 1197 3326 τοὺς
1267 3233 1532 3325 κίνδύνους
1608 3233 1932 3340 ἀλείέρουσιν·

2042 3233 2477 3319 ιιίειῐηίηἱιιιιοι
2504 3257 2735 3320 litteras
2766 3233 2844 3319 ad
2886 3275 2988 3318 eos
3037 3259 3139 3336 qui
3192 3258 3397 3339 procul
3429 3233 3674 3334 distant,

289 3353 351 3410 οὗ
381 3352 481 3428 μὲν
524 3352 660 3408 ἀλλὰ
691 3354 777 3409 καὶ
820 3364 940 3417 τοῖς
971 3350 1158 3428 πολλῷ
1206 3351 1450 3410 διεστῶσι
1479 3352 1769 3432 γράμματα
1817 3349 1938 3408 δια-

2042 3345 2202 3408 :imnl
2227 3356 2286 3408 et
2319 3365 2420 3408 eos
2451 3349 2884 3410 conﬁrmantes
2917 3346 2978 3408 in
3011 3349 3328 3420 sententia,
3365 3357 3426 3410 et
3453 3348 3677 3412 exhor-

287 3443 616 3518 πέμπουσιν,
669 3442 781 3519 ἅμα
833 3463 890 3499 τε
947 3443 1048 3510 τὴν
1104 3440 1255 3509 δόξαν
1317 3442 1504 3506 αὐτοῖς
1566 3442 1939 3522 ὲπιρρωνύντες

2042 3445 2217 3500 .antes
2247 3436 2324 3499 ad
2355 3439 2780 3502 constantiam.
2833 3435 2906 3500 Et
2953 3438 3176 3520 alioqui
3231 3438 3520 3521 quidquid
3563 3439 3678 3502 ad-

360 3534 374 3569 }
651 3530 682 3588 λ
717 3539 740 3549 ο
995 3533 1022 3588 ὸ
1110 3531 1134 3553 Ἰ
1411 3531 1438 3554 ,Ι
1774 3531 1815 3552 N‘
1923 3533 1936 3549 ι

284 3553 376 3589 κα.
435 3553 646 3609 παρακα
685 3553 864 3595 ουντες
920 3553 992 3610 πρ
1027 3555 1051 3597 ς
1111 3553 1373 3595 ενστασιν,
1441 3530 1630 3596 Λλλως
1661 3553 1717 3588 τε
1768 3549 1824 3588 οε
1853 3553 1940 3588 και

2042 3545 2231 3589 tersus
2278 3528 2464 3607 ipsos,
2527 3535 2586 3590 et
2641 3545 2819 3609 quam
2869 3528 3096 3591 habent
3150 3529 3532 3609 religionem,
3580 3538 3683 3594 tua

287 3622 318 3678 ὃ
349 3622 414 3678 ἂν
442 3621 559 3678 κατ’
612 3623 784 3682 αὐτῶν
842 3642 900 3678 τε
931 3625 1018 3679 καὶ
1067 3623 1136 3689 ἦς
1184 3620 1402 3703 ἔχονται
1431 3623 1712 3702 θρησκείας
1755 3623 1817 3678 τὸ
1846 3622 1937 3678 σὸν

2042 3617 2445 3696 excogitaverit
2475 3619 2767 3698 potentia,
2799 3616 2856 3681 id
2889 3619 3097 3682 statim
3130 3636 3240 3700 per
3267 3619 3406 3683 illos
3431 3618 3506 3682 ab
3531 3618 3681 3701 ipsis

285 3711 486 3789 κράτος
541 3709 869 3790 ἐπινοήσειε,
909 3719 1064 3771 τοῦτο
1121 3713 1344 3778 ἐκείνοις
1385 3714 1699 3795 κατάφωρον
1728 3708 1796 3768 δι’
1840 3712 1941 3768 αὐ-

2042 3707 2520 3788 ieprebenditur.

289 3808 397 3859 τῶν
430 3802 575 3865 εὐθὺς
604 3802 830 3881 γίνεται.

377 3891 534 3952 ΚΔ¹’.
601 3889 840 3973 Ἀνήφθη
871 3894 1001 3973 πρὸς
1052 3893 1214 3974 ὀργὴν
1245 3891 1478 3952 ἐντεῦθεν
1527 3895 1555 3950 ὁ
1587 3891 1940 3968 Μαξιμιᾶνδς,

288 3985 382 4040 καὶ
451 3985 639 4040 θᾶττον
685 3982 721 4052 ἢ
779 3982 940 4062 λόγος
999 3983 1336 4062 παραστῆναι
1394 3986 1535 4059 αύτῷ
1591 3985 1710 4049 τοὺς
1766 3983 1944 4063 ἀγίους

288 4071 526 4131 ἐκέλευε.
608 4073 705 4130 Καὶ
761 4074 810 4129 οἱ
865 4073 962 4150 μὲν
1033 4074 1396 4154 παρέστησαν,
1458 4071 1604 4130 οῦδὲν
1680 4073 1945 4137 δείσαντες

373 1025 501 1086 Kl".
577 1023 894 1100 Μαξιμιανῷ
949 1021 1006 1081 δὲ
1075 1024 1176 1104 ἄρα
1230 1031 1308 1099 τῷ
1377 1031 1596 1104 πονηρῷ
1652 1025 1748 1081 καί
1816 1021 1938 1087 τοὺς

2106 3885 2314 3951 XXIV.
2347 3885 2471 3950 Illis
2498 3886 2606 3949 fuit
2633 3885 2707 3949 ad
2735 3886 2887 3949 iram
2917 3905 3214 3952 accensus
3261 3885 3678 3967 Maximianus,

2026 3985 2086 4039 et
2109 3977 2269 4040 dicto
2293 3976 2467 4039 citius
2481 3977 2666 4057 jussit
2695 3986 2935 4040 sanctos
2963 3981 3038 4040 ad
3071 3996 3138 4040 se
3163 3978 3404 4041 adduci.
3428 3976 3506 4041 Et
3527 3978 3680 4042 ade-

2026 4076 2160 4129 rant
2191 4065 2431 4148 quidem
2461 4067 2542 4128 illi
2578 4067 2724 4128 nihil
2758 4067 3064 4143 timentes,
3103 4085 3300 4150 neque
3332 4067 3520 4130 ullum
3551 4067 3681 4130 for-

289 4159 412 4220 οὖδὲ
462 4160 626 4241 ’ίχνος
670 4183 719 4218 τι
762 4161 926 4243 φόϐου
955 4176 1072 4228 τοῖς
1128 4163 1434 4242 προσώποις
1487 4163 1943 4239 ἐπισημήναντες,

294 4243 355 4309 Ὀ
386 4249 442 4307 δὲ
485 4249 799 4330 δριμύτατον
843 4251 1115 4330 ἐμϐλέψας
1165 4257 1372 4326 αὐτοῖς,
1427 4263 1469 4307 Ω
1519 4255 1747 4312 κάκιστα
1803 4254 1944 4310 ἀπο-

293 4341 568 4416 λούμενοι,
610 4340 735 4422 ἔφη,
787 4341 834 4398 ὦ
893 4343 1108 4401 πάντων
1157 4341 1444 4422 ἀνθρώπων
1504 4342 1942 4424 ἀχαριστότατοι,

290 4431 344 4488 τί
403 4429 601 4500 δήποτε
629 4433 893 4500 τοσαύτης
925 4432 1052 4512 παρ’
1092 4435 1226 4509 ἡμῖν
1268 4433 1630 4498 ἀπολαύοντες
1662 4434 1759 4502 τῆς
1820 4433 1945 4490 ἐπι-

2027 4158 2271 4218 midinis
2287 4157 2601 4237 vestigium
2622 4157 2782 4220 vultu
2810 4176 2932 4238 prae
2953 4176 3019 4219 se
3037 4158 3328 4220 ferentes.
3349 4156 3459 4221 Ille
3480 4167 3680 4220 autem

2029 4250 2210 4309 torvis
2240 4247 2401 4327 ipsos
2429 4246 2618 4309 oculis
2647 4245 2907 4325 intuens,
2963 4246 3010 4309 Ο
3063 4246 3322 4328 pessime
3361 4246 3679 4329 perdendi,

2027 4336 2240 4417 inquit,
2275 4336 2546 4398 omnium
2594 4335 2904 4399 hominum
2953 4337 3368 4417 ingratissimi,
3405 4355 3513 4400 cur
3540 4345 3681 4399 tan-

2032 4434 2146 4488 tam
2170 4445 2204 4487 a
2230 4425 2402 4488 nobis
2423 4426 2624 4507 adepti
2644 4426 2998 4502 claritatem,
3025 4436 3086 4489 et
3109 4427 3222 4488 soli
3246 4426 3683 4509 propemodum

292 4521 513 4602 φανείας
582 4525 668 4579 καὶ
745 4529 934 4601 μικροῦ
1011 4524 1166 4598 μόνοι
1242 4523 1307 4582 τὰ
1383 4522 1629 4600 βασίλεια
1699 4524 1944 4603 σκῆπτρα

2042 4517 2284 4597 sceptris
2307 4516 2569 4596 prmiecti
2593 4517 3147 4597 imperatoriis,tam
3170 4515 3687 4598 malideprehensi

291 4611 704 4688 πεπιστευμένοι
760 4612 897 4672 οὕτω
939 4614 1099 4671 κακοὶ
1152 4613 1270 4693 περὶ
1324 4615 1416 4670 τὸν
1459 4613 1740 4694 εῦεργέτην
1771 4612 1942 4692 ἠλέγ-

2042 4593 2176 4670 estis
2205 4607 2266 4667 in
2292 4593 2741 4669 benefactorem
2772 4623 2786 4670 :
2835 4609 2933 4688 qui
2968 4626 3073 4688 pro
3122 4607 3326 4669 multis
3370 4593 3590 4671 nostris
3621 4606 3686 4668 in

294 4704 521 4783 χθητες
583 4702 638 4759 οἵ
697 4725 759 4782 γε
816 4702 931 4759 ἀντὶ
1004 4700 1218 4759 πολλῶν
1274 4703 1419 4777 ἡμᾶς
1460 4709 1567 4760 τῶν
1635 4703 1945 4781 εὐεργεσιῶν

294 4791 442 4857 οἵαις
515 4789 792 4869 ἀμείϐεσθε
879 4791 1088 4860 Ἰησοῦν
1141 4813 1259 4848 τινα
1317 4790 1541 4870 βασιλέα
1606 4793 1818 4857 ἑαυτοῖς
1889 4813 1949 4849 τε

295 4881 681 4962 ἐπιγράφοντες
759 4883 850 4940 καὶ
932 4895 1052 4947 τοῖς
1123 4880 1303 4948 ἄλλοις
1385 4881 1792 4962 ἐπιφημίζοντες
1862 4883 1952 4940 καὶ

293 4971 420 5037 τοὺς
461 4973 732 5050 ἡγεμόνας
790 4973 890 5042 τῆς
927 4976 1119 5041 καινῆς
1175 4973 1374 5040 ταύτης
1433 4974 1713 5050 θρησκείας
1757 4967 1950 5049 ἐπιμε-

2029 4713 2135 4758 vos
2149 4697 2463 4758 beneﬁciis
2481 4697 2717 4779 qualem
2733 4697 2974 4759 refertis
2984 4698 3295 4777 gratiam,J
3301 4715 3466 4761 esum
3480 4714 3689 4776 quem-

2031 4787 2166 4848 dam
2201 4785 2368 4848 vobis
2407 4795 2466 4849 et
2491 4787 2622 4848 aliis
2652 4805 2856 4866 regem
2887 4787 3194 4850 ascribere
3222 4787 3598 4864 dictitantes,
3631 4793 3694 4849 et

2035 4894 2205 4938 novae
2228 4875 2409 4956 hujus
2437 4877 2750 4955 religionis
2779 4877 2964 4940 duces
2991 4877 3199 4940 sedulo
3217 4877 3508 4952 celantes,
3525 4885 3586 4938 et
3601 4875 3690 4938 eis

2037 4965 2201 5029 omni
2245 4965 2445 5028 studio
2477 4965 2888 5048 providentes,
2942 4984 3167 5048 eosque
3209 4967 3502 5044 foventes,
3534 4983 3688 5047 quos

296 5060 409 5124 λῶς
464 5063 811 5140 κρύπτοντες,
871 5064 1120 5143 προνοίας
1193 5082 1250 5118 τε
1314 5063 1493 5130 πάσης
1551 5061 1814 5128 ἀξιοῦντες
1867 5064 1944 5119 καῖ

2042 5056 2306 5119 funditus
2328 5057 2602 5133 interire,
2631 5064 2692 5118 et
2719 5074 2795 5118 ne
2827 5074 3048 5118 nomen
3073 5055 3320 5134 quidem
3347 5075 3558 5120 eorum
3587 5073 3690 5120 re-

296 5150 739 5231 περιθάλποντες,
797 5154 885 5216 οὓς
930 5151 1141 5219 ἐξώλεις
1197 5151 1307 5232 ἑγὼ
1359 5152 1535 5228 θέσθαι
1593 5154 1680 5210 καὶ
1750 5152 1944 5210 ἀνωνύ-

2042 5165 2303 5222 manere,
2340 5146 2608 5227 reputavi
2639 5165 2774 5208 esse
2806 5146 3287 5227 pulcherrimum
3317 5155 3378 5210 et
3427 5146 3692 5229 primum

296 5262 436 5318 μους
491 5243 554 5298 τὸ
608 5240 898 5299 κάλλιστόν
953 5261 1013 5299 τε
1046 5241 1158 5321 -καὶ
1191 5248 1403 5321 πρῶτον
1445 5241 1552 5298 τῶν
1612 5242 1754 5318 ἐμῶν
1812 5255 1944 5299 εἶναι

2042 5255 2310 5299 meorum
2345 5244 2704 5318 tropaeorum
2729 5235 2760 5296 ‘I
2805 5239 2898 5298 An
2946 5255 3068 5299 non
3099 5237 3232 5300 haec
3276 5245 3416 5300 sunt
3439 5254 3599 5313 vera,
3634 5243 3698 5297 et

294 5317 567 5411 τροπαίων
619 5331 977 5412 ἐλογισάμην,
1045 5317 1113 5388 "II
1169 5317 1245 5389 0'5-
1286 5339 1454 5390 ταῦτα
1534 5317 1734 5410 ἀληθῆ,
1787 5332 1824 5403 ἢ
1894 5334 1944 5390 οἰ

2042 5347 2168 5410 quae
2198 5326 2369 5390 factis
2399 5317 2587 5406 magis
2615 5337 3156 5410 arguuntur,quam
3189 5328 3388 5392 verbis
3407 5333 3436 5391 τ
3462 5326 3553 5390 Illi
3581 5343 3695 5389 au-

297 5422 519 5485 πάντως
569 5421 736 5488 οὕτως
769 5421 888 5504 ἔχει
940 5423 1028 5480 καὶ
1058 5429 1150 5481 τοῦ
1185 5419 1347 5500 λόγου
1378 5423 1582 5500 μᾶλλον
1632 5436 1752 5483 τοῖς
1780 5425 1944 5503 πράγε

2042 5428 2162 5482 tem
2187 5429 2466 5499 tanquam
2483 5417 2794 5480 latrantem
2809 5437 3021 5481 canem
3037 5436 3115 5481 ne
3143 5419 3435 5482 tantillum
3450 5415 3696 5499 quidem

297 5533 467 5589 μασιν
504 5530 522 5588 ;
567 5513 626 5572 Οἱ
658 5510 714 5570 δὲ
761 5514 916 5577 κυνὸς
947 5512 1126 5592 ὥσπερ
1168 5511 1516 5580 ὑλακτοῦντος
1546 5512 1685 5588 μηδὲ
1728 5516 1944 5593 μετρίως

2042 5519 2337 5587 curantes,
2364 5525 2560 5588 neque
2583 5509 3001 5573 existimantes
3025 5527 3159 5573 esse
3182 5519 3426 5591 tempus
3443 5523 3694 5588 respon-

390 5674 424 5727 ϐ
451 5674 610 5741 Psal.
641 5690 760 5755 Lvr,
797 5673 858 5753 5,

758 5803 1020 5868 PATROL.
1068 5803 1184 5870 Gn.
1228 5803 1440 5871 CXVI.

3221 5795 3296 5861 34
