4086 6410
466 344 618 420 1067

1623 347 2014 412 ΑΒΒΕΝΟΑ.
2082 378 2163 394 -
2231 346 2662 411 DECEMBER.

3677 336 3843 406 1068

465 490 679 567 sionis,
714 492 1009 553 steterunt
1045 483 1314 548 silentes.
1349 480 1741 543 Maximianus
1772 499 1933 555 vero,
1968 500 2101 544 cum

2193 484 2623 563 intotpscpdpsvm
2710 481 2849 559 μηδὲ
2934 481 3043 557 μήν
3118 481 3449 558 ἀποκρίσεως
3521 483 3673 567 εἶναι.
3750 481 3843 536 τὸν

466 580 709 644 silentio
740 578 926 657 magis
969 582 1129 637 esset
1177 573 1308 653 ejus
1359 571 1632 634 irritatus
1660 569 1919 631 animus.
1954 571 2106 646 Non,

467 688 576 753 per
604 669 750 731 deos
790 662 1177 735 immortales,
1214 660 1430 753 inquit,
1463 678 1583 753 non
1609 659 1796 753 _vob_is
1845 677 2105 753 parcam,

462 748 570 824 sed
601 777 735 821 cum
768 772 947 818 omne
991 769 1179 830 genus
1224 749 1500 832 supplicii
1527 748 1701 811 vobis
1732 749 2014 823 intulere,
2050 758 2110 810 et

466 864 680 910 carnes
707 858 1160 922 consumpsere,
1213 847 1273 901 et
1320 857 1453 900 ossa
1488 842 1845 912 contrivero,
1884 848 1941 899 et
1970 839 2107 917 igne

464 937 872 1007 combussero,
906 928 1242 1010 relinquam
1275 927 1630 1007 insepultos,
1679 946 1710 988 a
1763 926 2013 988 canibus
2048 934 2108 988 et

463 1024 665 1087 avibus
718 1019 1151 1093 comedendos,
1211 1026 1271 1079 et
1317 1035 1421 1078 vos
1471 1017 1634 1097 ipsos
1685 1017 1941 1097 puniens
1997 1034 2105 1095 pro

463 1114 711 1186 meritis,
749 1119 809 1172 et
836 1107 968 1171 aliis
998 1116 1223 1170 metum
1255 1105 1578 1182 incutiens,
1612 1124 1689 1168 ne
1718 1105 1861 1166 talia
1891 1122 2101 1184 aggre-

457 1202 721 1266 diantur.

540 1380 719 1444 XXV.
752 1376 878 1440 Nec
906 1375 1035 1437 haec
1065 1371 1309 1453 quidem
1339 1371 1561 1434 sanctis
1590 1374 1868 1434 timorem
1901 1371 2107 1433 attule-

458 1477 621 1545 runt,
656 1468 762 1531 sed
793 1464 989 1527 statim
1020 1472 1080 1524 et
1108 1462 1323 1523 solutis
1350 1461 1541 1537 zonis,
1587 1470 1647 1523 et
1694 1461 2106 1541 chlamydibus

460 1559 679 1633 exutis,
704 1554 937 1618 stabant
969 1550 1154 1632 parati
1178 1549 1250 1611 ad
1275 1567 1515 1612 cursum
1540 1550 1827 1630 martyrii,
1858 1570 1977 1611 uno
2001 1568 2107 1612 ore

461 1661 520 1714 et
550 1649 751 1711 animo
781 1661 848 1705 se
875 1659 1010 1704 esse
1038 1640 1410 1703 Christianos
1434 1648 1489 1701 et
1523 1638 1742 1702 Christi
1758 1658 1973 1702 servos
1994 1658 2103 1701 au-

460 1739 666 1801 dacter
697 1731 1098 1797 nominantes.
1128 1726 1355 1788 Deinde
1376 1727 1553 1788 etiam
1573 1728 1926 1791 Maximiano
1953 1748 1965 1790 :
1991 1730 2107 1792 No-

2191 576 2374 649 καιρὸν
2449 574 2762 649 ἡγούμενοι,
2857 578 3154 633 σιωτῶντες
3238 571 3575 638 εἷστήωσαν,
3658 559 3717 626 Ὀ
3787 567 3842 624 δὲ

2193 661 2517 736 Μαξιμιανὸς
2606 660 2700 717 καί
2786 661 2863 717 ἔτι
2948 662 3047 727 τὴν
3118 661 3329 726 σιωπὴν
3402 656 3693 737 παράθηξιν
3753 665 3848 714 τοῦ

2189 753 2357 825 θυμοῦ
2401 750 2649 820 θέμενος.
2698 755 2770 810 Οὗ
2829 751 2905 813 μὰ
2964 751 3084 814 τοὺς
3137 749 3450 827 ἀθανάτους,
3498 747 3622 828 ἔφη,
3668 747 3843 819 θεοὺς,

2191 840 2250 894 οὒ
2298 838 2473 919 φειδοῖ
2530 842 2810 918 χρήσομαι
2844 839 2963 896 καθ’
3020 841 3193 915 ὑμῶν,
3226 837 3364 893 ἀλλά
3414 842 3516 893 πᾶν
3568 834 3714 901 εἶδος
3746 859 3846 893 κο-

2190 928 2491 1007 λαστηρίων
2553 929 2841 1006 ἐπαγαγὼν
2886 931 3084 1006 σάρκας
3128 949 3185 984 τε
3232 926 3540 995 δαπανήσας
3589 927 3675 983 καὶ
3717 928 3850 983 ὀστᾶ

2190 1021 2472 1096 συντρίψας
2518 1020 2608 1077 καὶ
2659 1020 2781 1095 πυρὶ
2840 1018 3031 1098 φλέξας
3063 1018 3292 1096 ἀτάφους
3347 1019 3466 1072 κυσὶ
3513 1016 3602 1072 καὶ
3647 1017 3848 1095 ὀρνέοις

2191 1106 2406 1165 ἐκδώσω
2464 1108 2646 1187 βορὰν,
2686 1108 2874 1169 αὐτούς
2936 1129 2994 1163 τε
3049 1109 3187 1183 ὑμᾶς
3249 1105 3403 1172 ἀξίως
3464 1104 3702 1177 κολάζων
3760 1105 3849 1163 καὶ

2187 1212 2309 1262 τοῖς
2351 1194 2534 1262 ἄλλοις
2580 1195 2744 1277 φόϐον
2797 1196 3047 1271 ἐμάλλων
3106 1202 3197 1252 τοῦ
3248 1196 3327 1271 μή
3378 1208 3497 1260 τοῖς
3528 1192 3665 1257 ἴσοις
3720 1193 3845 1251 ἐπι-

2194 1308 2263 1367 χε
2274 1288 2432 1363 ίρεῖν.

2270 1374 2375 1432 ΚΕ¹
2390 1416 2403 1432 .
2434 1373 2562 1433 Οὒδὲ
2594 1382 2759 1432 ταῦτα
2813 1387 2932 1437 τοῖς
2963 1373 3135 1449 ἀγίοις
3167 1372 3241 1437 εἰς
3284 1369 3467 1451 φόϐον
3514 1370 3635 1429 ἀλλ’
3698 1373 3844 1436 εὒθὺς

2187 1463 2284 1520 καῖ
2338 1464 2509 1535 ζώνας
2542 1463 2795 1529 λύσαντες
2838 1464 2926 1520 καὶ
2974 1461 3229 1543 χλανίδας
3283 1461 3674 1543 ἀποδυσάμενοι
3713 1465 3845 1543 πρὸς

2189 1552 2280 1608 τὸν
2336 1561 2431 1611 τοῦ
2493 1554 2775 1632 μαρτυρίου
2832 1552 3021 1631 δρόμον
3085 1552 3313 1617 ἔστησαν
3389 1552 3687 1629 εὐτρεπεῖς,
3749 1558 3846 1628 μιᾷ

2190 1643 2277 1698 καὶ
2325 1647 2481 1720 ψυχῇ
2525 1645 2614 1699 καὶ
2655 1642 2874 1721 γλώττῃ
2935 1642 3287 1720 Χριστιανοξις
3329 1643 3547 1708 ἑαυτοὺς
3590 1646 3676 1700 καὶ
3708 1650 3842 1722 Χρι-

2190 1731 2317 1787 στοῦ
2365 1729 2577 1795 δούλους
2639 1732 2903 1808 εὐθαρσῶς
2964 1731 3335 1805 ὀνομάζοντες.
3403 1732 3541 1788 Εἶτα
3571 1735 3657 1788 καὶ
3716 1735 3848 1809 πρὸς

462 1826 579 1900 bis,
604 1844 639 1887 ο
662 1832 935 1904 tyranne,
968 1818 1269 1890 dixerunt,
1298 1815 1560 1878 honores
1589 1818 1699 1892 tui,
1738 1825 1797 1878 et
1828 1836 1994 1879 vanae
2016 1819 2106 1881 hte

2193 1821 2282 1875 τὸν
2368 1819 2719 1899 Μαξιμιανὸν⁷
2805 1810 2986 1894 Ἠμῖν,
3046 1822 3093 1875 ὦ
3176 1821 3417 1900 τύραννε,
3491 1821 3674 1889 εἶπον,
3746 1825 3846 1886 τῆς

462 1914 785 1995 dignitates
802 1927 880 1971 ne
899 1905 1463 1995 tantillumgquidem
1484 1924 1753 1995 unquam
1785 1926 1948 1969 curae
1970 1908 2108 1969 rue-

460 1992 624 2069 runt.
654 1999 807 2074 Quid
829 1998 986 2060 enim
1014 2013 1166 2075 opus
1189 1992 1370 2055 luerit
1393 1994 1491 2056 tali
1519 1994 1769 2070 honore,
1797 1997 1904 2075 qui
1931 2014 1963 2056 a
1986 1998 2108 2058 Deo

461 2094 837 2173 disjungens,
872 2093 963 2149 est
991 2084 1346 2147 redacturus
1391 2083 1452 2144 in
1497 2085 1845 2146 servitutem
1880 2084 2109 2147 daemo-

464 2201 611 2245 num
634 2187 663 2244 ?
692 2178 842 2242 Sunt
867 2174 1029 2237 enim
1055 2173 1193 2235 talia
1206 2180 1402 2235 vestra
1422 2173 1747 2251 impiorum
1773 2175 1951 2246 dona,
1977 2193 2112 2251 quae

458 2272 780 2351 fugientes,
814 2272 1038 2329 tantum
1071 2262 1243 2324 abest
1270 2270 1335 2324 ut
1366 2271 1818 2343 persequentes,
1854 2282 1973 2325 non
2004 2283 2106 2325 so-

464 2362 594 2423 lum
613 2359 685 2420 iis
706 2354 1119 2427 tibicedimus,
1135 2352 1239 2414 sed
1266 2352 1443 2413 etiam
1467 2351 1597 2433 ipso
1620 2370 1873 2433 corpore
1895 2356 2104 2415 etvita.

462 2450 609 2513 Cum
635 2446 677 2507 ii
696 2445 777 2507 ita
801 2450 1001 2506 essent
1022 2440 1231 2520 parati,
1256 2448 1315 2502 et
1342 2440 1487 2501 tales
1517 2449 1719 2503 essent
1744 2460 1949 2503 eorum
1976 2445 2105 2523 spi-

461 2540 636 2612 ritus,
659 2532 840 2615 jussit
864 2529 1279 2606 Maximianus,
1322 2537 1386 2590 ut
1415 2530 1676 2591 extensis
1702 2532 1878 2592 simul
1912 2534 2105 2595 mani-

465 2629 577 2693 bus
607 2636 664 2687 et
697 2621 971 2703 pedibus,
1006 2617 1358 2682 crudelibus
1388 2617 1611 2681 bonum
1645 2620 1841 2682 nervis
1873 2624 2108 2684 fortiter

460 2716 942 2779 verberarentur.
972 2706 1047 2769 Et
1085 2707 1284 2769 statim
1315 2724 1423 2768 sex
1456 2726 1952 2789 unumquemque
1982 2712 2103 2772 cir-

462 2803 887 2871 cumsistentes
913 2797 1180 2870 lictores,
1210 2813 1419 2874 magna
1441 2805 1607 2877 parte
1621 2797 1742 2860 diei
1758 2816 1860 2860 eos
1885 2817 2104 2881 perpe-

466 2908 567 2961 tuo
597 2888 1015 2966 verberabant,
1049 2884 1211 2947 nulla
1252 2885 1530 2948 scelerati
1578 2886 1724 2948 moti
1772 2890 2107 2951 communis

465 2996 698 3051 naturae
728 2975 1168 3047 misericordia,
1204 2972 1385 3055 idque
1415 2993 1547 3036 cum
1581 2975 1854 3038 viderent
1884 2990 2104 3041 terram

467 3088 676 3141 eorum
707 3066 1001 3146 sanguine
1049 3064 1320 3124 eﬂ’ectam
1371 3082 1757 3144 purpuream.
1823 3065 2106 3147 Martyres

2191 1909 2334 1987 παρὰ
2391 1917 2486 1966 σοῦ
2514 1914 2676 1982 τιμῆς
2720 1910 2806 1965 καὶ
2862 1910 2967 1966 τῶν
3043 1909 3282 1983 ματαίων
3342 1909 3543 1966 τούτων
3599 1909 3848 1985 ἀξιωμά-

2190 2020 2299 2054 των
2365 1998 2512 2055 οὐδὲν
2583 1998 2847 2073 ἐμέλησεν
2907 1996 3157 2055 οὒδέποτε
3216 2000 3307 2055 καὶ
3378 2000 3575 2079 βραχύ.
3629 2000 3691 2056 Τί
3745 2000 3848 2078 γὰρ

2191 2085 2374 2153 δεήσαι
2432 2088 2681 2155 τοιαύτης
2741 2087 3000 2165 τιμῆς,ἷί
3058 2109 3118 2165 γε
3171 2086 3360 2162 μέλλοι
3429 2091 3563 2143 Θεοῦ
3592 2086 3848 2145 διιστῶσα

2193 2178 2409 2236 δουλοῦν
2467 2179 2673 2256 δαίμοσι
2711 2201 2729 2255 ;
2792 2188 3022 2239 Τοιαῦτα
3064 2182 3164 2258 γὰρ
3218 2181 3324 2237 τῶν
3357 2179 3565 2236 ἀσεϐῶν
3593 2182 3738 2255 ὑμῶν
3782 2182 3850 2237 τὰ

2193 2271 2523 2348 χαρίσματα,
2580 2271 2613 2326 ἃ
2673 2268 2739 2338 δὴ
2785 2272 2881 2327 καί
2939 2271 3224 2349 φεύγοντες
3283 2268 3513 2343 μᾶλλον,
3547 2269 3672 2350 οὗχὶ
3714 2268 3849 2327 διώ-

2190 2379 2397 2436 κοντες,
2433 2363 2492 2417 ού
2536 2362 2698 2432 μόνον
2759 2382 2841 2416 σοι
2898 2360 3120 2430 τούτων,
3155 2357 3295 2415 ἀλλά
3345 2360 3440 2415 καί
3486 2358 3645 2416 αὗτου
3685 2380 3749 2437 γε
3778 2357 3847 2427 δὴ

2190 2448 2440 2521 σώματος
2502 2450 2590 2505 καὶ
2624 2450 2716 2515 τῆς
2776 2453 2918 2519 ζωῆς
2976 2448 3312 2522 ἑξιστέμεθα.
3359 2445 3510 2505 Ἐπεὶ
3538 2456 3703 2506 ταῦτα
3758 2450 3852 2506 καὶ

2190 2536 2357 2599 οὕτως
2428 2541 2587 2616 εἶχον
2661 2537 2998 2615 παρασκευῆς
3066 2540 3158 2594 καὶ
3213 2539 3577 2618 φρονήματος,
3637 2536 3852 2596 ἐκέλευε

2193 2626 2519 2701 Μαξιμιανὸς
2597 2640 2792 2706 χεῖρας
2884 2628 3019 2701 ὁμοῦ
3094 2627 3183 2682 καὶ
3253 2623 3419 2691 πόδας
3507 2624 3850 2690 διαταθέντας

2188 2715 2486 2794 βουνεύροις
2545 2717 2722 2788 ὠμοῖς
2794 2717 3031 2796 ἰσχυρῶς
3119 2717 3428 2775 τύπτεσθαι.
3495 2718 3591 2774 Καὶ
3660 2716 3850 2773 αὖτίκα

2189 2803 2243 2871 ἓξ
2285 2804 2367 2885 ἐφ’
2426 2808 2499 2863 ἑνὶ
2560 2807 2767 2879 ἑκάστῳ
2818 2804 3002 2880 δήμιοι
3060 2806 3404 2882 περιστάντες
3469 2804 3597 2884 ἄχρι
3669 2803 3849 2885 πόρῤδ)

2190 2899 2286 2961 τῆς
2319 2895 2520 2975 ἡμέρας
2570 2897 2755 2962 αὐτοὺς
2817 2894 3062 2971 ἔτυπτον,
3096 2894 3280 2951 οῦδένα
3339 2896 3529 2952 οἶκτον
3558 2896 3606 2952 οἱ
3665 2897 3848 2971 μιαροὶ

2192 2988 2290 3051 τῆς
2333 2990 2516 3052 κοινῆς
2568 2984 2932 3062 λαμϐάνοντες
2991 2988 3218 3063 φύσεως,
3253 2986 3340 3040 καὶ
3390 2987 3553 3041 ταῦτα
3580 2984 3681 3051 τὴν
3742 2990 3845 3062 γῆν

2189 3076 2415 3152 ὁρῶντες
2456 3082 2532 3148 τῷ
2588 3074 2799 3131 ἐκείνων
2857 3074 3051 3150 αἵματι
3094 3077 3225 3151 πρὸς
3283 3075 3442 3150 βάθος
3497 3075 3841 3154 φοινισσομέ-

470 3174 668 3231 autem
701 3157 829 3220 hac
869 3153 1115 3236 quidem
1165 3151 1438 3253 terebant
1476 3154 1727 3254 fortiter,
1775 3173 1851 3255 ne
1896 3175 2103 3220 vocem

2193 3151 2307 3230 νην.
2366 3167 2426 3221 Οἱ
2507 3162 2562 3219 δὲ
2620 3166 2880 3241 μάρτυρες
2937 3172 3102 3219 ταῦτα
3176 3163 3272 3236 μὲν
3331 3151 3522 3240 ἔφερον
3593 3162 3843 3241 γενναίως

462 3252 705 3340 quidem
737 3246 1093 3340 emittentes
1127 3262 1142 3301 :
1176 3242 1427 3303 internis
1457 3260 1601 3340 vero
1629 3243 1814 3305 animi
1834 3245 2103 3340 motibus

2193 3250 2320 3327 μηδὲ
2380 3253 2618 3331 φθογγὴν
2647 3252 2917 3329 ἀφιέντες·
2978 3264 3097 3312 τοῖς
3131 3249 3274 3308 ἔνδον
3334 3250 3389 3305 δὲ
3424 3252 3681 3325 κινήμασι
3742 3256 3844 3319 τῆς

461 3333 877 3427 gloriﬁcabant
897 3352 1060 3427 eum,
1087 3341 1336 3413 propter
1352 3350 1530 3412 quem
1553 3333 1680 3395 haec
1702 3334 2099 3427 sustinebant.

2193 3339 2366 3420 ψυχῆς
2424 3342 2516 3396 τὸν
2568 3338 2635 3396 δι’
2695 3340 2756 3396 ὃν
2798 3346 2965 3427 ταῦτα
3003 3338 3261 3414 ὂπέμενον
3324 3336 3634 3427 δοξάζοντες
3676 3340 3842 3406 ¹ἦσαν.

456 3422 717 3512 Flagella
741 3422 1079 3504 excipiebat
1096 3438 1324 3496 carcer,
1342 3441 1478 3484 cum
1506 3432 1706 3485 essent
1726 3442 1934 3485 eorum
1953 3425 2103 3488 colla

2193 3428 2392 3507 Φρουρά
2460 3430 2551 3493 τὰς
2617 3429 2884 3507 μάστιγας
2946 3425 3227 3507 διεδέχετο
3285 3426 3496 3491 γλοιοτς
3555 3426 3652 3501 μὲν
3710 3431 3840 3495 τοὺς

458 3525 658 3587 vincta
686 3512 1032 3587 collaribus,
1068 3529 1278 3572 manus
1307 3520 1505 3572 autem
1546 3512 1791 3587 catenis,
1828 3522 1886 3574 et
1918 3514 2101 3594 pedes

2193 3519 2513 3597 τραχήλους,
2557 3516 2774 3574 ἁλύσεσι
2840 3516 2895 3573 δὲ
2958 3518 3052 3581 τὰς
3116 3531 3311 3598 χεῖρας
3362 3517 3450 3572 γαὶ
3492 3521 3612 3581 τοὺς
3675 3516 3840 3581 πόδας

457 3606 874 3692 compedibus.
926 3600 1326 3665 Maximianus
1361 3618 1494 3662 vero
1528 3608 1802 3692 tanquam
1839 3610 2095 3679 torrens,

2193 3605 2318 3680 Ξύλῳ
2374 3604 2727 3672 διαδεθέντας.
2779 3605 3105 3683 Μαξιμιανὸς
3164 3606 3219 3663 δὲ
3276 3606 3514 3684 καθάπερ
3581 3605 3833 3687 χειμαρ-

456 3705 560 3788 qui
598 3688 789 3788 l‘ertur
822 3710 927 3788 per
956 3699 1214 3788 segetes,
1258 3707 1377 3788 per.
1403 3708 1611 3788 0.1.99?
1648 3688 1937 3788 qeincep-s
1969 3692 2099 3773 pios

2193 3695 2300 3761 50m;
2358 3698 2491 3754 κατά
2549 3696 2709 3764 λη’ίον
2765 3698 3052 3778 φερόμενος
3108 3695 3213 3765 ἤδη
3244 3697 3382 3753 κατά
3443 3708 3659 3753 πάντων
3713 3696 3839 3754 λοι-

454 3777 838 3878 pervadebat.
865 3781 935 3843 Et
974 3782 1045 3842 ad
1081 3777 1479 3878 haac’quidem
1508 3778 1875 3878 jubebantur
1901 3782 2097 3878 inser-

2193 3787 2280 3842 ιτὸν
2320 3789 2426 3843 τὼν
2474 3777 2829 3845 εὐσεϐούντων
2860 3788 3080 3867 ἐχώρει.
3144 3787 3240 3845 Καὶ
3270 3785 3527 3866 ἄρχοντες
3576 3787 3674 3860 μὲν
3704 3787 3838 3863 πρὸς

452 3867 584 3945 vire
614 3872 895 3961 praesides
951 3889 1022 3932 ac
1081 3867 1397 3961 praelecti,_
1441 3869 1544 3948 qui
1593 3878 1765 3961 erant
1792 3869 2099 3961 impietate

2193 3883 2345 3933 ταῦτα
2401 3878 2687 3955 ὑπηρετεῖν
2732 3877 3039 3934 ἐκελεύοντο
3084 3875 3138 3932 οἶ
3188 3896 3249 3953 γε
3303 3873 3685 3954 διαφορώτατοι
3738 3876 3838 3943 τὴν

457 3958 684 4039 eximii.
717 3964 1088 4040 Quicumque
1115 3964 1315 4019 autem
1344 3958 1473 4037 ejus
1504 3959 1790 4041 parebant
1818 3960 2095 4042 imperio,

2193 3964 2448 4043 ὶσέϐειαν,
2481 3974 2587 4024 πᾶν
2643 3965 2697 4023 δὲ
2725 3970 2786 4023 τὸ
2817 3966 3120 4047 ἀρχομενον
3149 3964 3179 4020 ὃ
3235 3965 3365 4021 Θεὸν
3397 3965 3546 4022 εἶναι
3580 3967 3668 4021 τὸν
3702 3972 3837 4044 Χριο

454 4063 559 4144 qui
591 4055 891 4123 Christum
925 4067 1059 4113 esse
1079 4048 1266 4110 Deum
1279 4049 1751 4144 confitebantur,
1778 4052 2099 4114 tortoribus

2193 4057 2304 4112 ττὸν
2359 4055 2653 4135 ὡμολόγει,
2686 4069 2803 4118 τοῖς
2865 4055 3156 4118 κολασταῖς
3211 4075 3269 4111 τε
3318 4056 3452 4130 ὃμοῦ
3502 4053 3833 4136 παρεδίδοτο,

455 4141 637 4218 simul
666 4144 1053 4210 tradebantur
1081 4151 1142 4203 et
1169 4141 1347 4203 variis
1378 4144 1693 4205 tormentis
1724 4143 2101 4206 laniabantur

2193 4147 2267 4201 ιαὶ
2342 4144 2573 4208 πολλαῖς
2632 4145 2886 4222 βασάνοις
2971 4143 3211 4209 ἐλεεινῶς
3281 4144 3666 4206 κατεκόπτετο.
3729 4144 3838 4203 Καῖ

453 4238 896 4307 miserabiliter.
922 4235 995 4297 Et
1014 4232 1099 4293 sic
1119 4233 1363 4311 quidem
1390 4233 1660 4312 quotidie
1693 4234 1770 4306 ei,
1806 4236 1909 4311 qui
1943 4240 2098 4313 seip-

2193 4233 2319 4291 ›ὕτω
2400 4236 2498 4310 μὲν
2558 4233 2891 4301 καθεκᾶστην
2949 4248 3028 4291 τὼ
3098 4235 3231 4313 ὑπὲρ
3284 4235 3440 4309 ἡμῶν
3493 4235 3680 4294 ἑαυτὸν
3737 4235 3837 4291 θύ-

451 4352 581 4398 sum
614 4348 719 4413 pro
742 4325 915 4390 nobis
939 4322 1313 4413 sacriﬁcavit,
1347 4322 1660 4413 rationalia
1689 4321 2095 4383 olferebantur

2193 4345 2328 4381 ιαντι
2414 4326 2623 4399 θύματα
2681 4323 2873 4400 λογικά
2960 4324 3133 4402 προσή
3152 4345 3298 4401 {owe
3379 4331 3454 4398 τῷ
3531 4324 3837 4403 μαρτυρικῷ

446 4410 761 4495 sacrificia,
795 4416 890 4497 pio
923 4414 1205 4493 martyrio
1236 4412 1447 4474 effecta
1490 4410 1925 4473 holocaustum.

2193 4411 2434 4492 ριλοθέως
2465 4413 2916 4487 ὀλοκαυτούμενα.
3516 4480 3523 4485 ,

527 4507 741 4578 XXVI.
791 4503 1119 4586 Oportebat
1164 4510 1364 4564 autem
1416 4502 1705 4562 festorum
1766 4498 2086 4560 maximum

2260 4501 2407 4575 κζ’.
2473 4500 2631 4560 ’Ἔδει
2676 4500 2730 4557 δὲ
2760 4502 2858 4580 ἄρα
2918 4503 3003 4560 καὶ
3033 4503 3133 4567 τὴν
3183 4502 3443 4581 μεγίστην
3492 4507 3600 4558 τῶν
3630 4501 3832 4580 ἑορτῶν

446 4567 987 4670 Οὶιῆείίίλίοιξιίοηι,
1044 4592 1103 4654 ei
1159 4592 1260 4671 qui
1314 4589 1693 4662 nascebatur,
1751 4586 2088 4667 copiosiora

2193 4590 2268 4657 γῆν
2300 4567 2527 4670 ὶξριστοῦ
2568 4591 2754 4669 γένναν
2795 4567 3142 4673 ’ἀφθονώτερα
3172 4567 3588 4668 τῷιτικτομὲνῳ
3644 4567 3830 4671 προσ·-

446 4694 667 4757 οίῖειτο
693 4685 1011 4751 sacriﬁcia.
1045 4683 1192 4744 Nam
1224 4691 1389 4743 ortus
1435 4678 1672 4759 quidem
1706 4677 1924 4741 Christi
1958 4678 2086 4741 dies

2193 4693 2413 4759 ,νεγκεῖν
2470 4681 2700 4757 θύματα.
2760 4680 2975 4758 ’Ἦγετο
3020 4681 3119 4758 μὲν
3174 4683 3275 4761 γὰρ
3316 4684 3352 4751 ἡ
3382 4689 3488 4739 τῶν
3544 4681 3829 4761 γενεθλίων

445 4783 630 4845 festus
648 4777 956 4858 agebatur:
983 4769 1276 4853 quidquid
1296 4777 1495 4831 autem
1520 4775 1612 4858 est
1629 4767 1814 4858 pium,
1839 4785 2085 4858 ποθεῖ-θ.

2193 4774 2303 4839 ιῦτη
2361 4778 2453 4828 τοῦ
2509 4777 2735 4849 Χριστοῦ
2789 4771 2971 4850 ἑορτὴ,
3030 4778 3133 4829 πᾶν
3183 4772 3238 4827 δὲ
3297 4770 3423 4829 ὅσον
3480 4769 3691 4836 εὐσεϐὲς
3750 4773 3827 4837 εἰς

445 4856 775 4954 gabaturad
790 4863 1304 4954 gloriﬁcationem.
1331 4857 1569 4954 Prolani
1587 4875 1723 4954 vero
1748 4856 2086 4954 Maximiani

2193 4859 2474 4939 ἲοξολογίαν
2527 4861 2818 4939 ἠθροίζετο.
2852 4863 2937 4954 Οἷ.⁸
2968 4860 3023 4954 δὲ
3084 4858 3208 4918 ὅσον
3240 4870 3333 4919 τοῦ
3362 4858 3596 4954 βεϐήλου
3653 4859 3827 4927 Μαξι-

443 4946 677 5045 profani
706 4954 963 5019 ministri
990 4950 1351 5045 accedentes
1382 4968 1397 5009 :
1434 4946 1747 5022 Quoniam,
1782 4947 2086 5045 inquiunt,

2193 4958 2361 5008 ιιανοῦ
2444 4952 2758 5029 θεραπευταὶ
2839 4947 3062 5026 βέϐηλοι
3107 4948 3531 5045 ’προσελθόντεῆ
3580 4947 3826 5031 Ἐπειδὴ,

443 5036 854 5131 oimperalor,
888 5040 1071 5105 hodie
1099 5042 1382 5101 festorum
1432 5044 1853 5131 quaenorunt,
1892 5038 2086 5131 maxi-

2193 5042 2347 5115 ιασὶν,
2405 5043 2451 5096 ὦ
2518 5039 2759 5120 βασιλεῦ²
2821 5039 2958 5096 κατά
2999 5036 3157 5108 τήνδε
3212 5039 3310 5106 τὴν
3365 5038 3567 5117 ἡμέραν
3625 5040 3831 5118 ἑορτῶν

440 5125 614 5204 muni
638 5134 945 5201 celebrant
973 5129 1327 5203 ChriStiani,
1381 5135 1449 5189 ut
1501 5125 1604 5207 qui
1661 5127 1838 5188 hodie
1892 5126 2083 5188 Deum

2193 5131 2240 5187 ὃν
2290 5129 2467 5188 οἴδασι
2509 5152 2609 5197 την
2656 5150 2919 5207 μεγιστην
2968 5125 3177 5187 τελοῦσι
3211 5130 3544 5206 Χριστιανοὶ,
3575 5127 3668 5185 ἅνε
3727 5129 3828 5186 καὶ

437 5249 614 5294 suum
634 5233 835 5288 natum
859 5239 991 5285 esse
1016 5219 1386 5296 fabulentur,
1410 5226 1468 5280 et
1487 5217 1882 5280 celeberrimo
1907 5217 2084 5278 totius

2193 5223 2256 5277 ὸν
2304 5222 2435 5276 Θεὸν
2492 5221 2663 5277 αὐτῶν
2713 5220 2973 5296 τεχθῆναι
3035 5217 3269 5295 σήμερον
3313 5218 3686 5293 πυθευόμενοι,
3738 5221 3831 5276 καὶ

438 5318 644 5402 populi
669 5329 964 5378 concursu
994 5311 1066 5372 ad
1099 5310 1312 5402 festum
1343 5308 1736 5402 conveniunt,
1768 5324 1983 5402 agehne
2007 5325 2078 5369 ex

2193 5307 2435 5385 πανδημεὶ
2490 5310 2683 5370 πάντες
2758 5307 2832 5369 εἰς
2910 5307 3010 5373 τὴν
3081 5306 3273 5383 ἑορτὴν
3344 5309 3828 5386 συναρθροίζονταιο

438 5396 639 5471 inedia
665 5420 885 5483 sagena
914 5419 1025 5462 nos
1057 5398 1255 5481 praeda
1305 5398 1572 5478 effugiat.
1624 5399 1739 5460 Sed
1793 5396 2082 5459 militibus

2193 5402 2259 5479 ἷγε
2317 5399 2382 5469 δὴ
2415 5398 2493 5475 μὴ
2545 5398 2604 5453 ἐκ
2632 5396 2804 5473 μέσης
2864 5396 3010 5470 ἡμᾶς
3038 5396 3134 5465 τῆς
3195 5397 3457 5475 σαγὴνηςο
3491 5399 3554 5453 τὸ
3607 5398 3828 5477 θήραμα

432 5497 679 5576 quidem
711 5497 1205 5575 praeoccupentur
1240 5490 1445 5569 templi
1470 5488 1704 5568 aditus;
1741 5495 1857 5548 stet
1879 5495 2073 5548 autem

2196 5489 2452 5569 ιαδράσει⁶
2515 5485 2650 5543 ἀλλά
2707 5485 3059 5562 στρατιώταις
3113 5485 3212 5561 μὲν
3264 5489 3315 5541 αἱ
3372 5493 3465 5543 τοῦ
3517 5493 3644 5543 ναοῦ
3690 5485 3822 5543 εἴσ-

429 5573 535 5652 ara
572 5573 981 5666 antevportas;
1036 5580 1391 5644 accedentes
1437 5596 1578 5641 vero
1636 5595 1946 5658 praecones
1968 5580 2075 5657 ju-

2193 5578 2269 5636 δοι
2327 5577 2954 5658 προκαταληφθήτωσαν,
2988 5575 3169 5651 βωμὸς
3202 5573 3256 5631 δὲ
3314 5577 3497 5646 στήτω
3549 5577 3653 5656 πρὸ
3709 5580 3818 5634 τῶν

424 5681 606 5746 beant
635 5676 876 5764 quidem
913 5692 1122 5738 omnes
1172 5692 1206 5737 e
1258 5672 1481 5757 templo
1532 5669 1760 5750 egredi,
1820 5677 1877 5731 et
1923 5669 2072 5732 nihil

2193 5669 2362 5727 ίυλῶν.
2438 5669 2525 5724 καὶ
2600 5668 2826 5744 κήρυκες
2880 5667 3245 5744 παραστάντες
3316 5665 3506 5747 δποφω
3575 5667 3817 5729 εἰπωσαν
