4086 6398
243 351 406 418 1069
1404 353 1590 418 VITA
1636 355 1735 416 SS.
1787 355 1893 418 IN]

2016 351 2114 415 ET
2158 353 2470 417 DOMNE.
3483 348 3639 417 1070

228 489 425 556 ἱξιέναι
471 489 570 563 μὲν
618 496 706 546 τοῦ
748 495 875 546 ναοῦ
931 489 1132 550 πάντας
1191 489 1286 544 καί
1336 487 1536 564 ’μηδὲν
1591 487 1887 565 ἀναδυομέ-

1980 495 2322 550 cunctantes
2343 506 2461 549 arae
2490 485 2966 550 sacriﬁcare.Sin
2988 493 3184 550 autem
3207 503 3326 548 non
3350 494 3625 567 pareant,

231 601 355 641 νους
417 581 493 652 τῷ
547 579 716 654 βωμῷ
772 577 933 640 θύειν,
999 579 1055 634 Εἰ
1113 576 1166 632 δὲ
1228 580 1303 652 μὴ
1348 579 1636 652 πείθοιντο,
1684 581 1776 634 σὸν
1824 580 1884 634 τὸ

1980 577 2112 652 quid
2145 577 2218 637 sit
2252 577 2540 657 deinceps
2558 576 2878 656 agendum,
2913 583 3175 638 statuere
3198 578 3281 638 tui
3313 585 3406 638 est
3427 575 3626 657 impe-

231 669 372 746 μετὰ
431 674 594 724 ταῦτα
653 668 739 723 καὶ
795 668 892 732 τῆς
939 671 1037 732 σῆς
1099 669 1276 747 ἀρχῆς
1309 690 1365 723 τε
1415 667 1511 724 καὶ
1563 673 1734 748 σοφῆς
1768 669 1882 743 κρί·

229 779 392 823 σεως.
429 759 486 814 Εἰ
542 755 598 812 δὲ
649 758 738 812 καὶ
796 766 948 814 τοῦτο
985 754 1160 830 λέγειν
1212 756 1512 829 ἒπιτρὲπεις
1544 758 1706 838 ἡμῖν,
1742 779 1878 837 περι-

227 848 412 920 κύκλῳ
466 847 558 902 τὸν
616 847 741 901 ναὸν
828 847 874 901 οἱ
941 852 1262 924 στρατιῶται
1347 844 1686 910 διαλαϐόντες
1757 847 1879 910 τοὺς

1967 665 2040 727 rii
2075 674 2133 727 et
2153 665 2396 744 judicii.
2428 665 2598 740 Quod
2632 665 2682 727 si
2714 667 2826 727 hoc
2864 683 3102 746 quoque
3132 665 3308 728 nobis
3327 665 3631 746 permittis

1965 757 2191 828 dicere,
2211 757 2349 835 igne
2367 758 2658 838 templum
2674 756 3070 818 circumcirca
3089 775 3224 818 com
3234 756 3624 836 prehenden-

1965 854 2054 907 tes
2077 845 2314 917 milites.
2342 848 2614 926 protinus
2643 845 2896 926 perdant
2917 863 3021 906 eos
3043 845 3149 928 qui
3176 863 3295 906 non
3319 844 3632 927 obtempe-

225 938 473 999 ἀπειθεῖς
531 932 723 997 εὐθέως
781 931 1278 1014 διαφθειράτωσαν,
1344 935 1436 990 καί
1509 934 1675 998 οὕτως
1736 936 1879 992 ἐκεί-

1980 942 2118 996 rant.
2155 933 2222 994 Et
2248 934 2337 996 sic
2366 935 2504 997 illos
2536 934 2779 1014 quidem
2833 935 2908 995 de
2942 934 3137 996 medio
3172 934 3370 1006 tolles,
3406 935 3509 1016 qui
3561 936 3628 998 in

227 1047 352 1088 νους
394 1025 490 1098 μὲν
534 1022 596 1079 ἐκ
665 1023 830 1098 μέσου
889 1025 1135 1093 ποιήσεις
1194 1023 1364 1091 λύπην
1439 1024 1593 1088 ὄντας
1642 1027 1759 1103 περὶ
1817 1025 1883 1080 τὰ

231 1113 566 1192 καιριώτατα
615 1119 721 1168 τῶν
766 1118 874 1169 σῶν
925 1114 1202 1186 ὑπηκόων,
1254 1115 1446 1169 σαυτὸν
1505 1113 1558 1169 δὲ
1613 1112 1884 1193 φροντίδος

231 1203 558 1268 ἀπαλλάξεις
614 1203 710 1270 τὴν
768 1203 867 1268 σὴν
919 1202 1206 1272 πιεζούσης
1267 1203 1453 1282 ψυχὴν
1523 1205 1581 1259 οὔ
1626 1204 1880 1282 μετρίως,

234 1293 416 1369 ὥσπερ
473 1292 571 1371 ἄρα
597 1291 690 1346 καί
718 1292 853 1366 ἡμῖν
883 1295 1172 1368 γνώριμον.
1224 1292 1385 1349 Οὔπω
1426 1290 1588 1371 πέρας
1636 1295 1662 1348 ὁ
1722 1292 1883 1368 λόγος

235 1380 506 1457 ἐλάμϐανε
543 1429 558 1452 ,
612 1381 699 1436 καὶ
779 1377 1062 1436 ὑπολαϐὼν
1135 1381 1511 1461 Μαξιμιανὸς,
1593 1381 1830 1456 ’Ὀμνυμι
1869 1430 1883 1458 ,

236 1471 364 1550 ἔφη,
428 1472 549 1535 τοὺς
609 1469 890 1547 μεγίστους
935 1469 1082 1532 θεοὺς
1142 1469 1202 1525 ἐκ
1256 1469 1456 1526 πολλοῦ
1511 1471 1610 1544 μὲν
1639 1471 1701 1528 τὰ
1734 1473 1885 1547 εἰρη-

234 1561 373 1633 μένα
428 1561 516 1615 καὶ
561 1559 715 1619 αῦτὸς
774 1557 1015 1636 στρέφειν
1073 1559 1146 1623 εἷς
1207 1569 1348 1632 νοῦν,
1402 1563 1497 1618 οῦκ
1550 1557 1674 1616 οἶδα
1703 1558 1746 1616 δ’
1781 1559 1884 1615 ὅτι

239 1651 418 1706 παθὼν
480 1649 552 1709 εἷς
613 1646 766 1726 ἔργον
825 1649 920 1704 οῦκ
975 1646 1175 1727 ἤνεγκα
1235 1650 1332 1716 τὴν
1389 1650 1648 1707 επινοίαν.
1720 1649 1887 1706 Ἀλλὰ

234 1740 399 1819 χάρις
441 1740 595 1816 ὑμῖν,
655 1737 700 1794 ὦ
761 1738 900 1808 θεοὶ,
954 1736 1064 1792 ἀνθ’
1122 1740 1196 1792 ὧν
1257 1738 1504 1805 ἐννοῆσαι
1550 1741 1637 1796 καὶ
1697 1739 1883 1802 αῦαοὺς

234 1828 494 1905 εὐκαίρως
558 1829 616 1882 τὸ
660 1825 965 1882 λυσιτελοῦν
1016 1826 1288 1904 πρέθεσοε,
1355 1830 1452 1885 Καὶ
1503 1827 1612 1903 ἅμα
1677 1827 1885 1884 κελεύει

233 1921 341 1974 τῶν
389 1917 756 1994 προτεκτόρων
803 1917 923 1978 τοὺς
983 1918 1224 1994 πρώτους
1269 1916 1417 1996 χειρί
1476 1917 1688 1994 μεγάλῃ
1721 1939 1886 1996 στρα-

233 2009 443 2064 τιωτῶν
503 2009 601 2070 τὴν
672 2003 962 2072 ἒκκλησίαν
1041 2005 1426 2084 περιλαϐόντας
1498 2009 1736 2087 φρύγανα
1800 2009 1887 2064 καὶ

230 2105 337 2154 πᾶν
369 2096 398 2151 ὅ
429 2117 480 2151 τι
514 2094 647 2152 ἄλλο
679 2093 974 2173 εὔπρηστον
1022 2093 1154 2162 ὕλης
1203 2095 1379 2170 κύκλῳ
1439 2098 1888 2177 συμφορήσαντας

228 2189 320 2246 καὶ
371 2183 790 2264 παραθεμένους,
844 2185 1028 2261 βωμὸν
1071 2189 1264 2252 στῆσαι
1311 2188 1444 2264 πρὸς
1502 2190 1570 2264 τῇ
1624 2189 1716 2242 τοῦ
1760 2193 1888 2244 ναοῦ

231 2275 378 2353 πύλῃ
417 2295 432 2313 ο
494 2275 618 2332 εἶτα
674 2275 794 2338 τοὺς
853 2275 1090 2352 κήρυκας
1149 2276 1249 2331 ὑπὸ
1326 2273 1544 2354 λαμπρᾷ
1597 2282 1664 2343 τῆ
1736 2281 1888 2356 φωνῇ

230 2368 514 2445 κηρύττειν
567 2363 756 2430 ἐξιέναι
810 2386 866 2420 τε
925 2387 1127 2428 παντας
1209 2363 1302 2421 καί
1359 2365 1752 2446 προσέρχεσθαι
1812 2372 1888 2440 τῷ

1965 1023 2145 1086 rebus
2165 1023 2481 1103 praecipuis
2501 1024 2825 1104 perniciem
2851 1023 3106 1086 atl'erunt
3124 1023 3239 1084 tuis
3265 1025 3502 1104 populis
3527 1045 3544 1101 ;
3569 1033 3629 1088 te

1969 1120 2168 1172 autem
2202 1111 2484 1174 liberabis
2505 1131 2540 1174 a
2569 1131 2733 1187 cura,
2759 1131 2891 1193 quae
2917 1121 3080 1173 tuum
3115 1112 3382 1173 animum
3412 1113 3630 1192 premit

1971 1219 2090 1262 non
2112 1201 2677 1277 mediocriter,sicut
2700 1220 2808 1262 nos
2828 1220 2944 1262 non
2968 1201 3625 1278 ignoramus.Nondum

1970 1289 2147 1350 ﬁnem
2182 1300 2497 1370 acceperat
2522 1290 2736 1364 oratio,
2761 1290 3066 1369 excipiens
3089 1302 3288 1352 autem
3314 1291 3624 1353 Maximia-

1971 1398 2083 1440 nus
2113 1401 2127 1440 :
2161 1379 2332 1454 Juro,
2359 1379 2874 1460 inquit,maximos
2898 1379 3067 1453 deos,
3097 1397 3193 1440 me
3221 1379 3349 1440 haec
3367 1381 3494 1459 jam
3521 1379 3626 1443 diu

1969 1486 2244 1529 versasse
2273 1468 2329 1529 in
2360 1469 2586 1531 animo.
2609 1467 2824 1530 Nescio
2862 1466 3174 1547 vero,quid
3206 1466 3419 1528 factum
3451 1467 3624 1546 sit,ut

1973 1574 2042 1617 ea
2073 1575 2202 1638 quae
2235 1557 2580 1634 cogitaram,
2645 1555 2911 1618 nondum
2973 1555 3082 1617 sim
3135 1563 3473 1618 exsecutus.
3505 1555 3628 1620 Sed

1969 1649 2139 1708 vobis
2172 1665 2435 1725 magnas,
2470 1666 2504 1708 ο
2536 1646 2640 1720 dii,
2675 1664 2783 1724 ago
2813 1645 3058 1726 gratias,
3090 1644 3250 1726 quod
3283 1645 3626 1722 effeceritis,

1971 1745 2034 1796 ut
2067 1736 2159 1798 his
2191 1754 2431 1816 quoque
2454 1743 2788 1815 opportune
2809 1735 3038 1795 veniret
3065 1733 3128 1794 in
3152 1742 3438 1810 mentem,
3463 1734 3625 1816 quod

1972 1835 2131 1886 esset
2161 1823 2562 1898 conducibile,
2592 1834 2650 1884 et
2672 1823 2848 1884 simul
2871 1821 3067 1903 jubet,
3094 1830 3156 1883 ut
3185 1823 3363 1903 primi
3388 1841 3458 1885 ex
3480 1842 3624 1904 pro-

1972 1915 2319 1988 tectoribus,
2373 1933 2508 1974 cum
2545 1931 2757 1992 magna
2800 1931 2982 1973 manu
3015 1912 3269 1974 militum
3303 1912 3627 1976 ecclesiam

1971 2001 2535 2076 circumdedissent,
2561 2001 2879 2062 sarmentis
2903 2008 2960 2063 et
2983 2019 3342 2082 quacunque
3363 2001 3480 2064 alia
3505 2019 3629 2064 ma-

1975 2094 2147 2167 teria,
2177 2109 2308 2172 qum
2338 2089 2516 2153 facile
2547 2089 2924 2165 accenditur,
2951 2089 3012 2151 in
3031 2089 3240 2152 orbem
3261 2098 3542 2171 congesta
3564 2101 3628 2156 et

1969 2181 2259 2263 apposita,
2330 2179 2404 2244 ad
2465 2180 2674 2262 templi
2735 2188 2962 2262 portam
3023 2197 3188 2242 aram
3250 2187 3615 2245 statuerent:

1971 2269 2215 2351 deinde,
2265 2279 2328 2332 ut
2359 2288 2667 2351 praecones
2691 2269 2851 2331 clara
2886 2287 3031 2331 voce
3061 2269 3525 2353 proclamarent,
3557 2276 3630 2342 ut

1971 2377 2182 2422 omnes
2213 2360 2462 2436 exirent,
2493 2366 2552 2420 et
2599 2357 2676 2420 ad
2706 2377 2870 2420 aram
2911 2357 3274 2421 accederent
3318 2360 3623 2424 sacriﬁca-

239 2456 412 2532 βωμῷ
450 2455 725 2517 θύσοντας.
777 2458 831 2509 Εἰ
887 2452 942 2509 δὲ
1002 2453 1094 2510 καὶ
1145 2453 1372 2514 ἀπειθῶς
1436 2455 1644 2534 ἔχοιεν,
1703 2454 1888 2511 αὐτίκα

1980 2449 2112 2510 turi.
2146 2447 2315 2521 Quod
2345 2449 2394 2509 si
2427 2467 2543 2510 non
2587 2455 2890 2530 parerent,
2927 2447 3113 2529 portis
3156 2448 3354 2512 statim
3397 2456 3624 2531 optime

239 2546 338 2606 τὰς
383 2545 530 2622 θύρας
592 2543 777 2605 αύτοῖς
833 2541 1082 2620 ἀσφαλῶς
1143 2542 1548 2607 ἒπικλείσαντας
1596 2547 1682 2601 καὶ
1712 2544 1884 2600 ἄλλα·

1980 2537 2209 2618 zlausis,
2243 2545 2303 2599 et
2333 2539 2494 2598 omni
2535 2536 2651 2598 alio
2696 2537 2782 2598 eis
2826 2537 3135 2601 obstructo
3187 2537 3371 2620 exitu,
3425 2540 3626 2620 ignem

237 2636 401 2714 χόθεν
460 2633 574 2689 ὅθεν
619 2631 682 2688 ἂν
737 2633 824 2688 καὶ
885 2631 976 2698 εἴη
1022 2630 1192 2698 ἔξοδος
1237 2633 1688 2712 ἐπιφραξαμένους
1747 2635 1884 2714 ὑφά-

1980 2629 2388 2702 iccenderent,
2420 2636 2486 2689 ut
2516 2625 2601 2688 sic
2633 2645 2845 2688 omnes
2877 2645 2995 2689 una
3049 2645 3186 2689 cum
3231 2627 3364 2709 ipso
3401 2629 3624 2711 templo

238 2729 337 2798 ψαι
370 2725 430 2779 τὸ
462 2731 584 2802 πῦρ,
630 2725 702 2786 ὡς
749 2721 810 2777 ἂν
855 2720 992 2778 οὕτω
1037 2723 1230 2786 πάντες
1283 2723 1453 2778 αὒτῶν
1502 2723 1612 2799 ἅμα
1671 2724 1885 2780 συνδια-

1980 2716 2259 2797 perirent,
2291 2725 2349 2778 et
2381 2725 2445 2778 ut
2464 2715 2629 2795 digni
2662 2723 2821 2796 sunt,
2843 2715 2917 2779 ab
2939 2717 3074 2796 igne
3095 2727 3625 2785 consumerentur.

237 2817 508 2891 φθαρεῖεν,
548 2814 632 2868 ιιαὶ
678 2821 772 2870 τοῦ
820 2813 981 2890 πυρὸς
1036 2810 1150 2876 ἀξία
1208 2811 1418 2879 δαπάνη
1451 2812 1731 2891 γένωνται,
1798 2816 1894 2874 Καὶ

241 2911 412 2960 ταῦτα
441 2903 536 2977 μὲν
586 2905 611 2958 ὁ
640 2901 912 2980 βασιλεύς,

327 2991 462 3050 ΛΖ’.
493 2989 775 3069 ’Ἄγγελος
806 2988 857 3045 δὲ
902 2997 1238 3070 παραχρῆμα
1285 2992 1414 3070 πρὸς
1459 2992 1554 3059 τὴν
1605 2991 1895 3059 ἐκκλησίαν

1977 2802 2048 2866 Et
2080 2806 2206 2867 haec
2237 2803 2476 2887 quidem
2505 2805 2858 2887 imperator.

2057 2981 2300 3046 XXVII.
2331 2983 2590 3046 Nuntius
2610 2991 2811 3045 autem
2836 2984 3034 3046 statim
3059 2983 3312 3047 mittitur
3330 2983 3406 3048 ad
3422 2986 3622 3050 eccle-

242 3081 576 3155 ἑκπέμπεται
633 3081 698 3158 τὰ
743 3078 1133 3154 κεκελευσμένοι
1177 3082 1320 3158 παρὰ
1376 3080 1638 3156 βασιλέως
1690 3083 1886 3145 εἰπεῖν,

1980 3074 2150 3153 siam,
2187 3082 2248 3173 ut
2272 3073 2519 3148 diceret,
2547 3072 2901 3154 quaejnssus
2922 3073 3115 3138 fuerat
3140 3073 3214 3135 ab
3239 3078 3622 3156 imperatore.

240 3169 522 3248 Παρελθὼν
570 3169 658 3226 οῦν
703 3170 774 3233 εἰς
821 3170 1013 3246 μέσους
1071 3171 1158 3226 καὶ
1202 3171 1340 3248 μέγα
1383 3171 1609 3246 βοήσας,
1659 3171 1890 3246 ’Ἄνθρω-

1980 3163 2037 3224 [n
2074 3162 2330 3224 medium
2366 3165 2566 3244 itaque
2613 3163 2934 3244 accedens,
2985 3171 3043 3226 et
3077 3181 3290 3242 magna
3318 3182 3460 3228 voce
3491 3166 3624 3229 cla-

239 3285 362 3332 ποι,
415 3259 765 3334 Μαξιμιανὸς,
813 3263 990 3340 εἶπεν,
1025 3262 1051 3315 ὁ
1098 3260 1190 3327 τῆς
1243 3260 1558 3336 οἰκουμένης
1610 3259 1894 3338 δεσπότης,

238 3353 334 3425 ἐμὲ
369 3352 499 3429 πρὸς
528 3351 663 3425 ὑμᾶς
696 3350 981 3425 ἐκπέμψας
1041 3347 1189 3406 δυοῖν
1239 3351 1368 3425 ὑμῖν
1430 3348 1606 3406 δίδωσι
1661 3351 1893 3430 αἵρεσιν,

236 3442 274 3510 ἢ
307 3444 452 3502 θεοῖς
497 3443 646 3498 θῦσαι
711 3439 956 3518 (πάρεστι
1008 3441 1107 3517 γὰρ
1157 3442 1252 3494 καὶ
1285 3441 1469 3516 βωμὸς
1501 3439 1806 3518 εύτρεπὴς),

237 3531 587 3595 ὰπειθοῦντις
644 3531 778 3610 ὁμοῦ
835 3529 1144 3604 σύμπαντας
1223 3527 1567 3608 διαφθαρῆναι
1606 3550 1617 3563 ⁸
1672 3533 1734 3586 τὸ
1794 3533 1893 3610 γὰρ

241 3627 342 3699 πῦρ
387 3619 620 3695 ἕτοιμον.
795 3601 966 3675 τοίνυν
1026 3618 1299 3694 βούλεσθε,
1323 3601 1393 3675 ’τὸ
1415 3601 1594 3698 ’τάχος
1634 3601 1888 3692 αἱρεῖσθε..

243 3701 305 3766 ὐ
365 3713 462 3784 μὲν
521 3718 751 3767 τοσαῦτα
796 3708 957 3764 εἰπὼν
988 3706 1239 3767 ἐπαύετο.
1287 3707 1346 3765 Ὀ
1379 3705 1432 3762 δὲ
1476 3709 1572 3775 τῆς
1603 3707 1892 3776 ἐκκλησίας

243 3797 621 3878 ἀρχιδιάκονος
679 3800 799 3865 πυρὶ
850 3797 991 3861 θείας
1047 3797 1270 3878 χάριτος
1327 3797 1426 3862 τὴν
1497 3795 1711 3876 καρδίαν
1773 3797 1892 3857 δια-

241 3888 536 3968 φλεχθεὶς,
604 3889 732 3949 στας
801 3887 943 3965 παρὰ
1007 3889 1069 3943 τὸ
1130 3895 1219 3944 τοῦ
1272 3888 1646 3961 θυσιαστηρίου
1705 3888 1892 3971 κέρας,

243 3971 309 4032 ’Δ
356 3977 580 4052 πάντες,
607 3977 789 4057 εἶπεν,
819 3979 941 4052 ἒμοὶ
984 3979 1070 4033 καὶ
1106 3975 1363 4046 ἀλλήλοις
1403 3978 1676 4057 ὁμόψυχοι
1732 3977 1892 4036 ἀδελ-

244 4071 358 4150 φοὶ,
420 4071 515 4126 οῦκ
573 4064 690 4124 ἴστε
747 4065 892 4128 ὅπως
944 4065 1056 4145 ἄρτι
1117 4069 1204 4123 καὶ
1275 4067 1418 4126 αὐτοὶ
1463 4067 1529 4122 τὰ
1587 4069 1693 4123 τῶν
1735 4077 1896 4148 τριῶν

243 4157 450 4217 παίδων
507 4157 751 4221 ἐπιόντες
811 4156 906 4214 ούκ
960 4155 1100 4212 ἔστιν
1163 4158 1336 4213 εἰπεῖν
1366 4154 1486 4212 ὅσον
1518 4158 1705 4223 αὖτοὺς
1738 4159 1896 4217 ἐθαυ-

243 4247 486 4323 μάζομέν
545 4269 602 4304 τε
644 4252 741 4314 τῆς
804 4243 1012 4326 ἀνδρίας
1057 4247 1142 4302 καὶ
1191 4251 1286 4312 τῆς
1321 4248 1450 4325 πρὸς
1483 4248 1582 4314 τὴν
1623 4246 1898 4308 εὗσέϐειαν

243 4332 515 4412 ἀκριϐείας
576 4334 1035 4409 ἐξεπληττόμεθα,
1097 4333 1182 4389 καὶ
1241 4333 1389 4398 ὅπως
1449 4337 1553 4413 οὔχ
1610 4335 1682 4398 ὡς
1737 4338 1896 4414 πυρὸς

1975 3270 2143 3313 mans
2173 3273 2186 3310 :
2223 3256 2272 3313 Ο
2307 3251 3622 3333 homines,Maximianus,inquit,orbisterraa

1973 3341 2273 3416 dominus,
2312 3359 2406 3404 me
2429 3345 2500 3404 ad
2533 3360 2637 3402 vos
2663 3341 2864 3415 misso,
2889 3341 3137 3403 alterius
3161 3361 3232 3404 ex
3265 3342 3504 3406 duobus
3523 3347 3627 3408 dat

1974 3432 2144 3493 vobis
2166 3433 2494 3513 optionem,
2524 3440 2586 3493 ut
2618 3439 2716 3493 aut
2742 3431 2857 3492 diis
2879 3432 3227 3494 sacriﬁcetis
3249 3432 3438 3509 (adest
3463 3435 3628 3498 enim

1975 3539 2077 3583 ara
2123 3529 2374 3602 parata),
2426 3531 2547 3596 aut,
2605 3522 2652 3583 si
2701 3539 2818 3582 non
2869 3523 3148 3602 parcatis,
3183 3539 3393 3584 omnes
3445 3524 3627 3586 simul

1978 3611 2486 3690 pereatis,praasto
2509 3611 2667 3672 enim
2703 3617 2792 3670 est
2818 3610 2993 3689 ignis.
3028 3609 3196 3681 Quod
3251 3629 3390 3690 ergo
3421 3611 3627 3694 vultis,

1978 3699 2418 3779 quamprimum
2456 3699 2676 3778 eligite.
2717 3698 2983 3761 Cessavit
3031 3699 3155 3775 ille,
3201 3717 3334 3760 cum
3370 3700 3498 3762 haec
3528 3701 3628 3764 di-

1977 3788 2181 3850 xisset.
2200 3786 2476 3849 Ecclesia:
2499 3796 2696 3850 autem
2721 3787 3204 3868 archidiaconus,
3229 3807 3365 3850 cum
3390 3789 3445 3850 ei
3471 3797 3631 3852 esset

1978 3897 2082 3939 cor
2111 3895 2429 3939 accensum
2462 3879 2600 3956 igne
2631 3878 2842 3940 divinae
2871 3879 3098 3956 gratia},
3134 3886 3299 3939 stans
3331 3877 3404 3939 ad
3436 3896 3629 3942 cornu

1978 3967 2201 4047 altaris,
2235 3965 2282 4028 Ο
2315 3968 2663 4048 vos,inquit,
2691 3967 2807 4028 mei
2837 3968 3141 4042 fratres,et
3167 3967 3328 4028 inter
3347 3985 3448 4030 vos
3471 3971 3629 4030 invi-

1979 4075 2108 4120 cem
2123 4056 2700 4130 unanimes,nescitis
2714 4055 3223 4134 quemadmodum
3237 4057 3628 4139 quaeatribus

1982 4149 2182 4228 pueris
2200 4146 2348 4208 facta
2369 4147 2714 4227 sunt,paulo
2739 4155 2878 4208 ante
2899 4146 3488 4228 persequentes,dici
3513 4167 3635 4212 non

1983 4246 2196 4318 potest,
2226 4247 2510 4316 quantum
2538 4254 2745 4298 eorum
2769 4236 3219 4298 admirabamur
3240 4236 3543 4314 virtutem,
3578 4244 3638 4300 et

1984 4346 2187 4389 eorum
2210 4328 2268 4387 in
2286 4325 2505 4408 pietate
2518 4327 2902 4408 stupebamus
2919 4325 3642 4408 fortitudinem,etquem-

245 4425 413 4502 μέσον
463 4427 712 4499 ἑστῶτες,
759 4422 882 4480 ἀλλ’
913 4423 968 4478 ὲν
1002 4421 1221 4498 μαλακῆ
1252 4445 1354 4479 τινι
1409 4423 1514 4494 πόᾳ
1557 4424 1893 4506 χορεύοντες,

1983 4419 2308 4478 admodum
2347 4435 2462 4478 non
2499 4425 2778 4493 tanquam
2826 4424 3054 4478 stantes
3100 4416 3160 4477 in
3207 4415 3404 4477 medio
3453 4417 3631 4496 ignis,

244 4514 398 4572 αὖτοί
438 4535 496 4569 τε
526 4513 746 4588 ὕμνουν,
779 4514 868 4570 καὶ
895 4514 995 4578 τὴν
1026 4512 1196 4568 κτίσιν
1255 4511 1387 4578 ὅλην
1441 4514 1514 4577 εἰς
1559 4513 1722 4588 ὕμνον
1768 4515 1897 4571 ἑκά-

243 4604 373 4662 λουν
431 4614 524 4663 τοῦ
565 4605 672 4660 τῶν
732 4602 873 4658 ὅλων
933 4608 1066 4658 Θεοῦ
1103 4619 1119 4677 ;
1153 4601 1377 4665 Τούτους
1431 4604 1594 4677 ἡμεῖς
1628 4606 1686 4660 ού
1717 4627 1898 4679 μακαο

245 4696 389 4775 ρίους
436 4694 598 4767 μόνον
657 4693 955 4772 ἐκρίνομεν,
1019 4691 1156 4747 ἀλλὰ
1217 4693 1304 4746 καὶ
1364 4695 1605 4748 κοινωνοὶ
1664 4695 1901 4771 γενέσθαι

242 4792 355 4842 τῶν
413 4783 684 4863 στεφάνων
745 4782 931 4846 αὐτοῖς
993 4780 1390 4857 ἐπιθυμητικῶς
1451 4781 1706 4860 εἷ’χομεδ.
1754 4782 1906 4840 Ἐπεὶ

245 4875 380 4952 γοῦν
410 4874 498 4929 καὶ
553 4874 642 4928 νῦν
685 4871 868 4944 καιρός
914 4870 1054 4927 ἐστιν
1099 4871 1127 4926 ὁ
1185 4869 1365 4926 καλῶν
1425 4875 1509 4926 καὶ
1561 4873 1758 4949 τρόπος
1801 4879 1906 4928 τῶν

244 4964 586 5042 κρατούντων
630 4960 812 5036 ὅμοιος
858 4961 922 5034 (εὶ
978 4961 1078 5039 γὰρ
1138 4961 1226 5017 καὶ
1277 4973 1396 5023 τοῖς
1449 4960 1670 5036 ὀνόμασι
1719 4959 1905 5041 διαφέ-

246 5075 460 5135 ρουσιν,
517 5051 655 5108 ἀλλὰ
706 5057 774 5128 τῇ
830 5073 892 5129 γε
948 5051 1191 5126 ὠμότητι
1254 5051 1340 5108 καὶ
1396 5055 1465 5126 τῇ
1535 5048 1749 5124 ἀσεϐείᾳ
1812 5051 1906 5108 καί

245 5141 454 5222 σφόδρα
537 5138 936 5220 συμϐαίνουσι),
1002 5139 1277 5219 γενώμεθα
1360 5142 1447 5196 καὶ
1503 5141 1668 5217 ἡμεῖς
1728 5141 1907 5216 ὅμοιοι

241 5236 346 5301 τὴν
411 5229 680 5291 εὒσέϐειαν
725 5243 844 5295 τοῖς
890 5231 1009 5288 τότε
1073 5228 1573 5308 διαγωνισαμένοις.
1625 5236 1742 5296 Πῶς
1807 5233 1908 5310 γὰρ

241 5327 343 5383 οῦκ
402 5319 599 5378 ἄτοπον
653 5320 891 5383 ἐκείνως
945 5321 1042 5396 μὲν
1099 5324 1186 5376 καὶ
1230 5319 1427 5382 παῖδας
1478 5320 1634 5386 ὄντας
1667 5321 1910 5380 nio-33‘s

241 5419 354 5470 τῶν
424 5414 581 5490 τριῶν
640 5410 911 5491 πλείονας,
970 5408 1148 5473 ἄλλως
1207 5431 1263 5465 τε
1311 5407 1362 5464 δὲ
1410 5411 1498 5466 καὶ
1545 5410 1711 5487 μήπω
1741 5411 1910 5488 μηδὲν

243 5500 548 5580 ὑπόδειγμα
618 5498 1024 5579 παραλαϐόντας
1099 5502 1171 5563 εἰς
1229 5497 1494 5564 εύσεϐείας
1549 5503 1902 5580 παράστασιν,

247 5591 394 5652 οὕτω
445 5588 810 5672 περιϐλέπτως
871 5588 1290 5668 διαγωνίσασθαι
1327 5639 1340 5665 ,
1384 5593 1528 5666 ἡμᾶς
1588 5591 1643 5648 δὲ
1700 5595 1789 5652 καὶ
1847 5593 1909 5649 τὸ

249 5683 460 5752 πλῆθος
546 5685 640 5741 οὒκ
722 5682 1106 5760 εὔαριθμήτους
1165 5680 1508 5760 ὑπάρχοντας
1547 5731 1562 5760 ,
1626 5683 1762 5739 ἀλλὰ
1823 5684 1908 5740 καὶ

1547 5731 1562 5762 ﬁ

1983 4507 2088 4568 sed
2118 4508 2176 4567 in
2212 4507 2376 4568 molli
2409 4506 2606 4586 aliqua
2638 4507 2823 4568 herba
2853 4507 3070 4568 choros
3092 4505 3402 4581 ducentes,
3435 4505 3551 4588 ipsi
3578 4513 3639 4570 et

1983 4596 2268 4676 hymnum
2302 4595 2619 4675 canebant,
2653 4605 2710 4657 et
2741 4615 2980 4658 omnem
3045 4605 3302 4658 creatam
3365 4605 3640 4660 naturam

1986 4691 2058 4748 ad
2091 4687 2500 4747 universorum
2536 4687 2724 4749 Deum
2759 4685 3121 4747 laudandum
3148 4684 3489 4749 vocabant?
3519 4685 3642 4750 Hos

1992 4795 2098 4836 nos
2131 4795 2248 4836 non
2279 4777 2469 4837 solum
2496 4776 2918 4856 judicabamus
2974 4776 3208 4852 beatos,
3266 4777 3374 4839 sed
3427 4794 3640 4839 eorum

1989 4885 2216 4942 quoque
2250 4885 2595 4928 coronarum
2619 4870 2993 4941 cupiebamus
3024 4885 3148 4927 esse
3171 4872 3328 4928 socii.
3357 4870 3645 4938 Quoniam

1990 4973 2134 5036 ergo
2166 4963 2224 5015 et
2256 4974 2413 5016 nunc
2445 4974 2554 5016 nos
2583 4966 2752 5019 vocat
2783 4963 3110 5036 tempus,et
3128 4963 3269 5017 sunt
3293 4973 3492 5016 mores
3522 4957 3645 5018 im-

1991 5057 2334 5126 peratorum
2367 5046 2630 5121 similes;
2657 5063 2791 5106 nam
2826 5043 2936 5106 etsi
2967 5047 3313 5107 nominibus
3335 5045 3643 5123 differunt,

1992 5146 2051 5196 at
2081 5133 2431 5196 crudelitate
2478 5143 2536 5196 et
2581 5135 2885 5214 impietate
2939 5135 3196 5196 maxime
3226 5134 3645 5211 conveniunt;

1994 5224 2322 5288 efﬁciamur
2352 5243 2461 5286 nos
2489 5243 2728 5306 quoque
2759 5224 2978 5304 pietate
3011 5224 3240 5286 similes
3263 5224 3336 5285 iis
3365 5225 3470 5306 qui
3501 5233 3646 5287 tunc

1993 5317 2394 5378 decertarunt.
2431 5313 2740 5386 Quomodo
2773 5314 2933 5375 enim
2962 5333 3082 5376 non
3108 5323 3265 5377 esset
3294 5313 3646 5390 absurdum,

1993 5406 2128 5470 illos
2154 5404 2423 5483 quidem,
2445 5423 2581 5466 cum
2615 5415 2817 5467 essent
2851 5405 3043 5482 pueri,
3079 5412 3138 5466 et
3170 5423 3282 5466 nec
3304 5406 3506 5485 plures
3538 5403 3651 5466 tri-

1992 5497 2127 5581 bus,
2165 5503 2221 5565 et
2265 5497 2484 5576 alioqui
2534 5515 2666 5556 cum
2729 5495 2960 5556 nullum
3018 5495 3219 5557 adhuc
3267 5493 3653 5574 accepissent

1992 5592 2333 5673 exemplum
2369 5585 2554 5648 animi
2598 5583 3024 5673 magnitudinis
3056 5584 3118 5644 in
3153 5583 3371 5673 tuenda
3403 5584 3648 5673 pietate,

1993 5688 2106 5744 tam
2145 5671 2428 5764 praeclare
2461 5676 2803 5738 decertasse
2828 5673 2858 5732 ‘I
2889 5671 3004 5734 Nos
3031 5689 3199 5748 vero,
3234 5671 3333 5752 qui
3364 5680 3424 5736 et
3456 5671 3657 5738 multi-
