4086 6408
470 384 621 455 1071
1638 383 2025 452 ADDENDA.
2114 420 2172 431 -—
2250 383 2678 451 DECEMBER.
3695 373 3848 440 1072

463 524 674 588 tudine
704 541 910 586 sumus
934 541 1115 606 prope
1142 522 1631 604 innumerabiles,
1657 530 1718 586 et
1739 521 1935 602 multi,
1969 520 2142 599 quis.

2229 520 2644 600 παραδειγμάτων
2703 519 3053 596 εὖποροῦντας
3111 516 3422 592 τοσούτων,
3479 515 3702 594 ὀφθηναι
3760 535 3850 591 φι-

467 615 579 676 bus
609 614 760 676 nihil
793 601 962 676 deest
983 601 1060 675 ad
1082 616 1402 695 perfectam
1425 601 1680 686 atatem,
1707 621 1764 674 et
1787 601 2004 692 quibus
2031 619 2119 672 est

2229 617 2571 691 bibulam“:
2629 611 2714 666 καὶ
2772 609 3006 686 ἀγεννῶς
3053 605 3302 685 ἔχοντας,
3359 605 3442 659 καὶ
3495 603 3570 678 μῆ
3627 601 3846 680 ἕρμαιόν

468 704 645 766 etiam
663 711 824 765 tanta
849 691 1255 784 exemplorum
1289 703 1678 784 capia,videri
1705 691 1838 762 vita
1867 699 2120 780 cupidos

2229 725 2252 757 't
2283 703 2374 758 τὸν
2419 702 2601 777 καιρὸν
2630 700 2885 777 ἁρπάσαι,
2930 699 3016 752 καὶ
3061 697 3463 774 καταφρονῆσαι
3520 691 3617 767 μὶν
3675 714 3846 770 προσ-

469 803 531 856 et
561 793 774 873 ignavo
809 792 1168 874 abjectoquo
1202 811 1336 856 esse
1364 794 1585 868 animo,
1621 798 1684 855 et
1716 809 1834 852 non
1866 789 2120 851 oblatam

2229 792 2386 870 ιαίρου
2427 793 2571 862 ζωῆς
2629 788 2760 866 ὑπὲρ
2817 793 2910 844 τοῦ
2963 785 3328 851 πεποιηκότος
3369 784 3512 855 ἡμᾶς
3573 788 3705 837 Θεοῦ
3762 784 3850 836 καὶ

464 881 841 945 occasionem
877 891 1153 963 tanquam
1211 883 1443 945 lucrum
1497 881 1790 962 arripere,
1843 888 1902 942 et
1942 880 2117 951 hanc,

467 989 600 1051 qua
631 977 721 1033 est
753 969 826 1032 ad
857 972 1304 1053 tempus,vitam
1354 970 1667 1050 despicere
1701 988 1805 1051 pro
1837 972 1983 1042 Deo,
2021 968 2122 1048 qui

468 1077 579 1122 nos
611 1059 771 1136 fecit,
800 1068 860 1122 et
879 1077 1045 1122 suam
1070 1061 1330 1124 animam
1354 1061 1520 1123 dedit
1551 1079 1656 1142 pro
1680 1058 1852 1122 nobis
1870 1058 1943 1120 ad
1971 1075 2126 1119 mor-

464 1157 617 1224 tem,
651 1148 1061 1212 testimonium
1087 1159 1286 1212 autem
1320 1150 1506 1212 ﬁrma
1531 1157 1589 1210 et
1611 1149 1879 1211 infracta
1909 1156 2127 1208 nostra

469 1237 613 1301 ﬁdei
643 1245 905 1300 nostram
940 1239 1211 1320 prabere
1236 1247 1488 1302 mortem
1509 1238 1540 1299 ?
1570 1238 1706 1301 Hac
1733 1247 1928 1301 autem
1963 1236 2121 1312 dico,

465 1326 697 1390 etiamsi
723 1327 887 1390 nulla
916 1338 1076 1391 esset
1097 1346 1206 1411 pro
1231 1329 1326 1390 his
1354 1327 1783 1391 remuneratio.
1815 1325 1959 1389 Cum
1986 1344 2124 1386 vero

465 1415 588 1478 sint
616 1416 798 1480 valde
821 1435 1014 1498 parva
1035 1417 1218 1498 hujus
1236 1418 1523 1498 temporis
1541 1417 1874 1498 passiones,
1902 1416 1952 1477 si
1976 1435 2122 1477 con-

469 1505 740 1567 ferantur
760 1524 894 1568 cum
928 1506 1002 1567 iis
1026 1525 1160 1587 qua
1178 1513 1323 1568 sunt
1340 1506 1466 1568 illic
1495 1503 2080 1568 remunerationibus
2107 1524 2124 1581 ;

469 1602 530 1657 et
551 1594 669 1656 vita
699 1594 944 1676 quidem
976 1613 1191 1676 expers
1225 1595 1515 1658 molestia
1545 1603 1603 1657 et
1633 1604 1992 1675 aterna,pro
2019 1595 2128 1656 hac

2205 868 2305 948 τὴν
2347 881 2533 936 ἑαυτοῦ
2578 878 2766 957 ψυχὴν
2795 876 2924 954 ὑπὲρ
2953 877 3106 950 ἡμῶν
3151 876 3224 936 εἷς
3269 872 3493 929 θάνατον
3537 868 3850 949 δεδωκότος,

2208 970 2494 1048 μαρτύριον
2551 966 2606 1024 δὲ
2659 969 2758 1033 τῆς
2809 965 3063 1044 ἆῤῥαγοῦς
3096 966 3251 1034 ἡμῶν
3311 963 3537 1026 πίστεως
3588 962 3679 1017 τὸν
3725 961 3853 1016 ἐαυ-

2208 1061 2313 1117 τῶν
2355 1060 2578 1116 θάνατον
2607 1069 2946 1136 παρωχεϊνν
2981 1074 2997 1129 ς
3030 1061 3203 1112 Ταῦτα
3247 1051 3300 1108 δέ
3331 1075 3470 1132 φημι
3501 1049 3600 1108 κᾶν
3644 1053 3688 1108 εἰ
3718 1050 3855 1127 μηδὲ

2208 1151 2303 1223 μία
2359 1172 2442 1214 τις
2498 1148 2628 1226 ὑπὲρ
2685 1147 2886 1203 τούτων
2932 1141 3191 1206 ἀντίδοσις
3237 1141 3304 1209 ἧν
3346 1147 3362 1172 ⁶
3405 1141 3520 1198 ἐπεὶ
3581 1139 3636 1196 δὲ
3696 1142 3858 1217 μικρὰ

2208 1239 2324 1296 λίαν
2377 1241 2440 1297 τὰ
2496 1239 2786 1314 παθήματα
2847 1243 2939 1294 τοῦ
2995 1240 3081 1290 νῦν
3139 1239 3326 1311 καιροῦ
3401 1233 3533 1310 πρὸς
3589 1232 3685 1297 τας
3743 1230 3860 1286 ἐκεῖ

2210 1325 2622 1405 μισθαποδοσίας
2683 1322 3157 1404 παραϐαλλόμενα,
3218 1323 3306 1377 καὶ
3389 1324 3504 1392 ζωὴ
3565 1320 3662 1396 μὲν
3722 1319 3858 1376 ἄλυ-

2207 1440 2307 1482 πος
2351 1421 2438 1474 καὶ
2467 1417 2680 1480 αἰώνιος
2711 1416 2826 1470 ἀντὶ
2868 1419 2966 1480 τῆς
3020 1411 3274 1468 ἐπιπόνου
3325 1409 3523 1478 ταύτης
3577 1412 3664 1467 καὶ
3722 1411 3856 1488 βρα-

2210 1507 2392 1587 χείας,
2453 1505 2574 1572 δόξα
2629 1503 2684 1561 δὲ
2729 1501 2972 1579 οὐδαμῶς
3036 1499 3278 1580 λήγουσα
3336 1499 3450 1557 ἀντὶ
3491 1501 3590 1567 τῆς
3635 1500 3860 1557 ἀπίστου

2211 1599 2299 1654 καὶ
2353 1593 2541 1672 ῥᾳδίως
2603 1596 3090 1672 μεταπιπτούσης,
3156 1589 3386 1652 πλοῦτός
3429 1611 3488 1646 τε
3533 1589 3727 1654 ἄσυλος
3770 1593 3861 1649 καὶ

471 1683 641 1746 brevi
665 1693 722 1746 et
745 1683 1078 1762 laboriosa;
1103 1685 1293 1764 gloria
1322 1691 1525 1747 autem
1551 1702 1854 1765 nunquam
1887 1700 2128 1746 cessans

2229 1685 2378 1755 ἡδονὴ
2436 1684 2708 1761 μηδέποτέ
2761 1686 2890 1762 πρὸς
2957 1681 3131 1748 λύπην
3193 1691 3580 1760 μεταχωροῦσα
3615 1698 3631 1713 ⁸
3693 1684 3859 1758 ἡμεῖς

468 1791 575 1854 pro
633 1772 818 1834 inﬁda
857 1781 916 1836 et
962 1792 1098 1853 qua
1127 1773 1301 1836 facile
1331 1773 1595 1851 excidit;
1644 1781 1705 1836 et
1733 1772 1952 1835 divitia
1995 1790 2130 1854 qua

2229 1777 2290 1832 ἔτι
2346 1773 2778 1854 συμπαραμένειν
2858 1773 3212 1851 ἀγαπήσομεν
3284 1782 3404 1834 τοῖς
3462 1779 3711 1850 παροῦσι,
3772 1773 3861 1828 καὶ

469 1861 695 1944 surripi
715 1871 1113 1943 nequeunt,et
1136 1862 1570 1944 voluptas,qua
1596 1880 1899 1943 nunquam
1917 1860 2130 1922 transit

2229 1866 2336 1945 δῦχὶ
2365 1867 2629 1944 πρόφασιν
2660 1862 2866 1939 μᾶλλον
2897 1863 3028 1938 πρὸς
3073 1860 3172 1928 τὴν
3215 1859 3332 1916 ἐκεῖ
3374 1857 3526 1925 δόξαν
3583 1861 3672 1916 τὸν
3729 1861 3862 1941 ὑπὲρ

469 1949 544 2012 ad
576 1951 934 2033 molestiam,
967 1970 1077 2014 nos
1109 1951 1304 2014 adhuc
1360 1951 1422 2013 in
1456 1951 1854 2032 praesentibus
1887 1969 2131 2013 manere

2229 1960 2441 2033 Κριστοῦ
2496 1953 2722 2009 θαίνατον
2782 1953 3020 2030 εὑρόντες
3076 1953 3148 2013 ὡς
3193 1949 3362 2028 τάχος
3397 1947 3861 2024 μεταϐησόμεθα;

473 2039 998 2120 concupiscemus,
1024 2048 1083 2102 et
1109 2058 1230 2102 non
1255 2040 1452 2122 potius
1478 2059 1612 2102 cum
1633 2040 1707 2103 ad
1736 2059 1864 2103 eam
1889 2059 2020 2123 qua
2044 2049 2132 2103 est

2229 2047 2314 2103 ίαὶ
2343 2045 2394 2100 τί
2424 2042 2482 2100 ἂν
2533 2043 2658 2099 Ξὶλλο
2691 2050 2992 2113 ποιοῦντες,
3027 2038 3161 2106 ἄξιοι
3206 2042 3515 2116 θρηνεῖσθαι
3567 2042 3708 2118 παρὰ
3757 2048 3866 2097 τῶν

471 2127 597 2190 illic
627 2129 1020 2210 gloriam,pro
1054 2130 1293 2192 Christo
1317 2128 1636 2192 subeundo
1661 2139 1938 2210 mortem,
1970 2129 2130 2190 inve-

2229 2134 2542 2215 ρρονούντων
2603 2136 2659 2188 εὖ
2713 2129 3124 2211 κριθησόμεθα,
3186 2127 3490 2204 Μνήσθητε,
3554 2129 3756 2205 μᾶλλον
3813 2129 3866 2186 δὲ

468 2217 738 2281 norimus
799 2218 1184 2300 perveniendi
1234 2219 1638 2294 occasionem,
1685 2220 2125 2301 quamprimum

2229 2225 2299 2279 ιαὶ
2342 2224 2474 2301 πρὸς
2517 2223 2579 2278 τὰ
2649 2221 3024 2298 θυσιαστήριον
3087 2215 3451 2293 ἀποϐλέψατε.
3507 2219 3728 2277 Τέθυται
3787 2222 3874 2275 καὶ

471 2306 850 2370 subibimus?
877 2307 950 2370 Et
973 2309 1258 2386 quidnam
1291 2309 1452 2370 aliud
1474 2309 1790 2390 facientes,
1825 2309 1900 2370 ab
1923 2309 1997 2370 iis
2025 2309 2127 2389 qui

2229 2314 2340 2392 »περ
2394 2314 2550 2386 ἡμῶν
2611 2316 2638 2368 ὁ
2694 2311 2952 2386 ἡμέτερος
2988 2307 3194 2374 ἀληθὴς
3257 2307 3560 2375 Δεσπότης,
3601 2310 3738 2390 Οὐχὶ
3786 2310 3872 2364 καὶ

468 2397 734 2478 sapiunt,
780 2395 1212 2478 judicabimur,
1265 2398 1379 2460 nisi
1412 2397 1603 2476 digni,
1637 2398 1742 2476 qui
1775 2397 2130 2476 lugeamur?

2229 2406 2376 2478 άμεῖς
2422 2402 2552 2479 ὑπὲρ
2594 2403 2779 2458 τούτου
2823 2401 2878 2455 ἐν
2938 2400 3089 2471 τόπῳ
3146 2395 3281 2471 τῷδε
3342 2398 3479 2474 ἁγίῳ
3537 2399 3629 2461 τὰς
3689 2403 3872 2478 ψυχὰς

467 2489 853 2574 Mementote,
905 2492 1025 2553 imo
1081 2510 1221 2555 vero
1271 2491 1526 2573 aspicite
1579 2491 1654 2552 ad
1693 2509 1882 2554 aram.
1941 2489 2132 2554 Verus

2229 2495 2584 2572 προησόμεθα,
2645 2493 2734 2548 καὶ
2793 2489 2865 2553 ὤς
2939 2510 3055 2544 τινα
3126 2486 3304 2544 θυσίαν
3383 2487 3571 2562 ἐκείνῳ
3623 2490 3700 2562 τῷ
3752 2490 3878 2568 πυρὶ

471 2579 636 2642 enim
669 2589 872 2644 noster
899 2581 1190 2644 Dominus
1221 2581 1332 2644 fuit
1385 2600 1492 2664 pro
1526 2581 1701 2643 nobis
1733 2581 2130 2645 sacriﬁcatus.

2229 2584 2407 2647 ταύτας
2439 2580 2882 2653 ὀλοκαυτώσομεν
2920 2598 2936 2651 ς

476 2667 609 2732 Non
643 2689 752 2731 nos
787 2687 1028 2752 quoque
1079 2689 1186 2752 pro
1214 2688 1290 2734 eo
1321 2658 1545 2734 in'loco
1580 2679 1788 2734 sancto
1831 2672 2061 2734 animas
2093 2669 2522 2752 prot'undemus
2577 2676 2632 2731 et
2663 2668 2846 2730 veluti
2903 2669 3200 2750 quoddam
3233 2667 3594 2730 sacriﬁcium
3628 2685 3729 2729 eas
3783 2658 3868 2728 illi

471 2759 598 2838 igni
631 2761 957 2821 oiferemus
992 2761 1052 2821 in
1081 2759 1552 2822 holocaustum?

551 2847 816 2914 XXVIII.
851 2849 996 2913 Cum
1029 2849 1115 2911 sic
1144 2849 1417 2927 dixisset,
1469 2870 1681 2914 omnes
1737 2851 2018 2932 incitavit,
2074 2859 2133 2913 et

2301 2852 2430 2910 KO'.
2493 2850 2672 2913 Οὕτως
2733 2850 2918 2931 εἰπὼν,
2961 2849 3220 2928 παρέθηξε
3280 2851 3481 2914 πάντας
3550 2851 3718 2925 εὐθὺς,
3784 2851 3870 2906 καὶ

475 2939 672 3004 eﬁ'ecit
692 2948 756 3002 ut
773 2940 1425 3004 moriendivehementi
1441 2949 1792 3005 tenerentur
1806 2941 2127 3004 desiderio.

2229 2941 2448 3020 ἠρέθισε,
2511 2941 2597 2996 καὶ
2669 2941 2800 3019 πρὸς
2857 2942 2948 2996 τὸν
3005 2939 3229 2999 θὶνατον
3279 2941 3506 3016 ἑτοίμως
3567 2939 3716 3020 ἔχειν
3782 2941 3870 2996 καὶ

475 3029 664 3095 Simul
697 3031 894 3112 itaque
926 3049 1062 3093 cum
1097 3030 1197 3092 illo
1231 3030 1463 3094 beatam
1498 3031 1658 3093 illam
1687 3050 1896 3094 vocem
1928 3031 2130 3094 excla-

2229 3027 2514 3104 Ξιψητικώς
2569 3029 2984 3108 παρεσκεύασεν,
3073 3031 3269 3086 Αὒτίκα
3334 3031 3506 3087 τοίνυν
3588 3034 3720 3106 ὃμοῦ
3777 3031 3870 3084 σὺν

475 3128 809 3198 maveruut,
863 3120 1184 3184 Christiani
1226 3130 1458 3202 sumus,
1517 3121 1860 3198 Christiani,
1897 3129 1953 3183 et
1987 3122 2132 3182 deos

2229 3118 2407 3192 ἐκείνῳ
2491 3121 2590 3186 τὴν
2678 3120 2937 3196 μαιορίαν
3013 3120 3231 3198 φωνην,
3314 3121 3618 3196 Χριστιανοί
3687 3120 3868 3192 ἐσμεν,

477 3221 635 3286 tuos,
665 3229 700 3273 ο
731 3214 1074 3291 imperator,
1114 3229 1232 3272 non
1287 3210 1578 3276 colemus.
1613 3211 1750 3275 Hac
1783 3211 2138 3272 Maximiano

2229 3206 2414 3282 ἐϐόων,
2476 3210 2804 3286 Χριστιανοὶ,
2867 3209 2954 3264 καὶ
2997 3221 3114 3269 τοῖς
3161 3211 3310 3270 θεοῖς
3370 3231 3489 3284 σου,
3542 3207 3784 3285 βασιλεῦ,
3818 3207 3878 3264 οὒ

479 3298 725 3379 quidem
758 3298 1242 3361 annuntiabantur
1273 3322 1291 3379 ;
1325 3300 1430 3362 ille
1460 3309 1658 3362 autem
1691 3319 1826 3362 cum
1853 3319 1928 3362 ne
1960 3300 2137 3362 ﬁnem

2229 3295 2600 3374 λατρεύωμεν.
2661 3305 2833 3352 Ταυτα
2892 3294 3194 3374 ἠγγέλλετο
3254 3295 3351 3371 μὲν
3410 3296 3726 3373 Μαξιμιανῷ
3762 3314 3777 3329 ·
3855 3299 3882 3354 δ

479 3389 728 3466 quidem
755 3396 1162 3469 exspectasset
1187 3390 1494 3465 orationis,
1522 3391 1702 3470 jussit
1729 3390 1790 3450 in
1815 3407 1917 3450 eos
1940 3388 2140 3465 ignem

2229 3384 2277 3441 δὲ
2338 3383 2475 3461 μηδὲ
2517 3387 2579 3441 τὸ
2622 3391 2715 3441 τοῦ
2758 3384 2921 3462 λόγου
2951 3383 3115 3457 πέρας
3164 3384 3451 3458 ἀναμείνας
3499 3387 3560 3442 τὸ
3592 3393 3692 3464 πῦρ
3757 3386 3884 3444 ἐκέ-

481 3477 752 3553 accendi,
789 3485 846 3539 et
879 3496 983 3539 eos
1013 3497 1131 3540 una
1162 3498 1296 3541 cum
1353 3480 1577 3560 templo
1617 3481 1807 3558 exuri,
1847 3487 1910 3539 ut
1942 3477 2142 3539 nullus

2229 3472 2342 3530 λευε
2372 3471 2491 3530 κατ’
2536 3473 2707 3532 αὖτῶν
2754 3472 2976 3549 ἀνάψαι,
3048 3475 3137 3530 καὶ
3181 3475 3273 3531 σὺν
3330 3478 3406 3549 τῷ
3436 3480 3547 3549 ναῷ
3603 3484 3887 3534 κατακαῦ-

483 3585 692 3630 eorum
727 3584 837 3628 nec
873 3567 1343 3630 misericordiam
1396 3579 1787 3642 consecutus,
1822 3584 2017 3644 neque
2049 3566 2144 3627 la-

484 3665 616 3719 tens
650 3665 849 3737 posset
874 3656 1163 3735 effugere.
1198 3658 1288 3720 Pii
1320 3677 1456 3721 vero
1481 3677 1620 3721 cum
1649 3674 1859 3718 omnes
1885 3673 2143 3735 congre-

481 3755 720 3828 gassent
749 3747 925 3808 simul
957 3749 1441 3824 catechumenos,
1470 3747 1630 3809 viros
1657 3754 1716 3809 et
1745 3745 2052 3822 mulieres,
2089 3751 2148 3808 et

487 3855 727 3919 pueros,
749 3856 974 3918 eosque
995 3837 1054 3900 in
1084 3848 1337 3919 quatuor
1361 3837 1730 3912 divisissent,
1749 3846 1956 3917 utpote
1985 3836 2142 3917 quod

487 3938 722 4008 tempus
745 3928 1069 4007 postularet
1093 3928 1602 4003 celeritatem,eos
1633 3927 1832 3989 divino
1851 3927 2142 4008 baptismo

488 4016 824 4098 perﬁciunt,
895 4025 955 4078 et
1013 4018 1332 4080 chrismate
1383 4027 1634 4100 ungunt,
1694 4027 1754 4080 et
1813 4037 1916 4081 eos
1987 4017 2144 4080 inte-

491 4105 733 4167 meratis
778 4106 1132 4187 impertiunt
1175 4115 1588 4172 sacramentis.
1633 4108 1912 4171 Protinus
1941 4117 2144 4169 autem

491 4195 739 4258 aderant
769 4196 1029 4258 ministri
1051 4216 1288 4278 quoque
1313 4198 1718 4280 Imperatoris,
1747 4207 1804 4258 et
1824 4197 2026 4276 ignem
2048 4215 2146 4258 ac-

494 4285 868 4364 cendebant;
900 4286 1122 4367 illeque
1148 4288 1310 4349 omni
1335 4307 1404 4350 ex
1438 4299 1603 4370 parte
1630 4287 1949 4350 tollebatur
1971 4286 2030 4346 in
2056 4286 2148 4346 al-

494 4383 618 4437 tum
657 4397 674 4450 ;
730 4384 788 4437 et
819 4395 954 4437 cum
1005 4384 1183 4438 totam
1214 4376 1774 4457 comprehendisset
1805 4375 2145 4454 ecclesiam,

2226 3585 2314 3619 σαι
2373 3563 2601 3639 πάντας,
2659 3566 2733 3627 ὡς
2779 3561 2980 3640 μηδένα
3027 3565 3228 3622 τούτων
3274 3563 3402 3640 μήτ’
3436 3563 3614 3628 ἐλέους
3647 3567 3888 3645 τυχόντα

2227 3654 2368 3730 μήτε
2425 3653 2532 3727 μὴν
2573 3652 2749 3718 ἄλλως
2809 3651 3060 3732 λαθόντα,
3117 3653 3336 3712 δυνατὸν
3382 3654 3627 3734 γέιέσθαι
3691 3653 3887 3734 διαφυ-

2228 3758 2373 3821 γεῖν.
2440 3746 2500 3802 Οἱ
2557 3753 2682 3823 γοῦν
2728 3741 2965 3808 εὐσεϐεῖς
3011 3744 3134 3808 τοὺς
3180 3744 3628 3825 κατηχουμένους
3679 3746 3886 3808 πάντας

2230 3834 2619 3911 συναγαγόντες
2675 3832 2863 3913 ἄνδρας
2918 3855 2976 3891 τε
3033 3836 3128 3890 καί
3187 3849 3445 3913 γυναῖκας
3510 3835 3596 3891 καὶ
3660 3832 3782 3891 ὅσον
3829 3834 3882 3891 ἐν

2227 3923 2408 3980 παισὶν
2442 3923 2529 3999 ἦν,
2583 3924 2670 3980 καὶ
2719 3925 2934 3984 τούτους
2967 3925 3039 3988 εἰς
3093 3924 3324 4002 τέσσαρα
3353 3923 3758 3998 διαστήσαντες,
3807 3927 3881 3990 ὡς

2228 4010 2289 4069 ἂν
2330 4018 2642 4094 ταχυτῆτος
2702 4017 2793 4073 τοῦ
2846 4020 3029 4090 καιροῦ
3073 4010 3345 4090 δεομένου,
3395 4017 3470 4090 τῷ
3517 4014 3639 4089 θείῳ
3681 4016 3877 4092 βαπτί-

2231 4124 2395 4178 σματι
2451 4103 2733 4179 τελειοῦσι,
2796 4105 2943 4181 μύρῳ
2992 4123 3049 4158 τε
3102 4103 3336 4182 χρίουσι,
3381 4103 3477 4159 καί
3528 4109 3633 4162 τῶν
3665 4103 3880 4184 ἄχραν-

2231 4214 2338 4247 των
2395 4195 2698 4270 μυστηρίων
2751 4189 3109 4268 μεταδιδοῦσι.
3159 4193 3407 4272 Παρῆσαν
3436 4193 3491 4250 δὲ
3537 4195 3624 4250 καὶ
3681 4197 3729 4256 οἱ
3791 4197 3884 4251 τοῦ

2231 4279 2492 4356 βασιλέως
2552 4281 2760 4361 αὒτίκα,
2820 4283 2907 4337 καὶ
2975 4283 3037 4337 τὸ
3117 4288 3220 4360 πῦρ
3302 4282 3542 4351 ἀνῆπτον
3575 4303 3590 4321 ο
3658 4281 3884 4341 κακεῖνο

2235 4371 2570 4450 πανταχόθεν
2623 4372 2698 4434 εἰς
2729 4369 2861 4446 ὕψος
2907 4367 3089 4451 ᾔρετο,
3153 4371 3241 4428 καὶ
3287 4375 3388 4440 τὴν
3431 4371 3719 4441 ἐκκλησίαν
3750 4372 3886 4441 ὅλην

491 4465 552 4525 in
587 4483 770 4526 unum
823 4465 1187 4528 ascendebat
1234 4468 1546 4541 verticem,
1603 4463 1804 4525 omnia
1843 4475 1962 4523 tam
2014 4481 2142 4542 qua

2235 4457 2522 4536 περιλαϐὸν
2581 4461 2654 4523 εἰς
2714 4460 2839 4534 μίαν
2895 4464 3131 4541 κορυφὴν
3198 4461 3375 4542 ἀνῄει,
3439 4463 3611 4520 πάντα
3671 4464 3738 4519 τὰ
3787 4463 3889 4530 ’ἐξω

493 4563 663 4617 erant
693 4561 857 4616 extra
888 4574 1017 4616 eam
1053 4573 1230 4636 quam
1265 4574 1398 4633 qua
1425 4555 1599 4634 intra,
1630 4552 1982 4633 depascens.
2014 4551 2142 4613 Fre-

2237 4569 2292 4604 τε
2357 4549 2446 4604 καὶ
2502 4548 2567 4603 τὰ
2629 4547 2774 4605 ἔνδον
2833 4548 3238 4627 ἐπινεμόμενον.
3297 4554 3369 4609 Τὸ
3425 4553 3522 4628 μὲν
3575 4552 3665 4609 οὖν
3715 4551 3889 4610 δεινὸν

494 4661 664 4706 mens
696 4647 894 4724 itaque
925 4644 1146 4706 malum
1181 4643 1498 4724 ingruebat
1543 4642 1954 4722 gravissimum
1992 4662 2008 4723 ;
2068 4641 2151 4703 illi

495 4742 696 4795 autem
732 4733 890 4795 intus
920 4752 1131 4813 magna
1165 4753 1308 4796 voce
1360 4733 1431 4794 ad
1464 4732 1651 4795 Deum
1702 4731 2060 4808 clamabant,
2096 4740 2154 4794 et

500 4821 798 4886 canebant
853 4824 1146 4884 canticum
1184 4842 1533 4904 puerorum,
1589 4841 1828 4884 omnem
1890 4830 2150 4885 creatam

496 4922 776 4975 naturam
813 4919 1094 4974 vocantes
1125 4913 1200 4974 ad
1233 4913 1510 4974 choream
1544 4932 1560 4989 ;
1592 4930 1786 4992 neque
1821 4912 1984 4992 prius
2015 4931 2152 4973 ces-

499 5010 706 5064 sarunt
735 5001 1103 5082 gloriﬁcare,
1135 5021 1308 5083 quam
1333 5000 1532 5065 oblata
1563 5010 1763 5063 essent
1787 5009 2032 5082 accepta
2052 5020 2151 5064 sa-

498 5091 750 5172 criﬁcia,
781 5104 962 5153 casta
993 5091 1206 5154 hostia
1249 5109 1424 5172 agno,
1459 5091 1560 5173 qui
1613 5090 1724 5152 fuit
1775 5109 1881 5172 pro
1931 5091 2153 5154 mundo

499 5199 556 5244 m
567 5199 635 5243 ac
645 5189 823 5242 tatus.

580 5268 798 5334 XXIX.
837 5266 1111 5350 Quinque
1135 5268 1267 5332 dies
1300 5268 1683 5347 transierant,
1711 5277 1772 5332 et
1792 5269 1947 5349 ignis
1968 5268 2155 5351 depa-

504 5360 717 5422 scebat
739 5358 1237 5423 materiam.Cum
1262 5378 1402 5422 vero
1428 5359 1668 5421 ﬂamma
1679 5359 1802 5440 jam
1838 5369 2153 5436 cessasset,

500 5449 699 5509 nullus
722 5451 951 5522 quidem
986 5461 1129 5510 teter
1158 5454 1299 5513 odor
1331 5453 1702 5520 sentiebatur,
1731 5469 1838 5512 nec
1857 5469 1927 5512 ex
1950 5470 2160 5527 corpo-

496 5535 690 5614 ribus,
715 5554 826 5600 nec
849 5555 919 5600 ex
954 5537 1158 5616 fumo;
1192 5538 1666 5621 spirabatautem
1693 5546 1888 5621 potius
1911 5540 2154 5621 quidam

496 5625 693 5688 suavis
725 5637 784 5690 et
806 5627 958 5692 mire
990 5629 1255 5711 fragrans
1286 5630 1458 5693 odor.
1480 5630 1825 5712 Apparebat
1845 5648 1984 5692 vero
2015 5631 2186 5713 qui-_

497 5715 632 5780 dam
667 5719 892 5801 radius,
920 5721 1043 5784 auri
1078 5721 1375 5784 rutilantis
1397 5721 1664 5804 speciem
1689 5738 1815 5800 pra
1838 5738 1904 5783 se
1929 5720 2152 5796 ferens,

2236 4637 2432 4716 βρέμον
2491 4637 2644 4715 ἐπῄει
2680 4654 2694 4668 '
2758 4640 2806 4697 οἱ
2865 4637 2920 4695 δὲ
2969 4639 3112 4699 ἔνδον
3155 4641 3294 4721 μέγα
3327 4644 3458 4716 πρὸς
3491 4644 3621 4700 θεὸν
3653 4642 3885 4723 ἀνέκρα-

2237 4728 2348 4804 ξον,
2413 4729 2498 4785 καὶ
2553 4729 2653 4797 τὴν
2709 4739 2815 4787 τῶν
2869 4728 3068 4787 παίδων
3119 4729 3247 4810 ᾖδον
3293 4734 3474 4812 φωνὴν
3534 4740 3708 4791 πᾶσαν
3755 4737 3885 4814 πρὸς

2238 4819 2454 4901 χορείαν
2506 4817 2792 4885 καλοῦντες
2849 4820 2948 4888 τὴν
2993 4821 3164 4878 κτίσιν
3200 4840 3216 4858 ⁶
3279 4825 3363 4880 καὶ
3415 4825 3474 4881 ού
3519 4823 3646 4904 πρὶν
3675 4822 3891 4890 δοξολο·

2237 4916 2449 4987 γοῦντες
2505 4910 2805 4967 ἓπαύσαντο
2858 4911 2893 4978 ἣ
2949 4910 3132 4968 τέλεον
3223 4911 3665 4992 ὂλοΑαρπωθῆναι
3727 4913 3906 4972 δεκτὰ·

2236 5000 2464 5076 θύματα,
2507 5001 2679 5078 ἱερεῖα
2708 4999 2869 5081 ἁγνὰ,
2915 5007 2993 5074 τῷ
3047 5000 3179 5080 ὑπὲρ
3232 5010 3326 5060 τοῦ
3384 5002 3588 5082 κόσμου
3646 5026 3889 5085 σφαγια-

2237 5087 2408 5146 σθέντι
2454 5089 2630 5166 ἆμνῷ,

2325 5257 2454 5328 Ke'.
2495 5268 2656 5324 Πέντε
2707 5265 2916 5335 διῆλθον
2972 5267 3191 5348 ἡμέραι,
3252 5273 3340 5329 καὶ
3385 5275 3445 5330 τὸ
3497 5281 3597 5355 πῦρ
3629 5275 3887 5345 τὴνῦλην

2242 5359 2475 5434 ἐνέμετο.
2538 5358 2683 5426 (Ἤδη
2740 5358 2795 5414 δὲ
2851 5360 2947 5428 τῆς
3033 5360 3236 5442 φλογὸς
3303 5371 3652 5444 παυσαμένης
3725 5367 3886 5436 ἀηδία

2241 5450 2338 5526 μὲν
2369 5449 2485 5505 οὐδὲ
2535 5448 2630 5524 μία
2680 5449 2743 5516 ἧν
2776 5447 2882 5505 ἀπό
2911 5471 2967 5506 τε
3026 5456 3123 5518 τῆς
3180 5453 3419 5521 καύσεως
3465 5457 3573 5514 τῶν
3617 5459 3884 5533 σωμάτων

2238 5540 2324 5595 καὶ
2396 5545 2489 5596 τοῦ
2565 5545 2767 5596 καπνοῦ
2803 5554 2816 5568 ⁸
2902 5537 3089 5600 εὐωδία
3147 5539 3202 5598 δὲ
3260 5543 3466 5620 μᾶλλον
3525 5547 3744 5605 δπέπνει
3799 5551 3887 5605 καὶ

2239 5626 2436 5718 σφόδρα
2493 5626 2652 5695 ηδεῒα
2687 5676 2702 5704 ,
2763 5628 2911 5696 ἀκτίς
2995 5653 3053 5689 τε
3109 5629 3403 5716 διεφαίνετο
3459 5641 3892 5718 χρυσαυγίζουσα

2237 5717 2480 5776 ποικίλον
2535 5741 2586 5776 τι
2646 5720 2734 5779 καὶ
2797 5721 3036 5803 χαρίτων
3120 5726 3316 5801 μεστὸν
3377 5725 3573 5809 ἱλαρῶς
3630 5717 3891 5810 ἀπολάμ-
