4086 6412
444 467 600 534 1075

1611 461 1930 526 ADDEND
1945 463 2011 522 A.
2073 492 2146 503 -
2207 459 2633 522 DECEMBER.

3683 455 3837 521 1076

442 604 582 661 hcre
630 597 857 662 bellum
890 597 1182 678 gerimus,
1219 593 1644 672 transfugistis.
1699 591 1770 654 Et
1799 593 1978 655 simul
2009 593 2098 655 dat

2191 593 2302 657 ἅμα
2358 595 2458 662 τὴν
2500 591 2792 660 επιστολὴν
2837 591 3220 670 ὰνὰγινώσκειν
3275 589 3468 653 ἐδίδου.
3539 588 3837 670 Ἐπὲτρεπε

441 693 529 750 eis
550 692 850 764 legendam
877 689 1200 761 epistolam.
1239 687 1411 745 Jussit
1438 701 1574 744 vero
1597 701 1724 744 eum
1748 687 2100 758 quoque,qul

442 785 856 858 apportaverat
878 775 1040 836 illam
1077 773 1399 835 introduci.
1435 772 1620 844 Quem
1649 791 1783 834 cum
1819 772 2103 862 vidissent

443 874 754 946 martyres,
792 863 961 927 valde
1005 863 1184 925 laetati
1217 870 1356 925 sunt
1409 862 1635 936 animo,
1672 880 1954 943 eumque,
1991 870 2101 923 etsl

443 954 650 1035 procul
675 951 1098 1027 starent,vultu
1114 959 1172 1012 et
1189 961 1336 1014 nutu
1350 949 2101 1012 salutarunthlaximianus

441 1051 642 1106 autem
698 1043 912 1104 fastum
970 1040 1287 1122 quemdam
1321 1047 1379 1101 et
1436 1040 1708 1120 spiritum
1768 1040 2102 1120 suscipiens

448 1131 762 1213 principis,
799 1143 856 1193 et
884 1129 1232 1191 immaniter
1276 1147 1412 1189 eum
1447 1133 1690 1190 intuens
1724 1151 1737 1192 :
1771 1127 1876 1190 Dic
1929 1129 2098 1202 mihi,

443 1219 662 1299 inquit,
699 1219 935 1293 infelix,
972 1218 1107 1300 quis
1147 1226 1256 1290 est,
1294 1217 1394 1298 qui
1426 1217 1552 1279 haec
1603 1217 1708 1279 tibi
1743 1218 2010 1298 tradidit,
2046 1227 2102 1279 et

442 1309 692 1373 ubinam
723 1309 868 1371 latet
900 1317 1195 1370 terrarum
1222 1305 1248 1369 ?
1280 1307 1580 1368 Diaconus
1601 1325 1766 1381 vero,
1801 1325 1934 1368 cum
1970 1325 2100 1367 ma-

442 1417 560 1478 gna
580 1417 724 1461 voce
746 1398 923 1460 tacite
941 1397 1014 1459 ad
1038 1396 1225 1458 Deum
1251 1396 1416 1475 prius
1443 1395 1780 1475 clamasset,
1815 1410 1873 1458 et
1906 1397 2102 1477 petiis—

444 1495 558 1564 set,
589 1497 657 1550 ut
683 1485 1116 1549 convenienter
1144 1485 1472 1545 verissima)
1505 1484 1893 1563 promissioni
1927 1485 2102 1546 dare-

444 1582 546 1638 tur
586 1575 703 1638 sibi
733 1577 854 1638 oris
903 1574 1173 1655 apertio:
1228 1573 1340 1645 Qui
1373 1572 1620 1643 litteras,
1659 1573 1875 1653 inquit,
1909 1573 2098 1648 dedit,

445 1683 583 1727 cum
610 1666 686 1726 sit
716 1672 939 1746 pastor,
962 1673 1023 1725 et
1054 1663 1259 1743 procul
1293 1661 1468 1735 absit,
1492 1680 1726 1741 gregem
1761 1663 2104 1724 cohortatur

448 1761 508 1816 et
528 1753 737 1816 incitat
756 1753 828 1816 ad
862 1753 1166 1833 pietatem:
1200 1759 1259 1811 et
1282 1750 1539 1812 maxime
1562 1769 1697 1812 cum
1729 1751 1984 1812 senserit
2015 1752 2104 1814 in-

446 1843 788 1905 cursionem
812 1842 1090 1923 luporum
1118 1849 1178 1902 et
1204 1839 1486 1902 ferarum.
1517 1839 1684 1901 Tunc
1708 1841 1867 1901 enim
1899 1841 2015 1901 alta
2046 1849 2103 1903 et

443 1931 606 1994 clara
633 1949 777 1994 voce
806 1949 915 1992 suo
938 1928 1102 2009 gregi
1132 1930 1406 2010 imperat,
1442 1942 1500 1990 et
1529 1948 1660 2010 quae
1690 1930 1803 1990 sint
1833 1929 2101 1992 facienda

440 2020 756 2100 signiﬁcat.
781 2019 924 2092 Quae
966 2030 1164 2082 autem
1192 2018 1362 2098 dicit,
1396 2037 1517 2079 non
1567 2025 1703 2079 sunt
1733 2036 1862 2098 sua,
1896 2019 1998 2079 sed
2032 2036 2101 2080 ea

440 2115 673 2192 accepit
702 2127 737 2171 a
766 2111 957 2191 primo
991 2107 1362 2189 pastore,qui
1395 2107 1580 2170 dicit:
1623 2107 1854 2170 «Nolite
1889 2110 2100 2169 timere

441 2219 545 2264 eos
573 2200 676 2281 qui
705 2198 990 2262 occidunt
1019 2215 1262 2279 corpus,
1288 2197 1546 2260 animam
1581 2206 1780 2259 autem
1804 2217 1920 2258 non
1955 2216 2098 2278 pos-

447 2297 589 2351 sunt
611 2289 889 2352 occidere
907 2289 996 2352 7.»
1033 2288 1230 2369 Atque
1261 2286 1382 2348 dixi
1411 2287 1964 2368 quidem,quisnam
1999 2288 2100 2348 de-

442 2378 602 2440 derit
649 2377 924 2440 litteras:
979 2376 1221 2438 ubinam
1283 2387 1483 2438 autem
1558 2379 1658 2451 sit,
1705 2396 1824 2438 non
1877 2376 2096 2438 dicam.

442 2467 667 2547 Aperta
696 2465 856 2528 enim
885 2465 1062 2527 fuerit
1093 2464 1346 2540 insania,
1381 2465 1637 2544 pastoris
1663 2483 1796 2526 esse
1826 2465 2097 2545 prodito-

445 2573 576 2618 rem
603 2573 738 2618 eum
771 2556 872 2637 qui
905 2573 974 2618 ex
1008 2555 1111 2617 illo
1142 2560 1455 2616 maximam
1491 2555 1724 2636 accepit
1757 2555 2094 2616 utilitatem:

443 2644 545 2726 qui
575 2644 751 2707 etiam
783 2644 1008 2726 absque
1036 2644 1211 2705 nobis
1243 2663 1377 2706 mox
1412 2646 1515 2705 fiet
1562 2643 1932 2706 manifestus.
1969 2646 2098 2706 Non

442 2751 620 2816 posse
650 2735 810 2796 enim
845 2733 1134 2796 abscondi
1164 2733 1462 2796 civitatem
1485 2753 1668 2815 supra
1694 2742 1956 2796 montem
1991 2753 2098 2814 po-

440 2823 640 2904 sitam,
672 2841 782 2886 vox
814 2823 1014 2886 divina
1043 2822 1214 2899 dixit,
1251 2830 1310 2884 et
1344 2823 1466 2886 veri
1497 2823 1744 2885 amatrix
1772 2824 1827 2882 8.

517 2911 750 2976 XXXII.
775 2910 914 2974 Haac
938 2930 1074 2973 eum
1101 2911 1430 2973 fortissime
1453 2911 1704 2973 dixisset
1727 2911 1936 2992 lingua
1957 2931 2097 2974 san-

450 3007 705 3082 cta,non
727 3000 928 3063 ferens
958 2998 1352 3062 Maximianus
1375 2999 1616 3062 dicendi
1643 3001 2002 3083 libertatem,
2039 3011 2102 3063 ut

444 3092 581 3171 ipsa
597 3098 1172 3171 amputaretur,eum
1195 3089 1815 3153 condemnat.Deinde
1836 3091 1920 3152 sic
1932 3091 2104 3171 jubet

448 3197 588 3242 eum
617 3179 788 3242 obrui
812 3178 1212 3259 lapidibus.Et
1231 3178 1333 3240 ille
1360 3177 1603 3255 quidem
1631 3187 1763 3260 post
1789 3198 1970 3242 sacra:
1995 3181 2102 3242 lin-

445 3287 577 3348 gum
593 3267 954 3330 ablationem
982 3268 1068 3329 sic
1090 3268 1340 3330 obrutus
1369 3266 1687 3348 lapidibus,
1719 3269 1835 3330 tela
1859 3270 2098 3350 quidem

445 3358 596 3421 nihil
643 3357 914 3434 curabat;
953 3357 1057 3418 sed
1083 3375 1333 3438 corpore
1362 3356 1606 3438 quidem
1634 3360 1753 3436 jam
1779 3361 1976 3420 attrito
2003 3361 2100 3440 ja-

447 3445 1088 3526 culationibus,partim
1107 3454 1303 3508 autem
1333 3446 1545 3509 obruto
1567 3446 1885 3528 lapidibus,
1910 3449 2103 3511 adhuc

447 3536 638 3615 magis
668 3534 1034 3615 erigebatur,
1064 3545 1121 3596 et
1153 3535 1211 3596 in
1243 3534 1418 3597 caelos
1449 3536 1848 3598 extollebatur
1878 3538 2098 3610 anima,

447 3625 681 3690 Christo
711 3623 980 3703 angulari
1011 3623 1193 3705 lapidi
1213 3625 1661 3705 conjungenda.
1689 3625 1897 3689 Adhuc
1930 3629 2098 3689 vehe-

446 3722 686 3776 menter
714 3714 1085 3776 irascebatur
1118 3712 1523 3776 Maximiauus.
1582 3714 1874 3787 Quocirca
1908 3716 2098 3778 Doro-

444 3807 645 3864 tbeum
670 3820 800 3864 cum
833 3805 953 3863 suis
979 3805 1314 3876 multiplicia
1346 3820 1619 3878 excepere
1641 3807 1944 3878 supplicia.
1981 3810 2102 3866 Illis

441 3909 588 3953 vero
619 3891 866 3952 minime
898 3899 1188 3970 perpetua
1217 3890 1406 3952 defuit
1435 3893 2100 3963 constantia,Christum

444 3978 885 4060 invocantibus,
919 3988 980 4040 et
1007 3987 1300 4041 tormenta
1331 3988 1389 4042 et
1409 3979 1560 4042 levia
1589 3990 1648 4042 et
1675 3981 1976 4045 imbecilla
2000 3985 2105 4044 mi-

445 4067 610 4129 nime
639 4066 1011 4148 curantibus,
1045 4068 1134 4129 vel
1164 4067 1363 4149 potius
1419 4071 1830 4150 reputantibus
1861 4071 1962 4132 illa
1998 4091 2102 4151 pro

445 4156 764 4223 deliciis.et
787 4165 1039 4238 tyranno
1056 4156 1421 4237 impietatem
1447 4158 1726 4220 acerbius
1744 4179 1812 4221 ex
1821 4160 2104 4240 probran-

445 4245 629 4310 tibus.
662 4245 1062 4318 Quamobrem
1096 4247 1196 4308 ille
1224 4248 1345 4325 jam
1376 4246 1672 4330 defessus,
1704 4251 2103 4311 communiter

445 4335 689 4418 quidem
723 4353 934 4397 omnes
966 4344 1158 4397 morte
1187 4335 1572 4409 condemnat,
1607 4336 1872 4398 diversas
1903 4344 2097 4398 autem

444 4424 796 4507 pronuntiat
813 4423 1475 4500 sententias,Dorotheo
1491 4425 1731 4505 quidem
1759 4442 1905 4485 ense
1923 4439 2099 4505 caput

444 4513 768 4594 amputari,
801 4513 1176 4577 Mardonium
1230 4521 1426 4574 autem
1481 4514 1673 4574 vivum
1725 4514 2004 4586 cremari,
2041 4523 2099 4576 et

441 4603 822 4683 Mygdonium
846 4602 908 4664 in
930 4603 1147 4664 fossam
1175 4603 1505 4682 projectum
1531 4601 2094 4681 obrui,Gorgonium

441 4707 589 4754 vero
649 4700 708 4754 et
737 4691 947 4754 Indem
998 4700 1057 4754 et
1110 4693 1382 4770 Petrum,
1420 4691 1747 4757 molaribus
1799 4691 2098 4774 lapidibus

443 4796 652 4843 eorum
704 4781 875 4844 collis
904 4780 1180 4860 alligatis,
1216 4781 1275 4841 in
1325 4797 1488 4841 mare
1512 4780 1656 4859 jacl.
1701 4782 1776 4844 Et
1804 4782 1886 4843 ita
1933 4791 2093 4864 sunt,

442 4870 874 4932 consummatis
906 4869 1168 4931 victoriis
1223 4869 1488 4948 insignes
1547 4869 1761 4932 Christi
1813 4881 2096 4954 martyres

441 4959 604 5022 vario
627 4977 852 5039 genere
874 4958 1233 5032 mortis,una
1257 4959 1349 5021 via
1377 4957 1631 5038 ingressi
1655 4960 1730 5023 ad
1750 4959 2090 5026 Dominum.

439 5047 582 5111 Haec
615 5067 748 5110 cum
782 5056 940 5110 casta
968 5047 1310 5108 rescivisset
1336 5051 1587 5127 Domna,
1617 5051 1826 5130 partim
1852 5051 2096 5127 quidem

437 5137 750 5200 laetabatur
797 5137 1021 5210 animo,
1058 5145 1119 5199 et
1169 5135 1426 5200 maxime
1460 5147 1706 5218 propter
1735 5139 1967 5222 lndem,
1997 5145 2096 5222 qui

437 5235 568 5288 erat
591 5226 775 5287 unius
799 5244 932 5286 cum
961 5226 1088 5304 ipsa
1113 5225 1296 5287 animi
1329 5235 1387 5288 et
1419 5226 1697 5307 spiritus;
1735 5227 1951 5308 partim
1983 5249 2095 5291 au-

435 5321 556 5376 tem
588 5313 662 5375 ad
687 5313 1081 5375 imitationem
1117 5333 1352 5395 quoque
1375 5315 1825 5392 incitabatur,et
1857 5319 2090 5395 eadem,

437 5402 742 5484 quaeipsis
761 5403 1386 5481 evenerant,cupiebat
1403 5413 1730 5469 certamina
1741 5415 1798 5468 et
1818 5411 2089 5487 praemia.

435 5490 609 5555 Unde
633 5509 746 5553 nec
777 5492 1049 5572 despexit
1077 5493 1369 5555 Dominus
1400 5513 1567 5556 suam
1593 5514 1870 5577 sponsam
1913 5519 1925 5554 :
1961 5518 2094 5579 quae

433 5589 658 5643 vestem
681 5579 922 5663 quidem
947 5582 1204 5644 habebat
1227 5584 1505 5646 mundam
1530 5603 1564 5647 a
1589 5587 1836 5666 nuptiis,
1872 5588 1957 5648 sic
1988 5607 2091 5650 au-

515 5770 546 5820 7
578 5768 780 5836 Matth.
816 5788 874 5845 x,
904 5768 1008 5835 28.
1090 5770 1344 5834 8Matth.
1383 5791 1442 5846 v,
1476 5772 1575 5834 14.

2185 680 2239 738 δὲ
2297 685 2516 739 καὶτὸν
2572 681 2952 760 ἐπιφερόμενον
2999 684 3340 762 εἷσαχθῆναι’
3399 683 3456 738 ὃν
3515 681 3615 760 ἄρα
3641 685 3731 739 καὶ
3791 686 3841 739 οῖ

2187 773 2445 850 μάρτυρες
2501 773 2819 841 θεασάμενοι
2877 772 3012 827 πάνυ
3067 773 3166 838 τὴν
3213 771 3398 850 ψυχὴν
3450 770 3716 852 ἥσθησαν,
3751 773 3840 828 καὶ

2183 861 2349 926 οὕτως
2413 863 2483 924 ὡς
2543 862 2705 940 εῒχον
2763 862 2850 916 καὶ
2909 859 3171 938 πόρρωθεν
3246 861 3393 923 ὄντες
3453 863 3697 940 σχήματι
3741 861 3840 918 καῖ

2184 953 2401 1027 νεύματι
2465 949 2890 1022 κατησπάζοντο.
2954 949 3278 1022 Μαξιμιανὸς
3307 947 3361 1005 δὲ
3433 949 3594 1028 ὄγκον
3666 952 3842 1024 ἑαυτῷ

2184 1040 2419 1119 περιθείς
2472 1040 2720 1119 ἀρχικὸν,
2751 1042 2839 1096 καὶ
2900 1040 3110 1107 ἀπηνὴς
3168 1042 3299 1117 πρὸς
3345 1039 3554 1097 ἐκεῖνον
3609 1040 3836 1117 βλέψας,

2187 1129 2322 1208 Λέγε
2379 1153 2494 1208 μοι,
2529 1130 2656 1209 ἔφη,
2718 1128 2990 1203 δεύστηνε,
3037 1131 3114 1192 τίς
3174 1131 3201 1184 6
3236 1129 3400 1186 ταῦτά
3443 1152 3525 1186 σοι
3571 1128 3717 1210 δοὺς,
3748 1133 3840 1187 καὶ

2185 1229 2288 1278 ποῦ
2342 1218 2538 1288 δήποτε
2604 1219 2706 1296 γῆς
2768 1217 2860 1285 εἴη
2915 1219 3299 1294 κρυπτόμενος.
3365 1211 3422 1276 Ὀ
3479 1217 3534 1274 δὲ
3592 1217 3839 1284 διάκονος

2187 1309 2322 1386 μέγα
2383 1310 2513 1386 πρὸς
2577 1311 2706 1364 Θεὸν
2763 1309 3015 1386 πρότερον
3077 1314 3256 1383 σιωπῇ
3326 1309 3553 1384 βοήσας,
3611 1311 3840 1375 αἰτησά-

2186 1397 2342 1472 μενός
2403 1420 2460 1454 τε
2491 1399 2756 1472 στόματος
2809 1399 3060 1478 παροχῆν
3103 1399 3239 1455 κατὰ
3285 1399 3380 1466 τὴν
3440 1396 3842 1472 ἀψευδέστάτην

2187 1485 2530 1564 ἐπαγγελίαν,
2588 1489 2650 1555 ὀ
2689 1488 2784 1562 μὲν
2817 1488 2881 1542 τὰ
2937 1487 3228 1566 γράμματα
3278 1485 3420 1566 δοὺς,
3471 1486 3599 1567 ἔφη,
3634 1491 3842 1563 ποιμὴν

2185 1575 2259 1632 ὢν
2320 1579 2403 1631 καὶ
2454 1577 2660 1654 μακρὰν
2712 1576 2972 1656 ὑπάρχων
3023 1578 3082 1632 τὸ
3127 1577 3371 1651 ποίμνιον
3410 1592 3695 1653 συγκροτεῖ
3752 1580 3843 1634 καὶ

2184 1667 2481 1743 παραθήγει
2541 1667 2668 1743 πρὸς
2713 1666 2812 1732 τὴν
2873 1663 3164 1740 εὖσεϐειαν,
3208 1668 3292 1723 καὶ
3366 1667 3596 1740 μάλιστα
3642 1667 3716 1723 ὅτ’
3776 1669 3842 1723 ἃν

2184 1755 2268 1812 καὶ
2327 1755 2500 1810 λύκων
2569 1753 2820 1822 αἴσθηται
2899 1757 2988 1811 καὶ
3056 1758 3253 1834 θηρίων
3339 1755 3654 1835 ἐπιδρομῆς·
3717 1759 3843 1814 τότε

2183 1844 2283 1921 γὰρ
2327 1845 2416 1900 καί
2463 1842 2700 1922 διᾴτορόν
2761 1867 2811 1900 τι
2859 1847 3107 1919 σημαίνει
3163 1853 3238 1917 τῷ
3283 1848 3516 1920 ποιμνίῳ
3559 1850 3644 1902 καὶ
3702 1848 3844 1903 πάνυ

2128 1960 2160 2010 3
2183 1931 2450 2011 λαμπρόν’
2512 1919 2569 1990 ΝΡ
2601 1932 2654 1989 δὲ
2687 1935 2774 1990 καὶ
2803 1933 2948 2012 λέγει
2994 1935 3098 2014 οὐχ
3132 1936 3339 2013 ἑαυτοῦ,
3379 1934 3517 1991 ἀλλὰ
3545 1944 3638 1992 τοῦ
3686 1939 3842 2011 προί-

2181 2044 2272 2081 του
2330 2021 2584 2098 ποιμένος
2643 2021 2762 2102 ἔχει
2823 2022 3169 2104 παραλαϐὼν,
3209 2027 3350 2093 (Μὴ
3401 2023 3690 2100 φοϐηθῆτε,
3740 2027 3837 2081 λέ-

2182 2135 2394 2188 γοντος,
2437 2112 2541 2168 ἆπὸ
2597 2120 2701 2168 τῶν
2759 2113 3185 2170 ἀποκτεινόντων
3240 2115 3300 2170 τό
3375 2121 3554 2188 σῶμα,
3618 2118 3715 2184 τὴν
3783 2115 3840 2171 δὲ

2185 2202 2370 2280 ψυχὴν
2423 2202 2501 2277 μὴ
2533 2201 2837 2277 δυναμένων
2891 2203 3232 2265 ἀποκτεῖναι,
3269 2228 3296 2257 n
3348 2205 3435 2267 Τίς
3494 2207 3592 2278 μὲν
3627 2213 3714 2262 οὖν
3773 2207 3843 2262 τὰ

2184 2291 2474 2369 γράμματα
2544 2291 2660 2356 δοὺς
2718 2292 2935 2369 εἴρηκα·
2991 2291 3126 2349 ὅπου
3175 2290 3228 2347 δέ
3291 2294 3379 2350 καὶ
3412 2292 3552 2350 ἔστιν
3613 2298 3706 2352 οὐκ
3777 2295 3842 2352 ἂν

2183 2381 2417 2454 εἴποιμι·
2481 2382 2643 2456 μανία
2674 2383 2773 2460 γὰρ
2825 2381 2885 2438 ἂν
2947 2381 3040 2450 εἴη
3101 2384 3275 2461 σαφὴς
3337 2384 3590 2452 ποιμένος
3640 2383 3845 2464 προδό-

2181 2493 2281 2537 την
2345 2469 2588 2548 γενέσθαι
2646 2472 2736 2527 τὸν
2793 2471 3003 2537 πολλῆς
3060 2472 3393 2547 ἀπονάμενον
3468 2473 3668 2532 ἐκείνου
3739 2481 3841 2541 τῆς

2182 2558 2461 2640 ὠφελείας·
2523 2559 2580 2623 ὅς
2614 2581 2674 2638 γε
2733 2561 2821 2615 καὶ
2852 2562 3016 2640 χωρὶς
3063 2562 3218 2634 ἡμῶν
3270 2559 3393 2618 ὅσον
3438 2562 3585 2618 οὔπω
3614 2566 3840 2641 φανερὸς

2183 2651 2602 2719 καταστήσεται,
2687 2647 2835 2716 Μηδὲ
2898 2651 2998 2727 γὰρ
3077 2647 3323 2706 δύνασθαι
3372 2650 3529 2708 πόλιν
3587 2651 3842 2731 κρυϐῆναι

2185 2738 2364 2794 ἐπάνω
2419 2738 2568 2818 ὅρους
2629 2739 2885 2814 κειμένην
2943 2741 2975 2804 ἡ
3035 2739 3145 2794 θεία
3206 2739 3300 2795 καί
3359 2739 3664 2820 φιλαλήθης
3737 2740 3841 2823 ἔφη

2184 2829 2332 2907 φωνή
2344 2873 2357 2888 .

2266 2918 2402 2980 ΛΒ¹,
2463 2926 2638 2977 Ταῦτα
2669 2922 2767 2984 τῆς
2803 2916 2957 2995 ἆγίας
3015 2916 3261 2995 γλώττης
3295 2917 3634 2996 ἀνδρειότατα
3677 2919 3842 2986 λεξα-

2187 3005 2352 3078 μένης
2411 3008 2438 3062 6
2471 3006 2820 3078 Μαξιμιανὸε,
2861 3009 2963 3086 οὐχ
3019 3007 3308 3076 ὑπομείνας
3361 3009 3458 3075 τὴν
3517 3009 3837 3088 παρῤησίαν,

2185 3095 2420 3170 magis»
2490 3097 2654 3162 αὐτῆς
2714 3096 3041 3173 κατακρίνει·
3104 3094 3209 3152 εἶθ’
3263 3097 3402 3154 οὕτω
3459 3097 3628 3161 λίθοις
3680 3101 3838 3156 aisth

2186 3183 2390 3241 κελεύει
2449 3184 2896 3249 καταλευσθῆναι.
2962 3184 3058 3240 Καὶ
3103 3186 3130 3239 6
3187 3184 3285 3258 μὲν
3346 3186 3482 3241 οὕτω
3537 3188 3672 3261 μετᾶ
3739 3187 3842 3255 τῆν

2187 3279 2286 3340 τῆς
2347 3276 2489 3351 ἱερᾶς
2548 3272 2796 3350 γλώττης
2856 3270 3161 3351 ἀφαίρεσιν,
3199 3273 3325 3328 εἶτα
3381 3276 3468 3330 καὶ
3513 3289 3628 3340 τοῖς
3680 3275 3846 3341 λίθοις

2185 3360 2540 3438 βαλλόμενος,
2599 3366 2704 3416 τῶν
2778 3361 2876 3435 μὲν
2959 3359 3130 3436 βελῶν
3202 3359 3498 3438 ἐφρόντιζεν
3569 3363 3842 3438 οὖδαμῶς·

2185 3449 2320 3506 ἀλλὰ
2378 3460 2471 3508 τοὺ
2503 3451 2747 3525 σώματος
2784 3451 2874 3505 τοῦ
2924 3450 3020 3523 μὲν
3054 3447 3154 3516 ἤδη
3189 3463 3309 3512 ταῖς
3343 3448 3530 3526 βολαῖς
3563 3453 3844 3530 ἐκτριϐέν..

2184 3561 2274 3604 τος
2329 3541 2364 3607 ἡ
2397 3539 2552 3619 ψυχὴ
2597 3538 2672 3595 ἔτι
2731 3540 2819 3596 καὶ
2881 3537 3085 3614 μᾶλλον
3142 3537 3324 3616 ᾔρετο,
3358 3542 3443 3595 κσί
3497 3542 3721 3621 ὕψοῖνω,
3757 3546 3845 3600 καὶ

2186 3632 2316 3708 πρὸς
2377 3631 2625 3707 οὐρανοὺς
2655 3630 2959 3710 ἀνεφέρετο,
2997 3634 3072 3702 τῷ
3123 3628 3489 3707 ἆκρογωνιαίῳ
3520 3629 3648 3704 λίθῳ
3707 3640 3844 3709 Χρι-

2187 3724 2296 3792 στῷ
2355 3719 2823 3799 συναφθῆσομένη,
2856 3717 2978 3776 "En
3034 3715 3348 3792 Μαξιμιανῷ
3379 3719 3544 3783 πολὺς
3575 3723 3602 3776 6
3646 3720 3841 3794 θυμόςο

2185 3807 2263 3865 ειὺ
2318 3809 2406 3865 καὶ
2435 3811 2558 3872 τοὺς
2617 3810 2734 3886 περὶ
2771 3809 3038 3887 Δωρόθεον
3088 3809 3308 3883 βάσανοι
3342 3807 3641 3872 πολυειδεῖς
3694 3833 3842 3888 παρ-

2187 3897 2510 3971 ελάμϐανον.
2557 3899 2654 3956 Καὶ
2705 3910 2822 3960 τοῖς
2856 3899 2954 3971 μὲν
3016 3894 3227 3972 δημίοις
3261 3899 3312 3952 αἱ
3362 3911 3549 3976 χεῖρες
3583 3897 3842 3975 ἔκαμνον³

2187 3988 2404 4052 ἐκείνοις
2465 3985 2584 4054 δὲή
2646 3986 2884 4051 ἔνστασις
2945 3983 3189 4057 οὒδαμιῖκ
3251 3983 3438 4064 ἓληγε,
3473 3989 3564 4043 τὸν
3620 3987 3846 4064 βασιλέα

2187 4075 2566 4150 ἐπιϐοπμένοις
2624 4077 2869 4153 Χριστὸν.
2904 4075 2991 4129 καὶ
3050 4079 3156 4129 τῶν
3200 4076 3446 4150 βασάνων
3471 4077 3564 4132 οἷα
3625 4077 3845 4156 ἰραύλων

2186 4167 2272 4221 καὶ
2305 4165 2537 4220 ἆσθεθῶι
2597 4164 2792 4229 ἣκιστα
2838 4162 3330 4239 ἐπιστρεφομένοις,
3377 4164 3583 4239 μᾶλλον
3641 4165 3695 4221 δὲ
3755 4171 3846 4224 καὶ

2183 4256 2256 4316 ὡς
2315 4255 2513 4334 τρυφὰς
2544 4252 2745 4315 ἐκείνας
2804 4251 3168 4328 λογιζομένοις
3201 4254 3288 4308 καὶ
3341 4261 3418 4327 τῷ
3448 4256 3683 4332 τυράννῳ
3737 4278 3837 4312 πι-

2183 4344 2431 4419 κρότερον
2462 4343 2560 4408 τὴν
2596 4338 2842 4396 ἆσέὸειαν
2899 4337 3268 4410 ὀνειδῐζουσιν,
3303 4339 3424 4421 Ἐφ’
3476 4344 3562 4406 οἷς
3595 4345 3681 4400 καὶ
3733 4348 3836 4403 αύ-

2183 4433 2272 4494 τὸς
2328 4430 2430 4497 ἤδη
2483 4431 2696 4504 καμὼν,
2732 4429 3125 4506 ἀπαγορεύσας,
3161 4431 3221 4485 τὸ
3271 4430 3368 4504 μὲν
3417 4434 3599 4488 θανεῖν
3642 4439 3840 4497 κοινῶς

2182 4517 2433 4575 ἀπαντῶν
2481 4519 2931 4597 καταψηφίζεται,
2966 4517 3245 4596 διαφόρους
3297 4517 3350 4574 δὲ
3381 4521 3476 4584 τὰς
3535 4522 3835 4601 ἀποφάσεις

2119 4607 2412 4692 υέκφέρει,
2453 4608 2716 4685 Δωρόθεον
2762 4608 2859 4680 μὲν
2915 4607 3045 4688 ξίφει
3103 4608 3204 4675 τὴν
3256 4608 3493 4686 κεφαλὴν
3547 4613 3834 4686 ἐκτμηθῆ-

2182 4720 2290 4771 ναι,
2331 4695 2621 4776 Μαρδόνιον
2669 4695 2724 4753 δὲ
2753 4698 2926 4768 ζῶντα
2984 4699 3263 4772 καυθῆναι,
3298 4700 3384 4755 καὶ
3417 4698 3706 4778 Μυγδόνιον
3761 4703 3835 4762 εἰς

2179 4787 2360 4868 βόθρον
2419 4787 2678 4864 βληθέιτα
2751 4791 3193 4868 καταχωσθῆναι,
3259 4789 3538 4866 Γοργόνιον
3614 4787 3668 4844 δὲ
3744 4793 3835 4846 καὶ

2178 4865 2350 4944 Ἳνδην
2423 4878 2507 4933 καὶ
2566 4878 2760 4955 Πέτρον
2818 4865 2981 4940 λίθοις
3042 4876 3293 4951 μυλικοτς
3345 4865 3466 4942 τοὺς
3524 4878 3836 4958 τραχήλους

2180 4965 2544 5037 περιδεθέντας
2623 4969 2698 5031 εἰς
2783 4965 3054 5022 θάλασσαν
3121 4965 3422 5043 ἐκριφῆναι.
3495 4970 3592 5024 Καὶ
3665 4967 3836 5031 οὕτων

2183 5056 2570 5123 ἐτελειώθησαν
2627 5059 2673 5112 οἱ
2708 5054 3004 5111 καλλίνικοι
3056 5061 3148 5109 τοῦ
3205 5062 3430 5132 Χριστοῦ
3459 5058 3717 5135 μάρτυρες
3779 5057 3836 5122 ἐς

2181 5145 2448 5227 διαφόροις
2493 5145 2590 5212 τῆς
2635 5144 2890 5210 τελευτῆς
2919 5143 3135 5220 τρόποις
3185 5151 3281 5218 μιᾷ
3308 5152 3375 5220 τῂ
3434 5149 3565 5224 πρὸς
3597 5148 3687 5202 τὸν
3724 5157 3833 5202 Δε-

2182 5238 2387 5302 σπότην
2458 5233 2562 5307 ὀδῷ
2605 5238 2964 5313 χρησάμενοι.
3028 5241 3202 5289 Ταῦτα
3246 5235 3330 5289 καὶ
3377 5233 3411 5302 ἤ
3460 5234 3594 5314 ἂγνὴ
3649 5237 3834 5312 Δόμθα

2180 5327 2416 5398 μαθοῦσα
2475 5331 2630 5380 τοῦτο
2689 5322 2785 5394 μὲν
2847 5319 2944 5385 τῆν
3003 5321 3186 5398 ψυχὴν
3219 5320 3399 5402 ἥδετο,
3442 5327 3537 5379 καί
3595 5324 3833 5399 μάλιστα

2178 5411 2349 5470 ’Ὶνὸοδ
2408 5411 2584 5466 ἕνεκεν
2615 5412 2704 5465 τοῦ
2734 5411 2906 5465 πάντα
2949 5408 3082 5485 αὒτῇ
3113 5410 3350 5483 σύμπνου
3381 5413 3468 5468 καὶ
3517 5414 3827 5494 ὁμοψύχου,

2175 5510 2329 5558 τοῦτο
2373 5499 2546 5556 δὲκαὶ
2603 5501 2732 5575 πρὸς
2791 5501 3017 5572 μίμησιν
3072 5499 3337 5575 ἠρεθίζετο
3391 5503 3479 5557 καὶ
3520 5507 3627 5558 τῶν
3685 5504 3832 5559 ’ίσων

2175 5591 2348 5648 ἄθλων
2407 5591 2588 5652 σῦτοϊς
2620 5592 2709 5646 καί
2765 5595 2872 5645 τῶν
2903 5587 3145 5644 ἐπάθλων
3195 5587 3466 5670 ἐγλίχετο.
3499 5576 3651 5649 ποθεν
3707 5592 3828 5652 οὐδὲ
