4086 6396
306 435 463 506 1077

1456 444 1646 510 VITA
1688 443 1790 507 SS.
1839 442 2026 508 INDE
2070 445 2169 507 ET
2213 443 2523 511 DOMNIE.

3525 428 3677 501 1078

300 576 530 657 παρεῖδε
591 577 775 658 Κύριος
805 576 904 645 την
934 576 1093 638 αὐτοῦ
1120 578 1331 660 νύμφην
1387 577 1525 637 οὕτω
1570 578 1801 658 καθαρὰν
1851 579 1941 652 μὲν

2035 586 2152 641 tem
2185 599 2312 643 eam
2346 581 2523 644 etiam
2556 579 2833 663 lacrymis
2853 578 3123 661 quotidie
3144 571 3478 655 dealhabat,
3512 572 3672 655 quod

297 675 395 727 τοῦ
437 668 615 746 γάμου
668 667 768 735 την
825 665 1026 735 στολὴν
1069 666 1328 748 ¹έχουσαν,
1376 669 1514 727 οὕτω
1545 667 1601 725 δὲ
1646 670 1733 725 καὶ
1761 667 1949 744 δάκρυ·

293 779 383 814 σιν
444 758 612 825 αὐτὴν
655 756 990 824 καθεκάστην
1030 757 1524 833 ὶπιλευκαίνουσαν,
1558 758 1637 833 μὴ
1691 760 1778 816 καὶ
1810 780 1946 836 μαρ-

286 853 489 924 τυρικῷ
546 846 739 921 αἵματι
795 849 998 912 ταύτην
1057 846 1283 925 φοινίξαι
1334 848 1424 904 καὶ
1467 847 1602 914 ὅλην
1657 846 1805 912 ἀξίαν
1855 852 1950 904 τοῦ

288 935 521 998 κάλλους
580 937 740 992 αὐτοῦ
790 932 960 1000 δεῖξαι
1016 937 1116 1001 την
1159 937 1393 1015 νύμφην,
1456 938 1626 994 καίτοι
1701 937 1788 994 καὶ
1852 938 1949 993 τοῦ

286 1025 553 1104 παρόντος
613 1024 747 1100 αὒτῇ
800 1024 915 1101 βίου
960 1023 1128 1099 μηδὲν
1199 1024 1626 1099 ἀπολειπομένου
1683 1048 1943 1105 μαρτυρι-

290 1123 389 1174 κοῦ
441 1113 768 1189 ἀξιώματος,
798 1113 892 1169 εἴτε
942 1112 1007 1181 δὴ
1068 1114 1147 1188 τῷ
1177 1112 1517 1194 πολυχρονίῳ
1545 1135 1603 1170 τε
1633 1115 1731 1182 τῆς
1762 1116 1944 1183 ἀσκή-

286 1223 429 1265 σεως
489 1205 579 1258 καὶ
606 1209 683 1276 τῷ
714 1201 935 1278 σκληρῶ
986 1204 1086 1270 τῆς
1138 1201 1342 1271 διαίτης
1374 1204 1650 1275 πιέζοντος
1677 1206 1939 1283 ίσχυρῶς,

289 1290 469 1365 ἄντρῳ
523 1292 621 1366 μὲν
660 1291 1034 1366 κρυπτομένης
1093 1291 1258 1359 αὐτῆς
1299 1295 1565 1371 ὑπογαίῳ,
1610 1296 1699 1351 καὶ
1756 1301 1934 1371 τοῦτο,

290 1381 367 1445 ὡς
409 1380 474 1437 ἄν
500 1378 697 1454 εἴποις,
732 1382 885 1461 τάφῳ
915 1383 1275 1461 καταχθονίῳ,
1310 1384 1474 1439 ποτὸν
1514 1382 1570 1438 δὲ
1614 1382 1940 1456 ποιουμένης

289 1472 395 1538 τὴν
414 1467 557 1527 Ξνδον
589 1469 749 1526 οὖσαν
778 1471 988 1548 πηγὴν,
1020 1474 1109 1527 καὶ
1159 1472 1361 1545 τροφὴν
1425 1470 1622 1547 ὁμοίως
1676 1472 1772 1534 τάς
1801 1473 1946 1550 παρὰ

287 1562 356 1617 τὸ
386 1558 580 1639 χεῖλος
612 1559 784 1630 δήπου
813 1566 906 1616 τοῦ
936 1559 1125 1639 ἄντρου
1150 1562 1400 1637 βοτάνας,

382 1647 517 1705 Al".
564 1645 716 1705 03rd)
770 1650 900 1727 πρὸς
946 1648 1172 1715 ἄσκησιν
1234 1647 1460 1729 ἔχουσα,
1492 1649 1615 1708 τότε
1659 1660 1752 1709 τοῦ
1797 1649 1947 1730 ὄρους

297 1738 516 1813 κατῄει,
547 1737 637 1794 καὶ
667 1739 929 1815 παριοῦσα
968 1740 1066 1805 τὴν
1097 1737 1254 1795 πόλιν
1298 1738 1352 1795 ἐν
1419 1736 1646 1818 ἀνδρικῶ
1702 1741 1949 1818 σχήματι

301 1824 503 1906 (τούτῷ
544 1827 646 1905 γὰρ
701 1824 916 1904 Ἀγάπη
987 1825 1025 1893 ἡ
1080 1828 1218 1883 κατὰ
1285 1834 1493 1902 πνεῦμα
1553 1825 1735 1904 μήτηρ
1788 1828 1950 1895 αὔτην

2033 689 2153 731 non
2186 688 2314 731 eam
2349 670 2638 749 sanguine
2670 668 2933 751 martyrii
2978 667 3261 731 redderet
3290 681 3669 745 purpuream,

2030 767 2089 821 et
2120 767 2300 822 totam
2334 779 2611 841 sponsam
2639 760 2901 823 ediceret
2921 757 3157 837 dignam
3181 758 3314 837 ejus
3337 754 3674 836 pulchritu-

2029 849 2195 929 dine,
2231 850 2339 911 etsi
2372 868 2634 929 praesens
2656 851 2785 930 ejus
2814 849 2928 911 vita
2960 848 3107 911 nihil
3132 851 3371 910 abesset
3398 863 3435 907 a
3464 843 3668 924 digni-

2031 944 2150 1001 tate
2183 940 2470 1020 martyrii,
2495 948 2558 1001 ut
2584 959 2716 1022 quae
2740 948 2858 1002 tam
2885 948 2942 1001 et
2963 938 3355 1000 diuturnitate
3376 932 3673 996 exercita—

2030 1026 2211 1089 tionis
2262 1039 2320 1090 et
2365 1048 2575 1110 aspera
2626 1029 2859 1092 vivendi
2888 1029 3118 1091 ratione
3156 1046 3284 1093 eam
3344 1030 3669 1104 premeret,

2029 1134 2163 1179 cum
2200 1121 2325 1196 ipsa
2354 1126 2412 1180 et
2457 1119 2518 1181 in
2548 1130 2718 1181 antro
2760 1120 2972 1182 lateret
3016 1117 3431 1188 subterraneo,
3476 1130 3671 1193 eoque

2026 1206 2352 1285 ejusmodi,
2387 1217 2447 1271 ut
2477 1218 2765 1271 terrestre
2816 1209 2934 1270 dici
2986 1214 3185 1288 posset
3212 1203 3577 1284 sepulcrum,
3610 1209 3672 1261 et

2024 1305 2196 1375 potus
2251 1297 2384 1376 ejus
2433 1307 2591 1359 esset
2640 1299 2797 1369 fons,
2848 1298 3043 1378 quiin
3071 1315 3142 1358 eo
3189 1306 3342 1370 erat,
3387 1301 3447 1354 et
3492 1290 3666 1353 cibus

2023 1385 2302 1448 similiter
2332 1386 2558 1467 herbas,
2589 1389 2691 1468 qui
2725 1395 2895 1449 erant
2932 1386 2995 1448 in
3028 1384 3294 1464 margine
3334 1382 3668 1463 Speluncae.

2109 1652 2383 1718 XXXIII.
2417 1654 2562 1717 Cum
2588 1673 2658 1717 ea
2678 1656 2766 1719 sic
2788 1675 2856 1718 se
2877 1664 3115 1736 gereret
3133 1656 3194 1715 in
3220 1650 3667 1724 exercitatione,

2034 1750 2175 1805 tunc
2204 1744 2518 1806 descendit
2545 1746 2620 1807 de
2652 1752 2873 1821 monte,
2908 1753 2969 1808 et
2990 1744 3235 1808 veniens
3275 1743 3336 1805 in
3367 1739 3667 1803 civitatem

2034 1832 2229 1894 adhuc
2281 1834 2339 1894 in
2397 1841 2558 1896 veste
2607 1834 2762 1897 virili
2817 1835 2911 1914 (ea
2954 1835 3118 1897 enim
3168 1834 3355 1912 ipsam
3402 1830 3667 1893 indutam

296 1916 616 1995 ἀμφιάσασα
659 1916 763 1970 τῶν
817 1914 1133 1972 ἀκολάστων
1189 1915 1404 1973 ἐκείνων
1449 1922 1650 1996 χειρῶν
1675 1916 1941 1996 ἐξεκλεψε]

2036 1923 2261 2002 Agape.
2298 1924 2428 2003 ejus
2460 1931 2651 1985 mater
2678 1925 3007 1987 secundum
3040 1921 3340 2003 spiritum,
3382 1920 3672 1982 suﬁ‘urata

295 2006 401 2072 τὴν
459 2006 728 2083 μακαρίαν
771 2007 973 2072 ταύτην
1010 2004 1260 2082 Ἀγάπην
1305 2005 1509 2076 ἐζήτει.
1559 2006 1705 2063 Ἐπεὶ
1748 2005 1802 2061 δέ
1858 2008 1947 2063 καὶ

294 2092 490 2168 ἔμαθεν
547 2095 621 2156 ὡς
668 2095 753 2151 καὶ
798 2095 930 2161 αὐτη
994 2095 1086 2150 τὸν
1148 2097 1468 2171 μαρτυρικον
1522 2093 1682 2161 ἤνυσε
1724 2093 1942 2171 δρόμον,

291 2183 652 2256 ὀλοκαύτωμα
711 2189 788 2257 τῷ
847 2183 1019 2260 Κυρίῳ
1062 2184 1270 2258 σύναιμα
1315 2185 1401 2240 καὶ
1459 2182 1654 2246 ἄλλαις
1712 2182 1948 2249 πολλαῖς

291 2272 573 2353 παρθένοις
618 2274 673 2328 ἓν
728 2279 806 2347 τῷ
849 2271 1192 2351 πυριφλέκτῳ
1234 2272 1499 2350 γενομένη
1555 2279 1687 2347 ναῷ,
1743 2274 1946 2353 πάσχει

293 2363 396 2431 τὴν
448 2361 634 2440 ψυχὴν
690 2362 725 2429 ἡ
782 2362 1021 2439 γενναία,
1069 2364 1176 2441 οὐχ
1229 2360 1310 2419 ὅτι
1367 2362 1621 2428 τέθνηκεν
1650 2364 1684 2429 ἡ
1731 2361 1947 2439 ’Δγάπη

301 2450 730 2529 περιαλγήσασα,
763 2449 886 2506 ἀλλ’
935 2450 1018 2507 ὄτι
1073 2452 1151 2525 μὴ
1195 2455 1284 2508 καὶ
1334 2452 1469 2519 αὐτὴ
1518 2450 1724 2528 μαλλον
1767 2452 1950 2509 συντέ-

296 2545 461 2608 θνηκε
501 2546 569 2617 τῇ
616 2539 855 2617 Ἀγάπῃ,
900 2540 992 2597 καί
1038 2540 1168 2606 ἴσης
1224 2541 1588 2607 κεκοινώνηκε
1642 2540 1899 2607 τελευτῆς
1926 2560 1938 2573 ⁸

293 2631 384 2688 καὶ
416 2636 585 2687 στᾶσα
616 2631 745 2707 πρὸς
803 2636 881 2703 τῷ
937 2627 1182 2686 καυθέντι
1228 2636 1339 2704 ναῷ
1370 2629 1628 2705 κλαυθμῷ
1655 2630 1758 2698 την
1804 2650 1946 2687 σπο-

292 2717 388 2777 δὸν
443 2719 644 2797 ἐκίρνα.
708 2716 862 2785 ’Ἤδη
906 2718 961 2775 δὲ
1017 2716 1304 2786 κλινούσης
1362 2721 1568 2798 ἡμέρας
1599 2720 1712 2776 θεία
1763 2720 1946 2799 χάριτι

291 2810 430 2887 πρὸς
480 2810 579 2877 τὴν
636 2807 756 2865 ὁδὸν
812 2810 909 2865 τοῦ
949 2810 1236 2887 μαρτυρίου
1293 2810 1633 2887 φωτιζομένη
1690 2810 1780 2867 καὶ
1807 2809 1941 2887 ἀγο-

291 2899 435 2974 μένη
460 2900 591 2975 πρὸς
617 2906 774 2957 τοῦτο
834 2898 1121 2970 πάντοθεν,
1176 2897 1367 2973 κατῄει
1399 2895 1494 2953 ἐπῖ
1524 2898 1623 2964 τὴν
1651 2895 1940 2958 θάλατταν.

2027 2019 2117 2073 est
2138 2011 2211 2072 ab
2230 2011 2346 2075 illis
2363 2012 2679 2094 impudicis
2701 2022 2759 2075 et
2780 2009 3311 2091 intemperantibns
3338 2007 3665 2083 manibus),

2028 2098 2263 2163 beatam
2295 2101 2449 2164 hanc
2479 2101 2781 2183 quaerebat
2813 2104 3081 2181 Agapen.
3118 2099 3434 2179 Postquam
3464 2104 3665 2161 autem

2027 2187 2320 2250 intellexit
2347 2208 2475 2250 eam
2500 2209 2738 2273 quoque
2767 2209 3006 2253 cursum
3024 2188 3354 2252 confecisse
3377 2188 3662 2266 martyrii,

2030 2276 2302 2339 eﬂ‘ectam
2330 2278 2741 2341 holocaustum
2760 2280 3012 2342 Domino
3029 2296 3164 2341 cum
3182 2278 3382 2340 multis
3397 2276 3530 2339 aliis
3552 2276 3669 2339 vir-

2028 2365 2266 2445 ginibus
2297 2368 2358 2429 in
2391 2370 2636 2449 templo,
2661 2369 2817 2450 quod
2851 2369 3042 2432 fuerat
3061 2375 3357 2443 exustum,
3384 2384 3661 2445 magnum

2026 2455 2228 2517 animo
2278 2457 2544 2520 dolorem
2601 2458 2840 2538 accipit,
2900 2477 3019 2522 non
3068 2476 3224 2537 aegre
3272 2457 3473 2520 ferens
3508 2456 3667 2538 quod

2030 2555 2259 2607 mortua
2282 2556 2443 2609 esset
2465 2550 2693 2628 Agape,
2712 2548 2814 2611 sed
2836 2548 3032 2629 potius
3049 2547 3209 2629 quod
3233 2564 3353 2609 non
3377 2565 3515 2609 cum
3544 2548 3674 2625 ipsa

2029 2638 2230 2716 Agape
2258 2645 2415 2698 esset
2447 2646 2701 2713 mortua,
2732 2646 2791 2702 et
2810 2637 2971 2719 paris
2999 2637 3208 2700 fuisset
3235 2636 3444 2698 mortis
3473 2641 3669 2699 socia:

2026 2732 2308 2806 stansque
2336 2727 2407 2787 ad
2443 2727 2732 2806 templum
2765 2737 3063 2803 exustum,
3093 2728 3235 2790 ﬂetu
3266 2726 3557 2790 miscebat
3586 2729 3671 2787 ci-

2029 2832 2259 2877 nerem.
2294 2814 2403 2876 Diu
2433 2833 2572 2878 vero
2592 2815 2714 2896 jam
2740 2816 2940 2879 divina
2960 2816 3148 2895 gratia
3166 2834 3297 2877 eam
3321 2823 3568 2881 vocante
3590 2815 3668 2877 ad

2028 2904 2177 2965 viam
2211 2903 2496 2983 martyrii,
2528 2904 2859 2968 illuminata
2882 2914 2942 2969 et
2969 2907 3041 2968 ad
3073 2904 3133 2967 id
3180 2905 3343 2967 omni
3377 2922 3453 2966 ex
3501 2918 3669 2984 parte

296 2988 400 3047 Καὶ
455 2986 565 3044 ἰδοὺ
630 2988 775 3064 παρά
831 2987 922 3042 τὸν
985 2986 1231 3064 αὶγιαλὸν
1290 2987 1465 3051 ἀλιετς
1524 2984 1625 3053 ἤδη
1670 2987 1737 3043 τὰ
1764 2985 1941 3043 δίκτυα

2029 2993 2222 3066 ducta,
2257 2992 2576 3055 descendit
2601 2993 2674 3056 ad
2710 3011 2897 3057 mare.
2932 2994 3090 3057 Ecce
3110 3001 3306 3057 autem
3342 2992 3669 3073 piscatores

288 3078 719 3156 καταρτίζοντες,
753 3075 850 3133 καὶ
881 3076 976 3138 τάς
1009 3076 1196 3139 κώπας
1228 3074 1448 3155 ἔχοντες
1493 3079 1794 3155 εὐτρεπεῖς,
1828 3075 1941 3132 ’Ἦν

2029 3082 2087 3142 ίη
2115 3081 2313 3143 littore
2340 3090 2595 3161 stantes,
2622 3082 2745 3161 jam
2781 3092 3058 3163 parantes
3078 3083 3252 3155 retia,
3286 3091 3349 3143 et
3380 3081 3670 3144 habentes

287 3164 492 3229 ἰδόντες
548 3166 748 3223 ἐκεῖνοι
803 3164 944 3221 οὕτω
1002 3185 1057 3221 τε
1103 3164 1435 3239 ἐσταλμένην
1477 3167 1563 3222 καὶ
1610 3165 1731 3222 κατ’
1783 3163 1941 3244 ἄνδρα

2029 3188 2226 3233 remos
2255 3177 2516 3251 paratos.
2546 3171 2732 3244 Quam
2762 3190 2895 3235 cum
2918 3171 3003 3234 illi
3029 3185 3168 3234 tunc
3198 3171 3484 3233 vidissent
3503 3180 3669 3233 veste

285 3255 392 3323 τὴν
442 3252 712 3323 ἀναϐολήν
765 3254 998 3334 ἔχουσαν
1043 3257 1138 3314 οὔκ
1181 3254 1289 3311 ἀπὸ
1330 3261 1424 3311 τοῦ
1474 3254 1651 3333 ὄντος,
1683 3253 1803 3310 ἀλλ’
1835 3255 1941 3311 ἀπὸ

2029 3261 2177 3322 virili
2206 3261 2296 3323 sic
2341 3260 2632 3337 indutam,
2678 3280 2797 3323 non
2832 3281 2901 3324 ex
2947 3281 3017 3323 eo
3061 3261 3221 3343 quod
3267 3269 3415 3335 erat,
3451 3261 3558 3321 sed
3592 3278 3667 3321 ex

283 3351 382 3402 τοῦ
436 3344 715 3406 δοκοῦντος
751 3343 981 3423 μᾶλλον,
1013 3342 1262 3418 ἐκάλουν,
1299 3343 1474 3418 Ἐλθέ,
1504 3342 1779 3423 λέγοντες,
1813 3365 1941 3400 νεαι-

2029 3368 2097 3412 eo
2129 3350 2344 3429 potius,
2371 3350 2527 3430 quod
2560 3349 2890 3424 videbatur,
2942 3368 3071 3413 eam
3126 3357 3452 3412 vocarunt:
3496 3349 3665 3420 Veni,

282 3436 455 3508 νίσκε,
489 3442 582 3493 τοῦ
635 3434 799 3491 πόνου
849 3435 988 3507 ἡμῖν
1023 3432 1458 3513 συλληψόμενος,
1490 3432 1583 3489 ἵνα
1612 3432 1708 3490 καί
1739 3454 1941 3490 κοινω-

2029 3438 2293 3502 dicentes
2320 3438 2696 3519 adolescens,
2748 3439 2923 3501 nobis
2967 3458 3140 3521 opem
3191 3441 3441 3511 laturus,
3497 3446 3560 3499 ut
3611 3446 3669 3501 te

280 3525 375 3581 νόν
407 3546 466 3581 σε
496 3528 676 3598 θῶμεν
706 3526 805 3590 τῆς
833 3520 1098 3601 ἄγρας,²ΙΙ
1133 3520 1189 3577 δὲ
1217 3525 1486 3600 πρόθυμον
1518 3522 1688 3589 ἀκοὴν
1716 3522 1937 3602 ἐπεῖχε,

2029 3528 2203 3592 etiam
2233 3530 2446 3609 praeda;
2465 3530 2754 3592 faciamus
2785 3520 3158 3609 participem.
3190 3529 3295 3592 Illa
3323 3536 3523 3590 autem
3552 3527 3670 3590 ala-

281 3615 371 3671 καὶ
429 3611 637 3688 ἐμϐᾶσα
693 3614 817 3676 τοὺς
872 3612 973 3668 τῶν
1006 3610 1203 3668 ἀλιέων
1244 3613 1330 3667 καὶ
1389 3609 1694 3690 ὀφθαλμοὺς
1754 3613 1939 3668 αὐτίκα

2029 3619 2108 3681 cri
2136 3621 2337 3680 animo
2369 3619 2455 3680 eis
2483 3618 2933 3692 obtemperavit.
2967 3618 3241 3697 [agressa
3275 3636 3436 3693 vero,
3472 3616 3669 3697 pisca-

281 3704 374 3760 καὶ
433 3703 621 3782 ψυχὴν
667 3700 940 3781 ἕθραττεν,
973 3703 1206 3778 δρῶντας
1248 3697 1410 3777 ἄνδρα
1461 3700 1559 3774 μὲν
1582 3700 1642 3755 τὸ
1671 3700 1933 3778 φαινόμε-

284 3814 403 3861 νον,
435 3792 561 3861 ἦθος
596 3789 652 3847 δὲ
681 3792 772 3847 καὶ
827 3788 1025 3853 κάλὶος
1056 3790 1396 3864 παρθενικὸν,
1438 3790 1527 3845 καὶ
1580 3786 1787 3856 πολλην
1839 3790 1937 3856 τὴν

285 3879 420 3938 αἶδὼ
478 3892 597 3943 ταῖς
651 3879 841 3956 ὄψεσιν
884 3880 1049 3947 αὖτῆς
1108 3877 1534 3950 ἐπικαθημένην.
1597 3876 1740 3944 Πλὴν
1799 3876 1937 3933 ἀλλὰ

284 3969 535 4033 καθέντες
593 3970 726 4048 πρὸς
783 3966 948 4046 ἄγραν
1012 3969 1158 4031 εὐθὺς
1216 3967 1280 4022 τὰ
1336 3964 1542 4038 δίκτυα,
1601 3966 1693 4022 σὺν
1752 3962 1937 4037 πολλῷ

286 4059 517 4134 καμάτῳ
559 4059 656 4127 τῆς
700 4059 804 4135 γῆς
862 4055 1117 4114 ἀνεῖλκον
1164 4058 1239 4119 ὼς
1284 4053 1346 4111 ἂν
1378 4054 1616 4133 μεγάλου
1644 4054 1788 4119 τινὸς
1820 4055 1938 4131 περὶ

282 4150 419 4206 αὒτά
478 4148 669 4224 βάρους
727 4146 1052 4220 ατσθύμενοι,
1139 4142 1298 4212 ’ἺΙόη
1382 4142 1437 4200 δὲ
1500 4145 1587 4202 καὶ
1645 4145 1788 4222 παρά
1845 4145 1937 4201 τὸν

285 4235 529 4316 αἰγιαλὸν
586 4235 852 4312 έλθύντες,
906 4237 1102 4313 ὁρῶσιν
1153 4234 1254 4289 ἆ·ιά
1321 4234 1418 4301 τὴν
1476 4234 1661 4305 νύκτα,
1708 4233 1938 4305 σελήνης

281 4328 378 4384 τὸν
419 4326 578 4404 ζόφον
638 4323 1020 4405 διασαφούσης,
1088 4326 1172 4381 καὶ
1216 4321 1420 4390 πλῆθος
1481 4324 1577 4397 μὲν
1605 4324 1803 4403 ἰχθύων
1835 4344 1935 4379 πε-

279 4414 560 4496 ριληφθὲν,
613 4416 700 4471 καὶ
750 4415 976 4490 σώματα
1028 4415 1145 4493 περὶ
1198 4412 1296 4479 τὴν
1342 4411 1575 4491 γαστέρα
1607 4420 1697 4469 τοῦ
1727 4411 1935 4469 δικτύου

279 4507 471 4583 νεκρά.

361 4594 475 4652 ΛΔ¹
545 4591 604 4650 ἰε’
873 4593 888 4610 ⁸
1006 4592 1031 4614 τ
1206 4592 1219 4610 ⁸
1314 4596 1323 4607 “
1418 4589 1452 4647 ὅ
1574 4589 1587 4605 ⁸
1770 4614 1782 4623 ·
1857 4590 1885 4631 ἐ

420 4632 421 4637 η
481 4638 497 4654 .
592 4605 782 4651 ,κεῖνοι
828 4616 927 4654 μεν
973 4615 1062 4649 ουν
1105 4613 1226 4666 περι
1270 4613 1369 4657 την
1450 4596 1541 4665 ψιδ
1570 4593 1934 4669 εκταραχ-θει-

2018 3715 2213 3770 torum
2245 3708 2445 3769 statim
2495 3707 2871 3770 conturbavit
2910 3708 3114 3770 oculos
3156 3715 3215 3768 et
3240 3706 3497 3778 animos,
3529 3725 3664 3768 cum

2020 3796 2288 3858 viderent
2329 3814 2461 3857 eam
2491 3796 2679 3858 videri
2708 3796 2952 3871 quidem
2989 3797 3202 3869 virum,
3238 3813 3436 3857 mores
3463 3803 3664 3857 autem

2019 3892 2080 3948 et
2108 3883 2452 3963 virginalem
2489 3884 3000 3965 pulchritudinem
3032 3892 3092 3947 et
3120 3883 3410 3964 pudorem
3446 3883 3506 3944 in
3536 3884 3666 3962 ejus

2019 3974 2209 4055 oculis
2240 3972 2521 4036 insidere.
2554 3973 2776 4036 Verum
2828 3973 3129 4034 enimvero
3156 3991 3290 4035 cum
3319 3972 3393 4035 ad
3425 3972 3666 4052 piscan-

2019 4063 2159 4123 dum
2178 4061 2329 4129 retia
2345 4060 2900 4141 demisissent,cum
2921 4080 3132 4141 magno
3146 4061 3351 4123 labore
3361 4062 3432 4124 ad
3448 4068 3667 4125 terram

2019 4152 2371 4231 avelleruut,
2424 4152 2673 4224 perinde
2720 4169 2787 4212 ac
2841 4152 2890 4211 si
2931 4169 3209 4229 magnum
3242 4148 3483 4230 aliquod
3516 4169 3668 4231 pon-

2020 4241 2134 4302 dus
2182 4242 2238 4302 iu
2285 4241 2374 4303 eis
2421 4241 2735 4304 sentirent.
2789 4239 2921 4303 Jam
2951 4257 3092 4301 vero
3124 4258 3257 4300 cum
3293 4257 3476 4318 prope
3505 4240 3673 4303 littus

2020 4330 2345 4409 venissent,
2371 4339 2550 4391 noctu
2572 4330 2942 4402 vident,luna
2962 4328 3302 4406 depellente
3324 4328 3667 4406 caliginem,

2019 4426 2220 4482 etcom
2232 4420 2585 4499 prehensam
2603 4418 2855 4498 piscium
2869 4417 3403 4492 multitudinem,et
3419 4436 3673 4498 corpora

2020 4517 2251 4571 mortua
2282 4508 2344 4570 in
2378 4515 2587 4572 ventre
2616 4507 2787 4571 retis.

2100 4588 2361 4652 XXXIV.
2415 4591 2612 4670 Atque
2656 4588 2746 4649 illi
2776 4585 3018 4667 quidem
3051 4587 3283 4650 visione
3312 4587 3669 4661 conturbati,

278 4706 396 4757 τες,
432 4682 577 4760 λύπῃ
619 4704 679 4738 τε
731 4683 819 4738 καὶ
869 4680 974 4738 δέει
1024 4681 1089 4737 τὰ
1129 4680 1354 4754 σώματα
1401 4681 1505 4735 cth
1536 4677 1756 4736 δικτύων
1786 4680 1935 4736 ἐκτι-

2029 4699 2154 4742 cum
2189 4697 2309 4758 ρνιο
2338 4678 2547 4740 dolore
2595 4685 2654 4739 et
2685 4687 2847 4738 metu
2875 4694 3127 4757 corpora
3156 4675 3583 4749 excussissent,
3615 4684 3676 4739 et

279 4772 588 4848 ναξάμενοι,
619 4773 708 4828 καὶ
744 4770 811 4846 τῇ
841 4776 914 4848 γῇ
945 4770 1295 4847 παραθέντες,
1350 4767 1487 4825 αἰ)τά
1530 4790 1585 4825 τε
1646 4770 1713 4823 τὰ
1756 4767 1936 4826 δίκτυα

2029 4772 2078 4830 in
2111 4777 2270 4830 terra
2293 4767 2736 4848 deposuissent,
2763 4765 2992 4827 retibus
3017 4766 3315 4840 collectis,
3348 4766 3677 4829 contende-

280 4861 662 4937 συλλεξάμενοι
705 4863 779 4926 εἰς
832 4861 933 4928 τὴν
991 4857 1276 4937 ἀντιπέραν
1330 4857 1620 4933 ἠπείγοντο
1676 4860 1935 4934 μεθορμί-

2029 4858 2162 4920 bant
2194 4858 2595 4918 trauSmittere
2627 4856 2687 4917 iu
2718 4855 3097 4935 religionem,
3148 4873 3280 4933 quae
3306 4863 3430 4916 erat
3460 4873 3529 4917 ex
3560 4856 3671 4917 ad-

281 4956 500 5031 σασθαι,
561 4952 834 5026 σύμπλουν
886 4953 1072 5015 αδτοϊς
1132 4947 1284 5028 ἔχειν
1348 4946 1618 5012 ἀξιοῦντες
1689 4946 1784 5003 καὶ
1837 4950 1935 5015 τὴν

2029 4963 2219 5009 verso.
2256 4946 2523 5007 volentes
2579 4944 2637 5006 in
2681 4947 2812 5006 navi
2869 4962 3074 5005 secum
3106 4944 3327 5006 vehere
3354 4943 3671 5023 virginem.

282 5042 564 5119 παρθένον.
627 5041 778 5099 Ἐπεί
810 5039 865 5096 δὲ
910 5041 989 5114 μὴ
1033 5038 1264 5111 ἔπειθον,
1328 5034 1484 5113 ἄρτον
1517 5036 1651 5112 αὒτῇ
1699 5038 1792 5093 τὸν
1845 5060 1941 5112 μι-

2029 5037 2172 5099 Cum
2199 5043 2393 5097 autem
2451 5052 2570 5095 non
2623 5033 3078 5115 persuaderent,
3116 5031 3253 5093 dato
3282 5033 3337 5092 ei
3371 5050 3474 5112 pro
3510 5051 3676 5095 mer-

282 5134 410 5189 σθὸν
470 5130 562 5186 γαί
606 5131 798 5210 ἰχθύας
846 5127 1118 5192 ἐπιδόντες
1171 5126 1464 5187 ἀπέπλεον.
1527 5115 1590 5182 Ἠ
1634 5125 1689 5182 δὲ
1760 5125 1941 5184 ’Ἰνδον

2029 5125 2171 5189 cede
2222 5143 2375 5199 pauc
2419 5134 2478 5187 et
2530 5121 2819 5203 piscibus,
2872 5121 3169 5183 abierunt.
3216 5119 3323 5183 Illa
3365 5139 3503 5183 vero
3534 5140 3670 5184 cum

280 5223 375 5280 καὶ
427 5226 533 5277 τῶν
575 5222 764 5292 Exsiqu
820 5217 1092 5275 συνάθλων
1149 5219 1241 5273 τὸν
1304 5216 1528 5272 θάνατόν
1585 5234 1644 5271 τε
1704 5217 1789 5272 καὶ
1848 5219 1939 5274 τὸν

2029 5214 2184 5277 [udae
2219 5222 2276 5275 et
2308 5212 2469 5275 Illius
2504 5210 2803 5273 sociorum
2837 5221 2898 5272 et
2927 5217 3179 5272 mortem
3207 5221 3267 5271 et
3286 5228 3474 5289 genus
3505 5228 3667 5271 mor-

278 5321 375 5370 τοῦ
429 5312 656 5367 θανέτοῦ
712 5310 933 5387 τρόπον,
995 5308 1174 5384 ὥσπερ
1232 5305 1460 5384 ἔφημεν,
1516 5303 1621 5372 ἤδη
1672 5309 1933 5380 μαθοῦσα,

2029 5305 2121 5378 tis,
2180 5315 2240 5364 nt
2294 5303 2458 5384 prius
2503 5300 2782 5376 diximus,
2833 5300 2955 5378 jam
3014 5306 3365 5380 accepisset,
3418 5307 3669 5360 accessit

275 5399 482 5465 ἐπέστη
541 5398 640 5472 μὲν
696 5412 816 5462 τοῖς
873 5396 1140 5473 σώμασιν,
1201 5394 1486 5451 ανεσκύπει
1530 5391 1584 5448 δὲ
1642 5395 1729 5451 καὶ
1780 5417 1933 5469 περι-

274 5489 530 5569 έστρεφεν
573 5491 795 5557 ἱκανῶς,
865 5486 990 5543 εἶτα
1060 5487 1150 5542 καὶ
1206 5486 1339 5561 πρὸς
1410 5480 1679 5561 ἀκρίϐειαν
1737 5483 1937 5541 ἕκαστα

275 5579 701 5653 κατεμάνθανεν.
749 5577 901 5635 Ἐπεὶ
959 5576 1048 5632 οὖν
1094 5577 1140 5631 οἱ
1184 5578 1528 5653 χαρακτῆρες
1563 5575 1697 5649 αὐτῇ
1725 5576 1813 5631 καὶ
1869 5577 1936 5631 τὰ

279 5668 527 5742 σύμϐολα
587 5667 715 5723 ὅλου
771 5665 837 5731 δὴ
866 5665 957 5722 τοῦ
988 5664 1237 5737 σώματος
1274 5665 1390 5726 τοὺς
1422 5663 1601 5737 ἁγίους
1637 5666 1775 5719 εἶναι
1835 5686 1933 5720 σαο

272 5761 384 5842 φῷ.
432 5759 790 5837 ὑπηγόρευον,
838 5757 993 5835 χερσὶ
1041 5759 1201 5815 τοῦτα
1264 5749 1622 5829 περιλαϐοῦσα
1651 5755 1739 5810 καὶ
1769 5755 1932 5835 χείλη

2022 5394 2262 5473 quidem
2322 5392 2393 5452 ad
2442 5408 2732 5471 corpora:
2787 5389 3105 5469 diligenter
3143 5397 3338 5449 autem
3382 5388 3663 5449 conside-

2018 5483 2168 5545 ravit
2198 5492 2255 5543 et
2288 5481 2559 5552 versavit,
2595 5491 2653 5541 et
2682 5478 2903 5541 deinde
2934 5479 3107 5540 etiam
3132 5477 3363 5556 singula
3391 5486 3666 5539 accurate

2017 5574 2248 5638 didicit.
2282 5571 2599 5647 Postquam
2633 5587 2773 5630 vero
2826 5569 3029 5647 ﬁgurae
3076 5577 3133 5629 et
3182 5566 3362 5627 totius
3392 5567 3664 5646 corporis

2017 5664 2187 5742 signa
2208 5661 2340 5723 illos
2364 5678 2496 5721 esse
2517 5666 2754 5721 sanctos
2771 5666 2977 5736 aperte
2993 5653 3508 5734 signiticabant,ea
3532 5673 3663 5716 ma-

2017 5754 2193 5817 nibus
2209 5751 2540 5834 accipiens,
2572 5758 2630 5811 et
2660 5747 2748 5811 eis
2773 5747 2939 5809 labra
2969 5762 3182 5831 magno
3197 5744 3527 5812 admovens
3550 5744 3658 5811 de-
