4086 6410
425 441 585 509 1079

1589 439 1845 505 ADDEN
1855 438 1972 501 DA.
2061 470 2133 484 -
2207 438 2635 502 DECEMBER.

3655 432 3807 500 1080

422 579 673 656 siderio,
705 578 989 641 ardenter
1016 573 1522 658 amplectebatur,
1555 581 1676 637 tota
1717 575 1846 655 ejus
1876 576 2060 640 animt

2158 581 2414 640 ποθεινῶς
2476 580 2663 642 αὐτοῖς
2738 579 3063 658 περιθεῖσα,
3135 574 3344 656 θερμῶς
3401 575 3670 648 ἠσπάζετο
3717 576 3810 635 καὶ

423 669 604 732 simul
635 686 875 750 quoque
905 667 1332 747 amplectente.
1368 665 1512 728 Cum
1546 664 1672 726 haec
1702 664 1950 748 faceret,
1985 668 2076 730 vi-

421 758 525 820 det
584 775 791 820 navem
847 757 970 836 jam
1027 755 1174 817 ferri
1220 754 1293 816 ad
1348 755 1544 834 ipsum
1576 753 1766 829 littus,
1799 755 1925 817 velo
1951 758 2076 837 jam

421 846 706 921 demisso,
741 853 802 907 et
826 843 972 906 solis
1001 843 1184 906 remis
1236 843 1458 904 sensim
1501 841 1576 904 ad
1612 850 1830 905 terram
1863 847 2075 928 appel-

419 935 568 998 lere.
601 931 914 998 Accedens
957 932 1140 1013 igitur
1193 933 1384 1014 virgo,
1425 951 1562 994 cum
1592 942 1829 1010 nautas,
1866 945 1932 996 ut
1963 937 2075 999 de-

419 1024 612 1101 cebat,
658 1023 1046 1104 appellasset,
1099 1023 1366 1086 ostendit
1423 1022 1601 1084 etiam
1653 1023 1871 1103 pisces.
1907 1027 2072 1089 Nau-

417 1113 616 1176 clerus
645 1119 843 1175 autem
875 1130 1004 1173 eam
1054 1111 1190 1174 illos
1246 1111 1513 1174 vendere
1542 1111 1914 1195 existimans,
1948 1128 2074 1178 sta-

415 1207 521 1264 tim
547 1201 773 1281 rogavit
802 1201 1014 1280 quanti
1041 1201 1352 1264 venderet.
1384 1201 1490 1264 Illa
1520 1219 1660 1264 vero
1696 1202 1846 1264 dixit
1873 1222 1940 1267 se
1971 1223 2073 1268 eos

415 1291 558 1354 dare
587 1291 789 1372 gratis.
825 1291 971 1354 Cum
1005 1298 1207 1353 autem
1231 1291 1332 1352 ille
1355 1288 1598 1372 quidem
1637 1311 1758 1352 non
1787 1293 2067 1372 credens,

414 1398 630 1444 rursus
661 1381 1038 1443 meminisset
1068 1379 1268 1461 pretii,
1304 1380 1403 1440 illa
1431 1397 1569 1442 vero
1623 1387 1811 1442 staret
1842 1391 2067 1460 tacens,

416 1477 476 1532 et
504 1488 744 1532 manum
779 1469 1133 1550 porrigeret,
1169 1487 1301 1550 qua:
1359 1468 1670 1531 videbatur
1698 1471 1848 1535 velle
1879 1473 2068 1549 grati-

415 1559 582 1623 ﬁcari
618 1579 633 1623 :
665 1558 781 1621 Per
839 1558 1039 1638 ipsum
1098 1558 1430 1638 Christum,
1482 1559 1672 1639 inquit
1723 1561 2065 1640 nauclerus,

415 1648 620 1730 quanti
647 1648 910 1711 vendis?
961 1649 1126 1712 Tunc
1180 1666 1250 1709 ex
1291 1648 1690 1727 jurejurando
1727 1649 2071 1730 intelligens

415 1755 706 1818 generosa
738 1737 903 1817 virgo
934 1755 1073 1800 eum
1105 1753 1239 1798 esse
1279 1735 1466 1817 pium,
1501 1737 1652 1798 nihil
1703 1738 1889 1801 voluit
1932 1759 2067 1803 eum

412 1828 632 1902 celare,
671 1827 776 1889 sed
829 1845 965 1888 cum
1021 1845 1157 1889 eum
1207 1825 1364 1888 foras
1417 1835 1725 1889 evocasset
1775 1829 1847 1890 ad
1877 1829 2065 1905 littus,

2159 667 2326 735 αὐτὴν
2411 665 2543 734 ὅλην
2624 665 2828 746 ἔχουσα
2880 666 2980 733 τὴν
3058 671 3246 746 ψυχὴν
3303 665 3806 747 συνασπαζομένην,

2160 757 2262 814 εἷθ’
2310 755 2448 814 οὕτω
2478 756 2567 813 καὶ
2596 753 2820 833 δάκρυον
2868 754 2965 824 ἡδὺ
3010 755 3412 812 κατασπείσασα
3453 762 3560 813 τῶν
3609 757 3806 831 σωμά-

2159 868 2289 910 των,
2333 847 2423 904 Ἐν
2473 849 2519 920 ᾧ
2573 853 2740 904 ταῦτα
2767 844 2959 924 ἐποίει,
2994 847 3090 917 δρᾷ
3119 844 3315 903 πλοῖον
3346 846 3478 920 πρὸς
3509 846 3667 902 αὐτὸν
3699 845 3807 914 ἢδη

2160 936 2450 1015 φερόμενον
2507 937 2597 993 τὸν
2642 934 2886 1014 αἰγιαλὸν
2915 935 3012 1003 τὴν
3043 934 3234 1001 ὀθόνην
3263 934 3379 1013 ἄρτι
3429 933 3677 1014 χαλάσαν
3720 937 3810 992 καὶ

2157 1025 2364 1091 κώπαις
2406 1024 2582 1098 ἠρέμα
2625 1025 2814 1099 μόναις
2861 1025 3083 1082 σαλεῦον
3129 1026 3202 1085 εἰς
3247 1029 3374 1102 γῆν.
3440 1023 3808 1102 Προσελθοῦσα

2156 1117 2290 1194 γοῦν
2336 1118 2370 1183 ἡ
2432 1114 2686 1194 παρθένος
2718 1115 2809 1171 καὶ
2847 1115 2909 1171 τὸ
2939 1121 3046 1171 τῶν
3089 1120 3295 1174 ναυτῶν
3342 1112 3613 1192 πλήρωμα
3642 1136 3807 1191 προσ-

2156 1205 2487 1285 αγορεύσασα
2543 1207 2618 1268 ὡς
2663 1204 2834 1284 ἐχρῆν
2887 1203 3165 1264 δποδείκνυ
3194 1205 3282 1261 καὶ
3329 1205 3449 1267 τοὺς
3507 1206 3679 1283 ἰχθῦς.
3743 1195 3804 1263 Ὀ

2154 1293 2208 1350 δὲ
2259 1293 2552 1372 ναύκληρος
2610 1293 2816 1350 πωλεῖν
2863 1294 3026 1362 αὐτὴν
3071 1295 3266 1361 οἰηθεὶς
3325 1293 3645 1350 ἐπυνθάνετο
3687 1316 3804 1351 πα-

2153 1384 2410 1464 ραχρῆμα
2470 1384 2636 1441 πόσου
2669 1384 2734 1440 ἃν
2764 1385 3001 1464 πρίαιτο.
3056 1383 3121 1441 Ἠ
3182 1381 3238 1440 δὲ
3282 1396 3482 1461 προῖκα
3532 1382 3684 1460 ἔλεγε
3712 1383 3806 1440 καὶ

2151 1462 2283 1553 πρὸς
2340 1473 2502 1552 χάριν
2554 1470 2780 1532 διδόναι.
2849 1462 2944 1537 Ὠς
3019 1471 3074 1528 δὲ
3139 1473 3346 1537 ἐκεῖνος
3408 1471 3505 1546 μὲν
3563 1473 3804 1529 ἀπιστῶν

2149 1563 2425 1639 ἐμέμνητο
2485 1562 2574 1618 καὶ
2603 1562 2746 1626 αὖθις
2789 1561 2972 1638 τιμῆς,
3025 1564 3059 1630 ἡ
3105 1562 3161 1618 δὲ
3217 1568 3479 1619 σιωπῶσα
3539 1563 3801 1636 εἱστήκει,

2153 1652 2248 1710 καὶ
2306 1665 2473 1732 χεῖρα
2528 1651 2798 1730 προέτεινε
2841 1652 3149 1732 χαρίζεσθαι
3195 1652 3459 1731 ἐοικυῖαν,
3511 1652 3648 1730 Πρὸς
3700 1651 3802 1706 αὒ-

2152 1748 2269 1821 τοῦ,
2302 1744 2330 1798 ὁ
2360 1740 2687 1821 ναύκληρος,
2718 1751 2811 1801 τοῦ
2840 1749 3088 1819 Χριστοῦ,
3122 1741 3313 1814 πόσον,
3365 1740 3492 1821 ἔφη,
3543 1740 3749 1806 πωλεῖς
3786 1759 3804 1817 ;

2152 1831 2284 1890 Τότε
2328 1833 2405 1906 τῷ
2457 1830 2599 1910 ὅρκῳ
2665 1833 2699 1899 ἡ
2757 1831 2973 1908 γενναία
3031 1829 3222 1897 εὐσεϐῆ
3291 1831 3432 1888 εἴνοι
3491 1832 3585 1888 τὸν
3643 1828 3807 1909 ἄνδρα

411 1916 676 1979 ostendit
705 1917 764 1978 ei
814 1933 1065 1999 corpora
1123 1923 1491 1997 sanctorum,
1524 1924 1584 1978 et
1632 1917 1902 1982 adhibuit
1930 1939 2060 1983 eum

2153 1923 2412 1996 μαθοῦσα,
2473 1918 2620 1976 οὐδὲν
2685 1918 2939 1988 ἠϐούλετο
2997 1921 3270 1998 κρύπτειν,
3319 1918 3441 1977 ἀλλ’
3507 1919 3606 1988 ἔξω
3659 1922 3806 1993 παρὰ

408 2011 472 2070 in
525 2006 870 2069 societatem
923 2005 1322 2086 pulcherrimi
1382 2005 1731 2083 ministerii,
1787 2010 2071 2089 aperiens

409 2113 810 2178 quarumnam
873 2102 1095 2169 essent,
1158 2103 1218 2158 et
1273 2112 1526 2158 narrans
1556 2097 2066 2178 quemadmodum

411 2203 520 2268 pro
543 2185 778 2251 Christo
811 2187 1026 2249 mortui
1051 2192 1253 2250 essent
1283 2193 1593 2266 martyres.

488 2451 1067 2517 XXXV.Nauclerus
1092 2460 1292 2516 autem
1314 2469 1451 2515 cum
1477 2453 1606 2517 haec
1629 2453 2062 2537 audiisset,no-

411 2560 510 2607 vas
542 2544 850 2626 sindonas,
881 2550 942 2606 et
969 2549 1166 2606 vestes
1216 2541 1524 2622 candidas,
1555 2551 1976 2627 unguentaque
2004 2556 2066 2610 et

408 2633 640 2697 sufﬁtus
670 2651 704 2696 θ
733 2635 865 2696 navi
897 2633 1100 2696 statim
1131 2633 1354 2714 attulit,
1389 2633 1529 2696 etin
1567 2632 1656 2695 eis
1685 2633 2064 2714 deponendis

407 2722 720 2788 laboravit.
757 2725 991 2788 Domna
1010 2740 1154 2786 vero
1180 2741 1315 2785 cum
1343 2726 1416 2786 iis
1435 2740 1584 2804 quas
1605 2722 2064 2807 habebat,aquis

407 2813 738 2894 mundis,et
767 2813 1049 2894 lacrymis
1079 2818 1246 2895 prius
1279 2812 1531 2874 lavasset
1560 2830 1815 2894 corpora
1837 2823 1895 2876 et
1926 2833 2063 2878 cum

407 2903 693 2966 nauclero
725 2903 1060 2966 honoriﬁce
1092 2913 1321 2966 etcum
1379 2901 1545 2965 omni
1601 2903 1940 2966 reverentia
1995 2922 2066 2966 ea

407 2991 933 3075 composuisset.et
955 3009 1026 3055 ea
1045 2991 1268 3057 deinde
1304 2992 1703 3054 communiter
1726 3002 2069 3074 portassent

403 3084 480 3145 ad
499 3099 735 3145 murum
769 3080 1050 3156 civitatis,
1085 3082 1188 3164 qui
1240 3089 1332 3144 est
1354 3081 1662 3163 proximus
1685 3083 1960 3165 torrenti,
1991 3085 2066 3146 ad

404 3180 636 3254 portam
668 3169 953 3248 civitatis,
985 3171 1092 3234 ubi
1150 3170 1334 3234 etiam
1388 3171 1731 3235 Dorotheus
1769 3189 1904 3234 cum
1939 3173 2066 3238 suis

401 3261 582 3324 ﬁnem
613 3262 746 3324 vitat
765 3267 1109 3342 acceperat,
1142 3259 1272 3323 illic
1303 3277 1374 3322 ea
1405 3266 1466 3322 tn
1513 3260 1674 3322 fossa
1706 3271 2057 3341 posuerunt.

401 3350 600 3432 Atque
621 3351 942 3415 nauclerus
965 3349 1214 3428 quidem
1236 3348 1552 3430 virginem,
1585 3357 1650 3411 ut
1671 3349 1773 3431 qui
1788 3349 2060 3429 judicas-

403 3449 495 3502 set
517 3457 648 3502 eam
671 3457 804 3502 esse
825 3439 1074 3502 fratrem
1099 3438 1577 3519 ejusdem,cujus
1604 3438 1734 3518 ipse
1749 3439 1810 3500 in
1824 3438 2058 3502 Christo

402 3528 718 3592 sententias
749 3528 904 3611 (eam
936 3528 1098 3592 enim
1129 3526 1327 3590 adhuc
1361 3527 1561 3590 virum
1598 3545 1732 3590 esse
1765 3528 2056 3610 putabat),

399 3619 628 3699 rogavit
657 3629 722 3681 ut
749 3636 955 3682 secum
988 3625 1171 3694 esset,
1204 3625 1262 3680 et
1294 3625 1416 3680 toto
1438 3617 1571 3680 vitm
1597 3626 1874 3699 tempore
1906 3637 2060 3681 nun-

400 3729 578 3793 quam
603 3708 678 3773 ab
699 3727 771 3772 eo
794 3708 1162 3772 discederet.
1189 3707 1296 3771 Illa
1323 3725 1464 3771 vero
1495 3725 1617 3770 non
1649 3706 1913 3784 admisit,
1947 3709 2054 3772 sed

398 3819 534 3863 eum
557 3799 804 3884 quidem
849 3799 1078 3878 rogavit
1124 3807 1189 3862 ut
1230 3806 1488 3879 coeptum
1512 3798 1628 3861 iter
1651 3806 2055 3879 persequere-

397 3897 518 3967 tur,
551 3907 618 3954 se
659 3898 859 3953 autem
905 3888 1055 3952 dixit
1075 3906 1416 3951 mansuram
1451 3887 1811 3964 :Quoniam,
1835 3889 2050 3970 inquit,

399 3997 588 4062 prope
612 3987 702 4042 est
723 3979 856 4042 vita
879 3978 1243 4053 ﬂnis.Quare
1265 3997 1378 4042 nec
1403 3996 1602 4040 meum
1624 3995 1842 4060 corpus
1864 3978 1938 4040 ab
1960 3979 2054 4041 his

395 4068 774 4151 corporibus,
829 4087 942 4133 nec
1001 4069 1265 4132 animam
1328 4067 1575 4130 omnino
1626 4067 1804 4131 decet
1829 4068 1906 4130 ab
1962 4070 2057 4130 his

395 4158 612 4221 animis
643 4160 903 4239 sejuugi.
941 4163 1091 4224 Cum
1123 4159 1250 4222 illic
1281 4178 1425 4240 ergo
1457 4158 1870 4232 remansisset,
1892 4158 2055 4220 indi-

395 4248 567 4311 vulsa
593 4247 940 4312 adhaerebat
967 4247 1645 4330 reliquiis,aromatibus
1675 4255 1733 4309 et
1757 4246 2057 4309 sumtibus

395 4338 484 4401 eis
512 4338 806 4401 honorem
865 4338 1185 4410 exhibens,
1245 4338 1530 4401 nauclero
1585 4335 1736 4398 satis
1789 4338 2058 4417 pecuniae

393 4426 818 4508 suppeditante
840 4428 914 4490 ad
945 4445 1015 4490 ea
1046 4427 1480 4509 comparanda.

473 4515 738 4580 XXXVI.
773 4517 938 4581 Fieri
993 4526 1196 4581 autem
1262 4535 1385 4579 non
1417 4522 1674 4598 poterat,
1703 4524 1772 4576 ut
1821 4530 1924 4576 eos
1953 4515 2050 4593 qui

2149 2012 2241 2069 τὸν
2302 2008 2542 2089 αἰγιαλὸν
2593 2008 3002 2084 ἐκκαλεσαμένη
3063 2008 3265 2067 ἐδείκνυ
3341 2031 3399 2066 τε
3457 2010 3524 2068 τὰ
3574 2021 3803 2084 σώματα

2148 2106 2255 2158 τῶν
2312 2101 2501 2177 ἁγίων,
2556 2099 2644 2156 γαὶ
2717 2101 2974 2157 κοινωνὸν
3049 2098 3288 2157 ἐποιεῖτο
3341 2105 3440 2166 τῆς
3500 2101 3617 2177 περὶ
3665 2100 3802 2158 «ora

2147 2187 2437 2258 καλλίστης
2489 2188 2806 2268 ὖπηρεσίας,
2860 2189 2938 2246 ὦν
2993 2210 3052 2247 τε
3108 2190 3202 2258 εἴη
3261 2188 3660 2270 διασαφήσασα,
3710 2192 3800 2246 καὶ

2147 2278 2295 2345 ὅπως
2349 2279 2481 2356 ὑπὲρ
2548 2285 2776 2357 Χριστοῦ
2829 2279 3036 2337 θάνοιεν
3093 2280 3143 2338 οἱ
3201 2279 3460 2359 μάρτυρες
3515 2278 3796 2359 ἐξηγησα-

2147 2391 2282 2447 μενη
2293 2413 2306 2429 .

2225 2458 2356 2519 ΛΕ’.
2418 2457 2479 2517 Ὀ
2535 2455 2835 2538 ναύκληρος
2879 2457 2970 2514 οὖν
3023 2457 3256 2523 ἀκούσας
3316 2457 3558 2523 σινδόνας
3606 2461 3798 2525 καινὰς

2145 2547 2246 2606 καὶ
2275 2547 2469 2612 στολὰς
2499 2547 2690 2614 λευκὰς
2743 2548 2882 2626 μύρα
2912 2569 2970 2603 τε
3022 2547 3166 2614 αὖθις
3210 2551 3298 2606 καὶ
3329 2550 3638 2625 θυμιάματα
3703 2557 3799 2608 τοῦ

2146 2637 2333 2696 πλοίου
2375 2640 2520 2704 εὐθὺς
2566 2637 2745 2716 ἐξῆγε,
2805 2637 2896 2694 καὶ
2947 2634 3250 2695 διεπονεῖτο
3301 2641 3432 2718 πρὸς
3481 2640 3580 2707 τὴν
3623 2641 3798 2697 κατά-

2145 2733 2310 2788 θεσιν.
2346 2730 2529 2805 Δόμνα
2557 2726 2611 2784 δὲ
2642 2727 2731 2793 οἷς
2777 2727 2936 2807 εἶχεν
2976 2725 3126 2785 ὕδασι
3178 2733 3434 2809 καθαροῖς
3477 2731 3543 2787 τὰ
3573 2730 3802 2805 σώματα

2146 2820 2235 2876 καὶ
2293 2815 2479 2892 πολλῷ
2529 2817 2786 2897 πρότερον
2833 2829 2952 2882 τοῖς
3000 2815 3217 2895 δάκρυσι
3269 2817 3533 2896 πλύνασα,
3567 2819 3664 2876 καὶ
3708 2820 3803 2877 σὺν

2146 2912 2224 2980 τῷ
2283 2905 2567 2986 ναυκλήρῳ
2597 2905 2741 2963 αἷδοῖ
2770 2907 2919 2984 πάσῃ
2971 2907 3164 2982 τιμίως
3221 2909 3350 2966 αὗτᾰ
3400 2908 3802 2988 περιστείλασα,

2149 2997 2277 3054 εἶτα
2334 2998 2423 3054 καὶ
2475 3002 2634 3074 κοινῇ
2688 3002 2855 3053 ταῦτα
2910 2993 3362 3063 διαϐαστάσαντες
3405 3001 3548 3077 παρὰ
3591 3006 3667 3074 τῷ
3698 3004 3800 3069 τῆς

2149 3085 2358 3150 πόλεως
2401 3087 2574 3166 τείχει
2607 3084 2851 3166 ἐχόμενα
2880 3095 2974 3146 τοῦ
3031 3086 3326 3167 χειμάῤῥου
3369 3090 3502 3167 πρὸς
3545 3095 3613 3165 τῇ
3654 3088 3796 3165 πύλῃ

2146 3183 2215 3254 τῇ
2266 3177 2412 3256 παρὰ
2453 3174 2743 3249 θάλασσαν,
2805 3175 2866 3232 οὗ
2907 3172 2974 3242 δὴ
3020 3177 3069 3232 οἱ
3114 3178 3232 3255 περὶ
3271 3179 3362 3233 τὸν
3410 3178 3683 3255 Δωρόθεον
3737 3181 3801 3236 τὸ

2147 3265 2298 3330 τέλος
2357 3263 2620 3344 ἐδέξαντο,
2680 3263 2860 3320 ἐκεῖσε
2914 3271 3078 3323 ταῦτα
3139 3267 3517 3344 κατορύξαντες
3575 3267 3797 3335 ἔθηκαν.

2148 3348 2206 3414 Ὀ
2263 3354 2446 3430 μέντοι
2506 3352 2804 3432 ναύκληρος
2856 3353 2956 3420 τὴν
3015 3352 3313 3432 παρθένον,
3388 3354 3482 3412 ἅτε
3541 3355 3801 3430 ὁμόδοξον

2145 3441 2369 3524 ἀδελφόν
2425 3443 2570 3500 εἶναι
2627 3442 2806 3520 κρίνας
2837 3442 2974 3498 κατὰ
3004 3445 3232 3522 Χριστὸν
3265 3441 3452 3522 (ἄνδρα
3496 3445 3596 3524 γὰρ
3626 3447 3798 3514 αὐτὴν

2145 3534 2220 3591 ἔτι
2246 3531 2436 3610 ᾤετο),
2495 3529 2668 3588 ἐδεῖτο
2703 3543 2966 3606 συνεῖναι,
3029 3533 3120 3590 καὶ
3166 3530 3432 3608 μηδαμῶς
3490 3534 3795 3602 ἀποστῆναι

2143 3624 2331 3681 τούτου
2361 3620 2483 3700 παρ’
2536 3618 2668 3688 ὅλην
2711 3621 2872 3678 αὒτοῦ
2901 3622 3002 3689 τὴν
3047 3623 3215 3693 ζωήν,
3251 3621 3314 3680 Ἠ
3375 3621 3429 3680 δὲ
3489 3627 3584 3683 οὐκ
3637 3625 3794 3693 ἠνεί-

2138 3735 2296 3795 χετο,
2332 3709 2452 3768 ἀλλ’
2509 3710 2655 3779 ἠξίου
2699 3711 2856 3768 «om
2901 3711 3001 3788 μὲν
3047 3709 3167 3769 ὁδοῦ
3220 3711 3460 3792 ἔχεσθαι,
3494 3713 3702 3780 ἐκείνην
3739 3711 3793 3770 ἢ

2139 3801 2460 3884 παραμένειν
2520 3803 2763 3875 εἰποῦσα,
2809 3800 2891 3858 ὅτι
2944 3801 3016 3860 Τό
3047 3824 3107 3882 γε
3140 3807 3242 3870 τῆς
3271 3803 3409 3878 ἐμῆς
3457 3809 3601 3875 ζωῆς
3631 3802 3789 3870 τέλος

2137 3894 2319 3973 ἐγγύς.
2353 3891 2526 3951 ’Ὅθεν
2575 3891 2694 3948 οὔτε
2746 3896 2903 3966 σῶμα
2934 3892 2996 3949 τὸ
3040 3893 3171 3967 ἐμὸν
3225 3899 3333 3948 τῶν
3365 3895 3629 3970 σωμάτων
3659 3893 3791 3952 τού-

2135 4004 2243 4063 των
2275 3981 2394 4041 οὕτε
2424 3985 2532 4037 τῶν
2562 3981 2757 4060 ψυχῶν
2812 3979 2952 4044 ὅλως
2987 3979 3287 4050 ἀποστῆναι
3337 3979 3423 4039 δεῖ
3450 4003 3548 4050 την
3581 3984 3794 4063 ψυχήν,

2142 4062 2353 4129 Ἐκεῖσε
2423 4071 2700 4149 τοιγαροῦν
2762 4070 3096 4144 ὑπομείνασα
3149 4069 3524 4138 ἀδιασπάστως
3597 4062 3796 4154 εἴχετο

2135 4165 2242 4217 τῶν
2299 4159 2592 4235 λειψάνων,
2641 4157 3018 4234 ἀσπαζομένη,
3060 4161 3491 4241 προσευχομένη,
3544 4161 3796 4241 ἀρώμασί

2135 4271 2195 4305 τε
2249 4251 2338 4307 καὶ
2393 4247 2687 4324 θυμιάμασι
2745 4248 2846 4315 τὴν
2903 4249 3035 4326 πρὸς
3090 4248 3224 4306 αὒτὰ
3279 4247 3524 4308 δεικνῦσα
3596 4253 3789 4328 τιμὴν,

2139 4335 2716 4417 προσκαταϐαλομένου
2779 4337 2868 4394 καὶ
2950 4346 3044 4398 τοῦ
3103 4337 3400 4419 ναυκλήρου
3469 4343 3602 4422 πρὸς
3687 4343 3790 4411 τὴν

2137 4429 2406 4508 χορηγίαν
2435 4428 2634 4484 τούτων
2664 4427 2818 4483 ἱκανὰ
2845 4427 3133 4507 χρήματα.

2219 4515 2373 4590 [ις’.
2408 4519 2515 4575 Οὔκ
2543 4516 2609 4584 ἧν
2639 4515 2694 4572 δὲ
2736 4516 2953 4582 πάντως
2993 4519 3116 4582 τοὺς
3173 4517 3228 4576 ἐν
3279 4519 3460 4577 σκότει
3490 4522 3787 4596 καθεζομέ-

395 4612 568 4668 erant
597 4605 658 4668 in
694 4604 1210 4688 tenebris,lateret
1243 4625 1392 4688 Opus
1421 4605 1619 4686 lucis;
1655 4621 1854 4685 neque
1886 4620 2049 4664 mar-

2147 4627 2253 4671 νους
2283 4607 2346 4662 τὸ
2373 4612 2466 4662 τοῦ
2522 4606 2696 4686 φωτὸς
2756 4603 2906 4686 ἔργον
2965 4605 3262 4685 διαλαθεῖν,
3310 4609 3450 4684 μηδὲ
3506 4611 3606 4678 τὴν
3669 4611 3786 4692 περὶ

392 4694 552 4774 tyrii,
586 4715 700 4777 quo
721 4695 950 4759 Domna
967 4684 1322 4775 tenebatur,
1357 4684 1724 4757 desiderium
1749 4684 2055 4755 videretur

2147 4698 2196 4754 τὸ
2269 4684 2553 4776 μαρτύριον
2644 4684 2854 4770 Δόμνας
2926 4695 3204 4772 ἐπιθυμίαν
3247 4684 3450 4767 γᾶτελῆ
3529 4684 3780 4779 ὀφθῆναι,

390 4781 839 4866 imperfectum.
877 4785 1278 4860 Quamobrem
1308 4783 1665 4846 deteruntur
1687 4784 1816 4846 haec
1832 4783 1902 4845 ad
1925 4785 2050 4844 Ma-

389 4873 858 4958 ximianum,qui
891 4894 1026 4938 cum
1061 4873 1652 4954 intellexisset,quod
1685 4873 1784 4936 illa
1815 4881 2056 4935 sancto-

389 4980 526 5026 rum
564 4973 726 5028 tanto
757 4984 965 5029 amore
999 4974 1170 5048 capta
1200 4972 1386 5037 esset,
1421 4983 1700 5043 magnum
1733 4963 1918 5025 edens
1948 4981 2053 5024 ca-

393 5053 713 5136 chinnum,
775 5055 876 5138 qui
909 5055 1096 5118 multo
1127 5054 1278 5130 risu,
1305 5052 1399 5115 vel
1431 5053 1705 5135 plurimis
1738 5053 1932 5134 potius
1963 5054 2052 5114 la-

392 5144 610 5223 crymis
631 5151 761 5206 erat
810 5145 1050 5225 dignus,
1084 5146 1203 5208 Par
1236 5151 1350 5219 est,
1383 5143 1597 5224 inquit,
1619 5150 1686 5205 ut
1713 5160 1782 5204 ea
1812 5161 2053 5224 quoque

393 5249 596 5312 parem
631 5233 750 5296 illis
804 5241 1056 5296 mortem
1111 5233 1346 5313 subeat,
1381 5240 1440 5295 et
1471 5233 1556 5295 sic
1599 5232 1800 5314 reipsa
1835 5232 2048 5307 discat,

387 5321 546 5401 quod
566 5321 913 5384 hominibus
937 5322 1089 5384 nihil
1116 5331 1251 5404 post
1273 5331 1528 5384 mortem
1552 5322 1808 5402 amplius
1831 5321 2051 5383 haben-

385 5409 546 5470 tibus
578 5410 681 5472 llla
713 5409 930 5474 frustra
963 5421 1161 5475 tantos
1183 5413 1447 5476 honores
1477 5412 1745 5476 exhibet.
1779 5412 1954 5482 Dixit,
1993 5419 2052 5472 et

381 5502 588 5558 statim
648 5500 835 5575 misit,
871 5502 970 5582 qui
1037 5520 1168 5564 eam
1218 5503 1654 5566 interﬁcerent.
1687 5501 1877 5574 Quam
1910 5521 2045 5564 cum

381 5585 563 5649 etiam
592 5591 1198 5670 comprehendissent
1232 5594 1288 5655 in
1325 5593 1459 5656 loco
1519 5601 1817 5666 orantem,
1871 5599 2050 5671 caput

377 5693 525 5738 ense
541 5687 873 5761 amputant,
920 5682 1102 5764 idque
1135 5685 1261 5763 igni
1311 5683 1576 5745 tradunt.
1610 5681 1680 5742 Et
1709 5681 1885 5760 paulo
1919 5691 2050 5760 post

375 5765 728 5850 adjungitur
753 5771 994 5855 sapiens
1027 5792 1266 5856 quoque
1297 5773 1647 5848 Antbimus,
1683 5771 1781 5854 qui
1814 5769 2044 5835 doctri-

2137 4784 2305 4845 ’Ὅθεν
2334 4786 2429 4843 καί
2457 4781 2595 4852 δῆλα
2625 4795 2790 4845 ταῦτα
2819 4783 3136 4862 Μαξιμιανῷ
3181 4787 3402 4866 γίνεται,
3457 4791 3543 4846 καὶ
3596 4791 3782 4864 μαθὼν

2134 4877 2209 4940 ὡς
2261 4873 2426 4940 οὕτως
2484 4875 2662 4943 ἐκείνη
2715 4877 2822 4932 τῶν
2877 4876 3046 4952 ἁγίων
3119 4877 3386 4955 ἐρωτικῶς
3438 4879 3779 4960 περιέχεται,

2136 4967 2276 5045 μέγα
2324 4966 2735 5046 ἀνακαγχάσας,
2769 4967 2796 5021 ὁ
2828 4964 3030 5023 πολλοῦ
3058 4965 3294 5042 γέλωτος
3327 4968 3364 5036 ἢ
3404 4970 3600 5045 μυρίων
3632 4969 3782 5043 μᾶλ-

2135 5055 2225 5112 λον
2256 5053 2493 5134 δακρύων
2524 5053 2691 5129 ἄξιος,
2739 5054 3018 5132 Προσῆκόν
3074 5053 3240 5127 ἐστιν,
3277 5057 3427 5133 εἷπε,
3461 5059 3548 5115 καὶ
3580 5059 3782 5127 ταύτην

2134 5147 2225 5202 τὸν
2258 5144 2378 5203 ἴσον
2434 5145 2656 5208 ἐκείνοις
2713 5143 2933 5200 θάνατον
2984 5144 3252 5222 δποσχεῖν
3283 5146 3372 5202 καὶ
3419 5145 3584 5212 οὕτως
3644 5148 3784 5228 ἔργῳ

2137 5235 2330 5311 μαθεῖν
2389 5235 2470 5292 ὅτι
2515 5234 2692 5310 μάτην
2749 5232 3047 5310 ἀνθρώποις
3103 5231 3253 5293 οὐδὲν
3299 5234 3462 5292 πλέον
3515 5238 3653 5311 μετᾶ
3679 5240 3781 5294 θά-

2136 5347 2292 5382 νατον
2350 5324 2536 5400 έχουσι
2569 5323 2830 5384 τοσαύτας
2865 5320 3040 5389 ἐκείνη
3071 5323 3357 5404 προσφέρει
3389 5331 3573 5402 τιμάς.
3611 5329 3780 5401 Εἶπε,

2132 5418 2220 5472 καὶ
2277 5416 2398 5479 τοὺς
2443 5414 2860 5474 ἀποκτενοῦδτας
2919 5410 2971 5477 ἐξ
3019 5411 3184 5480 αύτῆς
3229 5414 3491 5490 ἔπεμπεν,
3543 5416 3662 5475 ’Ἦν
3694 5421 3781 5475 καὶ

2132 5503 2580 5584 προσευχομένην
2625 5500 2826 5557 ἐκεῖνοι
2857 5499 2984 5574 παρ’
3039 5503 3182 5577 αιδτῷ
3221 5501 3286 5570 δὴ
3319 5510 3395 5577 τῷ
3424 5505 3576 5579 τόπερ
3603 5529 3780 5564 κατι.

2129 5591 2406 5663 λαϐόντες,
2465 5591 2597 5669 ξίφει
2655 5591 2754 5656 τὴν
2811 5589 3052 5670 κεφαλὴν
3111 5592 3492 5670 ἀποτέμνουσι,
3568 5599 3654 5653 καὶ
3717 5600 3779 5655 τὸ

2128 5689 2284 5757 σῶμα
2357 5677 2696 5758 παραδιδῶσι
2768 5680 2911 5757 πυρί.
3000 5683 3338 5758 Προστίθεται
3413 5686 3580 5761 ταύτῃ
3639 5687 3776 5761 μετὰ

2126 5772 2301 5853 βραχὺ
2361 5775 2447 5829 καὶ
2513 5768 2784 5848 ’Ἂνθιμος
2867 5771 2896 5826 δ
2953 5772 3138 5853 σοφὸς,
3202 5771 3432 5838 πολλοὺς
3517 5777 3773 5857 πρότερον
