4086 6422
321 441 469 509 1081

992 437 1651 506 SUPPLEMENTUM.
1700 474 1778 488 —
1821 441 1883 504 S.
1928 441 2311 506 DEMETRII
2354 440 2758 505 MARTYRIS
2795 441 3021 506 ACTA.

3543 441 3701 510 1082

303 577 514 641 ἐκεῖνος
557 574 814 656 διδαχαῖς
856 597 914 633 τε
946 576 1034 632 καὶ
1083 571 1424 652 παραινέσεσι
1463 570 1728 652 μάρτυρας
1781 596 1980 653 προσ-η

2044 572 2137 635 nis
2166 581 2225 636 et
2247 572 2491 636 monitis
2517 573 2738 636 multos
2763 575 2925 654 prius
2948 575 3182 639 Christo
3203 582 3500 655 martyres
3525 576 3706 640 obtu-

302 668 537 745 ενεγκὼν
566 671 906 751 τῷβριστῴ,
946 665 1040 720 Διὰ
1072 662 1172 741 γάρ
1215 665 1306 719 τὸν
1367 662 1532 720 πολὺν
1588 663 1790 721 ἑκείνου
1844 665 1961 742 περὶ

300 756 404 824 τὴν
459 753 728 815 εὐσέϐειαν
773 754 936 826 ζῆλον
1001 757 1102 832 οὐχ
1155 751 1348 820 ἥκιστα
1382 751 1711 826 Μαξιμιανὸς
1763 753 1957 811 διαπο-

299 845 503 919 νηθεὶς,
549 845 714 922 ὀργῆς
758 866 817 900 τε
870 845 958 900 καὶ
1008 843 1202 918 μανίας
1251 843 1575 919 πληρωθεὶς,
1610 843 1710 909 τὴν
1771 843 1958 923 ψυχήν

299 935 554 1012 βασάνοις
614 935 712 1006 μὲν
767 931 1004 994 πολλαῖς
1068 931 1226 987 αὒτοῦ
1288 932 1543 1008 πρότερον
1601 934 1956 1010 ἀποπειρᾶται

298 1024 610 1090 ἀποστῆσαι
673 1023 886 1085 πάντως
940 1026 1039 1088 τῆς
1101 1020 1398 1098 ὁμολογίας
1458 1022 1724 1095 οἰόμενος·
1776 1025 1847 1088 ὣς
1904 1021 1958 1079 δὲ

300 1113 507 1170 ἀπεῖπε
539 1110 746 1188 μᾶλλον
796 1109 1039 1181 κολάζων
1096 1111 1254 1172 αὐτὸς
1314 1112 1406 1167 τὸν
1437 1108 1522 1168 διὰ
1549 1113 1726 1191 ξίφους
1771 1112 1956 1190 ἐπάγει

299 1208 380 1276 τῷ
425 1201 633 1276 ἀθλητῇ
660 1202 907 1259 θάνατον.
961 1197 1188 1266 ’Ἔξεστι
1232 1198 1287 1255 δὲ
1339 1201 1428 1257 καὶ
1483 1201 1583 1268 τὴν
1627 1201 1743 1260 κατ’
1803 1204 1960 1260 αὐτὸν

296 1293 533 1368 ἱστορίαν
563 1291 1045 1372 μεταχειρίσαντας
1080 1290 1216 1368 πρὸς
1273 1288 1413 1355 λέξιν
1457 1289 1668 1348 ἅπαντα
1711 1290 1962 1355 διελθεῖν,

384 1383 511 1441 ΛΖ’.
557 1383 774 1445 Τούτοις
835 1382 872 1449 ἠ
921 1378 1262 1455 Νικομήδους
1326 1379 1505 1458 ὥσπερ
1555 1382 1702 1438 τισὶν
1741 1381 1964 1460 ἄστρασι

301 1471 447 1549 μέγα
479 1493 530 1526 τι
571 1473 657 1527 καὶ
721 1471 910 1550 χάριεν
941 1470 1030 1526 καὶ
1077 1468 1174 1537 ἡδὺ
1226 1469 1530 1543 λάμπουσιν
1589 1469 1962 1550 ἐλλαμπρύνε-

296 1583 412 1639 ται,
459 1562 548 1617 καί
581 1562 765 1623 αὺτοῖς
798 1559 1005 1636 μᾶλλον
1062 1558 1525 1637 ὲγκαλλωπίζεται
1577 1560 1606 1629 ἢ
1659 1567 1844 1640 χρυσῷ
1875 1563 1961 1619 καὶ

296 1650 467 1714 λίθοις
517 1652 603 1707 καὶ
663 1651 953 1729 μαργάρων
1011 1647 1299 1725 διαυγείαις
1342 1671 1400 1705 τε
1451 1651 1539 1706 καὶ
1590 1653 1958 1726 κομψότησιν,

299 1741 375 1801 εἰς
407 1739 657 1819 χιλιάδας
691 1739 787 1814 μὲν
839 1739 1016 1796 εἴκοσι
1073 1738 1287 1796 τελοῦσι
1348 1738 1439 1795 τὸν
1470 1739 1714 1818 ἀριθμὸν,
1763 1741 1961 1820 ἐπιφα-

299 1831 408 1894 νῶς
453 1827 507 1884 δὲ
571 1833 657 1886 καὶ
713 1827 906 1899 πλήθει
966 1829 1055 1884 καὶ
1113 1827 1298 1884 κάλλει
1353 1832 1429 1902 τῷ
1472 1837 1779 1906 μαρτυρικῷ
1810 1838 1962 1909 χορῷ

2043 662 2214 726 lerat.
2248 662 2392 724 Nam
2424 670 2670 743 propter
2691 663 2852 725 illius
2881 664 3072 727 zelum
3095 666 3166 727 ad
3190 665 3496 746 pietatem,
3529 667 3703 729 valde

2043 760 2280 814 vexatus
2314 751 2725 827 Maximianus,
2759 753 2965 834 iraque
2993 762 3052 815 et
3089 755 3293 818 furore
3323 756 3524 818 animo
3569 757 3703 837 ple-

2042 860 2176 916 nus,
2218 841 2421 902 multis
2445 841 2689 921 quidem
2725 843 3038 905 tormentis
3086 861 3220 906 eum
3255 844 3422 924 prius
3451 856 3704 909 conatur

2040 931 2286 992 omnino
2328 930 2628 992 abducere
2660 949 2694 991 a
2723 932 3119 994 confessione.
3176 933 3320 997 Cum
3352 943 3547 998 autem
3600 936 3704 999 ille

2044 1021 2298 1100 puniens
2315 1020 2939 1094 essetdefessus,ense
2963 1032 3214 1084 mortem
3244 1023 3414 1086 affert
3433 1024 3697 1087 athleta).

2041 1109 2204 1172 Licet
2256 1127 2396 1172 vero
2439 1110 2501 1169 in
2561 1129 2772 1172 manus
2823 1111 3112 1173 sumendo
3167 1113 3298 1193 ejus
3353 1113 3694 1190 historiam,

2043 1199 2243 1261 omnia
2269 1198 2341 1261 ad
2373 1197 2616 1262 verbum
2651 1218 3033 1282 percurrere.

2125 1379 2409 1444 XXXVII.
2435 1380 2538 1443 His
2558 1382 2738 1444 veluti
2765 1383 3121 1463 quibusdam
3154 1384 3329 1446 astris
3348 1383 3698 1450 Nicomedia

2049 1487 2326 1546 magnum
2345 1469 2801 1554 jucundumque
2832 1485 2893 1535 et
2922 1481 3154 1550 gratum
3184 1475 3400 1535 emittit
3420 1475 3702 1555 splendo-

2046 1578 2198 1636 rem,
2224 1569 2283 1622 et
2307 1563 2498 1642 majus
2525 1579 2594 1623 ex
2618 1561 2705 1624 eis
2725 1575 3144 1624 ornamentum
3168 1565 3588 1644 accipit,quam
3621 1584 3698 1628 ex

2045 1665 2212 1726 auro,
2239 1655 2298 1709 et
2315 1649 2598 1727 gemmis,
2631 1657 2689 1710 et
2718 1667 2788 1711 ex
2821 1652 3273 1726 margaritarum
3309 1651 3603 1715 nitoribus
3630 1673 3700 1716 ac

2044 1735 2522 1816 splendoribus;
2581 1741 2679 1819 qui
2710 1749 2852 1802 sunt
2898 1740 3137 1820 quidem
3190 1760 3441 1803 numero
3490 1743 3702 1822 viginti

2045 1826 2252 1907 millia;
2287 1836 2427 1889 sunt
2451 1839 2650 1891 autem
2674 1826 2733 1890 in
2759 1829 2940 1890 choro
2964 1838 3283 1910 martyrum
3319 1832 3702 1894 multitudine

297 1918 676 1998 διαπρέπουσι,
733 1919 810 1974 ὧν
865 1921 900 1990 ἦ
946 1918 1138 1994 μνήμη
1185 1919 1321 1991 μετὰ
1380 1917 1504 1990 μίαν
1559 1918 1798 1975 τελεῖται
1853 1922 1962 1976 τῶν

2046 1923 2107 1976 et
2137 1915 2580 1995 pulchritudine
2610 1917 2896 1995 insignes.
2932 1919 3194 1992 Quorum
3229 1923 3532 2000 peragitur
3562 1939 3698 1983 me-

296 2016 397 2066 τοῦ
433 2014 662 2087 Χριστοῦ
691 2006 973 2088 γενεθλίων
1007 2005 1147 2074 ἄλλη
1191 2007 1293 2086 πρὸ
1350 2013 1456 2065 τῶν
1512 2008 1716 2075 νηπίων
1776 2009 1958 2089 ἑορτὴ,

295 2095 482 2174 ὥσπερ
539 2096 756 2154 ἐκείνων
815 2095 902 2157 δια
943 2097 1145 2178 ξίφους,
1208 2096 1375 2161 οὕτως
1421 2100 1602 2156 αὐτῶν
1662 2095 1746 2153 διὰ
1797 2099 1960 2178 πυρὸς

297 2194 419 2262 Θεῷ
446 2193 526 2262 τῷ
554 2187 878 2265 σαρκωθὲντι
908 2185 1406 2266 προσενεχθέντων,
1459 2186 1548 2250 οἷς
1595 2187 1684 2244 καὶ
1745 2189 1773 2244 ὁ
1829 2190 1960 2244 θαυ-

296 2279 505 2353 μαστὸς
534 2277 835 2355 προσετέθη
889 2275 1197 2355 Γλυκέριος,
1258 2277 1440 2346 Ζήνων
1493 2297 1552 2333 τε
1601 2278 1627 2332 ὁ
1680 2277 1821 2355 ἱερὸς
1872 2277 1962 2334 καὶ

300 2366 585 2446 Θεόφιλος,
644 2365 722 2424 ἔτι
765 2364 822 2423 δὲ
884 2367 976 2423 σὺν
1029 2363 1305 2441 Μαρδονίῳ
1358 2366 1629 2443 Δωρόθεος
1682 2368 1731 2422 οἱ
1775 2367 1958 2442 μακά-

304 2477 436 2535 ριοι,
464 2454 660 2524 ’Ἰνδης
712 2476 773 2513 τε
823 2456 911 2513 καὶ
967 2455 1165 2534 Πέτρος
1192 2455 1398 2531 σύναμα
1431 2462 1509 2529 τῷ
1540 2453 1836 2534 Μυγδονίῳ,
1871 2458 1959 2514 καὶ

303 2548 356 2604 αἱ
413 2559 558 2625 τρεῖς
619 2544 866 2623 παρθένοι
912 2544 1157 2622 Ἀγάπη,
1233 2545 1395 2625 φημὶ,
1445 2547 1530 2601 καὶ
1575 2545 1805 2626 Θεοφίλα
1867 2547 1955 2603 καὶ

302 2636 488 2720 Δόμνα
545 2637 579 2703 ἡ
638 2635 814 2692 πάντα
870 2633 1203 2714 περικαλλὴς
1247 2637 1336 2692 καὶ
1392 2633 1639 2710 ἀοίδιμος
1687 2637 1760 2699 εἰς
1803 2634 1955 2702 δόξαν

297 2731 528 2804 Χριστοῦ
569 2723 824 2792 ἀληθινοῦ
855 2723 988 2781 Θεοῦ
1040 2725 1223 2804 ἡμῶν,
1277 2727 1322 2798 ᾧ
1377 2723 1568 2802 πρέπει
1624 2731 1790 2782 πᾶσαο
1827 2725 1960 2800 τιμὴ

291 2816 390 2874 καὶ
445 2817 838 2893 προσκύνησις,
873 2821 961 2873 νῦν
990 2815 1080 2872 καὶ
1109 2814 1210 2891 ἀεὶ,
1247 2815 1334 2871 καὶ
1365 2815 1441 2878 εἷς
1469 2819 1592 2880 τοὺς
1626 2816 1821 2878 αἰῶνας
1852 2819 1960 2872 τῶν

297 2905 528 2965 αἶώνων.
569 2903 770 2980 Ἀμήν.

2047 2009 2233 2064 moria
2287 2024 2405 2066 uno
2437 2005 2534 2068 die
2579 2015 2712 2084 post
2741 2005 2960 2070 Christi
2989 2008 3278 2081 Natalem,
3311 2016 3447 2070 ante
3478 2008 3695 2070 festum

2044 2094 2458 2170 lnfantium,ut
2480 2095 2608 2176 qui,
2633 2096 2935 2176 quomodo
2960 2097 3044 2158 illi
3073 2115 3239 2171 ense,
3268 2097 3350 2158 ita
3369 2097 3548 2159 etiam
3581 2097 3697 2179 ipsi

2044 2185 2180 2264 igne
2202 2184 2348 2259 Deo,
2376 2185 2478 2264 qui
2519 2203 2761 2248 carnem
2794 2183 3010 2266 induit,
3043 2196 3180 2248 sunt
3231 2185 3437 2249 oblati.
3470 2186 3697 2258 Quibus

2044 2275 2220 2336 etiam
2251 2275 2508 2336 accessit
2532 2273 2903 2337 admirabilis
2930 2276 3262 2358 Glycerius,
3287 2285 3346 2340 et
3375 2295 3694 2339 sacrosan-

2043 2373 2173 2425 ctus
2201 2364 2384 2438 Zeno,
2419 2373 2478 2427 et
2523 2364 2892 2448 TheOphilus
2925 2390 2938 2426 :
2977 2375 3263 2448 praeterea
3323 2375 3522 2428 autem
3554 2385 3692 2430 cum

2042 2451 2346 2516 Mardonio
2370 2453 2794 2528 Dorothees,et
2811 2457 2965 2519 beati
2988 2456 3167 2520 lndes
3189 2464 3248 2519 et
3276 2455 3486 2520 Petrus
3515 2456 3696 2519 simul

2042 2561 2176 2606 cum
2226 2541 2569 2623 Mygdonio,
2604 2553 2664 2608 et
2695 2555 2814 2622 tres
2845 2547 3132 2627 virgines,
3163 2549 3390 2628 Agape,
3425 2546 3692 2628 inquam,

2041 2640 2101 2695 et
2124 2631 2476 2714 Theophila,
2511 2644 2568 2695 et
2598 2635 2854 2717 Domna,
2885 2656 3016 2717 quae
3048 2645 3177 2700 erat
3208 2636 3382 2716 longe
3411 2636 3698 2718 pulcher-

2040 2721 2219 2798 rima,
2251 2730 2311 2785 et
2361 2723 2616 2786 maxime
2663 2725 3024 2801 veneranda,
3054 2725 3127 2789 ad
3174 2725 3422 2804 gloriam
3475 2723 3701 2788 Christi

2041 2811 2166 2873 veri
2199 2813 2306 2874 Dei
2339 2815 2546 2888 nostri,
2605 2834 2782 2896 quem
2815 2816 2993 2879 decet
3033 2815 3229 2879 omnis
3260 2814 3468 2895 gloria,
3503 2815 3699 2879 honor

2045 2909 2104 2965 et
2127 2901 2423 2979 adoratio,
2447 2921 2606 2965 nunc
2625 2919 2679 2969 et
2711 2907 2774 2968 in
2805 2904 3021 2968 saecula
3053 2904 3432 2967 saeculorum.
3470 2905 3691 2968 Amen.

2719 3067 2918 3074 —_.——————

318 3063 3650 3092 “Ww_m

1191 3195 2801 3344 SUPPLEMENTUM-

299 3428 384 3490 Ut
433 3424 623 3489 ﬁdem
675 3423 1028 3488 liberemus
1074 3438 1265 3503 quam
1315 3425 1490 3487 tomo
1539 3420 1876 3503 superiori,
1913 3421 2036 3486 col.
2095 3419 2272 3503 103i,
2320 3422 2641 3503 dedimus,
2690 3425 3009 3490 corodinis
3056 3426 3200 3492 vice
3249 3424 3694 3494 subnectimus

377 3509 534 3590 Acta
576 3503 1008 3590 celeberrimi
1011 3502 1180 3584 apud
1208 3506 1461 3569 Grecos
1493 3502 1788 3584 martyris
1835 3502 2163 3584 Demetrii,
2201 3502 2478 3569 Cernelii
2508 3502 2684 3586 Byei,
2720 3506 2876 3572 socii
2925 3507 3341 3590 Bollandiani,
3374 3523 3697 3576 commen-

376 3585 559 3651 tariis
591 3585 931 3650 illustrata.
966 3588 1138 3650 Em'r.

1008 3852 1191 3962 DE
1283 3852 1394 3963 S.
1487 3848 2224 3960 DEMETRIO
2314 3849 2988 3958 MARTYBE

1391 4035 1988 4106 THESSALONICIE
2048 4032 2126 4098 IN
2188 4030 2619 4099 MACEDONIA

1635 4178 1821 4253 (anno
1865 4186 2132 4235 cmcrrsn
2176 4171 2366 4253 cccvt)

744 4327 805 4414 C
825 4327 1288 4415 ORNELII
1366 4326 1623 4416 BYEI
1711 4326 2600 4415 COMMENTARIUS

2699 4327 3243 4425 PRAEVIUS.

1266 4487 1414 4557 (Acta
1448 4485 1544 4546 SS.
1579 4485 1812 4554 Bolland,
1842 4484 1908 4542 ad
1933 4484 2065 4542 diem
2097 4484 2131 4542 8
2159 4483 2410 4553 Octobris,
2443 4491 2572 4545 tom.
2611 4484 2729 4559 IV.)

295 4692 403 4777 δι.
427 4689 839 4776 Μυιῑὶριίεία,
867 4711 1002 4776 quae
1029 4693 1102 4757 de
1126 4692 1193 4758 S.
1227 4690 1534 4756 Demetrio
1561 4697 1970 4776 reperiuntur
1988 4699 2027 4751 C
2052 4690 2144 4753 vel
2175 4689 2439 4769 denique
2468 4691 2775 4769 miracula,
2810 4711 2942 4775 quae
2970 4711 3182 4773 magno
3204 4710 3456 4755 numero
3485 4698 3692 4772 patra-

475 4795 739 4876 scrt'pta,
757 4793 1070 4875 praecipue
1088 4792 1328 4870 Graeca,
1353 4799 1762 4857 recensentur.

370 4961 400 5023 1
416 4958 720 5024 .Sanctum
744 4960 907 5024 hunc
923 4968 1454 5043 martyrem,quem
1479 4959 1949 5040 μεγαλομάρτυρα,

283 5052 348 5115 id
396 5057 514 5124 est,
545 5068 840 5132 magnum
897 5059 1260 5132 martyrem,
1295 5057 1535 5126 vocant,
1569 5049 1954 5132 pluribusque

282 5140 919 5204 honoriﬁcentissimis
949 5140 1171 5221 titulis,
1205 5139 1361 5202 intra
1391 5157 1501 5201 suo
1546 5139 1677 5201 loco
1720 5157 1954 5202 memo-

286 5229 518 5305 randis,
552 5228 747 5294 Graeci
799 5229 1028 5310 passim
1072 5228 1501 5303 condecorant,
1560 5226 1746 5290 fuisse
1795 5228 1950 5308 apud

284 5319 471 5384 hosce
495 5317 715 5398 insigni
742 5317 918 5398 plane
939 5325 1063 5380 tum
1094 5318 1505 5393 veneratione,
1543 5324 1667 5379 tum
1697 5317 1956 5380 nominis

287 5407 643 5472 celebritate
672 5407 995 5488 gravisum,
1029 5407 1120 5469 vel
1152 5407 1278 5470 sola
1323 5405 1698 5486 multiplicia,
1730 5425 1863 5486 quas
1892 5407 1953 5468 in

283 5497 790 5561 bibliothecarum
815 5497 1028 5559 forulis
1055 5496 1357 5578 hodieque
1375 5495 1781 5576 reperiuntur,
1809 5515 1953 5576 par-

284 5589 516 5668 timque
538 5591 718 5649 etiam
741 5585 814 5648 ad
837 5604 1049 5649 manus
1070 5594 1304 5648 nostras
1328 5601 1687 5668 pervenere,
1711 5587 1953 5662 antiqua

284 5676 512 5739 diversi
545 5675 788 5756 generis
817 5676 1039 5756 scripta
1068 5678 1301 5753 Graece,
1335 5693 1646 5737 sermones
1677 5673 1952 5736 videlicet

279 5766 520 5846 aliaque
543 5764 855 5846 opuscula,
879 5765 1103 5843 quibus
1125 5764 1218 5826 vel
1243 5765 1498 5844 ipsemet
1516 5763 1580 5827 S.
1615 5763 1952 5827 Demetrius

279 5853 647 5936 celebratur,
669 5853 762 5919 vel
780 5854 1156 5938 martyrium,
1181 5853 1340 5938 quod
1364 5853 1573 5930 subiit,
1607 5853 1947 5937 exponitur,

2033 4779 2486 4858 vit,narrantur,
2512 4781 2656 4844 satis
2680 4801 2981 4864 superque
3004 4782 3354 4846 ostendunt.
3385 4781 3459 4846 Ut
3489 4783 3546 4846 id
3578 4801 3690 4864 pa-

2037 4871 2152 4932 lam
2192 4871 2314 4944 (iat,
2349 4879 2530 4952 utque
2561 4871 2764 4953 simul,
2798 4891 2929 4953 quae
2959 4891 3028 4934 ac
3057 4873 3254 4954 qualia
3283 4871 3584 4952 hodieque
3613 4872 3691 4934 de

2037 4959 2253 5024 Sancto
2292 4971 2678 5025 monumenta
2729 4962 3013 5025 litteraria
3054 4971 3401 5043 supersunt,
3435 4960 3508 5023 ab
3559 4961 3690 5044 ipso

2037 5049 2238 5113 statim
2271 5050 2709 5125 commentarii,
2746 5051 2806 5112 in
2839 5071 2955 5132 quo
2987 5070 3104 5113 non
3135 5069 3323 5132 pauca
3369 5069 3438 5112 ex
3470 5050 3562 5113 his
3591 5058 3694 5113 aut

2038 5140 2434 5221 expendenda
2462 5148 2567 5202 aut
2597 5141 2730 5202 usui
2761 5141 2970 5203 saltem
2999 5149 3306 5222 utcunque
3335 5149 3532 5222 erunt,
3566 5139 3692 5202 ini-

2041 5227 2118 5290 tio
2136 5229 2462 5291 studiosum
2484 5228 2769 5291 lectorem
2794 5229 3101 5300 edoceam,
3129 5231 3354 5311 scripta
3373 5230 3473 5292 illa
3489 5229 3694 5293 omnia

2037 5335 2105 5379 ac
2154 5317 2407 5398 singula,
2439 5337 2692 5398 quorum
2726 5320 3037 5400 acquirere
3067 5320 3544 5401 qualemcunque
3575 5337 3690 5381 no-

2037 5406 2228 5469 titiam
2254 5408 2440 5488 quivi,
2466 5409 2496 5488 §
2521 5408 2798 5487 prmsenti
2817 5431 2829 5468 ι
2847 5409 3412 5490 ecenseo,sequenti
3442 5408 3685 5486 deinde,

2036 5515 2306 5576 quamam
2339 5516 2409 5558 ex
2441 5497 2533 5559 his
2564 5497 2799 5561 edenda
2841 5500 2978 5572 sint,
3015 5499 3414 5579 expositurus,
3443 5497 3690 5561 additu-

2035 5603 2259 5666 rusque
2288 5587 2491 5661 etiam,
2517 5606 2649 5664 quae
2676 5587 2772 5649 vel
2811 5598 3018 5668 aperte
3050 5589 3322 5667 prodant,
3347 5595 3450 5648 aut
3475 5585 3688 5648 saltem

2036 5675 2286 5737 collectu
2315 5695 2563 5755 pronum
2587 5677 3104 5756 efﬁciant.quanta
3125 5694 3372 5756 quaeque
3393 5695 3458 5737 ac
3494 5676 3686 5737 maxi-

2036 5782 2132 5826 me
2162 5783 2232 5826 ea
2279 5783 2409 5845 quae
2440 5766 2589 5846 typis
2619 5766 2998 5846 subjicienda
3025 5767 3248 5840 dicam,
3285 5764 3544 5846 polleant
3579 5783 3688 5827 seu

2035 5853 2152 5920 ﬁde
2182 5872 2289 5918 seu
2316 5855 2688 5920 auctoritate.
2721 5855 2816 5920 Ab
2837 5852 3142 5938 opusculis
3181 5873 3290 5919 seu
3311 5853 3687 5934 lucubratio:
