4100 6414
395 387 548 460 1087

383 527 837 620 §ll._0uama_m
859 553 893 599 ε
919 537 1187 620 scriptis,
1214 540 1243 620 §
1273 538 1647 620 praecedenti
1680 541 2019 620 recensitis,

465 612 874 758 ῑιέῧέἔὲεεὶηι,
905 625 963 680 et
993 612 1116 699 qita
1144 612 1288 698 ﬁd'e'
1310 623 1753 685 auctoritate-vc
1782 612 2036 705 quaque

471 826 973 910 9.Lucubratio,§
1002 835 1365 914 praecedenti
1390 841 1690 916 postremo
1715 838 2033 913 recensita,

386 929 472 980 est
493 936 654 990 sane,
676 924 828 996 quod
869 925 939 982 ab
971 937 1208 986 auctore
1229 928 1508 986 duntaxat
1529 931 1877 996 recentiore,
1917 932 2040 989 sive

387 1007 436 1064 is
469 1008 697 1066 interim
725 1009 1069 1082 Duglossius
1091 1015 1337 1081 ipsemet
1367 1017 1460 1080 sit,
1493 1015 1793 1088 sive,quod
1821 1017 2039 1074 verosi-

386 1091 586 1154 milius
610 1113 772 1176 reor,
809 1096 962 1158 alius
985 1098 1056 1160 ab
1077 1099 1189 1161 hoc
1213 1099 1558 1181 distinctus,
1590 1101 1863 1181 primitus
1885 1120 2040 1164 con-

384 1181 606 1263 scripta
637 1183 737 1267 sit,
772 1186 1090 1269 variisque,
1110 1208 1243 1268 quas
1273 1189 1416 1251 alibi
1450 1209 1566 1251 non
1599 1190 1890 1270 reperias,
1926 1193 2036 1252 ad-

377 1271 629 1351 junctis,
665 1293 770 1337 seu
803 1278 1022 1357 potius,
1058 1297 1189 1358 quas
1238 1278 1300 1339 in
1331 1279 1493 1341 nullo
1527 1299 1773 1359 prorsus
1813 1299 2033 1342 monu—

387 1370 587 1423 mento
612 1366 753 1426 satis
771 1373 1013 1446 antiquo
1045 1368 1389 1442 fundantur,
1417 1369 1774 1432 commentis
1801 1379 2032 1446 ornata,

383 1450 663 1541 sublesta;
710 1454 1031 1518 admodum
1067 1457 1230 1534 ﬁdei,
1267 1467 1727 1540 proptereaque,
1760 1459 1870 1520 etsi
1893 1459 2034 1541 qui-

385 1539 522 1602 dem
555 1540 832 1613 subinde.
870 1549 1128 1608 maxime
1157 1567 1293 1608 cum
1339 1539 2032 1611 confutandasubmini-

386 1630 626 1710 strabit,
682 1632 743 1695 in
796 1633 907 1695 hoc
967 1639 1396 1698 commentario
1429 1638 1666 1700 citanda
1698 1639 2034 1718 partimque

1749 405 2206 474 SUPPLEMEN
2213 409 2403 479 TUM.

3618 429 3774 499 1088

2047 547 2251 644 Adum
2282 555 2622 644 praemittit,
2651 561 2924 624 oratione
2973 579 3109 644 pag.
3144 562 3217 627 17
3255 562 3506 640 (codicis
3536 565 3772 634 scilicet

2118 640 2614 738 olimMazarinaei
2647 649 2866 730 saepius
2897 640 3025 732 jam
3059 640 3316 734 laudati)
3351 656 3431 717 ita
3453 656 3718 738 loquitur
3750 677 3773 728 :

2121 731 2286 789 Ἀλλᾶ
2357 737 2419 792 τὸ
2476 737 2572 809 μὲν
2639 743 2940 814 μνησθῆναι
2997 743 3212 800 πάντων
3295 751 3403 802 τῶν
3461 731 3774 822 θαῦμασίων

2121 821 2301 899 αὐτοῦ,
2347 825 2422 881 ὧν
2465 830 2739 905 εποίησεν,
2795 835 2888 890 οὐκ
2937 831 3174 908 εὔκολον,
3234 834 3314 890 ὅτι
3359 840 3449 892 καί
3491 835 3771 901 ἀδύνατον.

2121 910 2264 968 Ἵστε
2295 914 2394 994 γὰρ
2437 919 2498 972 τὸ
2535 919 2906 996 γεγραμμένον
2935 920 2989 977 ἐν
3047 926 3124 995 τῷ
3177 922 3326 998 ὕμνῳ
3381 934 3478 996 τῆς
3533 949 3774 1002 παμμα-

2120 1003 2368 1076 καρῖστου
2437 1010 2594 1064 αὐτοῦ
2660 1008 2977 1090 ἀθλήσεως,
3037 1013 3111 1076 ὡς
3170 1012 3230 1070 ἐκ
3280 1019 3386 1070 τῶν
3446 1013 3647 1097 λόγων,
3713 1019 3776 1074 οὗ

2123 1099 2325 1166 μικρῶν
2369 1094 2664 1176 δννάμεων,
2725 1101 3098 1175 συνθημάτων,
3157 1103 3351 1160 ίάσεών
3404 1126 3459 1160 τε
3488 1107 3579 1163 καὶ
3610 1094 3778 1188 χαρι-

2121 1181 2339 1273 σμάτων
2397 1186 2717 1264 περιϐοήτου
2775 1191 3144 1267 γεγενημένης
3205 1199 3304 1260 τῆς
3359 1181 3776 1273 ἐνεργείας-τοῦ

2118 1272 2406 1352 μάρτυρος,
2468 1277 2573 1334 Οὔκ
2608 1279 2792 1336 ἐκεῖνα
2850 1287 2975 1357 γοῦν
3035 1283 3101 1338 τὰ
3160 1272 3610 1358 παμπληθῆῗκαὶ
3661 1310 3774 1344 πα-

2117 1359 2368 1454 λαιότερα
2399 1363 2701 1445 διηγεῖσθαι
2742 1372 3054 1448 προῄρημαι
3093 1387 3108 1404 ⁸
3167 1391 3300 1454 quae
3350 1373 3530 1436 verba
3561 1375 3774 1439 Latine

2118 1450 2206 1546 sic
2232 1462 2444 1515 sonant
2479 1472 2508 1546 :7
2546 1479 2572 1511 ιι
2599 1455 2714 1518 Sed
2736 1458 3164 1521 miraculorum
3186 1450 3619 1544 omniumque
3639 1465 3773 1546 ipse

2121 1539 2384 1616 (sanctus
2407 1545 2637 1606 scilicet
2660 1547 2886 1608 Demetu
2907 1548 3018 1618 ius)
3048 1539 3773 1626 fecit,meminisse,haud

2115 1627 2456 1711 facile.quia
2481 1641 2540 1696 et
2568 1637 2962 1716 impossibile.
2988 1638 3166 1702 Scitis
3189 1640 3372 1716 enim,
3411 1651 3611 1722 utpote
3643 1644 3773 1705 vir-

386 1719 562 1781 etiam
595 1721 991 1786 describenda
1021 1726 1314 1807 erit,typis
1339 1735 1538 1787 tamen
1574 1728 1800 1807 integra
1822 1727 2026 1789 recudi

2114 1731 2296 1780 tutum
2325 1727 2476 1782 haud
2498 1729 2900 1796 mediocrium,
2931 1734 3256 1803 signorum,
3279 1719 3772 1808 sanationumque

384 1827 504 1870 non
535 1819 820 1886 meretur,
883 1832 1072 1893 reque
1121 1816 1296 1878 etiam
1351 1817 1480 1893 ipsa
1533 1835 1653 1878 ηοιι
1681 1815 2024 1878 ιιθωάθιυιι,
2052 1881 2087 1893 __
2111 1814 2172 1866 et
2200 1811 2520 1886 gratiarum
2557 1817 2830 1892 martyris
2861 1817 3118 1878 efﬁcacia
3140 1818 3368 1880 celebri
3403 1837 3434 1879 e
3465 1821 3772 1883 sermoni-

383 1897 556 1972 Ωιιοά
584 1907 782 1963 autem
807 1881 888 1964 'ad
919 1881 1082 1967 Vitas
1113 1923 1220 1967 seu
1255 1881 1569 1968 Paséiones
1614 1907 1851 1970 Grecas
1901 1906 2026 1986 jam
2052 1881 2089 1930 Β
2117 1881 2228 1958 buS
2258 1899 2556 1975 effecta,in
2589 1881 2918 1966 beatissimi
2947 1906 3214 1984 ejusdem
3235 1881 3542 1971 Ρδεείοηὶίε
3563 1881 3766 1974 lauda-

381 1994 635 2079 spectat,
671 2008 803 2079 quae
853 1992 1240 2073 Metaphrasti
1291 1993 1365 2055 ab
1420 1993 1640 2058 Allatio
1690 1993 1818 2055 loco
1852 2012 2034 2073 supra
2115 1987 2280 2048 tione
2310 1991 2597 2069 scriptum
2624 1993 2767 2072 quid
2802 1996 2898 2057 sit.
2952 1994 3080 2056 Non
3112 1996 3211 2057 illa
3242 1996 3442 2078 itaque
3472 2000 3775 2079 permulta

379 2073 482 2137 cit.
509 2077 1045 2162 ascribitur,reque
1070 2082 1247 2144 etiam
1275 2084 1407 2165 ipsa
1428 2083 1740 2164 scriptoris
1764 2082 1927 2144 illius
1950 2084 2031 2145 fe-
2112 2095 2180 2138 ac
2201 2080 2539 2160 antiquiora
2570 2101 2814 2145 narrare
2843 2087 3148 2165 pr0posui.

381 2169 476 2226 tus
504 2173 616 2240 est,
645 2165 718 2228 ab
773 2169 1056 2232 omnibus
1105 2189 1350 2252 prorsus
1381 2174 1525 2235 artis
1559 2172 1784 2235 critica:
1817 2173 2026 2250 peritis
2182 2175 2266 2227 11.
2301 2173 2426 2229 Fuit
2450 2190 2610 2242 ergo,
2642 2176 2722 2233 uti
2745 2193 2814 2233 ex
2840 2178 2949 2234 hoc
2973 2186 3128 2236 textu
3154 2179 3533 2252 apparet.jam
3571 2181 3710 2240 inde
3740 2198 3774 2240 a

383 2253 598 2334 exiguo
649 2256 710 2317 in
742 2258 936 2336 pretio
971 2261 1146 2323 modo
1179 2261 1452 2341 habetur,
1488 2261 1664 2344 eique
1719 2270 1842 2322 tum
1902 2261 2024 2336 illa,
2109 2253 2372 2324 Joannis,
2408 2256 2964 2324 Thessalonicensis
2985 2263 3639 2344 arcliiepiscOpi,aatate
3661 2284 3773 2328 seu

380 2361 578 2434 quase
613 2345 810 2424 lingua
840 2347 1047 2411 Graeca
1076 2351 1137 2412 in
1168 2351 1433 2414 Latinam
1467 2351 1540 2412 ab
1570 2352 1884 2413 Anastasio
1934 2350 2031 2413 Bi-
2112 2345 2330 2408 smculo
2361 2348 2615 2427 septimo
2647 2349 3010 2432 lucubratio,
3055 2371 3169 2433 qua
3201 2372 3319 2414 non
3357 2372 3544 2434 pauca
3574 2358 3770 2418 sancti

381 2430 773 2498 bliotbecario
797 2437 906 2500 fuit
931 2456 1241 2514 conversa,
1274 2449 1398 2502 tum
1418 2440 1770 2520 altera,quae
1798 2457 1831 2501 a
1867 2441 2027 2502 Pho-
2112 2437 2384 2496 Demetrii
2409 2443 2727 2510 patrocinio
2748 2453 2964 2515 patrata
2987 2430 3267 2502 miracula
3291 2430 3767 2506 recensebantur.

380 2520 464 2582 tio
486 2522 546 2582 in
571 2523 940 2590 Bibliotheca
965 2529 1656 2610 cod.cit.suppeditatur,
1683 2527 2027 2608 longissime

381 2611 716 2692 praefertur,
752 2625 812 2677 et
870 2635 1016 2679 sane
1072 2637 1193 2680 non
1246 2619 1586 2680 immerito:
1629 2627 2023 2699 praeterquam

379 2702 544 2764 enim
565 2703 747 2784 quod,
772 2724 903 2788 quae
921 2706 1059 2769 fidei
1083 2709 1432 2773 Christianae
1453 2709 1772 2783 sanctitati,
1805 2709 1889 2771 uti
1920 2707 2022 2771 in-

377 2791 468 2853 fra
499 2792 574 2854 de
604 2794 716 2856 hoc
748 2806 1099 2874 argumento
1130 2799 1842 2880 disputandaluculenter
1861 2799 2022 2860 evin-

379 2890 541 2958 cent,
575 2885 821 2946 omnino
855 2886 1272 2970 adversantur,
1289 2895 1492 2952 sancto
1522 2887 1823 2950 Demetrio
1847 2897 1906 2950 et
1922 2889 2024 2968 ju-

377 2973 514 3035 veni
545 2974 808 3050 cuidam,
844 2977 1092 3040 nomine
1146 2979 1410 3053 Nestori,
1444 2995 1622 3060 quem
1659 2980 1836 3040 etiam
1868 2978 2028 3040 velut

379 3073 699 3145 martyrem
735 3067 1352 3148 proponit,attribnat,
1373 3067 1647 3150 prodigia
1669 3069 1847 3130 etiam
1865 3087 2028 3130 com-

380 3154 681 3236 plectitur,
715 3174 868 3237 quae,
895 3157 1167 3234 quamvis
1197 3158 1439 3239 quidem
1464 3176 1534 3220 eo
1553 3158 1680 3220 solo
1706 3175 1779 3220 ex
1807 3157 2022 3239 capite,

379 3244 541 3326 quod
572 3245 843 3326 prodigia
863 3245 1171 3320 sint,haud
1195 3249 1410 3310 merito
1428 3247 1691 3329 rejicias,
1725 3246 1903 3309 tidem
1933 3256 2027 3310 ta-

381 3351 545 3406 men,
579 3335 696 3396 nisi
728 3355 797 3397 ex
823 3335 1167 3398 auctoribus
1189 3339 1667 3400 monumentisve
1694 3345 1799 3399 aut
1825 3355 2030 3416 mqua-

379 3421 539 3485 libns
562 3435 665 3485 aut
694 3424 1331 3507 submqualibus,quod
1363 3435 1649 3507 quantum
1682 3427 1754 3489 ad
1789 3434 2030 3489 narrata

377 3512 441 3576 in
467 3514 1028 3594 Metaphrastica,de
1046 3536 1164 3594 qua
1195 3517 1315 3592 hic,
1349 3515 1548 3579 Sancti
1581 3517 1712 3578 Vita
1743 3535 1850 3580 seu
1883 3516 2028 3578 Pas-

379 3601 552 3665 sione
607 3611 772 3666 certe
821 3604 1014 3667 locum
1061 3625 1180 3668 non
1214 3606 1416 3682 habet,
1452 3607 1760 3669 memorias
1791 3607 2025 3688 prodita

377 3691 660 3755 haustave
707 3711 839 3756 esse
897 3705 1244 3771 noscantur,
1305 3695 1461 3776 apud
1522 3694 1788 3777 criticos,
1825 3696 2025 3758 minus

378 3781 557 3844 etiam
576 3801 837 3860 severos,
869 3784 1025 3847 haud
1051 3785 1227 3848 facile
1255 3786 1602 3861 inveniunt;
1625 3793 1688 3848 ut
1718 3785 2024 3849 enimvero

376 3871 848 3954 Hetapbrasticte
867 3872 1070 3938 Sancti
1099 3873 1369 3938 Passioni
1391 3893 1500 3937 seu
1539 3875 1704 3940 Actis
1726 3877 1879 3938 facta
1903 3875 2024 3936 im-

379 3961 710 4044 probabilia
742 3980 875 4026 esse
895 3962 1634 4045 immista,Tillemontius,
1662 3962 1862 4028 tom.V
1895 3968 2026 4027 Μο-

375 4057 827 4128 mtmentorum,
864 4071 998 4133 pag.
1031 4053 1149 4116 149
1203 4062 1367 4115 recte
1400 4055 1765 4134 pronuntiat.
1799 4053 2022 4117 Verum

377 4158 536 4202 anno
558 4141 685 4203 haec
717 4159 822 4220 pro
852 4143 1375 4224 commentis,quaa
1389 4144 1607 4206 saeculo
1632 4143 1868 4207 decimo
1895 4145 2023 4224 pri-

379 4249 542 4295 mum
575 4230 668 4294 vel
688 4230 762 4293 ab
801 4231 935 4313 ipso
976 4232 1372 4314 Ietaphraste
1392 4234 1538 4296 vela
1557 4234 1852 4315 scriptore
1872 4233 2024 4295 alte-

377 4340 472 4399 ro,
506 4320 667 4384 hunc
697 4339 1050 4402 prmgresso,
1086 4323 1311 4387 fuerint
1340 4323 1618 4394 conﬁcta,
1649 4331 1812 4385 recte
1845 4321 2022 4384 etiam

378 4410 539 4474 idem
570 4419 778 4474 auctor
805 4411 1036 4474 habet?
1068 4453 1072 4455 ›

2113 2521 2265 2594 Quid
2294 2525 2342 2584 si
2373 2536 2572 2588 autem
2609 2528 2734 2589 haec
2767 2528 2943 2590 fuerit
2991 2529 3089 2592 illa
3129 2530 3280 2611 ipsa,
3316 2531 3488 2610 cujus
3519 2531 3762 2596 initium

2108 2622 2202 2675 est
2238 2616 2565 2690 Μαξιμιανός
2610 2621 2636 2674 ὁ
2695 2622 2782 2676 καὶ
2842 2611 3148 2695 Ἐρκούλιος
3199 2622 3460 2687 ὑποτάξας
3513 2625 3764 2705 Γότθους³

2108 2702 2314 2765 Graeca
2335 2707 2523 2766 sancti
2548 2706 2838 2770 Demetrii
2862 2707 2994 2772 Vita
3017 2727 3121 2771 seu
3166 2709 3390 2791 Passio,
3419 2729 3601 2792 supra
3630 2702 3766 2774 me;

2107 2809 2324 2856 morata
2356 2811 2528 2871 atque
2551 2804 2622 2859 ab
2663 2819 2950 2876 anonymo
2971 2803 3343 2876 conscripta?
3366 2805 3427 2862 Id
3461 2821 3599 2864 sane
3621 2807 3766 2864 mihi

2109 2900 2250 2946 vero
2285 2886 2440 2948 haud
2475 2898 2721 2968 apparet
2741 2902 2987 2970 prorsus
3027 2889 3326 2952 absimile.
3360 2889 3572 2955 Isthmc
3603 2894 3766 2955 enim

2110 2991 2212 3034 seu
2235 2977 2357 3036 Vita
2381 2994 2478 3036 seu
2505 2980 2710 3038 Passio
2747 2997 2861 3040 non
2907 2997 3087 3054 pauca
3113 2984 3286 3040 etiam
3308 2984 3588 3043 miracula
3610 2999 3766 3043 com-

2113 3061 2645 3150 plectitur.Adhaac
2667 3066 2886 3148 quibus
2913 3068 3112 3130 verbis
3133 3069 3193 3130 in
3225 3076 3412 3149 textu,
3445 3070 3569 3150 jam
3604 3089 3766 3134 nunc

2111 3149 3127 3231 dato,Joannes,'l‘hessalonicensis
3151 3149 3660 3240 archiepiscopus,
3688 3160 3768 3222 de

2115 3241 2536 3306 miraculorum
2573 3264 2608 3306 ιι
2632 3253 2838 3306 sancto
2880 3246 3186 3309 Demetrio
3210 3255 3573 3327 patratorum
3608 3249 3765 3312 cele-

2113 3331 2329 3394 britate
2352 3335 2638 3409 loquitur,
2670 3334 2799 3396 fere
2821 3335 3000 3397 etiam
3028 3333 3240 3397 iisdem
3263 3335 3339 3397 de
3355 3335 3465 3398 hac
3489 3354 3689 3399 sermo
3709 3347 3771 3401 et

2113 3422 2172 3484 in
2205 3422 2302 3483 illa
2321 3422 2478 3492 ﬁt.ut
2496 3421 3269 3498 Joanni,Tbessalonicensi
3284 3423 3764 3508 archiepiscopo,

2113 3511 2463 3592 praeluxisse
2495 3511 2788 3575 videatur.
2847 3511 3144 3595 Ipsa,quae
3197 3515 3313 3576 huc
3343 3512 3590 3588 faciunt,
3616 3512 3772 3578 Vitas

2106 3600 2376 3682 ejusdem
2401 3619 2504 3663 seu
2526 3601 2828 3664 Passionis
2849 3602 3053 3679 verba,
3085 3611 3173 3680 ut,
3205 3603 3356 3664 facta
3378 3603 3588 3665 horum
3625 3621 3764 3666 cum

2107 3694 2356 3752 recitatis
2375 3695 2616 3753 Joannis
2635 3695 3174 3754 Thessalonicensis
3218 3696 3408 3754 verbis
3430 3695 3763 3766 collatione,

2108 3779 2182 3842 de
2212 3797 2278 3842 re
2303 3780 2580 3860 judicare
2609 3781 2913 3844 studiosus
2946 3781 3128 3845 lectsr
3168 3789 3371 3861 queat,
3409 3782 3526 3844 huc
3555 3783 3757 3853 etiam,

2109 3869 2318 3932 Latina
2347 3870 2839 3952 interpretatione
2894 3871 3200 3952 adjuncta,
3265 3871 3623 3934 transcribo.
3660 3870 3764 3934 Sic

2111 3957 2377 4022 habent:
2441 3963 2692 4036 Σημείων
2750 3983 2807 4018 τε
2851 3961 3068 4018 πολλῶν
3100 3962 3187 4018 καὶ
3230 3962 3420 4018 ἰάσεων
3457 3960 3764 4039 γενομέιων

2108 4048 2164 4106 ἐν
2192 4057 2270 4124 τῷ
2297 4053 2478 4124 τόπῳ,
2528 4053 2618 4108 καὶ
2665 4051 2818 4108 θείων
2862 4051 3218 4130 χαρισμάτων
3274 4050 3583 4130 φοιτώντων
3638 4063 3761 4115 τοϊς

2106 4141 2281 4198 πίστει
2309 4142 2770 4221 προσερχομένοις
2820 4143 2874 4197 ὲν
2933 4139 3099 4216 αὐτῷ,
3138 4187 3152 4204 ,
3191 4184 3206 4199 .
3246 4187 3262 4202 .
3295 4137 3620 4219 περιϐοήτου
3673 4137 3761 4197 διὰ

2106 4229 2287 4296 πάσης
2320 4228 2647 4294 Μακεδονίας
2699 4230 2788 4287 καὶ
2849 4228 3138 4293 Θετταλίας
3195 4229 3489 4309 γενομένης
3538 4229 3636 4298 τῆς
3666 4229 3762 4287 τοῦ

2111 4320 2372 4396 μάρτυρος
2429 4318 2836 4398 θαλματοοργοῦ
2900 4317 3165 4397 ἐνεργείας
3204 4367 3218 4382 .
3256 4364 3273 4381 .
3307 4363 3324 4377 .
3385 4321 3658 4382 Λεόντιος,
3694 4365 3711 4381 .
3751 4361 3767 4380 .

2109 4411 2190 4471 τὶς
2233 4409 2368 4484 ἀνὴρ
2405 4450 2421 4469 .
2457 4448 2476 4469 ο
2518 4451 2533 4468 .
2591 4409 2732 4481 νόσῳ
2788 4408 2989 4480 ἀνιάτῳ
3047 4407 3284 4487 ληφθεὶς.
3317 4449 3337 4468 .
3370 4450 3386 4468 .
3423 4407 3620 4474 εὐθέως
3669 4409 3768 4477 τῆς

459 4503 556 4565 10.
581 4501 706 4565 Res
737 4501 1045 4564 enimvero
1103 4520 1274 4564 secus
1333 4501 1558 4564 habere
1590 4499 1734 4561 mihi
1765 4498 2026 4562 videtur.

2113 4497 2312 4574 ὑγιείας
2343 4498 2630 4575 ἐπέτυχεν.
2667 4517 2695 4557 ι
2731 4495 3053 4574 Postquam
3110 4497 3314 4560 multis
3364 4497 3426 4559 in
3458 4498 3592 4560 loco
3628 4501 3771 4579 (quo

377 4588 547 4662 Quod
567 4588 728 4652 enim
751 4591 1104 4653 nominatim
1130 4591 1203 4653 ad
1246 4591 1713 4669 Metapbrastem
1741 4587 2024 4670 pertinet,
2050 4571 2343 4648 Dscilicet
2365 4571 2624 4648 Sanctus
2668 4595 2844 4649 terra;
2881 4571 3073 4649 fuerat
3098 4586 3436 4669 mandatus)
3461 4571 3775 4669 signisque

379 4696 532 4741 nova
561 4679 656 4742 hic
683 4679 974 4761 prodigia.
1019 4681 1372 4762 adjunctave
1421 4697 1563 4742 vero
1593 4678 1915 4760 absimilis,
1964 4687 2030 4741 ut

377 4771 630 4846 majores
649 4778 834 4835 nostri
854 4777 1204 4848 experientia
1224 4775 1343 4848 jam
1369 4773 1588 4832 dudum
1609 4772 2028 4837 didicere.nos-

379 4877 497 4942 que
519 4859 631 4940 ipsi
656 4860 863 4923 eadem
885 4861 1171 4941 magistra
1186 4858 1456 4942 quotidie
1480 4858 1858 4938 discimus,in
1883 4877 2026 4921 san-

377 4958 606 5013 ctorum
637 4950 804 5032 Acta,
836 4969 967 5033 qum
995 4951 1144 5032 stylo
1173 4967 1281 5012 suo
1313 4948 1614 5030 expolivit,
1651 4966 1769 5010 non
1800 4947 2022 5025 intulit,

379 5038 489 5102 sed
513 5047 765 5121 tantum,
791 5059 922 5120 quae
947 5039 1022 5101 ab
1053 5037 1186 5101 aliis
1217 5037 1276 5100 in
1310 5038 1533 5100 litteras
1563 5039 1693 5117 jam
1719 5036 1900 5100 missa
1930 5035 2025 5100 in-

378 5127 566 5210 venit,
601 5129 973 5210 trauscripsit
1021 5147 1092 5189 ac
1139 5126 1579 5208 adoptavit;ut
1605 5134 1826 5202 autem,
1862 5128 2024 5190 unde

379 5218 626 5292 etiam,a
655 5219 820 5280 nullo
845 5218 962 5279 alio
990 5217 1196 5279 saeculi
1219 5217 1436 5280 decimi
1459 5216 1762 5297 scriptore
1791 5217 2024 5298 improo

377 5306 604 5371 habilia
629 5306 752 5378 illa,
790 5325 923 5388 quas
951 5308 1011 5368 in
1045 5308 1498 5388 Metaphrastica
1527 5305 1726 5369 Sancti
1751 5305 1884 5369 Vita
1916 5326 2023 5370 oc-

375 5407 638 5462 currunt.
667 5399 808 5456 facta
841 5401 1012 5456 fuisse
1033 5400 1298 5462 conﬁcta.
1323 5408 1580 5471 apparet,
1610 5400 1728 5471 jam
1765 5399 2022 5472 atteram,

370 5479 660 5551 Joannes,
721 5480 1207 5561 archiepiscopus
1262 5480 1839 5547 Thessalonicensis.
1896 5483 2017 5560 qui,

374 5568 881 5650 quemadmodum
909 5568 1062 5630 infra
1082 5570 1337 5644 docebo,
1369 5573 1586 5634 saeculo
1617 5571 1872 5650 septimo
1905 5572 2019 5632 llo-

377 5661 591 5733 ruit,in
614 5681 790 5743 supra
817 5674 1138 5725 memorata
1170 5667 1541 5745 panegyrica,
1575 5681 1751 5744 quam
1779 5663 2020 5744 scriptis

376 5769 411 5821 a
443 5769 510 5815 se
537 5759 726 5818 sancti
755 5752 1042 5828 Demetrii
1075 5755 1378 5817 miraculis
1404 5751 1766 5836 praefationis
1798 5751 1859 5814 in
1894 5775 2017 5819 tnu-

2110 4685 2170 4739 et
2192 4675 2608 4738 sanationibus
2633 4675 3052 4757 lactis,iisque,
3077 4684 3179 4758 qui
3205 4695 3341 4738 cum
3359 4676 3476 4739 ﬁde
3495 4676 3569 4738 ad
3601 4677 3775 4739 illum

2108 4766 2510 4842 accedebant,
2557 4765 2765 4847 gratiis
2796 4767 3012 4828 divinis
3054 4767 3542 4848 lrequentissime
3577 4766 3774 4828 colla-

2111 4860 2348 4933 tis,.....
2378 4855 2679 4936 martyris.
2725 4857 3012 4918 miracula
3037 4855 3334 4930 facientis,
3362 4853 3631 4916 efﬁcacia
3663 4873 3772 4935 per

2109 4964 2347 5008 omnem
2384 4946 2896 5021 Macedoniam,ac
2918 4945 3290 5007 Thessaliam
3315 4943 3575 5006 celebris
3604 4953 3768 5008 esset

2107 5036 2415 5100 etl'ecta....
2462 5036 2821 5099 Leontius...
2855 5037 2942 5095 vir
2962 5034 3765 5110 quidam....morboimme-

2108 5125 2342 5193 dicabili
2374 5132 2760 5206 correptus...
2796 5123 3110 5186 sanitatem
3143 5123 3340 5185 statim
3371 5123 3631 5204 (positus
3663 5123 3760 5184 ni—

2110 5216 2324 5277 mirum
2385 5233 2564 5296 supra
2622 5214 2822 5276 Sancti
2882 5213 3206 5293 tumulum)
3236 5212 3514 5275 obtinuit.
3561 5237 3582 5269 ι
3645 5211 3760 5276 Ubi

2107 5305 2310 5368 Graeca
2341 5305 2468 5366 haec
2514 5303 2716 5379 verba,
2750 5301 3069 5382 περιϐοήτου
3105 5351 3119 5364 .
3158 5347 3174 5363 .
3215 5346 3230 5362 .
3264 5353 3277 5366 .
3339 5303 3634 5384 γενομένης
3660 5309 3761 5370 τῆς

2105 5405 2199 5454 τοῦ
2269 5396 2532 5473 μάρτυρος
2620 5397 3018 5468 θωματουργοῦ
3104 5392 3366 5470 ἐνεργείας
3404 5439 3421 5464 ,
3502 5393 3763 5454 notanda

2105 5486 2404 5567 praecipue
2428 5482 3083 5564 sunt,conferendaque
3106 5499 3240 5542 cum
3265 5500 3446 5564 supra
3467 5481 3758 5555 recitatis,

2103 5574 2320 5657 quibus
2351 5572 2744 5653 respondent,
2781 5571 3008 5634 Graecis
3038 5571 3243 5632 itidem
3276 5571 3523 5634 Joannis
3555 5570 3760 5633 Thes-

2103 5663 2498 5726 salonicensis
2529 5662 2748 5724 verbis.

2183 5754 2280 5816 12.
2317 5752 2486 5829 Quod
2507 5753 2802 5829 siautem,
2829 5751 3144 5817 collatione
3169 5752 3280 5815 hac
3304 5751 3478 5836 facta,
3507 5751 3760 5816 antistiti
