4100 6428
412 396 567 466 1103

1761 403 2411 467 SUPPLEMENTUM.

3634 398 3785 464 1104

415 547 620 602 contra
641 546 925 602 assertam
955 536 1273 601 militarem
1307 532 1595 599 Demetrii
1646 538 2051 602 conditionem
2075 549 2112 597 A
2137 536 2533 610 decreverim,
2557 540 2833 597 versione
2857 533 3059 595 Latina
3079 533 3359 613 adjuncta
3379 531 3787 595 describenda

415 630 767 692 nominatim
787 629 960 692 etiam
987 626 1131 705 quid
1155 627 1371 708 dicam,
1406 627 1745 691 Demetrius
1763 629 1872 691 sub
1898 629 2061 691 mili-

417 718 526 780 tari
558 718 761 781 habitu
795 717 1182 798 spectandum
1214 734 1348 777 sese
1379 716 1637 780 subinde
1666 720 1808 781 dare
1843 718 2054 798 potuit,

416 827 534 870 non
561 806 718 888 quod
740 804 1301 887 reipsaimperatori
1325 805 1792 883 mundano,cum
1817 808 1875 870 in
1914 806 2061 868 vivis

415 904 572 959 esset
600 901 925 977 superstes,
963 893 1252 969 militarit,
1286 894 1393 956 sed
1442 892 1602 976 quod
1646 904 1891 959 strenue
1920 904 2056 958 tan-

414 1004 587 1067 quam
623 984 817 1059 miles,
850 983 982 1045 fuso
1012 984 1187 1044 etiam
1215 986 1526 1065 sanguine,
1553 1003 1658 1067 pro
1691 985 1911 1048 Christi
1943 986 2058 1047 ﬁde

414 1072 937 1147 decertarit.Quod
963 1090 1142 1152 porro
1171 1072 1243 1134 ad
1277 1073 1761 1155 imaginem,quze
1787 1084 2056 1136 sanctum

409 1163 472 1225 in
498 1166 719 1244 templo
747 1160 1191 1224 Thessalonicae
1221 1161 1275 1222 ei
1305 1162 1500 1223 dicato
1564 1161 1804 1223 militari
1855 1163 2058 1225 habitu

408 1252 678 1314 indutum
700 1250 1046 1328 exhibebat,
1064 1251 1189 1330 jam
1218 1251 1532 1332 spectat,id
1564 1251 1805 1332 quidem
1840 1252 2056 1314 saeculo

409 1360 740 1422 nouo,quo,
767 1339 1274 1422 quemadmodum
1299 1359 1370 1402 ex
1392 1339 1726 1417 Adnotatis,
1763 1341 1924 1403 dicto
1951 1342 2059 1403 Mi-

409 1431 760 1495 ruculorum
791 1427 1153 1491 lib.secundi
1185 1429 1365 1507 capiti
1395 1439 1569 1491 sexto
1599 1429 1928 1493 subdentlis
1959 1430 2054 1492 in-

408 1517 1233 1601 telliges,imagoillaibidem
1266 1518 1552 1590 exstabat,
1592 1518 1906 1581 militarem
1934 1518 2055 1581 De-

410 1609 611 1673 metrii
659 1606 1068 1671 conditionem
1131 1606 1418 1667 creditam
1479 1606 1687 1684 fuisse,
1756 1617 2058 1690 utcunque

412 1698 762 1773 ostendit,at
793 1696 1040 1758 militem
1076 1695 1235 1757 hunc
1284 1695 1482 1775 reipsa
1511 1696 1699 1758 fuisse
1731 1716 1848 1758 non
1881 1698 2055 1758 evin-

409 1788 511 1850 cit.
546 1784 845 1867 Quidquid
882 1784 1080 1865 itaque
1108 1784 1184 1845 de
1242 1783 1471 1859 habitu,
1508 1804 1614 1847 seu
1658 1805 1774 1867 quo
1803 1783 2054 1848 Sanctus

408 1875 892 1957 apparuerit,seu
915 1892 1030 1954 quo
1056 1872 1233 1934 fuerit
1255 1872 1556 1953 depictus,
1582 1874 1888 1937 memoriae
1912 1896 2055 1953 pro-
2082 1908 2116 1955 Β

409 1962 596 2026 ditum
624 1960 1126 2042 inveniatur,sunt
1160 1969 1381 2035 tamen,
1409 1980 1782 2044 quaecunque
1814 1982 1847 2024 a
1869 1963 2054 2025 Meta-

409 2051 672 2132 phraste,
709 2057 769 2113 et
819 2048 892 2111 ab
953 2066 1247 2130 anonymo
1298 2051 1398 2130 qui
1455 2050 1510 2113 ei
1543 2051 1812 2130 praeluxit
1843 2071 1948 2114 seu
1982 2054 2054 2114 de

407 2140 710 2204 consulari
736 2139 935 2202 Sancti
973 2138 1282 2220 dignitate,
1314 2157 1420 2201 seu
1458 2139 1533 2201 de
1566 2140 1754 2221 posito
1782 2141 1855 2204 ab
1891 2161 1960 2205 eo
1992 2142 2053 2203 in

407 2239 532 2294 arte
563 2230 801 2292 militari
829 2229 1027 2291 Studio
1059 2228 1612 2308 dicuntur,omniuo
1648 2230 1894 2293 incerta.
1933 2230 2051 2293 Ve-

407 2339 540 2382 rum
563 2321 734 2381 aliter
756 2319 831 2381 de
855 2324 1082 2382 asserto
1106 2317 1177 2380 ab
1200 2315 1409 2380 iisdem
1434 2316 1839 2399 imperterrita
1855 2319 2053 2384 Sancti

406 2411 470 2472 in
500 2408 875 2491 praedicanda
905 2407 1123 2471 Christi
1161 2406 1278 2470 ﬁde
1308 2407 1523 2469 ardore
1567 2407 1889 2487 fructuque
1935 2431 2051 2472 non

406 2499 667 2571 modico,
703 2497 909 2560 multis
940 2497 1015 2559 ad
1044 2495 1351 2561 Christum
1385 2497 1709 2575 conversis,
1743 2498 1933 2562 relato
1966 2509 2056 2562 est

402 2588 795 2670 loquendum.

486 2680 587 2740 37.
613 2674 735 2739 Hac
756 2676 917 2738 enim
942 2672 1003 2736 in
1028 2692 1093 2736 re
1117 2693 1236 2736 non
1259 2683 1484 2738 tantum
1510 2677 1659 2740 duas
1685 2677 2053 2759 antiquiores

404 2767 607 2831 Sancti
633 2766 800 2827 Vitas
830 2783 936 2826 seu
966 2762 1307 2840 Passiones,
1338 2765 1694 2829 Photianum
1726 2765 1958 2830 scilicet
1998 2778 2054 2831 et

403 2854 883 2932 Anastasianam,
933 2849 1048 2914 sibi
1103 2853 1499 2935 suffragantes
1550 2854 1789 2930 habent,
1847 2874 2050 2919 verum

405 2945 677 3008 etiamin
710 2942 985 3004 inchoato
1016 2941 1187 3004 hisce
1244 2943 1469 3020 verbis,
1527 2948 1760 3021 Μνήμην
1810 2946 2049 3023 δικαίων,

405 3034 608 3099 Sancti
639 3032 852 3112 nostri,
885 3031 1044 3111 quod
1082 3029 1303 3112 saepius
1327 3033 1451 3113 jam
1484 3032 1742 3113 laudavi,
1782 3037 2052 3098 encomio

405 3125 717 3198 Joannem,
750 3121 1350 3183 Thessalonicensem
1383 3122 1930 3206 archiepiscopum.
1968 3127 2053 3188 Ac

406 3212 601 3296 primo
632 3210 874 3291 quidem
916 3210 1326 3273 Anastasianas
1350 3210 1503 3273 Vitas
1532 3212 1733 3286 verba,
1767 3232 1902 3293 quae
1934 3216 2051 3277 huc

405 3302 652 3383 faciunt,
681 3320 847 3362 num.
878 3303 901 3362 1
933 3300 1061 3361 haec
1092 3307 1228 3361 sunt
1264 3317 1278 3362 :
1320 3323 1340 3355 ιι
1372 3298 1535 3362 Inter
1564 3321 1715 3382 quos
1748 3303 2054 3383 (Christia-

407 3397 538 3468 nos)
571 3402 699 3452 erat
756 3387 965 3450 beatus
1015 3387 1351 3450 Demetrius
1380 3390 1760 3452 manifestum
1822 3393 2051 3457 faciens

399 3479 788 3554 semetipsum
811 3477 1038 3558 absque
1055 3476 1179 3537 ullo
1215 3477 1560 3559 timore,qui
1590 3498 1623 3541 a
1646 3479 1961 3560 juventute
1993 3493 2050 3546 et

398 3568 558 3631 bona
579 3572 783 3656 egerat
803 3583 985 3656 opera
1011 3565 1234 3656 etalios
1260 3565 1835 3632 docuerat.Docebat
1857 3572 2044 3656 enim,

396 3659 651 3743 qualiter
666 3655 865 3717 divina
887 3654 1191 3737 Sapientia
1211 3656 1609 3720 descenderat
1624 3660 1697 3721 ad
1724 3669 1944 3724 terram
1970 3654 2045 3725 de

393 3748 568 3827 caelo,
604 3757 670 3807 ut
699 3744 1028 3820 hominem,
1066 3746 1167 3826 qui
1220 3758 1491 3810 mortuus
1537 3747 1742 3811 fuerat
1770 3758 2041 3833 peccato,

397 3837 720 3899 viviﬁcaret
745 3835 1036 3912 sanguine
1060 3835 1481 3915 proprio.Cum
1507 3837 1633 3900 haec
1652 3848 1710 3900 et
1730 3841 1845 3902 alia
1864 3841 2047 3903 multa

393 3925 810 4010 praedicaret,»
843 3932 988 4000 etc.;
1017 3925 1321 3987 Photianae
1343 3943 1480 3988 vero
1502 3925 1615 3988 ista
1640 3947 1655 3990 :
1680 3954 1705 3984 (ι
1743 3930 2005 3993 HicChri
2025 3965 2045 3979 -

393 4016 468 4079 sti
528 4022 751 4093 martyr
801 4011 1165 4087 Demetrius,
1226 4032 1421 4094 praeco
1452 4023 1511 4077 et
1542 4014 1751 4078 doctor
1785 4017 2044 4101 pietatis,

394 4100 802 4186 apostolorum
824 4102 1337 4181 peregrinationes
1361 4100 2048 4170 etcertaminaimitabaQ

396 4203 512 4267 tur,
549 4201 609 4254 et
631 4189 1234 4253 Thessalonicensem
1269 4191 1477 4254 urbem
1504 4194 1733 4259 lumine
1759 4195 2047 4259 doctrina)

394 4300 518 4344 sua;
539 4281 613 4344 ab
639 4279 861 4343 erroris
887 4279 1153 4342 tenebris
1174 4278 1490 4343 abductam
1515 4283 1587 4344 ad
1611 4282 1909 4347 Christum
1933 4286 2044 4346 ad-

393 4371 580 4435 duxit.
614 4394 636 4427 ι
667 4366 775 4432 Hae
817 4368 973 4430 binae
1018 4370 1145 4430 ista;
1193 4369 1360 4431 Santi
1403 4368 1553 4433 Vita;
1585 4390 1692 4433 seu
1727 4373 2045 4436 Passiones

391 4480 515 4523 non
545 4459 802 4522 obscure
823 4475 992 4538 sane,
1022 4477 1137 4538 qua
1157 4457 1233 4519 de
1252 4459 1351 4520 hic
1373 4478 1597 4536 sermo,
1629 4461 2043 4541 Metaphrastis

2142 635 2302 689 sunt.

2224 715 2320 777 38.
2349 717 2487 778 llaec
2515 714 2717 794 itaque
2739 712 2962 774 codicis
2985 713 3125 774 olim
3154 712 3483 776 Mazarimni
3509 730 3640 791 pag.
3670 711 3785 773 9‘27

2143 823 2307 866 versa
2340 814 2398 866 et
2428 823 2597 885 seqq.
2632 804 2692 863 in
2719 802 2956 883 praefato
2983 802 3172 862 sancti
3203 800 3485 862 Demetrii
3512 801 3791 862 encomio

2143 895 2367 956 habet:
2405 897 2570 956 Αὐτὸς
2605 894 2659 949 δὲ
2711 890 2888 949 Λαϐὼν
2945 894 3005 947 τὸ
3056 890 3434 947 διδασκαλικὸν
3486 894 3644 947 τοῦτο
3699 891 3789 945 καὶ

2143 986 2497 1040 ἀποστολικὸν
2569 984 2855 1062 χάρισμα,
2941 980 3140 1056 ἴδωμεν
3199 983 3313 1037 τίνα
3369 987 3470 1048 τὴν
3525 978 3790 1036 αντίδοσιν

2143 1076 2477 1151 προσήνεγκε
2536 1078 2612 1145 τῷ
2672 1073 2864 1145 Θεῷ...
2932 1073 3210 1127 Δεὶκνυται
3253 1072 3435 1150 χάριτι
3490 1072 3621 1127 Θεοῦ
3673 1071 3791 1145 περὶ

2142 1162 2238 1229 τῆς
2297 1160 2637 1223 διδασκαλίας
2700 1163 2857 1217 αὺτοῦ
2886 1162 2949 1216 τὸ
2980 1161 3270 1219 ἀθόλωτον.
3305 1162 3377 1216 Τὸ
3420 1160 3522 1237 γὰρ
3577 1156 3790 1215 ἰουδαΐ-

2142 1252 2238 1318 κὴν
2297 1252 2395 1308 καὶ
2451 1250 2742 1317 ἑλληνικὴν
2804 1252 2889 1306 καὶ
2975 1256 3149 1306 πᾶσαν
3226 1248 3397 1316 ἄλλην
3455 1247 3790 1321 Θεοπόλεμον

2140 1340 2348 1417 αἵρεσιν
2403 1345 2466 1397 ὲκ
2509 1340 2757 1418 πρέμνων
2816 1341 2987 1395 αὐτῶν
3058 1339 3383 1394 ἀνεσπάσθαι
3440 1343 3538 1404 τῆς
3589 1341 3785 1415 θεοφο-

2140 1429 2337 1486 λάκτου
2390 1430 2588 1495 ταύτης
2676 1431 2908 1502 ποίμνης
2992 1435 3086 1484 τοῦ
3145 1430 3371 1506 Χριστοῦ
3426 1428 3565 1489 τίνος
3621 1426 3787 1483 ἄλλου

2141 1520 2460 1596 κατόρθωμα
2529 1518 2564 1586 ἢ
2626 1519 2763 1592 μετὰ
2820 1519 2951 1573 Θεὸν
3007 1525 3100 1574 cui}
3155 1515 3472 1574 διδασκάλου
3528 1521 3624 1583 τῆς
3677 1518 3783 1572 πό-

2142 1611 2275 1673 λεως
2464 1606 2593 1684 Περὶ
2639 1606 2691 1661 δὲ
2736 1607 2853 1668 τοὺς
2901 1607 3127 1685 χρόνους
3186 1628 3280 1663 του
3324 1606 3586 1684 μάρτυρος
3644 1605 3785 1684 σφὸ-

2140 1694 2271 1774 δρὼς
2357 1702 2425 1771 τῇ
2507 1691 2780 1767 θεασεϐείᾳ
2859 1697 2885 1750 ὁ
2996 1694 3360 1768 ἀντικείμενος
3473 1692 3787 1767 πιεζόμενος

2139 1782 2461 1864 σφοδρότερα
2549 1783 2856 1841 καθώπλισε
2940 1784 3027 1840 καὶ
3114 1784 3179 1838 τὰ
3262 1780 3531 1838 σκάνδαλα
3566 1802 3579 1817 ·

2139 1873 2325 1931 λοιπὸν
2385 1874 2663 1951 κηρῦσοων
2709 1875 2735 1929 ὁ
2768 1874 3099 1951 Θεοπὶροχος
3142 1873 3293 1936 οὗτος
3348 1879 3453 1927 τῶν
3510 1870 3790 1928 Θεσσαλο-

2139 1961 2328 2019 νικέων
2398 1964 2703 2037 προστάτης
2780 1960 2873 2017 καῖ
2965 1964 3250 2041 σύντροφος
3325 1959 3419 2016 καί
3475 1958 3793 2022 διδάσκαλος

2142 2050 2249 2132 (δεῖ
2309 2055 2409 2129 γάρ
2468 2054 2720 2125 μοι,’το·”5
2776 2051 2939 2129 λόγου
3005 2053 3131 2128 πρὸς
3194 2058 3349 2107 τοῦτο
3412 2051 3790 2129 χωρήσαντος,

2138 2143 2439 2217 μνησθῆναι
2516 2145 2602 2197 καὶ
2679 2144 2983 2214 θαυμαστοῦ
3065 2139 3446 2217 διηγήματος,
3526 2139 3556 2195 ὃ
3643 2138 3791 2217 παρὰ

2137 2232 2379 2310 πατέρων
2437 2230 2668 2308 ἀνήκοα)
2750 2230 2983 2309 ἐπῖήρου
3056 2231 3156 2296 τὴν
3241 2228 3403 2285 πόλιν
3460 2226 3785 2307 ὀρθοδοξίας,

2135 2320 2222 2375 καὶ
2279 2321 2397 2380 τοὺς
2469 2316 2863 2384 ἀντιδοξοῦντας
2925 2318 3264 2398 quamn...
3328 2320 3387 2375 Τί
3450 2316 3504 2372 δὲ
3563 2318 3651 2373 καὶ
3720 2320 3784 2373 τὸ

2135 2406 2377 2484 διήγημα
2414 2427 2429 2481 ;
2483 2408 2866 2483 Ἐξῃτεϊτο..,.
2920 2407 3062 2485 παρὰ
3108 2413 3214 2463 τῶν
3263 2412 3535 2487 νουνεχῶς
3566 2409 3632 2462 τὰ.
3659 2410 3782 2463 θεῖα

2134 2495 2567 2575 ὃιακριϐούντων,
2629 2496 2786 2554 ποθεν
2844 2498 2879 2564 ἡ
2938 2497 3056 2573 περὶ
3111 2498 3204 2552 τὸν
3255 2495 3537 2574 φιλόπολιν
3593 2498 3784 2553 τοῦτον

2135 2590 2221 2644 καὶ
2277 2591 2569 2666 θεοπρεφῆ
2614 2588 2852 2662 μάρτυρα
2908 2584 3065 2664 φήμη
3115 2584 3200 2641 ἐπὶ
3262 2592 3512 2642 τοσοῦτον
3569 2583 3781 2663 διέδρα-

2136 2697 2256 2753 μεν,
2308 2677 2379 2741 ὡς
2440 2678 2522 2731 καὶ
2580 2674 3018 2752 μεγιλυνομένης
3078 2675 3243 2742 αὖτῆς
3304 2677 3364 2730 τὸ
3393 2676 3661 2750 βάσκανον
3692 2676 3783 2740 οὖς

2136 2762 2518 2842 παροξυνθῆναι
2595 2776 2686 2823 τοὺ
2760 2771 3137 2843 τυραννοῦντος
3214 2767 3435 2821 ενταῦθα
3491 2762 3614 2820 τότε
3674 2763 3786 2819 δια-

2137 2877 2324 2933 γον-ξος
2361 2872 2373 2884 ⁸
2444 2856 2527 2910 καὶ
2580 2853 2817 2932 ἐλέγετο²
2868 2856 2941 2915 ὡς
3001 2854 3060 2909 οὗ
3116 2864 3371 2913 τοσοῦτον
3433 2853 3494 2908 ἐκ
3550 2854 3657 2910 τῶν
3701 2852 3789 2909 διὰ

2137 2948 2450 3023 προσευχῆς
2509 2944 2751 3019 ἰωμένων
2846 2945 3135 3017 σωμάτων,
3226 2944 3352 3001 ὅσον
3410 2944 3471 3000 ἐκ
3524 2951 3631 2999 τῶν
3701 2942 3788 2999 διὰ

2137 3032 2363 3112 διδαχῆς
2396 3033 2821 3113 καθιριζομένων
2854 3038 3068 3114 ψυχῶν.

2220 3123 2317 3186 39.
2378 3121 2474 3185 ἰὶς
2531 3125 2630 3201 γὰρ
2688 3122 2739 3187 ἐξ
2782 3123 2946 3179 ὕπνου
3001 3122 3259 3203 διήγειρε,
3308 3125 3397 3180 καὶ
3438 3126 3512 3190 ὡς
3561 3123 3621 3179 ἐκ
3650 3123 3783 3200 βορ-

2136 3210 2293 3289 ϐοροο
2323 3211 2549 3268 ἆπέλουε
2581 3214 2673 3271 τὰς
2724 3210 2778 3267 ἐν
2840 3217 2915 3286 τῷ
2972 3211 3155 3288 λάκκῳ
3206 3214 3303 3281 τῆς
3348 3212 3782 3291 εἰδωλολατρεῖας

2094 3300 2360 3374 ’δυσωδίᾳ
2420 3301 2507 3357 καὶ
2563 3301 2707 3379 ζόφῳ
2753 3301 3127 3381 κατεχομένας
3187 3303 3368 3382 ψυχὰς
3426 3303 3527 3370 τὴν
3579 3303 3783 3370 νοητὴν

2133 3393 2221 3449 καὶ
2277 3393 2340 3448 τὸ
2397 3392 2633 3465 θυμίαμα
2710 3390 2818 3469 τῆςγ
2882 3392 3123 3469 οὐρανίου
3182 3392 3470 3458 συνθέσεως
3524 3394 3779 3465 Χριστὸν,

2130 3483 2223 3538 τὸν
2252 3479 2503 3547 ἆληθιοὸν
2538 3481 2666 3536 Θεὸν
2696 3481 2851 3554 ἡμῶν
2910 3496 3031 3545 ταῖς
3085 3480 3318 3558 καρδίαις
3373 3481 3548 3538 αὐτῶν
3607 3481 3781 3539 εἰσοι-

2131 3571 2310 3643 κίζων.
2359 3570 2435 3627 Τᾶι
2496 3569 2594 3645 μὲν
2639 3570 2738 3648 γὰρ
2808 3571 3012 3646 ἶώμενα
3068 3590 3294 3645 σωματα
3348 3570 3446 3637 τὴν
3491 3577 3584 3629 τοῦ
3645 3577 3782 3630 Θεοῦ

2129 3658 2329 3738 δωρεὰν
2382 3658 2705 3738 ἐνεφάνιζον,
2768 3661 2811 3714 εἰ
2897 3662 2985 3716 καὶ
3045 3658 3125 3716 ὅτι
3211 3661 3343 3739 πρὸς
3416 3658 3562 3725 ἀξίαν
3630 3658 3778 3716 διδό-

2130 3771 2266 3825 μενα
2321 3749 2408 3804 καὶ
2472 3770 2537 3804 τα
2616 3749 2837 3805 τοιαῦτα
2916 3749 3227 3829 χαρίσματα
3287 3748 3347 3804 οὗ
3422 3749 3616 3827 μικρὰν
3668 3756 3778 3806 τῶν

2128 3836 2441 3918 δεχομένων
2499 3838 2599 3905 τὴν
2657 3840 2711 3893 ἓν
2770 3838 2943 3917 ἀρετῷ
2992 3838 3274 3905 προκοπὴν
3321 3837 3770 3916 ἀπαγγέ)λουσιν.

2129 3930 2192 3986 Αἱ
2248 3927 2301 3983 δὲ
2343 3928 2515 4006 ψυχαὶ
2571 3927 2677 3983 τῶν
2707 3926 3170 4006 ἐπιστρεφομὲνων
3215 3929 3289 3991 εἷς
3344 3925 3643 3984 θεοσέϐειαν
3692 3930 3783 3987 καὶ

2128 4019 2188 4073 τὸ
2237 4016 2462 4094 ἀτρεμὲς
2511 4015 2606 4083 τῆς
2662 4013 2892 4095 διδαχῆς
2950 4019 3037 4073 καὶ
3093 4018 3154 4072 τὸ
3218 4016 3627 4073 ἀκατάπλεκτον
3687 4025 3783 4075 τοῦ

2129 4105 2458 4163 ἐπικινδύνου
2511 4106 2854 4182 κηρύγματος
2929 4105 3087 4162 αὐτοῦ
3159 4109 3280 4167 τοὺς
3378 4103 3600 4175 ἱδρῶτας
3685 4107 3785 4164 τοῦ

2130 4194 2423 4274 ἀθλοφόρου
2478 4194 2597 4255 τοὺς
2671 4197 2910 4272 εὐγενεῖς
2972 4193 3388 4254 ἐκκαλύπτουσιν
3447 4200 3543 4255 οὐκ
3598 4195 3651 4251 ἐν
3713 4202 3783 4274 τῇ

2130 4284 2286 4364 χώρᾳ
2317 4284 2504 4360 μόνον,
2536 4281 2673 4339 ἀλλὰ
2702 4287 2789 4340 καὶ
2840 4298 2958 4348 τοῖς
3009 4284 3328 4366 ἁπανταχοῦ
3375 4287 3439 4342 τὸ
3481 4286 3781 4364 ὑπέρογκον

2128 4377 2285 4433 αὐτοῦ
2339 4379 2437 4440 τῆς
2481 4372 2677 4451 ἀρετῆς
2736 4372 3138 4453 ἐμφανίζουσαι.
3196 4376 3287 4437 Εη
3345 4393 3528 4446 nunc,
3593 4394 3776 4455 quam

2126 4459 2292 4522 hisce
2312 4460 2607 4523 JoannisT
2627 4462 3125 4526 bessalonicensis
3148 4463 3343 4526 verbis
3364 4466 3656 4545 adaptavi,
3687 4464 3781 4526 in-

392 4549 791 4630 anonymique
809 4547 912 4627 qui
928 4547 1067 4608 huic
1093 4547 1365 4627 przeluxit
1389 4547 1701 4628 scriptoris
1723 4549 2041 4612 assertioni
2067 4622 2103 4634 __
2130 4549 2613 4630 terpretationem
2641 4550 2929 4615 Latinam.
2953 4552 3177 4624 «Quam
3192 4570 3334 4615 vero
3355 4554 3486 4634 ipse
3505 4554 3779 4633 (sanctus

392 4638 470 4701 de
511 4622 715 4699 sancto
751 4622 1055 4699 Demetrio
1093 4622 1388 4718 faventes,
1424 4637 1502 4698 ita
1518 4622 1731 4700 ‘tamen
1764 4646 1848 4713 ut,
1883 4638 2042 4718 quod
2067 4622 2464 4701 DDemetrius
2483 4638 2788 4720 videlicet)
2808 4639 2908 4702 illa
2928 4642 3001 4702 ad
3015 4622 3361 4704 docendum
3380 4622 3779 4723 .apta‘aposto-

390 4728 643 4788 vitarum
677 4725 912 4787 illarum
975 4726 1138 4805 prior
1168 4745 1287 4788 non
1321 4722 1484 4803 facit,
1520 4734 1697 4788 totam
1732 4747 1840 4807 per
1883 4727 2041 4791 hunc

392 4815 574 4878 fuisse
606 4816 680 4877 ad
739 4813 1041 4879 Christum
1101 4815 1395 4876 civitatem
1442 4815 2040 4879 Thessalonicensem

393 4921 768 4979 conversam,
797 4905 1097 4986 posterior
1117 4912 1323 4985 aperte
1346 4902 1645 4967 edicat.Et
1668 4923 1805 4967 vero
1830 4910 2043 4968 Deme-

393 4993 601 5069 trium,
626 4993 819 5055 sinon
850 4995 1138 5072 integram
1169 5010 1337 5052 suam
1361 4991 1516 5052 hanc
1536 4991 1834 5055 civitatem
1870 5002 2039 5057 nata-

392 5083 510 5146 lem
531 5081 604 5146 ab
628 5101 834 5146 errore
853 5082 924 5145 ad
945 5083 1247 5146 Christum
1274 5078 1542 5156 adduxit,
1568 5083 1815 5147 multum
1842 5092 2039 5146 tamen

391 5172 456 5234 in
483 5191 553 5235 ea
582 5173 726 5235 ﬁdei
756 5173 1002 5232 veritate
1050 5185 1169 5230 non
1197 5167 1401 5249 paucis
1424 5167 1693 5248 imbutis,
1724 5173 2041 5252 protulisse

390 5261 674 5341 fructum,
733 5260 942 5322 saltem
1003 5259 1183 5320 etiam
1244 5276 1364 5317 non
1416 5256 1671 5321 obscure
1696 5260 1891 5323 innuit
1924 5281 2039 5325 sse-

393 5348 641 5433 pissime
664 5351 789 5429 jam
820 5348 1092 5409 laudatus
1147 5344 1411 5409 Joannes
1460 5345 2040 5435 Thessalonicensis,

393 5441 561 5515 cujus
579 5442 771 5500 Graeca
808 5439 1079 5505 verba,ad
1110 5440 1433 5497 institutum
1468 5455 1721 5510 praesens
1755 5444 2040 5513 facientia,

394 5535 523 5589 utut
551 5524 871 5587 admodum
908 5524 1159 5605 prolixa,
1214 5523 1312 5585 hic
1365 5534 1564 5585 tamen
1607 5526 1824 5607 adhuc,
1880 5528 2039 5607 quod

392 5631 757 5696 quaecunque
788 5610 863 5673 de
925 5614 1142 5676 Sancto
1201 5631 1234 5675 e
1283 5611 1492 5675 codice
1524 5613 1663 5674 olim
1696 5614 2041 5679 Mazarinreo

392 5702 692 5784 descripta
718 5700 1037 5779 habemus,
1075 5721 1145 5767 ea
1210 5703 1334 5765 fere
1385 5705 1585 5764 omnia
1614 5705 1767 5782 typis
1800 5705 2041 5785 vulgare

2126 4727 2357 4807 licaque
2379 4727 2566 4807 gratia
2586 4737 2829 4808 accepta
2850 4730 3306 4793 retributionem
3330 4732 3777 4812 Deorepende-

2123 4816 2221 4891 rit,
2251 4816 2779 4881 videamus....Dei
2804 4836 3055 4882 munere
3081 4820 3369 4882 doctrinae
3387 4820 3520 4900 ejus
3549 4822 3776 4900 puritas

2126 4901 2439 4966 manifesta
2469 4903 3052 4985 appareLJudaicam
3087 4907 3270 4979 enim,
3306 4907 3608 4971 ethnicam
3639 4927 3778 4969 om-

2124 5011 2383 5073 nemque
2439 4993 2614 5055 aliam
2664 4994 2786 5056 Deo
2842 4995 3142 5058 inimicam
3175 4996 3451 5060 haeresim
3489 4997 3779 5060 radicitus

2124 5099 2258 5143 esse
2290 5099 2362 5144 ex
2391 5083 2528 5158 hoc,
2565 5084 2723 5165 quod
2772 5102 2807 5146 a
2838 5082 2962 5146 Deo
2992 5086 3347 5162 custoditur,
3385 5086 3605 5150 Christi
3636 5086 3779 5148 ovili

2124 5170 2415 5245 evulsam,
2451 5171 2762 5252 cujusnam
2799 5173 3070 5252 alterius,
3100 5193 3277 5255 quam
3310 5182 3444 5256 post
3471 5174 3658 5237 Deum
3689 5175 3779 5236 ci-

2098 5260 2320 5322 -vitatis
2353 5262 2620 5341 magistri
2670 5260 2986 5341 (Demetrii
3046 5263 3351 5344 nimirum)
3410 5264 3776 5327 beneﬁcium

2124 5348 2373 5414 est?.....
2398 5349 2670 5430 Martyris
2687 5350 2909 5432 quippe
2933 5352 3302 5432 temporibus
3321 5354 3606 5416 adversus
3634 5353 3777 5415 reli-

2124 5438 2364 5517 gionem
2414 5438 2717 5513 inimicus,
2753 5439 2830 5501 ad
2859 5441 3157 5519 angustias
3200 5442 3471 5518 adactus,
3498 5447 3778 5521 gaaviora

2125 5529 2302 5589 etiam
2353 5525 2632 5589 scandala
2685 5528 2880 5589 valide
2937 5531 3219 5604 armavit;
3273 5532 3375 5593 ubi
3407 5532 3645 5594 tandem
3677 5532 3777 5595 hic

2129 5615 2494 5695 (Demetrius
2516 5618 2758 5697 nempe)
2776 5624 3027 5682 statutus
3051 5638 3085 5680 a
3104 5618 3228 5682 Deo
3249 5630 3475 5701 pastor,
3508 5617 3774 5682 Thessa-

2124 5703 2518 5769 lonicensium
2544 5708 3140 5791 patronus,alumnus
3164 5718 3225 5774 et
3246 5709 3526 5790 magister
3546 5709 3772 5791 pradi-

3666 1780 3791 1838 ἕνθα
3862 1818 3871 1835 .
