4100 6406
293 315 448 382 1105

1389 319 1448 382 S.
1488 320 1866 385 DEMETRII
1910 324 2312 390 MARTYRIS
2357 325 2577 391 ACTA.

3515 324 3670 394 1106

285 467 433 544 cans
466 448 741 544 (oportet
757 448 941 544 enim,
978 466 1258 510 sermone
1286 448 1358 544 ad
1391 449 1504 544 hoc
1539 449 1808 544 delapso,
1833 455 1949 516 mi-
1971 478 2007 515 Α
2032 476 2201 520 suum
2263 461 2582 523 concilium
2645 459 2806 522 felici
2861 477 3145 525 successu
3207 461 3546 544 perficeret,
3597 465 3671 526 ad

283 539 491 601 raudaa
522 539 904 613 narrationis,
939 557 1115 619 quam
1149 557 1183 600 e
1213 538 1540 619 majoribus
1589 539 1809 614 audivi,
1849 564 1943 605 me

287 629 663 709 meminisse)
726 637 890 690 recta
961 627 1232 690 doctrina
1289 627 1588 690 civitatem
1647 631 1938 712 implevit,

284 717 707 795 contrariaque
747 718 1083 780 sentientes
1117 717 1552 798 compressit...
1608 722 1720 782 Ast
1771 742 1938 799 quae-

285 825 422 868 nam
455 807 557 868 illa
588 817 649 870 et
677 807 940 870 narratio
971 813 999 870 ?

367 896 467 959 40.
507 921 534 951 ‹ς
566 897 654 958 Ab
686 897 828 957 iis...
867 897 968 977 qui
995 895 1194 958 divina
1227 896 1552 976 prudenter
1572 907 1934 977 scrutantur,

281 984 689 1066 quaerebatur,
717 986 814 1065 qui
840 986 915 1047 de
945 985 1049 1045 illo
1076 985 1336 1048 civitatis
1357 995 1594 1048 amante
1623 998 1939 1052 coronato-

281 1093 400 1154 que
429 1092 463 1134 a
490 1074 610 1136 Deo
640 1083 897 1156 martyre
926 1074 1087 1136 fama
1118 1084 1234 1136 tam
1269 1075 1384 1136 late
1416 1085 1572 1136 esset
1604 1075 1841 1153 diffusa,
1873 1088 1939 1140 ut

281 1165 444 1226 illius
464 1173 652 1226 auctae
672 1165 893 1226 invidia
916 1163 1225 1225 stimulare
1253 1173 1391 1225 tunc
1417 1165 1808 1242 dominantis,
1837 1169 1937 1249 qui

281 1255 489 1326 illic(in
514 1254 745 1315 civitate
765 1253 1290 1315 Thessalonicensi
1315 1254 1933 1333 nempeiversabatur,

282 1361 461 1404 aures
491 1343 772 1424 potuerit.
805 1343 890 1404 Ac
908 1341 1387 1423 respondebatur
1416 1363 1429 1404 :
1463 1341 1592 1404 Non
1627 1355 1746 1406 tam
1775 1364 1806 1407 e
1838 1365 1937 1407 sa-

286 1433 442 1494 natis
467 1451 572 1512 per
601 1432 931 1493 orationem
964 1431 1342 1510 corporibus,
1377 1451 1556 1510 quam
1602 1452 1671 1495 ex
1706 1435 1939 1496 anima-

2027 558 2293 610 sanctum
2323 550 2688 612 Demetrium
2722 549 2838 610 sibi
2884 559 3112 628 notum,
3143 552 3217 614 de
3252 554 3422 633 cujus
3452 553 3513 614 in
3571 572 3678 632 pa-

2027 639 2253 700 trandis
2287 640 2594 702 miraculis
2619 639 2835 700 virtute
2875 639 3206 702 inaudierat
3252 659 3386 703 sese
3418 642 3675 717 confert,

2027 730 2164 808 quid
2225 729 2340 789 sibi
2370 730 2444 790 sit
2504 728 2896 810 propositum,
2933 729 3214 805 declarat,
3272 749 3560 812 eumque,
3616 741 3680 791 ut

2026 817 2309 898 precibus
2334 819 2458 879 suis
2480 818 2594 878 sibi
2616 817 2795 897 adsit,
2824 817 2999 879 enixe
3027 827 3216 896 rogat.
3258 843 3284 874 «
3310 819 3673 894 Demetrius,

2023 917 2084 967 ut
2115 909 2193 967 ait
2243 908 2690 986 Metaplirastes
2731 906 2981 986 perinde
3011 926 3076 968 ac
3110 908 3158 967 si
3218 908 3349 988 ipse
3381 917 3672 988 rogasset,

2023 1015 2138 1056 non
2173 1005 2366 1056 autem
2402 995 2612 1056 fuisset
2638 1006 2896 1075 rogatus,
2933 996 3313 1075 exsequendo
3348 1015 3671 1076 propemo-

2022 1085 2160 1145 dum
2200 1085 2478 1165 przeveuit
2514 1084 2959 1162 petitionem,et
2989 1085 3044 1146 ei
3068 1086 3354 1146 velociter
3386 1085 3671 1166 imposito

2024 1193 2117 1248 eo,
2154 1176 2307 1254 quod
2347 1175 2522 1234 estin
2555 1174 2814 1247 Christo,
2849 1174 3155 1251 signaculo
3207 1183 3323 1235 tam
3361 1176 3416 1235 in
3449 1174 3671 1246 fronte,

2023 1283 2197 1344 quam
2232 1263 2289 1323 in
2323 1262 2525 1337 corde,
2563 1281 2696 1323 cum
2749 1261 2992 1322 dimittit
3023 1261 3230 1324 dicens
3265 1284 3276 1324 :
3336 1261 3406 1324 Et
3436 1264 3670 1342 Lyazum

2021 1356 2246 1423 vinces,
2283 1361 2340 1412 et
2398 1350 2518 1412 eris
2577 1359 2797 1430 martyr
2853 1349 3096 1413 Christi.
3143 1376 3171 1407 ι
3232 1350 3469 1428 Nestor,
3505 1352 3674 1414 hisce

2025 1441 2223 1504 Sancti
2256 1440 2452 1500 verbis
2482 1439 2816 1518 roboratus,
2845 1440 2904 1500 in
2934 1439 3191 1502 stadium
3225 1439 3382 1500 illico
3417 1439 3670 1519 prosilit,

287 1522 402 1584 bus
425 1520 1465 1610 perdoctriuammundatiszquando
1491 1521 1649 1582 enim
1675 1541 1941 1585 asomuo
2024 1550 2210 1606 seque
2267 1530 2339 1590 ad
2373 1532 2676 1608 singulare
2735 1547 2868 1589 cum
2903 1530 3069 1608 Lyaeo
3122 1537 3424 1590 certamen
3482 1531 3672 1610 palam

284 1611 584 1709 excitavit,
605 1620 798 1709 “atque
827 1628 862 1671 a
891 1609 1422 1709 lutolerpurgavit,
1446 1629 1562 1690 quo
1593 1611 1654 1672 in
1687 1611 1939 1673 idolola-

2027 1621 2218 1690 ofl‘ert,
2258 1617 2534 1681 omnibus
2565 1618 2876 1680 audaciam
2906 1619 3038 1696 ejus
3067 1609 3522 1679 admirantibus.

283 1701 569 1801 "@139"
599 1700 789 1801 Ῐθξυζθ
818 1717 886 1801 ἒς
918 1698 1172 1801 εεξιίὲίῐιθ
1203 1697 1646 1801 ἀθξίηεῖδειῐιίυΐε
1680 1699 1938 1801 εῐξίηιεξξ,
2105 1707 2998 1789 4:2.lmperatorjuveuem,sola
3026 1717 3380 1788 paupertate
3405 1707 3680 1786 adigente

283 1789 617 1871 Spiritalem
640 1789 904 1852 Orientis
927 1788 1566 1868 plagam,coelestisque
1597 1789 1749 1868 signi
1771 1789 1940 1850 sufﬁ-

2027 1788 2388 1872 desperatum
2414 1802 2467 1856 id
2491 1803 2716 1871 cepisse
2735 1798 3046 1856 concilium
3077 1801 3676 1870 opinatus.pecuniam

285 1887 558 1942 mentum
589 1879 919 1955 Christum,
960 1895 1164 1938 verum
1197 1875 1698 1953 Deumnostrum,
1736 1879 1938 1940 cordi-
2023 1887 2096 1948 ad
2131 1903 2265 1946 sese
2294 1886 2580 1947 arcessito
2612 1895 2824 1963 sponte
2855 1883 3327 1963 offert,eumque
3359 1902 3434 1942 ne
3467 1901 3679 1962 pugnas,

282 1968 399 2031 bus
421 1987 628 2029 eorum
665 1969 966 2046 inserens,
999 1973 1205 2028 sanata
1237 1966 1479 2047 quidem
1515 1985 1791 2047 corpora,
1829 1974 1939 2029 etsi
2021 1994 2153 2037 cum
2189 1974 2442 2048 viro,cui
2474 1973 2728 2034 multum
2752 1971 2978 2032 viribus
3009 1977 3174 2032 esset
3199 1971 3476 2044 inferior,
3507 1971 3675 2050 peri-

281 2059 462 2120 etiam
527 2065 584 2118 et
616 2055 957 2136 hujusmodi
1009 2055 1231 2134 gratiae,
1268 2055 1600 2117 secundum
1659 2055 1936 2118 meritum

2027 2064 2151 2124 culo
2185 2080 2315 2123 sese
2347 2062 2743 2123 committeret
2771 2059 3144 2122 adhortatur.
3169 2058 3391 2121 Verum
3429 2058 3673 2136 Nestor,

281 2148 457 2222 datm,
481 2165 598 2206 non
626 2164 866 2226 parvum
901 2163 1107 2206 eorum
1135 2145 1236 2225 qui
1271 2163 1370 2206 eas
1392 2144 1692 2224 recipiunt
1727 2145 1788 2206 iu
1818 2152 1939 2206 vir-

2027 2152 2276 2232 pecuuia
2327 2151 2659 2231 repudiata,
2693 2150 2867 2210 unice
2899 2167 3034 2209 sese
3072 2147 3319 2227 gloriam
3354 2147 3675 2228 superandi

283 2248 410 2300 tute
462 2253 845 2314 progressum
902 2243 1170 2315 arguant,
1207 2235 1525 2315 gratuitum
1558 2233 1664 2296 Dei
1715 2236 1939 2297 donum

284 2325 1138 2389 manifestaut.Conversorum
1162 2343 1303 2386 vero
1326 2323 1396 2384 ad
1424 2325 1701 2405 pietatem
1727 2325 1942 2385 animae

286 2417 598 2477 immotum
625 2415 1216 2494 imperterritumque
1240 2413 1303 2474 in
1330 2414 1601 2475 docendo
1626 2432 1694 2474 ac
1712 2413 1942 2493 pericu-

287 2507 415 2567 losa
432 2505 862 2585 praedicatione
875 2503 1618 2584 animum,generososque
1632 2503 1945 2583 ipsiusmct

283 2597 530 2673 gloriosi
561 2593 804 2658 athletae
826 2594 1083 2655 sudores
1105 2594 1414 2672 detegunt,
1441 2611 1560 2654 non
1595 2593 1692 2654 hic
1723 2591 1938 2667 solum,

284 2684 396 2746 sed
425 2684 652 2764 ubique
675 2683 910 2745 virtutis
941 2684 1072 2763 ejus
1103 2681 1530 2744 sublimitatem
1567 2681 1940 2744 manifestam

285 2772 827 2836 reddentes.)Haec
849 2773 1112 2836 Joannes
1143 2770 1943 2852 Thessalonicensis,quibus

282 2884 458 2941 sane,
495 2863 779 2926 Sanctum
805 2860 1022 2925 Christi
1057 2861 1230 2922 ﬁdem
1249 2879 1384 2921 cum
1417 2861 1611 2922 fructu
1636 2860 1810 2940 plane
1841 2860 1936 2920 iu-

282 2955 438 3034 signi
467 2954 644 3016 etiam
679 2953 834 3014 inter
863 2951 1029 3032 ipsos
1055 2950 1650 3023 Thessalonicenses,
1681 2949 1791 3011 etsi
1842 2949 1939 3010 in-

283 3044 460 3106 terim
492 3044 674 3105 hosce
703 3059 916 3103 omnes
948 3041 1053 3102 abs
1111 3039 1214 3100 illo
1250 3039 1436 3100 fuisse
1467 3056 1790 3101 conversos
1822 3057 1940 3099 non

2023 2243 2253 2323 Lyaeum
2315 2243 2530 2302 sectari
2592 2239 2954 2302 declarabat.
2988 2238 3250 2318 Pugnam
3303 2238 3527 2319 itaque,
3563 2257 3678 2299 an-

2024 2341 2246 2393 nuente
2295 2332 2685 2411 imperatore,
2720 2348 2855 2390 cum
2891 2331 3060 2408 Lyaeo
3106 2328 3217 2388 init
3245 2346 3523 2409 eumque,
3555 2328 3677 2388 Deo

2030 2422 2319 2484 Demetrii
2354 2420 2770 2501 iuvocata,ictu
2804 2419 3100 2498 extemplo
3134 2421 3192 2479 in
3225 2418 3407 2479 corde
3439 2435 3685 2498 percus-

2029 2531 2158 2573 sum
2213 2511 2381 2573 humi
2437 2519 2734 2571 mortuum
2774 2508 3113 2588 prosternit.
3171 2511 3503 2587 Imperator
3546 2507 3687 2568 hinc

2029 2603 2210 2663 iratus
2235 2620 2303 2663 ac
2330 2598 2943 2677 mmstus,magiaaque
2967 2614 3094 2658 rem
3121 2595 3682 2658 ascribens.Nesto-

2027 2710 2152 2752 rem
2181 2691 2254 2753 de
2282 2691 2389 2754 hac
2414 2691 2764 2768 interrogat,
2795 2687 3012 2766 hicque
3031 2685 3430 2748 Christianum
3452 2684 3679 2746 nullum

2029 2781 2220 2858 magia
2252 2781 2360 2861 uti,
2395 2797 2580 2860 seque
2601 2795 2634 2838 a
2659 2776 2945 2840 Demetrii
2967 2781 3356 2851 omniumque
3391 2774 3681 2837 Christia-

2026 2888 2235 2930 norum
2270 2870 2390 2931 Deo
2423 2869 2689 2947 adjutum
2736 2866 2811 2926 de
2843 2867 3007 2943 Lyaeo
3043 2863 3323 2924 retulisse
3369 2861 3679 2922 victoriam

2022 2959 2367 3039 re5p0ndet.
2426 2957 2592 3030 Quod
2647 2974 2778 3016 cum
2830 2954 3156 3032 imperator
3183 2952 3510 3012 audivisset
3566 2949 3683 3012 Ne-

2026 3058 2245 3110 storem
2280 3068 2349 3110 eo
2380 3047 2533 3128 ipso,
2569 3065 2684 3126 quo
2734 3043 2830 3106 hic
2862 3043 3093 3123 Lyaeum
3128 3041 3450 3120 occiderat,
3485 3040 3680 3119 gladio

281 3133 687 3212 dicat,relato,
720 3131 1082 3214 praedicasse
1113 3131 1390 3192 afﬁrmat.
1414 3128 1536 3192 Nec
1567 3130 1680 3192 hoc
1715 3138 1940 3192 tantum
1963 3146 2004 3198 c
2025 3139 2196 3219 jubet
2225 3137 2506 3208 interﬁci,
2543 3137 2770 3216 sicque,
2794 3133 2986 3211 inquit
3014 3131 3472 3219 Metaphrastes,
3513 3154 3539 3184 α
3566 3128 3682 3190 Ne-

281 3223 484 3284 verbis
511 3223 778 3284 recitatis
799 3219 1065 3282 Joannes
1087 3219 1325 3299 astruit,
1349 3236 1556 3281 Verum
1592 3219 1766 3282 etiam
1801 3220 1940 3281 inde

278 3312 495 3390 magis,
526 3329 699 3392 quam
738 3331 770 3374 e
814 3309 1140 3385 miraculis,
1176 3309 1392 3386 quibus
1433 3327 1568 3370 eum
1603 3309 1779 3370 etiam
1813 3308 1940 3370 cla-

275 3403 478 3464 ruisse
521 3401 744 3475 innuit,
777 3400 998 3461 factum
1033 3417 1192 3474 esse,
1225 3407 1292 3458 ut
1339 3398 1740 3477 imperatoris,
1771 3398 1939 3477 cujus

272 3493 449 3572 jussu
465 3488 1332 3567 fuitoccisus,indignationem
1359 3486 1937 3550 incurrerit.Verum

281 3582 358 3643 de
386 3581 724 3658 occasione,
755 3597 870 3660 qua
891 3579 1147 3640 Sanctus
1166 3577 1295 3637 neci
1327 3577 1500 3638 datus
1531 3575 1734 3649 fuerit,
1768 3594 1936 3638 com-

281 3670 518 3732 modius
550 3668 922 3744 tractabitur,
953 3674 1263 3746 postquam
1311 3665 1338 3744 §
1370 3665 1668 3743 sequenti,
1702 3683 1834 3744 quae
1863 3665 1938 3724 de

280 3759 532 3823 Nestore
565 3757 922 3838 Sancteque,
956 3757 1059 3837 qui
1089 3756 1249 3833 huic,
1287 3753 1574 3832 singulari
1606 3754 1937 3814 certamine

287 3868 424 3911 cum
455 3848 620 3928 Lyaa
645 3847 973 3928 gladiatore
1003 3862 1420 3922 cougressuro,
1448 3842 1847 3922 benedixerit,
1876 3842 1936 3903 in

285 3938 422 4000 Vita
452 3957 487 3999 a
507 3937 912 4017 Metaphraste
942 3943 1242 4013 contexta,
1267 3933 1501 4013 aliaque
1530 3931 1809 4012 auonymi
1837 3931 1937 4012 qui

285 4029 429 4091 huic
463 4026 740 4108 praeluxit
772 4026 1112 4105 traduntur,
1148 4023 1514 4086 examinaro.

283 4140 313 4215 Ξ
340 4135 442 4198 IV.
475 4135 638 4211 Quid
662 4135 735 4196 de
766 4137 844 4194 iis
875 4150 1058 4215 quieo
1082 4132 1940 4215 Metap[trusteanonginoque

372 4219 480 4295 qui
506 4210 648 4277 huic
673 4210 968 4293 praelusit
996 4213 1209 4295 Sancti
1242 4211 1572 4290 biographo
1587 4211 1661 4272 de
1690 4210 1942 4272 Nestore

367 4291 689 4359 traduntur
723 4300 802 4357 sit
837 4291 1230 4356 censendum.

367 4405 468 4464 4|.
501 4401 891 4483 Suppeditata
913 4421 946 4462 a
973 4401 1370 4480 Metapliraste
1389 4415 1815 4479 anonymoque
1840 4399 1939 4478 qui

2023 3218 2147 3292 stor
2176 3227 2596 3289 transmittitur
2625 3225 2695 3285 ad
2731 3223 3056 3295 Christum,
3093 3238 3268 3300 quem
3297 3218 3524 3291 dilexit,
3558 3226 3616 3279 et
3646 3236 3680 3278 a

2024 3337 2142 3398 quo
2175 3329 2301 3378 erat
2351 3322 2704 3396 accepturus
2735 3329 2981 3373 coronas
3034 3309 3296 3389 duplicis
3328 3307 3670 3398 victoria3._»

2024 3393 2190 3467 Talia
2247 3413 2383 3466 sunt
2413 3393 2773 3482 compendio
2825 3399 2919 3460 hic
2954 3400 3066 3477 iam
3132 3396 3418 3476 exhibita,
3452 3413 3585 3473 quae
3615 3393 3679 3456 in

2024 3493 2489 3574 Metaplirastica
2514 3490 2716 3554 Sancti
2737 3488 3137 3568 Vita,aliaque
3167 3486 3469 3566 anonymi,
3499 3503 3531 3545 e
3563 3502 3679 3565 qua

2025 3585 2170 3663 hinc,
2206 3585 2292 3645 uti
2344 3602 2411 3644 ex
2445 3601 2623 3662 supra
2652 3580 2924 3641 adductis
2974 3585 3243 3658 apparet,
3281 3575 3670 3656 promauavit,

2023 3675 2095 3734 de
2120 3675 2362 3753 juvene,
2403 3671 2647 3732 nomine
2677 3668 2948 3742 Nestore,
2988 3676 3154 3746 parte
3199 3665 3374 3726 etiam
3409 3665 3470 3726 in
3528 3680 3670 3724 nar-

2020 3765 2163 3825 ratis
2191 3771 2393 3823 sanctu
2429 3760 2732 3823 Demetrio
2762 3757 2996 3836 tributa,
3031 3755 3398 3822 referuntur,

2099 3852 2428 3923 43,Verum
2452 3850 2615 3927 audi,
2646 3848 2749 3924 qui
2775 3845 3166 3906 Tillemonius
3189 3853 3331 3904 tom.
3366 3839 3415 3904 V
3443 3839 3669 3902 Monu-

2022 3951 2361 4005 mentorum
2387 3939 3088 4015 ecclesiasticarumpag.
3120 3933 3238 3994 689
3271 3929 3673 3993 narrationem

2023 4038 2180 4094 illam
2218 4033 2559 4100 compendio
2583 4031 2752 4087 etiam
2777 4029 2989 4085 ibidem
3014 4045 3041 4082 a
3073 4041 3198 4082 sese
3231 4025 3542 4081 exhibitam
3575 4038 3679 4080 ex-

2025 4123 2167 4202 cipit
2197 4143 2208 4182 ε
2247 4117 2532 4181 «Difficile
2572 4114 2907 4195 est,iuquit,
2938 4111 3156 4202 (verbis
3186 4109 3448 4202 Gallicis,
3473 4109 3679 4202 Latine

2023 4197 2120 4275 hic
2175 4231 2208 4271 a
2271 4227 2363 4270 me
2416 4205 2690 4283 redditis)
2753 4202 3025 4264 fabulosa
3079 4201 3178 4260 illa
3212 4198 3578 4273 narratione,
3615 4197 3677 4258 in

2023 4321 2157 4385 qua,
2224 4297 2381 4380 quiid
2457 4295 2716 4385 maxime
2797 4291 3163 4385 horrendum
3238 4287 3679 4385 Evangelioque

2024 4376 2360 4472 dppositum
2396 4394 2505 4459 est,
2540 4403 2646 4464 pro
2682 4382 2902 4472 Sancto
2927 4378 3206 4445 habetur.
3245 4376 3560 4472 quidpiam.
3583 4376 3674 4472 of-

283 4463 427 4558 huic
461 4463 959 4573 prinfdxitSanc-ti
993 4463 1179 4550 nostri
1211 4463 1661 4568 biographo'de
1693 4463 1942 4550 Nestore
1968 4501 2004 4549 D
2026 4463 2280 4542 tensioni
2315 4475 2650 4573 praebenda;
2698 4471 2882 4573 magis
2917 4479 3115 4573 aptum
3152 4467 3455 4573 magisque

285 4557 572 4666 quodam,
605 4599 735 4661 quae
785 4579 882 4641 hic
913 4557 1347 4640 examinanda-
1365 4557 1549 4651 venit,
1587 4578 1846 4639 narratio
1885 4577 1942 4637 in
2026 4572 2464 4666 stianohomine
2503 4569 2802 4666 indignum
2837 4565 3116 4666 invenire.
3153 4560 3494 4666 fabulosam
3519 4557 3678 4666 illam

287 4646 714 4753 dompendium
749 4677 1077 4748 contracta,
1107 4687 1179 4730 eo
1201 4669 1325 4729 fere
1360 4646 1609 4729 recidit:
1645 4666 1947 4730 Gladiator
2027 4659 2420 4753 appellamus,
2474 4653 2808 4753 quiantalis
2861 4659 2947 4710 est
2980 4655 3065 4750 'in
3124 4646 3419 4753 adjiiuctis
3459 4651 3679 4753 .uotatu

285 4732 446 4835 erat:
480 4761 679 4841 Lyaeus
729 4732 1095 4832 nominatus,
1131 4757 1370 4818 natione
1435 4754 1782 4836 Wandalus,
1815 4756 1942 4832 qui,
2029 4732 2285 4841 maxime
2344 4742 2841 4841 dignis-Phenus
2897 4739 3151 4839 enimDet
3192 4733 3547 4841 ‘Auasta‘sius
3603 4732 3681 4793 de

289 4870 428 4914 cum
471 4855 743 4930 corporis
768 4847 985 4910 robore
1019 4847 1275 4910 maxime
1301 4853 1602 4926 prastaret
1635 4864 1944 4921 quoscun-

287 4960 412 5020 que
446 4959 645 5001 secum
679 4937 970 5018 singulari
1016 4939 1340 4998 certamine
1374 4954 1584 4997 mauus
1618 4953 1946 4996 conseren-

286 5040 383 5093 tes
409 5029 580 5092 facile
602 5027 1213 5108 superabat,hincque
1243 5025 1530 5103 magnoin
1546 5041 1749 5085 amore
1771 5025 1944 5086 simul

287 5125 386 5182 est
437 5117 829 5179 aestimatione
859 5115 1013 5195 apud
1069 5115 1492 5194 imperatorem
1527 5113 1946 5175 Maximianum

289 5207 780 5280 erat.Accidit,ut
805 5205 901 5266 hic
918 5203 1364 5266 Thessalonicae
1388 5202 1697 5265 exhiberet
1715 5201 1942 5280 gladia-

285 5307 490 5358 torum
549 5293 982 5376 spectaculum,
1018 5312 1275 5374 cumque
1323 5293 1530 5374 Lyaeus
1588 5290 1946 5371 gladiatores

287 5393 541 5448 caeteros
567 5382 1002 5464 provocaretad
1030 5380 1766 5456 certamen,omnibusque
1788 5387 1949 5442 esset

287 5473 534 5553 terrori,
569 5472 810 5553 quidam
862 5480 1058 5533 tamen
1106 5473 1372 5551 juvenis,
1407 5469 1654 5532 nomine
1703 5470 1945 5543 Nestor,

287 5566 442 5646 Lyaei
467 5562 804 5643 superbiam
833 5562 1358 5641 arrogantiamque
1389 5559 1547 5622 haud
1577 5558 1800 5634 ferens,
1835 5577 1948 5638 pu-

2029 4837 2299 4904 Nestoris
2332 4843 2535 4896 contra
2565 4832 2797 4912 Lyaeum
2831 4829 3160 4890 certamine
3192 4827 3541 4904 loquuntur;
3572 4839 3680 4882 ve—

2032 4948 2161 4991 rum
2197 4947 2226 4986 a
2259 4925 2506 4986 Nestore
2557 4920 2891 4984 Christiano
2924 4915 3276 4987 asserendo,
3312 4913 3434 4974 sive
3481 4918 3680 4972 certa-

2033 5020 2177 5080 mini
2212 5015 2460 5094 scilicet)
2489 5019 2692 5072 sancto
2725 5006 3026 5070 Demetrio
3059 5002 3446 5094 admiscendo
3470 5000 3680 5060 sedulo

2031 5108 2350 5168 abstinent.
2389 5093 2514 5165 lmo
2573 5120 2646 5160 ne
2696 5097 2938 5174 quidem
2991 5093 3416 5158 Maximianum
3463 5107 3678 5151 necem

2031 5196 2264 5259 Nestori
2312 5193 2514 5253 inferri
2575 5189 2827 5267 jussisse
2877 5190 3240 5256 asseverant,
3276 5181 3382 5242 sed
3449 5187 3678 5240 tantum

2030 5285 2320 5366 promissa
2349 5277 2780 5362 gladiatoribus
2836 5273 3167 5337 victoriosis
3202 5269 3445 5366 praemia
3473 5269 3527 5329 ei
3559 5286 3679 5366 no_u

2029 5354 2288 5436 dedisse.
2350 5354 2742 5430 "Manifestum
2777 5365 2975 5444 itaque
3033 5369 3125 5422 est
3183 5360 3413 5439 reliqua
3480 5354 3682 5416 omnia

2032 5463 2266 5526 veritati
2325 5459 2510 5521 fuisse
2558 5455 2812 5535 adjecta,
2847 5456 3026 5533 idque
3088 5447 3507 5510 verosimiliter
3550 5452 3680 5524 post

2034 5553 2311 5616 saeculum
2347 5566 2595 5621 nonum,
2627 5545 2700 5608 ab
2730 5543 3093 5607 homonibus
3133 5537 3396 5600 historia
3422 5552 3595 5612 aeque
3616 5551 3685 5594 ac

291 5621 426 5738 giae
458 5621 591 5715 curru
635 5670 705 5714 eo
736 5652 924 5714 aleam
959 5621 1162 5714 suubire
1196 5621 1484 5715 decrevit.
1519 5649 1713 5724 Quare
1745 5621 1808 5716 ut
1837 5621 1952 5711 boc
2038 5642 2326 5706 doctrina:
2373 5637 2748 5717 Evangelicze
2796 5630 3039 5714 ignaris.
3080 5654 3101 5685 ι
3137 5627 3224 5690 ita
3253 5628 3540 5691 hactenus
3584 5621 3684 5685 ille
