4100 6420
398 376 552 444 1107

1759 372 2405 439 SUPI‘LEMENTUM.

3621 384 3779 449 1108

395 518 457 574 et
484 529 630 574 sane
658 509 815 574 haud
848 510 1173 573 immerito.
1210 509 1482 571 Attamen
1514 507 1671 588 quod
1703 507 1779 570 de
1810 509 2041 588 iisquae
2064 514 2098 567 Α
2124 509 2349 571 fortaus
2372 527 2652 572 coronam
2680 511 2858 591 capiti
2889 512 3023 592 ejus
3054 513 3611 597 imposuit.Verum
3634 519 3781 583 dum

393 601 627 664 veritati
684 619 717 662 a
748 600 962 662 Photio
994 607 1052 660 et
1100 599 1405 659 Anastasio
1449 598 1669 691 relath
1685 606 1814 677 post
1845 618 2039 691 sancti-7
2123 598 2452 691 imperator
2500 600 2787 691 cogitaret
2817 600 3186 691 Demetrium
3220 625 3354 668 cum
3388 606 3570 671 Libeo
3593 628 3781 691 expe-

395 690 518 753 lum
542 708 765 751 nonum
803 687 1037 750 tandem
1063 686 1282 748 fuerint
1304 687 1556 767 adjecta,
1581 687 1856 761 afﬁrmat,
1897 688 2040 750 mihi
2123 688 2251 761 riri,
2286 687 2499 751 Nestor
2529 690 2776 766 quidam
2831 689 3202 756 Christianus
3254 714 3320 758 se
3349 705 3526 760 nocte
3575 686 3782 762 sancto

396 778 851 857 haudquaquam
934 782 1163 837 certum
1236 784 1502 855 apparet.
1577 774 1793 837 Eadem
1882 777 2039 837 enim
2124 775 2425 839 Demetrio
2449 778 3440 861 obtulitdicens,quodcertamen
3468 787 3580 850 hoc
3604 808 3785 851 assu-

397 867 595 927 omnia
642 865 819 925 etiam
847 863 907 924 in
963 861 1116 938 Vita,
1150 865 1414 927 secundo
1445 864 1576 927 loco
1622 864 1874 938 edenda,
1912 886 2043 945 quae

396 971 755 1034 anonymum
778 951 957 1013 habet
978 960 1306 1032 auctorem,
1335 961 1678 1029 occurrunt,
1705 954 1949 1035 haecque
1979 973 2049 1016 ex

395 1060 578 1123 supra
609 1041 784 1102 dictis
815 1041 1034 1103 saeculo
1065 1061 1223 1103 nono
1273 1043 1712 1116 verosimiliter,
1747 1044 1866 1104 imo
1900 1043 2049 1105 forte

395 1130 571 1193 etiam
622 1130 840 1192 saeculo
873 1147 976 1194 vm
1024 1141 1127 1192 aut
1157 1149 1235 1194 vn
1270 1142 1358 1194 est
1402 1133 1722 1206 antiquior.
1783 1132 1903 1195 Nec
1935 1143 2044 1205 est,

394 1220 550 1302 quod
585 1238 937 1301 reponas,ea
958 1222 1156 1284 omnia
1179 1241 1213 1284 a
1241 1225 1469 1286 Joanne
1497 1222 2042 1299 Thessalonicensi,

397 1308 597 1372 saeculi
634 1326 706 1371 νη
738 1310 1053 1389 scriptore,
1089 1330 1267 1391 supra
1323 1311 1651 1392 saepissime
1682 1313 1917 1375 laudato
1950 1314 2047 1375 iu-

392 1400 607 1477 fraque
664 1398 983 1474 laudando,
1019 1420 1136 1462 non
1169 1402 1649 1463 commemorari.
1688 1404 1830 1464 Cum
1887 1403 2045 1465 enim

396 1487 493 1549 hic
549 1487 810 1567 martyrii
871 1506 907 1549 a
963 1486 1177 1550 Sancto
1235 1490 1467 1551 tolerati
1524 1508 1599 1551 ne
1656 1491 2045 1554 substantiam

396 1576 637 1656 quidem
671 1575 900 1655 uspiam
934 1586 1162 1652 narret,
1198 1578 1434 1640 silentio
1477 1581 1585 1641 abs
1617 1579 1743 1660 illo,
1777 1601 1910 1661 qua:
1942 1600 2047 1662 pro

396 1666 579 1744 hujus
632 1664 915 1726 duntaxat
961 1666 1259 1746 adjunctis
1313 1666 1519 1731 haberi
1570 1678 1833 1750 possent,
1868 1670 2050 1733 fuisse

397 1754 698 1835 praeterita
727 1754 943 1815 mirum
975 1774 1094 1817 non
1121 1765 1230 1817 est.

2133 884 2298 927 mere
2328 866 2749 943 deliberasset,
2780 886 3023 958 rogans,
3056 880 3113 933 ut
3140 883 3386 937 sanctus
3427 886 3643 957 martyr
3679 897 3786 958 pro

2132 973 2195 1015 se
2223 953 2542 1018 Dominum
2568 964 2790 1018 oraret.
2827 957 2937 1030 Qui
2961 959 3034 1020 ab
3058 980 3130 1022 eo
3163 962 3528 1027 confortatus
3548 953 3649 1029 die
3679 953 3786 1029 se-

2132 1051 2327 1118 queuti
2350 1050 2681 1120 imperatori
2707 1065 2767 1106 se
2792 1055 3171 1121 praesentavit,
3195 1070 3370 1127 seque
3390 1057 3784 1118 Chri;tiauum

2133 1132 2410 1207 asseruit,
2446 1135 2703 1196 offerens
2735 1154 2800 1196 se
2830 1155 2965 1198 cum
3026 1138 3210 1201 Libeo
3240 1140 3553 1224 dimicare,
3586 1152 3644 1206 et
3676 1163 3784 1225 pro

2132 1222 2435 1284 Demetrio
2453 1233 2759 1285 certamen
2784 1228 3271 1291 assumere.Dum
3292 1238 3491 1294 autem
3526 1222 3785 1314 impera-

2133 1318 2223 1371 tor
2275 1310 2442 1372 illum
2478 1312 2757 1392 precibus
2809 1317 3123 1379 retrahere
3154 1338 3273 1381 non
3316 1332 3540 1400 posset,
3579 1310 3787 1386 victori

2134 1418 2384 1491 munera
2416 1401 2710 1491 promisit.
2742 1401 2961 1466 Nestor
2982 1405 3162 1485 igitur
3180 1408 3449 1472 duellum
3483 1412 3787 1491 ingressus

2133 1488 2379 1550 Libeum
2402 1490 2472 1551 ad
2501 1498 2721 1552 terram
2747 1495 3059 1568 prostravit
3077 1504 3138 1558 et
3155 1507 3511 1577 prostratum
3537 1488 3782 1565 occidit.

2132 1578 2462 1658 Imperator
2483 1588 2676 1640 autem
2703 1580 2815 1642 hoc
2838 1582 3064 1657 videns,
3093 1594 3146 1646 et
3169 1588 3788 1665 gigantem,Christia-

2131 1684 2341 1727 norum
2380 1668 2939 1743 ultorem,amisisse
2962 1672 3176 1737 dolens
3204 1685 3412 1739 contra
3443 1679 3574 1757 ejus
3602 1699 3788 1760 spon-

2132 1753 2364 1849 sionem
2393 1758 2704 1849 Nestorem
2727 1777 2761 1819 a
2791 1759 2997 1822 militia
3021 1762 3272 1826 solvitet
3300 1765 3376 1828 de
3398 1753 3790 1849 civitate'eje-

475 1843 577 1907 44.
626 1841 873 1917 Verum,
911 1852 1038 1906 utut
1068 1863 1167 1906 res
1218 1845 1455 1922 habeat,
1491 1865 1557 1909 ea
1590 1847 1867 1928 equidem
1918 1866 2048 1930 qua;
2073 1844 2210 1919 acit
2246 1864 2262 1919 ;
2315 1842 2685 1908 Demetrium
2719 1867 2981 1929 quoque,
3017 1852 3119 1931 qui
3180 1854 3310 1932 ejus
3354 1841 3792 1920 iuterfectiohis

397 1943 680 2015 quantum
705 1933 777 1993 ad
812 1935 1124 1995 Nestorem
1149 1953 1180 1996 a
1213 1936 1407 1997 Photii
1429 1943 1486 1997 et
1515 1936 1808 2001 Anastasii
1834 1957 2045 2000 narra-

397 2022 1068 2103 tioueabsunt,ideoque
1091 2024 1248 2085 velut
1269 2025 1551 2105 figmenta
1579 2027 1770 2089 verbis
1786 2029 2046 2091 recitatis

396 2114 796 2176 Tillemootius
827 2116 1037 2189 rejicit,
1071 2120 1254 2190 reipsa
1279 2122 1445 2177 etiam
1470 2136 1592 2178 esse
1620 2121 1889 2194 ﬁgmenta
1924 2125 2043 2179 exis

397 2204 596 2265 stimo.
633 2203 715 2263 Ac
749 2201 941 2283 primo
972 2203 1237 2283 quidem,
1266 2216 1355 2286 ut,
1381 2225 1489 2268 cur
1519 2207 1648 2269 haec
1674 2208 1815 2269 mihi
1844 2210 2050 2275 sedeat

397 2290 713 2365 sententia,
745 2291 923 2353 modo
946 2311 1263 2373 exponam,
1290 2296 1589 2376 quaejusta
1608 2295 1841 2359 Nestori
1873 2318 2049 2361 causa

396 2398 524 2440 esse
543 2382 817 2453 potuit.ut
838 2387 1136 2442 certamini
1153 2389 1434 2458 singulari
1459 2402 1584 2445 sese
1606 2403 1800 2447 contra
1816 2392 2046 2462 Lyaeum

398 2466 807 2528 committeret
838 2466 864 2527 Υ
891 2465 1105 2547 Hujus,
1142 2477 1206 2531 ut
1232 2471 1419 2545 aiunt,
1446 2471 1743 2552 superbiae
1770 2491 2051 2551 arroganv

398 2556 615 2637 tiaeque
644 2555 984 2636 frangendae
1012 2559 1350 2624 consilium.
1385 2559 1602 2623 Verum
1639 2562 1773 2639 quis
1807 2564 1891 2625 vel
1924 2564 2048 2627 solo

398 2646 513 2708 hoc
558 2663 629 2707 ex
659 2647 852 2727 capite
878 2647 1105 2711 facinus
1157 2650 1522 2729 hujusmodi,
1562 2651 1760 2712 divina
1792 2652 1918 2731 lege
1949 2672 2049 2715 se-

398 2734 710 2799 verissime
758 2738 1025 2815 vetitum,
1063 2758 1097 2801 a
1128 2759 1243 2819 quo
1301 2749 1361 2801 et
1388 2741 1731 2820 Christiani,
1767 2742 1851 2803 uti
1899 2742 2052 2805 infra

399 2824 651 2900 docebo,
707 2826 963 2893 maxime
1021 2828 1445 2909 abhorrebant,
1505 2832 1647 2893 satis
1704 2842 2048 2894 excusatum

398 2923 577 2995 atque
602 2933 634 2976 a
656 2932 810 2977 noxa
831 2918 1094 2980 immune
1117 2919 1491 2998 pronuntiet?
1525 2921 1844 2982 Enimvero
1876 2921 2051 3001 longe

401 3004 725 3085 aliter,qui,
759 3005 917 3087 quod
944 3009 1100 3086 apud
1125 3010 1365 3071 Petrum
1400 3008 1475 3069 de
1492 3008 1803 3073 Natalibus
1826 3011 1931 3073 lib.
1967 3028 2047 3084 ιι,

404 3114 535 3177 cap.
573 3096 689 3160 110
718 3103 927 3177 exstat,
956 3096 1156 3161 Sancti
1187 3099 1372 3161 nostri
1406 3100 1695 3181 elogium,
1719 3103 1841 3163 sive
1874 3102 1924 3163 is
1956 3103 2053 3162 iu-

404 3184 578 3248 terim
605 3186 862 3265 ipsemet
887 3183 1128 3267 Petrus,
1162 3187 1285 3250 sive
1311 3188 1465 3250 alius
1495 3189 1871 3270 quiscunque
1902 3189 2051 3251 scri-

402 3282 542 3355 ptor
595 3274 696 3350 sit,
731 3275 989 3353 primum
1022 3278 1347 3357 contexuit,
1381 3276 1757 3339 existimasse
1801 3277 2053 3340 videtur.

398 3362 636 3426 Etenim
668 3365 932 3443 suscepti
976 3382 1009 3425 a
1036 3366 1289 3427 Nestore
1319 3374 1523 3427 contra
1582 3365 1814 3445 Lyaeum
1849 3366 2055 3445 singu-

402 3452 550 3513 laris
575 3451 920 3513 certaminis
953 3470 1213 3529 causam,
1248 3473 1380 3534 quae
1412 3455 1658 3517 multum
1692 3474 1727 3517 a
1749 3456 1872 3535 jam
1902 3455 2058 3517 dicta

401 3539 623 3614 ditfert,
658 3539 892 3618 allegat.
927 3542 1047 3605 Res
1098 3542 1355 3622 elogium
1392 3543 1566 3619 illud,
1600 3544 1661 3605 in
1705 3564 1822 3624 quo
1854 3546 2056 3625 Lyazus

400 3646 644 3709 semper
668 3628 889 3692 Libeus
915 3632 1534 3714 vocatur,iuspicienti
1562 3642 1846 3713 patescet;
1871 3635 2055 3715 quod,

400 3719 540 3801 quia
563 3719 749 3782 hacin
765 3730 935 3801 parte
962 3723 1136 3802 plane
1157 3722 1457 3802 singulare
1486 3723 1817 3805 seduloque
1848 3725 2055 3786 discu-

400 3809 670 3872 tiendum
703 3817 813 3884 est,
840 3810 1132 3890 integrum
1169 3811 1574 3888 fere,omissis
1611 3814 2058 3891 duntaxat,qua3

399 3902 468 3961 ad
492 3902 946 3969 venerationem,
967 3921 997 3961 a
1022 3905 1256 3970 Leonio,
1287 3904 1497 3977 Illyrici
1525 3907 1815 3976 praefecto,
1847 3906 2057 3965 Sancto

404 3986 731 4049 exhibitam
766 3998 1056 4069 spectant,
1092 3990 1207 4052 huc
1263 3990 1621 4052 transcribo.
1651 3989 2058 4070 Sequentibus

405 4076 572 4139 hisce
601 4075 796 4139 verbis
819 4078 1152 4158 concipitur
1178 4098 1190 4142 :
1235 4078 1628 4158 «,Demetrius
1653 4091 1874 4161 martyr
1902 4079 2056 4159 apud

403 4164 892 4228 Thessalonicam
915 4167 1211 4230 civitatem
1237 4188 1441 4248 passus
1468 4178 1557 4232 est
1582 4168 2056 4231 sublilaximiano

2129 1952 2305 1995 causa
2333 1933 2546 2007 fuerat,
2576 1938 2759 2013 jussit
2794 1938 2854 1997 in
2906 1957 3151 2002 carcere
3180 1942 3395 2007 occidi.
3428 1946 3647 2008 Milites
3674 1966 3787 2010 au-

2130 2030 2246 2083 tem
2279 2022 2363 2117 ad
2385 2040 2687 2085 carcerem
2721 2035 3032 2117 venerunt,
3060 2038 3118 2091 et
3148 2031 3408 2109 gladium
3433 2034 3493 2098 in
3525 2036 3655 2114 ejus
3679 2056 3788 2117 pe-

2130 2121 2299 2174 ctore
2330 2112 2766 2177 demerseruut.
2806 2115 3026 2197 Sicque
3057 2137 3233 2181 orans
3262 2140 3398 2185 cum
3435 2112 3629 2202 palma
3663 2112 3782 2186 mi-

2130 2200 2320 2280 gravit
2365 2203 2438 2263 ad
2493 2202 2835 2281 Dominum,
2874 2206 3055 2286 Cujus
3096 2227 3311 2290 corpus
3363 2231 3397 2273 a
3432 2200 3785 2277 Christianis

2134 2290 2494 2380 occultatum
2543 2304 2631 2354 est
2660 2303 2904 2376 propter
2952 2297 3229 2360 timorem
3290 2319 3684 2380 paganorum,
3717 2304 3780 2368 in

2135 2398 2249 2459 quo
2299 2379 2430 2471 loco
2457 2380 2617 2445 Deus
2649 2383 2946 2448 mirabilia
2992 2379 3381 2471 operabatur,
3406 2391 3504 2453 ubi
3535 2402 3779 2456 conete-

2131 2485 2262 2529 rum
2287 2470 2670 2548 aegritudines
2698 2474 3082 2538 sanabautur.
3125 2501 3149 2536 ο

2212 2558 2312 2622 46.
2347 2558 2453 2650 Qui
2481 2562 2678 2641 itaque
2709 2564 2820 2627 hoc
2852 2566 3041 2628 sancti
3072 2567 3359 2632 Demetrii
3389 2570 3645 2650 elogium
3676 2591 3784 2635 seu

2133 2648 2495 2723 encomium,
2531 2670 2564 2712 a
2584 2650 3039 2733 Metaphrastiea
3071 2657 3202 2737 ejus
3230 2657 3365 2722 Vita
3392 2666 3451 2722 in
3482 2648 3786 2725 nonnullis

2135 2746 2422 2817 prieterea
2444 2739 2599 2831 aliis,
2635 2742 2733 2805 hic
2758 2751 2987 2818 tamen,
3010 2745 3168 2826 quod
3202 2748 3277 2810 ad
3310 2767 3580 2831 praesens
3608 2752 3784 2814 insti-

2136 2833 2325 2888 tutum
2349 2847 2469 2890 non
2494 2829 2856 2907 faciant,uou
2884 2829 3324 2919 examinandis,
3337 2840 3636 2920 adjunctis
3656 2842 3786 2904 dis-

2134 2934 2374 2989 sonans,
2401 2920 2724 2997 contexuit,
2755 2920 3064 2985 Nestorem
3087 2937 3295 2989 coutra
3316 2927 3702 3009 Lyaeummou
3726 2940 3789 2993 ut

2135 3005 2316 3095 hujus
2338 3008 2643 3071 audaciam
2663 3012 3078 3089 superbiamve
3099 3005 3533 3095 frangeret,sed
3572 3028 3636 3081 ut
3665 3029 3727 3082 et
3753 3038 3791 3082 a

2139 3094 2473 3175 periculoso
2498 3098 2670 3162 hoste
2700 3100 3088 3176 Christianos,
3120 3094 3367 3185 quorum
3387 3108 3512 3187 jam
3547 3109 3788 3188 multus,

2075 3238 2116 3286 Ο
2139 3186 2419 3286 singulari
2442 3192 2679 3286 ωιτη-εἶξε
2711 3192 3067 3263 imperatoris
3091 3196 3260 3266 jussu
3288 3186 3432 3256 inito
3450 3186 3790 3267 certamine,

2145 3272 2190 3330 is
2222 3269 2542 3346 occiderat,
2580 3273 2864 3349 liberaret
2890 3298 2904 3353 ;
2936 3286 2996 3340 et
3042 3298 3174 3341 cum
3201 3283 3411 3344 eodem
3442 3284 3793 3347 decertandi

2141 3360 2496 3423 necessitate
2546 3361 2913 3427 Demetrium
2967 3367 3281 3445 eximeret,
3317 3371 3604 3449 singulari
3654 3392 3795 3438 sese

2139 3449 2442 3510 certamini
2468 3452 2863 3532 commisisse,
2894 3456 3090 3518 verbis
3105 3458 3387 3533 recitatis,
3412 3461 3613 3524 uthtec
3634 3480 3790 3525 con-

2140 3535 2430 3627 sideranti
2450 3545 3050 3621 patescet,memuriae
3078 3547 3297 3626 prodit.
3331 3550 3553 3613 Verum
3587 3552 3661 3612 sit
3683 3551 3788 3627 ita,

2139 3626 2415 3706 equidem
2442 3647 2553 3692 nec
2572 3630 2660 3692 sic
2683 3634 2905 3695 Nestor
2922 3632 3151 3715 absque
3171 3655 3323 3700 noxa
3347 3639 3630 3719 singulari
3651 3626 3789 3702 sese

2140 3725 2345 3806 contra
2363 3716 2601 3798 Lyceum
2637 3723 2954 3784 certamini
2973 3726 3346 3789 committere
3379 3716 3656 3806 potuerit.
3681 3728 3789 3790 Et-

2137 3804 2298 3899 enim
2350 3816 2414 3868 ut
2445 3806 2811 3872 Christianus
2860 3815 3111 3895 quisque
3140 3815 3229 3877 vel
3281 3804 3465 3897 ipsos,
3498 3836 3532 3879 a
3574 3816 3792 3899 quibus

2141 3894 2281 3957 fidei
2304 3913 2482 3987 causa
2504 3900 2977 3977 persecutionem
3013 3894 3219 3965 tideles
3251 3894 3792 3987 patiuntur,t’yrau-

2141 4003 2250 4046 nos
2280 3985 2368 4046 vel
2404 3985 2613 4048 horum
2665 3988 2842 4051 etiam
2874 3990 3157 4055 duntaxat
3206 3995 3577 4059 crudelitatis
3608 3985 3795 4059 mini-

2141 4088 2291 4136 stros
2314 4079 2620 4147 interimat,
2659 4083 3078 4151 interimereve,
3114 4085 3197 4143 uti
3225 4088 3317 4144 hic
3339 4088 3575 4148 indubie
3591 4090 3800 4149 Nestor

2143 4161 2374 4235 fecerit,
2435 4163 2724 4239 intendat,
2758 4166 3063 4245 religionis
3111 4169 3460 4233 Christianae
3503 4172 3799 4236 sanctitati

407 4255 961 4335 imperatoreﬂica
992 4276 1099 4320 sua
1114 4260 1428 4338 juventute
1451 4258 1827 4321 Christianus
1853 4264 1911 4318 et
1940 4256 2061 4318 Deo
2143 4259 2453 4341 repugnat,
2484 4271 2595 4313 nec
2629 4253 3117 4337 quidquam,quo
3148 4257 3207 4319 id
3244 4277 3377 4322 cum
3406 4262 3539 4341 lege
3567 4260 3794 4339 divina,

400 4344 665 4407 serviens
724 4346 940 4409 nobilis
1000 4348 1114 4409 fuit
1178 4348 1319 4409 civis
1376 4347 1563 4427 ipsius
1621 4345 2050 4407 Thessalonica

2144 4339 2533 4402 homicidium
2561 4350 3099 4426 vetante,componi
3125 4355 3425 4431 utcunque
3453 4339 3650 4432 queat,
3684 4371 3795 4414 oc-

402 4432 656 4495 civitatis
709 4444 763 4498 et
824 4436 997 4497 miles
1046 4446 1307 4516 streuus,
1342 4436 1443 4516 qui
1500 4443 1700 4497 tamen
1756 4432 2058 4495 Christum
2143 4428 2581 4491 curritAdhtec
2608 4449 2743 4491 cum
2770 4432 3071 4512 equidem,
3100 4437 3267 4517 Lyaeo
3292 4428 3510 4514 occiso,
3541 4439 3795 4503 faculta-

399 4520 719 4584 Dominum
754 4524 1115 4604 praedicabat
1146 4537 1205 4588 et
1240 4525 1459 4586 multos
1488 4524 1559 4584 ad
1598 4523 1785 4616 tidem
1809 4540 2056 4616 co‘nver-
2078 4524 2232 4616 Dtes
2261 4517 2412 4616 aliae,
2450 4519 2665 4616 quibus
2694 4520 3060 4616 Christianos
3111 4528 3500 4616 excruciaret,
3535 4529 3796 4610 necique

405 4609 585 4674 tebat.
619 4610 931 4690 Ingressus
960 4623 1157 4676 autem
1192 4615 1518 4695 imperator
1538 4609 2050 4687 Thessalonicam,
2078 4604 2117 4616 ”
2140 4604 2316 4697 etiam
2345 4605 2512 4668 daret
2533 4608 3546 4697 imperator,defuturazneutiquam
3566 4604 3790 4695 esse-nt,

402 4699 654 4761 audiens
684 4701 759 4762 de
784 4705 1115 4778 Demetrio,
1150 4706 1342 4784 ipsum
1378 4700 1803 4783 comprehendi
1836 4700 1975 4763 fecit
1999 4708 2058 4762 et
2138 4696 2340 4756 Nestor
2362 4700 2632 4773 singulari
2654 4703 2881 4775 Lyaeum
2914 4708 3304 4777 aggredienda
3327 4696 3643 4768 certamine
3674 4726 3790 4769 non

403 4788 466 4851 in
497 4807 804 4853 carcerem
842 4791 1042 4856 mittit.

476 4880 563 4938 45.
596 4881 734 4939 Erat
762 4891 950 4941 autem
983 4900 1114 4943 cum
1149 4886 1494 4956 imperatore
1525 4885 1684 4956 gigas
1714 4882 2054 4939 fortissimus

407 4974 465 5027 et
488 4974 730 5045 aspectu
759 4968 1067 5045 terribilis,
1097 4971 1338 5031 nomine
1363 4969 1617 5048 Libaaus,
1648 4967 1744 5047 qui
1774 4966 1847 5025 de
1882 4984 2053 5025 man-

404 5059 536 5115 dato
560 5059 802 5131 Augusti
826 5075 958 5118 cum
984 5061 1326 5120 Christianis
1348 5064 1651 5129 dimicans,
1676 5074 1775 5117 eos
1804 5058 2055 5113 brachiis

404 5142 477 5204 ad
511 5161 580 5205 se
603 5146 1019 5225 constringens
1051 5148 1121 5209 ad
1159 5158 1374 5210 terram
1405 5145 1710 5224 allidebat,
1737 5142 2055 5222 statimque

403 5232 680 5312 spiritum
707 5236 1258 5301 exhalabaut.Multi
1283 5248 1456 5300 etiam
1482 5237 1579 5299 alii
1600 5236 1671 5297 ab
1696 5238 2054 5313 imperatore

402 5322 653 5384 diversis
669 5324 1468 5404 prenisaffligebanturCum
1488 5337 1686 5388 autem
1709 5321 2051 5387 Demetrius

399 5422 559 5473 esset
606 5413 666 5474 in
701 5431 941 5477 carcere
975 5417 1222 5497 positus,
1256 5417 1629 5498 scorpionem
1670 5416 1837 5493 juxta
1871 5410 2051 5491 pedes

399 5518 538 5563 suos
560 5503 748 5565 cauda
780 5522 913 5565 eum
944 5515 1255 5585 percutere
1285 5516 1647 5586 satagentem
1680 5502 1846 5601 vidit,
1873 5518 2049 5601 quem

399 5590 557 5653 edito
588 5593 786 5655 crucis
816 5595 1123 5673 signaculo
1156 5597 1354 5660 statim
1390 5596 1689 5658 exstinxit.
1722 5590 1829 5656 Cui
1863 5590 2050 5651 oranti

397 5679 711 5743 confestim
744 5684 989 5763 angelus
1017 5687 1310 5768 apparuit,
1336 5694 1518 5768 atque
1546 5685 1604 5746 iu
1637 5681 1871 5747 Christo
1901 5698 2047 5740 cou-

2140 4785 2480 4875 tamiuiquo
2506 4787 2676 4875 hoste
2707 4789 3073 4853 Christianos
3094 4792 3566 4875 liberare,quam
3593 4796 3669 4859 de
3703 4798 3791 4859 in-

2132 4873 2312 4953 juriis
2334 4873 2712 4956 damnisque,
2737 4878 2956 4958 quibus
2979 4880 3087 4941 hos
3113 4880 3212 4943 ille
3227 4873 3527 4964 affecerat,
3550 4902 3793 4947 sumere

2136 4963 2453 5026 vindictam
2476 4970 2842 5046 propositum
2877 4967 3157 5031 habuisse
3187 4963 3559 5035 debet.Nece
3589 4981 3787 5036 autem

2137 5053 2470 5132 cujuspiam
2528 5072 2647 5116 non
2697 5067 2811 5116 tam
2864 5055 3286 5119 liberationem
3319 5078 3353 5121 a
3404 5061 3579 5131 malo,
3612 5080 3789 5141 quam

2142 5145 2450 5202 vindictam
2485 5149 2786 5205 intendere
2818 5148 2929 5219 legi
2963 5149 3170 5206 divina:
3201 5166 3365 5222 aeque
3396 5168 3463 5211 ac
3492 5152 3793 5225 religionis

2138 5230 2492 5292 Christianae
2524 5231 2817 5292 sanctitati
2870 5232 3207 5311 adversum,
3241 5254 3416 5297 nemo
3439 5236 3645 5316 utique
3697 5247 3795 5299 eat

2136 5320 2389 5383 inficias.
2424 5324 2565 5395 Quae
2589 5338 2686 5382 res
2713 5339 2848 5381 cum
2883 5321 2964 5383 ita
2990 5321 3225 5401 habeat,
3265 5326 3597 5401 enimvero,
3631 5326 3791 5406 quod

2138 5409 2421 5487 singulari
2435 5416 2643 5470 contra
2666 5410 2895 5487 Lyaeum
2921 5411 3087 5472 initio
3101 5414 3429 5475 certamine
3446 5416 3668 5477 Nestor
3689 5434 3792 5495 pa-

2138 5499 2335 5576 travit,
2369 5496 2620 5577 facinus,
2657 5497 2811 5559 haud
2870 5508 3030 5561 recte
3082 5501 3237 5564 velut
3289 5511 3557 5563 sanctum
3608 5511 3789 5584 atque

2135 5586 2208 5648 ab
2234 5588 2362 5666 ipso
2388 5585 2690 5647 Demetrio
2722 5586 3137 5667 approbatum,
3163 5596 3222 5651 in
3254 5590 3431 5671 hujus
3453 5599 3573 5652 tum
3599 5609 3786 5653 enco-

2135 5676 2256 5737 mio
2280 5674 2548 5755 proxime
2569 5674 2729 5755 dato,
2752 5689 2873 5737 tum
2898 5674 3050 5739 Vitis
3080 5696 3186 5741 seu
3210 5678 3590 5743 Passiouibus
3622 5680 3791 5743 binis
