4100 6458
363 375 518 446 1109

1485 391 1546 454 S.
1585 391 1967 456 DEMETRII
2011 396 2410 461 MARTYRIS
2453 401 2649 466 ACTA

3585 409 3742 477 1110

353 518 666 600 praesentis
697 519 726 600 §
765 519 933 618 initio
964 520 1216 618 laudatis
1271 525 1643 618 proponitur.
1682 527 1745 588 Id
1776 530 1999 598 autem,
2025 533 2061 581 Α
2090 527 2335 618 pellant,
2373 532 2738 611 perhibetur,
2779 536 3072 614 promissa
3101 535 3528 618 gladiatoribus
3554 540 3739 604 victo-

350 627 530 689 quam
563 626 770 670 verum
795 611 970 681 sit,ex
999 611 1092 682 iis,
1115 631 1246 692 qute
1270 615 1346 674 de
1372 614 1844 677 Christianorum
1881 618 2002 678 De-

356 699 554 760 metrii
582 709 756 761 aetate
781 700 1182 782 moribusjam
1209 722 1365 763 nunc
1383 703 1866 787 dicam,amplius
1890 704 2002 765 ad-

352 789 470 849 huc
499 796 782 866 patescet.

433 875 910 941 47.Christianos
929 889 1050 942 tres
1078 881 1421 946 Palaestinos
1441 885 2004 965 Diocletianzea,qua

346 971 521 1028 etiam
544 986 612 1027 ex
636 972 894 1028 dicendis
919 973 1245 1032 Demetrius
1278 979 1570 1043 occubuit,
1601 977 2004 1048 persecutione

349 1051 740 1124 sa:viente,ad
776 1053 1068 1132 pugilatus
1099 1059 1450 1132 certamina,
1488 1077 1616 1132 seu,
1640 1069 1702 1120 ut
1727 1077 1860 1120 sese
1892 1058 2002 1118 arti

339 1141 706 1217 gladiatoria;
728 1143 1184 1219 addicerent,ab
1216 1145 1483 1220 Urbano,
1522 1148 1852 1209 saevissimo
1883 1148 2000 1208 Pa-

346 1228 592 1291 laestina:
616 1231 1084 1311 prteside,fuisse
1111 1235 1565 1311 condemnatos,
1601 1236 1894 1298 Eusebius
1925 1238 2000 1300 de

349 1319 706 1382 Palaestinae
733 1322 1110 1401 martyribus
1132 1325 1414 1385 editionis
1440 1324 1773 1387 Valesianze
1803 1345 1935 1405 cap.
1961 1330 1998 1384 7

352 1420 574 1470 narrat.
611 1411 889 1490 Sequenti
924 1421 1120 1473 autem
1164 1414 1377 1494 capite,
1415 1415 1488 1476 de
1518 1414 1746 1492 aliquot
1778 1414 1998 1477 Christi

352 1497 820 1578 confessoribus,
857 1501 1050 1561 varios
1106 1512 1239 1581 post
1299 1506 1598 1565 cruciatus
1650 1503 1720 1564 ad
1759 1505 1997 1568 metalla

353 1586 672 1660 damnatis,
709 1587 1121 1670 locutus,quid
1154 1591 1339 1653 iidem
1377 1600 1501 1654 tres
1533 1592 1852 1654 Christiani
1883 1593 1996 1654 Pa-

350 1675 588 1750 lzestini,
627 1677 742 1738 lata
764 1678 863 1738 illa
897 1677 955 1738 in
985 1698 1049 1740 se
1080 1679 1153 1740 ab
1184 1679 1428 1742 Urbano
1463 1681 1716 1761 praeside
1747 1689 1996 1743 senten-

351 1765 458 1836 tia,
487 1766 717 1844 egerint
743 1767 1004 1846 exponit.
1051 1794 1074 1824 (ι
1110 1767 1232 1830 Nec
1257 1789 1423 1844 vero,
1458 1773 1671 1852 inquit,
1701 1771 1807 1832 hos
1839 1772 1999 1832 solos

2086 617 2264 678 riosis
2299 623 2562 698 przemia,
2597 629 2960 704 imperatore
2993 617 3164 704 irato,
3199 647 3318 689 non
3344 630 3622 694 retulisse
3650 632 3741 692 vi-

2087 715 2339 780 tamque,
2377 728 2504 768 cum
2532 714 2726 770 militia
2753 716 3252 790 sclutusurbequc
3277 721 3738 793 fuissetejectus,

2087 795 2498 889 copfessorum
2527 802 2951 889 more,uti,qui
2970 821 3150 882 supra
3178 804 3292 866 huc
3317 807 3737 889 transcriptum

2089 901 2120 942 e
2145 881 2314 944 Petro
2339 885 2411 944 de
2434 887 2746 948 Natalibus
2774 881 3116 952 encomiuim
3143 881 3741 970 contexuit,sen'sisse

2087 972 2336 1043 videtur,
2377 975 2433 1034 in
2487 995 2629 1052 pace
2685 979 3062 1040 trrminasse.
3116 983 3194 1043 At
3253 1000 3414 1060 vero,
3477 984 3735 1065 inquies,

2087 1063 2275 1123 braeci
2331 1065 2642 1126 Nestorem
2705 1069 3176 1146 μεγαλομάρτυρος
3237 1071 3450 1146 titulo,
3505 1063 3736 1152 elogio-

2086 1167 2223 1228 que,
2253 1152 2310 1210 in
2345 1171 2458 1230 quo
2489 1155 2746 1234 Lyceum,
2783 1155 3071 1234 sinculari
3115 1161 3444 1221 certamine
3478 1178 3738 1241 snpera-

2085 1247 2231 1308 tum,
2287 1241 2582 1302 occidisse
2636 1253 2934 1319 narratur,
2991 1246 3479 1319 condecoratum,
3532 1249 3607 1310 ad
3658 1250 3733 1312 27

2081 1325 2380 1402 Octobris,
2416 1330 2600 1410 diem,
2636 1332 2936 1413 praecipuo
2994 1354 3102 1396 suo
3157 1335 3378 1411 officio,
3433 1337 3521 1400 illi
3557 1339 3734 1400 etiam

2082 1424 2221 1477 tunc
2257 1430 2624 1490 consecrato,
2658 1421 2986 1498 celebrant,
3009 1424 3410 1506 eumdemque
3439 1427 3734 1488 Baronius

2081 1506 2151 1566 ad
2180 1507 2335 1570 hunc
2363 1509 2522 1570 diem
2553 1510 2588 1572 8
2611 1510 2909 1587 Octobris,
2929 1512 3257 1594 quod,quae
3280 1515 3354 1575 de
3375 1533 3446 1577 eo
3480 1533 3734 1577 narran-

2083 1602 2200 1685 t_ur,
2265 1598 2454 1657 sancti
2515 1599 2826 1674 Demetrii,
2866 1610 3008 1662 tunc
3063 1620 3096 1662 a
3153 1602 3380 1665 Latinis
3429 1603 3733 1685 celebrati,

2080 1683 2346 1746 Passioni
2380 1703 2485 1748 seu
2519 1688 2706 1762 Actis,
2745 1689 3220 1769 Metaphrasticis
3248 1692 3563 1770 nimirum,
3617 1683 3739 1755 sint

2083 1773 2324 1848 intexta,
2378 1776 2437 1836 in
2491 1775 2965 1856 Martyrologium
3003 1781 3336 1841 Romanum
3387 1781 3610 1862 intulit,
3673 1782 3736 1843 in

353 1866 740 1950 (confessorcs
762 1865 978 1950 scilicet
1005 1867 1213 1924 ibidem
1238 1878 1368 1950 ante
1398 1873 1766 1937 memoratos)
1790 1870 1996 1940 hujus-
2023 1891 2060 1941 Β
2085 1864 2163 1923 Ad
2177 1865 2597 1943 notationibus,
2636 1866 2852 1945 quibus
2881 1867 2993 1927 hoc
3024 1867 3364 1950 illustravit,
3389 1868 3730 1932 Graecorum

357 1946 828 2025 modisupplicia
853 1967 1172 2028 perpessos
1194 1949 1466 2030 vidimus;
1493 1955 1697 2010 verum
1725 1950 1902 2010 etiam
1929 1969 2000 2011 ex
2086 1954 2448 2033 Monologio,
2484 1952 2803 2017 Sirletiano
2839 1955 3136 2035 videlicet,
3200 1977 3316 2019 una
3348 1946 3500 2020 'cum
3549 1961 3734 2022 Nice-

353 2035 691 2096 Palzestinis
720 2037 876 2116 illos,
902 2057 1052 2117 quos
1081 2039 1154 2099 ad
1191 2039 1485 2118 pugilatus
1513 2039 1841 2100 certamina
1862 2059 2004 2100 con-
2086 2044 2272 2121 phoro
2307 2043 2546 2105 Callisto
2581 2043 2874 2124 dictisque
2907 2046 3093 2108 sancti
3144 2046 3430 2109 Demetrii
3479 2049 3640 2111 Actis
3673 2049 3733 2110 in

351 2127 668 2186 demnatos
700 2125 875 2205 paulo
908 2137 1044 2188 ante
1096 2129 1432 2201 retulimus,
1474 2147 1543 2190 eo
1578 2131 1736 2209 quod
1770 2129 2002 2191 scilicet
2083 2151 2208 2192 rem
2245 2151 2409 2192 suam
2446 2133 2704 2196 laudato.

352 2235 469 2276 nec
500 2234 796 2276 annonam
829 2237 898 2278 ex
950 2216 1244 2298 principis
1298 2219 1506 2280 aerario
1554 2221 1850 2298 accipere,
1889 2237 2001 2281 nec
2162 2222 2264 2284 49.
2303 2227 2534 2297 Fateor,
2574 2223 2659 2284 sic
2713 2223 2911 2298 habet,
2973 2225 3292 2305 pluresque
3322 2225 3522 2299 etiam,
3557 2245 3732 2306 quam

352 2326 629 2371 consueto
651 2315 942 2384 pugilibus
967 2329 1124 2372 more
1141 2317 1490 2388 quotidianis
1521 2317 1806 2386 proludiis
1829 2333 2002 2374 exer-
2077 2312 2194 2384 jam
2227 2315 2501 2371 nominati
2535 2318 2672 2383 sint,
2702 2317 2854 2374 Fasti
2885 2316 3212 2374 Grmcorum
3240 2317 3391 2374 sacri
3437 2317 3733 2376 Nestorem

353 2398 477 2458 ceri
513 2395 1094 2467 sustinerent.Quam
1121 2399 1196 2457 ob
1229 2415 1470 2458 causam
1505 2417 1622 2458 non
1646 2398 1839 2458 solum
1866 2418 2000 2479 pro-
2083 2399 2156 2458 ad
2177 2398 2254 2458 29
2277 2398 2549 2461 Octobris
2572 2403 2729 2464 diem
2756 2403 2981 2464 sanctis
3000 2401 3575 2464 accensent.Verum
3595 2403 3733 2483 quid

358 2484 755 2557 curatoribus,
798 2487 902 2546 sed
935 2485 1048 2564 ipsi
1082 2487 1258 2547 etiam
1291 2486 1607 2548 Maximino
1634 2485 1999 2567 (imperatori
2087 2496 2208 2547 tum
2235 2487 2260 2549 ?
2291 2488 2360 2548 lli
2394 2508 2624 2563 omnes,
2653 2493 2737 2551 uti
2771 2491 3016 2552 eruditis
3064 2493 3242 2552 modo
3273 2492 3492 2571 passim
3526 2503 3732 2554 notum

354 2575 735 2650 nimirum,in
757 2575 923 2656 Syria
947 2587 1001 2636 et
1028 2577 1344 2639 Palaestina
1369 2587 1507 2639 tunc
1531 2577 1880 2650 dominanti)
1902 2597 2000 2640 ex-
2087 2585 2196 2651 est,
2234 2578 2494 2639 subinde
2526 2582 2702 2640 etiam
2740 2599 2844 2658 pro
2902 2581 3126 2642 sanctis
3179 2581 3400 2642 habent
3430 2581 3731 2660 indignos.

259 2669 264 2672 ’
349 2664 552 2739 hibiti,
577 2684 712 2725 cum
747 2664 1024 2726 invictam
1075 2667 1132 2726 in
1187 2666 1410 2728 Christi
1434 2667 1816 2728 confessione
1849 2686 1996 2728 con-
2085 2665 2250 2738 Quod
2269 2675 2462 2727 autem
2489 2669 2561 2729 ad
2584 2669 2989 2749 Nicephorum
3027 2669 3362 2750 Callismm,
3395 2671 3497 2751 qui
3524 2669 3733 2733 eadem

345 2755 624 2816 stantiam
650 2753 1997 2837 famisetﬂagrorumtolerantiadeclarassent,
2083 2755 2207 2815 fere
2237 2755 2311 2816 de
2345 2754 2616 2827 Nestore,
2674 2777 2804 2838 quae
2851 2777 2885 2818 a
2937 2759 3336 2840 Metaphraste
3393 2767 3729 2835 narrantur,

347 2843 565 2906 eadem
597 2862 732 2903 cum
769 2842 991 2924 illis,de
1014 2845 1235 2924 quibus
1266 2845 1992 2923 diximus,pertulerunt.»
2082 2844 2376 2906 Historia:
2394 2845 2820 2908 ecclesiasticae
2849 2865 2882 2907 a
2912 2865 2978 2908 se
3005 2857 3296 2909 contextae
3326 2847 3430 2910 lib.
3465 2864 3566 2927 vn,
3598 2867 3728 2927 cap.

346 2931 498 2994 Cum
534 2951 698 3011 ergo,
731 2933 812 2993 uti
857 2952 925 2994 ex
951 2933 1117 2994 hisce
1138 2932 1377 2994 Eusebii
1403 2933 1993 3011 verbisintelligitur,
2081 2935 2159 2993 15
2189 2942 2486 3003 recenset,
2550 2935 3015 3015 Baroniumque,
3078 2936 3204 3016 qui,
3261 2936 3498 2997 laudato
3531 2954 3636 3015 pro
3665 2955 3733 2998 se

347 3030 477 3084 tres
509 3021 595 3083 illi
625 3021 948 3084 Christiani
1001 3023 1294 3085 Palaestini
1353 3023 1428 3084 ab
1458 3032 1586 3085 arte
1619 3023 1992 3101 gladiatoria,
2081 3023 2445 3101 Nicephoro,
2481 3022 2891 3104 Martyrologio
2918 3023 3184 3084 Romano
3217 3027 3530 3087 Nestorem
3563 3025 3730 3085 inse—

347 3122 451 3174 aut
481 3112 530 3172 si
568 3112 772 3190 mavis,
804 3111 1208 3190 singularibus
1241 3113 1536 3193 pugilatus
1567 3111 1995 3174 certaminibus
2080 3111 2344 3189 ruit,jam
2373 3121 2620 3190 spectat,
2650 3113 2904 3172 duorum
2940 3113 3150 3173 horum
3176 3119 3532 3193 scriptorum
3568 3113 3732 3192 prior

345 3210 658 3281 tantopere
682 3201 1132 3276 abhorrucrint,
1161 3209 1224 3263 ut
1252 3202 1492 3274 famem,
1523 3201 1728 3280 ﬂagra,
1762 3201 1994 3283 aliaque
2015 3239 2054 3290 α
2081 3218 2185 3260 seu
2211 3201 2583 3290 Nicephorus
2608 3209 2949 3262 commenta
2969 3220 3084 3261 non
3104 3219 3237 3262 raro
3253 3201 3508 3281 ﬁdeique
3526 3201 3729 3262 admo-

344 3312 604 3356 extrema
627 3301 906 3368 supplicia
931 3299 1373 3372 sufferre,quam
1410 3300 1492 3356 vel
1516 3299 1654 3357 solis
1687 3302 1826 3356 artis
1852 3301 1995 3359 adeo
2033 3289 2036 3290 ⁷
2082 3289 2221 3348 dum
2255 3289 2532 3350 SUblBSlfB
2568 3291 2936 3351 narrationes
2967 3291 3282 3371 adoptasse
3331 3308 3620 3371 suamque
3665 3291 3728 3352 in

344 3381 715 3443 detestandae
739 3379 1029 3459 proludiis
1066 3399 1198 3441 sese
1223 3379 1446 3442 dedere
1483 3400 1857 3443 annonamve
1877 3382 1997 3460 gla-
2082 3377 2401 3440 Historiam
2439 3379 2882 3458 transcripsisse
2916 3381 3204 3442 noscitur.
3255 3380 3560 3444 Posterior
3588 3403 3726 3446 vero

343 3469 679 3531 diatoribus
734 3477 1008 3529 statutam
1068 3469 1383 3549 recipere,
1441 3469 1778 3543 maluerint,
1836 3471 1994 3546 quis,
2082 3485 2186 3527 seu
2219 3467 2508 3528 Baronius
2541 3488 2657 3529 non
2714 3477 2861 3548 tam,
2909 3481 3282 3550 quantopere
3313 3470 3455 3545 sint,
3489 3491 3623 3552 quae
3651 3473 3727 3535 de

344 3577 572 3640 quaeso,
605 3557 928 3630 credat,vel
965 3557 1164 3636 plures
1209 3557 1650 3618 Thessalonicae
1698 3559 1989 3620 Christia-
2080 3555 2330 3617 Nestore
2355 3556 2802 3638 approbatoque
2842 3558 3022 3637 hujus
3047 3577 3153 3639 per
3178 3560 3546 3622 Demetrium
3573 3562 3727 3624 facto

344 3668 479 3714 nos.
519 3648 600 3706 uti
633 3646 890 3706 encomii
929 3645 1197 3724 proxime
1222 3645 1336 3706 huc
1362 3645 1700 3724 transcripti
1733 3648 1992 3708 narratio
2077 3663 2109 3704 a
2131 3647 2530 3724 Metaphraste
2551 3647 3036 3727 narrantur,fidei
3058 3647 3411 3710 Christianas
3434 3653 3726 3712 sanctitati

341 3737 547 3814 exigit,
577 3735 863 3814 singulari
895 3734 1224 3795 certamine
1259 3753 1395 3795 cum
1432 3734 1596 3814 Lyaeo
1629 3734 1807 3794 fuisse
1841 3753 1991 3795 con-
2077 3735 2370 3812 opposita,
2400 3735 3022 3815 considerasse,quam
3046 3737 3366 3816 Monologii
3395 3739 3725 3822 Sirletiani,

342 3825 707 3906 gressos,vel
733 3824 888 3903 quod
912 3832 1117 3884 contra
1138 3825 1298 3884 hunc
1323 3825 1540 3884 Nestor
1562 3822 1829 3897 inierit,a
1847 3843 1989 3884 san-
2075 3839 2108 3881 e
2133 3841 2248 3900 quo
2273 3828 2507 3882 sanctos
2525 3841 2642 3884 non
2669 3841 2888 3901 paucos
2913 3823 2973 3883 in
3001 3824 3484 3905 Martyrologium
3511 3826 3727 3890 Roma-

340 3925 438 3978 cto
470 3913 889 3985 Demetrio,uti
922 3922 977 3974 et
1009 3919 1066 3972 in
1099 3913 1310 3974 eodem
1348 3913 1623 3973 encomio
1652 3923 1710 3972 et
1741 3911 1801 3972 in
1833 3913 1988 3974 dua-
2075 3928 2217 3970 num
2253 3910 2472 3984 intulit,
2507 3929 2612 3974 seu
2665 3912 2841 3973 fidem
2903 3930 3014 3973 seu
3063 3914 3500 3989 auctoritatem,
3537 3915 3725 3994 pluris

343 4007 460 4068 bus
489 4006 690 4067 Sancti
723 4001 874 4064 Vitis
907 4020 1010 4063 seu
1047 4000 1456 4081 Passionibus,
1484 4001 1755 4082 proxime
1787 4001 1990 4063 lauda-
2075 4005 2250 4060 etiam
2338 4018 2516 4075 quam
2579 4017 2683 4078 par
2739 4000 2836 4079 sit,
2897 3999 2971 4061 ab
3018 4019 3088 4062 eo
3148 4001 3359 4062 factam
3421 4011 3724 4082 spectasse

339 4094 442 4169 tis,
478 4092 800 4161 indicatur,
839 4091 1022 4153 fuisse
1054 4091 1411 4171 probatum?
2071 4087 2506 4161 videtur.Quod
2536 4089 2585 4148 si
2610 4089 2734 4149 hac
2758 4088 3130 4168 displiceant,
3153 4090 3434 4171 quidnam
3456 4093 3718 4168 tandem,

421 4183 522 4245 48.
548 4180 610 4242 Id
644 4181 922 4260 equidem
957 4180 1102 4240 mihi
1137 4188 1256 4240 tum
1291 4180 1472 4253 hisce,
1514 4187 1633 4240 tum
1669 4179 1821 4257 aliis,
1861 4199 1992 4260 quae
2073 4196 2188 4257 quo
2219 4177 2542 4238 Baronium
2578 4178 2957 4258 Grzecosque,
2990 4179 3091 4258 qui
3125 4197 3230 4258 pro
3262 4188 3467 4242 sancto
3500 4182 3719 4244 Nesto-

336 4290 522 4351 supra
579 4271 639 4332 in
700 4269 964 4330 medium
1017 4268 1257 4341 adduxi,
1313 4269 1611 4348 expensis,
1650 4269 1988 4330 verosimile
2074 4285 2200 4327 rem
2253 4266 2474 4339 colunt,
2533 4266 2815 4328 adversus
2863 4269 3143 4344 Decalogi
3194 4269 3584 4331 homicidium
3619 4291 3722 4334 ve-

338 4362 683 4440 neutiquam
737 4366 1004 4438 apparet,
1070 4376 1262 4437 eaque
1296 4358 1546 4437 proinde
1583 4357 1808 4432 omnia,
1859 4377 1991 4437 quae
2074 4356 2251 4417 tantis
2285 4355 2694 4418 auctoritatem
2733 4355 3353 4438 Christianorumque,
3389 4359 3489 4438 qui
3525 4361 3719 4422 sancti

336 4449 733 4530 suppeditata:
755 4467 786 4507 a
817 4446 1027 4509 l’hotio
1047 4447 1482 4522 Anastasioque
1523 4445 1987 4508 Bibliothecario
2072 4443 2365 4506 Demetrii
2388 4453 2557 4506 aetate
2576 4445 2838 4526 fuerunt,
2866 4463 2899 4506 a
2923 4445 3271 4523 gladiatoria
3301 4453 3427 4507 arte
3449 4446 3717 4525 singula-

338 4539 416 4601 de
448 4538 698 4600 Nestore
727 4535 1065 4597 Narrationi
1099 4535 1157 4595 in
1191 4535 1648 4616 Metaphrastica
1701 4537 1982 4597 Demetrii
2007 4534 2523 4637 Dribusqqe,qum
2543 4535 2718 4614 hujus
2741 4535 3022 4637 exercitia
3040 4553 3107 4596 ac
3129 4534 3714 4637 ludiquqdammodo

339 4630 493 4709 Vita,
551 4628 785 4706 aliaque
845 4625 1146 4704 anonymi,
1209 4643 1240 4684 e
1297 4644 1412 4704 qua
1445 4628 1568 4685 hazc
1602 4623 2260 4704 promanasse'erant,
2301 4623 2608 4684 horrorem
2645 4625 2892 4699 tuearis,
2929 4625 2987 4685 in
3022 4624 3285 4686 medium
3317 4624 3583 4686 adduces
3607 4631 3636 4688 ?

335 4720 594 4794 videtur,
630 4713 1136 4795 superadduntur,
1173 4733 1277 4793 pro
1310 4715 1634 4792 figmentis,
1672 4722 1802 4774 utut
1833 4714 1984 4775 forte

337 4809 534 4878 citius,
571 4823 748 4886 quam
778 4803 994 4865 szeculo
1029 4821 1185 4864 nono
1220 4802 1335 4882 (adi
1373 4821 1535 4864 num.
1562 4803 1668 4880 43)
1700 4803 1979 4878 inventis,

335 4916 476 4958 cum
507 4893 911 4972 Tillemontio,
948 4892 1033 4952 uti
1085 4892 1208 4970 jam
1249 4908 1429 4970 supra
1461 4891 1653 4964 innui,
1709 4891 1980 4951 habenda

337 5004 496 5048 reor.
532 4987 725 5064 Atque
748 4983 887 5044 hinc
909 4982 1084 5042 etiam
1114 4999 1220 5040 nec
1243 4980 1432 5052 illum,
1470 4982 1570 5059 qui
1606 4980 1864 5059 Lywum,
1899 4979 1984 5040 uti

334 5075 401 5136 in
433 5073 714 5135 omnibus
747 5090 990 5152 prorsus
1021 5067 1311 5132 Demetrii
1342 5067 1491 5130 Vitis
1539 5087 1646 5129 seu
1682 5071 1983 5128 Passioni-

337 5164 454 5224 bus
486 5163 756 5235 traditur,
789 5160 1072 5236 singulari
1105 5161 1430 5220 certamine
1481 5157 1722 5232 occidit,
1767 5155 1980 5218 Nesto-

335 5271 464 5315 rem
499 5269 818 5314 accensere
842 5249 1070 5311 Sanctis
1110 5249 1324 5327 ausim,
1359 5247 1483 5307 sive
1515 5247 1754 5308 interim
1796 5247 1978 5319 hunc,

336 5362 472 5403 cum
502 5342 731 5421 Lymum
766 5338 1186 5410 interfecisset,
1224 5337 1599 5416 imperatoris
1642 5335 1846 5415 jussu,
1902 5335 1982 5396 uti

336 5431 826 5510 aMetaphrastc,
885 5445 1295 5507 anonymoque
1355 5425 1455 5505 qui
1515 5426 1654 5486 huic
1716 5423 1984 5502 praeluxit

337 5520 789 5599 asseritur,neci
811 5517 1010 5578 datum
1037 5516 1243 5589 fuisse,
1280 5523 1715 5596 martyremque
1735 5511 1978 5588 obiisse,

339 5608 508 5683 velis,
541 5607 663 5667 sive
712 5606 1016 5679 duntaxat,
1069 5605 1214 5665 utia
1268 5605 1473 5666 Photio
1526 5612 1583 5664 et
1639 5604 1977 5678 Anastasio,

338 5703 440 5782 qui
463 5716 536 5760 ne
565 5697 806 5777 quidem
836 5695 1147 5758 Nestorem
1182 5693 1585 5757 Christianum
1621 5692 1844 5774 uspiam
1870 5711 1980 5773 ap-

2150 4712 2243 4774 50.
2309 4712 2399 4772 An
2461 4712 2613 4774 forte
2663 4714 2736 4774 ad
2793 4713 3150 4792 singularem
3216 4711 3470 4793 Spiritus
3526 4714 3717 4776 sancti

2068 4800 2408 4861 instinctum
2433 4820 3076 4883 recurres,eoque,quo
3101 4802 3240 4864 olim
3268 4803 3469 4882 plures
3494 4812 3716 4866 sanctae

2066 4889 2323 4968 virgines
2352 4890 2620 4970 impulsa:
2673 4910 2884 4953 necem
2931 4892 3320 4972 sibimetipsis
3354 4893 3717 4956 conscivisse

2067 4979 2365 5058 leguntur,
2402 4981 2715 5042 Nestorem
2749 4999 2816 5043 ac
2847 4981 3214 5044 Demetrium
3244 4979 3467 5059 pariter
3499 4980 3716 5061 impul-

2067 5085 2188 5139 sos,
2221 5067 2473 5127 alterum
2503 5069 2744 5147 quidem
2801 5068 3088 5147 singulari
3139 5069 3469 5130 certamine
3499 5088 3712 5132 necem

2067 5155 2341 5216 intulisse
2374 5155 2562 5233 Lyaeo,
2596 5157 2845 5218 alterum
2891 5158 3110 5218 factum
3164 5157 3318 5217 istud
3351 5159 3713 5238 approbasse

2068 5244 2483 5307 asseverabis?
2510 5246 2756 5325 Verum,
2783 5253 2911 5306 utut
2934 5245 3220 5325 singulari
3245 5245 3347 5307 Dei
3374 5247 3709 5323 instinctui,

2067 5333 2223 5414 quod
2247 5347 2444 5394 tamen
2469 5335 2662 5395 vocari
2691 5335 2750 5396 in
2774 5335 3018 5396 dubium
3048 5354 3223 5416 posse
3248 5336 3707 5417 videtur,locum

2065 5424 2162 5484 hic
2188 5441 2318 5483 esse
2352 5425 2615 5500 potuisse
2643 5430 2822 5503 gratis
2876 5425 3051 5485 etiam
3103 5424 3471 5499 dederimus,
3509 5443 3584 5486 ne
3617 5434 3708 5486 ta-

2067 5531 2204 5572 men
2256 5511 2450 5587 facile,
2485 5531 2626 5593 quze
2690 5523 2896 5575 contra
2930 5515 3033 5578 Dei
3071 5513 3262 5592 legem
3293 5525 3426 5574 sunt
3458 5522 3705 5593 patrata,

2063 5602 2289 5681 absque
2328 5599 2546 5663 delicto
2609 5610 2834 5682 patrata
2889 5602 3273 5664 admittantur
3307 5621 3538 5682 aequum
3574 5620 3706 5664 esse

2065 5691 2320 5766 videtur,
2355 5699 2416 5752 ut
2447 5690 2534 5753 vel
2569 5709 2664 5772 eo,
2697 5691 2784 5754 vel
2818 5699 2993 5754 etiam
3017 5690 3092 5753 ob
3117 5689 3364 5752 rationis
3387 5690 3704 5774 paritatem
