4100 6414
312 342 495 408 uts-
1406 346 1466 408 s.
1514 314 1890 410 DENETRII
1933 347 1961 408 ι

2050 346 2338 411 RTYRIS
2382 348 2604 411 ACTA.
3539 343 3693 408 1114

309 496 449 539 cum
476 476 728 540 Sanctus
750 478 805 540 ei
830 478 903 540 ad
922 478 1178 541 stadium
1202 479 1543 560 properanti
1576 479 1955 554 occurrisset,
1980 483 2018 532 Α
2043 496 2175 553 quae
2207 498 2323 541 non
2377 486 2535 553 sunt,
2569 477 2732 560 quasi
2765 477 2906 552 sint,
2942 476 3303 558 iterumque,
3338 493 3471 556 quae
3528 482 3687 550 sunt,

304 567 494 628 hastis
528 586 597 629 eo
630 587 747 649 quo
779 568 1248 630 concludebatur
1277 568 1407 631 loco
1430 568 1897 648 jubetinterlici.
1929 594 1951 626 ι)
2044 574 2208 647 quasi
2272 588 2389 630 non
2442 568 2583 642 sint,
2621 575 2954 629 monstrare
3005 575 3335 636 ostentans,
3372 571 3692 645 martyrem

391 659 489 719 54.
528 657 681 720 Huic
710 656 1014 720 Photianaa
1042 657 1193 719 Vitae
1226 658 1548 719 narrationi
1581 659 1721 720 satis
1752 678 1957 722 conso-
2045 656 2295 738 rogavit,
2321 657 2423 738 qui
2455 656 2527 718 de
2557 656 2679 718 Deo
2713 658 2986 725 sentiret,
3023 674 3279 735 cumque
3312 655 3410 716 hic
3440 671 3695 735 respon-

305 755 431 818 nat,
459 766 631 827 quam
662 746 1048 809 Anastasiana
1071 748 1430 827 suppeditat,
1468 767 1575 809 nec
1599 749 1848 809 multum
1887 747 1960 810 ab
2045 744 2249 821 disset,
2286 764 2419 807 sese
2465 766 2646 806 unum
2681 745 2867 808 Deum
2922 746 3249 807 iucreatum
3284 763 3351 806 ac
3380 753 3692 817 aeternum,

303 855 399 911 ea,
435 836 485 898 si
516 846 751 898 narrata
785 836 858 896 de
890 835 1139 898 Nestore
1164 856 1339 917 supra
1372 837 1635 899 discussa
1669 838 1954 918 excipias,
2042 856 2241 899 rerum
2279 838 2546 900 omnium
2591 837 2909 900 visibilium
2945 856 3011 899 ac
3058 835 3445 897 invisibilium
3506 834 3691 896 facto-

296 924 535 987 abludit
577 925 1026 1005 Metaphrastica
1058 924 1256 989 Sancti
1289 925 1440 993 Vita.
1476 928 1779 1007 alteraque
1810 947 1960 988 ano-
2041 945 2193 1003 rem,
2229 926 2483 1008 ideoque
2537 936 2593 989 et
2625 928 2940 991 Dominum
2985 933 3045 989 et
3077 924 3438 1006 provisorem
3497 923 3688 986 conﬂ-

303 1014 500 1096 nymi,
539 1033 691 1096 quae,
726 1025 793 1075 ut
849 1034 1033 1097 supra
1074 1016 1275 1091 docui,
1310 1035 1380 1078 ex
1412 1016 1520 1079 hac
1579 1035 1960 1096 promanasse
2043 1016 2176 1078 teri.
2214 1016 2286 1080 Et
2316 1036 2452 1097 ego,
2480 1016 2625 1078 dixit
2687 1016 2985 1092 ethnicus,
3019 1017 3096 1077 ita
3128 1013 3364 1089 sentio;
3401 1012 3690 1075 doctrinae

302 1104 560 1166 videtur.
602 1105 728 1166 Jam
753 1122 919 1179 vero,
955 1125 1087 1166 cum
1114 1105 1171 1167 id
1205 1106 1285 1168 ita
1317 1106 1413 1181 sit,
1442 1125 1553 1169 nec
1578 1114 1964 1169 monumenta

303 1195 550 1271 antiqua
580 1193 716 1266 alia,
752 1212 891 1275 quae
917 1194 1037 1257 illis
1060 1198 1257 1257 Sancti
1284 1193 1433 1257 Vitis
1460 1195 1569 1258 hac
1601 1196 1660 1257 in
1685 1214 1751 1256 re
1782 1215 1963 1272 repu-

304 1291 509 1364 gnent,
546 1281 926 1344 inveniantur
979 1283 1267 1365 martyrii,
1306 1283 1461 1365 quod
1494 1285 1747 1348 Sanctus
1775 1283 1963 1346 subiit

301 1391 493 1453 genus
511 1370 798 1433 habemus
819 1383 1217 1453 compertum.
1251 1373 1500 1447 Verum,
1534 1372 1674 1453 quid
1708 1371 1783 1436 de
1815 1381 1964 1436 tem-

307 1480 477 1542 pore,
512 1480 629 1542 quo
691 1460 750 1522 id
808 1460 1051 1535 accidit,
1087 1461 1638 1541 pronuntiandum?
1696 1462 1863 1535 Quod
1913 1460 1964 1525 si

303 1553 561 1625 Joanne,
595 1549 1118 1613 Thessalonicensi
1147 1551 1599 1632 archiepiscopo
1640 1552 1965 1633 saepissime

295 1642 426 1721 jam
476 1640 737 1713 laudato,
778 1640 1053 1702 standum
1104 1640 1201 1715 sit,
1235 1641 1293 1702 id
1347 1649 1510 1704 certe
1557 1650 1693 1703 ante
1740 1660 1961 1703 annum

2044 1106 2205 1167 enim
2257 1104 2541 1180 Socratis,
2579 1125 2697 1168 non
2755 1107 3023 1187 Epicuri,
3058 1113 3115 1167 et
3158 1122 3369 1167 eorum
3411 1101 3512 1185 qui
3551 1120 3685 1164 cum

2042 1194 2158 1256 hoc
2186 1197 2448 1257 sentiunt
2475 1202 2735 1257 sectator
2763 1214 2920 1257 sum.
2960 1221 2986 1251 υ

2126 1284 2225 1347 56.
2260 1283 2438 1347 Hisce
2472 1302 2647 1364 porro
2664 1282 2860 1345 verbis
2881 1284 3039 1346 dicto
3067 1284 3342 1347 encomio
3359 1282 3516 1345 bene
3548 1299 3689 1361 pro-

2044 1372 2186 1453 lixo,
2221 1391 2336 1454 quo
2369 1381 2639 1434 sanctum
2673 1372 3040 1438 Demetrium
3073 1392 3107 1434 a
3138 1372 3408 1434 doctrina
3452 1369 3691 1452 potissi-

2049 1480 2211 1523 mum
2264 1461 2486 1543 laudat,
2519 1462 2632 1524 alia
2689 1461 2967 1542 plurima,
3003 1460 3219 1542 quibus
3249 1464 3526 1534 Sanctus,
3558 1478 3694 1521 cum

2048 1550 2874 1626 ethnico,Manichazo,Judaao
2906 1560 2964 1613 et
2993 1552 3210 1613 Ariano
3243 1551 3395 1613 ultro
3424 1550 3695 1630 citroque

2047 1640 2507 1710 habitis.herum
2532 1641 3035 1704 heterodoxorum
3058 1642 3325 1722 singulos
3355 1639 3691 1715 confutarit,

306 1728 428 1794 314
457 1730 610 1790 haud
641 1731 935 1794 evenerit.
998 1728 1315 1812 Scriptoris
1346 1732 1546 1812 hujus,
1576 1750 1609 1793 e
1657 1731 1873 1808 quibus
1904 1731 1960 1793 id
1988 1732 2349 1812 “victasque
2394 1731 2632 1794 tandem
2692 1729 2805 1792 sibi
2853 1732 2996 1793 dare
3050 1748 3262 1792 manus
3310 1728 3688 1809 compulerit,

302 1824 730 1895 colligo,Graeca
761 1823 933 1881 verba
969 1826 1214 1881 encomit
1245 1826 1317 1882 ab
1351 1827 1459 1882 hoc
1489 1826 1736 1883 contexti
1769 1825 1961 1881 verbis

299 1927 471 1971 num.
507 1909 584 1970 39
608 1907 867 1970 recitatis
910 1909 1181 1990 proxime
1233 1910 1519 1990 subjecta,
1549 1919 1613 1971 ut
1644 1909 1957 1992 quidquid,

297 1998 458 2080 quod
493 1997 711 2060 litteris
746 1995 818 2059 ab
874 2017 943 2059 eo
980 1998 1325 2062 mandatum
1370 2000 1680 2081 habemus,
1711 2017 1845 2062 cum
1880 1999 1959 2061 le-

295 2097 464 2151 ctore
514 2087 985 2161 communicem,
1023 2107 1140 2150 una
1194 2107 1329 2150 cum
1361 2090 1640 2168 adjuncta
1686 2088 1961 2151 versione

2046 1820 2277 1893 intexit,
2302 1820 2709 1900 plurimosque
2733 1819 2909 1881 simul
2942 1829 3062 1880 tum
3096 1820 3392 1881 exstitisse
3412 1817 3689 1892 Arlanos,

2044 1910 2545 1990 luculentissime,
2608 1910 2690 1972 uti
2761 1909 3083 1971 enconium
3142 1909 3288 1971 illud
3356 1908 3693 1971 consulenti

2044 2006 2327 2080 patescet,
2363 2000 2496 2060 loco
2540 2018 2659 2063 non
2690 2018 2811 2062 uno
2871 1998 3119 2062 indicat.
3172 2002 3299 2060 Jam
3355 2016 3519 2071 vero,
3554 2015 3689 2059 cum

2046 2090 2171 2151 haec
2201 2090 2280 2152 ita
2308 2089 2588 2163 habeant,
2624 2106 2869 2152 necesse
2890 2096 3000 2163 est,
3028 2098 3092 2149 ut
3112 2089 3390 2151 Arianam
3415 2087 3689 2149 haeresim

292 2177 507 2240 Latina
560 2178 676 2239 huc
738 2176 1101 2242 transcribO.
1159 2177 1263 2242 Sic
1335 2178 1601 2240 habent:
1669 2181 1819 2245 Εἰκὸς
1864 2180 1961 2255 μὲν
2036 2180 2160 2260 jam
2189 2188 2337 2253 tum,
2364 2197 2498 2241 cum
2534 2180 2786 2243 Sanctus
2820 2190 3024 2241 noster
3052 2180 3112 2240 in
3142 2178 3286 2239 vivis
3312 2186 3469 2239 esset
3498 2176 3692 2238 adhuc

295 2271 389 2325 οὖν
474 2271 562 2325 καὶ
618 2275 787 2325 ταῦτα
847 2266 1131 2336 διαϐόητον
1202 2270 1359 2325 αὐτὸν
1430 2267 1625 2343 κομιδὴ
1684 2272 1954 2341 καθιστᾷν,

294 2360 359 2415 τὸ
423 2356 478 2414 δὲ
534 2358 739 2433 μᾶλλον
794 2360 952 2416 αὔτοῦ
1001 2358 1098 2426 τὴν
1156 2359 1342 2439 φήμην
1401 2359 1641 2433 ὕψῶσα-θ,
1674 2359 1762 2415 καὶ
1821 2359 1963 2438 παρᾶ

301 2459 426 2511 ταῖς
508 2444 699 2510 ἄλλαις
786 2447 1001 2523 πατρίσι
1063 2454 1217 2505 τοῦτο
1299 2446 1575 2525 γεγονέναι
1646 2446 1956 2528 φημίζὲται.

305 2535 643 2604 Ἐπέστησαν
719 2535 888 2615 αὒτῷ,
948 2536 1107 2616 φασὶ,
1182 2535 1505 2611 διδάσκοντι,
1566 2539 1639 2601 ὡς
1715 2538 1804 2593 καὶ
1884 2543 1960 2612 τῷ

305 2628 477 2708 Κυρίῳ
533 2628 650 2702 Θεῷ
720 2628 878 2701 ἡμῶν
939 2625 1121 2693 Ἰησοῦ
1174 2627 1220 2683 οἱ
1290 2648 1561 2705 πειρασται
1623 2624 1959 2683 Σαδδουκαῖ-

302 2740 459 2780 οι....
523 2717 662 2774 οὕτω
719 2717 809 2772 καὶ
867 2716 945 2790 τῷ
1005 2718 1223 2792 μαθητῇ
1273 2722 1364 2772 τοῦ
1415 2719 1640 2794 Χριστοῦ
1680 2720 1757 2789 τῷ
1816 2737 1959 2773 παν-

299 2803 496 2878 ενδόξῳ
592 2805 869 2883 μάρτυρι,
957 2801 1225 2871 ’Έλληνες
1338 2804 1388 2871 ἒξ
1493 2805 1786 2882 Ἀθηνῶν,
1874 2808 1964 2863 καὶ

298 2888 563 2953 Ἰουδαῖοι
628 2893 679 2960 ἐξ
745 2892 1127 2971 Ιεροσολύμων,
1161 2894 1258 2951 καί
1314 2900 1612 2974 Μανιχατοι
1670 2894 1731 2952 ἐκ
1785 2895 1961 2954 Μέσο-

305 2983 601 3059 ποταμίας,
664 2984 752 3039 καὶ
835 2982 941 3039 ἀπὸ
1016 2980 1413 3059 Ἀλεξανδρείας
1484 2982 1753 3062 Ἀρειανοί
1839 2988 1959 3063 (πρὸ

304 3072 509 3132 πολλοῦ
571 3072 672 3151 γὰρ
705 3070 799 3139 τῆς
858 3073 1029 3127 αὖτῶν
1086 3072 1441 3150 καθαιρέσεως
1488 3073 1583 3139 τὴν
1645 3074 1959 3149 οἰκουμένην

2046 2278 2374 2349 superstes,
2400 2268 2585 2331 fuisse
2608 2277 2871 2331 exortam
2895 2288 2964 2331 ac
2986 2269 3383 2350 pervulgatam
3405 2267 3687 2341 Joannes,

2043 2357 2595 2420 Thessalonicensis
2637 2358 3147 2439 archiepiscopus,
3199 2357 3574 2428 existimarit.
3624 2374 3694 2419 ac

2047 2449 2215 2529 proin
2239 2455 2507 2509 sanctum
2540 2446 2907 2511 Demetrium
2941 2455 3079 2510 ante
3100 2466 3319 2509 annum
3345 2446 3696 2526 3i4,utpote

2044 2547 2185 2599 ante
2217 2557 2394 2619 quem
2430 2546 2592 2600 certe
2622 2557 2842 2599 annum
2891 2538 3005 2612 (adi
3033 2537 3417 2600 Franciscum
3447 2534 3691 2615 Pagium

2042 2625 2104 2688 in
2132 2628 2487 2707 pontiﬁcum
2513 2629 2920 2691 Romanorum
2948 2628 3291 2707 Breviario,
3316 2635 3463 2688 tom.
3487 2628 3534 2699 l,
3555 2643 3689 2706 pag.

2049 2717 2141 2795 75)
2163 2717 2345 2797 impia
2366 2717 2469 2777 illa
2492 2726 2655 2779 secta
2687 2716 2919 2779 initium
2945 2717 3101 2779 haud
3133 2716 3383 2796 accepit,
3412 2715 3690 2795 martyrio

2048 2826 2169 2869 non
2198 2806 2379 2867 fuisse
2402 2814 2773 2870 coronatum.
2796 2806 3019 2869 Verum
3049 2807 3176 2868 haec
3197 2804 3504 2886 scriptoris
3531 2804 3691 2865 illius

2046 2896 2247 2976 opinio
2275 2895 2612 2975 neutiquam
2640 2903 2834 2975 potest
2857 2896 3135 2970 admittit;
3166 2894 3506 2956 Demetrius
3528 2891 3690 2953 enim

2044 2983 2504 3056 Thessalonicae,
2539 2984 2623 3045 uti
2675 2985 2838 3047 inter
2892 3002 3105 3046 omnes
3156 2984 3456 3055 convenit,
3507 2982 3691 3043 subiit

2044 3075 2415 3154 martyrium.
2469 3073 2873 3135 Macedoniam
2929 3081 3126 3135 autem
3160 3080 3366 3146 totam,
3401 3089 3468 3133 ac
3518 3072 3691 3151 proin

302 3163 591 3240 ἐτάραττον
645 3162 732 3217 καὶ
776 3158 961 3224 ἁπλῶς
994 3161 1172 3227 πάσης
1233 3160 1427 3241 σχεδὸν
1476 3160 1727 3241 αἱρέσεως
1781 3186 1959 3239 παρα-

2050 3163 2224 3224 etiam
2278 3162 2446 3225 sitam
2486 3163 2547 3225 in
2597 3163 2709 3224 hac
2737 3161 3217 3224 Thessalonicam
3262 3161 3386 3240 jam
3419 3158 3560 3221 inde
3616 3157 3690 3220 ab

299 3249 555 3328 γεγόνασι
615 3246 1032 3328 πρόμαχοι)....
1065 3252 1361 3323 μαθεῖν....
1420 3249 1769 3315 θέλοντες,...
1820 3252 1958 3329 μᾶλ-

301 3338 396 3396 λον
453 3336 508 3393 δὲ
570 3337 629 3394 οὐ
702 3343 894 3413 μαθεῖν
957 3337 1210 3417 (πονηρία
1266 3340 1365 3418 γὰρ
1426 3338 1661 3416 ἆνορεξία
1728 3341 1960 3421 πέφυκεν

302 3431 551 3508 ἀγαθοῦ),
593 3424 730 3483 ἄλλα
791 3428 1038 3506 πειράσαι
1097 3430 1184 3484 καί
1243 3426 1520 3505 διαστέψαι
1552 3432 1676 3508 {1:714-
1733 3432 1960 3498 πίστεως

300 3520 402 3586 τὴν
432 3517 713 3583 εὒθύτητα.

2042 3253 2451 3327 anno3t4,uti
2482 3254 2636 3333 apud
2669 3251 3214 3327 Tillemontiumﬁn
3242 3251 3691 3331 lmperatorum

2041 3342 2457 3405 Romanorum
2485 3343 2938 3416 Historia,tom.
2964 3338 3060 3416 lV,
3085 3338 3502 3421 p.169,videre
3524 3337 3687 3417 licet,

2042 3433 2462 3496 Constantinus
2484 3431 2743 3511 Magnus,
2780 3429 2891 3491 sub
2920 3449 3038 3510 quo
3059 3447 3201 3492 sane
3224 3429 3502 3491 Sanctum
3530 3445 3690 3488 mar-

2042 3520 2188 3603 tyrio
2215 3522 2489 3583 allectum
2524 3538 2700 3583 nemo
2732 3520 2968 3593 dixerit,
3003 3520 3061 3580 in
3124 3526 3411 3600 potestate
3438 3534 3544 3578 sua
3574 3517 3684 3577 ha-

388 3606 491 3669 55.
528 3606 626 3664 Καὶ
669 3608 696 3663 ὁ
726 3607 825 3682 μὲν
883 3604 1093 3675 ’Ἕλλην
1149 3609 1324 3687 ἠρέμα
1382 3633 1496 3673 πως
1528 3611 1616 3667 καὶ
1676 3612 1955 3690 εἰρωνευὸ-

2050 3611 2187 3685 buit,
2222 3610 2631 3691 deincepsque
2652 3610 2725 3671 ad
2756 3626 2975 3671 annum
3014 3626 3203 3689 usque
3226 3607 3366 3680 337,
3400 3605 3456 3668 ei
3483 3622 3686 3667 emor-

310 3718 498 3773 μενος,
565 3694 661 3752 ἅτε
715 3693 780 3762 δὴ
852 3707 971 3758 ταῖς
1045 3695 1479 3775 συλλογιστικαϊς
1550 3697 1957 3777 ἐπικομπάζων,

2050 3702 2290 3773 tualem,
2321 3699 2392 3760 ad
2425 3718 2601 3779 quem
2630 3717 2815 3779 usque
2870 3698 3154 3760 Demetrii
3189 3702 3529 3776 martyrium
3574 3693 3692 3756 dif-

306 3787 396 3842 καὶ
446 3784 512 3840 τὰ
543 3784 622 3860 μὴ
667 3781 792 3840 ὄντα
822 3785 895 3848 ὡς
957 3782 1082 3842 ὄντα
1112 3783 1393 3859 δεικνύναι,
1426 3789 1514 3843 καὶ
1572 3789 1637 3844 τὰ
1668 3789 1791 3846 ὄντα
1848 3792 1959 3850 πά-

306 3874 394 3931 λιν
445 3875 520 3936 ὡς
579 3873 656 3949 μὴ
697 3873 1035 3953 ὑπάρχοντα,
1094 3874 1275 3953 ἠρώτα
1345 3877 1436 3932 τὸν
1502 3878 1761 3952 μάρτυρα,
1816 3879 1961 3945 ὅπως

308 3965 439 4041 περί
514 3968 607 4019 τοῦ
662 3963 801 4018 θείου
859 3959 1090 4035 δοξάζον
1154 3966 1245 4020 τὸν
1319 3963 1372 4020 δὲ
1426 3965 1800 4046 ἀποκρίνασθαι
1874 3968 1963 4028 ἕνα

310 4053 444 4110 Θεὸν
501 4050 788 4129 ὁμολογεῖν
846 4049 1094 4121 ἅκτιστον
1148 4055 1236 4111 καὶ
1287 4052 1488 4131 ἆῖδιον,
1534 4057 1767 4125 ποιητήν
1823 4061 1958 4119 πάν-

309 4164 419 4199 των
482 4142 797 4220 ὁρατῶνκαὶ
857 4140 1120 4221 ἀοράτων,
1154 4145 1241 4200 καὶ
1273 4141 1355 4199 διὰ
1415 4155 1568 4204 τοῦτο
1608 4148 1691 4204 καὶ
1751 4149 1961 4206 Δεσπό-

2042 3787 2185 3848 ferri
2218 3788 2555 3849 certissime
2579 3806 2695 3848 nou
2730 3795 2946 3867 potest,
2981 3786 3206 3847 habere
3232 3784 3512 3864 perrexit.

2128 3876 2455 3939 57.Adhmc
2476 3876 2839 3955 Demetrius,
2870 3875 3095 3954 utijam
3121 3892 3277 3934 nunc
3298 3872 3548 3947 docebo,
3580 3870 3691 3933 sub

2047 3966 2425 4045 imperatore,
2461 3964 2559 4026 cui
2596 3965 2951 4027 Maximiano
2984 3981 3203 4024 nomen
3260 3969 3437 4035 esset,
3474 3969 3690 4043 marty-

2047 4055 2201 4117 rium
2256 4054 2491 4136 subiit;
2555 4053 2755 4114 nullus
2812 4061 3008 4114 autem
3070 4053 3411 4130 imperator.
3453 4050 3696 4112 nomine

2049 4142 2460 4219 Maximianus,
2496 4149 2626 4222 post
2651 4160 2870 4204 annum
2902 4141 3042 4222 311,
3077 4159 3194 4218 quo
3222 4139 3491 4203 Galerius
3518 4138 3699 4202 Maxi-

308 4232 411 4299 τὴν
483 4232 570 4287 καὶ
626 4231 956 4305 προνοητήν.
1023 4231 1208 4312 Κάγὼ,
1269 4231 1370 4313 ἔφη
1447 4237 1471 4291 ὃ
1522 4235 1767 4312 ”Ελλην,
1828 4238 1961 4295 οὕτω

2054 4234 2309 4307 mianus,
2346 4235 2432 4296 uti
2480 4235 2550 4296 ad
2587 4235 2747 4296 hunc
2804 4251 3027 4294 annum
3062 4234 3273 4310 Pagina
3303 4231 3361 4291 in
3414 4231 3695 4311 Critr'cr's,

307 4321 514 4400 φρονῶο
599 4318 697 4386 τῆς
787 4319 886 4396 γὰρ
957 4320 1271 4399 Σωκράτους
1348 4323 1455 4397 εἰμὶ
1537 4322 1834 4401 διατριϐῆς,
1908 4332 1961 4387 οὗ

2050 4324 2466 4387 Tillemontius
2488 4323 2781 4388 Historiae
2810 4325 3239 4402 imperatorum
3256 4328 3398 4381 tom.
3426 4319 3526 4394 IV,
3558 4337 3691 4399 pag.

306 4410 409 4477 τῆς
467 4408 781 4485 Ἐπικουρςυ
822 4409 908 4464 καὶ
940 4414 1044 4463 τῶδ
1104 4409 1224 4466 κατ’
1272 4412 1452 4473 αὐτόν.
1521 4438 1546 4468 ιι
1582 4411 1657 4478 Ut
1688 4415 1811 4478 haec
1862 4415 1961 4478 ita-

2054 4414 2192 4489 116,
2226 4414 2444 4494 aliique
2478 4414 2692 4494 passim
2724 4412 2965 4485 docent,
2987 4411 3144 4471 diem
3169 4418 3500 4472 extremum
3533 4410 3696 4470 clau-

308 4514 431 4581 que
450 4496 621 4558 illum
649 4514 792 4558 sane
825 4496 1128 4586 celebrem
1155 4499 1485 4578 efﬁcerent,
1521 4521 1626 4566 seu
1655 4505 1851 4586 potius
1884 4506 1962 4568 fa-
1988 4524 2025 4573 ι)
2051 4505 2149 4579 sit,
2182 4502 2620 4566 Thessalonica,
2673 4502 3012 4564 dominatus
3069 4510 3201 4575 est;
3255 4509 3320 4560 ut
3363 4500 3693 4586 enimvero,

310 4605 470 4659 mam
503 4587 634 4667 ejus
686 4584 1042 4649 extollerent
1094 4590 1471 4672 opportebat,
1504 4584 1687 4671 idque
1717 4599 1777 4655 in
1836 4595 1968 4657 aliis
2045 4594 2348 4667 omnibus,
2384 4611 2518 4674 quae
2536 4593 2659 4673 jam
2695 4592 2850 4653 dicta
2880 4599 3044 4659 sunt,
3076 4587 3493 4660 consideratis,
3520 4585 3698 4649 Joan-

309 4677 487 4740 etiam
504 4675 853 4754 regionibus
880 4675 1097 4738 factum
1120 4681 1963 4761 narratur.Quemadmodum,

308 4765 501 4841 aiunt,
532 4765 990 4827 insurrexerunt
1038 4766 1099 4828 in
1155 4768 1470 4830 Dominum
1516 4769 1746 4845 Jesum,
1776 4771 1965 4835 Deum

309 4861 939 4931 nostrum,tentatores
960 4856 1256 4921 Saducaei.
1272 4903 1282 4913 .
1299 4903 1340 4920 ..
1370 4859 1447 4921 ita
1470 4860 1726 4922 etiamin
1750 4856 1967 4924 Christi

310 4943 703 5025 discipulum,
727 4943 1227 5021 gloriosissimum
1264 4956 1604 5029 martyrem,
1638 4949 1866 5013 ethnici
1897 4970 1969 5013 ex

309 5032 592 5108 Athenis,
627 5043 686 5095 et
712 5032 899 5095 Judaei
940 5050 1013 5096 ex
1054 5032 1414 5111 Jerusalem,
1449 5045 1510 5100 et
1552 5038 1865 5102 Manichaai
1898 5059 1968 5102 ex

310 5120 761 5204 Mesopotamia,
792 5129 851 5184 et
885 5122 1095 5186 Ariani
1125 5143 1194 5186 ex
1224 5123 1582 5187 Alexandria
1625 5126 1751 5206 (diu
1780 5128 1965 5203 enim,

307 5220 628 5293 antequam
676 5211 1136 5291 extirparentur,
1172 5214 1456 5276 mundum
1524 5216 1867 5278 universum
1904 5219 1964 5280 hi

308 5301 650 5382 turbavere,
680 5308 994 5382 omnisque
1026 5301 1148 5364 fere
1175 5303 1476 5366 haereseos
1499 5317 1966 5386 propugnatores

305 5392 586 5471 fuere)...
625 5391 865 5453 discere
895 5391 1234 5457 volentes...
1257 5412 1363 5456 seu
1394 5401 1589 5475 potius
1617 5414 1733 5457 non
1762 5396 1964 5460 dicere

309 5480 558 5558 (malitia
584 5480 744 5542 enim
769 5477 993 5541 bonum
1021 5481 1281 5557 fastidit),
1308 5482 1413 5545 sed
1446 5491 1673 5546 tentare
1703 5484 1963 5566 ﬁdeique

312 5569 739 5633 rectitudinem
772 5576 1225 5648 pervertere.Ac
1245 5572 1521 5635 ethnicus
1543 5575 1785 5651 quidem
1809 5595 1963 5657 quo-

316 5660 640 5726 dammodo
698 5656 1089 5724 dissimulans
1142 5660 1501 5742 syllogistice
1528 5663 1751 5746 quippe
1804 5656 1963 5745 sese,

2049 4702 2177 4759 nes,
2208 4681 2764 4745 Thessalonicensis
2815 4680 3321 4759 archiepiscopus,
3357 4684 3456 4738 aut
3498 4693 3696 4737 veram

2050 4772 2345 4854 martyrii,
2379 4790 2413 4833 a
2470 4770 2775 4834 Demetrio
2839 4770 3094 4832 tolerati.
3130 4768 3413 4849 epocbam
3462 4764 3701 4844 penitus

2051 4862 2358 4942 ignorarit,
2393 4870 2492 4923 aut
2537 4869 2701 4922 certe
2729 4877 2860 4922 eam
2894 4861 3108 4928 serius,
3143 4875 3319 4938 quam
3351 4855 3439 4917 rei
3481 4854 3699 4915 veritas

2054 4952 2325 5032 patiatur,
2361 4949 2699 5022 traditione,
2735 4967 2909 5029 quam
2942 4947 3179 5024 allegat.
3204 4945 3490 5024 deceptus
3520 4942 3697 5003 ditt‘e-

2052 5040 2298 5104 rendam
2331 5040 2569 5122 putarit.
2606 5041 2832 5100 Verum
2865 5037 3172 5122 quodnam,
3200 5034 3435 5095 tandem
3465 5041 3701 5112 tempus

2054 5131 2290 5193 eventui
2323 5121 2418 5190 isti
2448 5128 2867 5205 assignandum
2895 5127 2919 5186 ἴ
2948 5121 3297 5188 Maximiano
3342 5122 3699 5200 imperatore

2051 5220 2112 5281 in
2145 5220 2292 5282 urbe
2322 5214 2849 5281 Thessalonicensi
2878 5214 3443 5293 degente,sanctum
3476 5211 3700 5273 Deme-

2048 5311 2229 5372 trium
2286 5318 2523 5389 captum
2556 5326 2625 5369 ac
2683 5314 2960 5366 necatum
2993 5303 3177 5365 fuisse
3235 5302 3349 5362 vita
3406 5298 3538 5389 ejus
3586 5316 3694 5359 seu

2047 5401 2251 5462 Passio
2309 5386 2436 5460 tum
2492 5395 2881 5460 Anastasiana
2951 5402 3074 5454 tum
3153 5389 3438 5452 Photiana
3491 5386 3695 5448 docet.

2048 5487 2223 5551 Hisce
2254 5489 2431 5550 etiam
2462 5488 2572 5548 hac
2603 5486 2666 5548 in
2696 5502 2764 5545 re
2811 5490 3139 5546 consonant
3167 5480 3298 5543 alias
3338 5477 3471 5538 duas
3498 5475 3700 5538 Sancti

2049 5576 2220 5653 Vitae,
2272 5575 2729 5656 Metaphrastica
2785 5572 3082 5644 videlicet,
3116 5569 3441 5656 alteraque,
3491 5582 3525 5624 e
3580 5582 3699 5656 qua

2048 5666 2173 5731 hac
2204 5652 2672 5749 promanavit,ab
2703 5679 2998 5743 anonymo
3029 5663 3327 5720 contexta.
3348 5655 3573 5715 Verum
3604 5652 3696 5715 has
