  <div class='ocr_page' id='page_1' title='image "/cluster/home/n/w/nwhite01/storage/ocr_20150623/116:no.3/coo.31924054870203/567.png"; bbox 0 0 4100 6424; ppageno 0'>
   <div class='ocr_carea' id='block_1_1' title="bbox 419 318 576 385">
    <p class='ocr_par' dir='ltr' id='par_1_1' title="bbox 419 318 576 385">
     <span class='ocr_line' id='line_1_1' title="bbox 419 318 576 385; baseline 0.032 -5"><span class='ocrx_word' id='word_1_1' title='bbox 419 318 576 385; x_wconf 79' lang='grc'><strong>1119</strong></span> 
     </span>
    </p>
   </div>
   <div class='ocr_carea' id='block_1_2' title="bbox 1783 322 2436 389">
    <p class='ocr_par' dir='ltr' id='par_1_2' title="bbox 1783 322 2436 389">
     <span class='ocr_line' id='line_1_2' title="bbox 1783 322 2436 389; baseline 0 -2"><span class='ocrx_word' id='word_1_2' title='bbox 1783 322 2436 389; x_wconf 84' lang='lat' dir='ltr'><strong>SUPPLEMENTUM.</strong></span> 
     </span>
    </p>
   </div>
   <div class='ocr_carea' id='block_1_3' title="bbox 3639 319 3797 390">
    <p class='ocr_par' dir='ltr' id='par_1_3' title="bbox 3639 319 3797 390">
     <span class='ocr_line' id='line_1_3' title="bbox 3639 319 3797 390; baseline -0.006 0"><span class='ocrx_word' id='word_1_3' title='bbox 3639 319 3797 390; x_wconf 77' lang='lat'><strong>1120</strong></span> 
     </span>
    </p>
   </div>
   <div class='ocr_carea' id='block_1_4' title="bbox 417 452 3793 542">
    <p class='ocr_par' dir='ltr' id='par_1_4' title="bbox 417 452 3793 542">
     <span class='ocr_line' id='line_1_4' title="bbox 417 452 3793 542; baseline 0.002 -26"><span class='ocrx_word' id='word_1_4' title='bbox 417 452 604 518; x_wconf 95' lang='lat' dir='ltr'><strong>rimos</strong></span> <span class='ocrx_word' id='word_1_5' title='bbox 636 455 709 519; x_wconf 88' lang='lat' dir='ltr'><strong>ad</strong></span> <span class='ocrx_word' id='word_1_6' title='bbox 761 456 985 522; x_wconf 77' lang='lat' dir='ltr'><strong>Christi</strong></span> <span class='ocrx_word' id='word_1_7' title='bbox 1041 458 1217 523; x_wconf 89' lang='lat' dir='ltr'><strong>ﬁdem</strong></span> <span class='ocrx_word' id='word_1_8' title='bbox 1278 459 1657 541; x_wconf 81' lang='lat' dir='ltr'><strong>perduceret,</strong></span> <span class='ocrx_word' id='word_1_9' title='bbox 1708 459 2050 524; x_wconf 85' lang='lat' dir='ltr'><strong>Maximiani</strong></span> <span class='ocrx_word' id='word_1_10' title='bbox 2073 469 2110 517; x_wconf 84' lang='grc' dir='ltr'><strong>Α</strong></span> <span class='ocrx_word' id='word_1_11' title='bbox 2216 459 2316 522; x_wconf 88' lang='lat'><strong>68.</strong></span> <span class='ocrx_word' id='word_1_12' title='bbox 2353 458 2519 533; x_wconf 90' lang='lat' dir='ltr'><strong>Quod</strong></span> <span class='ocrx_word' id='word_1_13' title='bbox 2553 467 2619 521; x_wconf 91' lang='lat' dir='ltr'><strong>ut</strong></span> <span class='ocrx_word' id='word_1_14' title='bbox 2654 459 2838 542; x_wconf 85' lang='lat' dir='ltr'><strong>magis</strong></span> <span class='ocrx_word' id='word_1_15' title='bbox 2865 458 3139 523; x_wconf 85' lang='lat' dir='ltr'><strong>ordinate</strong></span> <span class='ocrx_word' id='word_1_16' title='bbox 3173 457 3619 539; x_wconf 85' lang='lat' dir='ltr'><strong>faciam,primo</strong></span> <span class='ocrx_word' id='word_1_17' title='bbox 3653 459 3793 542; x_wconf 86' lang='lat' dir='ltr'><strong>qui-</strong></span> 
     </span>
    </p>
   </div>
   <div class='ocr_carea' id='block_1_5' title="bbox 417 543 2054 632">
    <p class='ocr_par' dir='ltr' id='par_1_5' title="bbox 417 543 2054 632">
     <span class='ocr_line' id='line_1_5' title="bbox 417 543 2054 632; baseline 0.005 -28"><span class='ocrx_word' id='word_1_18' title='bbox 417 543 797 626; x_wconf 89' lang='lat' dir='ltr'><strong>imperatoris</strong></span> <span class='ocrx_word' id='word_1_19' title='bbox 848 551 1018 631; x_wconf 89' lang='lat' dir='ltr'><strong>jussu</strong></span> <span class='ocrx_word' id='word_1_20' title='bbox 1063 549 1287 612; x_wconf 85' lang='lat' dir='ltr'><strong>lanceis</strong></span> <span class='ocrx_word' id='word_1_21' title='bbox 1338 550 1650 614; x_wconf 80' lang='lat' dir='ltr'><strong>confossus</strong></span> <span class='ocrx_word' id='word_1_22' title='bbox 1709 548 2054 632; x_wconf 75' lang='lat' dir='ltr'><strong>martyrium</strong></span> 
     </span>
    </p>
   </div>
   <div class='ocr_carea' id='block_1_6' title="bbox 418 638 936 700">
    <p class='ocr_par' dir='ltr' id='par_1_6' title="bbox 418 638 936 700">
     <span class='ocr_line' id='line_1_6' title="bbox 418 638 936 700; baseline 0.012 -6"><span class='ocrx_word' id='word_1_23' title='bbox 418 638 872 700; x_wconf 78' lang='lat' dir='ltr'><strong>consummavit.</strong></span> <span class='ocrx_word' id='word_1_24' title='bbox 906 660 936 700; x_wconf 71' lang='grc' dir='ltr'><strong><em>ι</em></strong></span> 
     </span>
    </p>
   </div>
   <div class='ocr_carea' id='block_1_7' title="bbox 499 724 2058 807">
    <p class='ocr_par' dir='ltr' id='par_1_7' title="bbox 499 724 2058 807">
     <span class='ocr_line' id='line_1_7' title="bbox 499 724 2058 807; baseline 0.003 -21"><span class='ocrx_word' id='word_1_25' title='bbox 499 724 771 798; x_wconf 86' lang='lat' dir='ltr'><strong>66.Quod</strong></span> <span class='ocrx_word' id='word_1_26' title='bbox 786 729 907 807; x_wconf 90' lang='lat' dir='ltr'><strong>jam</strong></span> <span class='ocrx_word' id='word_1_27' title='bbox 930 729 1002 791; x_wconf 85' lang='lat' dir='ltr'><strong>ad</strong></span> <span class='ocrx_word' id='word_1_28' title='bbox 1027 746 1231 791; x_wconf 90' lang='lat' dir='ltr'><strong>sacros</strong></span> <span class='ocrx_word' id='word_1_29' title='bbox 1252 729 1502 792; x_wconf 87' lang='lat' dir='ltr'><strong>aliarum</strong></span> <span class='ocrx_word' id='word_1_30' title='bbox 1526 730 1832 792; x_wconf 78' lang='lat' dir='ltr'><strong>nationum</strong></span> <span class='ocrx_word' id='word_1_31' title='bbox 1849 728 2058 792; x_wconf 88' lang='lat' dir='ltr'><strong>Fastos</strong></span> 
     </span>
    </p>
   </div>
   <div class='ocr_carea' id='block_1_8' title="bbox 414 819 2047 903">
    <p class='ocr_par' dir='ltr' id='par_1_8' title="bbox 414 819 2047 903">
     <span class='ocr_line' id='line_1_8' title="bbox 414 819 2047 903; baseline 0.004 -28"><span class='ocrx_word' id='word_1_32' title='bbox 414 823 787 903; x_wconf 75' lang='lat' dir='ltr'><strong>spectatnon</strong></span> <span class='ocrx_word' id='word_1_33' title='bbox 819 819 1009 881; x_wconf 90' lang='lat' dir='ltr'><strong>solum</strong></span> <span class='ocrx_word' id='word_1_34' title='bbox 1045 820 1197 900; x_wconf 89' lang='lat' dir='ltr'><strong>apud</strong></span> <span class='ocrx_word' id='word_1_35' title='bbox 1231 822 1533 893; x_wconf 69' lang='lat' dir='ltr'><strong>Graecos,e</strong></span> <span class='ocrx_word' id='word_1_36' title='bbox 1564 841 1814 903; x_wconf 87' lang='lat' dir='ltr'><strong>quorum</strong></span> <span class='ocrx_word' id='word_1_37' title='bbox 1836 820 2047 902; x_wconf 82' lang='lat' dir='ltr'><strong>Hagio-</strong></span> 
     </span>
    </p>
   </div>
   <div class='ocr_carea' id='block_1_9' title="bbox 414 901 2045 991">
    <p class='ocr_par' dir='ltr' id='par_1_9' title="bbox 414 901 2045 991">
     <span class='ocr_line' id='line_1_9' title="bbox 414 901 2045 991; baseline 0.005 -29"><span class='ocrx_word' id='word_1_38' title='bbox 414 901 587 991; x_wconf 88' lang='lat' dir='ltr'><strong>logiis</strong></span> <span class='ocrx_word' id='word_1_39' title='bbox 617 905 705 967; x_wconf 91' lang='lat' dir='ltr'><strong>vix</strong></span> <span class='ocrx_word' id='word_1_40' title='bbox 735 908 944 988; x_wconf 91' lang='lat' dir='ltr'><strong>ullum,</strong></span> <span class='ocrx_word' id='word_1_41' title='bbox 978 910 1134 990; x_wconf 91' lang='lat' dir='ltr'><strong>quod</strong></span> <span class='ocrx_word' id='word_1_42' title='bbox 1174 910 1467 974; x_wconf 81' lang='lat' dir='ltr'><strong>Demetrii</strong></span> <span class='ocrx_word' id='word_1_43' title='bbox 1512 901 1630 975; x_wconf 84' lang='lat' dir='ltr'><strong>non</strong></span> <span class='ocrx_word' id='word_1_44' title='bbox 1684 901 2045 991; x_wconf 87' lang='lat' dir='ltr'><strong>meminerit,</strong></span> 
     </span>
    </p>
   </div>
   <div class='ocr_carea' id='block_1_10' title="bbox 417 990 2049 1071">
    <p class='ocr_par' dir='ltr' id='par_1_10' title="bbox 417 990 2049 1071">
     <span class='ocr_line' id='line_1_10' title="bbox 417 990 2049 1071; baseline 0.006 -20"><span class='ocrx_word' id='word_1_45' title='bbox 417 990 704 1069; x_wconf 83' lang='lat' dir='ltr'><strong>invenias,</strong></span> <span class='ocrx_word' id='word_1_46' title='bbox 741 995 943 1060; x_wconf 88' lang='lat' dir='ltr'><strong>Sancti</strong></span> <span class='ocrx_word' id='word_1_47' title='bbox 972 1000 1158 1062; x_wconf 89' lang='lat' dir='ltr'><strong>nostri</strong></span> <span class='ocrx_word' id='word_1_48' title='bbox 1191 1002 1480 1064; x_wconf 88' lang='lat' dir='ltr'><strong>memoria</strong></span> <span class='ocrx_word' id='word_1_49' title='bbox 1505 1001 1810 1071; x_wconf 86' lang='lat' dir='ltr'><strong>recolitttr,</strong></span> <span class='ocrx_word' id='word_1_50' title='bbox 1848 990 2049 1063; x_wconf 90' lang='lat' dir='ltr'><strong>verum</strong></span> 
     </span>
    </p>
   </div>
   <div class='ocr_carea' id='block_1_11' title="bbox 416 1081 2052 1170">
    <p class='ocr_par' dir='ltr' id='par_1_11' title="bbox 416 1081 2052 1170">
     <span class='ocr_line' id='line_1_11' title="bbox 416 1081 2052 1170; baseline 0.006 -29"><span class='ocrx_word' id='word_1_51' title='bbox 416 1081 591 1143; x_wconf 88' lang='lat' dir='ltr'><strong>etiam</strong></span> <span class='ocrx_word' id='word_1_52' title='bbox 624 1085 777 1165; x_wconf 90' lang='lat' dir='ltr'><strong>apud</strong></span> <span class='ocrx_word' id='word_1_53' title='bbox 807 1088 1147 1170; x_wconf 63' lang='lat' dir='ltr'><strong>Ethiopes,</strong></span> <span class='ocrx_word' id='word_1_54' title='bbox 1179 1090 1401 1154; x_wconf 85' lang='lat' dir='ltr'><strong>Russos</strong></span> <span class='ocrx_word' id='word_1_55' title='bbox 1432 1109 1538 1154; x_wconf 89' lang='lat' dir='ltr'><strong>seu</strong></span> <span class='ocrx_word' id='word_1_56' title='bbox 1559 1093 1814 1164; x_wconf 88' lang='lat' dir='ltr'><strong>Moscos,</strong></span> <span class='ocrx_word' id='word_1_57' title='bbox 1850 1089 2052 1170; x_wconf 87' lang='lat' dir='ltr'><strong>Copti-</strong></span> 
     </span>
    </p>
   </div>
   <div class='ocr_carea' id='block_1_12' title="bbox 415 1173 2056 1262">
    <p class='ocr_par' dir='ltr' id='par_1_12' title="bbox 415 1173 2056 1262">
     <span class='ocr_line' id='line_1_12' title="bbox 415 1173 2056 1262; baseline 0.007 -33"><span class='ocrx_word' id='word_1_58' title='bbox 415 1178 589 1262; x_wconf 63' lang='lat' dir='ltr'><strong>tosac</strong></span> <span class='ocrx_word' id='word_1_59' title='bbox 611 1173 793 1254; x_wconf 82' lang='lat' dir='ltr'><strong>Lyros</strong></span> <span class='ocrx_word' id='word_1_60' title='bbox 819 1194 833 1238; x_wconf 93' lang='lat'><strong>:</strong></span> <span class='ocrx_word' id='word_1_61' title='bbox 860 1178 1014 1257; x_wconf 89' lang='lat' dir='ltr'><strong>apud</strong></span> <span class='ocrx_word' id='word_1_62' title='bbox 1040 1179 1345 1261; x_wconf 66' lang='lat' dir='ltr'><strong>Ethiopes</strong></span> <span class='ocrx_word' id='word_1_63' title='bbox 1369 1181 1608 1262; x_wconf 86' lang='lat' dir='ltr'><strong>quidem</strong></span> <span class='ocrx_word' id='word_1_64' title='bbox 1630 1180 1690 1240; x_wconf 92' lang='lat' dir='ltr'><strong>in</strong></span> <span class='ocrx_word' id='word_1_65' title='bbox 1705 1178 2056 1241; x_wconf 85' lang='lat' dir='ltr'><strong>Caiettdario</strong></span> 
     </span>
    </p>
   </div>
   <div class='ocr_carea' id='block_1_13' title="bbox 411 1258 2056 1350">
    <p class='ocr_par' dir='ltr' id='par_1_13' title="bbox 411 1258 2056 1350">
     <span class='ocr_line' id='line_1_13' title="bbox 411 1258 2056 1350; baseline 0.005 -30"><span class='ocrx_word' id='word_1_66' title='bbox 411 1258 749 1344; x_wconf 67' lang='lat' dir='ltr'><strong>Ethiopico</strong></span> <span class='ocrx_word' id='word_1_67' title='bbox 781 1266 935 1346; x_wconf 89' lang='lat' dir='ltr'><strong>apud</strong></span> <span class='ocrx_word' id='word_1_68' title='bbox 969 1267 1185 1331; x_wconf 85' lang='lat' dir='ltr'><strong>Jobum</strong></span> <span class='ocrx_word' id='word_1_69' title='bbox 1213 1258 1614 1350; x_wconf 79' lang='lat' dir='ltr'><strong>Ludoiphum,</strong></span> <span class='ocrx_word' id='word_1_70' title='bbox 1648 1267 1802 1350; x_wconf 86' lang='lat' dir='ltr'><strong>apud</strong></span> <span class='ocrx_word' id='word_1_71' title='bbox 1830 1269 2056 1330; x_wconf 84' lang='lat' dir='ltr'><strong>Russus</strong></span> 
     </span>
    </p>
   </div>
   <div class='ocr_carea' id='block_1_14' title="bbox 411 1355 2056 1439">
    <p class='ocr_par' dir='ltr' id='par_1_14' title="bbox 411 1355 2056 1439">
     <span class='ocr_line' id='line_1_14' title="bbox 411 1355 2056 1439; baseline 0.005 -29"><span class='ocrx_word' id='word_1_72' title='bbox 411 1357 607 1413; x_wconf 87' lang='lat' dir='ltr'><strong>autem</strong></span> <span class='ocrx_word' id='word_1_73' title='bbox 643 1371 748 1415; x_wconf 91' lang='lat' dir='ltr'><strong>seu</strong></span> <span class='ocrx_word' id='word_1_74' title='bbox 781 1357 1011 1418; x_wconf 88' lang='lat' dir='ltr'><strong>Moscos</strong></span> <span class='ocrx_word' id='word_1_75' title='bbox 1045 1361 1104 1419; x_wconf 91' lang='lat' dir='ltr'><strong>in</strong></span> <span class='ocrx_word' id='word_1_76' title='bbox 1140 1359 1630 1435; x_wconf 83' lang='lat' dir='ltr'><strong>Slavo-Russico,</strong></span> <span class='ocrx_word' id='word_1_77' title='bbox 1663 1356 1817 1439; x_wconf 91' lang='lat' dir='ltr'><strong>quod</strong></span> <span class='ocrx_word' id='word_1_78' title='bbox 1850 1355 2056 1418; x_wconf 83' lang='lat' dir='ltr'><strong>Latine</strong></span> 
     </span>
    </p>
   </div>
   <div class='ocr_carea' id='block_1_15' title="bbox 412 1442 2055 1528">
    <p class='ocr_par' dir='ltr' id='par_1_15' title="bbox 412 1442 2055 1528">
     <span class='ocr_line' id='line_1_15' title="bbox 412 1442 2055 1528; baseline 0.004 -28"><span class='ocrx_word' id='word_1_79' title='bbox 412 1456 447 1500; x_wconf 89' lang='lat' dir='ltr'><strong>a</strong></span> <span class='ocrx_word' id='word_1_80' title='bbox 494 1457 560 1528; x_wconf 87' lang='lat' dir='ltr'><strong>se</strong></span> <span class='ocrx_word' id='word_1_81' title='bbox 589 1442 887 1508; x_wconf 80' lang='lat' dir='ltr'><strong>redditum</strong></span> <span class='ocrx_word' id='word_1_82' title='bbox 920 1446 1333 1511; x_wconf 91' lang='lat' dir='ltr'><strong>nobilissimus</strong></span> <span class='ocrx_word' id='word_1_83' title='bbox 1363 1447 1506 1510; x_wconf 87' lang='lat' dir='ltr'><strong>baro</strong></span> <span class='ocrx_word' id='word_1_84' title='bbox 1559 1447 1634 1509; x_wconf 89' lang='lat' dir='ltr'><strong>de</strong></span> <span class='ocrx_word' id='word_1_85' title='bbox 1664 1445 2055 1528; x_wconf 79' lang='lat' dir='ltr'><strong>Sparwenfelt</strong></span> 
     </span>
    </p>
   </div>
   <div class='ocr_carea' id='block_1_16' title="bbox 415 1527 2055 1618">
    <p class='ocr_par' dir='ltr' id='par_1_16' title="bbox 415 1527 2055 1618">
     <span class='ocr_line' id='line_1_16' title="bbox 415 1527 2055 1618; baseline 0.004 -28"><span class='ocrx_word' id='word_1_86' title='bbox 415 1527 724 1594; x_wconf 85' lang='lat' dir='ltr'><strong>nobiscum</strong></span> <span class='ocrx_word' id='word_1_87' title='bbox 756 1536 1242 1614; x_wconf 78' lang='lat' dir='ltr'><strong>communicavit,</strong></span> <span class='ocrx_word' id='word_1_88' title='bbox 1293 1537 1651 1617; x_wconf 80' lang='lat' dir='ltr'><strong>Monologio,</strong></span> <span class='ocrx_word' id='word_1_89' title='bbox 1704 1527 1765 1598; x_wconf 90' lang='lat' dir='ltr'><strong>in</strong></span> <span class='ocrx_word' id='word_1_90' title='bbox 1799 1535 2055 1618; x_wconf 69' lang='lat' dir='ltr'><strong>praeﬁxis</strong></span> 
     </span>
    </p>
   </div>
   <div class='ocr_carea' id='block_1_17' title="bbox 414 1620 2051 1708">
    <p class='ocr_par' dir='ltr' id='par_1_17' title="bbox 414 1620 2051 1708">
     <span class='ocr_line' id='line_1_17' title="bbox 414 1620 2051 1708; baseline 0.003 -29"><span class='ocrx_word' id='word_1_91' title='bbox 414 1620 619 1699; x_wconf 90' lang='lat' dir='ltr'><strong>operis</strong></span> <span class='ocrx_word' id='word_1_92' title='bbox 648 1623 835 1685; x_wconf 88' lang='lat' dir='ltr'><strong>nostri</strong></span> <span class='ocrx_word' id='word_1_93' title='bbox 870 1636 1019 1688; x_wconf 90' lang='lat' dir='ltr'><strong>tom.</strong></span> <span class='ocrx_word' id='word_1_94' title='bbox 1053 1625 1232 1689; x_wconf 78' lang='lat' dir='ltr'><strong>[Maii</strong></span> <span class='ocrx_word' id='word_1_95' title='bbox 1264 1625 1766 1708; x_wconf 87' lang='lat' dir='ltr'><strong>Ephemeridibus</strong></span> <span class='ocrx_word' id='word_1_96' title='bbox 1809 1623 2051 1688; x_wconf 88' lang='lat' dir='ltr'><strong>Graeco-</strong></span> 
     </span>
    </p>
   </div>
   <div class='ocr_carea' id='block_1_18' title="bbox 414 1709 2051 1798">
    <p class='ocr_par' dir='ltr' id='par_1_18' title="bbox 414 1709 2051 1798">
     <span class='ocr_line' id='line_1_18' title="bbox 414 1709 2051 1798; baseline 0.003 -29"><span class='ocrx_word' id='word_1_97' title='bbox 414 1709 655 1798; x_wconf 58' lang='lat' dir='ltr'><strong>bioscis,</strong></span> <span class='ocrx_word' id='word_1_98' title='bbox 716 1712 798 1773; x_wconf 89' lang='lat' dir='ltr'><strong>uti</strong></span> <span class='ocrx_word' id='word_1_99' title='bbox 848 1722 907 1776; x_wconf 91' lang='lat' dir='ltr'><strong>et</strong></span> <span class='ocrx_word' id='word_1_100' title='bbox 960 1716 1018 1776; x_wconf 90' lang='lat' dir='ltr'><strong>in</strong></span> <span class='ocrx_word' id='word_1_101' title='bbox 1059 1713 1391 1779; x_wconf 82' lang='lat' dir='ltr'><strong>Ruthenico</strong></span> <span class='ocrx_word' id='word_1_102' title='bbox 1448 1717 1600 1798; x_wconf 83' lang='lat' dir='ltr'><strong>apud</strong></span> <span class='ocrx_word' id='word_1_103' title='bbox 1663 1719 2051 1778; x_wconf 82' lang='lat' dir='ltr'><strong>Posse-vinum</strong></span> 
     </span>
    </p>
   </div>
   <div class='ocr_carea' id='block_1_19' title="bbox 2140 549 3798 631">
    <p class='ocr_par' dir='ltr' id='par_1_19' title="bbox 2140 549 3798 631">
     <span class='ocr_line' id='line_1_19' title="bbox 2140 549 3798 631; baseline 0 -19"><span class='ocrx_word' id='word_1_104' title='bbox 2140 551 2278 613; x_wconf 89' lang='lat' dir='ltr'><strong>dem</strong></span> <span class='ocrx_word' id='word_1_105' title='bbox 2311 551 2386 612; x_wconf 90' lang='lat' dir='ltr'><strong>de</strong></span> <span class='ocrx_word' id='word_1_106' title='bbox 2418 550 2577 611; x_wconf 85' lang='lat' dir='ltr'><strong>cuitu</strong></span> <span class='ocrx_word' id='word_1_107' title='bbox 2606 550 3166 631; x_wconf 88' lang='lat' dir='ltr'><strong>ecciesiastico,quo</strong></span> <span class='ocrx_word' id='word_1_108' title='bbox 3187 549 3527 612; x_wconf 88' lang='lat' dir='ltr'><strong>Demetrius</strong></span> <span class='ocrx_word' id='word_1_109' title='bbox 3557 549 3798 612; x_wconf 88' lang='lat' dir='ltr'><strong>univer-</strong></span> 
     </span>
    </p>
   </div>
   <div class='ocr_carea' id='block_1_20' title="bbox 2140 638 3794 722">
    <p class='ocr_par' dir='ltr' id='par_1_20' title="bbox 2140 638 3794 722">
     <span class='ocr_line' id='line_1_20' title="bbox 2140 638 3794 722; baseline -0.001 -20"><span class='ocrx_word' id='word_1_110' title='bbox 2140 641 2251 702; x_wconf 90' lang='lat' dir='ltr'><strong>sim</strong></span> <span class='ocrx_word' id='word_1_111' title='bbox 2283 641 2438 721; x_wconf 90' lang='lat' dir='ltr'><strong>apud</strong></span> <span class='ocrx_word' id='word_1_112' title='bbox 2494 640 2732 704; x_wconf 67' lang='lat' dir='ltr'><strong>Graecos</strong></span> <span class='ocrx_word' id='word_1_113' title='bbox 2786 640 3087 722; x_wconf 85' lang='lat' dir='ltr'><strong>hodieque</strong></span> <span class='ocrx_word' id='word_1_114' title='bbox 3144 639 3384 720; x_wconf 83' lang='lat' dir='ltr'><strong>gaudet,</strong></span> <span class='ocrx_word' id='word_1_115' title='bbox 3438 646 3614 720; x_wconf 89' lang='lat' dir='ltr'><strong>atque</strong></span> <span class='ocrx_word' id='word_1_116' title='bbox 3648 638 3794 701; x_wconf 92' lang='lat' dir='ltr'><strong>olim</strong></span> 
     </span>
    </p>
   </div>
   <div class='ocr_carea' id='block_1_21' title="bbox 2138 728 3792 811">
    <p class='ocr_par' dir='ltr' id='par_1_21' title="bbox 2138 728 3792 811">
     <span class='ocr_line' id='line_1_21' title="bbox 2138 728 3792 811; baseline -0.001 -20"><span class='ocrx_word' id='word_1_117' title='bbox 2138 728 2251 791; x_wconf 88' lang='lat' dir='ltr'><strong>fuit</strong></span> <span class='ocrx_word' id='word_1_118' title='bbox 2279 729 2550 806; x_wconf 81' lang='lat' dir='ltr'><strong>gavisus;</strong></span> <span class='ocrx_word' id='word_1_119' title='bbox 2583 729 2806 792; x_wconf 89' lang='lat' dir='ltr'><strong>deinde</strong></span> <span class='ocrx_word' id='word_1_120' title='bbox 2853 748 2994 791; x_wconf 90' lang='lat' dir='ltr'><strong>vero</strong></span> <span class='ocrx_word' id='word_1_121' title='bbox 3047 729 3124 791; x_wconf 88' lang='lat' dir='ltr'><strong>de</strong></span> <span class='ocrx_word' id='word_1_122' title='bbox 3156 749 3251 804; x_wconf 90' lang='lat' dir='ltr'><strong>eo,</strong></span> <span class='ocrx_word' id='word_1_123' title='bbox 3286 748 3402 811; x_wconf 93' lang='lat' dir='ltr'><strong>quo</strong></span> <span class='ocrx_word' id='word_1_124' title='bbox 3435 728 3792 790; x_wconf 88' lang='lat' dir='ltr'><strong>nominatim</strong></span> 
     </span>
    </p>
   </div>
   <div class='ocr_carea' id='block_1_22' title="bbox 2139 817 3795 899">
    <p class='ocr_par' dir='ltr' id='par_1_22' title="bbox 2139 817 3795 899">
     <span class='ocr_line' id='line_1_22' title="bbox 2139 817 3795 899; baseline 0 -19"><span class='ocrx_word' id='word_1_125' title='bbox 2139 826 2260 881; x_wconf 91' lang='lat' dir='ltr'><strong>tum</strong></span> <span class='ocrx_word' id='word_1_126' title='bbox 2292 819 2749 893; x_wconf 85' lang='lat' dir='ltr'><strong>Thessalonicae,</strong></span> <span class='ocrx_word' id='word_1_127' title='bbox 2803 826 2928 880; x_wconf 90' lang='lat' dir='ltr'><strong>tum</strong></span> <span class='ocrx_word' id='word_1_128' title='bbox 2986 818 3501 898; x_wconf 86' lang='lat' dir='ltr'><strong>Constantinopoli</strong></span> <span class='ocrx_word' id='word_1_129' title='bbox 3541 817 3615 879; x_wconf 90' lang='lat' dir='ltr'><strong>ab</strong></span> <span class='ocrx_word' id='word_1_130' title='bbox 3646 818 3795 899; x_wconf 86' lang='lat' dir='ltr'><strong>ipsis</strong></span> 
     </span>
    </p>
   </div>
   <div class='ocr_carea' id='block_1_23' title="bbox 2135 906 3807 990">
    <p class='ocr_par' dir='ltr' id='par_1_23' title="bbox 2135 906 3807 990">
     <span class='ocr_line' id='line_1_23' title="bbox 2135 906 3807 990; baseline 0.001 -20"><span class='ocrx_word' id='word_1_131' title='bbox 2135 908 2311 970; x_wconf 88' lang='lat' dir='ltr'><strong>etiam</strong></span> <span class='ocrx_word' id='word_1_132' title='bbox 2345 909 2602 972; x_wconf 85' lang='lat' dir='ltr'><strong>Orientis</strong></span> <span class='ocrx_word' id='word_1_133' title='bbox 2634 908 3099 990; x_wconf 87' lang='lat' dir='ltr'><strong>imperatoribus</strong></span> <span class='ocrx_word' id='word_1_134' title='bbox 3148 926 3485 989; x_wconf 82' lang='lat' dir='ltr'><strong>eorumque</strong></span> <span class='ocrx_word' id='word_1_135' title='bbox 3519 908 3654 970; x_wconf 88' lang='lat' dir='ltr'><strong>aula</strong></span> <span class='ocrx_word' id='word_1_136' title='bbox 3683 906 3807 973; x_wconf 62' lang='lat' dir='ltr'><strong>fuit</strong></span> 
     </span>
    </p>
   </div>
   <div class='ocr_carea' id='block_1_24' title="bbox 2135 997 3793 1078">
    <p class='ocr_par' dir='ltr' id='par_1_24' title="bbox 2135 997 3793 1078">
     <span class='ocr_line' id='line_1_24' title="bbox 2135 997 3793 1078; baseline 0.001 -19"><span class='ocrx_word' id='word_1_137' title='bbox 2135 998 2482 1073; x_wconf 90' lang='lat' dir='ltr'><strong>honoratus,</strong></span> <span class='ocrx_word' id='word_1_138' title='bbox 2514 998 2798 1071; x_wconf 83' lang='lat' dir='ltr'><strong>tractabo,</strong></span> <span class='ocrx_word' id='word_1_139' title='bbox 2831 1016 2899 1060; x_wconf 90' lang='lat' dir='ltr'><strong>ac</strong></span> <span class='ocrx_word' id='word_1_140' title='bbox 2933 997 3171 1060; x_wconf 86' lang='lat' dir='ltr'><strong>tandem</strong></span> <span class='ocrx_word' id='word_1_141' title='bbox 3203 997 3633 1078; x_wconf 79' lang='lat' dir='ltr'><strong>venerationis,</strong></span> <span class='ocrx_word' id='word_1_142' title='bbox 3659 1016 3793 1078; x_wconf 67' lang='lat' dir='ltr'><strong>quas</strong></span> 
     </span>
    </p>
   </div>
   <div class='ocr_carea' id='block_1_25' title="bbox 2141 1086 3789 1168">
    <p class='ocr_par' dir='ltr' id='par_1_25' title="bbox 2141 1086 3789 1168">
     <span class='ocr_line' id='line_1_25' title="bbox 2141 1086 3789 1168; baseline -0.001 -18"><span class='ocrx_word' id='word_1_143' title='bbox 2141 1087 2357 1150; x_wconf 85' lang='lat' dir='ltr'><strong>Sancto</strong></span> <span class='ocrx_word' id='word_1_144' title='bbox 2391 1086 2531 1149; x_wconf 91' lang='lat' dir='ltr'><strong>alibi</strong></span> <span class='ocrx_word' id='word_1_145' title='bbox 2567 1086 2954 1168; x_wconf 90' lang='lat' dir='ltr'><strong>etiam,quam</strong></span> <span class='ocrx_word' id='word_1_146' title='bbox 2989 1086 3143 1167; x_wconf 90' lang='lat' dir='ltr'><strong>apud</strong></span> <span class='ocrx_word' id='word_1_147' title='bbox 3178 1090 3439 1167; x_wconf 59' lang='lat' dir='ltr'><strong>Graecos,</strong></span> <span class='ocrx_word' id='word_1_148' title='bbox 3475 1096 3575 1148; x_wconf 89' lang='lat' dir='ltr'><strong>aut</strong></span> <span class='ocrx_word' id='word_1_149' title='bbox 3607 1090 3789 1149; x_wconf 91' lang='lat' dir='ltr'><strong>modo</strong></span> 
     </span>
    </p>
   </div>
   <div class='ocr_carea' id='block_1_26' title="bbox 2136 1175 3789 1256">
    <p class='ocr_par' dir='ltr' id='par_1_26' title="bbox 2136 1175 3789 1256">
     <span class='ocr_line' id='line_1_26' title="bbox 2136 1175 3789 1256; baseline -0.001 -18"><span class='ocrx_word' id='word_1_150' title='bbox 2136 1177 2332 1239; x_wconf 88' lang='lat' dir='ltr'><strong>adhuc</strong></span> <span class='ocrx_word' id='word_1_151' title='bbox 2367 1176 2633 1239; x_wconf 86' lang='lat' dir='ltr'><strong>defertur</strong></span> <span class='ocrx_word' id='word_1_152' title='bbox 2656 1186 2755 1236; x_wconf 86' lang='lat' dir='ltr'><strong>aut</strong></span> <span class='ocrx_word' id='word_1_153' title='bbox 2787 1186 2949 1237; x_wconf 84' lang='lat' dir='ltr'><strong>certe</strong></span> <span class='ocrx_word' id='word_1_154' title='bbox 2968 1175 3107 1237; x_wconf 91' lang='lat' dir='ltr'><strong>olim</strong></span> <span class='ocrx_word' id='word_1_155' title='bbox 3134 1175 3242 1237; x_wconf 89' lang='lat' dir='ltr'><strong>fuit</strong></span> <span class='ocrx_word' id='word_1_156' title='bbox 3273 1175 3789 1256; x_wconf 88' lang='lat' dir='ltr'><strong>delata,explana-</strong></span> 
     </span>
    </p>
   </div>
   <div class='ocr_carea' id='block_1_27' title="bbox 2140 1265 3790 1329">
    <p class='ocr_par' dir='ltr' id='par_1_27' title="bbox 2140 1265 3790 1329">
     <span class='ocr_line' id='line_1_27' title="bbox 2140 1265 3790 1329; baseline -0.002 -1"><span class='ocrx_word' id='word_1_157' title='bbox 2140 1266 2301 1328; x_wconf 88' lang='lat' dir='ltr'><strong>tione</strong></span> <span class='ocrx_word' id='word_1_158' title='bbox 2371 1265 2882 1329; x_wconf 91' lang='lat' dir='ltr'><strong>Commentarium</strong></span> <span class='ocrx_word' id='word_1_159' title='bbox 2957 1266 3116 1326; x_wconf 92' lang='lat' dir='ltr'><strong>hunc</strong></span> <span class='ocrx_word' id='word_1_160' title='bbox 3185 1265 3540 1327; x_wconf 87' lang='lat' dir='ltr'><strong>terminabo.</strong></span> <span class='ocrx_word' id='word_1_161' title='bbox 3594 1267 3790 1329; x_wconf 74' lang='lat' dir='ltr'><strong>Graeci</strong></span> 
     </span>
    </p>
   </div>
   <div class='ocr_carea' id='block_1_28' title="bbox 2136 1352 3789 1437">
    <p class='ocr_par' dir='ltr' id='par_1_28' title="bbox 2136 1352 3789 1437">
     <span class='ocr_line' id='line_1_28' title="bbox 2136 1352 3789 1437; baseline -0.001 -20"><span class='ocrx_word' id='word_1_162' title='bbox 2136 1356 2330 1437; x_wconf 90' lang='lat' dir='ltr'><strong>ipsum</strong></span> <span class='ocrx_word' id='word_1_163' title='bbox 2353 1374 2524 1417; x_wconf 91' lang='lat' dir='ltr'><strong>suum</strong></span> <span class='ocrx_word' id='word_1_164' title='bbox 2547 1356 2618 1415; x_wconf 91' lang='lat' dir='ltr'><strong>ad</strong></span> <span class='ocrx_word' id='word_1_165' title='bbox 2644 1354 2722 1415; x_wconf 73' lang='lat'><strong>26</strong></span> <span class='ocrx_word' id='word_1_166' title='bbox 2745 1352 3020 1416; x_wconf 88' lang='lat' dir='ltr'><strong>Octobris</strong></span> <span class='ocrx_word' id='word_1_167' title='bbox 3045 1354 3201 1415; x_wconf 91' lang='lat' dir='ltr'><strong>diem</strong></span> <span class='ocrx_word' id='word_1_168' title='bbox 3226 1355 3303 1415; x_wconf 91' lang='lat' dir='ltr'><strong>de</strong></span> <span class='ocrx_word' id='word_1_169' title='bbox 3330 1364 3532 1415; x_wconf 90' lang='lat' dir='ltr'><strong>sancto</strong></span> <span class='ocrx_word' id='word_1_170' title='bbox 3567 1356 3789 1417; x_wconf 87' lang='lat' dir='ltr'><strong>Deme-</strong></span> 
     </span>
    </p>
   </div>
   <div class='ocr_carea' id='block_1_29' title="bbox 2141 1444 3782 1525">
    <p class='ocr_par' dir='ltr' id='par_1_29' title="bbox 2141 1444 3782 1525">
     <span class='ocr_line' id='line_1_29' title="bbox 2141 1444 3782 1525; baseline -0.003 -16"><span class='ocrx_word' id='word_1_171' title='bbox 2141 1445 2278 1524; x_wconf 85' lang='lat' dir='ltr'><strong>trio,</strong></span> <span class='ocrx_word' id='word_1_172' title='bbox 2340 1444 2502 1506; x_wconf 91' lang='lat' dir='ltr'><strong>brevi</strong></span> <span class='ocrx_word' id='word_1_173' title='bbox 2557 1444 2861 1517; x_wconf 82' lang='lat' dir='ltr'><strong>duntaxat,</strong></span> <span class='ocrx_word' id='word_1_174' title='bbox 2924 1462 3098 1525; x_wconf 89' lang='lat' dir='ltr'><strong>quam</strong></span> <span class='ocrx_word' id='word_1_175' title='bbox 3132 1454 3303 1520; x_wconf 85' lang='lat' dir='ltr'><strong>tunc,</strong></span> <span class='ocrx_word' id='word_1_176' title='bbox 3329 1452 3393 1505; x_wconf 89' lang='lat' dir='ltr'><strong>ut</strong></span> <span class='ocrx_word' id='word_1_177' title='bbox 3422 1462 3580 1523; x_wconf 65' lang='lat' dir='ltr'><strong>saepe</strong></span> <span class='ocrx_word' id='word_1_178' title='bbox 3612 1444 3782 1518; x_wconf 88' lang='lat' dir='ltr'><strong>alias,</strong></span> 
     </span>
    </p>
   </div>
   <div class='ocr_carea' id='block_1_30' title="bbox 2137 1531 3788 1612">
    <p class='ocr_par' dir='ltr' id='par_1_30' title="bbox 2137 1531 3788 1612">
     <span class='ocr_line' id='line_1_30' title="bbox 2137 1531 3788 1612; baseline 0.001 -21"><span class='ocrx_word' id='word_1_179' title='bbox 2137 1531 2478 1606; x_wconf 89' lang='lat' dir='ltr'><strong>instituunt,</strong></span> <span class='ocrx_word' id='word_1_180' title='bbox 2509 1531 2759 1593; x_wconf 83' lang='lat' dir='ltr'><strong>aliorum</strong></span> <span class='ocrx_word' id='word_1_181' title='bbox 2786 1533 3012 1612; x_wconf 87' lang='lat' dir='ltr'><strong>aliquot</strong></span> <span class='ocrx_word' id='word_1_182' title='bbox 3041 1541 3382 1593; x_wconf 91' lang='lat' dir='ltr'><strong>sanctorum</strong></span> <span class='ocrx_word' id='word_1_183' title='bbox 3411 1550 3788 1593; x_wconf 84' lang='lat' dir='ltr'><strong>commemo-</strong></span> 
     </span>
    </p>
   </div>
   <div class='ocr_carea' id='block_1_31' title="bbox 2136 1619 3791 1702">
    <p class='ocr_par' dir='ltr' id='par_1_31' title="bbox 2136 1619 3791 1702">
     <span class='ocr_line' id='line_1_31' title="bbox 2136 1619 3791 1702; baseline 0 -20"><span class='ocrx_word' id='word_1_184' title='bbox 2136 1621 2367 1683; x_wconf 85' lang='lat' dir='ltr'><strong>ratione</strong></span> <span class='ocrx_word' id='word_1_185' title='bbox 2423 1621 2725 1701; x_wconf 74' lang='lat' dir='ltr'><strong>adjuncta,</strong></span> <span class='ocrx_word' id='word_1_186' title='bbox 2789 1621 3010 1682; x_wconf 85' lang='lat' dir='ltr'><strong>faciunt</strong></span> <span class='ocrx_word' id='word_1_187' title='bbox 3065 1621 3351 1683; x_wconf 82' lang='lat' dir='ltr'><strong>oﬂicium.</strong></span> <span class='ocrx_word' id='word_1_188' title='bbox 3399 1619 3661 1702; x_wconf 87' lang='lat' dir='ltr'><strong>Quisque</strong></span> <span class='ocrx_word' id='word_1_189' title='bbox 3710 1621 3791 1682; x_wconf 89' lang='lat' dir='ltr'><strong>ita</strong></span> 
     </span>
    </p>
   </div>
   <div class='ocr_carea' id='block_1_32' title="bbox 2134 1709 3789 1791">
    <p class='ocr_par' dir='ltr' id='par_1_32' title="bbox 2134 1709 3789 1791">
     <span class='ocr_line' id='line_1_32' title="bbox 2134 1709 3789 1791; baseline -0.001 -19"><span class='ocrx_word' id='word_1_190' title='bbox 2134 1728 2262 1772; x_wconf 89' lang='lat' dir='ltr'><strong>rem</strong></span> <span class='ocrx_word' id='word_1_191' title='bbox 2324 1711 2545 1773; x_wconf 87' lang='lat' dir='ltr'><strong>habere</strong></span> <span class='ocrx_word' id='word_1_192' title='bbox 2599 1711 2967 1791; x_wconf 82' lang='lat' dir='ltr'><strong>comperiet,</strong></span> <span class='ocrx_word' id='word_1_193' title='bbox 3022 1711 3122 1791; x_wconf 89' lang='lat' dir='ltr'><strong>qui</strong></span> <span class='ocrx_word' id='word_1_194' title='bbox 3172 1729 3382 1789; x_wconf 89' lang='lat' dir='ltr'><strong>magna</strong></span> <span class='ocrx_word' id='word_1_195' title='bbox 3440 1709 3789 1773; x_wconf 61' lang='lat' dir='ltr'><strong>Graecorum</strong></span> 
     </span>
    </p>
   </div>
   <div class='ocr_carea' id='block_1_33' title="bbox 411 1795 3786 1887">
    <p class='ocr_par' dir='ltr' id='par_1_33' title="bbox 411 1795 3786 1887">
     <span class='ocr_line' id='line_1_33' title="bbox 411 1795 3786 1887; baseline 0.001 -29"><span class='ocrx_word' id='word_1_196' title='bbox 411 1795 794 1884; x_wconf 87' lang='lat' dir='ltr'><strong>Kalendario,</strong></span> <span class='ocrx_word' id='word_1_197' title='bbox 841 1804 1295 1887; x_wconf 76' lang='lat' dir='ltr'><strong>Ruthenicoque</strong></span> <span class='ocrx_word' id='word_1_198' title='bbox 1345 1795 1502 1868; x_wconf 79' lang='lat' dir='ltr'><strong>item</strong></span> <span class='ocrx_word' id='word_1_199' title='bbox 1523 1854 1538 1882; x_wconf 94' lang='lat'><strong>,</strong></span> <span class='ocrx_word' id='word_1_200' title='bbox 1594 1805 1752 1882; x_wconf 88' lang='lat' dir='ltr'><strong>quod</strong></span> <span class='ocrx_word' id='word_1_201' title='bbox 1817 1803 2053 1866; x_wconf 86' lang='lat' dir='ltr'><strong>Moscua</strong></span> <span class='ocrx_word' id='word_1_202' title='bbox 2076 1835 2113 1886; x_wconf 70' lang='grc' dir='ltr'><strong>Β</strong></span> <span class='ocrx_word' id='word_1_203' title='bbox 2137 1803 2357 1862; x_wconf 84' lang='lat' dir='ltr'><strong>Menaea</strong></span> <span class='ocrx_word' id='word_1_204' title='bbox 2389 1818 2622 1873; x_wconf 86' lang='lat' dir='ltr'><strong>excusa,</strong></span> <span class='ocrx_word' id='word_1_205' title='bbox 2658 1799 2967 1880; x_wconf 84' lang='lat' dir='ltr'><strong>Typicum,</strong></span> <span class='ocrx_word' id='word_1_206' title='bbox 2999 1800 3189 1860; x_wconf 87' lang='lat' dir='ltr'><strong>sancti</strong></span> <span class='ocrx_word' id='word_1_207' title='bbox 3215 1799 3385 1862; x_wconf 65' lang='lat' dir='ltr'><strong>Saba;</strong></span> <span class='ocrx_word' id='word_1_208' title='bbox 3416 1801 3659 1861; x_wconf 88' lang='lat' dir='ltr'><strong>nomine</strong></span> <span class='ocrx_word' id='word_1_209' title='bbox 3688 1798 3786 1860; x_wconf 90' lang='lat' dir='ltr'><strong>in-</strong></span> 
     </span>
    </p>
   </div>
   <div class='ocr_carea' id='block_1_34' title="bbox 410 1892 2051 1975">
    <p class='ocr_par' dir='ltr' id='par_1_34' title="bbox 410 1892 2051 1975">
     <span class='ocr_line' id='line_1_34' title="bbox 410 1892 2051 1975; baseline 0.005 -27"><span class='ocrx_word' id='word_1_210' title='bbox 410 1904 566 1949; x_wconf 87' lang='lat' dir='ltr'><strong>anno</strong></span> <span class='ocrx_word' id='word_1_211' title='bbox 599 1892 754 1957; x_wconf 73' lang='lat'><strong>1688</strong></span> <span class='ocrx_word' id='word_1_212' title='bbox 783 1893 1071 1975; x_wconf 84' lang='lat' dir='ltr'><strong>Georgius</strong></span> <span class='ocrx_word' id='word_1_213' title='bbox 1102 1895 1308 1973; x_wconf 80' lang='lat' dir='ltr'><strong>David,</strong></span> <span class='ocrx_word' id='word_1_214' title='bbox 1343 1895 1654 1959; x_wconf 87' lang='lat' dir='ltr'><strong>Societatis</strong></span> <span class='ocrx_word' id='word_1_215' title='bbox 1704 1901 1927 1956; x_wconf 63' lang='lat' dir='ltr'><strong>nostra;</strong></span> <span class='ocrx_word' id='word_1_216' title='bbox 1952 1911 2051 1956; x_wconf 91' lang='lat' dir='ltr'><strong>sa-</strong></span> 
     </span>
    </p>
   </div>
   <div class='ocr_carea' id='block_1_35' title="bbox 411 1976 2052 2069">
    <p class='ocr_par' dir='ltr' id='par_1_35' title="bbox 411 1976 2052 2069">
     <span class='ocr_line' id='line_1_35' title="bbox 411 1976 2052 2069; baseline 0.005 -33"><span class='ocrx_word' id='word_1_217' title='bbox 411 1976 644 2069; x_wconf 66' lang='lat' dir='ltr'><strong>cerdos,</strong></span> <span class='ocrx_word' id='word_1_218' title='bbox 681 1982 752 2044; x_wconf 91' lang='lat' dir='ltr'><strong>ad</strong></span> <span class='ocrx_word' id='word_1_219' title='bbox 788 2002 899 2045; x_wconf 91' lang='lat' dir='ltr'><strong>nos</strong></span> <span class='ocrx_word' id='word_1_220' title='bbox 947 1984 1132 2059; x_wconf 88' lang='lat' dir='ltr'><strong>misit,</strong></span> <span class='ocrx_word' id='word_1_221' title='bbox 1168 1985 1517 2069; x_wconf 76' lang='lat' dir='ltr'><strong>Synaxario.</strong></span> <span class='ocrx_word' id='word_1_222' title='bbox 1555 1984 1727 2069; x_wconf 85' lang='lat' dir='ltr'><strong>Quod</strong></span> <span class='ocrx_word' id='word_1_223' title='bbox 1782 2001 1926 2046; x_wconf 90' lang='lat' dir='ltr'><strong>vero</strong></span> <span class='ocrx_word' id='word_1_224' title='bbox 1980 1982 2052 2046; x_wconf 88' lang='lat' dir='ltr'><strong>ad</strong></span> 
     </span>
    </p>
   </div>
   <div class='ocr_carea' id='block_1_36' title="bbox 411 2063 2052 2155">
    <p class='ocr_par' dir='ltr' id='par_1_36' title="bbox 411 2063 2052 2155">
     <span class='ocr_line' id='line_1_36' title="bbox 411 2063 2052 2155; baseline 0.003 -26"><span class='ocrx_word' id='word_1_225' title='bbox 411 2063 674 2148; x_wconf 88' lang='lat' dir='ltr'><strong>Coptitas</strong></span> <span class='ocrx_word' id='word_1_226' title='bbox 706 2089 774 2133; x_wconf 90' lang='lat' dir='ltr'><strong>ac</strong></span> <span class='ocrx_word' id='word_1_227' title='bbox 794 2072 970 2154; x_wconf 88' lang='lat' dir='ltr'><strong>Syros</strong></span> <span class='ocrx_word' id='word_1_228' title='bbox 1002 2063 1284 2155; x_wconf 81' lang='lat' dir='ltr'><strong>pertinet,</strong></span> <span class='ocrx_word' id='word_1_229' title='bbox 1318 2075 1470 2154; x_wconf 86' lang='lat' dir='ltr'><strong>apud</strong></span> <span class='ocrx_word' id='word_1_230' title='bbox 1503 2066 1686 2137; x_wconf 76' lang='lat' dir='ltr'><strong>hosCe</strong></span> <span class='ocrx_word' id='word_1_231' title='bbox 1716 2073 1958 2155; x_wconf 89' lang='lat' dir='ltr'><strong>quidem</strong></span> <span class='ocrx_word' id='word_1_232' title='bbox 1994 2075 2052 2135; x_wconf 92' lang='lat' dir='ltr'><strong>in</strong></span> 
     </span>
    </p>
   </div>
   <div class='ocr_carea' id='block_1_37' title="bbox 411 2157 2055 2247">
    <p class='ocr_par' dir='ltr' id='par_1_37' title="bbox 411 2157 2055 2247">
     <span class='ocr_line' id='line_1_37' title="bbox 411 2157 2055 2247; baseline 0.003 -29"><span class='ocrx_word' id='word_1_233' title='bbox 411 2157 651 2237; x_wconf 88' lang='lat' dir='ltr'><strong>Syriaco</strong></span> <span class='ocrx_word' id='word_1_234' title='bbox 682 2178 785 2224; x_wconf 90' lang='lat' dir='ltr'><strong>seu</strong></span> <span class='ocrx_word' id='word_1_235' title='bbox 819 2164 1159 2246; x_wconf 87' lang='lat' dir='ltr'><strong>Chaldaico,</strong></span> <span class='ocrx_word' id='word_1_236' title='bbox 1192 2166 1343 2247; x_wconf 88' lang='lat' dir='ltr'><strong>typis</strong></span> <span class='ocrx_word' id='word_1_237' title='bbox 1373 2164 1659 2228; x_wconf 79' lang='lat' dir='ltr'><strong>Romanis</strong></span> <span class='ocrx_word' id='word_1_238' title='bbox 1706 2182 1862 2226; x_wconf 88' lang='lat' dir='ltr'><strong>anno</strong></span> <span class='ocrx_word' id='word_1_239' title='bbox 1896 2162 2055 2227; x_wconf 71' lang='lat'><strong>1624</strong></span> 
     </span>
    </p>
   </div>
   <div class='ocr_carea' id='block_1_38' title="bbox 411 2248 2049 2335">
    <p class='ocr_par' dir='ltr' id='par_1_38' title="bbox 411 2248 2049 2335">
     <span class='ocr_line' id='line_1_38' title="bbox 411 2248 2049 2335; baseline 0.006 -29"><span class='ocrx_word' id='word_1_240' title='bbox 411 2248 834 2328; x_wconf 87' lang='lat' dir='ltr'><strong>vulgato,qund</strong></span> <span class='ocrx_word' id='word_1_241' title='bbox 858 2254 1063 2317; x_wconf 89' lang='lat' dir='ltr'><strong>Latine</strong></span> <span class='ocrx_word' id='word_1_242' title='bbox 1085 2255 1221 2318; x_wconf 90' lang='lat' dir='ltr'><strong>dein</strong></span> <span class='ocrx_word' id='word_1_243' title='bbox 1245 2255 1543 2319; x_wconf 82' lang='lat' dir='ltr'><strong>redditum</strong></span> <span class='ocrx_word' id='word_1_244' title='bbox 1581 2272 1767 2335; x_wconf 88' lang='lat' dir='ltr'><strong>penes</strong></span> <span class='ocrx_word' id='word_1_245' title='bbox 1797 2272 1905 2315; x_wconf 91' lang='lat' dir='ltr'><strong>nos</strong></span> <span class='ocrx_word' id='word_1_246' title='bbox 1936 2271 2049 2316; x_wconf 91' lang='lat' dir='ltr'><strong>ms.</strong></span> 
     </span>
    </p>
   </div>
   <div class='ocr_carea' id='block_1_39' title="bbox 409 2341 2047 2427">
    <p class='ocr_par' dir='ltr' id='par_1_39' title="bbox 409 2341 2047 2427">
     <span class='ocr_line' id='line_1_39' title="bbox 409 2341 2047 2427; baseline 0.002 -27"><span class='ocrx_word' id='word_1_247' title='bbox 409 2347 621 2413; x_wconf 83' lang='lat' dir='ltr'><strong>exstat,</strong></span> <span class='ocrx_word' id='word_1_248' title='bbox 680 2341 1035 2406; x_wconf 88' lang='lat' dir='ltr'><strong>Kalendario</strong></span> <span class='ocrx_word' id='word_1_249' title='bbox 1070 2363 1083 2405; x_wconf 93' lang='lat'>:</span> <span class='ocrx_word' id='word_1_250' title='bbox 1138 2347 1293 2427; x_wconf 91' lang='lat' dir='ltr'><strong>apud</strong></span> <span class='ocrx_word' id='word_1_251' title='bbox 1356 2345 1493 2406; x_wconf 89' lang='lat' dir='ltr'><strong>illos</strong></span> <span class='ocrx_word' id='word_1_252' title='bbox 1523 2360 1660 2405; x_wconf 87' lang='lat' dir='ltr'><strong>vero</strong></span> <span class='ocrx_word' id='word_1_253' title='bbox 1693 2344 1753 2404; x_wconf 90' lang='lat' dir='ltr'><strong>in</strong></span> <span class='ocrx_word' id='word_1_254' title='bbox 1780 2342 2047 2423; x_wconf 79' lang='lat' dir='ltr'><strong>Coptica,</strong></span> 
     </span>
    </p>
   </div>
   <div class='ocr_carea' id='block_1_40' title="bbox 409 2429 2049 2516">
    <p class='ocr_par' dir='ltr' id='par_1_40' title="bbox 409 2429 2049 2516">
     <span class='ocr_line' id='line_1_40' title="bbox 409 2429 2049 2516; baseline 0.002 -27"><span class='ocrx_word' id='word_1_255' title='bbox 409 2429 563 2509; x_wconf 91' lang='lat' dir='ltr'><strong>quod</strong></span> <span class='ocrx_word' id='word_1_256' title='bbox 610 2431 927 2508; x_wconf 88' lang='lat' dir='ltr'><strong>habemus,</strong></span> <span class='ocrx_word' id='word_1_257' title='bbox 992 2435 1274 2516; x_wconf 90' lang='lat' dir='ltr'><strong>quodque</strong></span> <span class='ocrx_word' id='word_1_258' title='bbox 1312 2453 1345 2498; x_wconf 90' lang='lat' dir='ltr'><strong>a</strong></span> <span class='ocrx_word' id='word_1_259' title='bbox 1373 2435 1688 2512; x_wconf 86' lang='lat' dir='ltr'><strong>Kirchero,</strong></span> <span class='ocrx_word' id='word_1_260' title='bbox 1736 2433 2049 2496; x_wconf 89' lang='lat' dir='ltr'><strong>Societatis</strong></span> 
     </span>
    </p>
   </div>
   <div class='ocr_carea' id='block_1_41' title="bbox 411 2523 2046 2603">
    <p class='ocr_par' dir='ltr' id='par_1_41' title="bbox 411 2523 2046 2603">
     <span class='ocr_line' id='line_1_41' title="bbox 411 2523 2046 2603; baseline 0.004 -26"><span class='ocrx_word' id='word_1_261' title='bbox 411 2527 630 2582; x_wconf 61' lang='lat' dir='ltr'><strong>nostra;</strong></span> <span class='ocrx_word' id='word_1_262' title='bbox 652 2524 1049 2597; x_wconf 84' lang='lat' dir='ltr'><strong>sacerdote,in</strong></span> <span class='ocrx_word' id='word_1_263' title='bbox 1083 2525 1342 2603; x_wconf 83' lang='lat' dir='ltr'><strong>linguam</strong></span> <span class='ocrx_word' id='word_1_264' title='bbox 1377 2524 1639 2587; x_wconf 89' lang='lat' dir='ltr'><strong>Latinam</strong></span> <span class='ocrx_word' id='word_1_265' title='bbox 1690 2523 1870 2585; x_wconf 89' lang='lat' dir='ltr'><strong>fuisse</strong></span> <span class='ocrx_word' id='word_1_266' title='bbox 1908 2542 2046 2585; x_wconf 90' lang='lat' dir='ltr'><strong>con-</strong></span> 
     </span>
    </p>
   </div>
   <div class='ocr_carea' id='block_1_42' title="bbox 407 2612 2046 2694">
    <p class='ocr_par' dir='ltr' id='par_1_42' title="bbox 407 2612 2046 2694">
     <span class='ocr_line' id='line_1_42' title="bbox 407 2612 2046 2694; baseline 0.004 -28"><span class='ocrx_word' id='word_1_267' title='bbox 407 2625 641 2670; x_wconf 85' lang='lat' dir='ltr'><strong>versum</strong></span> <span class='ocrx_word' id='word_1_268' title='bbox 676 2613 1445 2694; x_wconf 86' lang='lat' dir='ltr'><strong>suspicamur,Kalendario</strong></span> <span class='ocrx_word' id='word_1_269' title='bbox 1476 2630 1589 2675; x_wconf 87' lang='lat' dir='ltr'><strong>ms.</strong></span> <span class='ocrx_word' id='word_1_270' title='bbox 1623 2612 1827 2674; x_wconf 90' lang='lat' dir='ltr'><strong>Sancti</strong></span> <span class='ocrx_word' id='word_1_271' title='bbox 1859 2612 2046 2673; x_wconf 88' lang='lat' dir='ltr'><strong>nostri</strong></span> 
     </span>
    </p>
   </div>
   <div class='ocr_carea' id='block_1_43' title="bbox 408 2700 2048 2781">
    <p class='ocr_par' dir='ltr' id='par_1_43' title="bbox 408 2700 2048 2781">
     <span class='ocr_line' id='line_1_43' title="bbox 408 2700 2048 2781; baseline 0.003 -24"><span class='ocrx_word' id='word_1_272' title='bbox 408 2715 645 2760; x_wconf 79' lang='lat' dir='ltr'><strong>nomen-</strong></span> <span class='ocrx_word' id='word_1_273' title='bbox 678 2712 1064 2765; x_wconf 83' lang='lat' dir='ltr'><strong>memoratur.</strong></span> <span class='ocrx_word' id='word_1_274' title='bbox 1104 2703 1189 2766; x_wconf 83' lang='lat' dir='ltr'><strong>Ac</strong></span> <span class='ocrx_word' id='word_1_275' title='bbox 1236 2708 1296 2765; x_wconf 89' lang='lat' dir='ltr'><strong>in</strong></span> <span class='ocrx_word' id='word_1_276' title='bbox 1346 2702 1468 2765; x_wconf 87' lang='lat' dir='ltr'><strong>illis</strong></span> <span class='ocrx_word' id='word_1_277' title='bbox 1495 2702 1741 2781; x_wconf 89' lang='lat' dir='ltr'><strong>quidem</strong></span> <span class='ocrx_word' id='word_1_278' title='bbox 1771 2700 2048 2763; x_wconf 88' lang='lat' dir='ltr'><strong>omnibus</strong></span> 
     </span>
    </p>
   </div>
   <div class='ocr_carea' id='block_1_44' title="bbox 407 2789 2047 2873">
    <p class='ocr_par' dir='ltr' id='par_1_44' title="bbox 407 2789 2047 2873">
     <span class='ocr_line' id='line_1_44' title="bbox 407 2789 2047 2873; baseline 0.004 -27"><span class='ocrx_word' id='word_1_279' title='bbox 407 2789 773 2851; x_wconf 87' lang='lat' dir='ltr'><strong>enumeratis</strong></span> <span class='ocrx_word' id='word_1_280' title='bbox 832 2792 1019 2854; x_wconf 86' lang='lat' dir='ltr'><strong>Fastis</strong></span> <span class='ocrx_word' id='word_1_281' title='bbox 1075 2792 1263 2855; x_wconf 87' lang='lat' dir='ltr'><strong>sacris</strong></span> <span class='ocrx_word' id='word_1_282' title='bbox 1314 2791 1651 2873; x_wconf 67' lang='lat' dir='ltr'><strong>Ethiopes,</strong></span> <span class='ocrx_word' id='word_1_283' title='bbox 1709 2792 1886 2854; x_wconf 81' lang='lat' dir='ltr'><strong>Russi</strong></span> <span class='ocrx_word' id='word_1_284' title='bbox 1940 2809 2047 2852; x_wconf 88' lang='lat' dir='ltr'><strong>seu</strong></span> 
     </span>
    </p>
   </div>
   <div class='ocr_carea' id='block_1_45' title="bbox 406 2879 2044 2960">
    <p class='ocr_par' dir='ltr' id='par_1_45' title="bbox 406 2879 2044 2960">
     <span class='ocr_line' id='line_1_45' title="bbox 406 2879 2044 2960; baseline 0.009 -27"><span class='ocrx_word' id='word_1_285' title='bbox 406 2879 595 2946; x_wconf 80' lang='lat' dir='ltr'><strong>Mosci,</strong></span> <span class='ocrx_word' id='word_1_286' title='bbox 646 2881 872 2956; x_wconf 83' lang='lat' dir='ltr'><strong>Coptitae</strong></span> <span class='ocrx_word' id='word_1_287' title='bbox 902 2901 967 2942; x_wconf 86' lang='lat' dir='ltr'><strong>ac</strong></span> <span class='ocrx_word' id='word_1_288' title='bbox 998 2886 1117 2960; x_wconf 89' lang='lat' dir='ltr'><strong>Syri</strong></span> <span class='ocrx_word' id='word_1_289' title='bbox 1156 2901 1292 2952; x_wconf 90' lang='lat' dir='ltr'><strong>non,</strong></span> <span class='ocrx_word' id='word_1_290' title='bbox 1323 2884 1811 2958; x_wconf 87' lang='lat' dir='ltr'><strong>quemadmodum</strong></span> <span class='ocrx_word' id='word_1_291' title='bbox 1840 2884 2044 2948; x_wconf 82' lang='lat' dir='ltr'><strong>Latini.</strong></span> 
     </span>
    </p>
   </div>
   <div class='ocr_carea' id='block_1_46' title="bbox 405 2965 2043 3037">
    <p class='ocr_par' dir='ltr' id='par_1_46' title="bbox 405 2965 2043 3037">
     <span class='ocr_line' id='line_1_46' title="bbox 405 2965 2043 3037; baseline 0.001 -16"><span class='ocrx_word' id='word_1_292' title='bbox 405 2965 475 3021; x_wconf 90' lang='lat' dir='ltr'><strong>ad</strong></span> <span class='ocrx_word' id='word_1_293' title='bbox 507 2966 563 3036; x_wconf 88' lang='lat'><strong>8,</strong></span> <span class='ocrx_word' id='word_1_294' title='bbox 587 2968 685 3025; x_wconf 87' lang='lat' dir='ltr'><strong>sed</strong></span> <span class='ocrx_word' id='word_1_295' title='bbox 710 2970 778 3025; x_wconf 89' lang='lat' dir='ltr'><strong>ad</strong></span> <span class='ocrx_word' id='word_1_296' title='bbox 801 2970 872 3026; x_wconf 78' lang='lat'><strong>26</strong></span> <span class='ocrx_word' id='word_1_297' title='bbox 891 2969 1157 3028; x_wconf 89' lang='lat' dir='ltr'><strong>Octobris</strong></span> <span class='ocrx_word' id='word_1_298' title='bbox 1174 2970 1324 3029; x_wconf 87' lang='lat' dir='ltr'><strong>diem</strong></span> <span class='ocrx_word' id='word_1_299' title='bbox 1346 2970 1702 3028; x_wconf 85' lang='lat' dir='ltr'><strong>Demetrium</strong></span> <span class='ocrx_word' id='word_1_300' title='bbox 1731 2968 2043 3037; x_wconf 76' lang='lat' dir='ltr'><strong>celebrant,</strong></span> 
     </span>
    </p>
   </div>
   <div class='ocr_carea' id='block_1_47' title="bbox 406 3047 2042 3130">
    <p class='ocr_par' dir='ltr' id='par_1_47' title="bbox 406 3047 2042 3130">
     <span class='ocr_line' id='line_1_47' title="bbox 406 3047 2042 3130; baseline 0.001 -17"><span class='ocrx_word' id='word_1_301' title='bbox 406 3047 642 3114; x_wconf 78' lang='lat' dir='ltr'><strong>Graecos</strong></span> <span class='ocrx_word' id='word_1_302' title='bbox 675 3054 1149 3129; x_wconf 89' lang='lat' dir='ltr'><strong>verosimillime,</strong></span> <span class='ocrx_word' id='word_1_303' title='bbox 1183 3074 1259 3117; x_wconf 90' lang='lat' dir='ltr'><strong>ne</strong></span> <span class='ocrx_word' id='word_1_304' title='bbox 1286 3054 1479 3117; x_wconf 90' lang='lat' dir='ltr'><strong>dicam</strong></span> <span class='ocrx_word' id='word_1_305' title='bbox 1513 3053 1782 3127; x_wconf 83' lang='lat' dir='ltr'><strong>indubia,</strong></span> <span class='ocrx_word' id='word_1_306' title='bbox 1809 3052 2042 3130; x_wconf 84' lang='lat' dir='ltr'><strong>imtiati,</strong></span> 
     </span>
    </p>
   </div>
   <div class='ocr_carea' id='block_1_48' title="bbox 405 3144 2045 3230">
    <p class='ocr_par' dir='ltr' id='par_1_48' title="bbox 405 3144 2045 3230">
     <span class='ocr_line' id='line_1_48' title="bbox 405 3144 2045 3230; baseline 0.002 -26"><span class='ocrx_word' id='word_1_307' title='bbox 405 3144 504 3224; x_wconf 89' lang='lat' dir='ltr'><strong>qui</strong></span> <span class='ocrx_word' id='word_1_308' title='bbox 536 3145 608 3206; x_wconf 88' lang='lat' dir='ltr'><strong>ad</strong></span> <span class='ocrx_word' id='word_1_309' title='bbox 642 3148 919 3209; x_wconf 89' lang='lat' dir='ltr'><strong>eumdem</strong></span> <span class='ocrx_word' id='word_1_310' title='bbox 954 3150 1175 3230; x_wconf 88' lang='lat' dir='ltr'><strong>pariter</strong></span> <span class='ocrx_word' id='word_1_311' title='bbox 1212 3148 1292 3210; x_wconf 72' lang='lat'><strong>26</strong></span> <span class='ocrx_word' id='word_1_312' title='bbox 1319 3145 1598 3212; x_wconf 85' lang='lat' dir='ltr'><strong>Octobris</strong></span> <span class='ocrx_word' id='word_1_313' title='bbox 1625 3147 1811 3219; x_wconf 90' lang='lat' dir='ltr'><strong>diem,</strong></span> <span class='ocrx_word' id='word_1_314' title='bbox 1837 3155 2045 3208; x_wconf 89' lang='lat' dir='ltr'><strong>contra</strong></span> 
     </span>
    </p>
   </div>
   <div class='ocr_carea' id='block_1_49' title="bbox 2134 1887 3789 1970">
    <p class='ocr_par' dir='ltr' id='par_1_49' title="bbox 2134 1887 3789 1970">
     <span class='ocr_line' id='line_1_49' title="bbox 2134 1887 3789 1970; baseline 0.001 -19"><span class='ocrx_word' id='word_1_315' title='bbox 2134 1889 3153 1970; x_wconf 85' lang='lat' dir='ltr'><strong>signitum,novissimumque,quod</strong></span> <span class='ocrx_word' id='word_1_316' title='bbox 3177 1908 3332 1950; x_wconf 90' lang='lat' dir='ltr'><strong>anno</strong></span> <span class='ocrx_word' id='word_1_317' title='bbox 3357 1887 3510 1952; x_wconf 75' lang='lat'><strong>1738</strong></span> <span class='ocrx_word' id='word_1_318' title='bbox 3532 1888 3789 1969; x_wconf 84' lang='lat' dir='ltr'><strong>impres-</strong></span> 
     </span>
    </p>
   </div>
   <div class='ocr_carea' id='block_1_50' title="bbox 2135 1977 3787 2058">
    <p class='ocr_par' dir='ltr' id='par_1_50' title="bbox 2135 1977 3787 2058">
     <span class='ocr_line' id='line_1_50' title="bbox 2135 1977 3787 2058; baseline -0.001 -16"><span class='ocrx_word' id='word_1_319' title='bbox 2135 2000 2266 2042; x_wconf 87' lang='lat' dir='ltr'><strong>sum</strong></span> <span class='ocrx_word' id='word_1_320' title='bbox 2302 1988 2561 2055; x_wconf 85' lang='lat' dir='ltr'><strong>notatur,</strong></span> <span class='ocrx_word' id='word_1_321' title='bbox 2591 1979 3013 2058; x_wconf 83' lang='lat' dir='ltr'><strong>Anthoiogium</strong></span> <span class='ocrx_word' id='word_1_322' title='bbox 3048 1978 3118 2040; x_wconf 89' lang='lat' dir='ltr'><strong>ad</strong></span> <span class='ocrx_word' id='word_1_323' title='bbox 3154 1980 3373 2041; x_wconf 88' lang='lat' dir='ltr'><strong>dictum</strong></span> <span class='ocrx_word' id='word_1_324' title='bbox 3398 1977 3477 2039; x_wconf 78' lang='lat'><strong>26</strong></span> <span class='ocrx_word' id='word_1_325' title='bbox 3501 1979 3787 2043; x_wconf 89' lang='lat' dir='ltr'><strong>Octobris</strong></span> 
     </span>
    </p>
   </div>
   <div class='ocr_carea' id='block_1_51' title="bbox 2135 2068 3788 2150">
    <p class='ocr_par' dir='ltr' id='par_1_51' title="bbox 2135 2068 3788 2150">
     <span class='ocr_line' id='line_1_51' title="bbox 2135 2068 3788 2150; baseline 0.001 -20"><span class='ocrx_word' id='word_1_326' title='bbox 2135 2068 2292 2131; x_wconf 91' lang='lat' dir='ltr'><strong>diem</strong></span> <span class='ocrx_word' id='word_1_327' title='bbox 2320 2068 2901 2150; x_wconf 69' lang='lat' dir='ltr'><strong>inspexerit.Vrrum</strong></span> <span class='ocrx_word' id='word_1_328' title='bbox 2925 2088 2958 2132; x_wconf 87' lang='lat' dir='ltr'><strong>a</strong></span> <span class='ocrx_word' id='word_1_329' title='bbox 2994 2088 3113 2145; x_wconf 85' lang='lat' dir='ltr'><strong>quo</strong></span> <span class='ocrx_word' id='word_1_330' title='bbox 3134 2079 3406 2149; x_wconf 90' lang='lat' dir='ltr'><strong>tempore</strong></span> <span class='ocrx_word' id='word_1_331' title='bbox 3426 2069 3788 2131; x_wconf 88' lang='lat' dir='ltr'><strong>ecclesiasti-</strong></span> 
     </span>
    </p>
   </div>
   <div class='ocr_carea' id='block_1_52' title="bbox 2134 2157 3782 2241">
    <p class='ocr_par' dir='ltr' id='par_1_52' title="bbox 2134 2157 3782 2241">
     <span class='ocr_line' id='line_1_52' title="bbox 2134 2157 3782 2241; baseline -0.001 -19"><span class='ocrx_word' id='word_1_332' title='bbox 2134 2179 2240 2222; x_wconf 74' lang='lat' dir='ltr'><strong>cus</strong></span> <span class='ocrx_word' id='word_1_333' title='bbox 2267 2158 2368 2219; x_wconf 92' lang='lat' dir='ltr'><strong>ille</strong></span> <span class='ocrx_word' id='word_1_334' title='bbox 2391 2158 2582 2219; x_wconf 90' lang='lat' dir='ltr'><strong>cultus</strong></span> <span class='ocrx_word' id='word_1_335' title='bbox 2610 2167 2812 2220; x_wconf 88' lang='lat' dir='ltr'><strong>sancto</strong></span> <span class='ocrx_word' id='word_1_336' title='bbox 2839 2157 3139 2220; x_wconf 90' lang='lat' dir='ltr'><strong>Demetrio</strong></span> <span class='ocrx_word' id='word_1_337' title='bbox 3178 2177 3210 2219; x_wconf 91' lang='lat' dir='ltr'><strong>a</strong></span> <span class='ocrx_word' id='word_1_338' title='bbox 3250 2157 3472 2221; x_wconf 67' lang='lat' dir='ltr'><strong>Graecis</strong></span> <span class='ocrx_word' id='word_1_339' title='bbox 3505 2159 3601 2241; x_wconf 90' lang='lat' dir='ltr'><strong>qui</strong></span> <span class='ocrx_word' id='word_1_340' title='bbox 3641 2177 3782 2220; x_wconf 91' lang='lat' dir='ltr'><strong>eum</strong></span> 
     </span>
    </p>
   </div>
   <div class='ocr_carea' id='block_1_53' title="bbox 2136 2247 3785 2329">
    <p class='ocr_par' dir='ltr' id='par_1_53' title="bbox 2136 2247 3785 2329">
     <span class='ocr_line' id='line_1_53' title="bbox 2136 2247 3785 2329; baseline -0.001 -19"><span class='ocrx_word' id='word_1_341' title='bbox 2136 2256 2427 2328; x_wconf 72' lang='lat' dir='ltr'><strong>praeterea</strong></span> <span class='ocrx_word' id='word_1_342' title='bbox 2448 2247 3067 2308; x_wconf 80' lang='lat' dir='ltr'><strong>honoriﬁcentissimis</strong></span> <span class='ocrx_word' id='word_1_343' title='bbox 3106 2251 3580 2327; x_wconf 71' lang='grc' dir='ltr'><strong>μεγι).ομάρτυρος</strong></span> <span class='ocrx_word' id='word_1_344' title='bbox 3602 2257 3785 2329; x_wconf 81' lang='lat' dir='ltr'><strong>atque</strong></span> 
     </span>
    </p>
   </div>
   <div class='ocr_carea' id='block_1_54' title="bbox 2133 2335 3783 2411">
    <p class='ocr_par' dir='ltr' id='par_1_54' title="bbox 2133 2335 3783 2411">
     <span class='ocr_line' id='line_1_54' title="bbox 2133 2335 3783 2411; baseline 0 -12"><span class='ocrx_word' id='word_1_345' title='bbox 2133 2336 2207 2399; x_wconf 91' lang='lat' dir='ltr'><strong>ab</strong></span> <span class='ocrx_word' id='word_1_346' title='bbox 2257 2337 2550 2399; x_wconf 86' lang='lat' dir='ltr'><strong>rationem</strong></span> <span class='ocrx_word' id='word_1_347' title='bbox 2616 2335 2767 2398; x_wconf 86' lang='lat' dir='ltr'><strong>infra</strong></span> <span class='ocrx_word' id='word_1_348' title='bbox 2825 2336 3141 2400; x_wconf 86' lang='lat' dir='ltr'><strong>dicendam</strong></span> <span class='ocrx_word' id='word_1_349' title='bbox 3200 2337 3528 2411; x_wconf 80' lang='grc' dir='ltr'><strong>μυροϐλύτου</strong></span> <span class='ocrx_word' id='word_1_350' title='bbox 3592 2338 3783 2399; x_wconf 85' lang='lat' dir='ltr'><strong>titulis</strong></span> 
     </span>
    </p>
   </div>
   <div class='ocr_carea' id='block_1_55' title="bbox 2133 2426 3780 2508">
    <p class='ocr_par' dir='ltr' id='par_1_55' title="bbox 2133 2426 3780 2508">
     <span class='ocr_line' id='line_1_55' title="bbox 2133 2426 3780 2508; baseline 0 -19"><span class='ocrx_word' id='word_1_351' title='bbox 2133 2429 2563 2502; x_wconf 88' lang='lat' dir='ltr'><strong>condecorant,</strong></span> <span class='ocrx_word' id='word_1_352' title='bbox 2602 2428 2780 2508; x_wconf 77' lang='lat' dir='ltr'><strong>cmpit</strong></span> <span class='ocrx_word' id='word_1_353' title='bbox 2809 2426 3031 2487; x_wconf 81' lang='lat' dir='ltr'><strong>deferri</strong></span> <span class='ocrx_word' id='word_1_354' title='bbox 3060 2434 3088 2489; x_wconf 85' lang='lat'><strong>?</strong></span> <span class='ocrx_word' id='word_1_355' title='bbox 3118 2428 3263 2489; x_wconf 87' lang='lat' dir='ltr'><strong>Cum</strong></span> <span class='ocrx_word' id='word_1_356' title='bbox 3299 2427 3357 2487; x_wconf 92' lang='lat' dir='ltr'><strong>in</strong></span> <span class='ocrx_word' id='word_1_357' title='bbox 3390 2426 3780 2507; x_wconf 68' lang='lat' dir='ltr'><strong>praefato,quo</strong></span> 
     </span>
    </p>
   </div>
   <div class='ocr_carea' id='block_1_56' title="bbox 2133 2514 3780 2589">
    <p class='ocr_par' dir='ltr' id='par_1_56' title="bbox 2133 2514 3780 2589">
     <span class='ocr_line' id='line_1_56' title="bbox 2133 2514 3780 2589; baseline 0 -12"><span class='ocrx_word' id='word_1_358' title='bbox 2133 2516 2192 2577; x_wconf 91' lang='lat' dir='ltr'><strong>itt</strong></span> <span class='ocrx_word' id='word_1_359' title='bbox 2217 2517 2457 2579; x_wconf 78' lang='lat' dir='ltr'><strong>Menaeis</strong></span> <span class='ocrx_word' id='word_1_360' title='bbox 2482 2518 2734 2578; x_wconf 86' lang='lat' dir='ltr'><strong>Sanctus</strong></span> <span class='ocrx_word' id='word_1_361' title='bbox 2757 2514 3120 2589; x_wconf 83' lang='lat' dir='ltr'><strong>celebratur,</strong></span> <span class='ocrx_word' id='word_1_362' title='bbox 3140 2515 3544 2577; x_wconf 84' lang='lat' dir='ltr'><strong>ecclesiastico</strong></span> <span class='ocrx_word' id='word_1_363' title='bbox 3568 2514 3780 2579; x_wconf 85' lang='lat' dir='ltr'><strong>Ofﬁcio</strong></span> 
     </span>
    </p>
   </div>
   <div class='ocr_carea' id='block_1_57' title="bbox 2131 2605 3781 2685">
    <p class='ocr_par' dir='ltr' id='par_1_57' title="bbox 2131 2605 3781 2685">
     <span class='ocr_line' id='line_1_57' title="bbox 2131 2605 3781 2685; baseline -0.001 -16"><span class='ocrx_word' id='word_1_364' title='bbox 2131 2609 2620 2669; x_wconf 78' lang='lat' dir='ltr'><strong>commemoratio</strong></span> <span class='ocrx_word' id='word_1_365' title='bbox 2648 2615 2823 2665; x_wconf 74' lang='lat' dir='ltr'><strong>terrae</strong></span> <span class='ocrx_word' id='word_1_366' title='bbox 2846 2606 3172 2685; x_wconf 87' lang='lat' dir='ltr'><strong>motus,qui</strong></span> <span class='ocrx_word' id='word_1_367' title='bbox 3207 2605 3315 2666; x_wconf 85' lang='lat' dir='ltr'><strong>sub</strong></span> <span class='ocrx_word' id='word_1_368' title='bbox 3347 2606 3543 2667; x_wconf 87' lang='lat' dir='ltr'><strong>Leone</strong></span> <span class='ocrx_word' id='word_1_369' title='bbox 3575 2606 3781 2668; x_wconf 88' lang='lat' dir='ltr'><strong>Isauro</strong></span> 
     </span>
    </p>
   </div>
   <div class='ocr_carea' id='block_1_58' title="bbox 2132 2698 3779 2773">
    <p class='ocr_par' dir='ltr' id='par_1_58' title="bbox 2132 2698 3779 2773">
     <span class='ocr_line' id='line_1_58' title="bbox 2132 2698 3779 2773; baseline -0.002 -15"><span class='ocrx_word' id='word_1_370' title='bbox 2132 2702 2339 2766; x_wconf 33' lang='lat' dir='ltr'><strong>evtxntt,</strong></span> <span class='ocrx_word' id='word_1_371' title='bbox 2372 2702 2728 2769; x_wconf 76' lang='lat' dir='ltr'><strong>instituatur,</strong></span> <span class='ocrx_word' id='word_1_372' title='bbox 2753 2701 2960 2773; x_wconf 78' lang='lat' dir='ltr'><strong>hic.tu</strong></span> <span class='ocrx_word' id='word_1_373' title='bbox 2987 2699 3298 2770; x_wconf 83' lang='lat' dir='ltr'><strong>imperator</strong></span> <span class='ocrx_word' id='word_1_374' title='bbox 3319 2698 3526 2756; x_wconf 68' lang='lat' dir='ltr'><strong>saeculo</strong></span> <span class='ocrx_word' id='word_1_375' title='bbox 3554 2709 3779 2767; x_wconf 88' lang='lat' dir='ltr'><strong>octavo,</strong></span> 
     </span>
    </p>
   </div>
   <div class='ocr_carea' id='block_1_59' title="bbox 2131 2782 3780 2865">
    <p class='ocr_par' dir='ltr' id='par_1_59' title="bbox 2131 2782 3780 2865">
     <span class='ocr_line' id='line_1_59' title="bbox 2131 2782 3780 2865; baseline -0.002 -17"><span class='ocrx_word' id='word_1_376' title='bbox 2131 2786 2204 2848; x_wconf 89' lang='lat' dir='ltr'><strong>ad</strong></span> <span class='ocrx_word' id='word_1_377' title='bbox 2239 2786 2492 2847; x_wconf 88' lang='lat' dir='ltr'><strong>mediam</strong></span> <span class='ocrx_word' id='word_1_378' title='bbox 2529 2786 2651 2846; x_wconf 84' lang='lat' dir='ltr'><strong>fere</strong></span> <span class='ocrx_word' id='word_1_379' title='bbox 2683 2784 2772 2845; x_wconf 91' lang='lat' dir='ltr'><strong>sui</strong></span> <span class='ocrx_word' id='word_1_380' title='bbox 2822 2794 3045 2865; x_wconf 89' lang='lat' dir='ltr'><strong>partem</strong></span> <span class='ocrx_word' id='word_1_381' title='bbox 3100 2793 3405 2865; x_wconf 87' lang='lat' dir='ltr'><strong>provecto,</strong></span> <span class='ocrx_word' id='word_1_382' title='bbox 3442 2782 3680 2859; x_wconf 88' lang='lat' dir='ltr'><strong>obierit,</strong></span> <span class='ocrx_word' id='word_1_383' title='bbox 3720 2784 3780 2845; x_wconf 90' lang='lat' dir='ltr'><strong>id</strong></span> 
     </span>
    </p>
   </div>
   <div class='ocr_carea' id='block_1_60' title="bbox 2131 2873 3787 2957">
    <p class='ocr_par' dir='ltr' id='par_1_60' title="bbox 2131 2873 3787 2957">
     <span class='ocr_line' id='line_1_60' title="bbox 2131 2873 3787 2957; baseline -0.002 -20"><span class='ocrx_word' id='word_1_384' title='bbox 2131 2893 2277 2937; x_wconf 91' lang='lat' dir='ltr'><strong>sane</strong></span> <span class='ocrx_word' id='word_1_385' title='bbox 2293 2883 2579 2957; x_wconf 89' lang='lat' dir='ltr'><strong>quantum</strong></span> <span class='ocrx_word' id='word_1_386' title='bbox 2607 2876 2677 2936; x_wconf 90' lang='lat' dir='ltr'><strong>ad</strong></span> <span class='ocrx_word' id='word_1_387' title='bbox 2706 2873 3337 2936; x_wconf 87' lang='lat' dir='ltr'><strong>commemorationem</strong></span> <span class='ocrx_word' id='word_1_388' title='bbox 3371 2873 3535 2935; x_wconf 87' lang='lat' dir='ltr'><strong>illam</strong></span> <span class='ocrx_word' id='word_1_389' title='bbox 3571 2873 3787 2955; x_wconf 90' lang='lat' dir='ltr'><strong>nequit</strong></span> 
     </span>
    </p>
   </div>
   <div class='ocr_carea' id='block_1_61' title="bbox 2130 2963 3781 3045">
    <p class='ocr_par' dir='ltr' id='par_1_61' title="bbox 2130 2963 3781 3045">
     <span class='ocr_line' id='line_1_61' title="bbox 2130 2963 3781 3045; baseline -0.001 -18"><span class='ocrx_word' id='word_1_390' title='bbox 2130 2983 2264 3027; x_wconf 83' lang='lat' dir='ltr'><strong>esse</strong></span> <span class='ocrx_word' id='word_1_391' title='bbox 2296 2966 2409 3027; x_wconf 88' lang='lat' dir='ltr'><strong>hoc</strong></span> <span class='ocrx_word' id='word_1_392' title='bbox 2441 2963 2655 3026; x_wconf 64' lang='lat' dir='ltr'><strong>saeculo</strong></span> <span class='ocrx_word' id='word_1_393' title='bbox 2689 2963 3012 3043; x_wconf 83' lang='lat' dir='ltr'><strong>antiquius,</strong></span> <span class='ocrx_word' id='word_1_394' title='bbox 3061 2965 3295 3040; x_wconf 90' lang='lat' dir='ltr'><strong>eritque</strong></span> <span class='ocrx_word' id='word_1_395' title='bbox 3347 2963 3644 3039; x_wconf 78' lang='lat' dir='ltr'><strong>fortassis,</strong></span> <span class='ocrx_word' id='word_1_396' title='bbox 3676 2963 3781 3045; x_wconf 87' lang='lat' dir='ltr'><strong>qui</strong></span> 
     </span>
    </p>
   </div>
   <div class='ocr_carea' id='block_1_62' title="bbox 2129 3051 3782 3134">
    <p class='ocr_par' dir='ltr' id='par_1_62' title="bbox 2129 3051 3782 3134">
     <span class='ocr_line' id='line_1_62' title="bbox 2129 3051 3782 3134; baseline -0.001 -19"><span class='ocrx_word' id='word_1_397' title='bbox 2129 3053 2325 3115; x_wconf 86' lang='lat' dir='ltr'><strong>eidem</strong></span> <span class='ocrx_word' id='word_1_398' title='bbox 2352 3054 2439 3115; x_wconf 89' lang='lat' dir='ltr'><strong>vel</strong></span> <span class='ocrx_word' id='word_1_399' title='bbox 2468 3062 2781 3134; x_wconf 86' lang='lat' dir='ltr'><strong>propterea</strong></span> <span class='ocrx_word' id='word_1_400' title='bbox 2806 3071 2916 3114; x_wconf 90' lang='lat' dir='ltr'><strong>nec</strong></span> <span class='ocrx_word' id='word_1_401' title='bbox 2934 3065 3225 3131; x_wconf 87' lang='lat' dir='ltr'><strong>quantum</strong></span> <span class='ocrx_word' id='word_1_402' title='bbox 3253 3051 3323 3114; x_wconf 92' lang='lat' dir='ltr'><strong>ad</strong></span> <span class='ocrx_word' id='word_1_403' title='bbox 3350 3054 3574 3132; x_wconf 81' lang='lat' dir='ltr'><strong>reliqua</strong></span> <span class='ocrx_word' id='word_1_404' title='bbox 3595 3054 3782 3132; x_wconf 88' lang='lat' dir='ltr'><strong>majo-</strong></span> 
     </span>
    </p>
   </div>
   <div class='ocr_carea' id='block_1_63' title="bbox 2126 3140 3783 3223">
    <p class='ocr_par' dir='ltr' id='par_1_63' title="bbox 2126 3140 3783 3223">
     <span class='ocr_line' id='line_1_63' title="bbox 2126 3140 3783 3223; baseline -0.001 -19"><span class='ocrx_word' id='word_1_405' title='bbox 2126 3161 2253 3204; x_wconf 88' lang='lat' dir='ltr'><strong>rem</strong></span> <span class='ocrx_word' id='word_1_406' title='bbox 2280 3142 2686 3223; x_wconf 83' lang='lat' dir='ltr'><strong>antiquitatem</strong></span> <span class='ocrx_word' id='word_1_407' title='bbox 2721 3141 3022 3204; x_wconf 85' lang='lat' dir='ltr'><strong>attribuat.</strong></span> <span class='ocrx_word' id='word_1_408' title='bbox 3057 3140 3306 3217; x_wconf 88' lang='lat' dir='ltr'><strong>Verum,</strong></span> <span class='ocrx_word' id='word_1_409' title='bbox 3346 3152 3651 3222; x_wconf 88' lang='lat' dir='ltr'><strong>utcunque</strong></span> <span class='ocrx_word' id='word_1_410' title='bbox 3681 3159 3783 3203; x_wconf 89' lang='lat' dir='ltr'><strong>res</strong></span> 
     </span>
    </p>
   </div>
   <div class='ocr_carea' id='block_1_64' title="bbox 404 3229 3780 3317">
    <p class='ocr_par' dir='ltr' id='par_1_64' title="bbox 404 3229 3780 3317">
     <span class='ocr_line' id='line_1_64' title="bbox 404 3229 3780 3317; baseline -0.001 -22"><span class='ocrx_word' id='word_1_411' title='bbox 404 3251 472 3295; x_wconf 89' lang='lat' dir='ltr'><strong>ac</strong></span> <span class='ocrx_word' id='word_1_412' title='bbox 502 3233 689 3296; x_wconf 86' lang='lat' dir='ltr'><strong>Latini</strong></span> <span class='ocrx_word' id='word_1_413' title='bbox 722 3229 1033 3317; x_wconf 85' lang='lat' dir='ltr'><strong>faciunt,in</strong></span> <span class='ocrx_word' id='word_1_414' title='bbox 1068 3237 1351 3299; x_wconf 90' lang='lat' dir='ltr'><strong>omnibus</strong></span> <span class='ocrx_word' id='word_1_415' title='bbox 1384 3253 1654 3317; x_wconf 81' lang='lat' dir='ltr'><strong>prorsus,</strong></span> <span class='ocrx_word' id='word_1_416' title='bbox 1688 3234 1789 3316; x_wconf 88' lang='lat' dir='ltr'><strong>qui</strong></span> <span class='ocrx_word' id='word_1_417' title='bbox 1819 3235 2039 3297; x_wconf 91' lang='lat' dir='ltr'><strong>Deme-</strong></span> <span class='ocrx_word' id='word_1_418' title='bbox 2063 3229 2102 3245; x_wconf 80' lang='grc'><strong>“’</strong></span> <span class='ocrx_word' id='word_1_419' title='bbox 2128 3233 2253 3294; x_wconf 63' lang='lat' dir='ltr'><strong>haec</strong></span> <span class='ocrx_word' id='word_1_420' title='bbox 2287 3231 2519 3307; x_wconf 78' lang='lat' dir='ltr'><strong>habeat,</strong></span> <span class='ocrx_word' id='word_1_421' title='bbox 2555 3229 2837 3293; x_wconf 87' lang='lat' dir='ltr'><strong>Sanctum</strong></span> <span class='ocrx_word' id='word_1_422' title='bbox 2902 3230 3178 3311; x_wconf 88' lang='lat' dir='ltr'><strong>equidem</strong></span> <span class='ocrx_word' id='word_1_423' title='bbox 3238 3231 3339 3291; x_wconf 89' lang='lat' dir='ltr'><strong>diu</strong></span> <span class='ocrx_word' id='word_1_424' title='bbox 3399 3231 3576 3291; x_wconf 89' lang='lat' dir='ltr'><strong>etiam</strong></span> <span class='ocrx_word' id='word_1_425' title='bbox 3637 3240 3780 3293; x_wconf 88' lang='lat' dir='ltr'><strong>ante</strong></span> 
     </span>
    </p>
   </div>
   <div class='ocr_carea' id='block_1_65' title="bbox 405 3321 2043 3405">
    <p class='ocr_par' dir='ltr' id='par_1_65' title="bbox 405 3321 2043 3405">
     <span class='ocr_line' id='line_1_65' title="bbox 405 3321 2043 3405; baseline 0.001 -23"><span class='ocrx_word' id='word_1_426' title='bbox 405 3321 501 3383; x_wconf 91' lang='lat' dir='ltr'><strong>trii</strong></span> <span class='ocrx_word' id='word_1_427' title='bbox 533 3330 960 3399; x_wconf 85' lang='lat' dir='ltr'><strong>meminerunt,</strong></span> <span class='ocrx_word' id='word_1_428' title='bbox 993 3326 1187 3388; x_wconf 85' lang='lat' dir='ltr'><strong>Fastis</strong></span> <span class='ocrx_word' id='word_1_429' title='bbox 1211 3324 1418 3396; x_wconf 88' lang='lat' dir='ltr'><strong>sacris,</strong></span> <span class='ocrx_word' id='word_1_430' title='bbox 1454 3325 1663 3386; x_wconf 89' lang='lat' dir='ltr'><strong>usitari</strong></span> <span class='ocrx_word' id='word_1_431' title='bbox 1695 3323 1846 3405; x_wconf 84' lang='lat' dir='ltr'><strong>apud</strong></span> <span class='ocrx_word' id='word_1_432' title='bbox 1882 3322 2043 3404; x_wconf 90' lang='lat' dir='ltr'><strong>ipsos</strong></span> 
     </span>
    </p>
   </div>
   <div class='ocr_carea' id='block_1_66' title="bbox 402 3409 1458 3483">
    <p class='ocr_par' dir='ltr' id='par_1_66' title="bbox 402 3409 1458 3483">
     <span class='ocr_line' id='line_1_66' title="bbox 402 3409 1458 3483; baseline 0.005 -13"><span class='ocrx_word' id='word_1_433' title='bbox 402 3409 611 3483; x_wconf 89' lang='lat' dir='ltr'><strong>solitis,</strong></span> <span class='ocrx_word' id='word_1_434' title='bbox 647 3410 931 3474; x_wconf 89' lang='lat' dir='ltr'><strong>Sanctum</strong></span> <span class='ocrx_word' id='word_1_435' title='bbox 965 3421 1458 3475; x_wconf 87' lang='lat' dir='ltr'><strong>commemorant.</strong></span> 
     </span>
    </p>
   </div>
   <div class='ocr_carea' id='block_1_67' title="bbox 482 3498 2040 3583">
    <p class='ocr_par' dir='ltr' id='par_1_67' title="bbox 482 3498 2040 3583">
     <span class='ocr_line' id='line_1_67' title="bbox 482 3498 2040 3583; baseline 0.001 -23"><span class='ocrx_word' id='word_1_436' title='bbox 482 3499 809 3564; x_wconf 82' lang='lat' dir='ltr'><strong>6&#39;7.Verum</strong></span> <span class='ocrx_word' id='word_1_437' title='bbox 832 3510 896 3563; x_wconf 89' lang='lat' dir='ltr'><strong>ut</strong></span> <span class='ocrx_word' id='word_1_438' title='bbox 930 3502 1072 3583; x_wconf 86' lang='lat' dir='ltr'><strong>quid</strong></span> <span class='ocrx_word' id='word_1_439' title='bbox 1107 3502 1223 3564; x_wconf 90' lang='lat' dir='ltr'><strong>alio</strong></span> <span class='ocrx_word' id='word_1_440' title='bbox 1256 3500 1353 3563; x_wconf 89' lang='lat' dir='ltr'><strong>die</strong></span> <span class='ocrx_word' id='word_1_441' title='bbox 1384 3498 1728 3576; x_wconf 52' lang='lat' dir='ltr'><strong>Gracimlio</strong></span> <span class='ocrx_word' id='word_1_442' title='bbox 1758 3499 1951 3563; x_wconf 86' lang='lat' dir='ltr'><strong>Latini</strong></span> <span class='ocrx_word' id='word_1_443' title='bbox 1980 3501 2040 3562; x_wconf 90' lang='lat' dir='ltr'><strong>in</strong></span> 
     </span>
    </p>
   </div>
   <div class='ocr_carea' id='block_1_68' title="bbox 401 3592 2040 3654">
    <p class='ocr_par' dir='ltr' id='par_1_68' title="bbox 401 3592 2040 3654">
     <span class='ocr_line' id='line_1_68' title="bbox 401 3592 2040 3654; baseline 0 -3"><span class='ocrx_word' id='word_1_444' title='bbox 401 3595 579 3651; x_wconf 86' lang='lat' dir='ltr'><strong>sacris</strong></span> <span class='ocrx_word' id='word_1_445' title='bbox 602 3592 872 3653; x_wconf 64' lang='lat' dir='ltr'><strong>Ecclesiae</strong></span> <span class='ocrx_word' id='word_1_446' title='bbox 907 3612 1024 3654; x_wconf 70' lang='lat' dir='ltr'><strong>suae</strong></span> <span class='ocrx_word' id='word_1_447' title='bbox 1063 3598 1193 3654; x_wconf 85' lang='lat' dir='ltr'><strong>usui</strong></span> <span class='ocrx_word' id='word_1_448' title='bbox 1230 3597 1527 3653; x_wconf 88' lang='lat' dir='ltr'><strong>destinatis</strong></span> <span class='ocrx_word' id='word_1_449' title='bbox 1557 3594 1741 3652; x_wconf 86' lang='lat' dir='ltr'><strong>Factis</strong></span> <span class='ocrx_word' id='word_1_450' title='bbox 1768 3596 2040 3654; x_wconf 82' lang='lat' dir='ltr'><strong>Sanctum</strong></span> 
     </span>
    </p>
   </div>
   <div class='ocr_carea' id='block_1_69' title="bbox 401 3678 2036 3761">
    <p class='ocr_par' dir='ltr' id='par_1_69' title="bbox 401 3678 2036 3761">
     <span class='ocr_line' id='line_1_69' title="bbox 401 3678 2036 3761; baseline 0.003 -23"><span class='ocrx_word' id='word_1_451' title='bbox 401 3680 753 3757; x_wconf 86' lang='lat' dir='ltr'><strong>consignant</strong></span> <span class='ocrx_word' id='word_1_452' title='bbox 779 3679 804 3741; x_wconf 85' lang='lat'>?</span> <span class='ocrx_word' id='word_1_453' title='bbox 832 3678 958 3741; x_wconf 89' lang='lat' dir='ltr'><strong>Non</strong></span> <span class='ocrx_word' id='word_1_454' title='bbox 989 3700 1124 3743; x_wconf 82' lang='lat' dir='ltr'><strong>raro</strong></span> <span class='ocrx_word' id='word_1_455' title='bbox 1154 3681 1309 3761; x_wconf 89' lang='lat' dir='ltr'><strong>apud</strong></span> <span class='ocrx_word' id='word_1_456' title='bbox 1343 3682 1581 3744; x_wconf 87' lang='lat' dir='ltr'><strong>Latinos</strong></span> <span class='ocrx_word' id='word_1_457' title='bbox 1610 3682 1693 3761; x_wconf 89' lang='lat' dir='ltr'><strong>ﬁt,</strong></span> <span class='ocrx_word' id='word_1_458' title='bbox 1730 3689 1793 3743; x_wconf 94' lang='lat' dir='ltr'><strong>ut</strong></span> <span class='ocrx_word' id='word_1_459' title='bbox 1817 3678 2036 3755; x_wconf 89' lang='lat' dir='ltr'><strong>Sancti,</strong></span> 
     </span>
    </p>
   </div>
   <div class='ocr_carea' id='block_1_70' title="bbox 401 3767 2043 3852">
    <p class='ocr_par' dir='ltr' id='par_1_70' title="bbox 401 3767 2043 3852">
     <span class='ocr_line' id='line_1_70' title="bbox 401 3767 2043 3852; baseline 0.002 -25"><span class='ocrx_word' id='word_1_460' title='bbox 401 3784 518 3828; x_wconf 90' lang='lat' dir='ltr'><strong>non</strong></span> <span class='ocrx_word' id='word_1_461' title='bbox 562 3769 633 3828; x_wconf 91' lang='lat' dir='ltr'><strong>iis</strong></span> <span class='ocrx_word' id='word_1_462' title='bbox 656 3767 1118 3852; x_wconf 84' lang='lat' dir='ltr'><strong>diebus,quibus</strong></span> <span class='ocrx_word' id='word_1_463' title='bbox 1143 3769 1341 3834; x_wconf 87' lang='lat' dir='ltr'><strong>Vitam</strong></span> <span class='ocrx_word' id='word_1_464' title='bbox 1373 3790 1510 3833; x_wconf 91' lang='lat' dir='ltr'><strong>cum</strong></span> <span class='ocrx_word' id='word_1_465' title='bbox 1545 3779 1739 3832; x_wconf 90' lang='lat' dir='ltr'><strong>morte</strong></span> <span class='ocrx_word' id='word_1_466' title='bbox 1769 3788 2043 3832; x_wconf 90' lang='lat' dir='ltr'><strong>commu-</strong></span> 
     </span>
    </p>
   </div>
   <div class='ocr_carea' id='block_1_71' title="bbox 398 3856 2038 3941">
    <p class='ocr_par' dir='ltr' id='par_1_71' title="bbox 398 3856 2038 3941">
     <span class='ocr_line' id='line_1_71' title="bbox 398 3856 2038 3941; baseline 0.002 -24"><span class='ocrx_word' id='word_1_467' title='bbox 398 3865 620 3931; x_wconf 84' lang='lat' dir='ltr'><strong>tarunt,</strong></span> <span class='ocrx_word' id='word_1_468' title='bbox 653 3856 757 3919; x_wconf 90' lang='lat' dir='ltr'><strong>sed</strong></span> <span class='ocrx_word' id='word_1_469' title='bbox 809 3857 970 3931; x_wconf 87' lang='lat' dir='ltr'><strong>aliis,</strong></span> <span class='ocrx_word' id='word_1_470' title='bbox 1020 3859 1122 3941; x_wconf 91' lang='lat' dir='ltr'><strong>qui</strong></span> <span class='ocrx_word' id='word_1_471' title='bbox 1178 3857 1533 3923; x_wconf 90' lang='lat' dir='ltr'><strong>Sanctorum</strong></span> <span class='ocrx_word' id='word_1_472' title='bbox 1585 3859 1838 3921; x_wconf 89' lang='lat' dir='ltr'><strong>aliorum</strong></span> <span class='ocrx_word' id='word_1_473' title='bbox 1874 3859 2038 3921; x_wconf 90' lang='lat' dir='ltr'><strong>cultu</strong></span> 
     </span>
    </p>
   </div>
   <div class='ocr_carea' id='block_1_72' title="bbox 396 3946 2038 4031">
    <p class='ocr_par' dir='ltr' id='par_1_72' title="bbox 396 3946 2038 4031">
     <span class='ocr_line' id='line_1_72' title="bbox 396 3946 2038 4031; baseline 0.002 -25"><span class='ocrx_word' id='word_1_474' title='bbox 396 3946 669 4026; x_wconf 87' lang='lat' dir='ltr'><strong>impediti</strong></span> <span class='ocrx_word' id='word_1_475' title='bbox 701 3965 820 4009; x_wconf 89' lang='lat' dir='ltr'><strong>non</strong></span> <span class='ocrx_word' id='word_1_476' title='bbox 849 3957 1007 4031; x_wconf 91' lang='lat' dir='ltr'><strong>sunt,</strong></span> <span class='ocrx_word' id='word_1_477' title='bbox 1044 3951 1428 4012; x_wconf 75' lang='lat' dir='ltr'><strong>veneratione</strong></span> <span class='ocrx_word' id='word_1_478' title='bbox 1477 3947 1886 4011; x_wconf 90' lang='lat' dir='ltr'><strong>ecclesiastica</strong></span> <span class='ocrx_word' id='word_1_479' title='bbox 1913 3947 2038 4010; x_wconf 88' lang='lat' dir='ltr'><strong>afﬁ-</strong></span> 
     </span>
    </p>
   </div>
   <div class='ocr_carea' id='block_1_73' title="bbox 398 4032 2036 4119">
    <p class='ocr_par' dir='ltr' id='par_1_73' title="bbox 398 4032 2036 4119">
     <span class='ocr_line' id='line_1_73' title="bbox 398 4032 2036 4119; baseline 0.002 -26"><span class='ocrx_word' id='word_1_480' title='bbox 398 4032 812 4107; x_wconf 87' lang='lat' dir='ltr'><strong>ciantur.Quid</strong></span> <span class='ocrx_word' id='word_1_481' title='bbox 846 4037 896 4097; x_wconf 89' lang='lat' dir='ltr'><strong>si</strong></span> <span class='ocrx_word' id='word_1_482' title='bbox 928 4055 1069 4115; x_wconf 86' lang='lat' dir='ltr'><strong>ergo</strong></span> <span class='ocrx_word' id='word_1_483' title='bbox 1098 4041 1348 4100; x_wconf 90' lang='lat' dir='ltr'><strong>Sanctus</strong></span> <span class='ocrx_word' id='word_1_484' title='bbox 1399 4040 1538 4101; x_wconf 87' lang='lat' dir='ltr'><strong>olim</strong></span> <span class='ocrx_word' id='word_1_485' title='bbox 1582 4036 1737 4119; x_wconf 84' lang='lat' dir='ltr'><strong>apud</strong></span> <span class='ocrx_word' id='word_1_486' title='bbox 1772 4036 2036 4111; x_wconf 87' lang='lat' dir='ltr'><strong>Latinos,</strong></span> 
     </span>
    </p>
   </div>
   <div class='ocr_carea' id='block_1_74' title="bbox 400 4122 2035 4207">
    <p class='ocr_par' dir='ltr' id='par_1_74' title="bbox 400 4122 2035 4207">
     <span class='ocr_line' id='line_1_74' title="bbox 400 4122 2035 4207; baseline 0.003 -26"><span class='ocrx_word' id='word_1_487' title='bbox 400 4139 518 4183; x_wconf 92' lang='lat' dir='ltr'><strong>non</strong></span> <span class='ocrx_word' id='word_1_488' title='bbox 542 4122 770 4203; x_wconf 85' lang='lat' dir='ltr'><strong>die,qui</strong></span> <span class='ocrx_word' id='word_1_489' title='bbox 794 4124 848 4185; x_wconf 90' lang='lat' dir='ltr'><strong>ei</strong></span> <span class='ocrx_word' id='word_1_490' title='bbox 871 4126 1214 4188; x_wconf 89' lang='lat' dir='ltr'><strong>emortualis</strong></span> <span class='ocrx_word' id='word_1_491' title='bbox 1236 4126 1554 4207; x_wconf 85' lang='lat' dir='ltr'><strong>obtigerat,</strong></span> <span class='ocrx_word' id='word_1_492' title='bbox 1588 4125 1691 4187; x_wconf 88' lang='lat' dir='ltr'><strong>sed</strong></span> <span class='ocrx_word' id='word_1_493' title='bbox 1725 4125 1865 4198; x_wconf 88' lang='lat' dir='ltr'><strong>alio,</strong></span> <span class='ocrx_word' id='word_1_494' title='bbox 1897 4144 2035 4205; x_wconf 92' lang='lat' dir='ltr'><strong>quo,</strong></span> 
     </span>
    </p>
   </div>
   <div class='ocr_carea' id='block_1_75' title="bbox 399 4210 2040 4293">
    <p class='ocr_par' dir='ltr' id='par_1_75' title="bbox 399 4210 2040 4293">
     <span class='ocr_line' id='line_1_75' title="bbox 399 4210 2040 4293; baseline 0.001 -20"><span class='ocrx_word' id='word_1_495' title='bbox 399 4210 602 4274; x_wconf 88' lang='lat' dir='ltr'><strong>Sancti</strong></span> <span class='ocrx_word' id='word_1_496' title='bbox 632 4211 883 4275; x_wconf 89' lang='lat' dir='ltr'><strong>alterius</strong></span> <span class='ocrx_word' id='word_1_497' title='bbox 916 4215 1308 4278; x_wconf 86' lang='lat' dir='ltr'><strong>veneratione</strong></span> <span class='ocrx_word' id='word_1_498' title='bbox 1338 4216 1494 4278; x_wconf 89' lang='lat' dir='ltr'><strong>haud</strong></span> <span class='ocrx_word' id='word_1_499' title='bbox 1532 4213 1846 4293; x_wconf 88' lang='lat' dir='ltr'><strong>impedito,</strong></span> <span class='ocrx_word' id='word_1_500' title='bbox 1880 4214 2040 4275; x_wconf 91' lang='lat' dir='ltr'><strong>cultu</strong></span> 
     </span>
    </p>
   </div>
   <div class='ocr_carea' id='block_1_76' title="bbox 398 4300 2041 4383">
    <p class='ocr_par' dir='ltr' id='par_1_76' title="bbox 398 4300 2041 4383">
     <span class='ocr_line' id='line_1_76' title="bbox 398 4300 2041 4383; baseline -0.001 -22"><span class='ocrx_word' id='word_1_501' title='bbox 398 4300 801 4363; x_wconf 89' lang='lat' dir='ltr'><strong>ecclesiastico</strong></span> <span class='ocrx_word' id='word_1_502' title='bbox 833 4303 990 4383; x_wconf 89' lang='lat' dir='ltr'><strong>apud</strong></span> <span class='ocrx_word' id='word_1_503' title='bbox 1024 4322 1128 4366; x_wconf 86' lang='lat' dir='ltr'><strong>eos</strong></span> <span class='ocrx_word' id='word_1_504' title='bbox 1158 4304 1549 4377; x_wconf 85' lang='lat' dir='ltr'><strong>afﬁciebatur,</strong></span> <span class='ocrx_word' id='word_1_505' title='bbox 1585 4302 1774 4365; x_wconf 87' lang='lat' dir='ltr'><strong>sacris</strong></span> <span class='ocrx_word' id='word_1_506' title='bbox 1804 4319 2041 4381; x_wconf 80' lang='lat' dir='ltr'><strong>quoque</strong></span> 
     </span>
    </p>
   </div>
   <div class='ocr_carea' id='block_1_77' title="bbox 397 4387 2038 4471">
    <p class='ocr_par' dir='ltr' id='par_1_77' title="bbox 397 4387 2038 4471">
     <span class='ocr_line' id='line_1_77' title="bbox 397 4387 2038 4471; baseline -0.001 -20"><span class='ocrx_word' id='word_1_507' title='bbox 397 4387 585 4451; x_wconf 87' lang='lat' dir='ltr'><strong>Fastis</strong></span> <span class='ocrx_word' id='word_1_508' title='bbox 616 4408 723 4471; x_wconf 90' lang='lat' dir='ltr'><strong>per</strong></span> <span class='ocrx_word' id='word_1_509' title='bbox 751 4393 993 4454; x_wconf 88' lang='lat' dir='ltr'><strong>eosdem</strong></span> <span class='ocrx_word' id='word_1_510' title='bbox 1044 4392 1223 4455; x_wconf 87' lang='lat' dir='ltr'><strong>fuerit</strong></span> <span class='ocrx_word' id='word_1_511' title='bbox 1273 4393 1619 4471; x_wconf 89' lang='lat' dir='ltr'><strong>inscriptus,</strong></span> <span class='ocrx_word' id='word_1_512' title='bbox 1673 4390 1852 4470; x_wconf 91' lang='lat' dir='ltr'><strong>idque</strong></span> <span class='ocrx_word' id='word_1_513' title='bbox 1883 4389 2038 4468; x_wconf 90' lang='lat' dir='ltr'><strong>apud</strong></span> 
     </span>
    </p>
   </div>
   <div class='ocr_carea' id='block_1_78' title="bbox 400 4477 2040 4559">
    <p class='ocr_par' dir='ltr' id='par_1_78' title="bbox 400 4477 2040 4559">
     <span class='ocr_line' id='line_1_78' title="bbox 400 4477 2040 4559; baseline -0.002 -17"><span class='ocrx_word' id='word_1_514' title='bbox 400 4478 638 4542; x_wconf 65' lang='lat' dir='ltr'><strong>Grmcos</strong></span> <span class='ocrx_word' id='word_1_515' title='bbox 667 4496 739 4542; x_wconf 89' lang='lat' dir='ltr'><strong>eo</strong></span> <span class='ocrx_word' id='word_1_516' title='bbox 765 4481 918 4559; x_wconf 90' lang='lat' dir='ltr'><strong>ipso,</strong></span> <span class='ocrx_word' id='word_1_517' title='bbox 946 4482 1052 4557; x_wconf 90' lang='lat' dir='ltr'><strong>qui</strong></span> <span class='ocrx_word' id='word_1_518' title='bbox 1086 4482 1140 4544; x_wconf 87' lang='lat' dir='ltr'><strong>ei</strong></span> <span class='ocrx_word' id='word_1_519' title='bbox 1187 4480 1534 4544; x_wconf 90' lang='lat' dir='ltr'><strong>emortualis</strong></span> <span class='ocrx_word' id='word_1_520' title='bbox 1565 4479 1797 4553; x_wconf 86' lang='lat' dir='ltr'><strong>fuisset,</strong></span> <span class='ocrx_word' id='word_1_521' title='bbox 1832 4477 1930 4537; x_wconf 90' lang='lat' dir='ltr'><strong>die</strong></span> <span class='ocrx_word' id='word_1_522' title='bbox 1962 4477 2040 4538; x_wconf 71' lang='lat'><strong>‘26</strong></span> 
     </span>
    </p>
   </div>
   <div class='ocr_carea' id='block_1_79' title="bbox 2125 3318 3779 3382">
    <p class='ocr_par' dir='ltr' id='par_1_79' title="bbox 2125 3318 3779 3382">
     <span class='ocr_line' id='line_1_79' title="bbox 2125 3318 3779 3382; baseline -0.001 0"><span class='ocrx_word' id='word_1_523' title='bbox 2125 3320 2407 3382; x_wconf 67' lang='lat' dir='ltr'><strong>saeculum</strong></span> <span class='ocrx_word' id='word_1_524' title='bbox 2465 3326 2730 3379; x_wconf 92' lang='lat' dir='ltr'><strong>octavum</strong></span> <span class='ocrx_word' id='word_1_525' title='bbox 2770 3318 2963 3380; x_wconf 79' lang='lat' dir='ltr'><strong>ofﬁcio</strong></span> <span class='ocrx_word' id='word_1_526' title='bbox 3007 3318 3414 3380; x_wconf 89' lang='lat' dir='ltr'><strong>ecclesiastico</strong></span> <span class='ocrx_word' id='word_1_527' title='bbox 3444 3319 3779 3381; x_wconf 86' lang='lat' dir='ltr'><strong>universim</strong></span> 
     </span>
    </p>
   </div>
   <div class='ocr_carea' id='block_1_80' title="bbox 2125 3407 3781 3482">
    <p class='ocr_par' dir='ltr' id='par_1_80' title="bbox 2125 3407 3781 3482">
     <span class='ocr_line' id='line_1_80' title="bbox 2125 3407 3781 3482; baseline -0.001 -11"><span class='ocrx_word' id='word_1_528' title='bbox 2125 3428 2160 3471; x_wconf 90' lang='lat' dir='ltr'><strong>a</strong></span> <span class='ocrx_word' id='word_1_529' title='bbox 2193 3408 2414 3471; x_wconf 78' lang='lat' dir='ltr'><strong>Graecis</strong></span> <span class='ocrx_word' id='word_1_530' title='bbox 2445 3407 2667 3471; x_wconf 89' lang='lat' dir='ltr'><strong>cultum</strong></span> <span class='ocrx_word' id='word_1_531' title='bbox 2701 3408 3026 3482; x_wconf 80' lang='lat' dir='ltr'><strong>quotannis</strong></span> <span class='ocrx_word' id='word_1_532' title='bbox 3049 3407 3781 3482; x_wconf 86' lang='lat' dir='ltr'><strong>fuisse,verosimiilimum</strong></span> 
     </span>
    </p>
   </div>
   <div class='ocr_carea' id='block_1_81' title="bbox 2129 3495 3780 3578">
    <p class='ocr_par' dir='ltr' id='par_1_81' title="bbox 2129 3495 3780 3578">
     <span class='ocr_line' id='line_1_81' title="bbox 2129 3495 3780 3578; baseline -0.001 -19"><span class='ocrx_word' id='word_1_533' title='bbox 2129 3498 2273 3559; x_wconf 86' lang='lat' dir='ltr'><strong>mihi</strong></span> <span class='ocrx_word' id='word_1_534' title='bbox 2292 3506 2558 3578; x_wconf 85' lang='lat' dir='ltr'><strong>apparet,</strong></span> <span class='ocrx_word' id='word_1_535' title='bbox 2580 3504 2702 3557; x_wconf 87' lang='lat' dir='ltr'><strong>tum</strong></span> <span class='ocrx_word' id='word_1_536' title='bbox 2730 3514 2798 3557; x_wconf 90' lang='lat' dir='ltr'><strong>ex</strong></span> <span class='ocrx_word' id='word_1_537' title='bbox 2825 3496 3058 3576; x_wconf 70' lang='lat' dir='ltr'><strong>iis,quaa</strong></span> <span class='ocrx_word' id='word_1_538' title='bbox 3079 3506 3363 3578; x_wconf 88' lang='lat' dir='ltr'><strong>quantum</strong></span> <span class='ocrx_word' id='word_1_539' title='bbox 3390 3495 3464 3557; x_wconf 87' lang='lat' dir='ltr'><strong>ad</strong></span> <span class='ocrx_word' id='word_1_540' title='bbox 3496 3496 3628 3573; x_wconf 90' lang='lat' dir='ltr'><strong>ejus</strong></span> <span class='ocrx_word' id='word_1_541' title='bbox 3661 3516 3780 3559; x_wconf 89' lang='lat' dir='ltr'><strong>an-</strong></span> 
     </span>
    </p>
   </div>
   <div class='ocr_carea' id='block_1_82' title="bbox 2127 3588 3777 3663">
    <p class='ocr_par' dir='ltr' id='par_1_82' title="bbox 2127 3588 3777 3663">
     <span class='ocr_line' id='line_1_82' title="bbox 2127 3588 3777 3663; baseline 0 -15"><span class='ocrx_word' id='word_1_542' title='bbox 2127 3591 2510 3663; x_wconf 88' lang='lat' dir='ltr'><strong>tiquissimum</strong></span> <span class='ocrx_word' id='word_1_543' title='bbox 2534 3588 2960 3647; x_wconf 62' lang='lat' dir='ltr'><strong>Thessalonica;</strong></span> <span class='ocrx_word' id='word_1_544' title='bbox 2983 3590 3145 3661; x_wconf 88' lang='lat' dir='ltr'><strong>juxta</strong></span> <span class='ocrx_word' id='word_1_545' title='bbox 3178 3604 3244 3647; x_wconf 89' lang='lat' dir='ltr'><strong>ac</strong></span> <span class='ocrx_word' id='word_1_546' title='bbox 3280 3590 3777 3659; x_wconf 79' lang='lat' dir='ltr'><strong>Constantinopoli</strong></span> 
     </span>
    </p>
   </div>
   <div class='ocr_carea' id='block_1_83' title="bbox 2124 3673 3778 3753">
    <p class='ocr_par' dir='ltr' id='par_1_83' title="bbox 2124 3673 3778 3753">
     <span class='ocr_line' id='line_1_83' title="bbox 2124 3673 3778 3753; baseline -0.003 -13"><span class='ocrx_word' id='word_1_547' title='bbox 2124 3675 2349 3740; x_wconf 87' lang='lat' dir='ltr'><strong>cultum</strong></span> <span class='ocrx_word' id='word_1_548' title='bbox 2374 3674 2526 3736; x_wconf 87' lang='lat' dir='ltr'><strong>infra</strong></span> <span class='ocrx_word' id='word_1_549' title='bbox 2547 3675 2763 3737; x_wconf 77' lang='lat' dir='ltr'><strong>dicturi</strong></span> <span class='ocrx_word' id='word_1_550' title='bbox 2788 3682 3150 3753; x_wconf 89' lang='lat' dir='ltr'><strong>sumus,tum</strong></span> <span class='ocrx_word' id='word_1_551' title='bbox 3170 3673 3259 3734; x_wconf 90' lang='lat' dir='ltr'><strong>vel</strong></span> <span class='ocrx_word' id='word_1_552' title='bbox 3278 3673 3544 3735; x_wconf 81' lang='lat' dir='ltr'><strong>maxime</strong></span> <span class='ocrx_word' id='word_1_553' title='bbox 3567 3691 3635 3735; x_wconf 86' lang='lat' dir='ltr'><strong>ex</strong></span> <span class='ocrx_word' id='word_1_554' title='bbox 3653 3674 3778 3735; x_wconf 89' lang='lat' dir='ltr'><strong>sin-</strong></span> 
     </span>
    </p>
   </div>
   <div class='ocr_carea' id='block_1_84' title="bbox 2125 3762 3774 3845">
    <p class='ocr_par' dir='ltr' id='par_1_84' title="bbox 2125 3762 3774 3845">
     <span class='ocr_line' id='line_1_84' title="bbox 2125 3762 3774 3845; baseline -0.001 -19"><span class='ocrx_word' id='word_1_555' title='bbox 2125 3763 2339 3843; x_wconf 80' lang='lat' dir='ltr'><strong>gulari,</strong></span> <span class='ocrx_word' id='word_1_556' title='bbox 2377 3782 2490 3845; x_wconf 85' lang='lat' dir='ltr'><strong>qua</strong></span> <span class='ocrx_word' id='word_1_557' title='bbox 2526 3763 2743 3824; x_wconf 65' lang='lat' dir='ltr'><strong>saeculo</strong></span> <span class='ocrx_word' id='word_1_558' title='bbox 2776 3762 2902 3840; x_wconf 91' lang='lat' dir='ltr'><strong>illo,</strong></span> <span class='ocrx_word' id='word_1_559' title='bbox 2940 3762 3060 3824; x_wconf 88' lang='lat' dir='ltr'><strong>imo</strong></span> <span class='ocrx_word' id='word_1_560' title='bbox 3088 3763 3263 3824; x_wconf 88' lang='lat' dir='ltr'><strong>etiam</strong></span> <span class='ocrx_word' id='word_1_561' title='bbox 3298 3764 3399 3823; x_wconf 91' lang='lat' dir='ltr'><strong>diu</strong></span> <span class='ocrx_word' id='word_1_562' title='bbox 3430 3772 3589 3835; x_wconf 84' lang='lat' dir='ltr'><strong>ante,</strong></span> <span class='ocrx_word' id='word_1_563' title='bbox 3616 3762 3774 3842; x_wconf 87' lang='lat' dir='ltr'><strong>apud</strong></span> 
     </span>
    </p>
   </div>
   <div class='ocr_carea' id='block_1_85' title="bbox 2125 3849 3776 3932">
    <p class='ocr_par' dir='ltr' id='par_1_85' title="bbox 2125 3849 3776 3932">
     <span class='ocr_line' id='line_1_85' title="bbox 2125 3849 3776 3932; baseline -0.003 -15"><span class='ocrx_word' id='word_1_564' title='bbox 2125 3853 2363 3917; x_wconf 67' lang='lat' dir='ltr'><strong>Grazcos</strong></span> <span class='ocrx_word' id='word_1_565' title='bbox 2387 3850 2624 3930; x_wconf 78' lang='lat' dir='ltr'><strong>gavisus</strong></span> <span class='ocrx_word' id='word_1_566' title='bbox 2647 3850 2777 3932; x_wconf 86' lang='lat' dir='ltr'><strong>fuit,</strong></span> <span class='ocrx_word' id='word_1_567' title='bbox 2815 3851 3199 3913; x_wconf 89' lang='lat' dir='ltr'><strong>veneratione</strong></span> <span class='ocrx_word' id='word_1_568' title='bbox 3226 3850 3401 3911; x_wconf 85' lang='lat' dir='ltr'><strong>simul</strong></span> <span class='ocrx_word' id='word_1_569' title='bbox 3433 3858 3492 3912; x_wconf 90' lang='lat' dir='ltr'><strong>et</strong></span> <span class='ocrx_word' id='word_1_570' title='bbox 3515 3849 3776 3913; x_wconf 90' lang='lat' dir='ltr'><strong>nomints</strong></span> 
     </span>
    </p>
   </div>
   <div class='ocr_carea' id='block_1_86' title="bbox 2122 3939 3775 4023">
    <p class='ocr_par' dir='ltr' id='par_1_86' title="bbox 2122 3939 3775 4023">
     <span class='ocr_line' id='line_1_86' title="bbox 2122 3939 3775 4023; baseline -0.001 -19"><span class='ocrx_word' id='word_1_571' title='bbox 2122 3942 2468 4004; x_wconf 89' lang='lat' dir='ltr'><strong>celebritate</strong></span> <span class='ocrx_word' id='word_1_572' title='bbox 2496 3964 2511 4013; x_wconf 86' lang='lat'><strong>;</strong></span> <span class='ocrx_word' id='word_1_573' title='bbox 2537 3960 2711 4023; x_wconf 87' lang='lat' dir='ltr'><strong>quam</strong></span> <span class='ocrx_word' id='word_1_574' title='bbox 2734 3940 3048 4023; x_wconf 85' lang='lat' dir='ltr'><strong>utramque</strong></span> <span class='ocrx_word' id='word_1_575' title='bbox 3075 3941 3265 4002; x_wconf 89' lang='lat' dir='ltr'><strong>sancti</strong></span> <span class='ocrx_word' id='word_1_576' title='bbox 3288 3939 3475 4002; x_wconf 88' lang='lat' dir='ltr'><strong>nostri</strong></span> <span class='ocrx_word' id='word_1_577' title='bbox 3500 3940 3775 4022; x_wconf 76' lang='lat' dir='ltr'><strong>martyris</strong></span> 
     </span>
    </p>
   </div>
   <div class='ocr_carea' id='block_1_87' title="bbox 2124 4030 3223 4113">
    <p class='ocr_par' dir='ltr' id='par_1_87' title="bbox 2124 4030 3223 4113">
     <span class='ocr_line' id='line_1_87' title="bbox 2124 4030 3223 4113; baseline -0.005 -20"><span class='ocrx_word' id='word_1_578' title='bbox 2124 4031 2564 4113; x_wconf 65' lang='lat' dir='ltr'><strong>praerogativam</strong></span> <span class='ocrx_word' id='word_1_579' title='bbox 2598 4031 2903 4110; x_wconf 89' lang='lat' dir='ltr'><strong>probatam</strong></span> <span class='ocrx_word' id='word_1_580' title='bbox 2937 4049 3096 4092; x_wconf 89' lang='lat' dir='ltr'><strong>nunc</strong></span> <span class='ocrx_word' id='word_1_581' title='bbox 3125 4030 3223 4091; x_wconf 92' lang='lat' dir='ltr'><strong>do.</strong></span> 
     </span>
    </p>
   </div>
   <div class='ocr_carea' id='block_1_88' title="bbox 2203 4116 3771 4202">
    <p class='ocr_par' dir='ltr' id='par_1_88' title="bbox 2203 4116 3771 4202">
     <span class='ocr_line' id='line_1_88' title="bbox 2203 4116 3771 4202; baseline 0.001 -21"><span class='ocrx_word' id='word_1_582' title='bbox 2203 4120 2301 4183; x_wconf 89' lang='lat'><strong>69.</strong></span> <span class='ocrx_word' id='word_1_583' title='bbox 2362 4121 2614 4183; x_wconf 87' lang='lat' dir='ltr'><strong>Sanctus</strong></span> <span class='ocrx_word' id='word_1_584' title='bbox 2673 4116 3025 4180; x_wconf 88' lang='lat' dir='ltr'><strong>Theodorus</strong></span> <span class='ocrx_word' id='word_1_585' title='bbox 3077 4116 3332 4193; x_wconf 87' lang='lat' dir='ltr'><strong>Studita,</strong></span> <span class='ocrx_word' id='word_1_586' title='bbox 3396 4119 3497 4202; x_wconf 93' lang='lat' dir='ltr'><strong>qui</strong></span> <span class='ocrx_word' id='word_1_587' title='bbox 3550 4120 3771 4183; x_wconf 75' lang='lat' dir='ltr'><strong>saeculo</strong></span> 
     </span>
    </p>
   </div>
   <div class='ocr_carea' id='block_1_89' title="bbox 2126 4206 3770 4291">
    <p class='ocr_par' dir='ltr' id='par_1_89' title="bbox 2126 4206 3770 4291">
     <span class='ocr_line' id='line_1_89' title="bbox 2126 4206 3770 4291; baseline 0.001 -21"><span class='ocrx_word' id='word_1_588' title='bbox 2126 4219 2330 4272; x_wconf 89' lang='lat' dir='ltr'><strong>octavo</strong></span> <span class='ocrx_word' id='word_1_589' title='bbox 2348 4215 2700 4271; x_wconf 90' lang='lat' dir='ltr'><strong>senescente</strong></span> <span class='ocrx_word' id='word_1_590' title='bbox 2731 4206 3163 4288; x_wconf 90' lang='lat' dir='ltr'><strong>sequentisque</strong></span> <span class='ocrx_word' id='word_1_591' title='bbox 3189 4207 3363 4269; x_wconf 89' lang='lat' dir='ltr'><strong>initio</strong></span> <span class='ocrx_word' id='word_1_592' title='bbox 3382 4209 3770 4291; x_wconf 86' lang='lat' dir='ltr'><strong>ﬁoruit,apud</strong></span> 
     </span>
    </p>
   </div>
   <div class='ocr_carea' id='block_1_90' title="bbox 2124 4296 3773 4379">
    <p class='ocr_par' dir='ltr' id='par_1_90' title="bbox 2124 4296 3773 4379">
     <span class='ocr_line' id='line_1_90' title="bbox 2124 4296 3773 4379; baseline -0.001 -17"><span class='ocrx_word' id='word_1_593' title='bbox 2124 4298 2510 4363; x_wconf 89' lang='lat' dir='ltr'><strong>Sirmondum</strong></span> <span class='ocrx_word' id='word_1_594' title='bbox 2537 4296 2808 4377; x_wconf 83' lang='lat' dir='ltr'><strong>Operum</strong></span> <span class='ocrx_word' id='word_1_595' title='bbox 2854 4298 3161 4358; x_wconf 74' lang='lat' dir='ltr'><strong>variorum</strong></span> <span class='ocrx_word' id='word_1_596' title='bbox 3195 4306 3340 4361; x_wconf 90' lang='lat' dir='ltr'><strong>tom.</strong></span> <span class='ocrx_word' id='word_1_597' title='bbox 3377 4298 3449 4372; x_wconf 85' lang='lat' dir='ltr'><strong>V,</strong></span> <span class='ocrx_word' id='word_1_598' title='bbox 3486 4317 3615 4379; x_wconf 89' lang='lat' dir='ltr'><strong>pag.</strong></span> <span class='ocrx_word' id='word_1_599' title='bbox 3651 4300 3773 4361; x_wconf 74' lang='lat'><strong>9.08</strong></span> 
     </span>
    </p>
   </div>
   <div class='ocr_carea' id='block_1_91' title="bbox 2122 4383 3768 4468">
    <p class='ocr_par' dir='ltr' id='par_1_91' title="bbox 2122 4383 3768 4468">
     <span class='ocr_line' id='line_1_91' title="bbox 2122 4383 3768 4468; baseline 0 -20"><span class='ocrx_word' id='word_1_600' title='bbox 2122 4387 2185 4448; x_wconf 90' lang='lat' dir='ltr'><strong>in</strong></span> <span class='ocrx_word' id='word_1_601' title='bbox 2216 4387 2492 4468; x_wconf 91' lang='lat' dir='ltr'><strong>epistola,</strong></span> <span class='ocrx_word' id='word_1_602' title='bbox 2523 4403 2701 4467; x_wconf 85' lang='lat' dir='ltr'><strong>quam</strong></span> <span class='ocrx_word' id='word_1_603' title='bbox 2732 4384 2804 4445; x_wconf 86' lang='lat' dir='ltr'><strong>ad</strong></span> <span class='ocrx_word' id='word_1_604' title='bbox 2836 4386 3129 4447; x_wconf 82' lang='lat' dir='ltr'><strong>Joannem</strong></span> <span class='ocrx_word' id='word_1_605' title='bbox 3162 4383 3542 4466; x_wconf 88' lang='lat' dir='ltr'><strong>Spatharium</strong></span> <span class='ocrx_word' id='word_1_606' title='bbox 3577 4388 3768 4465; x_wconf 92' lang='lat' dir='ltr'><strong>dedit,</strong></span> 
     </span>
    </p>
   </div>
   <div class='ocr_carea' id='block_1_92' title="bbox 2122 4474 3771 4555">
    <p class='ocr_par' dir='ltr' id='par_1_92' title="bbox 2122 4474 3771 4555">
     <span class='ocr_line' id='line_1_92' title="bbox 2122 4474 3771 4555; baseline 0.002 -19"><span class='ocrx_word' id='word_1_607' title='bbox 2122 4476 2202 4536; x_wconf 87' lang='lat' dir='ltr'><strong>ita</strong></span> <span class='ocrx_word' id='word_1_608' title='bbox 2233 4475 2438 4537; x_wconf 89' lang='lat' dir='ltr'><strong>scribit</strong></span> <span class='ocrx_word' id='word_1_609' title='bbox 2473 4497 2485 4537; x_wconf 93' lang='lat'><strong>:</strong></span> <span class='ocrx_word' id='word_1_610' title='bbox 2524 4474 2832 4539; x_wconf 64' lang='lat' dir='ltr'><strong>«Divinum</strong></span> <span class='ocrx_word' id='word_1_611' title='bbox 2858 4474 3158 4555; x_wconf 88' lang='lat' dir='ltr'><strong>quoddam</strong></span> <span class='ocrx_word' id='word_1_612' title='bbox 3180 4476 3465 4537; x_wconf 87' lang='lat' dir='ltr'><strong>facinusa</strong></span> <span class='ocrx_word' id='word_1_613' title='bbox 3488 4475 3771 4539; x_wconf 88' lang='lat' dir='ltr'><strong>domina-</strong></span> 
     </span>
    </p>
   </div>
   <div class='ocr_carea' id='block_1_93' title="bbox 399 4552 3772 4650">
    <p class='ocr_par' dir='ltr' id='par_1_93' title="bbox 399 4552 3772 4650">
     <span class='ocr_line' id='line_1_93' title="bbox 399 4552 3772 4650; baseline -0.001 -21"><span class='ocrx_word' id='word_1_614' title='bbox 399 4564 673 4629; x_wconf 89' lang='lat' dir='ltr'><strong>Octobris</strong></span> <span class='ocrx_word' id='word_1_615' title='bbox 699 4552 827 4629; x_wconf 78' lang='lat' dir='ltr'><strong>ﬁeri</strong></span> <span class='ocrx_word' id='word_1_616' title='bbox 861 4552 1177 4650; x_wconf 38' lang='lat' dir='ltr'><strong>con—tigerit</strong></span> <span class='ocrx_word' id='word_1_617' title='bbox 1198 4577 1226 4633; x_wconf 87' lang='lat'><strong>?</strong></span> <span class='ocrx_word' id='word_1_618' title='bbox 1272 4570 1586 4631; x_wconf 87' lang='lat' dir='ltr'><strong>Enimvero</strong></span> <span class='ocrx_word' id='word_1_619' title='bbox 1619 4567 1758 4628; x_wconf 84' lang='lat' dir='ltr'><strong>hinc</strong></span> <span class='ocrx_word' id='word_1_620' title='bbox 1782 4552 2035 4647; x_wconf 79' lang='lat' dir='ltr'><strong>factum,</strong></span> <span class='ocrx_word' id='word_1_621' title='bbox 2063 4552 2103 4602; x_wconf 77' lang='grc' dir='ltr'><strong>ί)</strong></span> <span class='ocrx_word' id='word_1_622' title='bbox 2124 4564 2284 4625; x_wconf 86' lang='lat' dir='ltr'><strong>tione</strong></span> <span class='ocrx_word' id='word_1_623' title='bbox 2318 4573 2417 4624; x_wconf 85' lang='lat' dir='ltr'><strong>tua</strong></span> <span class='ocrx_word' id='word_1_624' title='bbox 2445 4564 2660 4624; x_wconf 89' lang='lat' dir='ltr'><strong>factum</strong></span> <span class='ocrx_word' id='word_1_625' title='bbox 2694 4552 3028 4636; x_wconf 83' lang='lat' dir='ltr'><strong>audientes,</strong></span> <span class='ocrx_word' id='word_1_626' title='bbox 3055 4564 3247 4625; x_wconf 88' lang='lat' dir='ltr'><strong>mirati</strong></span> <span class='ocrx_word' id='word_1_627' title='bbox 3280 4583 3488 4626; x_wconf 92' lang='lat' dir='ltr'><strong>sumus</strong></span> <span class='ocrx_word' id='word_1_628' title='bbox 3519 4562 3595 4626; x_wconf 89' lang='lat' dir='ltr'><strong>ob</strong></span> <span class='ocrx_word' id='word_1_629' title='bbox 3638 4584 3772 4626; x_wconf 86' lang='lat' dir='ltr'><strong>ma-</strong></span> 
     </span>
    </p>
   </div>
   <div class='ocr_carea' id='block_1_94' title="bbox 404 4654 2036 4736">
    <p class='ocr_par' dir='ltr' id='par_1_94' title="bbox 404 4654 2036 4736">
     <span class='ocr_line' id='line_1_94' title="bbox 404 4654 2036 4736; baseline -0.001 -21"><span class='ocrx_word' id='word_1_630' title='bbox 404 4664 467 4715; x_wconf 90' lang='lat' dir='ltr'><strong>ut</strong></span> <span class='ocrx_word' id='word_1_631' title='bbox 499 4657 785 4718; x_wconf 90' lang='lat' dir='ltr'><strong>Demetrii</strong></span> <span class='ocrx_word' id='word_1_632' title='bbox 819 4676 1035 4720; x_wconf 91' lang='lat' dir='ltr'><strong>nomen</strong></span> <span class='ocrx_word' id='word_1_633' title='bbox 1068 4658 1342 4721; x_wconf 90' lang='lat' dir='ltr'><strong>Octobris</strong></span> <span class='ocrx_word' id='word_1_634' title='bbox 1392 4658 1488 4718; x_wconf 88' lang='lat' dir='ltr'><strong>die</strong></span> <span class='ocrx_word' id='word_1_635' title='bbox 1518 4662 1552 4717; x_wconf 90' lang='lat'>8</span> <span class='ocrx_word' id='word_1_636' title='bbox 1583 4655 1739 4736; x_wconf 89' lang='lat' dir='ltr'><strong>apud</strong></span> <span class='ocrx_word' id='word_1_637' title='bbox 1772 4654 2036 4735; x_wconf 88' lang='lat' dir='ltr'><strong>Latinos,</strong></span> 
     </span>
    </p>
   </div>
   <div class='ocr_carea' id='block_1_95' title="bbox 400 4741 2036 4823">
    <p class='ocr_par' dir='ltr' id='par_1_95' title="bbox 400 4741 2036 4823">
     <span class='ocr_line' id='line_1_95' title="bbox 400 4741 2036 4823; baseline -0.001 -17"><span class='ocrx_word' id='word_1_638' title='bbox 400 4744 477 4806; x_wconf 69' lang='lat'><strong>26</strong></span> <span class='ocrx_word' id='word_1_639' title='bbox 508 4761 646 4804; x_wconf 84' lang='lat' dir='ltr'><strong>vero</strong></span> <span class='ocrx_word' id='word_1_640' title='bbox 676 4745 829 4823; x_wconf 89' lang='lat' dir='ltr'><strong>apud</strong></span> <span class='ocrx_word' id='word_1_641' title='bbox 863 4745 1098 4809; x_wconf 65' lang='lat' dir='ltr'><strong>Grmcos</strong></span> <span class='ocrx_word' id='word_1_642' title='bbox 1116 4747 1305 4809; x_wconf 88' lang='lat' dir='ltr'><strong>Fastis</strong></span> <span class='ocrx_word' id='word_1_643' title='bbox 1334 4741 1519 4807; x_wconf 80' lang='lat' dir='ltr'><strong>sacris</strong></span> <span class='ocrx_word' id='word_1_644' title='bbox 1540 4743 1717 4805; x_wconf 88' lang='lat' dir='ltr'><strong>fuerit</strong></span> <span class='ocrx_word' id='word_1_645' title='bbox 1748 4743 2036 4805; x_wconf 88' lang='lat' dir='ltr'><strong>insertum</strong></span> 
     </span>
    </p>
   </div>
   <div class='ocr_carea' id='block_1_96' title="bbox 405 4830 2040 4913">
    <p class='ocr_par' dir='ltr' id='par_1_96' title="bbox 405 4830 2040 4913">
     <span class='ocr_line' id='line_1_96' title="bbox 405 4830 2040 4913; baseline 0.001 -20"><span class='ocrx_word' id='word_1_646' title='bbox 405 4830 549 4893; x_wconf 91' lang='lat' dir='ltr'><strong>mihi</strong></span> <span class='ocrx_word' id='word_1_647' title='bbox 578 4832 733 4893; x_wconf 86' lang='lat' dir='ltr'><strong>haud</strong></span> <span class='ocrx_word' id='word_1_648' title='bbox 755 4852 995 4912; x_wconf 88' lang='lat' dir='ltr'><strong>prorsus</strong></span> <span class='ocrx_word' id='word_1_649' title='bbox 1021 4853 1164 4896; x_wconf 91' lang='lat' dir='ltr'><strong>vero</strong></span> <span class='ocrx_word' id='word_1_650' title='bbox 1185 4843 1428 4913; x_wconf 92' lang='lat' dir='ltr'><strong>apparet</strong></span> <span class='ocrx_word' id='word_1_651' title='bbox 1457 4832 1754 4906; x_wconf 89' lang='lat' dir='ltr'><strong>absimile,</strong></span> <span class='ocrx_word' id='word_1_652' title='bbox 1784 4833 2040 4894; x_wconf 81' lang='lat' dir='ltr'><strong>maxime</strong></span> 
     </span>
    </p>
   </div>
   <div class='ocr_carea' id='block_1_97' title="bbox 404 4918 2035 5002">
    <p class='ocr_par' dir='ltr' id='par_1_97' title="bbox 404 4918 2035 5002">
     <span class='ocr_line' id='line_1_97' title="bbox 404 4918 2035 5002; baseline -0.001 -20"><span class='ocrx_word' id='word_1_653' title='bbox 404 4938 537 4982; x_wconf 89' lang='lat' dir='ltr'><strong>cum</strong></span> <span class='ocrx_word' id='word_1_654' title='bbox 572 4918 852 4981; x_wconf 90' lang='lat' dir='ltr'><strong>Sanctum</strong></span> <span class='ocrx_word' id='word_1_655' title='bbox 906 4923 983 4985; x_wconf 71' lang='lat'><strong>‘26</strong></span> <span class='ocrx_word' id='word_1_656' title='bbox 1035 4921 1310 4987; x_wconf 88' lang='lat' dir='ltr'><strong>Octobris</strong></span> <span class='ocrx_word' id='word_1_657' title='bbox 1355 4921 1454 4983; x_wconf 89' lang='lat' dir='ltr'><strong>die</strong></span> <span class='ocrx_word' id='word_1_658' title='bbox 1486 4920 1742 5002; x_wconf 83' lang='lat' dir='ltr'><strong>martyrii</strong></span> <span class='ocrx_word' id='word_1_659' title='bbox 1779 4920 2035 5001; x_wconf 89' lang='lat' dir='ltr'><strong>palmam</strong></span> 
     </span>
    </p>
   </div>
   <div class='ocr_carea' id='block_1_98' title="bbox 403 5007 2038 5089">
    <p class='ocr_par' dir='ltr' id='par_1_98' title="bbox 403 5007 2038 5089">
     <span class='ocr_line' id='line_1_98' title="bbox 403 5007 2038 5089; baseline 0.001 -21"><span class='ocrx_word' id='word_1_660' title='bbox 403 5007 679 5070; x_wconf 87' lang='lat' dir='ltr'><strong>retulisse</strong></span> <span class='ocrx_word' id='word_1_661' title='bbox 710 5007 897 5072; x_wconf 77' lang='lat' dir='ltr'><strong>Graeci</strong></span> <span class='ocrx_word' id='word_1_662' title='bbox 929 5011 988 5073; x_wconf 91' lang='lat' dir='ltr'><strong>in</strong></span> <span class='ocrx_word' id='word_1_663' title='bbox 1021 5010 1286 5083; x_wconf 70' lang='lat' dir='ltr'><strong>Menaeis,</strong></span> <span class='ocrx_word' id='word_1_664' title='bbox 1334 5019 1397 5072; x_wconf 91' lang='lat' dir='ltr'><strong>ut</strong></span> <span class='ocrx_word' id='word_1_665' title='bbox 1447 5028 1631 5089; x_wconf 87' lang='lat' dir='ltr'><strong>supra</strong></span> <span class='ocrx_word' id='word_1_666' title='bbox 1669 5010 1867 5083; x_wconf 90' lang='lat' dir='ltr'><strong>docui,</strong></span> <span class='ocrx_word' id='word_1_667' title='bbox 1929 5026 2038 5070; x_wconf 88' lang='lat' dir='ltr'><strong>ex-</strong></span> 
     </span>
    </p>
   </div>
   <div class='ocr_carea' id='block_1_99' title="bbox 407 5097 2039 5181">
    <p class='ocr_par' dir='ltr' id='par_1_99' title="bbox 407 5097 2039 5181">
     <span class='ocr_line' id='line_1_99' title="bbox 407 5097 2039 5181; baseline 0.002 -25"><span class='ocrx_word' id='word_1_668' title='bbox 407 5113 612 5178; x_wconf 90' lang='lat' dir='ltr'><strong>presse</strong></span> <span class='ocrx_word' id='word_1_669' title='bbox 633 5097 1149 5181; x_wconf 84' lang='lat' dir='ltr'><strong>afﬁrment,reque</strong></span> <span class='ocrx_word' id='word_1_670' title='bbox 1172 5101 1350 5162; x_wconf 87' lang='lat' dir='ltr'><strong>etiam</strong></span> <span class='ocrx_word' id='word_1_671' title='bbox 1375 5100 1501 5180; x_wconf 89' lang='lat' dir='ltr'><strong>ipsa</strong></span> <span class='ocrx_word' id='word_1_672' title='bbox 1524 5099 1674 5163; x_wconf 90' lang='lat' dir='ltr'><strong>forte</strong></span> <span class='ocrx_word' id='word_1_673' title='bbox 1695 5098 1841 5172; x_wconf 88' lang='lat' dir='ltr'><strong>is,ut</strong></span> <span class='ocrx_word' id='word_1_674' title='bbox 1856 5117 2039 5179; x_wconf 86' lang='lat' dir='ltr'><strong>supra</strong></span> 
     </span>
    </p>
   </div>
   <div class='ocr_carea' id='block_1_100' title="bbox 406 5185 2040 5269">
    <p class='ocr_par' dir='ltr' id='par_1_100' title="bbox 406 5185 2040 5269">
     <span class='ocr_line' id='line_1_100' title="bbox 406 5185 2040 5269; baseline 0.001 -24"><span class='ocrx_word' id='word_1_675' title='bbox 406 5185 628 5267; x_wconf 88' lang='lat' dir='ltr'><strong>pariter</strong></span> <span class='ocrx_word' id='word_1_676' title='bbox 650 5186 847 5262; x_wconf 87' lang='lat' dir='ltr'><strong>docui,</strong></span> <span class='ocrx_word' id='word_1_677' title='bbox 876 5187 975 5249; x_wconf 87' lang='lat' dir='ltr'><strong>die</strong></span> <span class='ocrx_word' id='word_1_678' title='bbox 1003 5186 1101 5251; x_wconf 89' lang='lat' dir='ltr'><strong>illa</strong></span> <span class='ocrx_word' id='word_1_679' title='bbox 1127 5187 1198 5250; x_wconf 90' lang='lat' dir='ltr'><strong>ad</strong></span> <span class='ocrx_word' id='word_1_680' title='bbox 1224 5188 1540 5250; x_wconf 86' lang='lat' dir='ltr'><strong>Dominum</strong></span> <span class='ocrx_word' id='word_1_681' title='bbox 1578 5188 1868 5269; x_wconf 80' lang='lat' dir='ltr'><strong>migrarit.</strong></span> <span class='ocrx_word' id='word_1_682' title='bbox 1894 5185 2040 5251; x_wconf 88' lang='lat' dir='ltr'><strong>Utut</strong></span> 
     </span>
    </p>
   </div>
   <div class='ocr_carea' id='block_1_101' title="bbox 404 5274 2038 5359">
    <p class='ocr_par' dir='ltr' id='par_1_101' title="bbox 404 5274 2038 5359">
     <span class='ocr_line' id='line_1_101' title="bbox 404 5274 2038 5359; baseline 0.001 -24"><span class='ocrx_word' id='word_1_683' title='bbox 404 5274 501 5342; x_wconf 84' lang='lat' dir='ltr'><strong>sit,</strong></span> <span class='ocrx_word' id='word_1_684' title='bbox 535 5274 787 5337; x_wconf 89' lang='lat' dir='ltr'><strong>Sanctus</strong></span> <span class='ocrx_word' id='word_1_685' title='bbox 813 5277 1114 5358; x_wconf 85' lang='lat' dir='ltr'><strong>equidem,</strong></span> <span class='ocrx_word' id='word_1_686' title='bbox 1150 5278 1243 5339; x_wconf 90' lang='lat' dir='ltr'><strong>uti</strong></span> <span class='ocrx_word' id='word_1_687' title='bbox 1275 5296 1345 5340; x_wconf 88' lang='lat' dir='ltr'><strong>ex</strong></span> <span class='ocrx_word' id='word_1_688' title='bbox 1367 5278 1491 5359; x_wconf 86' lang='lat' dir='ltr'><strong>jam</strong></span> <span class='ocrx_word' id='word_1_689' title='bbox 1525 5277 1699 5340; x_wconf 84' lang='lat' dir='ltr'><strong>dictis</strong></span> <span class='ocrx_word' id='word_1_690' title='bbox 1730 5278 1939 5358; x_wconf 87' lang='lat' dir='ltr'><strong>liquet,</strong></span> <span class='ocrx_word' id='word_1_691' title='bbox 1978 5276 2038 5337; x_wconf 93' lang='lat' dir='ltr'><strong>iu</strong></span> 
     </span>
    </p>
   </div>
   <div class='ocr_carea' id='block_1_102' title="bbox 406 5363 2039 5440">
    <p class='ocr_par' dir='ltr' id='par_1_102' title="bbox 406 5363 2039 5440">
     <span class='ocr_line' id='line_1_102' title="bbox 406 5363 2039 5440; baseline 0.001 -16"><span class='ocrx_word' id='word_1_692' title='bbox 406 5363 741 5424; x_wconf 86' lang='lat' dir='ltr'><strong>Latinorum</strong></span> <span class='ocrx_word' id='word_1_693' title='bbox 775 5382 945 5440; x_wconf 80' lang='lat' dir='ltr'><strong>aeque</strong></span> <span class='ocrx_word' id='word_1_694' title='bbox 974 5384 1043 5428; x_wconf 90' lang='lat' dir='ltr'><strong>ac</strong></span> <span class='ocrx_word' id='word_1_695' title='bbox 1061 5369 1401 5432; x_wconf 74' lang='lat' dir='ltr'><strong>Graecorum</strong></span> <span class='ocrx_word' id='word_1_696' title='bbox 1444 5368 1632 5429; x_wconf 82' lang='lat' dir='ltr'><strong>Fastis</strong></span> <span class='ocrx_word' id='word_1_697' title='bbox 1662 5366 1848 5428; x_wconf 90' lang='lat' dir='ltr'><strong>sacris</strong></span> <span class='ocrx_word' id='word_1_698' title='bbox 1879 5365 2039 5426; x_wconf 92' lang='lat' dir='ltr'><strong>cele-</strong></span> 
     </span>
    </p>
   </div>
   <div class='ocr_carea' id='block_1_103' title="bbox 403 5449 2042 5533">
    <p class='ocr_par' dir='ltr' id='par_1_103' title="bbox 403 5449 2042 5533">
     <span class='ocr_line' id='line_1_103' title="bbox 403 5449 2042 5533; baseline 0.001 -22"><span class='ocrx_word' id='word_1_699' title='bbox 403 5449 631 5514; x_wconf 90' lang='lat' dir='ltr'><strong>bratur.</strong></span> <span class='ocrx_word' id='word_1_700' title='bbox 662 5451 945 5525; x_wconf 80' lang='lat' dir='ltr'><strong>Quoniam</strong></span> <span class='ocrx_word' id='word_1_701' title='bbox 972 5465 1169 5517; x_wconf 90' lang='lat' dir='ltr'><strong>autem</strong></span> <span class='ocrx_word' id='word_1_702' title='bbox 1195 5456 1271 5517; x_wconf 90' lang='lat' dir='ltr'><strong>de</strong></span> <span class='ocrx_word' id='word_1_703' title='bbox 1300 5455 1458 5517; x_wconf 90' lang='lat' dir='ltr'><strong>cultu</strong></span> <span class='ocrx_word' id='word_1_704' title='bbox 1482 5455 1915 5530; x_wconf 86' lang='lat' dir='ltr'><strong>ecclesiastico,</strong></span> <span class='ocrx_word' id='word_1_705' title='bbox 1940 5452 2042 5533; x_wconf 90' lang='lat' dir='ltr'><strong>qui</strong></span> 
     </span>
    </p>
   </div>
   <div class='ocr_carea' id='block_1_104' title="bbox 405 5539 2042 5624">
    <p class='ocr_par' dir='ltr' id='par_1_104' title="bbox 405 5539 2042 5624">
     <span class='ocr_line' id='line_1_104' title="bbox 405 5539 2042 5624; baseline 0.002 -22"><span class='ocrx_word' id='word_1_706' title='bbox 405 5539 459 5602; x_wconf 89' lang='lat' dir='ltr'><strong>ei</strong></span> <span class='ocrx_word' id='word_1_707' title='bbox 490 5540 667 5602; x_wconf 87' lang='lat' dir='ltr'><strong>fuerit</strong></span> <span class='ocrx_word' id='word_1_708' title='bbox 696 5541 946 5617; x_wconf 87' lang='lat' dir='ltr'><strong>delatus,</strong></span> <span class='ocrx_word' id='word_1_709' title='bbox 981 5563 1175 5606; x_wconf 79' lang='lat' dir='ltr'><strong>sermo</strong></span> <span class='ocrx_word' id='word_1_710' title='bbox 1201 5545 1323 5624; x_wconf 83' lang='lat' dir='ltr'><strong>jam</strong></span> <span class='ocrx_word' id='word_1_711' title='bbox 1357 5545 1591 5618; x_wconf 89' lang='lat' dir='ltr'><strong>incidit,</strong></span> <span class='ocrx_word' id='word_1_712' title='bbox 1614 5545 1701 5605; x_wconf 89' lang='lat' dir='ltr'><strong>rei</strong></span> <span class='ocrx_word' id='word_1_713' title='bbox 1732 5562 2042 5623; x_wconf 84' lang='lat' dir='ltr'><strong>argumen-</strong></span> 
     </span>
    </p>
   </div>
   <div class='ocr_carea' id='block_1_105' title="bbox 405 5632 1940 5717">
    <p class='ocr_par' dir='ltr' id='par_1_105' title="bbox 405 5632 1940 5717">
     <span class='ocr_line' id='line_1_105' title="bbox 405 5632 1940 5717; baseline 0.004 -28"><span class='ocrx_word' id='word_1_714' title='bbox 405 5636 527 5692; x_wconf 90' lang='lat' dir='ltr'><strong>tum</strong></span> <span class='ocrx_word' id='word_1_715' title='bbox 561 5638 784 5707; x_wconf 84' lang='lat' dir='ltr'><strong>monet,</strong></span> <span class='ocrx_word' id='word_1_716' title='bbox 818 5641 879 5693; x_wconf 86' lang='lat' dir='ltr'><strong>ut</strong></span> <span class='ocrx_word' id='word_1_717' title='bbox 908 5632 985 5695; x_wconf 89' lang='lat' dir='ltr'><strong>de</strong></span> <span class='ocrx_word' id='word_1_718' title='bbox 1007 5652 1076 5696; x_wconf 93' lang='lat' dir='ltr'><strong>eo</strong></span> <span class='ocrx_word' id='word_1_719' title='bbox 1097 5635 1222 5717; x_wconf 87' lang='lat' dir='ltr'><strong>jam</strong></span> <span class='ocrx_word' id='word_1_720' title='bbox 1258 5651 1597 5697; x_wconf 90' lang='lat' dir='ltr'><strong>sermonem</strong></span> <span class='ocrx_word' id='word_1_721' title='bbox 1633 5633 1940 5696; x_wconf 88' lang='lat' dir='ltr'><strong>faciamus.</strong></span> 
     </span>
    </p>
   </div>
   <div class='ocr_carea' id='block_1_106' title="bbox 2121 4652 3767 4731">
    <p class='ocr_par' dir='ltr' id='par_1_106' title="bbox 2121 4652 3767 4731">
     <span class='ocr_line' id='line_1_106' title="bbox 2121 4652 3767 4731; baseline 0.002 -19"><span class='ocrx_word' id='word_1_722' title='bbox 2121 4671 2296 4731; x_wconf 84' lang='lat' dir='ltr'><strong>gnam</strong></span> <span class='ocrx_word' id='word_1_723' title='bbox 2319 4670 2524 4714; x_wconf 89' lang='lat' dir='ltr'><strong>revera</strong></span> <span class='ocrx_word' id='word_1_724' title='bbox 2545 4652 2723 4713; x_wconf 89' lang='lat' dir='ltr'><strong>ﬁdem</strong></span> <span class='ocrx_word' id='word_1_725' title='bbox 2762 4660 2943 4725; x_wconf 88' lang='lat' dir='ltr'><strong>tuam,</strong></span> <span class='ocrx_word' id='word_1_726' title='bbox 2973 4653 3149 4713; x_wconf 90' lang='lat' dir='ltr'><strong>homo</strong></span> <span class='ocrx_word' id='word_1_727' title='bbox 3183 4653 3586 4715; x_wconf 81' lang='lat' dir='ltr'><strong>Dei.At‘ﬁrmat</strong></span> <span class='ocrx_word' id='word_1_728' title='bbox 3606 4655 3767 4716; x_wconf 88' lang='lat' dir='ltr'><strong>enim</strong></span> 
     </span>
    </p>
   </div>
   <div class='ocr_carea' id='block_1_107' title="bbox 2121 4742 3771 4824">
    <p class='ocr_par' dir='ltr' id='par_1_107' title="bbox 2121 4742 3771 4824">
     <span class='ocr_line' id='line_1_107' title="bbox 2121 4742 3771 4824; baseline 0.001 -21"><span class='ocrx_word' id='word_1_729' title='bbox 2121 4742 2222 4824; x_wconf 90' lang='lat' dir='ltr'><strong>qui</strong></span> <span class='ocrx_word' id='word_1_730' title='bbox 2272 4742 2495 4817; x_wconf 82' lang='lat' dir='ltr'><strong>retulit,</strong></span> <span class='ocrx_word' id='word_1_731' title='bbox 2530 4750 2587 4802; x_wconf 91' lang='lat' dir='ltr'><strong>te</strong></span> <span class='ocrx_word' id='word_1_732' title='bbox 2620 4759 2848 4802; x_wconf 87' lang='lat' dir='ltr'><strong>sacram</strong></span> <span class='ocrx_word' id='word_1_733' title='bbox 2909 4742 3102 4821; x_wconf 85' lang='lat' dir='ltr'><strong>magni</strong></span> <span class='ocrx_word' id='word_1_734' title='bbox 3157 4743 3429 4822; x_wconf 88' lang='lat' dir='ltr'><strong>martyris</strong></span> <span class='ocrx_word' id='word_1_735' title='bbox 3478 4742 3771 4805; x_wconf 89' lang='lat' dir='ltr'><strong>Demetrii</strong></span> 
     </span>
    </p>
   </div>
   <div class='ocr_carea' id='block_1_108' title="bbox 2121 4831 3768 4914">
    <p class='ocr_par' dir='ltr' id='par_1_108' title="bbox 2121 4831 3768 4914">
     <span class='ocr_line' id='line_1_108' title="bbox 2121 4831 3768 4914; baseline 0.001 -22"><span class='ocrx_word' id='word_1_736' title='bbox 2121 4832 2441 4909; x_wconf 81' lang='lat' dir='ltr'><strong>imaginem</strong></span> <span class='ocrx_word' id='word_1_737' title='bbox 2476 4831 2839 4910; x_wconf 89' lang='lat' dir='ltr'><strong>susceptoris</strong></span> <span class='ocrx_word' id='word_1_738' title='bbox 2891 4831 3196 4906; x_wconf 81' lang='lat' dir='ltr'><strong>cujusdam</strong></span> <span class='ocrx_word' id='word_1_739' title='bbox 3231 4831 3362 4892; x_wconf 92' lang='lat' dir='ltr'><strong>loco</strong></span> <span class='ocrx_word' id='word_1_740' title='bbox 3394 4832 3768 4914; x_wconf 87' lang='lat' dir='ltr'><strong>adhibuisse,</strong></span> 
     </span>
    </p>
   </div>
   <div class='ocr_carea' id='block_1_109' title="bbox 2121 4920 3770 5002">
    <p class='ocr_par' dir='ltr' id='par_1_109' title="bbox 2121 4920 3770 5002">
     <span class='ocr_line' id='line_1_109' title="bbox 2121 4920 3770 5002; baseline 0.001 -20"><span class='ocrx_word' id='word_1_741' title='bbox 2121 4929 2299 5002; x_wconf 90' lang='lat' dir='ltr'><strong>atque</strong></span> <span class='ocrx_word' id='word_1_742' title='bbox 2330 4921 2409 4981; x_wconf 91' lang='lat' dir='ltr'><strong>ita</strong></span> <span class='ocrx_word' id='word_1_743' title='bbox 2438 4920 2541 4982; x_wconf 85' lang='lat' dir='ltr'><strong>ﬁlii</strong></span> <span class='ocrx_word' id='word_1_744' title='bbox 2575 4921 2657 4981; x_wconf 91' lang='lat' dir='ltr'><strong>tui</strong></span> <span class='ocrx_word' id='word_1_745' title='bbox 2689 4940 2722 4981; x_wconf 89' lang='lat' dir='ltr'><strong>a</strong></span> <span class='ocrx_word' id='word_1_746' title='bbox 2759 4921 2879 4983; x_wconf 89' lang='lat' dir='ltr'><strong>Deo</strong></span> <span class='ocrx_word' id='word_1_747' title='bbox 2904 4921 3181 4981; x_wconf 84' lang='lat' dir='ltr'><strong>custoditi</strong></span> <span class='ocrx_word' id='word_1_748' title='bbox 3204 4920 3562 5001; x_wconf 89' lang='lat' dir='ltr'><strong>baptismum</strong></span> <span class='ocrx_word' id='word_1_749' title='bbox 3599 4939 3770 5001; x_wconf 90' lang='lat' dir='ltr'><strong>pere-</strong></span> 
     </span>
    </p>
   </div>
   <div class='ocr_carea' id='block_1_110' title="bbox 2121 5008 3769 5090">
    <p class='ocr_par' dir='ltr' id='par_1_110' title="bbox 2121 5008 3769 5090">
     <span class='ocr_line' id='line_1_110' title="bbox 2121 5008 3769 5090; baseline 0.002 -20"><span class='ocrx_word' id='word_1_750' title='bbox 2121 5010 2295 5088; x_wconf 87' lang='lat' dir='ltr'><strong>gisse.</strong></span> <span class='ocrx_word' id='word_1_751' title='bbox 2313 5011 2382 5072; x_wconf 89' lang='lat' dir='ltr'><strong>Et</strong></span> <span class='ocrx_word' id='word_1_752' title='bbox 2404 5030 2438 5071; x_wconf 94' lang='lat' dir='ltr'><strong>o</strong></span> <span class='ocrx_word' id='word_1_753' title='bbox 2460 5010 2734 5071; x_wconf 74' lang='lat' dir='ltr'><strong>ﬁttuciam</strong></span> <span class='ocrx_word' id='word_1_754' title='bbox 2757 5009 2938 5069; x_wconf 88' lang='lat' dir='ltr'><strong>tuam!</strong></span> <span class='ocrx_word' id='word_1_755' title='bbox 2953 5008 3090 5069; x_wconf 89' lang='lat' dir='ltr'><strong>Non</strong></span> <span class='ocrx_word' id='word_1_756' title='bbox 3115 5012 3323 5072; x_wconf 78' lang='lat' dir='ltr'><strong>inveni</strong></span> <span class='ocrx_word' id='word_1_757' title='bbox 3341 5018 3575 5074; x_wconf 84' lang='lat' dir='ltr'><strong>tantam</strong></span> <span class='ocrx_word' id='word_1_758' title='bbox 3588 5010 3769 5090; x_wconf 76' lang='lat' dir='ltr'><strong>ﬁdem</strong></span> 
     </span>
    </p>
   </div>
   <div class='ocr_carea' id='block_1_111' title="bbox 2122 5097 3770 5164">
    <p class='ocr_par' dir='ltr' id='par_1_111' title="bbox 2122 5097 3770 5164">
     <span class='ocr_line' id='line_1_111' title="bbox 2122 5097 3770 5164; baseline 0.002 -4"><span class='ocrx_word' id='word_1_759' title='bbox 2122 5101 2188 5160; x_wconf 79' lang='lat' dir='ltr'><strong>in</strong></span> <span class='ocrx_word' id='word_1_760' title='bbox 2230 5098 2420 5162; x_wconf 67' lang='lat' dir='ltr'><strong>Isi-an</strong></span> <span class='ocrx_word' id='word_1_761' title='bbox 2452 5118 2570 5161; x_wconf 91' lang='lat' dir='ltr'><strong>non</strong></span> <span class='ocrx_word' id='word_1_762' title='bbox 2622 5098 2813 5160; x_wconf 86' lang='lat' dir='ltr'><strong>solum</strong></span> <span class='ocrx_word' id='word_1_763' title='bbox 2848 5097 3185 5159; x_wconf 89' lang='lat' dir='ltr'><strong>centurioni</strong></span> <span class='ocrx_word' id='word_1_764' title='bbox 3245 5107 3386 5160; x_wconf 93' lang='lat' dir='ltr'><strong>tunc</strong></span> <span class='ocrx_word' id='word_1_765' title='bbox 3444 5118 3479 5161; x_wconf 94' lang='lat' dir='ltr'><strong>a</strong></span> <span class='ocrx_word' id='word_1_766' title='bbox 3530 5099 3770 5164; x_wconf 88' lang='lat' dir='ltr'><strong>Christo</strong></span> 
     </span>
    </p>
   </div>
   <div class='ocr_carea' id='block_1_112' title="bbox 2123 5185 3769 5268">
    <p class='ocr_par' dir='ltr' id='par_1_112' title="bbox 2123 5185 3769 5268">
     <span class='ocr_line' id='line_1_112' title="bbox 2123 5185 3769 5268; baseline 0.001 -18"><span class='ocrx_word' id='word_1_767' title='bbox 2123 5188 2345 5250; x_wconf 87' lang='lat' dir='ltr'><strong>dictum</strong></span> <span class='ocrx_word' id='word_1_768' title='bbox 2366 5185 2759 5267; x_wconf 88' lang='lat' dir='ltr'><strong>arbitror,sed</strong></span> <span class='ocrx_word' id='word_1_769' title='bbox 2786 5204 2943 5247; x_wconf 92' lang='lat' dir='ltr'><strong>nunc</strong></span> <span class='ocrx_word' id='word_1_770' title='bbox 2967 5186 3143 5246; x_wconf 91' lang='lat' dir='ltr'><strong>etiam</strong></span> <span class='ocrx_word' id='word_1_771' title='bbox 3172 5187 3275 5247; x_wconf 90' lang='lat' dir='ltr'><strong>tibi</strong></span> <span class='ocrx_word' id='word_1_772' title='bbox 3303 5189 3401 5268; x_wconf 91' lang='lat' dir='ltr'><strong>qui</strong></span> <span class='ocrx_word' id='word_1_773' title='bbox 3426 5188 3545 5250; x_wconf 87' lang='lat' dir='ltr'><strong>ﬁde</strong></span> <span class='ocrx_word' id='word_1_774' title='bbox 3565 5197 3769 5251; x_wconf 88' lang='lat' dir='ltr'><strong>certas</strong></span> 
     </span>
    </p>
   </div>
   <div class='ocr_carea' id='block_1_113' title="bbox 2122 5274 3768 5358">
    <p class='ocr_par' dir='ltr' id='par_1_113' title="bbox 2122 5274 3768 5358">
     <span class='ocr_line' id='line_1_113' title="bbox 2122 5274 3768 5358; baseline 0.001 -19"><span class='ocrx_word' id='word_1_775' title='bbox 2122 5296 2256 5339; x_wconf 92' lang='lat' dir='ltr'><strong>cum</strong></span> <span class='ocrx_word' id='word_1_776' title='bbox 2279 5277 2637 5340; x_wconf 80' lang='lat' dir='ltr'><strong>illo.lnvenit</strong></span> <span class='ocrx_word' id='word_1_777' title='bbox 2661 5293 2808 5352; x_wconf 80' lang='lat' dir='ltr'><strong>ergo</strong></span> <span class='ocrx_word' id='word_1_778' title='bbox 2829 5274 2927 5335; x_wconf 88' lang='lat' dir='ltr'><strong>ille</strong></span> <span class='ocrx_word' id='word_1_779' title='bbox 2945 5275 3099 5354; x_wconf 81' lang='lat' dir='ltr'><strong>quod</strong></span> <span class='ocrx_word' id='word_1_780' title='bbox 3136 5276 3441 5355; x_wconf 64' lang='lat' dir='ltr'><strong>quaerebat</strong></span> <span class='ocrx_word' id='word_1_781' title='bbox 3470 5298 3485 5354; x_wconf 89' lang='lat'><strong>;</strong></span> <span class='ocrx_word' id='word_1_782' title='bbox 3514 5278 3768 5358; x_wconf 90' lang='lat' dir='ltr'><strong>adeptus</strong></span> 
     </span>
    </p>
   </div>
   <div class='ocr_carea' id='block_1_114' title="bbox 2125 5363 3764 5447">
    <p class='ocr_par' dir='ltr' id='par_1_114' title="bbox 2125 5363 3764 5447">
     <span class='ocr_line' id='line_1_114' title="bbox 2125 5363 3764 5447; baseline 0.001 -20"><span class='ocrx_word' id='word_1_783' title='bbox 2125 5384 2189 5428; x_wconf 87' lang='lat' dir='ltr'><strong>es</strong></span> <span class='ocrx_word' id='word_1_784' title='bbox 2221 5377 2277 5427; x_wconf 88' lang='lat' dir='ltr'><strong>et</strong></span> <span class='ocrx_word' id='word_1_785' title='bbox 2305 5366 2432 5447; x_wconf 86' lang='lat' dir='ltr'><strong>ipse</strong></span> <span class='ocrx_word' id='word_1_786' title='bbox 2464 5368 2620 5447; x_wconf 88' lang='lat' dir='ltr'><strong>quod</strong></span> <span class='ocrx_word' id='word_1_787' title='bbox 2671 5363 2950 5444; x_wconf 87' lang='lat' dir='ltr'><strong>sperasti.</strong></span> <span class='ocrx_word' id='word_1_788' title='bbox 2984 5365 3069 5426; x_wconf 86' lang='lat' dir='ltr'><strong>lbi</strong></span> <span class='ocrx_word' id='word_1_789' title='bbox 3120 5364 3381 5426; x_wconf 86' lang='lat' dir='ltr'><strong>divinum</strong></span> <span class='ocrx_word' id='word_1_790' title='bbox 3417 5366 3764 5428; x_wconf 80' lang='lat' dir='ltr'><strong>mandatum</strong></span> 
     </span>
    </p>
   </div>
   <div class='ocr_carea' id='block_1_115' title="bbox 2125 5452 3768 5537">
    <p class='ocr_par' dir='ltr' id='par_1_115' title="bbox 2125 5452 3768 5537">
     <span class='ocr_line' id='line_1_115' title="bbox 2125 5452 3768 5537; baseline -0.001 -20"><span class='ocrx_word' id='word_1_791' title='bbox 2125 5473 2233 5537; x_wconf 90' lang='lat' dir='ltr'><strong>pro</strong></span> <span class='ocrx_word' id='word_1_792' title='bbox 2264 5457 2559 5536; x_wconf 89' lang='lat' dir='ltr'><strong>corporali</strong></span> <span class='ocrx_word' id='word_1_793' title='bbox 2588 5453 2936 5536; x_wconf 58' lang='lat' dir='ltr'><strong>praesentia:</strong></span> <span class='ocrx_word' id='word_1_794' title='bbox 2972 5452 3068 5515; x_wconf 88' lang='lat' dir='ltr'><strong>hic</strong></span> <span class='ocrx_word' id='word_1_795' title='bbox 3105 5473 3391 5534; x_wconf 75' lang='lat' dir='ltr'><strong>corporea</strong></span> <span class='ocrx_word' id='word_1_796' title='bbox 3419 5455 3611 5535; x_wconf 89' lang='lat' dir='ltr'><strong>imago</strong></span> <span class='ocrx_word' id='word_1_797' title='bbox 3638 5456 3768 5516; x_wconf 88' lang='lat' dir='ltr'><strong>vice</strong></span> 
     </span>
    </p>
   </div>
   <div class='ocr_carea' id='block_1_116' title="bbox 2124 5541 3763 5626">
    <p class='ocr_par' dir='ltr' id='par_1_116' title="bbox 2124 5541 3763 5626">
     <span class='ocr_line' id='line_1_116' title="bbox 2124 5541 3763 5626; baseline 0.001 -21"><span class='ocrx_word' id='word_1_798' title='bbox 2124 5545 2534 5625; x_wconf 90' lang='lat' dir='ltr'><strong>prototypi.lbi</strong></span> <span class='ocrx_word' id='word_1_799' title='bbox 2559 5544 2720 5605; x_wconf 90' lang='lat' dir='ltr'><strong>enim</strong></span> <span class='ocrx_word' id='word_1_800' title='bbox 2740 5541 2933 5603; x_wconf 78' lang='lat' dir='ltr'><strong>verbis</strong></span> <span class='ocrx_word' id='word_1_801' title='bbox 2952 5543 3160 5605; x_wconf 84' lang='lat' dir='ltr'><strong>aderat</strong></span> <span class='ocrx_word' id='word_1_802' title='bbox 3180 5563 3456 5622; x_wconf 87' lang='lat' dir='ltr'><strong>magnum</strong></span> <span class='ocrx_word' id='word_1_803' title='bbox 3470 5542 3763 5626; x_wconf 85' lang='lat' dir='ltr'><strong>Verbum,</strong></span> 
     </span>
    </p>
   </div>
   <div class='ocr_carea' id='block_1_117' title="bbox 2124 5630 3767 5715">
    <p class='ocr_par' dir='ltr' id='par_1_117' title="bbox 2124 5630 3767 5715">
     <span class='ocr_line' id='line_1_117' title="bbox 2124 5630 3767 5715; baseline 0.001 -19"><span class='ocrx_word' id='word_1_804' title='bbox 2124 5632 2436 5697; x_wconf 88' lang='lat' dir='ltr'><strong>divinitate</strong></span> <span class='ocrx_word' id='word_1_805' title='bbox 2467 5651 2574 5697; x_wconf 85' lang='lat' dir='ltr'><strong>sua</strong></span> <span class='ocrx_word' id='word_1_806' title='bbox 2604 5630 2877 5695; x_wconf 87' lang='lat' dir='ltr'><strong>mirabile</strong></span> <span class='ocrx_word' id='word_1_807' title='bbox 2900 5633 3168 5696; x_wconf 88' lang='lat' dir='ltr'><strong>sanitatis</strong></span> <span class='ocrx_word' id='word_1_808' title='bbox 3189 5652 3341 5715; x_wconf 82' lang='lat' dir='ltr'><strong>Opus</strong></span> <span class='ocrx_word' id='word_1_809' title='bbox 3372 5632 3767 5699; x_wconf 82' lang='lat' dir='ltr'><strong>invisibiliter</strong></span> 
     </span>
    </p>
   </div>
  </div>
