4100 6406
300 382 440 447 1121
1379 383 1438 448 S.
1488 383 1865 447 DEMETRII
1912 384 1926 444 l

2010 378 2312 446 .RTYRIS
2355 378 2578 447 ACTA.
3515 384 3670 450 1122

295 517 640 600 perﬁciens;
672 525 730 579 et
762 517 860 578 hic
893 517 1114 596 pariter
1142 535 1389 595 magnus
1441 526 1661 598 martyr
1694 517 1935 596 imagini
1962 527 1995 574 A
2021 518 2301 580 saeculum
2328 529 2622 590 octavum;
2652 526 2812 581 certe
2835 519 3277 581 antesaeculum
3303 519 3546 582 tertium
3572 520 3672 583 de-

292 627 414 669 sum
435 608 650 687 spiritu
677 625 937 688 prmsens
961 607 1396 684 erat,infantem
1431 608 1789 686 suspiciens.
1826 607 1940 670 Ve-
2027 608 2243 670 ciuium
2292 608 2397 670 fuit
2459 610 2806 670 honoratus.
2843 608 3050 688 Liquet
3097 609 3154 670 id
3209 628 3277 671 ex
3328 610 3463 672 data
3515 629 3670 671 anno

288 716 419 760 rum
479 698 602 758 ilth
637 697 900 778 profanis
953 695 1192 775 quidem
1228 695 1472 758 auribus
1505 706 1562 758 et
1619 698 1944 760 incredulis
2029 697 2234 758 mundi
2258 699 2586 759 secundum
2622 697 2858 760 Graecos
2880 699 3060 772 6674,
3095 698 3150 759 id
3185 706 3296 772 est,
3329 717 3462 760 atrae
3494 697 3668 762 Chri-

293 785 590 847 mentibus
624 785 870 846 minime
900 784 1275 864 recipienda,
1313 793 1588 866 tanquam
1610 786 1939 848 incredibi-
2027 791 2224 847 stiana:
2258 792 2414 857 1166,
2445 806 2541 861 per
2576 790 3008 848 Emmanuelem
3041 791 3396 848 Comncnum
3424 793 3672 862 impera—

287 875 391 958 l_ia,
428 876 727 954 videntur,
765 875 1018 934 maxime
1070 873 1511 951 iconomachis;
1569 877 1768 956 pietati
1803 897 1940 939 vero
2027 883 2216 936 torem
2247 876 2322 937 de
2343 875 2572 947 diebus.
2605 875 2823 956 quibus
2853 884 2952 937 aut
2996 877 3240 937 omnino
3271 886 3373 938 aut
3402 896 3472 938 ex
3507 887 3671 958 parte

289 955 404 1025 (nae
457 963 769 1024 manifesta
817 971 1167 1042 argumenta
1228 972 1284 1025 et
1335 955 1606 1045 exempla
1655 966 1940 1045 patefacta
2027 963 2428 1026 tribunalibus
2475 955 2967 1040 feriahdum,seu
2992 985 3024 1026 a
3041 966 3178 1044 jure
3201 966 3455 1027 dicendo
3485 955 3670 1028 absti-

287 1062 446 1115 sunt.
474 1053 626 1125 Quid
660 1052 816 1114 enim
851 1064 942 1113 est
973 1053 1129 1133 quod
1165 1053 1320 1114 Deus
1353 1069 1632 1133 praestare
1684 1056 1942 1116 creden-
2026 1053 2286 1114 neu-lum
2317 1064 2493 1134 esset,
2530 1055 2792 1117 Novella.
2826 1053 2890 1116 In
2924 1055 3032 1116 hac
3063 1057 3247 1135 enim,
3277 1074 3406 1136 quae
3439 1057 3497 1117 in
3526 1055 3669 1118 Jure

291 1142 444 1203 tibus
493 1161 614 1204 non
646 1142 830 1222 possit
859 1141 889 1201 ‘?
919 1142 1032 1203 Aut
1087 1143 1388 1219 quomodo
1421 1143 1479 1204 in
1534 1144 1789 1222 imagine
1824 1164 1939 1206 non
2025 1146 2526 1216 Graeco-Itomano,
2561 1164 2659 1218 per
2691 1149 3100 1205 Leunclavium
3133 1163 3287 1206 anno
3325 1149 3458 1205 1596
3489 1149 3671 1206 Fran-

288 1233 650 1311 homonyme
679 1233 944 1292 cernitur
975 1239 1030 1292 et
1061 1231 1258 1292 inesse
1291 1232 1554 1294 creditur
1586 1234 1686 1314 qui
1717 1252 1942 1314 reprae-
2029 1232 2238 1292 cofurti
2272 1232 2524 1311 vulgato,
2560 1252 2688 1312 pag.
2727 1233 2863 1312 160,
2896 1239 2955 1292 et
2985 1231 3137 1312 apud
3174 1232 3445 1294 Photium
3474 1233 3530 1294 in
3557 1231 3672 1295 No-

287 1319 912 1396 sentatnr?clmaginis
939 1320 1235 1396 siquidem
1269 1321 1557 1400 honot',ut
1584 1341 1830 1401 magnus
1863 1323 1945 1385 ait
2030 1322 2546 1382 mocanonetitulo
2578 1321 2855 1402 septimo,
2882 1339 3014 1400 pag.
3051 1321 3125 1381 58
3156 1332 3218 1383 et
3249 1340 3414 1401 seqq.
3448 1331 3666 1397 exstat,

285 1409 790 1484 Basilius,transit
807 1408 878 1470 ad
899 1409 1543 1489 prototypum.»Quare
1563 1411 1937 1474 manifestum
2023 1404 2351 1489 imperator
2368 1411 2564 1471 verbis
2577 1409 3028 1489 sequentibus,a
3044 1411 3398 1470 Leunclavio
3423 1429 3454 1471 e
3473 1411 3671 1491 lingua

286 1508 373 1560 est
428 1507 749 1579 martyrem
785 1498 993 1579 fuisse,
1029 1499 1128 1580 qui
1183 1498 1469 1561 infantem
1506 1520 1610 1579 per
1640 1503 1937 1582 propriam
2023 1497 2307 1562 Graecain
2341 1499 2606 1562 Latinam
2641 1499 2968 1579 conversis,
2995 1498 3070 1560 ita
3104 1499 3359 1578 primum
3385 1499 3665 1580 loquitur:

286 1588 602 1668 imaginem
627 1586 1016 1668 suscipiebat,
1046 1596 1338 1668 quatenus
1370 1589 1451 1650 ita
1480 1591 1937 1654 credidisti.Sed
2029 1587 2472 1662 «Sancimusmt
2503 1589 2588 1650 illi
2613 1587 2742 1652 dies
2772 1588 2962 1650 feriati
2984 1589 3286 1669 sint,quos
3308 1588 3367 1649 in
3395 1591 3673 1668 praesenti

287 1697 320 1739 o
358 1677 857 1756 magniﬁcentiam
894 1686 1078 1753 tuam,
1109 1680 1206 1758 qui
1239 1680 1416 1740 talem
1451 1699 1518 1740 ac
1551 1689 1773 1742 tantum
1807 1702 1936 1762 syn-
2023 1678 2446 1740 constitutione
2503 1678 2852 1741 nominatim
2912 1676 3438 1752 enumerabimus;
3495 1687 3554 1741 et
3609 1687 3672 1741 ut

283 1776 550 1841 tecnum,
587 1776 651 1828 ut
681 1775 892 1829 vocant
921 1769 949 1828 ?
980 1767 1225 1829 sortitus
1279 1789 1364 1844 es,
1401 1789 1517 1830 non
1549 1771 1706 1832 hunc
1738 1771 1828 1833 vel
1859 1772 1935 1832 il-
2021 1767 2121 1829 alii
2142 1767 2384 1848 quidem
2417 1785 2625 1828 eorum
2654 1766 2829 1828 ferias
2854 1766 2916 1828 in
2937 1767 3276 1828 universum
3303 1765 3581 1844 habeant,
3608 1777 3672 1830 ut

283 1857 406 1918 lum
461 1857 790 1937 principem
844 1863 982 1935 puta
1038 1857 1130 1918 vel
1192 1857 1521 1938 dynastam,
1583 1869 1684 1920 aut
1739 1861 2419 1941 ipsntnequaquam,
2456 1864 2573 1917 toto
2602 1856 2862 1936 ipsorum
2922 1855 3172 1916 durante
3202 1857 3416 1935 spatio,
3451 1857 3670 1918 consti-

281 1944 458 2006 etiam
493 1944 595 2026 qui
647 1944 982 2007 diademate
1014 1945 1329 2008 redimitus
1380 1955 1488 2008 est.
1543 1947 1726 2027 Major
1773 1949 1933 2009 enim
2020 1947 2100 2007 tui
2141 1946 2437 2026 judicium
2473 1952 2677 2026 possit,
2714 1946 2824 2008 nisi
2883 1947 3151 2007 fortassis
3182 1944 3507 2025 imperator
3562 1965 3672 2026 per

279 2033 580 2115 longeque
611 2036 887 2114 superior
918 2043 1005 2095 est
1038 2054 1214 2116 quem
1248 2037 1546 2114 reperisti.
2017 2035 2482 2115 dispensationis
2532 2034 2799 2107 modum,
2831 2035 2920 2095 vel
2983 2035 3056 2095 ob
3105 2044 3518 2096 necessnatem
3582 2036 3671 2117 (ut

363 2123 465 2186 70.
500 2121 853 2202 «Martyrum
885 2123 1102 2204 quippe
1135 2125 1512 2200 fortissimus,
1547 2127 1932 2189 mirificorum
2019 2124 2201 2185 multa
2226 2143 2641 2206 saepenumero
2666 2124 2868 2186 subita
2888 2125 3160 2206 quasdam
3193 2143 3393 2186 rerum
3417 2132 3670 2188 varietas

281 2213 674 2288 clarissimus,
704 2231 1025 2291 germanus
1058 2211 1273 2274 Christi
1306 2215 1552 2291 amicus,
1588 2217 1930 2296 angelorum
2018 2213 2285 2274 licentius
2306 2231 2519 2276 novare
2539 2218 2703 2288 solet)
2727 2220 2786 2274 in
2822 2219 2888 2273 lis
2909 2216 3436 2288 quoquejudicium
3456 2221 3669 2276 consti-

282 2303 448 2364 civis:
484 2302 584 2383 qui
615 2310 693 2362 tot
728 2311 1006 2382 tantaque
1041 2304 1101 2362 in
1135 2304 1306 2363 terris
1351 2322 1592 2383 semper
1615 2307 1799 2384 potuit
1824 2326 1934 2387 po~
2020 2310 2186 2364 tuere
2218 2303 2490 2381 voluerit;
2524 2301 2625 2364 alii
2647 2319 2790 2364 vero
2821 2320 2889 2364 ex
2922 2310 3089 2384 parte
3113 2320 3144 2362 a
3161 2301 3406 2382 judiciis
3436 2312 3665 2378 vacent,

285 2400 542 2473 testque,
578 2399 640 2454 ut
669 2391 728 2453 in
761 2391 1039 2452 omnibus
1072 2392 1192 2452 oris
1236 2393 1659 2454 miraculorum
1693 2413 1932 2456 suorum
2019 2403 2078 2451 ut
2114 2411 2183 2453 ea
2214 2391 2494 2454 videlicet
2538 2401 2934 2454 exerceantur
2962 2410 2996 2454 a
3046 2391 3340 2453 matutino
3400 2400 3671 2473 tempore

289 2481 423 2543 tuba
472 2481 828 2544 celebretur.
866 2481 1084 2542 Beatus
1132 2483 1330 2560 reipsa
1386 2502 1471 2558 es,
1505 2485 1587 2542 vir
1641 2484 1929 2564 piissime,
2020 2500 2206 2561 usque
2237 2481 2310 2542 ad
2363 2489 2594 2562 tempus
2624 2481 2777 2542 sacri
2809 2480 3005 2542 cultus
3055 2499 3160 2542 seu
3195 2480 3390 2560 potius
3438 2482 3670 2560 (Graece

281 2570 436 2650 quod
473 2571 648 2633 talem
677 2579 882 2632 nactus
913 2569 994 2630 sis
1025 2582 1460 2650 susceptorem:
1491 2581 1579 2633 ιρι·
1611 2572 1818 2634 beatus
1847 2584 1937 2636 est
2019 2570 2180 2630 enim
2215 2571 2470 2633 habetur
2493 2571 2836 2651 λειτουργίας)
2868 2575 3064 2632 missa
3089 2569 3406 2651 sacriﬁcii,
3425 2589 3541 2651 quo
3565 2571 3672 2650 ju-

280 2659 440 2721 ﬁlius
500 2667 655 2735 tuus,
692 2661 788 2740 qui
820 2677 854 2719 a
887 2667 1044 2719 tanta
1067 2660 1254 2738 gloria
1287 2667 1343 2720 et
1393 2661 1655 2740 potentia
1687 2663 1934 2739 prmdito
2016 2659 2250 2721 dicibus
2305 2671 2418 2721 tam
2455 2661 2805 2741 precationi,
2841 2679 3015 2740 quam
3069 2659 3456 2722 celebrationi
3488 2660 3671 2722 divini

275 2758 590 2829 susceptus
615 2749 712 2810 sit.
741 2749 927 2811 Nobis
951 2767 1087 2810 Ver)
1124 2750 1323 2810 videre
1356 2751 1529 2812 liceat
1559 2750 1715 2812 hunc
1748 2754 1930 2814 filium
2015 2751 2290 2812 Numinis
2320 2752 2568 2812 intentis
2601 2770 2735 2814 esse
2770 2751 2966 2828 liceat,
3001 2769 3070 2812 ac
3105 2757 3338 2830 peracto
3369 2769 3537 2812 sacro
3561 2750 3668 2830 ju-

277 2848 444 2901 tuum
477 2839 664 2900 sancti
701 2839 984 2901 Demetrii
1017 2840 1459 2919 cognominem,
1494 2840 1544 2900 si
1575 2841 1810 2905 annuis:
1843 2851 1926 2918 ut,
2015 2839 2188 2901 stillae
2242 2859 2444 2902 curam
2496 2849 2725 2919 gerant,
2763 2851 2820 2901 et
2880 2839 3132 2920 injurias
3164 2840 3465 2921 perpessis
3505 2842 3670 2921 juxta

276 2937 560 3008 tanquam
611 2929 799 3008 ipsius
829 2929 1014 2990 ﬁlium
1078 2929 1534 3008 amplectentes,
1565 2937 1624 2992 et
1656 2937 1931 3011 congruis
2014 2928 2275 3008 vigorem
2312 2930 2509 3009 legum
2544 2939 2924 2991 succurrant.

272 3019 384 3098 ipsi
421 3018 636 3092 verbis,
671 3027 734 3078 ut
793 3027 1160 3098 peccatores,
1202 3018 1658 3098 compellemus,
1692 3033 1751 3081 et
1801 3040 1929 3082 rem
2095 3020 2195 3083 72.
2229 3021 2344 3084 Sed
2380 3030 2578 3084 tamen
2612 3022 2672 3082 in
2704 3020 3013 3101 quibusin
3043 3021 3202 3082 hunc
3241 3019 3478 3082 modum
3533 3031 3666 3102 post

275 3117 503 3187 gestam
538 3108 611 3168 ad
643 3107 795 3169 alios
828 3126 1062 3187 quoque
1098 3108 1584 3171 transmittamus.
1614 3108 1737 3171 Nec
1771 3110 1930 3172 enim
2014 3113 2235 3171 cultum
2261 3129 2494 3172 sacrum
2525 3112 2625 3190 jus
2646 3111 2848 3172 dicere
2871 3111 3228 3190 permissum
3255 3117 3368 3190 est,
3391 3110 3452 3171 in
3475 3113 3664 3172 confi—

271 3216 373 3260 res
401 3196 682 3278 pulchras
712 3197 878 3258 sileri
909 3197 1206 3272 convenit,
1242 3197 1346 3258 sed
1384 3198 1516 3258 aliis
1546 3199 1618 3260 ad
1652 3198 1761 3280 piae
1793 3199 1990 3264 fideic
2015 3199 2245 3260 ciendis
2273 3199 2379 3260 abs
2421 3218 2486 3261 se
2519 3199 2922 3261 notationibus
2952 3218 3022 3262 ac
3048 3199 3462 3260 instrumentis
3494 3219 3664 3263 men-

273 3289 436 3350 clara
467 3288 824 3350 documenta
853 3287 1128 3368 proponi.
1167 3313 1194 3343 ι
1257 3286 1573 3350 EnimVero
1605 3297 1665 3351 et
1710 3292 1926 3352 factum
2013 3289 2236 3352 tionem
2270 3288 2556 3370 temporis
2579 3289 2957 3370 faciant,quo
2989 3288 3260 3352 confecta
3279 3289 3457 3350 sinta
3491 3289 3665 3352 Hisce

273 3377 450 3458 plane
480 3377 802 3456 singulare,
837 3376 995 3456 quod
1028 3377 1123 3438 hic
1162 3377 1456 3450 laudatur,
1491 3385 1550 3439 et
1579 3378 1927 3460 verba,qui-
2013 3398 2190 3460 porro
2222 3379 2569 3460 praemissis,
2605 3380 2798 3461 primo
2830 3380 2960 3440 dies
3015 3381 3261 3441 omnino
3293 3380 3530 3442 feriatos
3561 3400 3665 3444 seu

272 3465 388 3528 bus
437 3466 496 3528 id
531 3483 565 3526 a
592 3465 909 3528 Theodoro
961 3465 1194 3529 Studita
1222 3468 1322 3547 sit,
1359 3468 1640 3529 eximiam
1688 3487 1930 3550 prorsus
2012 3473 2223 3545 quibus
2255 3476 2384 3531 totis
2413 3489 2442 3529 a
2474 3472 2716 3531 dicendo
2734 3473 2865 3544 jure
2896 3475 3215 3530 vacandum
3245 3476 3664 3540 stt,enumerat.

273 3574 416 3635 erga
467 3564 735 3618 sanctum
768 3557 1139 3619 Demetrium
1175 3566 1294 3618 tum
1326 3556 1574 3619 Joannis
1600 3558 1923 3638 Spatharii,
2010 3577 2080 3620 ac
2108 3559 2326 3621 deinde
2349 3559 2418 3620 ad
2455 3577 2558 3620 eos
2595 3557 2811 3638 quibus
2839 3577 2909 3620 ex
2951 3567 3114 3637 parte
3148 3567 3369 3620 tantum
3403 3562 3666 3623 vocatio-

271 3647 372 3728 qui
393 3645 544 3708 forte
561 3664 694 3706 cum
715 3646 941 3707 Joanne
980 3644 1467 3726 Protospathario
1500 3655 1558 3707 et
1582 3647 1814 3727 Bajulo,
1851 3647 1925 3710 ab

267 3742 446 3808 Irene
493 3737 683 3799 electo
713 3745 892 3817 atque
942 3737 1102 3817 apud
1157 3736 1543 3817 Teophanem
1577 3738 1648 3799 ad
1699 3758 1922 3801 annum

267 3827 656 3897 imperatricis
690 3826 862 3899 hujus
892 3829 1180 3886 decimum
1206 3836 1544 3894 memorato.
1568 3845 1719 3886 unus
1743 3830 1927 3886 idem-

269 3931 390 3994 que
444 3925 557 3994 est,
593 3922 715 3976 tum
751 3913 1010 3994 ipsemet
1037 3913 1336 3976 Theodori
1367 3911 1616 3976 Studita:
1672 3933 1925 3977 venera-

264 4004 494 4064 tionem
523 4013 796 4081 arguunt.
820 4003 1045 4066 Adhtec
1078 4023 1212 4066 cum
1246 4003 1340 4064 hic
1377 4015 1619 4066 sanctus
1647 4005 1922 4085 scriptor,

266 4093 400 4174 qui,
437 4093 939 4172 quemadmodum
963 4094 1092 4172 jam
1126 4092 1322 4166 docui,
1356 4094 1571 4156 saeculo
1603 4103 1806 4156 octavo
1838 4113 1928 4156 se-

264 4192 554 4244 nescente
585 4182 1015 4264 sequentisque
1044 4181 1213 4244 initio
1245 4183 1470 4255 floruit,
1508 4193 1590 4244 tot
1650 4192 1928 4265 tantaque

267 4279 331 4336 in
367 4279 536 4334 terris
558 4277 902 4335 Demetrium
927 4293 1152 4350 semper
1174 4278 1428 4349 potuisse
1450 4293 1518 4335 ac
1547 4292 1718 4350 porro
1736 4295 1924 4351 posse,

263 4377 380 4442 per
401 4360 580 4421 verba
599 4360 849 4422 recitata
869 4359 1144 4441 afﬁrmet,
1171 4369 1236 4422 ut
1261 4361 1322 4422 in
1341 4361 1620 4423 omnibus
1651 4362 1773 4423 oris
1806 4363 1924 4424 mi-

262 4449 613 4511 raculorum
641 4448 774 4529 ejus
805 4448 942 4510 tuba
974 4448 1570 4530 celebretur,praebet
1591 4453 1925 4527 sane,unde

2007 3667 2145 3709 nem
2172 3648 2429 3710 tribunal
2453 3646 3266 3729 habet,progreditur,iisque
3289 3648 3366 3712 26
3389 3647 3666 3713 Octobris

2007 3737 2193 3810 diem,
2235 3759 2258 3794 α
2288 3738 2445 3818 quod
2472 3738 2522 3798 is
2553 3756 2790 3817 magno,
2823 3746 2888 3798 ut
2915 3738 3086 3812 ait,et
3115 3738 3430 3816 unguentis
3459 3747 3663 3800 scatu-

2008 3831 2174 3887 rienti
2197 3830 2487 3887 Demetrio
2510 3832 2685 3888 festus
2707 3841 2964 3901 agatur,»
2999 3830 3442 3898 accenset.Quin
3469 3830 3663 3903 itaque

2009 3915 2348 3978 Demetrius
2379 3915 2527 3976 festo
2559 3933 2782 3989 annuo,
2815 3915 2989 3993 cujus
3040 3923 3204 3994 parte
3233 3913 3432 3992 aliqua
3463 3935 3495 3977 a
3521 3915 3661 3996 jure

2010 4003 2266 4066 dicendo
2297 4004 2623 4065 vacandum
2657 4011 2836 4078 esset,
2872 4021 2905 4064 a
2963 4003 3183 4066 Graecis
3215 4013 3352 4065 ante
3379 4011 3660 4068 saeculum

2015 4093 2247 4155 tertium
2287 4091 2582 4154 decimum
2627 4094 2950 4154 honoratus
3005 4092 3204 4172 fuerit,
3239 4092 3662 4172 ambigendum

2011 4202 2128 4245 non
2162 4191 2271 4244 est.
2329 4187 2516 4244 Porro
2548 4183 2728 4244 fuisse
2758 4199 2998 4262 quoque
3027 4199 3134 4260 per
3175 4181 3308 4242 festi
3340 4183 3500 4243 illius
3532 4204 3661 4264 par-

2013 4283 2131 4334 tem
2153 4271 2228 4334 ab
2258 4271 2538 4352 operibus
2560 4270 2878 4333 servilibus
2899 4271 3320 4332 abstinendum
3350 4271 3656 4354 Bailletus,

2011 4360 2240 4426 tom.lll
2268 4361 2543 4424 Vitarum
2572 4361 2688 4425 col.
2717 4362 2833 4424 115
2856 4360 2929 4421 ad
2947 4363 2984 4422 8
3017 4360 3292 4422 Octobris
3315 4359 3473 4422 diem
3504 4363 3661 4424 affir-

2009 4452 2350 4530 mat.Atque
2373 4450 2429 4511 id
2449 4451 2720 4532 quidem,
2754 4457 2882 4511 utut
2904 4449 2962 4509 in
2993 4447 3228 4511 laudata
3256 4447 3660 4513 Emmanuelis

263 4556 395 4601 non
453 4537 773 4610 immerito,
809 4535 1093 4600 Sanctum
1155 4547 1426 4600 nostrum
1487 4539 1704 4618 insigni
1763 4541 1920 4621 apud
1946 4540 2298 4617 DComneni
2332 4539 2712 4620 imperatoris
2742 4538 2984 4601 Novella
3015 4555 3288 4618 espresse
3319 4557 3439 4600 non
3469 4557 3660 4601 asser-

267 4625 514 4690 Graacos
545 4626 806 4688 nominis
832 4627 1181 4690 celebritate
1206 4631 1371 4706 juxta
1397 4647 1466 4691 ac
1497 4629 1638 4692 hinc
1671 4639 1800 4692 orta
1830 4649 1922 4695 ve-

264 4715 584 4778 neratione
641 4716 744 4778 diu
776 4722 952 4779 etiam
984 4725 1122 4778 ante
1177 4718 1458 4780 saeculum
1491 4729 1761 4780 octavum
1792 4720 1928 4782 eni-

265 4805 458 4868 tuisse
481 4805 867 4868 arbitremur.

359 4898 456 4960 Ἷ1.
487 4895 654 4968 Quod
683 4915 818 4958 cum
852 4896 932 4957 ita
959 4898 1057 4977 sit,
1090 4899 1231 4977 quin
1263 4895 1372 4958 abs
1401 4895 1496 4958 his
1526 4897 1629 4959 ille
1683 4898 1927 4977 pariter,

263 5003 397 5048 non
428 5003 602 5048 secus
634 5003 702 5046 ac
727 4984 1016 5047 clariores
1046 4991 1234 5048 sancti
1262 4985 1390 5067 alii,
1413 4985 1610 5048 officio
1631 4988 1928 5050 ecclesia-

261 5074 420 5136 stico
452 5075 784 5136 honoratus
832 5075 956 5153 jam
995 5083 1118 5136 tum
1150 5074 1351 5150 fuerit,
1385 5075 1483 5136 vix
1533 5073 1926 5139 dubitandum

261 5164 804 5244 apparet,maxime
826 5181 960 5225 cum
984 5163 1249 5227 festivam
1281 5163 1411 5244 ejus
1433 5163 1627 5226 lucem
1662 5162 1926 5226 Thessa-

263 5251 488 5314 lonicae
508 5252 630 5332 jam
665 5249 802 5312 inde
833 5268 866 5312 a
901 5251 1118 5314 saeculo
1145 5259 1311 5314 sexto
1361 5251 1927 5333 verosimillimeque

261 5345 443 5402 etiam
477 5344 650 5400 citius
680 5346 987 5415 quotannis
1016 5343 1299 5402 celebrari
1331 5345 1749 5417 contigerit,uti
1781 5346 1926 5403 infra

264 5430 808 5493 ostendam.Porro
825 5429 1162 5492 Demetrius
1191 5449 1312 5492 non
1344 5438 1568 5493 tantum
1598 5429 1792 5492 officio
1824 5449 1928 5492 ec-

262 5518 634 5595 clesiastico,
696 5536 836 5580 vero
895 5518 1075 5581 etiam
1139 5519 1287 5580 festo
1345 5537 1568 5596 annuo,
1601 5539 1717 5600 quo
1775 5519 1929 5580 sacri

262 5609 468 5672 cultus
525 5627 634 5671 seu
665 5609 1034 5672 sacrosancti
1067 5608 1265 5670 Missae
1321 5608 1602 5671 sacrificii
1660 5617 1929 5690 tempore

254 5698 370 5783 jus
420 5698 624 5762 dicere
653 5697 820 5761 nefas
852 5707 1032 5777 esset,
1065 5700 1220 5778 apud
1270 5699 1530 5776 Graecos,
1560 5698 1610 5760 si
1640 5717 1762 5762 non
1790 5705 1929 5763 ante

2011 4640 2164 4709 tum,
2199 4628 2715 4691 verosimillimum
2747 4637 3014 4709 apparet.
3051 4625 3271 4689 Verum
3321 4628 3371 4689 is
3401 4629 3662 4709 scriptor

2011 4717 2085 4780 de
2117 4718 2270 4780 festo
2292 4718 2418 4791 illo,
2443 4719 2600 4798 quod
2634 4729 2973 4798 comparate
3004 4717 3076 4778 ad
3099 4717 3247 4778 festa
3274 4716 3391 4778 alia
3414 4719 3658 4780 omnino

2008 4807 2217 4871 feriata
2277 4807 2555 4870 secundm
2585 4807 2862 4868 duntaxat
2891 4806 3097 4868 classis
3149 4805 3364 4868 festum
3398 4807 3658 4887 primum

2009 4891 2207 4975 fuerit,
2244 4897 2370 4958 haec
2395 4905 2685 4977 praeterea
2705 4895 2928 4956 ibidem
2952 4894 3137 4956 addit:
3179 4893 3390 4955 (Adeo
3420 4894 3661 4957 celebre

2011 4993 2146 5065 post
2174 4985 2390 5046 factum
2421 4991 2534 5061 est,
2569 4999 2634 5045 ut
2667 4982 2825 5044 haud
2857 4982 3211 5059 minoribus,
3245 4999 3420 5062 quam
3451 4982 3662 5062 primae

2011 5073 2219 5135 classis
2248 5070 2797 5153 festa,cteremoniis
2828 5068 3193 5132 celebratum
3225 5069 3424 5151 fuerit,
3452 5079 3661 5151 estque

2011 5161 2087 5223 de
2117 5172 2412 5243 praecepto
2464 5178 2570 5240 per
2599 5168 2783 5222 totum
2815 5159 2970 5220 diem
3005 5157 3304 5239 hodieque
3331 5157 3659 5220 observan-

2011 5249 2175 5312 dum.
2216 5276 2240 5307 ι)
2278 5249 2362 5312 [ta
2405 5251 2534 5324 ille,
2565 5249 2626 5310 in
2660 5248 2952 5327 margine.
2988 5265 3120 5328 quas
3158 5247 3373 5310 Smith.
3403 5248 3659 5312 Statum

2011 5338 2243 5402 Graeca:
2265 5339 2722 5420 Ecclesiae,pag.
2749 5335 3216 5418 12,habent,pro
3247 5355 3312 5398 se
3331 5337 3659 5400 citaus.Ve-

2009 5445 2170 5504 rum,
2203 5447 2340 5490 cum
2388 5447 2536 5509 Opus
2586 5429 2700 5489 hoc
2749 5427 2822 5488 ad
2874 5445 3113 5488 manum
3163 5445 3282 5489 non
3331 5425 3430 5505 sit,
3478 5426 3654 5488 fidem

2012 5526 2295 5598 quantum
2356 5515 2416 5578 id
2450 5516 2610 5599 quod
2664 5515 2864 5579 verbis
2920 5515 3186 5578 recitatis
3239 5514 3437 5590 docet,
3473 5532 3660 5594 penes

2009 5605 2204 5687 ipsum
2238 5605 2396 5670 stare
2428 5605 2581 5683 volo,
2619 5613 2678 5668 et
2707 5605 2778 5668 ad
2809 5605 2921 5667 alia
2957 5603 3156 5680 modo,
3191 5620 3322 5683 quae
3349 5602 3422 5665 ad
3456 5601 3656 5665 Sancti

2011 5694 2237 5761 cultum
2269 5703 2564 5776 spectant,
2595 5695 2844 5774 gradum
2872 5693 3049 5758 facio.
