4100 6410
468 327 618 394 1123

549 462 657 518 Vll.

454 465 482 534 §
549 465 657 518 ΥΠ.
715 465 896 530 Quum
951 465 1182 518 ωἱυιίαε
1242 465 1626 513 Thessalonica:
1673 465 1851 510 cuuus
1905 465 1996 509 δα]

560 532 736 604 fuerit
767 531 992 596 delatus,
1027 537 1078 588 et
1099 545 1268 604 quam
1297 528 1509 602 quidem
1537 526 1791 598 antiquus
1820 525 1869 581 is
1905 529 1996 595 apt.

546 630 880 695 73.Eximia
910 631 1082 710 plane
1105 627 1486 689 veneratione
1517 625 1798 704 cultuque
1829 622 2102 684 ecclesia.

463 727 604 784 stico
623 723 1046 781 Thessalonica
1067 723 1327 784 Joannis,
1352 719 1590 776 civitatis
1618 717 1788 788 hujus
1821 715 2110 786 archiepi-

460 808 957 880 scopusapissime
974 807 1092 878 jam
1106 820 1282 876 supra
1305 805 1515 861 laudati
1542 801 2113 880 infrequelnudandi,

461 901 629 956 atate
661 911 768 952 seu
800 890 1003 954 seculo
1039 888 1295 970 septimo
1329 891 1592 967 gavisum
1621 886 1806 947 fuisse
1835 891 2110 947 sanctum

461 980 854 1054 Demetrium,
888 979 977 1041 vel
1011 999 1045 1040 e
1075 978 1240 1059 solis,
1275 977 1491 1056 quibus
1524 978 1680 1038 hunc
1726 975 1982 1056 scriptor
2012 973 2113 1034 ille

457 1075 901 1138 Miraculorum
927 1074 1294 1135 edendorum
1316 1072 1448 1134 lib.I
1468 1071 1952 1150 frequentissime
1974 1087 2111 1130 con-

459 1165 726 1238 decorat,
759 1162 1399 1236 honoriﬁcentissimis,
1438 1161 1628 1240 iisque
1671 1160 1972 1232 duntaxat,
2008 1157 2110 1239 qui

456 1272 562 1334 pro
595 1251 817 1314 sanctis
850 1251 1147 1326 coluntur,
1177 1250 1303 1312 dari
1356 1249 1552 1312 solitis
1584 1248 1765 1310 titulis
1793 1247 1952 1309 haud
1985 1267 2108 1308 om-

459 1343 601 1404 nino
634 1343 834 1419 inepte
877 1341 1182 1421 conjicias.
1218 1339 1438 1400 Verum
1471 1357 1545 1399 ne
1577 1339 1941 1416 conjecturis
1969 1345 2107 1398 tan-

458 1432 765 1494 tummodo
793 1431 1079 1492 utendum
1101 1431 1210 1491 hac
1232 1429 1294 1490 in
1324 1448 1393 1490 re
1423 1429 1579 1505 sit,is
1606 1427 1732 1507 ipse
1765 1426 1937 1488 etiam
1960 1427 2096 1488 scri-

459 1531 594 1604 ptor
651 1521 805 1583 facit.
870 1519 1102 1582 Etenim
1170 1519 1506 1580 enromium
1559 1518 1680 1596 jam
1744 1534 1925 1596 supra
1985 1516 2114 1595 plus

459 1611 646 1672 semel
705 1611 949 1673 citatum
1011 1607 1290 1684 binisque
1359 1607 1523 1668 hisce
1602 1608 1832 1681 Μνήμην
1899 1605 2113 1662 δικαίων

459 1698 656 1762 verbis
713 1698 1080 1773 inchoatum,
1115 1694 1270 1776 quod
1317 1695 1388 1757 ad
1441 1693 2007 1756 Thessalonicenses
2038 1692 2114 1754 de

461 1796 670 1851 sancto
729 1786 1032 1849 Demetrio
1091 1785 1259 1858 dixit,
1299 1803 1430 1846 sese
1489 1795 1654 1864 tunc,
1713 1802 1846 1844 cum
1905 1782 2114 1844 festiva

1831 318 1919 380 SU
1931 317 2480 381 PPLEMENTUM.

715 463 896 530 Quum
951 459 1182 518 ωἰυιὶαε
1242 454 1851 531 Τήεεξᾳιυηίεωβαὶιιιξ
1905 451 2598 531 Βᾳιιειυλιηοιιυιιιοιιῑίε
2657 451 2921 531 antiquis
2967 470 3084 510 non
3141 460 3440 527 occurrat,
3485 469 3716 512 sacram
3771 455 3851 516 de

3701 317 3850 381 1124

2190 560 2305 620 qua
2336 542 2430 602 hic
2461 540 2648 602 adem
2683 539 2898 602 Sancto
2934 546 3136 599 nostro
3185 536 3630 600 Thessalonica
3661 541 3853 604 fuisse

2187 634 2309 714 jam
2335 629 2474 690 inde
2495 649 2526 690 a
2551 629 2748 691 saculi
2769 629 2959 708 quinti
2982 627 3151 688 initio
3186 635 3468 701 erectam,
3505 631 3850 693 verosimile

2195 735 2340 777 sane
2391 725 2660 796 apparet,
2697 717 2806 778 etsi
2856 715 3122 794 interim,
3174 714 3333 794 quod
3396 714 3594 778 forsan
3653 718 3853 799 reipsa

2200 806 2501 880 Leontius,
2531 825 2565 867 a
2597 805 2826 867 codicis
2855 803 3256 867 Theodosiaui
3285 803 3530 865 Leontio
3555 805 3848 884 diversus,

2199 912 2307 956 nec
2343 903 2539 956 tamen
2598 895 2658 955 in
2693 893 3094 954 monumentis
3148 893 3283 955 ullis
3313 893 3574 973 antiquis
3630 916 3852 961 memo-

2193 993 2380 1061 ratus,
2417 984 2722 1062 lllyricum
2755 984 2949 1045 serius
2979 981 3246 1064 prafecti
3307 1001 3556 1045 munere
3584 985 3847 1048 admini-

2193 1073 2414 1147 strarit,
2441 1092 2537 1134 res
2569 1073 2964 1154 undequaque
3013 1082 3174 1134 certa
3208 1092 3322 1132 non
3355 1073 3450 1132 sit.
3492 1074 3736 1152 Verum,
3763 1085 3851 1137 ut-

2192 1181 2428 1244 cunque
2461 1163 2556 1238 sit,
2604 1182 2830 1225 sacram
2878 1163 3153 1243 equidem
3207 1161 3510 1223 Demetrio
3543 1164 3755 1240 adem,
3791 1175 3850 1228 et

2191 1251 2428 1332 quidem
2489 1271 2622 1332 qua
2653 1271 2771 1314 non
2831 1271 3025 1331 parva
3071 1252 3361 1312 duntaxat
3420 1251 3619 1328 molis,
3655 1254 3737 1314 uti
3781 1272 3854 1315 ex

2191 1341 2580 1402 Anastasiana
2631 1341 2833 1403 Sancti
2887 1342 3041 1416 Vita,
3075 1340 3135 1401 in
3189 1358 3303 1419 qua
3335 1337 3676 1402 Oratorium
3730 1353 3855 1404 tan-

2194 1429 2501 1492 tummodo
2531 1440 2791 1505 vocatur,
2829 1449 2946 1492 nc-n
2980 1449 3155 1492 nemo
3188 1429 3337 1490 forte
3366 1430 3618 1509 colligat,
3659 1432 3852 1493 adifi-

2199 1519 2358 1581 cium
2394 1528 2572 1593 esset,
2609 1519 2714 1581 sed
2749 1519 2980 1598 insigne
3015 1518 3191 1599 plane
3225 1518 3856 1598 templum,Tbcssalo-

2197 1609 2347 1670 nica
2364 1610 2486 1689 jam
2543 1608 2644 1670 diu
2678 1619 2813 1670 ante
2864 1609 3104 1671 Joannis
3148 1606 3701 1671 Thessalonicensis
3748 1629 3850 1672 ar-

2195 1697 2588 1777 chiepiscopi,
2622 1699 2748 1778 qui,
2788 1707 2850 1759 ut
2881 1717 3062 1778 supra
3117 1697 3314 1768 docui,
3352 1699 3570 1760 saculo
3598 1701 3851 1779 septimo

2196 1788 2417 1862 ﬂoruit,
2453 1797 2685 1849 atatem
2723 1787 3012 1848 exstitisse
3049 1806 3116 1848 ex
3177 1787 3250 1849 iis
3281 1805 3412 1867 qua
3441 1788 3537 1849 hic
3596 1791 3852 1870 scriptor

458 1878 588 1958 ejus
621 1878 718 1939 lux
757 1884 1056 1954 ageretur,
1084 1874 1304 1936 dixisse
1342 1872 1418 1935 ab
1449 1872 1577 1953 ipso
1610 1871 1806 1935 statim
1839 1871 1978 1934 dicti
2008 1891 2112 1933 en-
2136 1871 2173 1886 "
2199 1875 2502 1938 memoria
2536 1875 2729 1957 predit
2760 1877 3154 1938 indubitatum
3190 1891 3299 1938 est,

458 1966 637 2029 comii
667 1964 840 2028 initio
874 1964 1116 2044 indicat,
1144 1964 1221 2025 ita
1250 1963 1393 2024 illud
1435 1980 1683 2024 exorsus
1714 1981 1728 2021 :
1765 1964 1996 2036 Μνήμην
2026 1961 2109 2018 δι-

457 2059 622 2115 καίων
677 2054 798 2133 μετ’
829 2056 1109 2134 ἐγκωμίων
1142 2057 1411 2111 ποιεῖσθαι
1472 2053 1732 2126 Σαλομὼν
1765 2049 2108 2108 συνεϐούλευ-

461 2169 571 2220 σεν,
601 2145 660 2208 id
687 2153 796 2221 est,
838 2145 1236 2207 (Sanctorum
1271 2141 1620 2204 memoriam
1656 2159 1790 2201 cum
1826 2140 2113 2202 encomiis

461 2235 790 2307 celebrare,
825 2232 1100 2296 Salomon
1149 2233 1356 2293 suasit.
1397 2251 1424 2291 ›
1492 2230 1711 2293 Adhac
1747 2225 1956 2290 ciborii
2005 2249 2111 2292 seu

461 2327 660 2388 altaris
692 2322 1019 2386 umbraculi
1077 2321 1442 2395 incendium,
1480 2319 1636 2401 quod
1676 2318 2109 2382 Miruculorum

445 2415 556 2478 lib.
590 2431 630 2492 ι,
666 2432 797 2494 cap.
835 2414 934 2485 12,
966 2410 1173 2492 refert,
1207 2411 1510 2492 aliquanto
1572 2409 1860 2488 temporis
1891 2409 2104 2489 spatio,

450 2513 768 2584 antequam
803 2502 861 2562 id
897 2500 1106 2562 litteris
1136 2500 1359 2561 ibidem
1420 2497 1747 2572 mandaret,
1788 2501 1912 2576 ipsa
1939 2515 2104 2559 sacra

451 2593 637 2655 sancti
689 2590 977 2652 Demetrii
1041 2589 1197 2662 luce,
1233 2588 1574 2667 quolaunis,
1612 2597 1675 2645 ut
1723 2586 1824 2658 ait,
1877 2585 1972 2646 die
2029 2585 2106 2648 26

451 2680 730 2746 Octobris
757 2678 1057 2742 celebrari
1089 2685 1212 2738 tum
1265 2676 1459 2749 solita,
1493 2675 1761 2735 evenisse
1819 2674 2100 2756 declarat,

452 2788 638 2852 eaque
670 2769 878 2831 eodem
913 2767 1043 2828 loco
1067 2765 1357 2845 adjungit,
1395 2782 1429 2826 e
1455 2763 1671 2852 quibus
1702 2761 1905 2824 Sancti
1939 2763 2102 2825 festi-

451 2851 690 2924 vitatem
727 2876 842 2920 non
875 2877 992 2918 uno
1037 2857 1321 2918 duntaxat
1351 2853 1444 2915 die
1493 2851 1934 2914 Thessalonica
1965 2861 2103 2915 tunc

453 2950 701 3011 durasse
734 2945 1089 3026 intelligitur
1119 2967 1135 3023 -,
1173 2955 1232 3005 ut
1263 2962 1430 3022 sane,
1467 2943 1609 3023 quin
1643 2942 1899 3003 Sanctus
1928 2943 2105 3004 Joan-

453 3039 546 3101 nis
599 3036 1152 3101 Thessalonicensis
1197 3043 1364 3096 atate
1397 3052 1500 3094 seu
1553 3032 1770 3093 saculo
1824 3034 2102 3114 septimo,

2281 1966 2377 2028 75.
2414 1965 2644 2028 Etenim
2679 1966 2737 2026 in
2782 1964 3152 2048 panegyrica,
3179 1984 3353 2045 quam
3387 1964 3755 2030 Prafationis
3785 1973 3843 2030 in

2199 2054 2438 2116 modum
2465 2055 2588 2133 (adi
2619 2073 2785 2118 num.
2820 2057 2885 2133 4)
2917 2055 3170 2116 narratis
3201 2073 3236 2116 a
3270 2074 3335 2116 se
3369 2055 3672 2117 miraculis
3698 2075 3841 2137 pra-

2198 2144 2397 2219 mittit,
2435 2146 2708 2209 oratione
2743 2144 2817 2205 de
2851 2144 3065 2224 primo,
3095 2144 3252 2223 quod
3273 2144 3517 2223 jamjam
3543 2146 3844 2209 relaturus

2195 2241 2304 2308 est,
2341 2234 2631 2295 miraculo
2687 2235 2745 2294 in
2805 2234 3013 2295 codice
3073 2233 3216 2294 olim
3265 2233 3636 2310 Mazarinao,
3671 2255 3849 2316 supra

2191 2322 2517 2402 sapissime
2544 2323 2945 2403 laudato,pag.
2970 2325 3040 2384 t7
3069 2339 3240 2384 versa
3268 2333 3325 2384 et
3354 2342 3519 2404 seqq.
3554 2323 3634 2385 ita
3664 2323 3842 2406 loqui-

2191 2418 2287 2473 tur
2317 2433 2335 2472 :
2369 2412 2714 2486 Ἀκούσωμεν
2763 2419 2959 2483 τοίνυν,
2997 2414 3039 2467 εἰ
3091 2411 3265 2493 δοκεῖ²
3300 2414 3434 2487 μετὰ
3465 2415 3732 2478 συντονίας
3763 2417 3849 2471 καὶ

2608 2503 2824 2581 πρώτου
2899 2501 3046 2560 τοῦδε

2190 2591 2421 2654 πολλοὺς
2483 2594 2630 2666 ὑμῶν
2689 2592 2981 2666 πέπεισμαι
3035 2592 3110 2665 μὴ
3171 2592 3387 2669 ἀγνοεῖν
3449 2589 3530 2646 διὰ
3587 2594 3647 2647 τὸ
3707 2593 3850 2669 περί-

2189 2702 2386 2759 φαντον
2457 2679 2510 2734 ἐν
2577 2679 2677 2755 ὅλῃ
2736 2686 2802 2755 τῇ
2873 2677 3168 2751 Μακεδονίᾳ
3231 2681 3316 2734 καὶ
3374 2685 3442 2755 τῇ
3496 2679 3846 2756 βασιλευούσῃ

2188 2769 2340 2826 πόλει
2401 2769 2696 2848 γεγονέναι,
2758 2768 2854 2824 καί
2905 2769 3068 2848 μέχρι
3125 2775 3210 2823 νῦν
3260 2767 3474 2839 ᾅδεσθαι
3527 2770 3668 2846 παρὰ
3725 2782 3840 2832 τοῖς

2190 2502 2520 2567 κατανύξεως
2608 2503 2824 2576 πρώτου
2899 2501 3046 2560 τοῦδε
3130 2513 3220 2560 1:05
3299 2504 3586 2576 Οαύματος,
3665 2506 3691 2559 ὃ
3762 2501 3849 2560 καὶ

2186 2859 2434 2919 ἁπάντων
2511 2860 2736 2934 στόμασι
2810 2857 3009 2915 παίδων
3066 2859 3124 2914 ἐκ
3187 2858 3430 2936 πατέριον
3515 2857 3844 2938 παρειληφὸ-

2186 2972 2291 3004 των
2369 2951 2466 3016 τὴν
2531 2949 2724 3024 ἐναργῆ
2798 2949 2889 3004 τοῦ
2960 2950 3225 3026 μάρκυροε
3286 2949 3379 3003 καί
3443 2947 3844 3026 ἀπροσδόκητον

2185 3037 2781 3116 θαυματουργῖαν.ρι.ιω
2803 3035 3006 3099 Graca
3028 3036 3208 3098 verba
3230 3036 3308 3096 ita
3335 3043 3595 3099 sonnant
3617 3039 3844 3098 Latine:

452 3129 572 3190 imo
605 3127 808 3206 etiam,
841 3145 976 3188 cum
1031 3125 1256 3187 dictum
1291 3121 1637 3184 incendium
1689 3121 1906 3183 saculo
1939 3130 2166 3206 sexto“
2197 3127 2558 3188 «Audiamus
2584 3125 2849 3205 igitur,si
2887 3126 3106 3205 placet,
3142 3143 3277 3186 cum
3308 3124 3491 3184 animi
3521 3124 3848 3188 attentione

451 3226 552 3281 aut
600 3217 905 3296 sequentis
963 3215 1156 3288 initio,
1203 3222 1269 3274 ut
1315 3213 1375 3273 in
1420 3211 1730 3273 Adnotatis
1783 3230 1910 3291 cap.
1973 3230 2105 3272 mox

454 3306 614 3367 dicto
666 3302 993 3365 subdendis
1044 3302 1298 3374 docebo,
1337 3301 1627 3375 evenerit,
1682 3301 1900 3361 saculo
1942 3309 2106 3360 sexto

453 3396 612 3458 culto
673 3391 1082 3454 ecclesiastico
1145 3392 1320 3471 plane
1364 3389 1583 3469 insigni
1615 3388 1790 3451 fuerit
1837 3389 2101 3465 allectus,

453 3484 616 3544 nulla
648 3483 875 3543 ratione
901 3479 1323 3560 ambigendum
1357 3480 1454 3543 sit.

529 3570 861 3634 74.Verum
890 3587 1087 3631 nonne
1111 3570 1286 3631 etiam
1311 3577 1447 3630 ante
1463 3567 1744 3630 saculum
1789 3574 2006 3628 textum
2027 3566 2105 3626 ita

2190 3215 2367 3275 simul
2397 3225 2456 3276 et
2506 3215 2970 3294 compunctione
3004 3215 3260 3293 primum
3295 3213 3435 3274 illud
3471 3213 3846 3289 miraculum,

2190 3303 2346 3384 quod
2393 3312 2651 3364 vestrum
2689 3303 2927 3376 multos,
2961 3302 3063 3382 qui
3097 3303 3155 3362 in
3206 3311 3325 3364 tota
3355 3301 3701 3364 Macedonia
3744 3304 3850 3365 im-

2190 3400 2554 3472 peranteque
2586 3391 2822 3453 civitate
2855 3391 2959 3472 (ita
2981 3391 3171 3453 Graci
3198 3391 3531 3471 scriptores
3561 3395 3852 3456 Constan-

2187 3481 2502 3560 tinopolim
2552 3481 2768 3560 passim
2802 3480 3134 3561 appellant)
3174 3480 3546 3541 notissimum
3581 3490 3694 3558 est,
3726 3501 3852 3543 om-

2188 3569 2470 3651 uimnque
2499 3589 2626 3648 ore,
2663 3589 2694 3631 e
2749 3570 3018 3652 patribus
3050 3589 3156 3650 per
3207 3570 3360 3631 ﬁlios
3396 3571 3656 3632 evidenti
3688 3573 3851 3634 inex-

455 3661 709 3724 Sanctus
761 3663 817 3722 in
855 3661 1085 3722 civitate
1132 3677 1239 3720 sua
1296 3658 1476 3720 natali
1534 3657 1813 3717 honorari
1875 3655 2106 3735 capit?
2186 3668 2571 3739 spectataque
2597 3660 3211 3740 martyris(Demetrii
3237 3658 3533 3727 videlicet;
3571 3660 3851 3721 miraculi

450 3752 805 3832 Antequam,
839 3768 971 3830 qua
991 3767 1122 3810 mea
1151 3749 1261 3809 hac
1292 3749 1367 3810 de
1391 3765 1455 3807 re
1485 3746 1562 3806 sit
1593 3746 1818 3825 opinio,
1844 3745 2100 3822 edicam,
2187 3749 2513 3828 patratione
2541 3749 2762 3829 audita,
2803 3750 2860 3810 in
2897 3767 3159 3829 praesens
3191 3767 3378 3828 usque
3414 3764 3648 3826 tempus
3679 3748 3848 3810 cele-

454 3840 738 3902 nonnulla
754 3839 946 3902 adhuc
963 3837 1190 3918 juverit
1221 3835 1600 3917 praemisisse.
1636 3835 1852 3896 [Edam
1871 3851 2099 3896 sacram
2187 3836 2416 3918 bratur,
2449 3857 2568 3900 non
2600 3839 2874 3917 ignorare
2927 3840 3230 3900 existimo.
3264 3863 3289 3892 »
3322 3839 3383 3898 ln
3438 3838 3616 3916 hujus
3647 3848 3846 3900 autem

452 3939 670 4006 sancto,
697 3927 1000 3990 Demetrio
1040 3925 1504 3993 Thessalonica,
1535 3943 1670 3986 cum
1704 3942 1938 3985 sacrum
1972 3925 2102 4003 ejus
2188 3927 2652 4008 miraculi,quod
2677 3927 3117 3992 Miraculorum
3134 3927 3502 3989 edendorum
3525 3925 3836 4009 lib.t,cap.

453 4037 668 4100 corpus
697 4018 806 4079 sub
853 4027 1012 4078 terra
1039 4015 1386 4096 aliquandiu
1421 4013 1731 4094 jacuisset,
1768 4032 1800 4074 a
1834 4015 2098 4090 Leontio,
2189 4017 2216 4078 1
2246 4017 2741 4096 refert,quodq1’1e
2770 4017 2844 4078 de
2871 4017 3199 4096 deSperata
3230 4015 3500 4076 sanitatis
3534 4017 3838 4096 praefecto,

453 4107 670 4188 lllyrici
716 4106 1014 4187 prafecto,
1051 4125 1120 4166 eo
1154 4105 1283 4186 ipso
1325 4122 1443 4184 quo
1495 4113 1668 4165 terra
1697 4105 1887 4165 fuerat
1939 4123 2102 4165 man-

2194 4107 2456 4167 Mariano
2528 4123 2769 4185 nempe,
2831 4105 3036 4168 Grace
3109 4109 3222 4185 περὶ
3281 4115 3373 4162 τοῦ
3429 4105 3842 4172 ἀπελπισθέντας

454 4197 654 4259 datum
687 4196 814 4258 loco
845 4195 1029 4256 fuisse
1087 4201 1472 4268 exstructam,
1505 4193 1897 4255 Anastasiana
1927 4191 2102 4254 simul
2189 4195 2430 4274 ἐπάρχου
2462 4194 2764 4269 inscribit,
2801 4195 3145 4256 narratione
3191 4194 3440 4273 insignis
3473 4195 3646 4274 plane
3681 4205 3842 4256 tem-

454 4294 511 4348 et
531 4285 815 4347 Photiana
837 4283 1038 4348 Sancti
1070 4282 1272 4344 Passio
1298 4291 1568 4344 testatum
1605 4283 1760 4344 facit.
1793 4280 2099 4342 Posterio-
2187 4283 2291 4362 pli,
2326 4284 2485 4362 quod
2535 4284 2998 4356 Thessalonica,
3029 4283 3169 4344 dum
3205 4293 3505 4344 narratum
3569 4283 3643 4344 ab
3675 4303 3748 4346 eo
3783 4284 3844 4346 in

453 4379 534 4436 ris
565 4378 740 4450 hujus
773 4375 1309 4439 lucubratiunculas.
1333 4391 1362 4433 a
1395 4391 1504 4447 qua
1529 4378 1684 4446 prior
1712 4374 2103 4430 insubstantia
2187 4373 2452 4432 Mariano
2516 4373 2792 4452 prafecto
2828 4382 3164 4452 patraretur
3225 4374 3600 4449 miraculum,
3636 4382 3844 4436 sancto

455 4464 611 4526 haud
644 4462 930 4536 dissonat,
983 4461 1162 4524 verba
1221 4461 1337 4522 huc
1389 4459 1716 4540 spectantia
1760 4459 1887 4518 hac
1915 4465 2054 4518 sunt
2087 4477 2100 4519 :
2131 4538 2154 4540 Α
2187 4460 2490 4523 Demetrio
2514 4480 2750 4522 sacrum
2786 4463 3104 4539 exstiterit,
3132 4464 3263 4525 loco
3289 4481 3407 4524 non
3441 4482 3557 4525 uno
3591 4469 3847 4526 mentio-

459 4551 747 4624 «Quidam
781 4569 919 4612 vero
945 4549 1226 4613 Leontius
1258 4550 1346 4610 vir
1377 4538 1528 4629 pius,
1569 4555 1770 4628 postea
1804 4545 2105 4626 prafectu-
2127 4538 2324 4609 Dnem
2359 4549 2522 4612 facit.
2556 4549 2758 4621 Quare
2786 4570 2920 4612 cum
2969 4551 3321 4617 miraculum
3356 4552 3516 4614 istud
3572 4551 3674 4613 diu
3705 4563 3845 4614 ante

453 4659 606 4715 ram,
641 4659 757 4721 qua
785 4639 1084 4720 lllyricum
1116 4638 1574 4710 administravit,
1601 4636 1874 4715 adeptus,
1908 4635 2106 4696 locum
2191 4645 2420 4698 atatem
2458 4655 2622 4699 suam
2656 4640 2949 4701 accidisse
3007 4660 3114 4721 per
3145 4642 3326 4702 verba
3356 4642 3629 4723 proxime
3678 4643 3840 4703 reci-

455 4730 724 4810 expians,
760 4730 817 4789 in
847 4747 962 4811 quo
995 4730 1185 4791 sancti
1223 4726 1496 4804 martyris
1526 4724 1798 4804 reliquia
1826 4723 2108 4804 conquie-
2193 4733 2309 4787 tata
2365 4728 2648 4804 Joannes,
2710 4730 3266 4792 Thessalonicensis
3326 4731 3837 4812 archiepiscopus,

453 4830 691 4896 verant,
741 4827 801 4881 et
839 4818 1157 4898 amplians,
1197 4814 1467 4876 excitavit
1517 4814 1800 4893 templum
1849 4832 1920 4875 eo
1976 4815 2105 4875 loco
2189 4814 2664 4879 luculentissime
2695 4818 3384 4893 deceat,consectarium
3419 4830 3529 4896 est,
3562 4829 3710 4882 utet
3736 4821 3842 4882 diu

459 4909 720 4988 martyri,
759 4925 1080 4968 commune
1123 4901 1598 4984 propitiatorium
1631 4912 1689 4963 et
1747 4903 2102 4982 perfugium,
2190 4913 2326 4965 ante
2354 4905 2508 4967 hanc
2540 4925 2608 4967 ac
2632 4908 2803 4988 proin
2835 4916 2971 4969 ante
3003 4909 3284 4970 saculum
3331 4926 3456 4982 Vill,
3491 4928 3608 4989 quo
3638 4927 3710 4970 ex
3740 4909 3840 4970 di-

452 5011 574 5057 non
595 4995 1034 5058 Thessalonica
1051 4991 1378 5064 solum,sed
1405 4989 1758 5052 etomnibus
1775 4990 2098 5052 finitimis.»
2189 4999 2298 5054 ctis
2328 4993 2380 5054 is
2408 4995 2665 5075 scriptor
2697 4998 2921 5072 ﬂoruit,
2950 4995 3391 5060 Thessalonica
3421 5001 3650 5077 ingens,
3678 4998 3840 5078 quod

451 5083 701 5167 Verum,
734 5093 796 5146 ut
845 5102 962 5164 quo
1015 5079 1390 5168 tempore
1442 5080 1658 5168 factum
1710 5080 2107 5142 verosimilius
2190 5091 2392 5144 sancto
2456 5083 2759 5146 Demetrio
2819 5103 3051 5147 sacrum
3115 5100 3295 5164 esset,
3359 5089 3646 5168 templum
3710 5089 3838 5166 jam

454 5173 635 5236 fuerit
687 5166 1067 5244 deﬁciamus,
1107 5167 1169 5228 in
1217 5167 1426 5228 codice
1474 5166 1916 5244 Theodosiano,
1967 5186 2100 5230 cum
2188 5171 2368 5234 fuerit
2398 5181 2788 5236 exstructum.

454 5255 1278 5346 GothofrediCommentariis
1291 5274 1447 5318 anno
1465 5265 1486 5318 t
1503 5257 1622 5319 665
1635 5258 2097 5337 Lugduniedito,
2271 5263 2452 5324 76.At
2469 5263 3353 5342 vero,inquies,miraculum,in
3377 5265 3640 5328 Mariano
3671 5283 3838 5346 prae-

453 5359 597 5411 tom.
633 5350 728 5412 VI.
758 5367 887 5429 pag.
925 5346 1041 5409 369
1074 5343 1380 5436 Leontius,
1414 5347 1514 5426 qui
1559 5364 1712 5408 anno
1741 5348 1859 5408 Διιὲ
1892 5357 1951 5408 et
1981 5346 2102 5408 413
2184 5350 2340 5413 fecto
2374 5352 2565 5413 sancti
2610 5351 2896 5415 Demetrii
2944 5352 3270 5429 patrocinio
3325 5363 3645 5436 patratum,
3671 5343 3843 5436 apud

452 5437 666 5518 Illyrici
729 5437 1037 5526 praefectus
1083 5433 1214 5526 fuit,
1252 5445 1638 5526 memoratur.
1707 5439 1927 5515 Quare,
1964 5456 2100 5499 cum
2188 5440 2618 5515 Mabillonium,
2647 5448 2791 5502 tom.
2827 5443 2854 5501 Ι
2890 5433 3342 5506 Ληαιεοιονιιιπ⁷
3367 5433 3664 5526 veterum,
3699 5433 3835 5526 pag.

451 5527 735 5591 Leontius
766 5525 939 5600 alter,
970 5523 1198 5606 Illyrici
1244 5525 1582 5605 prafectus,
1619 5528 1739 5608 cui,
1769 5529 1927 5608 quod
1955 5527 2104 5590 reci-
2185 5533 2248 5590 71
2284 5543 2337 5591 et
2367 5533 2522 5589 binis
2544 5546 2704 5604 seqq.
2737 5533 2906 5590 etiam
2941 5543 3136 5592 narrat
3162 5536 3498 5595 Anastasius
3527 5523 3846 5596 Bibliothe-

455 5614 585 5676 tatis
638 5614 828 5678 Photii
859 5613 1058 5678 verbis
1105 5621 1404 5692 narratur,
1439 5616 1758 5680 convenire
1807 5617 2010 5699 possit,
2043 5620 2103 5682 in
2185 5617 2684 5698 carius,tumque,
2717 5635 2854 5680 cum
2875 5618 3023 5682 illud
3057 5621 3276 5700 evenit,
3311 5622 3549 5704 insigne
3574 5622 3846 5687 Thessa~
