4100 6418
331 320 487 388 1125

1413 329 1473 392 8.
1521 325 1899 394 DEMETRII
1943 321 2341 390 MARTYRIS
2380 326 2602 393 ACTA.

3540 331 3692 398 H26

311 457 527 521 Ionica;
576 462 860 544 templum
893 472 1097 526 sancto
1139 465 1443 528 Demetrio
1486 464 1748 526 nondum
1778 464 1958 525 fuisse
1982 488 2017 522 Α
2043 462 2268 536 scribit,
2304 464 2596 526 ciborium
2631 484 2732 528 seu
2767 465 2886 546 (adi
2909 467 2980 527 ad
3015 466 3170 528 hanc
3195 485 3396 528 vocem
3422 468 3482 529 in
3515 468 3686 532 Glos-

309 563 826 636 exstructum,non
854 557 1111 620 obscure
1141 559 1356 621 innuit.
1383 561 1614 631 Fateor,
1642 558 1726 619 sic
1759 557 1957 618 habet.

307 640 539 703 Etenim
599 646 947 708 Anastasius
978 647 1108 709 loco
1168 649 1343 711 citato
1375 649 1453 709 ita
1483 647 1687 709 scribit
1718 669 1730 705 :
1800 672 1824 701 α
1861 646 1964 708 His

305 731 487 792 dictis
519 733 832 794 confestim
871 735 1216 818 (Marianus)
1250 755 1460 798 somno
1493 735 1812 818 corripitur
1845 754 1963 816 prae

306 820 517 883 dolore
547 831 603 883 et
635 823 896 899 tristitia;
927 844 1060 904 qua:
1090 845 1219 887 cum
1257 824 1963 906 obdormisset,apparuit

305 909 362 970 ei
397 909 604 972 beatus
637 913 978 974 Demetrius
1029 914 1236 976 dicens
1269 936 1283 988 ;
1317 913 1503 992 Surge
1535 924 1592 977 et
1629 913 1814 976 servis
1846 915 1962 976 tuis

304 998 730 1079 impera,quod
759 1012 814 1062 te
839 1001 1106 1063 deferant
1138 1005 1192 1064 in
1229 1004 1468 1064 domum
1503 1003 1958 1074 Demetrii;nam

304 1085 662 1167 ibi.juvante
698 1091 845 1169 Deo,
880 1091 1140 1171 recipies
1171 1093 1507 1156 sanitatem.
1542 1094 1808 1172 Cumque
1833 1093 1959 1154 evi-

301 1175 501 1253 gilans
521 1177 1095 1241 acircumstantibus
1119 1181 1360 1243 domum
1384 1181 1670 1244 Demetrii
1690 1181 1964 1262 martyris

299 1265 753 1345 requireretait
779 1268 1018 1347 quidam
1058 1269 1199 1347 ;Est
1231 1271 1444 1332 domes
1467 1271 1749 1332 vilissima
1780 1289 1964 1350 prope

300 1355 590 1435 stadium,
626 1357 686 1417 in
711 1377 825 1437 qua
849 1358 1052 1419 dicunt
1078 1360 1283 1440 jacere
1305 1360 1694 1436 Demetrium,
1723 1363 1818 1440 qui
1848 1360 1960 1420 du-

301 1442 446 1504 dum
475 1445 696 1506 lanceis
723 1447 1070 1509 interfectus
1095 1451 1368 1528 estjussu
1391 1449 1732 1514 Maximiani
1764 1451 1959 1530 impe-

297 1536 540 1596 ratoris.
570 1531 722 1597 Tum
761 1535 905 1599 ille:
943 1536 1088 1599 Illuc
1123 1558 1218 1600 me
1247 1539 1418 1614 ferte,
1455 1541 1595 1620 quia
1623 1539 1682 1599 in
1709 1539 1833 1600 visu
1867 1540 1926 1600 di

297 1631 461 1709 ctum
495 1632 585 1683 est
616 1622 785 1697 mihi,
813 1623 940 1686 illic
975 1629 1291 1689 sanitatem
1329 1647 1422 1690 me
1454 1647 1630 1709 posse
1661 1631 1956 1708 recipere.

299 1707 469 1771 Tunc
520 1712 725 1774 famuli
756 1713 1022 1776 tulerunt
1065 1716 1374 1777 dominum
1429 1707 1628 1792 suum,
1663 1719 1763 1777 ubi
1799 1707 1958 1795 jussi

296 1800 570 1896 fuerant,
593 1802 855 1882 etjussit
909 1822 976 1866 se
1021 1823 1249 1884 ponere
1305 1806 1680 1868 solummodo
1717 1807 1776 1866 in
1805 1806 1961 1886 pavi-
1986 1846 2020 1896 Β

2047 552 2203 612 sario
2250 555 2563 634 Cangium)
2596 557 2872 618 eductum
2925 555 2984 616 in
3017 555 3367 633 fastigiatam
3414 557 3686 636 formam,

2047 639 2157 700 sub
2177 660 2293 720 quo
2315 644 2503 704 sancti
2531 643 2814 706 Demetrii
2845 663 3060 724 corpus
3089 645 3459 706 reconditum
3487 647 3692 726 jacere

2046 729 2419 802 credebatur,
2445 734 2646 794 altaris
2669 733 3077 795 umbraeulum
3113 753 3174 796 ex
3204 743 3450 814 argento
3480 737 3688 800 confe-

2046 826 2204 878 ctum
2240 821 2549 882 extititisse
2580 821 2804 883 scribit.
2840 821 2992 894 Quin
3018 840 3153 883 vero
3176 824 3594 898 existimet,vel
3630 827 3691 888 in

2046 905 2566 971 Thessalonicensi
2619 913 2768 982 aede,
2814 930 3011 972 sacras
3062 911 3347 974 Demetrii
3404 914 3692 995 reliquias

2045 997 2418 1074 continente,
2450 1008 2509 1060 in
2543 1019 2716 1080 quam
2748 999 3044 1061 Marianas
3075 999 3272 1062 illatus
3305 1002 3434 1082 fuit,
3462 1005 3686 1083 pretio-

2047 1103 2176 1144 sum
2203 1086 2544 1166 hujusmodi
2569 1098 2981 1151 ornamentum
3007 1089 3266 1151 fuiurum
3297 1090 3690 1164 fuisse,velde

2047 1193 2108 1233 ea
2131 1178 2402 1236 Joannem
2427 1181 2998 1238 Thessalonicensem
3028 1193 3138 1238 tam
3173 1184 3583 1254 magniﬁce,uti
3617 1201 3689 1243 ex

2045 1261 2220 1323 (lictis
2245 1262 2774 1339 facit,locuturum,
2803 1264 2852 1324 si
2884 1265 3014 1325 vilis
3035 1264 3340 1342 duntaxat,
3370 1267 3492 1328 imo
3522 1269 3683 1331 vilis-

2045 1350 2217 1430 sima,
2255 1353 2444 1432 qualis
2472 1356 2767 1414 exstitisse
2800 1355 2871 1414 ab
2904 1353 3220 1415 Anastasio
3251 1355 3538 1431 innuitur,
3577 1357 3688 1420 do-

2048 1458 2176 1500 mus
2201 1439 2454 1503 fuisset?
2483 1444 2609 1502 Jam
2644 1460 2782 1503 vero
2814 1461 2949 1503 cum
2977 1442 3099 1502 haec
3131 1442 3209 1502 ita
3231 1442 3507 1520 habeant,
3545 1446 3690 1525 quin

2037 1529 2165 1609 jam
2217 1539 2363 1603 tum,
2397 1549 2530 1592 cum
2592 1541 2884 1616 patratum
2952 1531 3011 1592 in
3042 1529 3301 1593 Mariano
3338 1532 3690 1597 miraculum

2043 1617 2282 1694 accidit,
2314 1620 2545 1698 insigne
2570 1621 3096 1701 templum,sancto
3123 1619 3422 1684 Demetrio
3454 1640 3688 1686 sacrum

2043 1705 2488 1769 Thessalonicae
2518 1709 2835 1781 exstiterit,
2875 1708 3266 1770 dubitandum
3310 1729 3426 1771 non
3458 1719 3566 1773 est.

2131 1799 2201 1857 78
2235 1797 2294 1858 Id
2320 1816 2491 1878 porro
2519 1817 2550 1858 e
2572 1796 2802 1859 Joanne
2833 1797 3695 1873 Stauracio,Thessalonicensi

296 1888 1318 1972 mentoCumquejaceret,sommo
1344 1894 1543 1956 subito
1565 1895 1869 1972 arripitur,
1899 1887 2519 1967 et'chartophylace,
2580 1887 2683 1964 (illi
2737 1887 3111 1968 quandonam
3172 1889 3463 1969 ﬂoruerit,
3511 1909 3694 1969 supra

304 1995 447 2038 ecce
480 1976 688 2040 beatus
722 1981 1062 2042 Demetrius
1087 1983 1301 2044 iterum
1334 1985 1604 2062 apparuit
1636 1983 1690 2044 ei
1724 1984 1953 2045 dicens:

295 2063 410 2126 Per
440 2084 536 2128 me
567 2067 763 2129 sanari
795 2077 989 2148 potes,
1018 2072 1123 2132 sed
1151 2071 1318 2145 time,
1358 2091 1430 2132 ne
1455 2073 1605 2132 forte
1633 2079 1765 2151 post
1794 2073 1956 2133 sani-

296 2162 480 2216 tatem
503 2157 665 2218 curis
687 2157 867 2237 hujus
893 2160 1102 2221 mundi
1127 2170 1182 2220 te
1207 2161 1585 2240 implices.At
1615 2161 1952 2222 Marianus:

291 2241 382 2305 Tu
441 2244 578 2319 scis,
636 2245 902 2318 domine,
941 2248 1081 2323 quia
1140 2268 1440 2328 nunquam
1506 2250 1618 2310 hoc
1677 2251 1789 2328 egi,
1847 2269 1954 2310 nec

293 2351 472 2411 agere
505 2334 697 2413 cupio.
738 2333 807 2394 Et
839 2336 938 2397 ille
969 2358 982 2398 :
1018 2336 1284 2399 Christus
1321 2346 1374 2399 te
1407 2350 1595 2419 sanat,
1633 2339 1732 2419 qui
1783 2339 1958 2418 erigit

295 2423 496 2482 elisos.
536 2422 606 2483 Et
636 2425 920 2502 evigilans
950 2425 1248 2486 Marianns
1280 2429 1458 2506 cmpit
1499 2446 1741 2488 narrare
1772 2428 1954 2488 visio-

293 2529 458 2585 nem,
491 2530 752 2592 cumque
781 2513 851 2574 ad
888 2514 999 2574 hoc
1036 2525 1274 2576 ventum
1331 2517 1566 2592 fuisset,
1604 2516 1702 2576 ubi
1739 2526 1957 2597 martyr

290 2599 445 2659 dixit
483 2619 496 2662 :
527 2600 797 2662 Christus
850 2611 908 2663 te
949 2614 1140 2674 sanat,
1179 2604 1280 2684 qui
1336 2605 1509 2684 erigit
1540 2606 1740 2682 elisos,
1772 2625 1955 2667 sanus

292 2689 796 2769 surrexitgratias
826 2710 1007 2769 agens
1039 2692 1160 2754 Deo
1193 2713 1325 2754 cum
1361 2694 1664 2774 omnibus,
1701 2696 1802 2775 qui
1836 2695 1955 2756 illic

285 2778 558 2842 aderant.
585 2803 610 2833 η
646 2782 792 2840 Cum
815 2791 1013 2841 autem
1065 2781 1351 2842 Demetrii
1386 2783 1656 2862 martyris
1688 2783 1954 2859 domum,

2042 1975 2278 2056 edocui,
2314 1984 2618 2055 utcunque
2650 1977 3063 2038 confirmatur.
3097 1975 3332 2036 Etenim
3366 1987 3425 2039 et
3458 1979 3552 2040 hic
3584 1979 3690 2042 mi-

2040 2064 2310 2127 raculum
2343 2065 2402 2124 in
2432 2065 2698 2126 Mariano
2732 2072 3017 2143 patratum
3055 2063 3114 2124 in
3147 2082 3311 2124 suam
3350 2084 3527 2146 supra
3561 2086 3691 2128 me-

2044 2164 2329 2216 moratam
2357 2155 2430 2214 de
2462 2155 2648 2216 sancti
2675 2155 2959 2216 Demetrii
2989 2154 3293 2216 miraculis
3321 2154 3686 2217 lucubratio-

2041 2260 2176 2302 nem
2202 2243 2425 2316 intulit,
2459 2241 2804 2322 ibidemque
2828 2242 2885 2302 in
2917 2243 3124 2302 codice
3148 2252 3348 2302 nostro
3380 2243 3608 2321 signato
3640 2243 3688 2323 -ι-

2042 2349 2150 2392 ms.
2186 2332 2300 2391 193
2321 2331 2510 2393 sancti
2532 2331 2818 2393 Demetrii
2839 2332 3048 2412 aedem,
3077 2333 3134 2391 in
3168 2350 3341 2410 quam
3371 2331 3686 2411 Marianus,

2039 2421 2272 2482 sanitati
2301 2421 2734 2497 restituendus,
2773 2421 2879 2481 fuit
2903 2420 3156 2494 delatus,
3183 2423 3469 2500 ἀνάκτορον
3498 2425 3691 2484 cedem

2039 2514 2272 2590 regiam
2317 2529 2420 2572 seu
2453 2510 2764 2573 basilicam
2795 2511 3076 2590 appellat.
3118 2511 3231 2572 Nec
3282 2519 3365 2586 ut,
3392 2513 3546 2591 quod
3581 2530 3692 2573 nos

2041 2601 2132 2660 his
2167 2600 2414 2662 multum
2452 2609 2682 2661 moveat
2705 2599 3000 2661 Anastasii
3034 2599 3449 2662 Bibliothecari
3482 2609 3690 2662 aucto-

2041 2689 2447 2750 ritasEtenim
2480 2690 2909 2770 interpretatio,
2937 2709 3049 2770 qua
3072 2690 3144 2764 is,
3171 2708 3304 2767 qum
3326 2691 3397 2750 ad
3421 2701 3688 2752 sanctum

2045 2778 2403 2840 Demetrium
2427 2779 2581 2859 apud
2606 2779 3009 2841 Mabillonium
3034 2781 3208 2840 tom.l
3247 2780 3513 2841 Veterum
3540 2797 3693 2842 ana-

288 2867 355 2927 in
388 2886 506 2943 qua
527 2866 728 2930 Sancti
763 2877 945 2930 nostri
980 2889 1218 2948 corpus,
1253 2891 1386 2933 eum
1419 2872 1650 2934 delatus
1675 2871 1746 2932 ad
1782 2873 1938 2934 illam
2027 2872 2484 2948 lectorum,pag.
2513 2869 2592 2928 65
2614 2880 2674 2929 et
2698 2867 2966 2948 pluribus
2990 2885 3187 2949 seqq.,
3215 2876 3552 2948 spectant,e
3577 2870 3692 2931 liu-

288 2955 588 3018 Marianus
618 2958 928 3019 sanitatem
967 2959 1144 3039 hujus
1177 2961 1510 3039 patrocinio
1544 2962 1938 3040 recuperavit,
2029 2976 2142 3038 gua
2194 2959 2400 3018 Graeca
2451 2958 2512 3018 in
2563 2957 2827 3018 Latinam
2885 2957 3196 3032 convertit,
3231 2956 3394 3018 omni
3444 2975 3690 3038 prorsus

280 3045 526 3123 jacebat
558 3047 932 3107 reconditum
994 3049 1350 3110 vilissimum
1384 3050 1477 3110 hic
1521 3049 1802 3130 appellet,
1832 3070 1942 3112 nec
2025 3047 2242 3108 mendo
2264 3046 2639 3107 siveinterim
2666 3047 2724 3106 id
2758 3046 3006 3106 incuriae
3037 3045 3419 3126 imperititeve
3451 3047 3678 3127 ipsius-

287 3143 415 3195 tum
464 3135 900 3196 Thess.nlonicaa
949 3135 1161 3197 domus
1217 3139 1353 3214 alia,
1388 3148 1592 3199 sancto
1641 3137 1940 3201 Demetrio
1977 3205 2010 3216 Α
2039 3145 2159 3198 met
2191 3136 2366 3214 hujus
2399 3134 2863 3215 scriptoris,sive
2885 3133 3096 3214 Graeci,
3123 3133 3282 3214 quod
3307 3135 3442 3196 huic
3467 3136 3691 3216 praelu-

288 3222 535 3302 martyri
565 3242 760 3304 sacra,
795 3244 970 3304 quam
1004 3224 1066 3285 in
1098 3245 1215 3302 qua
1247 3205 1481 3288 socrum
1530 3227 1708 3306 hujus
1738 3247 1952 3309 corpus
1972 3205 2011 3256 ο
2037 3227 2211 3300 xerit,
2235 3205 2589 3304 exemplaris
2609 3205 2866 3285 delectui
2897 3221 3321 3285 ascribendum
3347 3224 3444 3301 sit,
3479 3241 3688 3288 carere

281 3312 531 3392 jacebat
565 3315 965 3382 reconditum,
1004 3315 1314 3389 exstiterit,
1351 3315 1584 3395 insigne
1625 3336 1769 3378 sane
1800 3327 1953 3379 tem-
2040 3333 2158 3375 non
2189 3313 2441 3375 videtur.
2478 3312 2622 3374 Rem
2649 3331 2767 3373 uno
2799 3312 3061 3374 alterove
3081 3311 3353 3392 exemplo
3381 3313 3687 3394 probatam

291 3402 484 3482 plum,
518 3402 675 3483 quod
711 3401 1016 3465 Demetrio
1055 3422 1286 3464 sacrum
1316 3415 1498 3485 esset,
1520 3406 1957 3469 Thessalonica;
2039 3403 2138 3465 do.
2174 3409 2400 3464 Auctor
2420 3403 2878 3483 anonymus,qui
2903 3400 3109 3464 Sancti
3132 3401 3321 3463 nostri
3349 3401 3546 3465 Vitam
3577 3421 3687 3466 seu

287 3490 552 3552 rondum
612 3491 796 3552 fuisse
858 3501 997 3554 tunc
1060 3502 1456 3569 exstructum,
1491 3495 1550 3555 in
1613 3496 1955 3559 narratione
2038 3491 3090 3571 Passionem,secundolocoanobis
3116 3491 3691 3569 edendsm,concin-

288 3581 407 3641 huc
442 3581 824 3660 transcripta,
853 3581 913 3642 in
937 3600 1051 3662 qua
1082 3592 1394 3662 prmterea,
1421 3603 1596 3664 qnam
1630 3584 1806 3664 longa
1837 3593 1948 3661 est,

281 3669 433 3731 nihil
485 3669 656 3748 plane
688 3671 844 3731 unde
877 3671 1038 3732 aliud
1071 3673 1377 3753 suspicere
1407 3674 1773 3753 suppeditat,
1809 3679 1952 3737 satis

285 3765 500 3838 aperte
529 3757 776 3820 indicat.

373 3846 470 3908 Ἤ.
529 3850 750 3912 Verum
784 3847 1044 3928 ipsemet
1075 3851 1358 3930 Joannes,
1391 3851 1953 3914 Thessalonicensis

285 3937 785 4012 archiepiscopus,
811 3945 910 4013 qui
944 3944 1288 4002 miraculum
1319 3945 1468 4002 ismd
1501 3945 1702 4004 litteris
1734 3948 1954 4016 primus

285 4025 612 4099 mandavit,
641 4025 1090 4088 Miraculorum
1120 4029 1491 4090 edendorum
1524 4029 1628 4089 lib.
1661 4047 1702 4103 ι,
1736 4047 1865 4110 cap.
1894 4035 1952 4105 1,

285 4113 888 4178 Thessalonicensem
918 4117 1107 4178 sancti
1131 4116 1418 4180 Demetrii
1451 4119 1662 4193 mdem,
1697 4119 1833 4180 dum
1854 4121 1953 4199 qui

290 4206 355 4264 in
389 4205 547 4267 hunc
579 4203 906 4268 Marianum
943 4207 1274 4285 patrocinio
1301 4209 1490 4269 sancti
1513 4207 1826 4289 Demetrii,
1854 4208 1953 4288 qui

2038 3583 2218 3656 navit,
2244 3589 2480 3642 narrato
2505 3581 2790 3642 Demetrii
2826 3581 3129 3661 martyrio,
3164 3581 3346 3642 fuisse
3377 3582 3542 3642 illum
3575 3581 3684 3645 sub

2035 3679 2271 3752 aggesta
2302 3671 2483 3732 humo
2505 3688 2538 3730 a
2559 3670 2916 3733 Christianis
2939 3669 3294 3750 quibusdam
3329 3671 3684 3734 tumulatum

2035 3761 2316 3833 affirmat,
2347 3778 2419 3820 ac
2451 3759 2672 3821 deinde
2702 3759 3014 3838 subjungit
3048 3776 3061 3817 :
3097 3759 3275 3816 Οὖδενὶ
3304 3759 3355 3814 δὲ
3389 3763 3524 3836 μετᾶ
3572 3765 3692 3820 τοῦ-

2035 3872 2098 3904 τα
2157 3851 2364 3928 φροντὶς
2420 3849 2631 3926 ἐγένετο
2689 3862 2973 3926 μετεγκετν
3030 3850 3092 3903 τὸ
3153 3855 3308 3923 σῶμα
3362 3856 3452 3905 τοῦ
3511 3852 3683 3932 τῖῑγίου³

2037 3937 2162 3994 ἀλλ’
2219 3939 2423 4013 ἔμεινεν
2481 3939 2566 3994 ἐπὶ
2616 3942 2925 4018 σχήματος.
2998 3935 3177 3998 Hisce
3223 3944 3419 3999 autem
3465 3939 3687 4002 Grmcis

2036 4026 2233 4088 verbis
2283 4027 2600 4106 sequentia
2631 4027 2834 4087 isthmc
2880 4028 3036 4107 apud
3084 4025 3485 4089 Mabillonium
3537 4037 3683 4095 tom.

2038 4119 2468 4178 Analectorum
2495 4125 2765 4178 veterum
2789 4116 2887 4176 cit.
2917 4134 3049 4194 pag.
3082 4117 3247 4192 70,in
3278 4118 3477 4180 Sancti
3497 4120 3687 4180 nostri

2040 4206 2172 4266 Vita
2220 4222 2329 4267 seu
2361 4204 2666 4278 Passione,
2701 4205 2774 4266 ab
2832 4206 3141 4266 Anastasio
3193 4203 3399 4268 Latine
3426 4208 3683 4282 reddita,

287 4294 350 4356 ei
398 4295 459 4354 in
520 4295 748 4356 somnis
788 4305 1166 4375 apparuerat,
1211 4297 1448 4358 sanitati
1509 4296 1948 4358 restituendum
2035 4295 2452 4375 respondent:
2521 4318 2546 4348 α
2582 4292 2741 4354 Nulli
2793 4307 2991 4354 autem
3026 4302 3156 4374 post
3207 4294 3332 4355 haec
3364 4313 3521 4356 cura:
3578 4295 3687 4357 fuit

290 4383 459 4446 servi
481 4383 814 4458 intulerint,
844 4385 1149 4445 memorite
1179 4385 1398 4466 prodit,
1426 4388 1768 4442 Πάνκσεπτυν
1802 4389 1946 4461 ναὸν,
2039 4383 2360 4444 transferre
2391 4383 2810 4461 corpusculum
2846 4380 3069 4456 Sancti,
3105 4382 3209 4444 sed
3270 4383 3544 4444 manebat
3573 4384 3684 4446 sub

299 4477 608 4546 «templum
640 4479 889 4534 maxime
922 4481 1341 4535 venerandum»
1404 4480 1672 4551 appellat,
1707 4495 1953 4552 moxque
2039 4473 2232 4552 signa,
2272 4494 2294 4528 ν
2336 4471 2406 4536 At
2437 4489 2742 4544 vero,cum
2778 4472 2874 4532 hic
2905 4471 3191 4532 duntaxat
3217 4470 3416 4533 Sancti
3443 4492 3680 4554 corpus,

293 4562 617 4632 sequentia,
645 4577 774 4634 quae
794 4563 984 4619 addita
1020 4565 1492 4632 interpretatione
1513 4565 1735 4629 Latina,
1762 4575 1955 4622 trans-
1978 4561 2200 4642 unod
2231 4562 2342 4621 sub
2373 4569 2614 4639 aggesta
2647 4561 2831 4622 humo
2865 4561 3217 4623 tumulatum
3265 4562 3477 4643 fuerat,
3511 4582 3684 4624 man-

291 4646 516 4721 seribo,
550 4648 730 4710 verba
762 4646 1076 4727 subjungit
1111 4667 1125 4709 :
1189 4646 1248 4705 ’0
1280 4648 1332 4704 δὲ
1387 4651 1656 4729 εἰσελθὼν,
1691 4653 1777 4707 καὶ
1830 4649 1954 4708 ἰδὼν

289 4738 393 4803 τὴν
439 4737 757 4816 εὒπρέπειαν
817 4745 910 4794 τοῦ
969 4737 1122 4793 οἴκου
1180 4737 1278 4792 καῖ
1337 4739 1432 4805 τὴν
1489 4741 1543 4794 ἐν
1601 4745 1741 4809 αὐτῷ
1791 4763 1952 4797 msu—

289 4829 529 4898 ματικὴν
583 4827 825 4900 εὐωδίαν,
860 4826 960 4893 τὴν
1018 4827 1310 4905 τρέφουσαν
1352 4826 1446 4889 τοὶς
1506 4830 1685 4906 ψυχὰς
1715 4836 1822 4884 τῶν
1868 4853 1957 4886 πι-

287 4921 460 4993 στῶν,
525 4915 597 4978 ὠς
664 4919 692 4972 ὁ
753 4915 1073 4993 παράδεισος
1132 4918 1224 4970 τοῦ
1287 4917 1436 4990 Θεοῦ,
1496 4917 1621 4972 εἶπε
1679 4931 1795 4983 τοῖς
1852 4921 1954 4995 βα-

288 5011 573 5076 στάζουσιν
626 5009 783 5064 αὒτὸν
835 5006 1088 5078 οἰκέταις,
1121 5006 1336 5080 Ῥίψατέ
1395 5027 1462 5081 με
1517 5005 1730 5063 πλωτὸν
1762 5011 1835 5070 εἰς
1895 5012 1955 5065 τὸ

289 5093 510 5173 ἔδαφος.
553 5115 576 5150 ι
613 5093 721 5156 Hic
766 5101 960 5155 autem
999 5091 1323 5173 (Marianus
1358 5093 1599 5174 nempe)
1637 5113 1769 5156 cum
1810 5095 1951 5172 (De-

292 5183 496 5245 metrii
522 5182 1149 5263 templumiingressus
1173 5192 1356 5263 esset,
1380 5183 1646 5264 aedisque
1677 5194 1950 5247 ornatum

290 5290 366 5335 ac
397 5272 773 5352 spiritualem
797 5271 1091 5352 illius,qui
1116 5271 1380 5332 fidelium
1404 5273 1825 5344 animas,velut
1846 5273 1952 5336 Dei

292 5360 627 5442 paradisus,
661 5359 765 5420 alit
817 5359 1064 5420 odorem
1097 5361 1517 5440 comperisset,
1551 5360 1623 5421 iis
1649 5362 1751 5440 qui
1781 5361 1949 5424 illum

289 5449 564 5511 ferebant
598 5448 946 5509 domesticis
989 5448 1159 5509 dixit:
1181 5446 1248 5508 In
1283 5449 1443 5510 nudo
1489 5451 1823 5528 pavimento
1855 5469 1951 5513 me

292 5538 638 5620 deponite.»
675 5536 899 5599 Adhth
928 5537 989 5597 in
1021 5535 1308 5599 Demetrii
1339 5538 1487 5615 aede,
1522 5539 1583 5599 in
1605 5557 1784 5620 quam
1818 5541 1946 5603 Ma-

288 5630 558 5710 rianum,
592 5625 830 5689 sanitati
891 5625 1352 5706 restituendum,
1384 5646 1419 5690 a
1473 5629 1660 5692 servis
1717 5628 1944 5695 illatum

2037 4653 2185 4712 sisse
2235 4649 2346 4712 sub
2379 4651 2490 4711 hac
2521 4651 2814 4732 sepultum
2841 4651 3161 4728 significari
3215 4669 3247 4712 e
3277 4669 3489 4714 sensus
3547 4671 3685 4714 con-

2037 4747 2196 4801 textu
2225 4745 2504 4819 patescat,
2535 4740 2666 4799 voci
2697 4739 2946 4820 ultimm,
2982 4759 3112 4819 qua:
3137 4739 3196 4800 in
3227 4741 3493 4802 recitatis
3533 4743 3687 4805 Ana-

2037 4828 2199 4890 stasii
2234 4827 2427 4888 verbis
2457 4832 2734 4902 occurrit,
2769 4829 3121 4888 vocabulum
3175 4837 3335 4890 terra
3365 4848 3472 4890 seu
3503 4832 3685 4894 humo

2038 4917 2517 4980 substituendum
2554 4925 2715 4998 puto.
2783 4919 2902 4978 Vox
2935 4917 3176 4996 quidem
3210 4920 3520 4997 σχήματος,
3555 4938 3687 5000 qua)

2038 5008 2248 5069 Latine
2279 5007 2478 5067 forsan
2507 5023 2614 5083 per
2635 5023 2835 5066 vocem
2867 5011 3112 5083 signum
3135 5025 3254 5067 non
3285 5007 3482 5084 inepte
3511 5009 3686 5071 reddi

2037 5095 2322 5173 potest,in
2345 5097 2617 5175 proxime
2633 5093 2900 5155 recitatis
2919 5094 3227 5174 hiographi
3247 5097 3523 5176 anonytni
3545 5115 3686 5160 ver-

2034 5184 2128 5246 bis
2161 5185 2422 5264 ponitur.
2457 5181 2677 5244 Verum
2711 5182 2785 5242 ob
2811 5183 2933 5262 jam
2968 5183 3211 5260 dictam,
3245 5203 3379 5264 quae
3407 5203 3441 5245 a
3470 5203 3683 5247 sensus

2033 5281 2308 5336 contextu
2340 5272 2656 5352 repetitur,
2683 5289 2918 5332 causam
2947 5290 3258 5352 perperam
3280 5273 3441 5334 illam
3472 5274 3548 5334 ibi
3574 5293 3681 5355 pro

2033 5381 2176 5423 voce
2207 5363 2490 5442 χώματος,
2517 5378 2648 5440 qua:
2671 5362 2917 5422 humum
2941 5378 3046 5421 seu
3069 5362 3246 5422 etiam
3273 5360 3569 5424 tumulum
3591 5361 3680 5425 si-

2033 5452 2292 5531 gniﬁcat,
2318 5449 2783 5511 describentium
2807 5449 3039 5511 incuria
3067 5449 3448 5512 oscitantiave
3478 5469 3681 5513 exara-

2033 5551 2147 5603 tam
2201 5540 2476 5601 existimo
2511 5561 2527 5617 ;
2573 5549 2658 5614 ut,
2697 5539 2962 5619 quamvis
2992 5537 3232 5618 quidem
3289 5545 3552 5602 erratum
3583 5540 3680 5603 hic

2028 5629 2231 5711 cubet,
2248 5627 2309 5691 id
2342 5636 2543 5692 tamen
2574 5646 2694 5690 non
2714 5627 3049 5708 Anastasio,
3072 5627 3178 5691 sed
3205 5625 3434 5706 Graeco,
3459 5647 3574 5710 quo
3603 5627 3679 5694 ad
