4100 6422
451 353 601 418 1127

1807 355 2151 419 SUPPLEM
2163 358 2264 421 EN
2270 359 2431 421 TUM
2445 409 2456 420 .

3677 368 3832 432 1128

447 490 782 551 versionem
828 508 989 552 suam
1048 489 1453 552 adornandain
1493 508 1630 550 usus
1688 489 1778 550 hic
1826 490 2344 572 scriptorAporro
2377 490 2916 555 Thessalonicensc
2969 495 3171 558 Sancti
3207 497 3491 576 templum
3523 499 3680 560 inter
3727 520 3830 561 or-

448 589 559 648 est,
593 579 941 642 amanuensi
971 579 1148 640 debet
1177 577 1438 641 attribui.

2176 589 2454 641 namenta
2486 597 2595 640 sua
2629 600 2746 641 non
2782 591 3004 643 tantum
3036 585 3190 665 quod
3230 584 3352 663 jam
3386 605 3566 666 supra
3597 607 3830 650 memo-

527 671 626 733 79.
662 673 880 730 Verum
927 688 996 728 en
1035 688 1192 729 nunc
1223 669 1425 740 etiam,
1457 668 1614 749 quod
1648 669 2091 731 verosimillime
2173 668 2294 728 ravi
2329 669 2618 730 cibarium
2650 690 2756 730 seu
2786 671 2993 735 formae
3023 673 3325 752 fastigiatae
3345 675 3544 737 altaris
3577 677 3829 739 umbra-

446 779 566 822 non
599 759 671 820 ab
698 759 1017 838 alio,quam
1039 757 1116 817 ob
1141 758 1251 818 hoc
1279 758 1606 837 profectum
1633 769 1743 828 est,
1768 777 2090 820 occurrens
2175 757 2478 829 culum,ex
2507 771 2750 837 argento
2768 762 3279 838 confectum,tunc
3295 764 3829 844 complectebatur,

442 850 503 911 in
539 849 811 910 versione
835 847 1034 907 Latina
1062 848 1362 908 mendum.
1392 849 2090 928 Joannes,archiepisco-
2175 865 2376 907 verum
2405 848 2580 910 etiam
2618 848 2888 910 fortassis
2921 850 3228 927 thronum,
3255 871 3324 913 ex
3353 853 3564 914 eodem
3589 856 3830 918 metallo

442 957 551 1019 pus
601 934 1174 1016 Thessalonicensis,
1229 936 1660 998 Miraculurum
1717 937 2082 998 edendorum

443 1024 1252 1105 lib.t,cap.3,visionem,qua
1273 1025 1851 1087 sanctusDemetrius
1868 1027 2081 1086 civitati

437 1113 1144 1186 Thessalonicensi,fame
1173 1133 1348 1194 quam
1385 1116 1638 1176 maxime
1670 1133 1910 1195 pressae,
1941 1135 2079 1176 suc-

437 1223 743 1280 cursurus,
779 1205 904 1265 viro
953 1203 1187 1264 cuidam
1221 1204 1405 1285 probo
1443 1206 1500 1265 in
1533 1205 1726 1265 insula
1773 1206 1918 1265 Chio
1950 1224 2082 1266 sese

435 1293 825 1375 spectandum
853 1293 1109 1374 dederit,
1136 1302 1372 1354 enarrat
1403 1312 1471 1354 ac
1504 1293 1724 1354 deinde
1755 1292 2077 1373 subjungit:

432 1385 494 1442 Ὀ
553 1382 607 1440 δὲ
658 1383 934 1446 amona:
969 1385 1052 1438 καὶ
1110 1383 1385 1459 πορευθείς
1420 1383 1509 1438 in?
1565 1386 1624 1438 τὸ
1657 1389 1939 1462 μαρτύριον
1992 1393 2083 1440 τοῦ

437 1473 747 1530 καλλινὶκου
799 1475 1057 1552 μάρτυρος
1111 1471 1398 1550 ἰσιδώρου,
1446 1473 1667 1552 ὀφείλων
1717 1473 2082 1550 ἀκριϐές-τερον

437 1567 768 1636 καταμαθεῖν
840 1562 945 1617 ἀπὸ
1015 1569 1117 1617 τῶν
1178 1565 1456 1640 ἐγχωρίων
1527 1564 1604 1625 τίς
1684 1566 1709 1617 ὁ
1773 1566 2080 1640 Δημήτριος

437 1653 610 1715 οὗτος.
667 1650 844 1713 Hisce
873 1655 1070 1713 autem
1105 1649 1326 1712 Graecis
1370 1653 1565 1711 verbis
1595 1651 1752 1729 apud
1811 1651 2080 1712 Mabillo-

433 1740 596 1800 nium
646 1749 792 1801 tom.
854 1739 1276 1800 Anulectorum
1338 1739 1556 1819 saepius
1603 1740 1730 1811 cit.,
1786 1759 1894 1819 pag
1978 1741 2080 1820 81,

2169 945 2592 996 constructum.
2631 936 2755 999 Hoc
2789 946 2952 1000 certe
2996 950 3350 1002 ornamento
3383 960 3616 1004 sacrum
3669 944 3827 1007 istud

2168 1023 2481 1086 aedificium
2528 1027 2652 1104 jam
2690 1026 2830 1088 inde
2863 1045 2895 1088 a
2927 1030 3144 1090 saeculo
3201 1037 3368 1092 sexto
3401 1040 3499 1091 aut
3531 1033 3740 1093 saltem
3793 1054 3829 1096 a

2167 1115 2468 1192 sequentis
2503 1115 2670 1175 initio
2699 1115 2941 1176 ditatem
2969 1116 3356 1197 fuisse,lidem
3392 1119 3528 1180 facit
3564 1125 3822 1184 Miracu-

2166 1200 2358 1262 lorum
2385 1203 2748 1265 edendorum
2774 1204 2872 1265 lib.
2905 1222 2940 1279 l,
2975 1224 3102 1285 cap.
3132 1206 3190 1268 θ’.
3227 1207 3313 1269 Ibi
3346 1209 3505 1268 enim
3531 1208 3820 1292 Joannes,

2165 1289 2722 1354 Thessalonicensis
2748 1294 3258 1376 archiepiscopus,
3297 1298 3711 1360 miraculcsam
3746 1289 3822 1361 de

2166 1390 2371 1441 sancto
2399 1381 2700 1444 Demetrio
2727 1384 3293 1466 narrationem,qua:
3320 1387 3391 1446 ad
3420 1387 3681 1462 Euscbli,
3708 1392 3822 1450 sub

2169 1471 2438 1559 litauritio
2501 1473 2861 1552 imperatore
2919 1493 3074 1536 anno
3119 1474 3234 1538 602
3295 1495 3326 1536 e
3380 1476 3526 1537 vivis
3585 1488 3817 1559 erepto,

2167 1557 2724 1623 Thessalonicensis
2783 1564 3220 1645 archiepiscopi
3277 1574 3505 1626 aetatem
3567 1557 3816 1648 spectat,

2167 1651 2533 1729 suppeditat,
2593 1652 2984 1730 argenteique
3060 1654 3282 1734 throni,
3339 1655 3440 1734 qui
3511 1656 3820 1736 archiepi-

2166 1755 2350 1817 scopo
2415 1743 2521 1799 hoc
2552 1741 2786 1801 vivente
2849 1745 2905 1801 in
2959 1742 3484 1804 Thessalonicensi
3536 1744 3826 1809 Demetrii

430 1831 740 1909 sequentia
785 1827 986 1888 isthzec
1019 1827 1406 1889 Anastasiana
1452 1828 1818 1908 respondent
1857 1851 1868 1891 :
1911 1853 1931 1883 «ι
1970 1831 2078 1902 Qui
2109 1866 2143 1914 Β
2169 1827 2424 1888 ecclesia
2485 1831 2800 1905 exstiterit,
2841 1833 3202 1893 mentionem
3267 1833 3422 1894 facit.
3458 1841 3647 1914 Atque
3697 1836 3825 1896 haec

429 1919 538 1995 (vir
562 1918 807 1993 scilicet,
844 1919 938 1978 cui
970 1918 1030 1978 in
1062 1918 1250 1978 insula
1291 1919 1436 1980 Chio
1469 1925 1706 1978 sanctus
1743 1917 2080 1980 Demetrius

429 2009 809 2088 apparuerat)
839 2026 1087 2087 surgens
1113 2009 1373 2088 perrexit
1397 2008 1470 2068 ad
1493 2007 1803 2068 ecclesiam
1838 2021 2043 2071 sancto
2063 2044 2082 2056 -

427 2116 560 2158 rum
595 2094 849 2158 Victoris
880 2107 940 2158 et
972 2098 1212 2171 Isidori,
1248 2098 1449 2158 volens
1483 2097 1716 2158 discere
1750 2117 1782 2158 a
1813 2099 2074 2174 rusticis,

427 2186 564 2266 quis
599 2186 845 2266 iste,qui
875 2187 929 2246 ei
963 2187 1243 2248 nimirum
1275 2196 1653 2268 apparuerat,
1675 2197 1833 2247 esset
1858 2188 2078 2250 Deme-

427 2277 594 2339 trius.
633 2302 658 2331 ι)
694 2273 959 2337 Ecclesia
1011 2296 1175 2357 ergo,
1203 2278 1274 2338 ad
1308 2297 1502 2356 quam,
1541 2277 1635 2338 cui
1665 2287 1903 2338 sanctus
1954 2283 2077 2341 De-

427 2365 754 2428 metriusin
779 2367 969 2427 insula
991 2365 1134 2428 Chio
1157 2378 1532 2448 apparuerat,
1560 2368 1644 2428 vir
1680 2369 1897 2447 probus
1918 2389 2073 2445 sese,

424 2475 543 2537 quo
574 2456 731 2535 quis,
764 2457 864 2534 qui
894 2457 948 2516 ei
979 2457 1374 2536 apparuisset,
1412 2457 1745 2519 Demetrius
1790 2467 1947 2518 esset
1977 2459 2074 2518 iu-

426 2546 724 2623 telligerit,
756 2547 1029 2618 contulit,
1066 2546 1479 2628 binissanctis,
1502 2545 1726 2608 Victori
1759 2548 1986 2610 scilicet
2019 2557 2077 2609 et

425 2643 662 2708 lsidoro,
693 2644 1008 2700 secundum
1033 2641 1315 2696 Anastasii
1351 2643 1879 2711 interpretationem
1913 2657 2072 2699 sacra

423 2736 572 2790 erat.
606 2729 826 2790 Verum
865 2725 1132 2806 proxime
1163 2725 1429 2799 recitata,
1465 2744 1497 2787 e
1529 2726 1768 2806 quibus,
1805 2729 1963 2806 quod
1997 2729 2071 2790 de

419 2817 678 2880 ecclesia
708 2817 808 2878 illa
841 2815 997 2896 apud
1027 2815 1405 2875 Anastasium
1441 2817 1759 2896 reperitur,
1799 2818 2072 2897 primitus

421 2912 684 2968 haustum
710 2921 816 2976 est,
839 2909 1074 2966 Joannis
1099 2907 1629 2965 Thessalonicensis
1655 2911 1839 2967 Graica
1872 2913 2068 2979 verba,

416 3012 537 3056 non
565 2994 748 3071 binis,
785 2994 888 3055 sed
925 2994 1026 3053 uni
1057 2991 1344 3053 duntaxat
1375 3001 1577 3054 sancto
1611 2992 1836 3056 Isidoro
1869 2995 2071 3057 eccle-

416 3083 589 3160 siam,
614 3083 684 3145 ad
713 3103 914 3164 quam,
943 3087 1031 3144 cui
1059 3091 1300 3142 sanctus
1325 3083 1658 3144 Demetrius
1687 3099 2066 3164 apparuerat,

413 3174 504 3235 vir
531 3173 750 3254 probus
781 3191 913 3254 sese
945 3171 1214 3246 contulit,
1249 3180 1655 3234 consecratam
1708 3173 1890 3235 fuisse
1922 3194 2068 3256 pro-

414 3236 584 3324 dun't.
614 3251 872 3336 Etenim,
893 3260 1047 3341 quod
1082 3261 1139 3321 in
1173 3236 1390 3323 Graecis
1417 3260 1662 3322 Joannis
1691 3236 2132 3326 Thessaloui-c

417 3355 619 3414 censis
641 3351 838 3412 verbis
858 3350 1124 3431 proxime
1146 3349 1406 3410 recitatis
1427 3358 1687 3413 occurrit
1711 3352 2063 3415 vocabulum

413 3442 718 3503 xanimor.
739 3439 1084 3518 neutiquam
1112 3439 1352 3516 est,cui,
1377 3440 1880 3517 quemadmodum
1907 3446 2063 3505 Ana-

413 3530 629 3593 SIasius
661 3529 1033 3603 existimavit,
1072 3547 1291 3590 nomen
1321 3530 1593 3592 Latinum
1628 3532 1933 3612 proprium
1970 3535 2066 3595 Vi-

412 3629 540 3682 ctor
561 3618 1172 3700 respondeat,nomeu
1204 3615 1404 3680 Sancti
1429 3620 1760 3701 proprium,
1787 3621 1892 3683 sed
1926 3631 2065 3684 tan--

410 3719 558 3782 tum,
597 3708 752 3789 quod
803 3718 1071 3771 sanctum
1123 3707 1414 3770 lsidorum
1479 3717 1793 3790 martyrem
1858 3712 2060 3790 afficit,

410 3797 798 3879 adjectivum,
833 3797 989 3859 idem
1023 3798 1252 3875 Graece,
1286 3797 1444 3874 quod
1477 3797 1702 3874 Latine,
1745 3825 1770 3854 (ι
1799 3801 2066 3881 pulchris

407 3888 674 3950 victoriis
716 3895 983 3968 ornatus,
1022 3912 1046 3942 ιι
1085 3887 1451 3965 significans,
1491 3887 1573 3948 uti
1634 3891 1850 3970 passim
1887 3892 2064 3954 modo

411 3977 629 4056 linguae
659 3976 878 4040 Grazcae
901 3976 1109 4055 peritis
1138 3986 1341 4038 notum
1379 3985 1488 4038 est.

493 4064 905 4145 80.Quidquid
934 4065 1131 4146 itaque
1155 4065 1508 4128 Anastasius
1531 4065 1592 4128 in
1627 4071 1920 4148 miraculi,
1948 4092 2063 4152 quo

408 4154 642 4217 sanitati
665 4154 961 4217 Marianas
981 4157 1289 4217 restitutus
1303 4155 1488 4228 fuit,n;
1517 4159 1782 4221 rratione
1813 4173 2058 4238 astruat,

405 4244 548 4326 quin
579 4252 778 4306 tamen
806 4244 928 4324 jam
966 4253 1114 4321 tum,
1151 4263 1284 4305 cum
1319 4244 1378 4304 id
1413 4255 1769 4326 patraretur,
1793 4268 1860 4310 ac
1889 4251 2058 4330 proin

314 4335 326 4352 '
402 4333 506 4395 dtu
563 4335 738 4396 etiam
772 4341 912 4396 ante
967 4335 1211 4395 Joannis
1242 4334 1793 4399 Thessalonicensis
1825 4346 2058 4400 aetatem

401 4422 639 4502 insigne
672 4421 847 4502 plane
880 4423 1192 4502 templum,
1231 4433 1434 4486 sancto
1464 4427 1766 4488 Demetrio
1798 4444 2055 4504 sacrum,

397 4512 843 4576 Thessalonicae
894 4512 1210 4586 exstiterit,
1244 4513 1319 4574 ob
1369 4514 1594 4588 omnia,
1629 4534 1760 4596 quae
1816 4515 1940 4597 jam
2000 4521 2058 4580 in

2166 1915 2406 1994 quidem
2443 1929 2816 1993 ornamenta,
2852 1921 3067 1999 quibus
3099 1921 3298 1983 Sancti
3329 1922 3664 2000 ecclesiam,
3700 1924 3821 1986 imo

2165 2008 2304 2063 forte
2336 2015 2408 2064 ob
2441 2012 2582 2066 infra
2619 2013 2855 2068 dicenda
2882 2016 2970 2068 hox
2991 2029 3085 2069 um
3116 2015 3311 2078 altero,
3349 2015 3569 2072 ciborio
3593 2031 3821 2087 nempe,

2165 2093 2339 2152 etiam
2374 2095 2664 2156 tumulum
2701 2115 2936 2158 ornare.
2973 2097 3609 2160 Thessalonicensibus
3657 2119 3821 2162 cura)

2165 2180 2294 2262 fuit,
2331 2185 2605 2244 eximiam
2649 2204 2912 2265 prorsus,
2951 2206 3067 2267 qua
3097 2189 3155 2246 lii
3189 2188 3248 2248 in
3280 2187 3440 2248 illum
3475 2190 3815 2268 antiquibus

2163 2270 2428 2358 fuerunt,
2456 2282 2902 2336 venerattonem
2938 2287 3243 2353 utcunque
3277 2284 3540 2339 testatam
3566 2279 3814 2358 faciunt;

2162 2356 2326 2421 Hanc
2361 2380 2536 2442 porro
2563 2364 2818 2444 amplius
2840 2366 3057 2444 adhuc,
3095 2387 3227 2447 qua:
3247 2368 3372 2447 jam
3409 2386 3567 2430 nunc
3593 2356 3810 2446 subdo,

2160 2454 2509 2515 ostendent.

2242 2541 2339 2602 81.
2397 2543 2652 2622 Contigit
2709 2554 2770 2605 ut
2816 2544 3318 2625 quemadmodum
3352 2545 3480 2608 loco
3543 2547 3814 2626 proxime

2160 2631 2261 2692 cit.
2287 2634 2550 2692 Joannes
2581 2634 3132 2694 Thessalonicensis
3162 2636 3670 2711 refert,ciborium
3703 2657 3814 2700 seu

2129 2719 2217 2780 in
2253 2720 2600 2799 fastigiatam
2631 2723 2882 2783 formam
2918 2726 3222 2798 eductum,
3249 2723 3362 2784 sub
3394 2743 3537 2805 quo,
3576 2735 3636 2786 ut
3658 2727 3815 2786 mul-

2159 2809 2232 2872 tis
2261 2810 2640 2892 credebatur,
2669 2812 2871 2873 Sancti
2901 2830 3119 2892 corpus
3141 2813 3379 2892 jacebat
3406 2815 3812 2893 reconditum,

2155 2903 2351 2960 aitarls
2384 2905 2782 2960 umbraculum
2817 2915 2987 2962 noete
3017 2905 3442 2970 incenderetur,
3477 2917 3816 2977 argentum-

2155 3008 2295 3069 que,
2329 3008 2361 3050 e
2419 3008 2534 3070 quo
2595 2991 2677 3066 id,
2739 3000 2799 3050 ut
2855 2991 2997 3068 dixi,
3053 3001 3183 3052 erat
3229 2993 3587 3068 confectum,
3626 2995 3811 3056 vehe-

2156 3079 2340 3138 menti
2366 3079 2517 3156 ignis
2539 3079 2734 3140 calore
2769 3081 2962 3141 fusum
3015 3081 3332 3142 maximam
3367 3094 3598 3162 partem
3637 3085 3810 3163 peri-

2154 3176 2264 3227 ret.
2322 3167 2634 3241 Eusebius,
2672 3167 3248 3242 Thessalonicensis,
3285 3189 3465 3249 quem
3493 3171 3616 3250 jam
3673 3191 3813 3233 mox

2154 3257 2408 3331 laudavi,
2433 3258 2941 3337 archiepiscopus,
2977 3277 3119 3320 casu
3156 3260 3526 3340 inexpectato
3563 3263 3811 3340 percul-

2151 3364 2276 3418 sus,
2316 3347 2385 3407 de
2419 3364 2565 3406 novo
2627 3348 3087 3425 quamprimem,
3152 3368 3267 3428 qua
3297 3367 3439 3409 sane
3495 3367 3560 3409 re
3594 3352 3813 3413 eximia

2151 3435 2280 3513 ejus
2316 3453 2453 3511 erga
2499 3437 2781 3497 Sanctum
2842 3436 3150 3497 veneratio
3203 3438 3404 3512 eluxit,
3442 3444 3810 3503 exstruendo

2149 3523 2378 3585 ciborio
2433 3525 2589 3585 serio
2634 3525 2948 3604 cogitabat,
2985 3545 3241 3607 cumque
3289 3527 3447 3588 hunc
3482 3529 3542 3588 in
3599 3529 3811 3612 finem,

2149 3632 2268 3674 non
2335 3615 2567 3675 modica
2624 3617 2875 3694 argenti,
2935 3635 2966 3678 e
3027 3636 3141 3697 quo
3201 3618 3577 3678 combustum
3635 3621 3813 3680 cibo-

2150 3710 2302 3765 rium
2353 3705 2549 3765 fuerat
2604 3706 2964 3779 confectum,
3020 3717 3185 3787 parte
3245 3707 3486 3788 amissa,
3523 3727 3815 3770 necessa-

2149 3793 2299 3853 riam
2326 3794 2440 3854 sibi
2465 3795 2674 3856 deesse
2702 3799 3342 3871 materiam,cerneret,
3369 3798 3812 3881 ciboriumque,

2149 3883 2306 3963 quod
2340 3901 2538 3946 sacras
2571 3883 2768 3947 Sancti
2830 3887 3112 3967 reliquias
3142 3888 3452 3948 continere
3510 3887 3571 3948 id
3603 3891 3816 3950 existi-

2151 3980 2438 4054 maretur,
2502 3977 2900 4037 necessariam
2965 3976 3174 4054 magis,
3233 3995 3408 4056 quam
3461 3989 3812 4058 argenteus,

2150 4064 2321 4141 cujus
2363 4081 2497 4123 mox
2529 4065 2934 4140 meminimus,
2961 4066 3212 4125 thronus
3237 4075 3416 4144 esset,
3453 4069 3815 4146 supellecti-

2150 4152 2266 4212 lem
2301 4162 2554 4232 putaret,
2591 4155 2870 4215 thronum
2903 4154 3087 4215 islum
3121 4154 3428 4216 destruere
3460 4166 3813 4236 acceptum-

2145 4260 2262 4320 que
2314 4260 2383 4302 ex
2436 4262 2507 4304 eo
2541 4253 2847 4320 argentum
2880 4244 2952 4303 ad
3015 4245 3146 4304 novi
3180 4243 3392 4304 ciborii
3448 4254 3814 4309 structuram

2145 4330 2433 4392 adhibere
2460 4331 3130 4412 meditabatur.Verum,
3162 4351 3231 4393 ne
3252 4333 3308 4392 id
3336 4334 3525 4407 fieret,
3555 4335 3818 4414 ipsemet

2146 4429 2386 4480 sanctus
2434 4420 2793 4495 Demetrius,
2831 4440 2938 4501 per
2973 4422 3405 4502 presbyterum,
3442 4423 3535 4484 cui
3589 4427 3808 4502 semel,

2145 4509 2364 4570 iterum
2395 4528 2463 4570 ac
2499 4512 2672 4570 tertio
2702 4511 2993 4590 apparuit,
3028 4510 3285 4572 Eusebio
3329 4513 3811 4597 archiepiscopo,

401 4602 664 4664 medium
697 4601 940 4681 adduxi,
969 4601 1357 4663 dubitandum
1393 4621 1512 4663 non
1543 4611 1655 4664 est.
1692 4606 1885 4685 Atque
1922 4608 2062 4672 hinc
2084 4598 2465 4692 Dvoluntatis
2496 4618 2619 4659 sua;
2649 4599 2793 4692 illud
2828 4619 2942 4660 non
2977 4619 3108 4664 esse
3133 4601 3465 4676 declarans,
3501 4604 3806 4682 impediit.

393 4691 521 4780 jam
577 4692 723 4766 fluit,
763 4699 828 4752 ut
879 4690 1274 4753 dubitandum
1319 4693 1538 4772 pariter
1595 4710 1714 4754 non
1775 4698 1874 4770 sit,
1923 4687 2118 4780 quin'
2154 4687 2359 4770 Neque
2391 4708 2530 4752 vero
2586 4690 2891 4770 prazfatum
2948 4699 3208 4771 tronum,
3244 4700 3306 4751 ut
3359 4710 3571 4752 novum
3633 4692 3810 4754 cibo-

401 4779 654 4844 Sanctus
684 4780 784 4842 diu
817 4781 995 4843 etiam
1030 4790 1166 4842 ante
1197 4781 1256 4843 id
1303 4791 1538 4861 tempus
1570 4783 1731 4845 cultu
1763 4779 2062 4867 planeiin-

399 4869 552 4947 signi
607 4868 1033 4966 Thessalonica
1081 4869 1412 4966 honoratus
1477 4871 1678 4966 fuerit.
1715 4875 1838 4940 lmo
1895 4903 2059 4966 vero,

402 4977 538 5020 cum
573 4977 643 5021 ex
685 4977 864 5040 supra
893 4959 1070 5020 dictis
1118 4959 1406 5038 tempium
1444 4960 1620 5022 etiam
1656 4964 1908 5047 insigne,
1945 4959 2060 5038 ηοξ

402 5046 552 5108 mini
582 5055 691 5110 suo
749 5057 1163 5111 consecratum
1195 5047 1653 5113 verosimillime
1676 5054 1803 5134 jam
1857 5046 1996 5127 inde
2026 5085 2060 5128 ει

400 5137 621 5199 saeculo
671 5157 704 5199 v
736 5137 960 5201 ibidem
1012 5137 1313 5209 habuerit,
1350 5157 1486 5200 eum
1542 5141 1724 5204 etiam
1763 5147 1885 5226 jam
1929 5163 2058 5215 tum

400 5234 504 5288 aut
558 5227 767 5289 saltem
801 5235 936 5289 aute
984 5227 1270 5288 saeculum
1302 5243 1362 5288 v1
1406 5229 1724 5296 festivitate
1769 5255 1968 5304 annua
1999 5246 2058 5305 in

400 5314 506 5377 illa
552 5316 786 5378 civitate
816 5335 923 5378 sua
953 5314 1135 5377 natali
1165 5315 1395 5378 cultum
1451 5318 1635 5382 fuisse
1669 5329 2056 5394 verOsimilli-

401 5422 566 5465 mum
597 5415 878 5485 apparet,
905 5404 1162 5467 maxime
1193 5425 1329 5468 cum
1355 5407 1480 5487 jam
1513 5409 1652 5474 inde
1684 5415 1757 5476 ab
1790 5418 1902 5480 hoc
1942 5439 2057 5483 sre-

401 5492 536 5553 culo
560 5512 663 5574 pro
679 5501 927 5573 patrono
957 5493 1137 5556 etiam
1167 5495 1451 5576 primario
1485 5519 1519 5562 a
1549 5500 2056 5572 Thessalonicen-

405 5579 568 5642 sibus
599 5579 836 5643 habitus
866 5585 1312 5649 verosimillime
1352 5587 1559 5663 fuerit,
1595 5594 1683 5655 uti
1710 5593 1772 5656 in
1829 5598 2053 5664 Adnot.

399 5674 543 5734 lib.i
583 5677 974 5741 Miraculorum
1001 5699 1124 5757 cep.
1150 5685 1182 5742 2
1211 5688 1528 5750 subdendis
1559 5690 1793 5752 doceba.
1830 5695 2058 5756 Dictum

2150 4781 2306 4842 rium
2341 4781 2762 4855 conﬁceretur,
2787 4780 3014 4841 destrui
3051 4781 3158 4840 fuit
3184 4798 3452 4844 necesse.
3488 4781 3808 4844 Thessalo-

2149 4873 2427 4934 nicenses
2460 4874 2619 4933 enim
2653 4874 2813 4932 cives
2866 4889 2975 4932 nec
3012 4871 3220 4932 moniti
3284 4871 3504 4932 affatim
3543 4873 3801 4954 argenti,

2149 4971 2210 5023 ut
2243 4981 2458 5022 novum
2491 4970 2897 5022 exstrueretur
2933 4960 3250 5040 cibarium,
3285 4962 3356 5020 ad
3388 4961 3803 5042 archiepisco-

2147 5071 2284 5128 pum
2318 5073 2485 5114 suum
2511 5056 3029 5115 tulerunt.Joannis
3056 5053 3584 5112 Thessalonicensis
3607 5055 3804 5128 Verba,

2143 5141 2357 5221 quibus
2389 5145 2500 5204 hoc
2553 5152 2920 5222 postremum
2955 5140 3083 5200 loco
3115 5157 3294 5219 supra
3324 5142 3424 5200 cit.
3458 5143 3802 5220 exponitur,

2146 5233 2204 5295 in
2235 5233 2658 5313 compendium
2694 5231 2765 5291 ab
2782 5228 3123 5296 .Anastasio
3156 5229 3618 5290 Bibliothecario
3649 5249 3802 5292 con-

2146 5330 2348 5396 tracta,
2388 5333 2559 5402 prout
2606 5321 2760 5401 apud
2810 5318 3216 5380 Mabillonium
3267 5326 3408 5378 tom.
3447 5321 3468 5381 Ι
3531 5318 3807 5383 Veterum

2141 5412 2616 5488 Analectorum,
2647 5430 2704 5490 p.
2729 5409 3091 5484 77,exstant,
3124 5409 3220 5470 hic
3251 5407 3528 5470 exhibeo.
3565 5406 3664 5470 Sic
3695 5409 3806 5470 ha-

2143 5499 2286 5562 bent
2324 5521 2338 5561 :
2381 5525 2407 5556 α
2437 5503 2587 5562 Dum
2621 5499 2818 5560 adhuc
2854 5499 3207 5578 (presbyter,
3240 5497 3338 5556 cui
3371 5516 3504 5557 sese
3533 5505 3807 5578 spectan-

2146 5589 2287 5652 dum
2322 5598 2562 5650 sanctus
2590 5587 2936 5650 Demetrius
2969 5589 3238 5661 dederat,
3269 5596 3325 5649 et
3353 5585 3650 5649 Eusebius
3697 5606 3800 5652 ar-

2146 5680 2592 5766 chiepiscopus)
2649 5678 2722 5741 de
2780 5677 2876 5741 his
2933 5677 3326 5759 loquerentur
3377 5677 3451 5740 ad
3512 5678 3800 5760 invicem,
