4100 6478
449 341 595 409 1131

1827 336 2284 400 SUPPLEMEN
2289 336 2452 400 TUM
2462 385 2475 400 .

3676 338 3831 408 1132

504 477 740 540 85.Nec
757 483 982 538 tantum
1005 471 1539 536 Thessaloniceuse
1557 471 1759 532 Sancti
1777 479 1889 531 tem
1903 471 2088 550 plum,
2111 479 2154 527 Α
2180 469 2380 533 lumen
2399 491 2721 535 concessus
2734 477 2887 543 es,ad
2915 491 3093 554 quem
3113 472 3382 553 quotidie
3397 475 3700 556 supplices
3719 497 3827 558 pro

447 569 797 650 priusquam
831 565 1106 643 civitatis,
1140 563 1200 623 in
1231 579 1344 642 qua
1371 561 1484 621 hoc
1509 561 1684 621 situm
1721 570 1830 633 est,
1870 580 2094 621 memo-

446 672 635 719 ratum
661 669 843 723 antea,
874 657 1026 728 quod
1057 671 1088 714 a
1118 658 1336 713 Joanne
1367 654 1690 711 Cameniata
1725 654 2092 720 describitur,

448 747 746 809 excidium
781 743 1067 818 eveniret,
1098 739 1313 801 eximia
1335 758 1578 818 prorsus
1597 739 1782 799 oflicii
1802 739 1984 800 divini
2004 759 2094 800 so-

444 836 778 909 lemnitate,
806 849 1127 911 annuaque
1156 829 1289 890 festi
1321 828 1708 902 Demetriani,
1735 847 1864 908 qua
1898 831 2092 890 maxi-

447 924 654 1003 ma,uti
696 924 818 1002 jam
851 921 1114 982 recitatis
1156 919 1517 982 Cameniata
1567 918 1766 978 verbis
1806 919 2092 997 intelligi-

445 1023 562 1085 tur,
592 1030 812 1094 pompa
846 1007 1262 1090 peragebatur,
1297 1007 1700 1068 celebratioue
1729 1008 1984 1069 maxime
2017 1009 2098 1070 ef-

445 1101 624 1177 fulsit,
665 1118 864 1162 verum
898 1099 955 1160 id
988 1117 1106 1159 non
1147 1114 1322 1159 secus
1353 1117 1421 1159 ac
1451 1099 1760 1177 antiquum
1786 1117 1820 1158 a
1850 1098 2094 1159 Leontio

442 1199 830 1265 exstructum,
894 1189 1054 1270 quod
1115 1187 1378 1249 ﬂammis
1437 1187 1630 1248 fuerat
1687 1188 2090 1267 absumptum,

442 1279 980 1342 Thessalonicense
1058 1277 1186 1355 (adi
1276 1277 1579 1338 Pbotiana
1648 1278 1850 1358 verba,
1927 1297 2092 1338 num.

437 1370 516 1431 74
577 1368 846 1444 recitata)
879 1370 1078 1430 Sancti
1127 1369 1313 1428 nostri
1351 1368 1660 1446 templum,
1716 1391 1740 1422 α
1777 1387 2094 1428 commune

441 1456 916 1538 propitiatorium
950 1467 1010 1518 et
1060 1455 1392 1535 perfugium
1429 1476 1457 1514 ›
1512 1458 1644 1530 fuit,
1675 1459 1744 1516 ad
1780 1457 1935 1536 quod
1971 1468 2091 1517 tum

441 1546 654 1610 ﬁdeles
683 1546 809 1619 alii,
837 1554 962 1606 tum
1009 1546 1099 1606 vel
1130 1547 1385 1605 maxime
1414 1545 1997 1625 Thessalonicenses,
2033 1555 2095 1607 ut

441 1653 617 1716 opem
671 1635 875 1697 Sancti
907 1635 968 1695 in
1018 1634 1472 1696 necessitatibus
1507 1635 1630 1694 suis
1677 1635 2089 1713 implorarent,

440 1743 560 1786 non
583 1742 719 1786 raro
742 1732 1144 1786 recurrerent.
1182 1723 1370 1795 Quam
1394 1741 1597 1784 verum
1633 1724 1687 1784 id
1720 1725 1813 1796 sit,
1841 1726 1928 1786 vel
1966 1727 2092 1786 sola

2178 561 2350 622 nebis
2379 562 2635 624 fundens
2653 582 2882 643 preces,
2909 580 3044 642 qua
3063 561 3125 623 iu
3153 580 3279 623 rem
3302 569 3565 626 nostram
3594 567 3827 628 condu-

2179 662 2336 724 cant,
2356 653 2662 730 el'ﬂagitas.
2689 652 2939 732 Respice
2973 653 3150 730 igitur
3176 671 3333 713 nunc
3357 671 3597 734 quoque
3629 655 3688 716 in
3716 676 3829 736 po-

2179 740 2302 819 puli
2328 741 2504 819 hujus
2525 743 2756 804 consilii
2804 742 3140 821 mentisque
3167 739 3426 820 inapiam
3459 761 3528 806 ac
3548 762 3685 824 Spes
3725 746 3827 808 de-

2179 829 2868 911 positas,oratiouemque
2891 839 3150 891 nostram
3178 830 3831 912 exaudiens,stalibera

2179 917 2611 980 intercessione
2626 939 2730 1000 pro
2754 920 3144 994 nobis,servis
3169 919 3373 992 tuis,et
3393 919 3466 981 ab
3489 934 3828 1003 exspectata

2182 1025 2291 1068 nos
2323 1009 2631 1070 eversione
2675 1010 2864 1089 eripe,
2903 1027 2978 1070 ne
3022 1009 3124 1069 filii
3153 1008 3384 1070 ancilla
3429 1011 3590 1089 Agar
3618 1022 3828 1074 contra

2179 1116 2289 1158 nos
2312 1100 2787 1177 glorientur,nec
2811 1097 3143 1165 dicant,Ubi
3167 1107 3254 1158 est
3279 1098 3565 1160 defensor
3587 1103 3828 1164 eorum?

2179 1189 2327 1249 Nam
2357 1188 2522 1249 vides
2554 1195 2613 1249 et
2641 1190 2792 1267 ipse,
2827 1187 3281 1266 benignissime,
3321 1205 3430 1250 nos
3458 1207 3574 1251 non
3610 1191 3670 1251 in
3705 1191 3827 1252 lan-

2179 1278 2324 1356 ceis,
2355 1277 2459 1338 sed
2487 1279 2545 1338 in
2565 1277 2787 1357 potenti
2820 1277 3257 1339 intercessione
3290 1284 3387 1339 tua
3417 1278 3504 1339 rei
3527 1298 3824 1342 summam

2178 1367 2546 1446 deposuisse,
2581 1368 2679 1447 qui
2708 1375 2766 1427 et
2815 1385 3028 1427 rursus
3063 1376 3174 1427 tua
3205 1385 3313 1427 nos
3345 1367 3732 1446 providentia
3757 1389 3827 1432 ac

2177 1473 2335 1517 cura
2353 1466 2663 1537 compotes
2681 1457 2805 1518 fore
2824 1455 3303 1536 speremus.Hac
3327 1464 3458 1518 vota
3479 1476 3612 1518 cum
3641 1459 3827 1521 animi

2177 1564 2416 1624 angore,
2453 1565 2664 1606 omnes
2717 1546 3066 1624 suppliciter
3097 1545 3336 1625 martyri
3395 1557 3571 1608 noctu
3603 1548 3826 1630 diuque

2177 1636 2496 1697 offerentes
2539 1644 2712 1716 atque
2745 1635 3024 1715 lacrymis
3055 1635 3261 1714 templi
3310 1637 3503 1698 solum
3537 1637 3822 1719 rigantes,

2177 1724 2438 1786 hostium
2495 1725 2932 1804 exspectatione
2981 1726 3256 1804 suspensi
3309 1725 3652 1803 agebamus,
3686 1747 3824 1790 eum

439 1832 473 1874 a
503 1815 734 1876 Joanne
767 1815 1141 1886 Cameniata,
1170 1813 1338 1886 dum,
1367 1831 1498 1892 qua
1520 1813 2090 1876 Thessalonicenses
2113 1837 2152 1887 Β
2176 1823 2482 1893 peccatum
2521 1813 2977 1895 nostrum,haud
3002 1832 3176 1876 secus
3196 1832 3261 1875 ac
3284 1824 3517 1894 septum
3545 1815 3827 1878 ﬁrmissi-

437 1903 728 1981 aliosque,
762 1919 899 1963 cum
947 1901 1211 1979 Agareni
1243 1919 1399 1960 anno
1449 1902 1566 1964 904
1623 1900 2084 1979 Thessalonica,

437 1992 615 2072 paulo
646 2000 778 2071 post
829 1989 902 2052 ab
936 1990 1101 2052 hisce
1132 1998 1288 2051 etam
1338 2001 1688 2070 expugnata
1731 1995 2084 2073 excisaque,

437 2081 846 2160 imminerent,
873 2078 1180 2154 fecisse,in
1203 2097 1386 2160 supra
1411 2080 1677 2160 cit.,qua
1709 2081 1767 2140 in
1805 2081 2092 2145 Historia

437 2172 808 2250 Byzantina
830 2175 966 2247 post
1000 2167 1420 2248 Theophanem
1449 2169 1852 2249 scriptoribus
1877 2181 2084 2244 exstat,

2178 1922 2335 1963 mum
2370 1923 2440 1966 ex
2487 1903 2738 1966 adverso
2788 1903 3074 1980 obstaret,
3108 1913 3285 1984 atque
3338 1912 3611 1986 martyris
3639 1906 3826 1968 inter-

2174 1993 2507 2054 cessionem
2553 2010 2781 2055 cassam
2843 1993 3143 2066 redderet,
3195 2010 3270 2053 ne
3327 1991 3588 2054 divinam
3646 1994 3824 2057 nobis

2174 2080 2596 2161 benignitatem
2632 2081 2875 2161 proprio
2906 2081 3152 2142 numine
3177 2080 3549 2144 conciliaret.
3585 2106 3613 2137 ι

2239 2170 2531 2231 8Ἰ.Ροι·ιό
2555 2167 3152 2230 Thessalonicensem
3177 2168 3641 2241 civitatem,cum
3665 2189 3823 2234 anno

439 2256 1469 2339 lucubratione,pag.335,memoria
1491 2259 2090 2339 prodit,suppeditata
2170 2257 2291 2322 904
2311 2258 2384 2318 ab
2415 2257 2724 2336 Agarenis,
2753 2267 2815 2318 ut
2835 2257 2958 2336 jam
2993 2257 3192 2326 docui,
3227 2257 3436 2319 fuisset
3463 2271 3819 2339 expugnata,

436 2349 624 2409 verba
644 2357 994 2426 argumento
1017 2355 1198 2420 sunt;
1235 2356 1375 2407 sunt
1403 2357 1600 2408 autem
1636 2350 1760 2409 hac
1790 2369 1803 2411 :
1845 2373 1870 2403 α
1906 2352 2084 2410 Cate-

436 2455 570 2498 rum
605 2437 776 2497 variis
811 2434 1273 2515 cogitationibus
1322 2436 1588 2498 distracti
1619 2455 1688 2496 ac
1736 2437 2083 2513 titubantes,

2174 2346 2325 2407 haud
2358 2347 2458 2406 diu
2491 2347 2814 2408 admodum
2848 2347 2908 2406 in
2956 2352 3244 2426 potestate
3273 2363 3380 2407 sua
3425 2345 3484 2407 hi
3517 2357 3764 2410 tenuere
3803 2368 3821 2426 ;

2173 2455 2380 2496 mense
2405 2436 2566 2498 enim
2604 2434 2866 2497 nondum
2900 2434 3253 2514 integro,uti
3285 2454 3318 2496 e
3345 2434 3576 2498 Joanne
3602 2438 3824 2500 Came-

439 2544 547 2606 per
578 2525 844 2605 reliquos
874 2524 1263 2604 insequentes
1294 2524 1444 2603 dies,
1480 2526 1636 2605 quod
1671 2527 1907 2588 miseris
1936 2527 2086 2588 reli-
2172 2527 2328 2587 uiata
2377 2526 2750 2605 intelligitur,
2802 2525 3058 2598 excidio,
3103 2524 3259 2605 quod
3317 2525 3823 2606 expugnationem

439 2633 620 2695 quum
655 2625 767 2688 est,
799 2614 913 2676 hoc
946 2632 1054 2673 nos
1085 2614 1197 2693 ipsi
1217 2615 1340 2693 jam
1375 2616 1683 2688 enitimur;
1718 2617 1797 2675 uti
1830 2616 2078 2690 scilicet,

2172 2616 2442 2694 proxime
2471 2615 2727 2695 excepit,
2765 2615 2956 2676 fuerat
2991 2615 3209 2688 deleta,
3244 2633 3376 2676 cum
3425 2616 3824 2678 deserendam

439 2723 572 2784 qua
605 2721 780 2765 nemo
829 2703 1032 2764 dicere
1063 2703 1275 2776 valeat,
1309 2703 1524 2765 divina
1582 2704 1976 2767 miserationis
2008 2708 2088 2766 vi-
2169 2705 2329 2765 illam
2359 2705 2608 2776 duxere,
2632 2721 2819 2783 reque
2843 2705 3020 2764 etiam
3052 2705 3182 2782 ipsa
3210 2702 3558 2767 deseruere.
3583 2707 3821 2767 Actum

438 2812 631 2870 scera,
658 2800 1121 2872 sanctorumque
1148 2792 1498 2874 patrocinia,
1534 2795 1684 2854 votis
1715 2795 2079 2858 invocemus.

2174 2794 2412 2871 quidem
2432 2793 2629 2855 statim
2649 2791 3592 2854 instaurariceleberrimacivitas
3612 2795 3816 2874 ccepit,

433 2883 666 2964 Quippe
697 2883 1003 2944 venientes
1034 2882 1106 2942 ad
1140 2899 1321 2962 supra
1377 2894 1763 2946 memoratam
1800 2887 2084 2965 praclaro
2171 2903 2304 2958 nec,
2338 2885 2481 2963 quin
2535 2891 2656 2942 tum
2692 2883 2909 2962 pariter
2938 2886 3156 2956 statim,
3189 2893 3250 2942 ut
3310 2881 3562 2959 insigne,
3600 2882 3759 2963 quod
3789 2901 3826 2946 a

438 2977 662 3035 decore
676 2971 1223 3052 splendidissimam
1246 2971 1660 3050 gloriosissimi
1679 2977 1952 3053 martyris
1975 2976 2085 3038 De-

2173 2973 2441 3036 barbaris
2499 2973 2872 3052 profanatum
2927 2971 3140 3046 fuerat,
3196 2969 3482 3034 Demetrii
3535 2974 3823 3050 templum

434 3064 632 3126 metrii
662 3064 877 3137 adem,
907 3070 1026 3122 tum
1061 3080 1271 3123 omnes
1305 3062 1554 3125 civitatis
1590 3065 1829 3140 accola,
1862 3080 1980 3130 tum
2015 3086 2084 3127 cx
2171 3064 2421 3145 pristino
2453 3063 2653 3124 decori
2706 3061 3144 3135 restitueretur,
3178 3061 3503 3122 laboratum
3553 3080 3589 3122 a
3618 3061 3826 3124 Sancti

430 3153 610 3249 variis
631 3153 909 3249 gentibus
932 3152 1196 3249 advena,
1225 3152 1694 3249 omnisdignitas
1715 3166 1891 3231 atque
1913 3167 2082 3234 atas,
2102 3195 2146 3249 α
2169 3151 2525 3249 amantibus.
2559 3151 2769 3249 fuerit,
2787 3149 3190 3249 dubitandum
3223 3159 3490 3232 apparet,
3521 3148 3663 3213 Utut
3717 3151 3824 3228 sit,

429 3240 923 3317 lamentabilique
950 3241 1134 3301 choro
1173 3241 1528 3319 composito,
1554 3242 1785 3306 sublato
1819 3247 1889 3306 ad
1924 3266 2084 3308 mar-
2107 3240 2146 3249 ⁷
2170 3244 2325 3306 istud
2353 3240 2629 3322 equidem
2664 3240 2977 3302 adiﬁcium
3011 3257 3270 3320 sacrum,
3299 3259 3416 3300 non
3449 3257 3624 3301 secus
3645 3248 3826 3320 atque

432 3341 618 3411 tyrem
653 3330 936 3401 clamore,
967 3342 1278 3409 patronum
1308 3329 1478 3391 nobis
1517 3333 1646 3394 fore
1674 3335 1957 3398 adversus
1989 3341 2084 3399 in-
2167 3343 2328 3408 ante,
2363 3351 2396 3393 a
2454 3329 2755 3409 fidelibus,
2791 3329 2863 3389 ad
2897 3327 3098 3389 Sancti
3141 3347 3314 3409 opem
3345 3329 3824 3406 recurrentibus,

429 3429 746 3498 gruentem
777 3417 1161 3479 barbarorum
1187 3420 1403 3481 minaci
1428 3422 1514 3483 ira
1535 3423 1842 3485 interitum
1875 3445 1942 3488 ac
1964 3446 2083 3488 ca-
2168 3424 2606 3503 frequentatum
2637 3418 2770 3481 fuit.
2806 3421 2868 3480 ια
2902 3437 2936 3480 e
2969 3417 3207 3498 publico
3259 3418 3416 3499 quod
3453 3418 3610 3480 inter
3634 3421 3825 3482 Inno-

431 3508 991 3588 detn,rogabamus.
1029 3505 1382 3592 Ostendisti,
1409 3512 1760 3576 dicebamur
1790 3535 2085 3594 generose
2169 3512 2351 3574 centii
2404 3511 2566 3573 tertii
2597 3507 2900 3590 epistolas,
2939 3526 3094 3569 anno
3128 3508 3286 3569 1689
3341 3506 3588 3569 Parisiis
3618 3527 3652 3568 a
3681 3507 3823 3571 Ste-

436 3607 679 3678 martyr,
705 3596 1075 3657 defensionis
1099 3607 1212 3657 tua
1233 3610 1568 3680 promptam
1598 3605 1930 3685 ardoreque
1961 3607 2084 3668 ani-
2167 3604 2362 3684 phano
2391 3601 2626 3663 Baluzio
2645 3599 2932 3678 volgatas,
2960 3597 3100 3658 libri
3122 3617 3192 3660 xv
3215 3597 3482 3678 epistola
3514 3599 3588 3657 84
3624 3605 3825 3660 exstat

432 3687 510 3746 mi
529 3685 1072 3777 opitulationem,i_n
1097 3688 1296 3747 multis
1322 3689 1477 3750 haud
1497 3709 1630 3753 raro
1652 3696 2084 3777 periculis,qua
2164 3691 2893 3772 insertum,instrumento
2926 3688 3010 3749 fas
3030 3697 3120 3749 est
3143 3687 3461 3767 colligere;
3495 3688 3651 3777 quod
3687 3706 3826 3768 pro-

436 3785 594 3838 tuam
627 3775 936 3855 appetiere
963 3774 1196 3850 urbem,
1231 3780 1578 3860 cunctisque
1607 3774 2078 3847 adversariorum
2165 3785 2327 3857 inde,
2361 3801 2494 3844 cum
2532 3789 2817 3861 praeterea
2847 3788 2906 3840 et
2932 3778 3044 3840 alia
3091 3777 3378 3838 nonnulla
3411 3778 3483 3838 ad
3531 3775 3822 3839 Sanctum

426 3865 733 3926 dissolutis
763 3865 1023 3939 insidiis,
1044 3865 1117 3924 ab
1141 3868 1303 3927 omni
1335 3868 1665 3932 immunem
1700 3891 1859 3935 noxa
1889 3894 1957 3936 ac
1980 3876 2078 3936 in-
2166 3871 2826 3950 Thessalonicenseque
2851 3870 2980 3947 ejus
3005 3867 3292 3948 templum
3317 3867 3647 3947 spectantia
3667 3866 3825 3928 edo-

425 3957 601 4015 teritu
622 3951 1282 4016 conservasti.Osteude
1309 3976 1464 4020 nunc
1500 3978 1760 4042 quoque,
1797 3964 2084 4026 miseran-
2166 3973 2322 4040 ceat,
2357 3964 2653 4040 integrum
2689 3961 2804 4020 huc
2830 3955 3182 4020 transcribo.
3220 3955 3464 4036 Verum,
3502 3965 3564 4018 ut
3593 3975 3728 4036 qua
3759 3958 3823 4020 in

430 4043 685 4119 tissime,
711 4052 870 4104 tuam
906 4061 1046 4121 erga
1082 4062 1192 4105 uos
1221 4044 1578 4111 imuensam
1639 4071 1839 4114 curam
1871 4074 1886 4129 ;
1916 4065 1974 4115 et
2005 4073 2081 4117 ne
2166 4056 2278 4115 hoc
2307 4054 2618 4114 traduntur
2647 4048 2874 4109 facilius
2916 4046 3347 4123 intelligantur,
3381 4064 3564 4125 pauca
3595 4045 3820 4125 adhuc,

424 4133 754 4211 glorientur
803 4132 1116 4193 adversum
1152 4153 1260 4195 uos
1289 4148 1497 4213 gentes
1549 4139 1816 4202 barbara
1841 4153 1899 4203 et
1927 4144 2082 4205 alie-
2165 4151 2482 4222 antequam
2535 4140 2592 4199 id
2639 4138 2871 4217 faciam,
2909 4135 3326 4216 pramittenda
3381 4144 3541 4196 sunt.
3600 4133 3819 4212 Latini,

424 4227 680 4303 ηίεειιθθ,
717 4241 849 4302 quae
884 4224 1072 4283 υθυῐη
1106 4223 1404 4299 ignorant.
2160 4233 2365 4298 saculi
2395 4226 2795 4292 tertiidecimi
2817 4225 2988 4286 initio
3016 4223 3530 4304 Constantinopoli
3563 4223 3623 4285 in
3645 4233 3820 4304 pote-

505 4315 605 4377 86.
640 4311 878 4392 «Neque
901 4330 1038 4373 vero
1059 4313 1300 4374 dederis
1325 4315 1567 4377 domum
1593 4318 1947 4400 hauc,quam
1971 4341 2075 4383 or-
2160 4332 2373 4386 statem
2405 4338 2574 4382 suam
2597 4319 2861 4393 redacta,
2895 4315 3380 4377 Thessalonicam
3415 4313 3594 4376 etiam
3628 4315 3820 4377 sube-

425 4402 516 4464 bis
561 4402 878 4464 universus
911 4419 1120 4462 novam
1168 4402 1513 4493 morborum
1546 4407 1844 4468 officinam
1877 4413 2075 4472 medi-
2159 4423 2398 4493 gerunt;
2429 4423 2568 4472 tunc
2595 4417 2792 4469 autem
2826 4405 3371 4467 Thessalonicense
3397 4403 3822 4493 sanctiDeme-

423 4512 552 4554 cam
588 4503 986 4572 paratumque
1012 4493 1310 4569 refugium
1347 4492 1544 4569 habet,
1571 4495 1644 4556 ab
1675 4497 1925 4577 impuris
1955 4503 2074 4562 im-
2097 4492 2260 4580 _trii
2317 4501 2602 4580 templum
2670 4495 3227 4575 Hierosolymitauia
3293 4492 3483 4556 sancti
3542 4493 3821 4572 Sepulcri

425 4566 659 4662 piisque
684 4566 1035 4642 hominibus
1068 4566 1388 4662 profanari,
1423 4566 1805 4664 quirnostraiu
1831 4566 2143 4653 subsan-D
2161 4566 2470 4654 canonicis
2527 4585 2908 4666 regularibus
2949 4566 3077 4647 'l‘uit
3132 4601 3513 4646 concessum.
3596 4566 3818 4645 Verum

423 4680 568 4731 nant
617 4672 821 4750 fidem,
857 4673 1201 4749 cultumque
1229 4683 1521 4752 spernunt
1577 4693 1647 4736 ac
1675 4678 2025 4758 religionem
2057 4700 2071 4745 :
2159 4685 2341 4744 hosce
2363 4680 2518 4741 inter
2544 4689 2602 4739 et
2624 4676 3223 4739 Thessalonicensem
3258 4673 3814 4754 archiepiscopum,

421 4769 600 4837 atque
625 4760 736 4822 hoc
761 4778 942 4821 unum
974 4760 1149 4820 nobis
1181 4764 1408 4823 crimen
1443 4763 1798 4848 impingunt,
1824 4790 1940 4849 qua
1972 4791 2074 4835 su-
2158 4775 2260 4849 qui
2283 4777 2343 4831 in
2367 4771 2563 4832 sancti
2587 4766 2876 4828 Demetrii
2907 4765 3222 4828 ecclesiam
3256 4763 3532 4844 bonaque
3554 4765 3627 4824 ad
3663 4763 3819 4825 hanc

425 4868 560 4910 mus
591 4857 650 4942 in
692 4849 906 4926 Deum,
943 4851 1249 4942 pietatem;
1284 4861 1652 4942 mortemque
1695 4860 2071 4924 immaturam
2157 4863 2490 4942 spectantia
2535 4862 2634 4938 jus
2665 4856 2906 4936 aliquod
2938 4856 3051 4916 sibi
3104 4863 3446 4934 competere
3477 4852 3816 4942 contende-

423 4939 871 5001 comminantur
891 4940 1230 5001 etexitium.
1268 4940 1431 5002 Licet
1453 4943 1612 5003 enim
1637 4945 1968 5013 innumeris
1991 4954 2080 5014 di-
2164 4939 2282 5016 bat.
2305 4953 2378 5014 lis
2399 4951 2567 5012 brevi
2601 4958 2808 5010 exorta
2837 4957 2953 5020 est,
2983 4963 3119 5021 qua
3149 4945 3387 5005 laudent
3423 4941 3726 5023 expressis
3755 4944 3819 5003 in

421 5028 555 5105 gnis
584 5047 794 5089 sumus
821 5029 1152 5109 suppliciis,
1183 5029 1257 5090 ob
1290 5049 1356 5091 ea
1388 5032 1640 5108 scelera,
1665 5056 1796 5116 qua
1823 5040 1884 5100 in
1919 5051 2078 5104 terra
2160 5044 2563 5103 instrumento
2586 5055 2766 5116 supra
2796 5036 3032 5096 laudato
3055 5033 3520 5108 conditionibus,
3553 5049 3703 5108 quas
3731 5029 3810 5092 ad

420 5117 892 5212 commissintus,
927 5119 1182 5212 huicque
1213 5120 1351 5199 ipsi,
1389 5140 1521 5201 qua
1553 5124 1794 5208 ingruit,
1823 5133 2074 5194 vastitati
2159 5132 2504 5212 pontificem
2539 5124 2957 5209 approbandas
2988 5126 3229 5198 misere,
3255 5123 3471 5204 hicque
3492 5124 3595 5186 cit.
3623 5121 3805 5212 epist.

419 5224 489 5302 ac
511 5207 666 5268 cladi
694 5225 900 5270 sumus
929 5207 1194 5302 obnoxii,
1223 5228 1342 5270 non
1369 5221 1572 5302 tamen
1594 5207 2073 5284 aliumnovimus
2159 5207 2238 5283 8-1
2285 5207 2655 5302 approbavit,
2706 5216 2816 5276 fuit
2876 5214 3199 5292 dirempta.
3255 5212 3343 5302 En
3390 5230 3550 5274 nunc
3603 5211 3803 5302 illud;

424 5301 636 5388 Deum,
661 5315 844 5388 quam
878 5298 978 5378 qui
1011 5307 1068 5359 te
1100 5301 1426 5380 coronavit,
1457 5309 1514 5361 in
1541 5307 1711 5382 cujus
1734 5309 1912 5369 etiam
1945 5330 2072 5388 gra-
2165 5337 2186 5366 ι
2227 5298 2618 5373 Sanctissimo
2679 5303 2838 5366 Patri
2869 5313 2928 5364 et
2991 5302 3232 5364 domino
3290 5301 3639 5365 Innocentio
3696 5299 3806 5363 Dei

421 5387 573 5480 tiam,
611 5387 812 5480 divina
845 5388 1128 5480 peregisti
1159 5392 1509 5480 certamina,
1543 5413 1717 5472 quem
1754 5407 1811 5458 et
1858 5387 2070 5463 amula
2153 5402 2338 5480 gratia
2372 5405 2771 5460 sacrosancta
2795 5404 2853 5454 et
2876 5393 3232 5454 universalis
3253 5391 3535 5455 Ecclesia
3563 5408 3807 5454 summo

420 5477 697 5556 passione
729 5477 1072 5538 clarificasti
1099 5499 1112 5540 :
1148 5479 1317 5558 cujus
1349 5484 1527 5541 etiam
1569 5501 1822 5548 munere
1852 5497 2071 5554 multo-
2154 5477 2425 5551 Pontitici
2447 5491 2514 5551 G.
2545 5487 2815 5566 ejusdem
2851 5483 3132 5564 patientia
3161 5493 3218 5544 et
3247 5491 3443 5545 vestra
3472 5480 3806 5544 Thessalo-

417 5585 553 5628 rum
578 5567 1004 5660 miraculorum
1023 5571 1271 5646 gratiam
1305 5581 1662 5633 consecutus
1682 5577 2068 5660 es,nobisque
2152 5580 2419 5642 nicensis
2438 5576 2727 5640 Ecclesia
2752 5572 3193 5650 tuinister,ltcet
3209 5573 3585 5651 indignus,se
3605 5575 3806 5655 ipsum

420 5675 631 5722 taurus
648 5658 856 5721 firmus
878 5658 1424 5740 iuconcussumque
1455 5661 1861 5730 tuicimentum
1881 5689 1949 5733 ac
1968 5658 2068 5735 co-
2149 5670 2225 5734 ad
2248 5671 2431 5750 pedes
2456 5686 2590 5730 cum
2613 5665 2960 5730 obedientia
2977 5665 3166 5729 ftliali.
3199 5662 3346 5727 Cum
3373 5671 3623 5750 propter
3638 5661 3807 5728 achi-
