4100 6402
262 328 414 395 1133

1341 333 1398 397 S.
1450 333 1825 400 DEMETRII
1871 334 2268 401 MARTYRIS
2308 333 2530 402 ACTA.

3475 331 3630 399 1134

256 465 562 529 smaticam
585 466 1052 530 inobedientiam
1077 468 1294 530 summi
1320 467 1478 548 regis
1499 469 1754 532 vindicta
1777 479 1892 532 ter-
1911 482 1951 528 Α
1975 470 2289 552 injungent
2309 469 2470 549 quod
2495 468 2835 532 nullatenus
2863 466 3167 548 aliquibus
3191 468 3253 530 in
3270 474 3632 531 testamento

256 573 382 617 ram
415 557 758 619 Gracorum
792 556 1182 618 correctionis
1212 557 1476 620 funiculo
1509 559 1892 638 ﬂagellasset,

253 655 312 707 et
337 647 524 726 ipsam
571 645 648 707 de
693 656 924 708 secreto
979 654 1157 726 atque
1211 646 1613 710 inastimabili
1647 649 1895 710 consilio

252 753 359 796 suo
377 735 447 797 ad
477 753 686 796 manus
704 735 1044 798 reduxisset
1066 735 1610 816 Latinorum,multi
1634 739 1895 817 religiosi

250 825 326 886 de
347 823 601 886 diversis
635 823 900 904 partibus
929 826 1288 887 accedentes
1321 826 1554 887 diversa
1606 826 1894 889 beneticia

253 920 372 972 tam
404 931 515 994 per
545 913 820 973 dominos
848 913 1182 975 cardinales
1227 933 1401 995 quam
1439 934 1545 995 per
1598 917 1896 996 principes

252 1012 310 1062 et
340 1001 593 1063 barones
624 1015 682 1064 et
708 1001 855 1064 alios
885 1002 1096 1064 fideles
1126 1003 1322 1083 adepti
1354 1013 1516 1065 sunt.

333 1091 432 1153 88.
465 1115 490 1146 ι
532 1089 693 1152 Inter
722 1110 876 1169 quos
921 1091 1287 1154 sacrosancti
1322 1091 1590 1172 Sepulcri
1623 1095 1896 1156 canonici

254 1179 564 1242 ecclesiam
581 1183 766 1241 sancti
782 1179 1064 1241 Demetrii
1077 1180 1893 1264 Thessalonicensis,quoquo

258 1270 436 1330 modo
458 1269 642 1348 gavisi
664 1269 1092 1351 suntadipisci,
1129 1288 1304 1350 quam
1342 1290 1524 1350 usque
1557 1271 1628 1333 ad
1661 1273 1894 1334 inthro—

257 1360 611 1421 nizalionem
675 1377 864 1419 meam
923 1377 1057 1419 cum
1111 1359 1312 1420 multis
1362 1359 1666 1424 laboribus
1697 1369 1778 1435 et,
1837 1372 1898 1424 ut

254 1467 455 1511 verum
481 1447 689 1522 fatear,
723 1448 809 1508 illi
828 1457 1002 1509 terra
1027 1447 1274 1509 multum
1303 1449 1660 1511 necessariis
1685 1469 1894 1528 posse-

253 1538 651 1602 dcrunt.Sane
675 1539 942 1618 quamvis
969 1539 1248 1620 praedicta
1272 1541 1526 1601 ecclesia
1554 1542 1742 1603 sancti
1775 1542 1895 1603 De-

251 1628 449 1690 metrii
469 1629 538 1689 ad
549 1627 1031 1708 jurisdictionem
1051 1647 1247 1689 meam
1273 1636 1576 1709 pertinere
1596 1640 1896 1706 noscatur,

1984 561 2068 623 vel
2099 561 2243 623 alias
2273 558 2744 642 persuadebunt,
2785 567 2848 618 ut
2878 557 3025 638 ipsis
3074 556 3382 620 canonicis
3418 557 3628 635 magis,

1980 669 2153 731 quam
2179 651 2523 712 ecclesiain
2550 647 2961 729 prajndicium
2999 657 3057 708 et
3081 647 3366 709 damnum
3390 646 3630 709 archie-

1980 740 2207 820 piscopi
2251 739 2507 802 debeant
2557 756 2834 816 erogare,
2885 735 3188 817 expensis,
3224 747 3511 816 quantum
3552 734 3632 798 ad

1977 838 2136 891 sarta
2158 835 2309 891 tecta
2329 829 2418 889 vel
2443 825 2738 888 luminare
2774 823 3043 888 ecclesia
3063 835 3122 886 et
3151 826 3373 906 justam
3409 821 3631 886 tumba

1977 916 2415 996 custodiam,de
2439 913 2740 978 communi
2767 933 2873 996 pro
2909 924 3032 976 rata
3050 912 3630 977 faciendis.Prater-

1979 1025 2049 1067 ea
2080 1007 2262 1086 prior,
2296 1005 2397 1085 qui
2431 1008 2488 1066 in
2521 1003 2777 1066 ecclesia
2827 1003 3149 1083 sapedicta
3179 1009 3368 1064 sancti
3400 1002 3630 1066 Deme-

1981 1097 2077 1156 trii
2110 1114 2213 1175 pro
2249 1103 2518 1172 tempore
2559 1113 2592 1152 a
2634 1092 2970 1173 patriarcha
2999 1090 3535 1173 Hierosolymitano
3567 1102 3630 1155 et

1979 1184 2240 1264 capitulo
2263 1203 2370 1244 suo
2387 1181 2568 1244 fuerit
2590 1180 3074 1259 delegatus,mihi
3094 1188 3151 1241 et
3173 1182 3632 1246 successoribus

1981 1275 2133 1334 meis
2151 1273 2436 1334 canonice
2463 1271 2821 1332 intrantibus
2844 1268 3243 1332 obedientiam
3270 1279 3331 1334 et
3353 1291 3632 1336 reveren-

1983 1366 2119 1423 tiam
2152 1361 2453 1423 tenebitur
2487 1359 2801 1434 exhibere;
2827 1359 3057 1420 matriei
3081 1359 3328 1440 insuper
3359 1363 3633 1426 ecclesia

1977 1449 2502 1513 Thessalonicensi
2535 1458 2592 1510 et
2626 1448 2775 1509 mihi
2803 1447 3072 1528 meisque
3097 1451 3545 1515 successoribus
3571 1453 3637 1515 in

1980 1540 2139 1602 dicta
2173 1540 2433 1602 ecclesia
2466 1537 2632 1600 omni
2658 1538 2795 1616 jure
2830 1546 2888 1599 et
2920 1537 3191 1599 libertate
3222 1548 3445 1616 nostra,
3481 1540 3640 1604 sicut

1982 1641 2039 1692 et
2069 1632 2127 1690 in
2157 1629 2292 1691 aliis
2321 1626 2598 1690 ecclesiis
2628 1625 2948 1706 ejusmodi,
2984 1626 3253 1706 plenarie
3277 1631 3636 1712 reservatis;

247 1728 441 1778 tamen
475 1717 548 1778 ob
582 1719 976 1779 reverentiam
1007 1717 1298 1778 Dominici
1331 1719 1758 1800 sepulcri,’,‘ubi
1793 1739 1894 1783 re-
1979 1719 2137 1780 salva
2157 1718 2384 1779 domini
2418 1717 2770 1797 patriarcha
2827 1713 3345 1795 llierosolymitani
3375 1727 3435 1779 et
3465 1718 3634 1799 capi-

245 1808 510 1887 demptio
551 1807 795 1870 humani
825 1805 1065 1886 generis
1096 1821 1340 1886 operata
1391 1817 1502 1882 est,
1539 1819 1594 1870 et
1622 1809 1692 1870 ad
1727 1810 1896 1888 cujus
1920 1843 1960 1896 Β
1982 1809 2084 1869 tuli
2118 1809 2209 1869 sui
2243 1809 2302 1868 in
2339 1803 2623 1896 omnibus
2653 1802 2997 1896 obedientia
3040 1804 3342 1896 in_ipsum
3369 1806 3637 1887 priorem

249 1896 700 1957 subventionem
755 1896 1304 1975 crucesignatorum
1344 1900 1642 1960 exercitus
1676 1909 1894 1959 terram
1921 1892 1952 1896 “
1983 1907 2040 1960 et
2067 1897 2389 1959 canonicos
2423 1907 2485 1957 et
2543 1894 2693 1956 alios
2750 1892 3067 1972 religiosos
3101 1892 3325 1956 ibidem
3359 1915 3638 1959 commo-

254 1983 562 2048 Romania
587 1985 808 2046 dicitur
848 1985 1198 2066 acquisisse,
1234 2003 1309 2046 ne
1341 1986 1519 2047 etiam
1549 1987 1690 2048 dicti
1717 2007 1896 2050 cano-

255 2075 369 2137 nici
402 2093 508 2136 sua
535 2093 640 2156 spe
673 2083 730 2136 et
761 2074 1072 2136 laboribus
1102 2073 1344 2156 penitus
1365 2073 1807 2154 fraudarentur,
1845 2086 1904 2139 et

256 2173 319 2225 ut
349 2164 544 2226 omnis
573 2166 822 2242 quastio
851 2174 910 2226 et
936 2165 1369 2239 controversia,
1403 2164 1594 2245 qualis
1625 2169 1777 2228 inter
1809 2187 1904 2231 me

269 2263 327 2315 et
358 2251 518 2333 ipsos
549 2272 732 2333 super
789 2255 900 2316 hoc
950 2262 1178 2334 exorta,
1235 2271 1368 2334 qua
1396 2255 1469 2316 de
1500 2253 1663 2316 facili
1694 2259 1907 2320 ordine

264 2341 578 2422 judiciario
628 2361 745 2404 non
805 2351 1035 2424 poterat
1093 2353 1363 2424 tempore
1392 2343 1636 2406 instanti
1670 2359 1912 2428 propter

272 2450 458 2494 causa
490 2432 937 2513 perplexitatem
970 2432 1237 2506 difﬁniri,
1263 2451 1370 2512 per
1401 2451 1604 2513 pacem
1639 2445 1697 2497 et
1723 2440 1912 2514 aqui-

273 2530 443 2583 tatem
499 2522 732 2583 facilius
780 2522 1068 2603 SOpiatur,
1119 2523 1454 2601 prasertim
1491 2543 1625 2585 cum
1659 2525 1718 2587 in
1749 2545 1908 2608 sape

267 2612 420 2674 dicta
480 2612 731 2674 ecclesia
786 2611 932 2673 tanti
994 2611 1262 2692 martyris
1322 2629 1573 2692 corpore
1626 2614 1906 2679 decorata

270 2713 383 2765 tam
409 2701 746 2763 favorabilis
782 2702 1053 2762 ecclesia
1086 2701 1358 2762 canonici
1389 2702 1693 2779 regulares
1722 2705 1906 2767 bono-

266 2793 598 2855 rilicentius
629 2809 807 2871 quam
828 2791 1149 2852 saculares
1174 2790 1412 2852 valeant
1435 2791 1908 2875 deservire,pru-

265 2886 512 2944 dentum
571 2883 832 2941 virorum
882 2880 1068 2940 fretus
1129 2879 1407 2954 consilio,
1470 2881 1746 2944 videlicet
1802 2891 1904 2949 Ar.

266 2971 729 3050 Cermopilensis
760 2970 1025 3050 episcopi
1082 2969 1392 3030 Sarrensis
1450 2971 1752 3053 postulati,
1814 2973 1905 3035 W.

267 3061 690 3124 Nazarocensis
721 3059 896 3122 electi
927 3059 1329 3138 Philippensis
1359 3060 1660 3142 postulati,
1697 3071 1754 3122 et
1778 3082 1909 3124 ma-

1981 1996 2207 2049 rantes.
2244 2011 2270 2042 n

2063 2077 2165 2139 90.
2204 2073 2418 2154 «Igitur
2449 2091 2585 2135 cum
2617 2071 3026 2136 ordinationes
3056 2071 3472 2153 ecclesiarum,
3505 2094 3639 2157 qua

1992 2184 2098 2246 per
2126 2165 2440 2228 inferiores
2470 2161 2744 2246 pralatos
2793 2161 2924 2224 fieri
2967 2171 3292 2242 nequeunt,
3351 2163 3637 2229 Ecclesia

1991 2255 2438 2332 Romana,qua
2470 2252 2831 2333 disponente
2861 2251 3116 2315 Domino
3148 2254 3416 2316 omnium
3444 2253 3640 2318 eccle-

1991 2346 2217 2408 siarum
2272 2353 2458 2406 mater
2480 2353 2568 2404 est
2598 2350 2658 2403 et
2689 2341 2994 2422 magistra,
3032 2343 3292 2405 debeant
3317 2343 3634 2426 reservari,

1992 2434 2210 2496 dictam
2244 2431 2741 2514 compositionem
2773 2437 2899 2493 sive
2952 2431 3428 2513 dispositionem,
3460 2453 3638 2516 quam

1995 2542 2101 2605 per
2133 2543 2230 2586 me
2251 2524 2446 2586 facere
2480 2521 2572 2584 vel
2608 2522 2846 2584 firmare
2877 2540 2996 2582 non
3021 2523 3641 2603 prasumpsi,saucti-

1993 2613 2096 2675 tati
2124 2623 2337 2676 vestra
2366 2612 2504 2674 duxi
2537 2607 3502 2693 transniittendam,paternitatem
3526 2629 3642 2676 ve-

1990 2714 2170 2763 stram
2204 2701 2374 2763 ﬂexis
2401 2699 2656 2781 genibus
2688 2700 2905 2760 mentis
2958 2719 3210 2762 exorans
3260 2703 3550 2764 attentius
3579 2710 3640 2765 et

1990 2793 2532 2872 obnixe,quatenus
2556 2807 2736 2851 causa
2755 2788 2865 2850 Dei
2883 2798 2940 2850 et
2960 2789 3036 2850 ob
3059 2789 3352 2852 Dominici
3370 2790 3646 2872 Sepulcri

1989 2882 2383 2943 reverentiam
2411 2888 2468 2941 et
2491 2898 2735 2960 precum
2763 2897 3030 2940 mearum
3057 2884 3474 2961 interventu,si
3495 2899 3644 2942 san-

1992 2970 2178 3033 ctitati
2213 2979 2420 3031 vestra
2478 2979 2827 3049 competens
2878 2977 2936 3028 et
2966 2967 3284 3030 honestum
3317 2969 3640 3049 videbitur,

1993 3061 2183 3140 ipsam
2207 3059 2560 3122 auctoritate
2584 3067 2776 3119 vestra
2801 3057 2999 3118 facere
3022 3056 3115 3119 vel
3132 3057 3428 3138 inceptam
3450 3060 3642 3139 perfi-

267 3150 437 3233 gistri
468 3152 540 3213 Ιί.
588 3148 876 3212 Citrensis
938 3147 1134 3222 electi,
1198 3147 1366 3228 mihi,
1400 3158 1686 3228 quantum
1719 3151 1778 3212 in
1815 3172 1970 3248 mec
1995 3169 2132 3213 cere
2156 3147 2514 3231 dignemini,
2536 3157 2595 3209 et
2625 3158 2688 3208 ut
2716 3147 3000 3225 majorem
3031 3146 3243 3248 habeat
3270 3146 3643 3230 firmitatem,

269 3252 379 3316 est,
415 3241 601 3300 visum
635 3247 722 3299 est
756 3239 900 3299 utile
933 3237 1157 3318 pariter
1207 3245 1265 3298 et
1311 3238 1649 3314 honestum,
1685 3250 1750 3301 ut
1782 3261 1910 3303 me-

271 3332 478 3391 morati
511 3327 783 3389 canonici
829 3325 1129 3387 Duminici
1180 3327 1454 3406 Sepulcri
1510 3329 1584 3390 de
1620 3329 1912 3392 universis

271 3415 772 3500 possessionibus,
809 3416 1220 3496 proventibus,
1247 3416 1560 3492 fructibus,
1595 3419 1908 3498 reditibus,

269 3511 506 3587 legatis,
535 3520 594 3567 et
625 3505 1018 3585 eleemosynis
1048 3523 1406 3585 quocunque
1441 3507 1603 3585 justo
1633 3510 1808 3571 modo
1839 3511 1912 3572 ad

270 3599 490 3660 dictam
526 3597 840 3656 ecclesiam
875 3594 1064 3654 sancti
1113 3594 1396 3655 Demetrii
1447 3599 1911 3681 pertinentibus,

273 3689 429 3749 sicut
463 3703 566 3766 per
599 3686 994 3746 instrumenta
1041 3684 1132 3745 vel
1166 3702 1272 3763 per
1301 3693 1483 3746 testes
1513 3687 1761 3751 idoneos
1792 3690 1914 3752 sive

271 3777 390 3839 alio
422 3779 584 3856 justo
619 3776 794 3834 modo
827 3773 1066 3853 probari
1097 3772 1358 3853 legitime
1391 3776 1634 3854 poterit,
1669 3777 1918 3858 insuper

270 3869 350 3930 de
381 3866 656 3927 omnibus
685 3864 826 3942 illis,
859 3881 992 3943 qua
1038 3863 1236 3943 aliquo
1284 3871 1552 3944 tempore
1579 3868 1912 3948 archiepis-

267 3958 436 4037 copis
447 3952 1080 4016 Thessalonicensibus
1098 3954 1340 4014 nomine
1359 3955 1629 4017 ecclesia
1652 3957 1913 4036 pradicti

271 4044 464 4109 sancti
514 4043 799 4106 Demetrii
833 4041 1050 4103 collata
1098 4043 1357 4118 fuerunt,
1395 4045 1483 4105 vel
1514 4045 1575 4106 in
1607 4056 1912 4125 posterum

269 4135 681 4208 conferentur,
717 4132 896 4208 sicut,
933 4143 994 4193 ut
1024 4149 1204 4212 supra
1245 4133 1466 4193 dictum
1511 4145 1622 4209 est,
1655 4136 1916 4214 legitime

267 4223 509 4309 probari
567 4225 807 4305 poterit,
873 4221 1052 4283 talem
1114 4239 1221 4301 pro
1253 4224 1496 4285 serVitio
1527 4243 1685 4306 sape
1744 4227 1918 4288 dicta

269 4313 544 4379 ecclesia
579 4313 916 4394 percipient
974 4315 1330 4392 portionem,
1368 4314 1606 4394 qualem
1641 4314 1920 4376 canonici

267 4414 494 4469 sancta
544 4403 783 4483 Sophia
824 4400 1388 4463 Thessalonicensis
1447 4405 1796 4485 metropolis
1842 4407 1919 4466 de

1996 3240 2267 3302 eamdem
2294 3238 2643 3300 auctoritate
2672 3237 2955 3316 pradicta
2977 3235 3350 3299 roborantes.
3381 3262 3403 3296 ι
3438 3238 3646 3300 lsthac

1997 3329 2198 3404 modo,
2234 3328 2450 3409 quibus
2481 3327 2710 3389 dictum
2761 3327 3227 3388 instrumentum
3279 3327 3644 3406 concipitur.

1995 3418 2176 3481 verba
2193 3419 2533 3489 considera,
2557 3415 2912 3496 videbisque
2930 3434 3000 3476 eo
3025 3426 3293 3496 tempore
3315 3435 3421 3478 seu
3443 3415 3649 3480 saculi

1995 3509 2156 3572 tertii
2180 3507 2400 3570 decimi
2428 3506 2743 3586 initio,quo
2769 3507 2969 3566 datum
3003 3505 3060 3566 id
3091 3505 3220 3587 fuit,
3255 3505 3647 3569 Thessaloni-

1998 3617 2179 3663 cense
2211 3603 2397 3658 sancti
2432 3594 2721 3658 Demetrii
2750 3596 3035 3675 templum
3061 3595 3327 3657 fidelium
3348 3595 3423 3657 ad
3453 3592 3652 3676 id,qui

1997 3708 2055 3752 et
2091 3688 2380 3749 tumulum
2414 3687 2546 3766 ejus
2577 3683 2790 3746 oblatis
2823 3683 3095 3745 donariis
3127 3685 3504 3762 bonorarint,
3537 3703 3648 3746 ac-

1999 3797 2170 3840 cessu
2206 3776 2362 3837 haud
2394 3792 2529 3836 raro
2561 3773 2927 3853 frequentari
2955 3772 3359 3837 soluisse.Nec
3385 3773 3500 3836 hoc
3524 3780 3651 3836 tan-

2002 3878 2121 3930 tum
2157 3885 2189 3926 a
2220 3867 2418 3926 charta
2453 3866 2554 3924 illa
2599 3863 2818 3940 disces,
2852 3881 3055 3924 verum
3086 3864 3266 3926 etiam
3315 3863 3433 3925 alia
3488 3880 3647 3924 non-

1999 3957 2182 4032 nulla,
2219 3972 2349 4034 qua:
2379 3971 2485 4014 seu
2532 3953 2602 4013 ad
2653 3954 2847 4032 ipsum
2898 3955 3180 4015 Sanctum
3215 3962 3506 4032 nostrum,
3539 3969 3650 4014 seu

1999 4064 2131 4124 qua
2163 4048 2236 4106 ad
2284 4044 2624 4105 dedicatum
2680 4043 2738 4102 ei
2791 4041 3326 4104 Thessalonicense
3358 4040 3649 4122 templum

1999 4147 2290 4218 spectant.

2079 4228 2146 4289 91
2165 4226 2478 4287 .Caterum
2506 4223 2616 4283 hoc
2631 4221 2732 4283 diu
2745 4221 2941 4284 adhuc
2960 4229 3092 4304 post
3107 4222 3390 4284 saeculum
3407 4221 3652 4286 tertium

2003 4317 2302 4378 decimum
2337 4333 2370 4374 a
2401 4313 2648 4393 Gracis,
2707 4323 2840 4372 utut
2891 4311 3312 4390 schismaticis,
3361 4331 3480 4374 non
3511 4331 3651 4376 raro

2003 4406 2275 4482 etiam,ut
2297 4403 2585 4465 Demetrii
2606 4403 2665 4462 in
2697 4399 3154 4463 necessitatibus
3177 4402 3300 4463 suis
3322 4421 3496 4483 opem
3526 4401 3650 4464 im-

271 4493 756 4576 possessionibus
787 4491 1056 4571 ejusdem
1091 4490 1585 4572 percipient,eum
1607 4513 1735 4556 eam
1769 4513 1915 4558 con-
1951 4573 1974 4577 ᾼ
2007 4504 2332 4577 plorarent,
2368 4496 2732 4575 frequentari
2762 4495 3039 4570 soluisse,
3088 4493 3488 4555 indubitatum
3535 4499 3650 4558 est.

273 4583 482 4664 tigerit
509 4581 796 4646 ordinari.
836 4606 864 4637 »

361 4673 463 4737 89.
499 4675 753 4735 «Domos
773 4670 1254 4750 siquidem,quas
1275 4671 1481 4734 clerici
1501 4674 1688 4734 sancti
1712 4673 1924 4737 Deme-

273 4763 377 4829 trii
401 4772 670 4844 tempore
694 4761 1033 4824 Gracorum
1061 4761 1215 4822 intra
1234 4761 1716 4824 Thessalonicam
1742 4765 1924 4826 habe-

271 4855 442 4931 bant,
471 4853 742 4916 canonici
763 4852 952 4914 sancti
977 4850 1250 4932 Sepulcri
1272 4861 1436 4912 extra
1476 4863 1700 4930 partem
1728 4855 1924 4934 possi-

270 4945 530 5018 debunt;
546 4942 876 5005 oblationes
899 4959 1137 5022 quoque
1161 4942 1464 5003 manuales
1484 4951 1540 5004 et
1557 4961 1926 5023 quacunque

268 5036 368 5099 eis
399 5035 589 5114 legata
619 5033 840 5095 fuerint
891 5031 1272 5106 nominatim,
1299 5031 1431 5092 sive
1461 5033 1706 5094 nomine
1738 5034 1925 5094 sancti

267 5123 861 5206 Sepulcri,similiter
888 5130 1057 5183 extra
1077 5129 1302 5202 partem
1327 5121 1734 5202 recipientJSa
1758 5141 1924 5204 vero,

267 5234 412 5297 qua
430 5231 611 5294 super
635 5211 896 5273 tumbam
921 5211 1108 5274 sancti
1133 5211 1423 5273 Demetrii
1456 5213 1806 5288 afferentur,
1835 5215 1925 5274 vel

263 5305 552 5369 ecclesia
581 5303 851 5383 ejusdem
878 5303 1228 5362 nominatim
1253 5300 1443 5380 legata
1458 5303 1925 5378 l'uerint,secun-

264 5398 420 5458 dum
441 5396 852 5475 supradictam
886 5391 1236 5453 divisionem
1268 5393 1924 5473 partientur.Adjuncto

263 5495 532 5561 tantum,
570 5483 732 5562 quod
768 5501 904 5544 cum
954 5483 1098 5543 dicti
1147 5483 1418 5544 canonici
1450 5483 1511 5543 in
1542 5484 1798 5546 ecclesia
1827 5485 1928 5546 illa

261 5577 622 5660 capellanos
643 5575 736 5635 vel
758 5575 1006 5635 clericos
1034 5588 1142 5653 pro
1175 5582 1444 5654 tempore
1477 5575 1925 5656 instituent,suh

262 5673 492 5757 eadem
551 5665 688 5727 tidei
742 5666 1056 5744 religione,
1097 5681 1214 5740 qua
1263 5665 1375 5743 ipsi
1408 5666 1788 5742 tenebuntur,
1840 5671 1929 5734 cis

1943 4573 1988 4625 θ
2005 4573 2090 4650 Ac
2113 4586 2460 4648 nominatim
2476 4573 2729 4664 quidem
2755 4585 2814 4646 id
2836 4583 3522 4646 a'l‘hessalonicensibus
3543 4600 3656 4644 sa-

2005 4679 2138 4741 culo
2165 4676 2372 4758 quinto
2395 4674 2629 4736 decimo
2653 4676 2972 4736 factitatum
3007 4675 3203 4737 adhuc
3232 4675 3438 4747 fuisse,
3471 4691 3652 4754 argu-

2008 4778 2206 4829 mento
2236 4773 2375 4827 sunt
2409 4765 2656 4828 minime
2683 4765 3030 4845 dubio,qua
3061 4774 3182 4826 tum
3219 4765 3278 4826 in
3305 4783 3412 4826 sua
3447 4764 3524 4826 de
3547 4783 3658 4824 ex-

2005 4859 2129 4920 cisa
2159 4875 2264 4939 per
2288 4861 2509 4918 Turcas
2540 4874 2694 4916 anno
2736 4857 2888 4917 14‘29
2920 4855 3347 4918 Thessalonica
3371 4853 3656 4918 lucubra-

2013 4951 2196 5028 tione,
2234 4948 2450 5010 Leonis
2474 4947 2678 5008 Allalii
2703 4945 3079 5026 Symmt'ctis,
3128 4947 3391 5008 Colonia
3425 4943 3658 5026 Agrip-

2014 5042 2169 5119 pina
2182 5055 2338 5098 anno
2363 5039 2520 5098 1653
2536 5056 2569 5097 a
2590 5035 2910 5096 Bertholdo
2925 5035 3177 5099 Nihusio
3199 5036 3658 5116 editis,inserta,

2009 5130 2268 5191 Joannes
2283 5130 2330 5188 A
2343 5127 2916 5206 nagnosta,scriptor
2933 5125 3471 5206 syncbronus,reru
3481 5143 3661 5205 mque

2011 5236 2166 5297 pene
2195 5219 2489 5291 omnium,
2525 5233 2669 5296 quas
2699 5233 2771 5276 ea
2801 5217 3111 5296 describit,
3164 5217 3434 5276 oculatus
3464 5213 3660 5289 testis,

2009 5310 2086 5370 de
2114 5306 2778 5380 Thessalonicensibus,
2805 5306 2880 5366 ad
2912 5309 3102 5366 sancti
3138 5305 3422 5366 Demetrii
3455 5321 3657 5385 opem,

2006 5417 2140 5460 cum
2173 5397 2395 5460 civitati
2423 5415 2547 5458 sua
2577 5393 2803 5457 Turcas
2845 5397 2968 5476 jam
3020 5397 3338 5457 imminere
3386 5403 3658 5470 nossent,

2009 5485 2514 5568 confugientibus,
2576 5505 2740 5550 num.
2797 5489 2869 5548 tu
2941 5485 3244 5548 memoria
3275 5486 3494 5566 prodit,
3532 5494 3660 5546 tum

2011 5580 2208 5652 etiam,
2248 5596 2406 5655 qua,
2461 5576 2971 5657 quemadmodum
3021 5575 3301 5637 Analecta
3350 5573 3665 5637 miraculis

2014 5667 2648 5746 edentlissubjiuenda
2667 5663 3660 5746 docebunt,l)emetiiusChrysolo-
