4100 6406
267 383 420 453 1137

1347 384 1409 447 S.
1448 381 1831 447 DEMETRII
1872 380 2275 446 MARTYRIS
2313 381 2538 446 ACTA.

3477 378 3631 447 1138

257 519 527 585 Joannes
579 517 949 593 Cameniata,
984 517 1086 599 qui
1144 518 1359 579 saculo
1390 517 1627 580 decimo
1684 518 1909 599 ﬂoruit,
1934 523 1974 576 A
1996 518 2147 580 datis
2177 518 2531 600 scriptorem
2558 516 2768 599 alium,
2795 515 3063 578 omnium
3096 513 3404 579 fusissime
3431 516 3506 579 de
3527 536 3634 581 un-

259 611 631 691 civitatisque
670 607 1228 671 Thessalonicensis
1273 626 1378 688 per
1405 609 1710 687 Agarenos
1755 626 1911 669 anno
1993 617 2212 687 guento
2241 628 2348 670 seu
2388 607 2544 684 oleo,
2580 607 2736 689 quod
2772 625 2806 668 e
2833 607 3023 669 sancti
3066 605 3353 669 Demetrii
3382 625 3636 688 corpore

259 701 383 765 904
413 699 787 763 obsidionem
843 698 1461 779 expugnationemque
1494 717 1562 759 ac
1612 697 1912 760 excidium
1995 717 2101 760 seu
2138 698 2361 759 tumulo
2414 697 2749 778 prodigiose
2800 695 3060 772 stillavit,
3094 696 3384 770 locutum,
3418 697 3634 778 adjun-

255 790 596 870 descripsit,
632 808 763 871 pag.
822 789 937 850 184
983 787 1264 849 editionis
1313 788 1709 860 Coloniensis,
1755 804 1911 850 anno
1992 806 2148 866 gam,
2180 786 2439 850 Joannes
2489 789 2854 867 Anagnosta,
2885 803 3067 866 supra
3121 785 3319 848 adhuc
3363 786 3638 851 laudatus

251 881 414 942 4653
463 879 653 959 facta,
689 885 957 940 sanctum
990 875 1353 939 Demetrium
1405 877 1659 958 appellat
1694 894 1903 956 myro-

252 970 501 1051 blytam,
553 969 637 1031 ita
684 975 1075 1046 unguentum.
1128 967 1284 1047 quod
1332 965 1535 1030 Graece
1586 968 1746 1046 μυρόν
1794 985 1902 1026 vo-

250 1069 441 1139 catur,
476 1077 545 1121 ex
578 1059 707 1137 ejus
737 1075 841 1118 seu
870 1073 1120 1135 corpore
1153 1073 1255 1117 seu
1291 1056 1516 1117 tumulo
1541 1057 1749 1118 saltem
1774 1072 1904 1116 sca-

251 1150 467 1223 turire,
501 1147 707 1211 Grace
736 1147 966 1224 βλύζειν,
1001 1164 1122 1207 non
1151 1148 1404 1208 obscure
1432 1146 1795 1226 signiﬁcans.

331 1241 433 1301 95.
468 1237 730 1300 Joannes
761 1236 1063 1315 Scylilzes,
1099 1236 1201 1316 qui
1237 1235 1451 1298 saculo
1496 1254 1551 1297 xl
1583 1236 1807 1312 ﬂoruit,
1842 1237 1905 1300 in

250 1332 525 1388 Michaele
552 1329 917 1400 Paphlagone
946 1328 1137 1384 oleum
1170 1343 1270 1384 seu
1288 1338 1649 1400 unguentum
1674 1344 1704 1385 e
1722 1331 1904 1387 sancti

250 1415 538 1481 Demetrii
561 1413 838 1495 sepulcro
860 1413 1149 1474 scaturire
1175 1411 1399 1474 diserte
1418 1411 1822 1475 alﬁrmatNec
1847 1414 1905 1475 id

247 1507 451 1568 minus
482 1505 641 1567 clare
670 1504 841 1565 Anna
889 1500 1212 1572 Comnena,
1250 1521 1383 1582 qua
1412 1504 1628 1564 saculo
1669 1503 1903 1564 duode-

248 1597 408 1658 cimo
432 1594 665 1669 claruit,
692 1610 906 1672 resque
932 1611 965 1653 a
987 1602 1159 1670 patre
1189 1592 1547 1666 suo,Alexio
1569 1592 1900 1667 Comneno,

247 1695 391 1748 tunc
445 1695 662 1764 gestas,
697 1680 1108 1744 lucubratione
1162 1699 1195 1742 a
1252 1699 1317 1742 se
1375 1689 1672 1762 contexta,
1724 1701 1900 1762 quam

243 1774 615 1837 Alcwiadem
648 1772 970 1850 inscripsit,
1000 1770 1072 1831 ad
1107 1770 1513 1850 posteritatem
1550 1771 1894 1847 transmisit,

1993 876 2196 938 saeculi
2254 894 2327 939 xv
2376 876 2631 957 scriptor
2682 878 2945 956 Graecus,
3005 874 3111 953 qui
3169 876 3631 959 Thessalonica,

1987 965 2189 1044 patria
2217 984 2360 1046 sua,
2394 985 2551 1028 anno
2584 965 2740 1027 t429
2771 964 3027 1026 aTurcis
3052 963 3314 1026 obsessa
3341 983 3639 1046 expugna-

1988 1056 2509 1134 taque,excidium
2531 1055 2742 1117 litteris
2760 1054 3106 1133 complexus
3119 1059 3294 1133 est,ln
3317 1056 3629 1135 opusculo,

1985 1144 2137 1224 quod
2155 1144 2225 1205 ad
2247 1145 2583 1206 luctuosum
2609 1144 2773 1205 illum
2799 1142 3201 1223 eventum,cui
3217 1144 3468 1224 ipsemet
3484 1164 3634 1226 pra-

1989 1251 2128 1295 sens
2147 1232 2993 1307 interfuerat,describendum
3014 1232 3413 1306 concinnavit,
3435 1234 3630 1315 quod-

1991 1341 2104 1402 que
2119 1324 2177 1384 in
2197 1324 2410 1385 Leonis
2433 1323 2632 1386 Allatii
2651 1323 3122 1403 Symmictorum
3144 1321 3297 1384 libro
3320 1326 3636 1405 posteriori

1991 1412 2139 1491 typis
2166 1413 2459 1492 vulgatum
2498 1420 2715 1486 exstat,
2743 1431 2876 1492 pag.
2904 1412 3022 1473 355
3053 1419 3112 1474 et
3132 1430 3329 1493 seqq.,
3353 1432 3489 1475 cum
3506 1416 3630 1494 jam

1990 1509 2164 1561 antea
2212 1503 2270 1561 in
2305 1501 2514 1562 eodem
2550 1500 2836 1581 opusculo
2887 1518 3016 1580 pag.
3050 1499 3163 1561 327
3199 1499 3546 1579 μυροϐλύτου,
3573 1501 3638 1563 id

1990 1596 2100 1668 est,
2146 1589 2500 1670 myroblytce
2553 1608 2660 1651 seu
2693 1595 3076 1670 unguentum
3119 1588 3439 1657 stillantis.
3469 1590 3638 1653 titulo

1986 1676 2269 1740 Sanctum
2305 1687 2596 1759 ornasset,
2631 1680 2707 1740 ita
2737 1696 2771 1740 e
2803 1676 3017 1740 Leonis
3044 1677 3245 1740 Allatii
3274 1677 3640 1760 interpreta-

1988 1768 2146 1828 tione
2180 1768 2482 1830 memoria
2516 1767 2715 1849 prodit
2746 1788 2759 1831 :
2824 1792 2850 1823 α
2886 1765 3037 1838 Quid
3072 1784 3246 1847 porro
3298 1767 3534 1830 diceres
3562 1768 3640 1832 de

243 1862 424 1942 hujus
455 1862 546 1923 sui
576 1861 773 1940 operis
805 1858 910 1920 lib.
948 1876 1011 1936 ll,
1054 1877 1182 1938 pag.
1218 1859 1296 1919 60
1327 1859 1633 1920 memoria
1676 1859 1893 1939 prodit,
1923 1889 1961 1938 Β
1986 1858 2168 1918 nostri
2223 1858 2519 1939 tropaalis
2550 1867 2608 1919 et
2666 1856 2935 1938 martyris
2966 1856 3287 1938 (Demetrii
3329 1857 3635 1941 videlicet)

244 1944 327 2012 ita
357 1951 580 2013 ibidem
610 1948 881 2011 scribens
912 1965 925 2009 :
968 1972 995 2003 ‹‹
1030 1949 1095 2010 In
1126 1966 1244 2026 quo
1285 1946 1460 2025 (urbe
1504 1946 1895 2010 Thessaloni-

240 2043 407 2104 censi
459 2040 757 2111 nimirum)
792 2036 1144 2119 praclarum
1202 2038 1487 2117 templum
1535 2037 1593 2097 in
1654 2036 1900 2100 nomine

245 2130 449 2210 magni
484 2129 755 2208 martyris
787 2127 1075 2190 Demetrii
1106 2134 1470 2188 exstructum
1513 2125 1761 2190 visitur:
1798 2125 1896 2188 ubi

247 2235 309 2282 et
336 2227 709 2297 unguentum
734 2236 804 2279 ex
830 2216 1154 2279 venerabili
1185 2216 1317 2295 ejus
1348 2216 1541 2278 loculo
1564 2216 1896 2279 scaturiens

241 2317 533 2371 maximas
579 2305 849 2388 quotidie
881 2308 1220 2369 curationes
1276 2314 1556 2387 operatur
1584 2306 1646 2367 in
1692 2306 1766 2367 iis
1797 2306 1896 2387 qui

241 2418 379 2460 cum
404 2398 521 2461 lide
543 2396 859 2461 accedunt.
895 2417 923 2455 ι
961 2394 1201 2457 Nicelas
1233 2395 1571 2471 Chaniates,
1606 2396 1707 2478 qui
1738 2414 1896 2457 anno

246 2488 405 2550 1205
433 2488 608 2549 vitam
642 2506 778 2547 cum
816 2494 1007 2547 morte
1039 2492 1440 2555 commutavit,
1467 2483 1528 2546 in
1560 2485 1897 2549 Annalibus

237 2596 277 2639 a
323 2595 389 2638 se
419 2577 773 2656 conscriptis
816 2575 1047 2636 scelera
1097 2593 1131 2635 a
1167 2574 1383 2637 Siculis
1431 2574 1895 2651 Thessalonica,

236 2686 377 2729 cum
410 2667 710 2728 civitatem
736 2666 888 2727 hanc
914 2683 1069 2727 anno
1094 2664 1252 2725 1185
1271 2673 1705 2745 expugnassent
1728 2683 1897 2727 com-

238 2757 426 2819 missa
450 2756 734 2836 graphice
765 2754 1143 2829 describens,
1167 2772 1236 2816 ea
1264 2754 1441 2816 simul
1468 2756 1685 2836 prodit,
1717 2775 1750 2817 e
1770 2755 1900 2837 qui-

234 2845 354 2907 bus
412 2854 553 2907 tunc
581 2846 755 2907 etiam
803 2851 1175 2923 unguentum
1210 2861 1316 2905 seu
1367 2843 1564 2905 oleum
1620 2863 1654 2907 e
1706 2845 1897 2908 sancti

239 2934 535 2999 Demetrii
556 2934 832 3013 sepulcro
859 2932 1112 2994 maxima
1142 2932 1313 3013 copia
1334 2932 1659 3006 ebulliisse,
1697 2936 1893 2995 mani-

237 3025 459 3087 festum
484 3024 569 3087 lit.
594 3025 679 3086 Ita
701 3025 860 3084 enim
884 3021 1109 3083 ibidem
1135 3021 1197 3082 in
1220 3021 1563 3084 Andronico
1592 3022 1897 3085 Comneno

238 3113 355 3177 lib.
385 3131 429 3189 ι,
466 3130 633 3177 num.
665 3113 729 3194 9,
764 3111 944 3174 habet
971 3130 984 3174 :
1025 3136 1051 3166 ι
1079 3110 1200 3173 Nec
1230 3112 1407 3174 editis
1440 3130 1548 3192 per
1575 3130 1677 3174 eos
1710 3113 1895 3175 mira-

240 3208 392 3267 culis
415 3206 1029 3277 movebautur,quibus
1060 3205 1319 3263 Christus
1342 3220 1441 3264 eos
1468 3214 1895 3272 remuneratur,

237 3294 345 3377 qui
375 3294 439 3355 in
467 3291 593 3355 suis
624 3291 914 3355 membris
943 3291 1054 3372 ipsi
1079 3291 1368 3354 honorem
1411 3291 1750 3354 habuerunt
1784 3312 1801 3369 ;
1834 3298 1899 3353 ut

236 3392 635 3463 unguentum,
660 3381 814 3462 quod
848 3400 918 3442 ex
950 3380 1324 3442 celeberrimi
1371 3381 1650 3463 martyris
1674 3383 1898 3444 Deme-

236 3473 339 3536 trii
364 3478 748 3534 monumento
769 3470 1169 3544 ebullit,cadis
1190 3478 1250 3532 et
1272 3469 1572 3533 lebetibus
1593 3473 1895 3546 haustum,

238 3561 476 3643 patellis
507 3562 756 3642 piscium
789 3559 1200 3635 infunderent,
1236 3578 1307 3622 eo
1351 3560 1752 3622 calceamenta
1781 3580 1900 3622 un-

236 3660 479 3732 gerent,
507 3660 565 3712 et
588 3650 662 3712 ad
685 3658 901 3713 catera
925 3649 1279 3721 ministeria,
1306 3648 1525 3729 quibus
1549 3650 1744 3711 oleum
1764 3650 1896 3711 usui

239 3749 355 3813 est,
380 3749 606 3802 temere
636 3748 696 3802 et
725 3741 1001 3820 nequiter
1032 3740 1447 3802 obuterentur.
1481 3738 1546 3799 Id
1578 3757 1740 3813 vero,
1770 3747 1833 3799 ut
1863 3757 1896 3799 e

242 3830 411 3892 fonte
467 3828 820 3892 inexhaule
852 3829 1159 3907 prodiens,
1193 3837 1296 3890 aut
1346 3846 1415 3889 ex
1449 3828 1661 3907 abysso
1696 3836 1895 3889 scatu-

239 3920 433 3998 riens,
460 3918 758 3998 copiosius
778 3917 1075 3993 al'ﬂuebat,
1104 3926 1161 3980 et
1195 3936 1341 3979 nova
1365 3918 1593 3979 ratione
1624 3917 1896 3980 exunda-

245 4008 372 4079 bat,
406 4017 471 4069 ut
509 4016 569 4069 et
601 4007 838 4069 barbari
884 4026 1067 4069 unum
1107 4007 1165 4068 id
1208 4007 1588 4081 mirarentur,
1625 4016 1682 4069 et
1713 4007 1902 4087 gratia

248 4103 491 4177 martyri
522 4096 800 4158 divinitus
832 4116 1117 4159 concessa
1146 4095 1660 4177 obstupescerent.
1698 4121 1726 4153 ι)

329 4187 432 4249 96.
462 4185 723 4249 Joannes
753 4189 1221 4258 Cantacuzenns,
1254 4188 1377 4267 qui,
1411 4186 1697 4248 abdicatis
1743 4204 1898 4247 anno

242 4275 403 4340 1355
435 4275 666 4355 imperii
698 4275 986 4347 lascibus,
1019 4294 1220 4337 rerum
1243 4295 1277 4337 a
1307 4295 1372 4337 se
1420 4275 1897 4356 aliisquegesta-

240 4383 379 4427 rum
414 4364 665 4426 historia
723 4364 1156 4426 conscribenda
1185 4374 1553 4428 senectutem
1588 4364 1894 4443 transegit,

238 4453 584 4517 concinnati
611 4474 645 4516 a
675 4472 739 4516 se
770 4455 946 4534 hujus
976 4453 1175 4533 operis
1213 4455 1315 4514 lib.
1351 4472 1393 4525 l,
1435 4474 1564 4533 cap.
1601 4455 1698 4525 53,
1729 4456 1900 4516 item-

240 4562 361 4624 que
382 4543 488 4605 lib.
517 4561 606 4625 ιιι,
624 4562 756 4624 cap.
783 4545 821 4606 9
841 4542 1189 4623 μυροϐλύτου,
1212 4544 1423 4606 Latine
1447 4543 1895 4623 myroblytwﬁd

243 4630 562 4705 est,oleum
588 4652 696 4695 seu
722 4638 1100 4711 unguentum
1119 4635 1510 4695 scaturientia
1534 4633 1899 4696 stillantisve

244 4720 421 4782 titulo
472 4732 743 4783 sanctum
794 4720 1190 4796 Demetrium,
1222 4722 1362 4783 dum
1395 4722 1467 4783 de
1513 4722 1899 4784 Thessaloni-

246 4808 417 4870 censi
449 4810 625 4889 hujus
647 4829 753 4872 seu
778 4810 999 4890 templo
1031 4829 1135 4872 seu
1170 4810 1503 4871 conditorio
1536 4811 1898 4872 mentionem

248 4898 412 4975 facit,
476 4900 854 4962 condecorat.
914 4899 1077 4963 ldem
1147 4900 1326 4961 etiam
1391 4900 1613 4961 faciunt
1688 4908 1904 4979 prater

246 4988 539 5051 Joannem
604 4987 1009 5051 Comeuiatam
1065 5006 1249 5069 supra
1309 4990 1435 5068 jam
1507 4997 1900 5051 memoratum

248 5077 573 5157 scriptores
628 5079 822 5143 Graci
877 5078 980 5141 alii
1039 5097 1157 5140 non
1219 5078 1416 5160 pauci,
1451 5085 1529 5140 ita
1582 5087 1804 5153 tamen,
1839 5086 1902 5140 ut

247 5165 436 5228 hosce
465 5170 622 5229 inter
652 5169 824 5231 etiam
856 5172 994 5245 sint,
1026 5168 1150 5249 qui,
1184 5170 1449 5250 quamvis
1480 5168 1720 5249 quidem
1745 5171 1901 5231 San-

244 5263 408 5318 ctum
459 5276 580 5318 nou
626 5257 958 5339 μυροϐλύτου
1003 5277 1110 5320 seu
1164 5258 1528 5338 myroblitw,
1564 5257 1901 5339 μυροϐλήτου

246 5344 666 5422 nihilominus,
693 5346 854 5427 quod
878 5347 1098 5409 eodem
1122 5348 1363 5422 recidit,
1389 5367 1496 5410 seu
1527 5346 1896 5428 myrobleta,

246 5432 313 5494 id
364 5442 474 5511 est,
508 5436 706 5498 oleum
761 5454 867 5498 seu
925 5445 1291 5515 unguentum
1342 5437 1670 5501 emittentis
1702 5436 1899 5508 titulo,

249 5524 737 5588 nomenclatione
768 5544 802 5587 a
828 5526 1074 5588 vocibus
1103 5528 1326 5589 Gracis
1349 5530 1535 5606 μυρὸν,
1568 5527 1762 5589 oleum
1794 5543 1901 5588 seu

246 5623 656 5693 unguentum,
695 5627 755 5675 et
782 5615 1017 5692 βάλλειν,
1051 5616 1294 5677 mittere
1326 5635 1429 5678 seu
1460 5617 1755 5696 emittere,
1789 5615 1898 5677 de-

251 5699 460 5785 ducta,
482 5703 765 5768 alliciant.
803 5705 1097 5769 Caterum
1118 5713 1180 5766 ut
1200 5705 1593 5786 scriptoribus
1610 5707 1734 5787 jam
1767 5705 1900 5769 lau-

1982 1947 2347 2026 myrothecio
2374 1947 2399 2010 ἱ)
2431 1972 2459 2003 ι

2059 2078 2159 2141 97.
2201 2102 2224 2134 a
2251 2078 2455 2160 Neque
2484 2078 2632 2141 illud
2666 2078 2979 2141 immotum
3014 2096 3211 2160 neque
3233 2078 3633 2160 imperturba-

1980 2172 2100 2227 tum
2127 2166 2343 2229 l‘uroris
2366 2168 2785 2249 exsuperantia
2807 2174 3264 2241 conservarunt,
3289 2169 3393 2246 qui
3423 2178 3633 2234 contra

1981 2275 2089 2317 nos
2140 2257 2319 2318 veluti
2386 2257 2591 2319 bestia
2643 2258 3061 2320 immansueta
3089 2259 3452 2336 saevierant;
3511 2279 3633 2322 non

1981 2347 2253 2408 eamdem
2282 2354 2481 2408 tamen
2512 2346 2587 2408 ob
2620 2364 2885 2420 causam,
2916 2346 2990 2409 ob
3022 2365 3200 2428 quam
3226 2347 3342 2409 alia
3368 2347 3633 2431 antiqui-

1982 2444 2076 2497 tus
2126 2454 2232 2517 per
2261 2456 2368 2498 nos
2417 2436 2692 2517 sepulcra
2741 2444 3036 2499 exstructa
3091 2445 3359 2500 reserata
3388 2447 3528 2500 sunt
3574 2447 3635 2501 et

1981 2524 2221 2605 dijecta,
2258 2534 2316 2587 et
2359 2525 2708 2588 cadaverum
2769 2525 3061 2606 reliquia,
3097 2526 3158 2587 in
3205 2527 3292 2588 eis
3339 2528 3630 2608 jacentes,

1983 2633 2164 2695 super
2189 2624 2405 2676 terram
2431 2615 2715 2696 dispersa
2742 2637 2755 2675 :
2789 2621 2848 2676 in
2882 2616 3002 2677 illis
3026 2617 3183 2678 enim
3207 2615 3421 2679 Turca
3445 2636 3632 2698 pecu-

1982 2704 2115 2765 uias
2163 2723 2198 2765 a
2228 2704 2456 2768 civibus
2502 2706 2815 2786 repositas,
2850 2724 3028 2768 causa
3076 2707 3195 2786 jam
3247 2714 3628 2787 pranarrata,

1982 2810 2287 2874 reperere,
2324 2802 2760 2875 proptereaque
2791 2795 2916 2856 fere
2970 2796 3168 2857 omnia
3198 2802 3257 2856 et
3284 2804 3633 2860 reserarunt

1982 2892 2039 2943 et
2069 2882 2529 2965 subverterunt;
2566 2893 2623 2945 at
2652 2885 2748 2945 hic
2778 2883 3003 2964 duplici
3032 2884 3108 2946 de
3137 2902 3317 2946 causa
3346 2893 3468 2947 tum
3495 2904 3633 2964 pro-

1981 2982 2116 3052 pter
2163 2991 2230 3033 ex
2264 2991 2384 3034 non
2437 2991 2620 3053 parvo
2650 2991 2794 3034 auro
2840 2982 2899 3034 et
2954 2981 3200 3051 argento
3227 2982 3286 3034 et
3334 2973 3629 3055 lapidibus

1981 3061 2262 3141 pretiosis
2292 3081 2405 3124 nec
2438 3082 2556 3124 non
2587 3071 2645 3126 et
2675 3062 2930 3141 gemmis
2985 3063 3140 3125 circa
3171 3062 3317 3124 illud
3377 3082 3629 3144 compo-

1978 3150 2159 3213 situm
2214 3158 2512 3224 ornatum,
2549 3162 2669 3213 tum
2708 3158 2949 3231 propter
2996 3152 3307 3214 sanitatem
3339 3152 3631 3215 exhibens

1982 3238 2243 3301 divinum
2278 3250 2676 3320 unguentum.
2710 3240 2999 3304 Nonnulli
3025 3242 3183 3303 enim
3218 3248 3464 3303 ornatus
3492 3250 3629 3303 tan-

1984 3337 2104 3389 tum
2132 3329 2481 3408 gratiaillud
2506 3330 2934 3411 despoliarunt;
2955 3329 3077 3405 alii,
3107 3329 3281 3392 nobis
3299 3338 3635 3407 unguentu-

1984 3434 2114 3481 rum
2139 3419 2503 3481 afﬂuentiam
2527 3418 2890 3493 invidentes,
2912 3428 2969 3481 et
2992 3436 3123 3496 qua
3140 3418 3283 3481 inde
3311 3418 3636 3497 subsequi-

1986 3515 2099 3585 tur,
2128 3510 2383 3571 sanitate
2402 3527 2508 3571 nos
2534 3515 2758 3589 private
2775 3510 3112 3589 cupientes,
3140 3518 3209 3569 ut
3237 3508 3298 3570 in
3321 3514 3629 3589 posterum

1880 3597 1900 3680 ξ
1985 3597 2085 3658 illa
2114 3599 2284 3660 nobis
2315 3599 2636 3679 medicina,
2661 3617 2796 3661 cum
2831 3617 2978 3678 opus
3010 3605 3190 3675 esset,
3225 3597 3387 3659 nulla
3405 3616 3633 3680 suppe-

1979 3687 2535 3769 teret.Quapropter
2566 3687 2945 3767 superstratis
2977 3686 3376 3748 marmoribus
3407 3686 3629 3767 disjec-

1980 3775 2074 3849 tis,
2095 3786 2399 3855 unguenta
2429 3796 2549 3839 non
2583 3777 2699 3838 levi
2730 3777 2863 3837 nisu
2894 3776 3270 3855 exhauriunt,
3299 3784 3358 3838 et
3388 3793 3626 3837 sacrum

1980 3864 2365 3945 divinumque
2404 3868 2674 3947 martyris
2697 3882 2915 3945 corpus
2936 3882 3285 3945 expromere
3304 3871 3620 3926 conantur.

1985 3953 2399 4032 Opinabantur
2419 3955 2712 4031 siquidem
2747 3953 3115 4034 propositum
3148 3953 3623 4033 cousequi,nos-

1984 4061 2101 4119 que
2125 4052 2563 4119 unguentorum
2592 4044 3075 4104 inexhaustorum
3100 4041 3159 4102 in
3184 4041 3501 4105 orbitatem
3536 4061 3630 4105 re-

1982 4131 2853 4212 digere.Verumtamen,quem
2871 4132 2986 4192 sibi
3000 4140 3227 4194 temere
3241 4141 3635 4212 proposuerat

1984 4239 2190 4282 eorum
2224 4221 2433 4302 libido,
2460 4222 2635 4283 linem
2664 4240 2779 4282 non
2812 4218 3039 4282 habuit.
3073 4222 3189 4283 Per
3216 4220 3631 4300 pluresitaque

1982 4311 2113 4373 dies
2142 4311 2429 4373 ambabus
2451 4312 2726 4372 manibus
2748 4319 3114 4390 unguentum
3141 4309 3625 4385 exhauriebatur,

1985 4410 2044 4463 et
2073 4400 2426 4481 quibusdam
2462 4400 2636 4482 plane
2683 4399 3000 4462 ridiculum
3031 4398 3381 4473 videbatur;
3414 4407 3493 4473 at,
3526 4399 3631 4479 qui

1985 4490 2115 4572 plus
2168 4490 2301 4552 aliis
2331 4490 2659 4570 sapiebant,
2694 4507 2853 4550 cura
2905 4496 3031 4550 erat
3080 4488 3227 4549 illud
3273 4489 3332 4548 in
3380 4487 3629 4569 patriam

1918 4578 2335 4666 Dperducere,
2370 4589 2427 4642 et
2457 4599 2594 4642 cum
2651 4577 2990 4641 reverentia
3028 4577 3436 4659 religioneque
3483 4595 3631 4666 con-

1985 4677 2258 4730 trectare.
2295 4668 2441 4731 Nam
2474 4669 2546 4732 ab
2577 4671 2846 4750 expertis
2893 4667 3263 4741 audiverant,
3297 4668 3367 4729 ad
3399 4665 3632 4749 quosli-

1988 4758 2087 4819 bet
2120 4758 2361 4821 morbos
2409 4758 2865 4821 medicinalibus
2895 4757 3042 4835 ipsis
3081 4757 3414 4838 pharmacis
3447 4756 3631 4817 multo

1984 4847 2287 4910 efﬁcacius
2313 4866 2469 4912 esse.
2502 4847 2900 4910 Nihilominus
2933 4854 3374 4925 unguentorum
3408 4845 3631 4906 fontem

1986 4956 2105 4998 non
2158 4945 2403 5017 potuere
2453 4956 2647 5019 neque
2704 4937 3025 5017 exsiccare,
3057 4954 3253 5016 neque
3302 4937 3631 5010 exinanire,

1989 5026 2256 5106 quamvis
2288 5027 2346 5089 id
2378 5027 2806 5090 contentiosius
2856 5025 3232 5102 multumque
3263 5044 3370 5107 per
3398 5034 3635 5106 tempus

1987 5117 2342 5199 niterentur,
2366 5126 2422 5179 et
2453 5117 2742 5180 merito...
2776 5134 2971 5197 neque
2987 5115 3147 5178 enim
3179 5116 3441 5178 humana
3469 5132 3632 5177 exa-

1985 5214 2191 5286 quant,
2228 5225 2360 5287 qua
2388 5206 2547 5269 Deus
2576 5206 2771 5286 dignis
2818 5205 3121 5287 elargitur,
3155 5204 3332 5269 sicuti
3364 5222 3474 5267 nec
3520 5202 3634 5266 iis-

1985 5296 2117 5357 dem
2154 5296 2425 5359 terminis
2453 5294 2785 5377 subjacent.

2069 5432 2171 5496 98.
2207 5437 2401 5514 Atque
2431 5433 2558 5498 hac
2588 5441 2729 5495 sunt
2756 5433 3078 5513 praecipua,
3108 5430 3333 5510 quain
3364 5428 3633 5493 medium

1988 5522 2088 5584 hic
2118 5522 2468 5585 adducendo
2500 5523 2664 5598 duxi,
2698 5522 3055 5604 scriptorum
3086 5521 3161 5583 de
3192 5527 3494 5600 unguento
3524 5537 3634 5581 seu

1988 5613 2142 5687 oleo,
2171 5613 2326 5693 quod
2361 5631 2393 5674 e
2414 5612 2613 5676 Sancti
2639 5630 2747 5674 seu
2768 5629 3022 5692 corpore
3050 5628 3156 5673 seu
3191 5608 3419 5672 tumulo
3441 5608 3634 5670 stilla-

1984 5704 2088 5781 vit,
2123 5704 2484 5782 testimonia;
2516 5720 2692 5768 nemo
2722 5710 2943 5780 autem,
2966 5706 3251 5783 quantum
3274 5698 3629 5781 opinor,est,
