4100 6438
455 405 612 470 M39

1820 405 2465 469 SUPI'LEMENTUM.

3679 408 3840 474 1140

457 539 590 623 qui,
613 537 785 600 hisce
809 535 1109 616 expensis,
1145 535 1222 596 de
1253 536 1339 596 rei
1373 536 1619 598 veritate
1653 545 1952 616 utcunque
1983 557 2113 600 am-
2135 548 2173 598 Α
2199 540 2454 620 positum
2516 545 3007 620 exsequerentur,
3071 542 3506 617 unguentorum
3579 538 3747 602 illinc
3803 554 3838 598 e

449 630 632 710 bigat.
662 629 908 698 Verum,
935 634 998 686 ut
1027 625 1098 685 ad
1127 643 1218 697 ea,
1247 643 1379 705 quae
1411 625 1591 686 dubia
1613 626 2108 708 discutiendaque

449 728 741 801 praeterea
762 717 858 777 hic
878 716 1160 794 sunt,jam
1186 715 1440 788 veniam,
1467 715 1843 795 quandonam
1880 718 2109 797 insigne

447 809 599 872 illud
626 826 694 868 ac
714 810 1061 867 continuum
1099 804 1214 865 olei
1246 823 1348 866 seu
1385 806 1748 882 unguenti,e
1781 805 1976 868 Sancti
2002 826 2106 868 seu

2191 638 2446 710 martyre
2493 629 2753 691 stillante
2811 628 2983 708 cepia
3031 628 3449 706 obruerentur,
3482 630 3840 692 abscindere

2189 727 2540 798 satagentes.
2582 743 2605 775 ι

2273 799 2585 873 100.Quod
2611 799 2660 860 si
2683 818 2823 879 ergo
2843 798 3076 863 Joanne
3106 799 3416 863 Staurocio
3437 799 3711 862 standum
3733 803 3837 883 sit,

449 912 707 977 corpore
736 913 840 955 seu
877 893 1106 953 tumulo
1154 893 1559 964 scaturientia,
1599 895 1932 974 prodigium
1982 897 2109 956 fieri
2185 889 2308 969 jam
2331 888 2470 950 inde
2496 906 2528 950 a
2551 889 2868 952 Justiniani
2898 889 2922 951 ι
2954 890 3358 970 imperatoris,
3385 891 3485 971 qui
3516 891 3590 952 ab
3615 892 3838 972 aliqui-

448 986 706 1068 primum
740 983 1012 1062 incepit?
1040 985 1184 1045 Cum
1213 984 1471 1044 Joannes
1499 983 1864 1058 Cameniata,
1899 993 1960 1045 ut
1983 985 2105 1064 jam

448 1073 649 1153 docui,
681 1071 898 1134 seculo
919 1070 1152 1132 decimo
1176 1072 1464 1145 ﬂoruerit,
1491 1073 2107 1153 SanctumqueMyro-

447 1163 621 1244 blytre
643 1161 813 1222 titulo
837 1160 1230 1240 afficiat,quin
1247 1161 1370 1240 jam
1404 1160 1546 1222 inde
1567 1160 1638 1221 ab
1655 1160 1864 1222 eodem
1892 1163 2108 1223 saeculo

447 1251 685 1314 decimo
717 1259 1086 1328 unguentum
1152 1268 1256 1310 seu
1289 1251 1487 1311 oleum
1524 1269 1557 1311 e
1607 1251 1796 1311 sancti
1825 1251 2107 1316 Demetrii

447 1340 678 1402 tumulo
729 1339 995 1414 stillarit,
1032 1338 1423 1399 dubitandum
1463 1357 1580 1399 non
1626 1349 1715 1400 est
1753 1361 1768 1415 ;
1801 1341 1922 1400 imo
1970 1359 2108 1401 vero

447 1447 587 1490 cum
613 1429 820 1490 titulus
847 1427 949 1488 ille
980 1445 1095 1487 non
1127 1435 1265 1488 tunc
1300 1427 1582 1506 primum,
1605 1445 1738 1488 cum
1771 1440 1981 1488 auctor
2007 1429 2109 1490 ille

445 1519 710 1593 ﬂoreret,
734 1519 948 1579 Sancto
979 1516 1236 1577 tributus
1261 1516 1446 1578 fuisse
1469 1515 1965 1586 videatur,oleum
2002 1536 2104 1578 seu

2194 979 2303 1038 bus
2335 978 2525 1057 Magni
2551 978 2717 1039 titulo
2748 979 3210 1058 condecoratur,
3232 987 3406 1040 aetate
3435 997 3504 1040 ac
3527 980 3696 1059 proin
3712 980 3839 1059 jam

2191 1067 2334 1128 inde
2364 1086 2398 1128 a
2431 1067 2651 1129 saeculo
2697 1075 2885 1148 sexto,
2917 1069 3088 1147 cujus
3138 1087 3294 1129 anno
3326 1068 3406 1130 65
3436 1069 3486 1128 is
3519 1068 3684 1147 obiit,
3721 1089 3841 1130 un-

2193 1167 2476 1234 guentum
2504 1175 2607 1219 seu
2641 1157 2834 1219 oleum
2861 1177 2892 1219 e
2924 1157 3151 1220 tumulo
3175 1176 3279 1218 seu
3311 1159 3502 1232 potius
3530 1161 3837 1239 spectatis,

2193 1265 2326 1328 quas
2344 1248 2466 1327 jam
2500 1255 2746 1312 recitata
2777 1257 2936 1321 sunt,
2959 1247 3179 1328 verbis,
3201 1249 3401 1310 Sancti
3425 1267 3678 1328 corpore
3701 1267 3839 1310 sca-

2192 1337 2377 1410 turiit,
2405 1346 2464 1398 et
2487 1336 2753 1414 quidem,
2785 1346 2848 1397 ut
2871 1336 3349 1398 luculentissime
3371 1338 3539 1399 hisce
3563 1338 3834 1415 traditur,

2191 1426 2848 1506 ingenticOpia.Verum
2873 1435 3273 1508 sunt,qute,an
3293 1429 3412 1506 jam
3435 1436 3556 1488 tum
3582 1427 3839 1490 eDeme-

2192 1516 2288 1576 trii
2311 1533 2563 1596 corpore
2585 1525 2952 1594 unguentum
2982 1534 3088 1578 seu
3115 1535 3290 1596 parva
3305 1535 3409 1577 seu
3436 1535 3646 1594 magna
3667 1519 3839 1597 copia

447 1615 817 1686 unguentum
873 1625 942 1667 ex
973 1606 1104 1686 ejus
1135 1623 1239 1666 seu
1287 1623 1540 1685 corpore
1577 1624 1681 1666 seu
1715 1607 1940 1668 tumulo
1982 1609 2104 1686 jam
2190 1605 2449 1684 stillarit,
2481 1604 2729 1665 dubium
2759 1605 3106 1678 admodum,
3135 1624 3209 1666 ne
3240 1606 3379 1684 quid
3407 1605 3577 1685 pejus
3613 1607 3833 1686 dicam,

445 1695 588 1757 inde
606 1713 637 1757 a
655 1695 872 1757 saeculo
896 1713 1054 1755 nono
1079 1703 1179 1754 aut
1200 1694 1375 1754 etiam
1400 1705 1605 1756 octavo
1625 1694 1961 1774 prodigiose
1987 1695 2108 1756 stil-
2191 1695 2572 1756 efﬂciunt.Ac
2589 1695 2779 1774 primo
2797 1694 3042 1771 quidem
3069 1696 3840 1761 Joannes,Thessalonicen-

445 1785 624 1861 lasse,
652 1784 810 1845 haud
845 1783 1166 1844 difficulter
1191 1783 1576 1847 crediderim.
1615 1787 1826 1845 Verum
1855 1802 1994 1844 num
2020 1785 2108 1844 ci-
2190 1783 2272 1844 sis
2303 1783 2812 1862 archiepiscopus,
2851 1785 2950 1845 lib.
2987 1803 3000 1844 l
3038 1785 3504 1861 Miraculorum,
3531 1805 3661 1866 cap.
3685 1791 3742 1858 5,
3774 1788 3835 1847 in

446 1877 564 1936 tius
613 1874 790 1934 etiam
850 1873 1120 1933 miraculi
1174 1872 1352 1951 hujus
1381 1872 1618 1934 initium
1665 1875 1836 1934 statui
1870 1881 2052 1953 possit
2083 1873 2166 1957 ’ΞΒ
2192 1873 2454 1933 medium
2481 1872 3074 1951 adducitepistolam,
3100 1873 3170 1933 ad
3205 1874 3540 1936 Mauritium
3577 1879 3837 1955 impera-

443 1963 674 2026 Poterit
698 1981 864 2036 sane,
891 1971 1069 2042 atque
1096 1962 1276 2024 etiam
1306 1961 1574 2042 debebit,
1602 1964 1652 2024 si
1685 1963 1860 2024 modo
1891 1963 2106 2024 Joanni
2191 1970 2403 2035 torem,
2437 1979 2570 2022 cum
2599 1961 2695 2022 hic
2717 1981 2955 2042 quoque
2979 1962 3362 2040 reliquiarum
3405 1972 3589 2026 sancti
3616 1965 3838 2027 Deme-

443 2051 754 2124 Stauracio
781 2052 839 2112 in
869 2070 999 2126 sua,
1029 2069 1162 2132 quae
1181 2051 1376 2131 qualis
1397 2053 1496 2130 sit,
1524 2070 1704 2132 supra
1734 2060 2000 2134 exposui,
2029 2053 2105 2114 de
2190 2051 2284 2113 trii
2305 2059 2531 2131 partem
2556 2049 3840 2130 postulasset,abEusebio,Thessalonicensi

443 2142 688 2223 patratis
712 2149 968 2201 asancto
1008 2139 1310 2202 Demetrio
1345 2141 1653 2203 miraculis
1688 2141 2104 2204 lucubratione
2189 2139 2298 2201 sub
2324 2139 2523 2200 saeculi
2546 2141 2694 2200 sexti
2720 2140 2895 2200 finem
2925 2141 3844 2225 archiepiscopo,scriptam,qua

443 2231 521 2292 sit
550 2230 944 2293 credendum.
978 2228 1219 2291 Etenim
1259 2231 1504 2293 Grzecns
1537 2233 1586 2291 is
1618 2232 1900 2310 scriptor,
1935 2234 2105 2308 cujus
2188 2231 2284 2291 hic
2313 2230 2413 2310 qui
2445 2227 2584 2290 olim
2617 2247 2723 2309 per
2750 2229 3150 2291 Justinianum
3185 2229 3658 2312 [imperatorem
3694 2234 3844 2296 reli-

442 2319 703 2400 proinde
735 2319 914 2381 verba
945 2338 1062 2380 una
1085 2338 1219 2380 cum
1245 2320 1549 2398 adjuncta,
1583 2338 1758 2400 quam
1791 2320 2098 2392 adornavi,
2187 2319 2461 2400 quiarum
2488 2321 2676 2382 sancti
2702 2320 2986 2382 Demetrii
3016 2339 3152 2401 pars
3173 2322 3466 2400 postulata
3494 2323 3700 2386 fuisset
3733 2343 3844 2386 nec

441 2409 718 2472 versione
769 2408 952 2470 latina
986 2408 1102 2470 huc
1133 2409 1449 2484 transfero,
1486 2410 1544 2470 in
1576 2410 1783 2470 codice
1825 2419 2028 2472 nostro
2055 2411 2102 2490 -ί-
2187 2424 2398 2481 tamen,
2422 2413 2697 2470 miracqu
2723 2428 2855 2469 mox
2889 2416 3261 2471 memorando
3293 2415 3842 2486 obstante.obtenta,

442 2517 560 2560 ms.
621 2499 760 2568 193.
796 2516 928 2578 pag.
966 2498 1064 2570 73,
1103 2499 1182 2559 ita
1217 2498 1466 2560 scribit:
1532 2499 1926 2556 Μετοκιλεῖται
1957 2502 2100 2573 ἡμᾶς
2182 2498 2494 2576 signiﬁcat,
2528 2499 2883 2579 rationeque
2939 2499 3078 2560 inde
3138 2501 3320 2580 petita
3370 2520 3504 2563 sese
3533 2503 3606 2562 ab
3651 2503 3840 2565 adim-

441 2589 510 2645 τὰ
567 2592 683 2667 περὶ
743 2586 1116 2646 Ἰουστινιανὸν
1182 2589 1269 2643 τόν
1324 2588 1492 2664 μέγαν
1551 2589 1931 2666 αὐτοκράτορι.
1995 2589 2097 2646 Οὗ-

2189 2588 2402 2667 plendo
2429 2587 2686 2650 Mauritii
2710 2588 2998 2668 postulato
3014 2593 3674 2663 excusat.Verum,lieet
3692 2602 3837 2658 tunc

440 2698 535 2742 τος
587 2677 886 2760 ἀφύλακτον
943 2677 1119 2738 ἄλλως
1175 2677 1326 2756 ἔχειν
1377 2679 1436 2733 τὸ
1489 2682 1586 2744 τῆς
1631 2677 1905 2753 βασιλείας
1970 2683 2099 2745 σκῆ-

2189 2675 2428 2734 humum
2462 2674 2602 2749 loci,
2635 2695 2752 2756 quo
2781 2675 2982 2738 Sancti
3004 2679 3436 2758 t-orpusjacere
3460 2682 3833 2744 reconditum

443 2789 606 2846 πτρον
659 2766 1020 2844 ὺπέλογίζετο.
1082 2768 1125 2822 εἰ
1157 2769 1234 2840 μή
1284 2769 1385 2822 πού
1442 2789 1490 2822 τι
1537 2772 1642 2822 τῶν
1703 2775 2099 2845 Δημητριακῶν

2189 2763 2564 2845 credeqatur,
2595 2783 2630 2825 a
2661 2765 2800 2825 viris
2832 2767 3156 2841 nonnullis,
3207 2787 3324 2848 quo
3355 2787 3588 2831 sacrum
3623 2772 3838 2851 pignus

442 2853 713 2932 λειψάνων
773 2863 1172 2934 σοστρατηγοῦν
1244 2858 1410 2931 αὐτῷ⁹
1477 2855 1682 2931 μᾶλλον
1755 2855 1810 2912 δὲ
1884 2879 2096 2936 προμα-

2189 2853 2544 2934 invenirent,
2567 2854 2755 2916 fuisse
2787 2855 3087 2930 eﬂossam,
3113 2857 3401 2920 Eusebius
3427 2860 3486 2919 in
3520 2860 3675 2921 dicta
3700 2863 3836 2942 epi-

442 2945 574 3025 χὸῦν
602 2945 929 3024 ἑπιφέροιτο.

2189 2943 2335 3004 stola
2367 2954 2819 3019 commemoret,
2854 2963 2929 3007 ne
2971 2946 3061 3006 vel
3094 2947 3274 3008 verbo
3309 2955 3505 3010 tamen
3542 2950 3836 3029 unguenti

521 3032 620 3094 99.
704 3034 997 3111 Γράμματα
1070 3034 1242 3090 τοίνυν
1301 3035 1459 3091 αὐτοῦ
1537 3036 1626 3092 καὶ
1686 3035 1993 3113 προθέματα
2063 3038 2097 3102 ἡ

2189 3051 2287 3093 seu
2321 3032 2460 3108 olei,
2495 3033 2652 3115 quod
2685 3053 2716 3093 e
2750 3034 2880 3097 loco
2931 3036 3073 3110 isto,
3109 3034 3385 3098 Sanctive
3416 3055 3667 3119 corpore
3699 3048 3840 3102 tunc

445 3123 881 3180 Θεσσαλονικέων
962 3138 1118 3204 εῖχεν
1173 3125 1248 3187 εἷς
1306 3123 1564 3195 ἐπήκοον,
1627 3125 1785 3203 μέρος
1847 3147 1948 3181 που
2002 3125 2097 3192 τῆς

2189 3121 2814 3198 stillarit,mentionem
2837 3124 2994 3186 fecit.
3030 3127 3244 3188 Parum
3269 3135 3468 3188 autem
3498 3129 3842 3192 verosimilo

441 3213 771 3291 μαρτυρικῆς
862 3211 1092 3291 διαρτίας
1194 3219 1287 3270 τοῦ
1387 3213 1636 3288 σώματος
1730 3211 2096 3289 ἐξαιτούμενοι,

2189 3219 2452 3292 apparet,
2489 3213 2741 3292 prodigii
2789 3213 3155 3294 hujusmodi,
3190 3234 3306 3296 quo
3364 3216 3515 3278 adeo
3572 3225 3638 3278 ut
3679 3218 3844 3280 nulla

442 3306 888 3380 Γνωσιμαχοῦσιν
970 3304 1004 3368 ἡ
1056 3301 1213 3363 πόλις
1292 3307 1461 3374 πᾶσα,
1529 3303 1616 3357 καὶ
1675 3309 1752 3376 τῷ
1829 3303 2099 3380 πράγματι

2189 3276 2323 3380 sane
2347 3318 2412 3364 re
2439 3276 2648 3376 magis,
2665 3276 2940 3364 Demetrii
2976 3276 3310 3380 sepulcrum
3332 3324 3436 3368 seu
3458 3311 3846 3370 conditorium

441 3377 867 3468 δυσχεραίνουσι,
921 3391 1256 3464 κάμπτονται
1294 3384 1354 3444 δὲ
1415 3389 1562 3465 ὅμως
1619 3397 1687 3466 τῇ
1745 3377 1962 3461 αἰτήσει.
2011 3398 2100 3447 τοῦ

2189 3377 2392 3447 ruisset
2418 3385 2676 3465 illustre,
2712 3377 3077 3450 mentionem
3123 3389 3347 3470 ipsum,
3379 3391 3427 3452 si
3459 3391 3654 3454 locum
3686 3393 3846 3456 istud

443 3477 832 3555 αὐτοκράτορος
916 3479 992 3540 ὡς
1076 3479 1137 3535 εκ
1222 3479 1448 3541 πίστεως
1529 3478 1808 3553 ἔληλυθυίᾳ
1888 3479 2100 3557 ειλιχρ..

2189 3475 2306 3554 iam
2332 3484 2456 3536 tum
2483 3475 2811 3550 habuisset,
2837 3477 3131 3540 facturum
3167 3498 3288 3540 non
3321 3480 3508 3542 fuisse
3528 3482 3588 3543 in
3615 3481 3851 3544 laudata

443 3567 586 3629 νοῦς’
645 3568 734 3622 καὶ
764 3566 830 3635 δή
880 3571 1126 3640 παρῆσαν
1178 3567 1276 3642 μὲν
1342 3569 1388 3623 οἱ
1437 3568 1537 3634 τὴν
1595 3570 1785 3646 ὀρυκὴν
1839 3569 1898 3626 ἐκ
1956 3569 2100 3626 πλα-

2189 3564 2459 3645 epistola,
2495 3565 2555 3626 in
2587 3584 2700 3646 qua
2732 3585 2851 3627 non
2877 3586 3064 3647 pauca
3087 3568 3164 3630 de
3185 3569 3518 3632 conditorio
3543 3570 3676 3647 isto,
3712 3591 3846 3647 seu,

441 3657 556 3732 γῖον
626 3660 726 3721 τῆς
801 3663 1135 3735 μαρτυρικής
1217 3664 1376 3732 σοροῦ
1442 3659 1843 3734 σκευαζόμενοι’
1926 3657 2100 3722 ἄλλως

2189 3663 2251 3715 ut
2300 3654 2586 3734 loquitur,
2619 3655 2694 3716 de
2755 3656 2912 3738 loco,
2945 3676 3068 3733 quo
3101 3675 3337 3719 sacrum
3391 3657 3594 3721 Sancti
3626 3679 3847 3740 corpus

438 3745 539 3823 γὰρ
595 3751 710 3808 πῶς
744 3745 810 3822 τῇ
853 3749 1080 3824 τοσαύτῃ
1139 3751 1245 3801 τῶν
1277 3744 1454 3825 μόρων
1510 3747 1810 3825 πλημμύρᾳ
1881 3751 1906 3805 ὁ
1961 3771 2100 3826 μαρ-

2189 3744 2386 3823 jacere
2410 3743 2785 3806 reconditum
2813 3745 3262 3821 credebatur,in
3288 3747 3550 3810 medium
3574 3749 3842 3813 adducit.

439 3856 658 3897 τυπικος
714 3837 976 3910 θησαυρὸς
1059 3836 1440 3914 ἀνηρεύνητο;
1513 3845 1615 3896 Τοῦ
1677 3839 1988 3916 πράγματος
2049 3838 2100 3894 δὲ

2268 3835 2406 3896 101.
2433 3833 2674 3896 Adhazc.
2709 3834 2868 3896 viros
2897 3836 3000 3917 qui
3026 3838 3215 3898 sancti
3239 3856 3455 3918 corpus
3476 3848 3838 3922 quaerentes,

439 3921 592 3986 ὅλαις
655 3924 880 4004 εἴχοντο
939 3938 1061 3988 ταῖς
1143 3927 1322 4005 χερσὶ,
1377 3924 1632 3983 δάκτυλον
1682 3951 1782 3984 που
1833 3929 2000 4007 τυχὸν

2189 3923 2436 3984 humum
2493 3923 2758 3986 effodere
2789 3935 3114 4006 coeperant.
3152 3927 3287 4005 igne
3317 3944 3354 3990 e
3396 3937 3555 3988 terra
3585 3930 3642 3989 in
3676 3921 3844 4009 ipsos

439 4013 726 4092 βραχίονα,
762 4015 798 4082 ἢ
844 4011 975 4071 ἄλλο
1029 4036 1080 4071 τι
1137 4015 1298 4093 μέρος
1354 4016 1451 4084 τῆς
1513 4039 1838 4095 μαρτυρικης
1898 4017 2100 4091 ὁλομε-

2189 4012 2520 4092 prodigiose
2553 4023 2930 4094 erumpente,
2954 4014 3028 4076 ab
3059 4034 3242 4095 opere
3273 4015 3512 4097 incepto
3545 4018 3840 4082 desistere

438 4099 582 4168 λείας
654 4105 771 4177 μεθ’
837 4103 964 4160 ὅσου
1021 4111 1113 4161 τοῦ
1184 4105 1383 4184 τάχους
1455 4105 1732 4181 ἀρπαὶέως
1803 4106 2098 4186 τεμαχιζό-

2189 4102 2366 4162 fuisse
2384 4101 2746 4182 compulsos,
2763 4103 2918 4164 idem
2943 4103 3236 4166 Eusebius
3256 4105 3313 4165 in
3338 4105 3572 4168 laudata
3588 4108 3842 4188 epistola

438 4212 617 4266 μενοι,
677 4193 751 4256 ὡς
825 4195 903 4266 μὴ
959 4194 1150 4272 φθάσοι
1213 4195 1426 4256 τούτους
1503 4194 1828 4254 κατακλὺσαι
1887 4197 1920 4262 ἡ
1993 4196 2098 4251 τῶν

2189 4190 2386 4268 refert,
2420 4191 2705 4271 additque
2735 4192 2902 4253 humi
2946 4203 3200 4273 partem,
3225 4213 3356 4274 qua:
3389 4213 3460 4257 ex
3484 4200 3617 4271 igne
3633 4215 3843 4258 erum-

439 4281 617 4358 μύρων
677 4281 884 4339 ἐκεῖθεν
959 4290 1048 4340 τοῦ
1119 4283 1376 4360 μάρτυρος
1441 4282 1778 4350 ἔκπηδάουσπ
1838 4282 2085 4346 ἄϐυσσος.

2189 4288 2361 4360 pente
2374 4280 2756 4359 fragrantiam
2777 4281 3140 4344 ineffabilem
3164 4283 3519 4346 mirabiliter
3533 4296 3842 4348 contraxe-

444 4392 472 4424 α
496 4371 868 4432 Justinianus
910 4372 1158 4448 Magnus
1187 4371 1517 4451 imperator
1547 4371 1723 4432 modo
1757 4389 1864 4430 nos
1895 4380 2085 4432 vocat.
2172 4377 2282 4440 rat,
2307 4369 2379 4429 ad
2412 4369 2845 4447 Justinianum,
2879 4371 2979 4450 qui
3006 4380 3063 4433 et
3097 4372 3279 4448 illam,
3313 4393 3431 4435 non
3456 4393 3634 4439 secus
3656 4385 3841 4452 atque

435 4454 548 4520 Hic
579 4477 712 4520 sese
744 4458 986 4540 imperii
1011 4472 1318 4538 sceptrum
1355 4460 1509 4520 haud
1539 4469 1728 4521 tutmn
1749 4458 2088 4520 habiturum
2173 4458 2366 4537 ipsum
2391 4458 2588 4521 Sancti
2613 4477 2852 4540 corpus,
2879 4480 3012 4522 cum
3046 4462 3250 4523 laetitia
3269 4464 3841 4544 acceperit,postu-i

436 4547 834 4623 existimabat,
873 4547 988 4610 nisi
1018 4548 1161 4628 quid
1193 4549 1582 4639 reliquiarum
1615 4547 2084 4639 Demetrii,quod
2121 4636 2148 4639 μ
2177 4557 2428 4618 latarum
2461 4557 2855 4637 reliquiarum
2886 4561 3011 4621 loco
3037 4561 3280 4623 missam
3311 4561 3521 4638 fuisse,
3547 4571 3821 4639 unguent

434 4653 643 4698 secum
676 4636 772 4698 hic
836 4637 1167 4698 exercitum
1202 4636 1471 4732 duceret,
1505 4655 1610 4697 seu
1666 4637 1861 4718 potius
1895 4657 2000 4718 pro
2030 4659 2094 4701 se
2119 4636 2374 4706 Dautem
2415 4664 2522 4707 seu
2553 4636 2694 4724 olei,
2728 4668 2760 4709 e
2793 4648 2996 4712 Sancti
3029 4669 3136 4712 seu
3170 4670 3422 4732 corpore
3470 4636 3576 4714 seu
3609 4636 3838 4714 tumulo

436 4734 750 4822 pagnaret,
787 4735 1282 4822 consequeretur.
1337 4724 1596 4788 Litteras
1658 4745 1818 4822 ergo,
1856 4737 1915 4788 et
1965 4748 2096 4822 (ινφ
2181 4736 2521 4816 prodigiose
2543 4737 2850 4819 stillantis,
2884 4739 3044 4816 quod
3079 4741 3148 4801 ad
3182 4724 3586 4802 Justinianum
3621 4743 3842 4822 pariter

435 4813 644 4875 audire
666 4815 1802 4906 posset,manda_ta,partemquampiam
1827 4819 2095 4898 corporis
2181 4813 2431 4886 missum
2486 4833 2626 4887 tunc
2675 4813 2875 4904 fuerit,
2905 4813 3032 4889 non
3086 4831 3380 4890 meminit.
3416 4830 3486 4892 Et
3528 4813 3756 4906 tamen,
3787 4831 3838 4893 ei

439 4902 716 4983 martyris
746 4902 1067 4983 exigentia,
1099 4902 1656 4965 Thessalonicensis
1687 4904 1891 4967 civitas
1919 4906 1992 4968 ab
2023 4927 2094 4970 eo

435 4992 676 5070 accipit.
708 4989 864 5054 Urbs
887 5001 1006 5054 tota
1031 5003 1350 5073 repugnat,
1379 5010 1628 5071 remque
1654 5013 1811 5072 agre
1835 4995 2090 5070 fert;im~

437 5081 950 5161 peratoristamen
975 5082 1474 5162 petitione,veluti
1500 5100 1531 5142 e
1555 5082 1785 5145 sincera
1813 5083 1928 5145 fide
1954 5105 2095 5165 pro-

435 5169 712 5244 cedente,
739 5171 1026 5244 flectitur,
1059 5171 1414 5251 adsuntque,
1451 5170 1552 5248 qui
1583 5189 1615 5231 a
1645 5172 1884 5235 sinistro
1918 5175 2097 5237 loculi

435 5261 712 5339 martyris
745 5260 933 5321 latere
981 5261 1190 5322 fodere
1222 5261 1692 5340 aggrediuntur;
1727 5261 1874 5324 alias
1933 5265 2092 5326 enim

434 5349 562 5429 qui,
600 5357 762 5411 tanta
817 5359 1254 5428 unguentorum
1291 5350 1620 5412 exsistente
1673 5352 1998 5428 afﬂuentia,
2035 5354 2093 5414 in

435 5437 708 5517 martyris
739 5437 1085 5500 thesaurum
1111 5449 1290 5518 queat
1315 5439 1581 5520 inquiri?
1609 5439 1718 5502 Rei
1737 5451 1933 5504 autem
1961 5446 2095 5504 totis

436 5528 716 5589 manibus
741 5526 1350 5604 instabant,alicunde
1370 5530 1616 5609 digitum
1651 5531 1805 5594 forte
1828 5534 1916 5594 vel
1947 5533 2092 5594 bra-

433 5616 661 5693 chium,
680 5617 777 5679 vel
801 5617 977 5680 aliam
1005 5626 1344 5700 quampiam
1377 5621 1645 5699 corporis
1669 5625 1940 5701 martyris
1965 5641 2092 5703 par-

433 5714 552 5769 tem
582 5713 801 5791 quanta
825 5717 1121 5792 poterant,
1147 5708 1484 5786 celerita’ie,
1513 5727 1587 5772 ne
1613 5718 1930 5792 antequam
1960 5731 2090 5793 pro-

2181 4915 2539 4995 prodigiosae
2581 4917 2677 4978 isti
2709 4919 3053 4996 scaturigini
3079 4919 3202 4998 jam
3237 4928 3358 4980 tum
3394 4919 3564 4981 locus
3601 4920 3832 4995 fuisset,

2177 5004 2439 5066 futurum
2473 5006 2658 5068 fuisse
2705 5005 2962 5081 videtur,
3003 5015 3067 5068 ut
3108 5026 3276 5089 teque
3304 5019 3403 5070 aut
3427 5009 3605 5070 etiam
3639 5011 3837 5090 potius

2180 5108 2562 5169 unguentum,
2588 5101 2805 5156 morbis
2830 5101 3105 5157 sanandis
3129 5101 3576 5175 salutare,quam
3599 5104 3832 5172 humus,

2181 5182 2334 5244 bono
2359 5183 2641 5245 duntaxat
2662 5184 2849 5246 odore
2872 5203 2942 5246 ex
2967 5185 3250 5247 miraculo
3277 5187 3510 5268 affecta,
3543 5188 3616 5248 ad
3647 5187 3832 5250 Justi-

2181 5275 2418 5334 nianum
2445 5274 2875 5353 postulararum
2902 5274 3290 5356 reliquiarum
3317 5277 3446 5340 loco
3468 5277 3830 5340 mitteretur.

2179 5362 2449 5436 Accedit,
2479 5363 2674 5424 locum
2711 5373 2897 5437 certe,
2926 5382 3042 5444 quo
3067 5382 3298 5427 sacrum
3328 5365 3516 5428 sancti
3553 5365 3839 5429 Demetrii

2179 5469 2396 5531 corpus
2427 5453 2487 5512 in
2511 5453 2707 5514 dicata
2741 5454 2796 5514 ei
2828 5453 3273 5517 Thessalonicae
3301 5456 3552 5518 ecclesia
3569 5456 3828 5536 jacebat,

2179 5559 2298 5602 non
2340 5541 2607 5617 potuisse
2637 5561 2753 5603 non
2789 5561 2921 5604 esse
2966 5544 3366 5618 notissimum,
3404 5547 3455 5607 si
3481 5564 3550 5607 ex
3584 5566 3680 5627 eo,
3710 5555 3811 5609 aut

2175 5630 2227 5690 si
2261 5629 2463 5704 mavis,
2501 5649 2533 5691 e
2565 5632 2787 5713 Sancti,
2823 5634 2978 5714 quod
3031 5634 3080 5696 is
3129 5635 3659 5716 complectebatur,
3697 5655 3814 5698 cor-

2177 5736 2320 5800 pore
2356 5728 2722 5799 unguentum
2751 5724 3034 5786 coutinuo
3068 5742 3277 5806 magna
3331 5726 3502 5808 copia
3532 5726 3800 5790 atillabat
