4100 6420
439 409 594 478 1143

1808 413 2456 478 SUPPLEMENTUM.

3673 408 3823 474 1144

442 555 565 608 tum
600 565 709 609 seu
739 545 934 608 oleum
967 565 1001 608 e
1031 545 1228 608 Sancti
1269 565 1376 609 seu
1411 547 1660 620 tumulo,
1694 565 1798 608 seu
1838 565 2092 628 corpore
2113 551 2153 602 A
2177 545 2542 626 alteramque
2560 545 2633 607 ab
2654 546 3084 625 anonymo,qni
3108 543 3493 623 Metapbrasti
3526 544 3823 626 preluxit,

441 637 721 717 stillasse,
757 635 1298 706 verosimillimum,
1336 655 1410 697 ne
1443 635 1635 697 dicam
1659 636 2082 711 indubitatum,

439 733 704 807 apparet.
731 724 951 786 Verum
1003 744 1119 803 quo
1147 724 1390 786 tandem
1413 742 1552 802 ergo
1576 733 1843 805 tempore
1883 725 2090 802 prodi-

441 816 606 894 gium
640 814 795 875 istud
833 815 1086 893 primum
1131 813 1385 893 cmpisse
1417 822 1797 878 statuemus?
1828 813 2089 876 Thessa-

444 906 750 966 lonicense
813 903 1101 966 Demetrii
1157 903 1446 983 templum
1509 904 1666 966 haud
1701 905 1924 965 dudum
1960 913 2092 984 post

443 996 684 1055 Joannis
701 995 1231 1054 Thessalonicensis
1253 997 1470 1054 obitum
1493 1013 1594 1054 seu
1617 999 1828 1055 saeculo
1850 999 2093 1066 septimo

443 1088 798 1143 senescente
856 1079 1114 1142 ﬂammis
1171 1081 1354 1142 fuisse
1405 1081 1780 1162 absumptum
1814 1083 2094 1162 aliudque

447 1172 578 1251 ejus
608 1172 736 1232 loco
769 1172 953 1233 fuisse
986 1179 1378 1244 exstructum,
1413 1190 1590 1251 supra
1621 1172 1898 1233 vidimus.
1940 1172 2092 1244 Quid

444 1262 497 1324 si
529 1280 692 1341 ergo,
723 1279 858 1322 cum
892 1279 1106 1321 novum
1161 1262 1320 1322 istud
1372 1262 1687 1323 aedilicium
1734 1264 2085 1342 erigeretur,

445 1359 727 1432 terraque
751 1351 912 1412 hunc
936 1350 995 1411 in
1021 1350 1199 1412 linem
1228 1351 1402 1412 variis
1440 1351 1590 1411 locis
1615 1352 1998 1426 effoderetur,
2035 1360 2094 1413 et

445 1441 710 1522 primum
740 1449 884 1500 tunc
937 1458 1170 1501 sacrum
1206 1439 1490 1503 Demetrii
1522 1458 1740 1520 corpus
1793 1441 2092 1502 fut-ritin-

446 1538 681 1593 ventum
710 1547 817 1591 seu
849 1529 1240 1608 detectum,et
1265 1529 1460 1590 oleum
1481 1529 1656 1591 simul
1690 1549 1798 1590 seu
1832 1549 2095 1608 unguen-

448 1629 598 1695 tum,
637 1618 918 1680 sanandis
978 1618 1203 1680 morbis
1258 1619 1544 1698 salutare,
1606 1639 1674 1681 ex
1708 1638 1779 1681 eo
1810 1621 2097 1682 scaturire

449 1709 790 1788 inceperit?

536 1799 671 1862 106.
708 1799 769 1861 ld
825 1816 970 1859 sane
1030 1797 1176 1859 mihi
1226 1797 1378 1858 haud
1418 1817 1658 1879 prorsus
1689 1818 1826 1862 vero
1854 1811 2100 1882 apparet

2172 640 2895 710 conscriptam,Leontius,
2923 639 3138 712 Illyrici
3174 640 3282 697 sub
3305 637 3494 696 saeculi
3525 637 3826 711 quintl.uti

2173 743 2243 786 ex
2274 743 2456 805 supra
2483 725 2662 786 dictis
2691 733 2963 807 apparet,
2996 724 3233 786 initium
3271 725 3606 805 praefectus,
3629 723 3827 786 Thes-

2175 815 2457 886 salonica,
2485 833 2617 876 cum
2647 815 2770 894 jam
2796 814 2856 876 in
2884 815 2996 876 hac
3017 814 3250 876 civitate
3274 813 3587 874 ecclesiam
3620 821 3828 875 sancto

2177 903 2478 966 Demetrio
2509 904 3218 976 exstruxisset,Sirmium
3253 903 3573 984 petiturus,
3599 911 3826 982 partem

2176 993 2516 1074 quampiam
2547 1012 2579 1055 e
2608 993 2970 1056 sacrosancti
3004 998 3279 1074 martyris
3310 1011 3562 1072 corpore
3595 1000 3826 1054 statue-

2175 1093 2268 1145 rat
2293 1082 2824 1164 accipere,fuitque
2846 1083 2920 1144 ab
2937 1084 3050 1145 hoc
3074 1084 3379 1163 proposito
3395 1084 3822 1161 perSanctum,

2178 1174 2238 1234 in
2269 1175 2496 1235 somnis
2524 1173 2640 1234 sibi
2668 1172 3447 1253 apparentem,abstractus.
3473 1171 3708 1245 Fateor,
3738 1172 3828 1234 sic

2176 1263 2373 1324 habet.
2409 1262 2628 1324 Verum
2664 1265 2856 1325 locum
2907 1261 3395 1326 determinatum.
3434 1281 3552 1342 quo
3587 1279 3821 1323 sacrum

2175 1351 2376 1414 Sancti
2437 1351 2625 1412 nostri
2680 1369 2900 1432 corpus
2951 1352 3206 1431 jaceret,
3241 1351 3486 1412 Leontio
3518 1350 3823 1427 cognitum

2174 1442 2620 1522 fuisse,certum
2655 1441 2797 1502 inde
2821 1458 2954 1502 esse
2983 1441 3138 1502 haud
3167 1449 3395 1518 potest:
3429 1449 3823 1520 praeterquam

2178 1531 2340 1593 enim
2362 1530 2518 1610 quod
2552 1530 2696 1591 illud
2724 1530 2952 1592 Leontii
2985 1530 3298 1593 consilium
3325 1531 3384 1590 in
3418 1531 3826 1592 Anastasianis

2181 1629 2240 1683 et
2275 1619 2574 1681 Photianis
2607 1619 2809 1681 Sancti
2841 1621 3008 1680 Actis
3041 1639 3158 1680 non
3193 1630 3578 1690 memoretur,
3617 1620 3676 1680 id
3712 1619 3828 1681 sibi

2181 1711 2360 1770 etiam
2393 1708 2706 1781 Leontius,
2756 1718 2883 1772 utut
2945 1711 3165 1784 locum,
3198 1727 3314 1789 quo
3345 1727 3577 1771 sacrum
3614 1710 3826 1790 pignus

2174 1800 2424 1879 jaceret,
2462 1799 2725 1859 nondum
2761 1808 2898 1859 tunc
2931 1807 3155 1878 nosset,
3189 1817 3448 1880 eumque
3482 1800 3765 1861 duntaxat
3798 1818 3831 1860 a

448 1889 745 1963 absimile,
781 1907 886 1968 pro
918 1896 1078 1949 certo
1114 1897 1311 1948 tamen
1348 1888 1432 1950 vel
1467 1888 1692 1950 idcirco
1716 1889 1944 1952 habere
1979 1910 2093 1950 non
2124 1911 2158 1959 Β
2182 1907 2338 1962 sese,
2373 1886 2631 1948 fossione
2663 1888 2835 1962 facta,
2871 1887 3178 1948 inventum
3220 1889 3314 1960 iri,
3352 1904 3648 1968 speraret,
3688 1908 3831 1966 pro-

449 1979 663 2052 ausim,
688 1977 844 2058 quod
879 1987 1087 2040 auctor
1108 1995 1460 2058 anonymns,
1491 1979 1594 2059 qui
1623 1978 1868 2041 Joannis
1900 1980 2095 2041 Thes-
2183 1979 2437 2057 positum
2475 1978 2660 2056 potuit
2695 1977 2938 2038 habere.
2964 1977 3105 2040 Utut
3140 1980 3237 2052 sit,
3262 1977 3474 2040 Joanni
3507 1979 3833 2040 Thessalo-

448 2068 838 2132 salonicensis
865 2067 941 2130 de
972 2066 1260 2129 Demetrii
1295 2067 2094 2131 miraculislucubrationem
2181 2066 2411 2127 nicensi
2449 2067 2665 2146 potius,
2701 2085 2875 2146 quam
2911 2067 3319 2146 Metaphrastae
3358 2077 3414 2128 et
3446 2087 3767 2148 anonymo,
3798 2085 3834 2131 e

448 2158 838 2232 continuavit,
872 2157 1302 2237 saeculoque,ut
1332 2175 1510 2236 supra
1535 2159 1733 2238 docui,
1768 2159 1859 2220 vel
1895 2169 2097 2220 octavo
2181 2174 2296 2236 quo
2331 2156 2426 2218 hic
2456 2174 2560 2216 sua
2591 2155 3246 2236 desumpsit.Demetrii
3280 2157 3626 2238 biograpbo,
3661 2165 3831 2218 stan-

448 2256 826 2321 senescente,
876 2246 966 2307 vel
1002 2265 1154 2307 nono
1192 2246 1436 2307 ineunte
1489 2248 1709 2320 ﬂoruit,
1740 2248 1962 2310 nullam
1995 2267 2097 2311 us-
2181 2245 2324 2306 dum
2359 2254 2469 2319 est,
2521 2245 2839 2326 Sanctique
2898 2245 3168 2324 proinde,
3231 2247 3520 2328 quidquid
3555 2247 3736 2308 etiam
3771 2249 3830 2308 hi

453 2340 610 2421 piam
643 2339 704 2398 in
738 2335 1065 2415 miraculis,
1126 2333 1324 2397 Sancti
1376 2339 1563 2398 nostri
1599 2337 1931 2416 patrocinio
1989 2357 2097 2417 pa-
2181 2334 2466 2407 scribant,
2507 2354 2722 2414 corpus
2757 2354 2875 2396 non
2909 2337 3096 2416 prius,
3121 2355 3292 2416 quam
3326 2337 3543 2398 saaculo
3575 2337 3832 2416 septimo

453 2427 640 2502 tratis,
675 2444 806 2506 quae
857 2435 1081 2498 narrat,
1133 2425 1423 2505 unguenti
1471 2445 1540 2487 ex
1573 2428 1703 2505 ejus
1735 2446 1840 2488 seu
1874 2427 2100 2488 tumulo
2183 2431 2560 2495 senescente,
2595 2429 2698 2486 aut
2731 2427 3038 2505 sequentis
3087 2425 3259 2487 initio
3283 2425 3467 2487 fuisse
3497 2426 3827 2502 detectum,

453 2537 561 2580 seu
594 2533 845 2595 corpore
907 2514 1249 2594 prodigiose
1297 2517 1680 2577 scaturientis
1729 2516 2098 2577 mentionem
2183 2513 2242 2574 in
2275 2515 2538 2574 animum
2571 2513 2812 2575 induco.
2847 2515 3038 2594 Atque
3067 2516 3122 2576 id
3157 2526 3296 2576 tunc
3327 2516 3567 2596 quidem
3605 2517 3830 2577 verssi-

453 2606 652 2669 faciat.
688 2605 887 2669 Sancti
919 2603 1162 2684 quidem
1195 2605 1480 2683 templum
1517 2605 1946 2667 lucubrationis
1974 2625 2101 2668 suae

452 2716 554 2759 seu
583 2694 1022 2758 Alit-acutorum
1047 2693 1442 2768 edendorum,
1472 2695 1576 2756 lib.
1613 2712 1674 2776 tt,
1700 2715 1832 2776 cap.
1868 2696 2100 2769 3,vocat

451 2785 845 2866 ἰαμάτοφόρον;
905 2801 1109 2844 verum
1158 2801 1290 2844 cum
1345 2784 1691 2846 vocabulum
1749 2785 1888 2858 ἴαμα
1920 2803 2096 2846 sana-

451 2877 674 2938 tionem
737 2893 904 2955 aeque
963 2892 1140 2954 quam
1194 2873 1594 2953 medicamen,
1653 2874 1734 2935 uti
1759 2875 1884 2954 jam
1919 2893 2100 2956 supra

451 2964 996 3044 docui,signiﬁcare
1029 2970 1228 3044 queat,
1262 2981 1406 3024 sane
1433 2981 1501 3024 ex
1526 2963 1807 3026 attribute
1832 2983 1936 3044 per
1967 2967 2097 3027 lau-

451 3057 653 3119 datum
719 3055 1077 3134 scriptorem
1158 3072 1516 3134 anonymum
1576 3053 2098 3116 Thessalonicensi

2183 2602 2406 2664 militer
2436 2603 2751 2676 duntaxat,
2778 2613 2938 2664 certo
2993 2605 3311 2684 autem,uti
3339 2625 3408 2666 ex
3441 2623 3620 2684 supra
3650 2606 3832 2668 dictis

2181 2711 2434 2772 pronum
2487 2701 2576 2753 est
2632 2692 2938 2774 colligere,
2990 2711 3108 2755 non
3163 2694 3358 2756 serius
3398 2713 3574 2776 quam
3608 2699 3830 2758 seculo

2181 2801 2338 2844 nono
2372 2783 2592 2843 factum
2624 2783 2761 2843 fuit.

2264 2873 2402 2934 108.
2438 2871 2663 2934 Verum
2695 2891 2875 2945 anne,
2909 2885 2974 2934 ut
3003 2874 3074 2934 ad
3113 2873 3275 2936 aliud
3305 2873 3428 2954 jam
3459 2875 3831 2955 progrediar,

2182 2985 2419 3030 sacrum
2443 2967 2596 3029 istud
2624 2969 2839 3048 pignus
2862 2967 2922 3030 in
2952 2968 3202 3030 ecclesia
3220 2966 3435 3030 Sancto
3456 2987 3623 3030 sacra
3647 2989 3836 3049 penes

2182 3063 2730 3121 Thessalonicenses
2769 3077 2994 3134 semper
3026 3063 3297 3133 deinceps
3324 3066 3530 3121 mansit
3560 3063 3590 3120 ?
3619 3064 3682 3122 In
3705 3065 3831 3123 Vita

447 3147 637 3208 sancti
699 3143 987 3207 Demetrii
1060 3143 1333 3204 ecclesiae
1391 3143 1657 3224 epitheto
1711 3145 2096 3224 ἷαματοφὸρος,
2181 3146 2364 3204 sancti
2399 3143 2693 3210 Lietberti.
2725 3145 3159 3203 Cameracensis
3203 3155 3258 3204 et
3281 3147 3676 3205 Atrebatensis
3703 3150 3832 3220 epi-

449 3243 655 3317 utpote
679 3233 835 3316 quod
868 3240 988 3295 tam
1022 3231 1272 3313 id,quod
1305 3233 1902 3313 sanationem,quam
1936 3233 2096 3313 quod
2117 3267 2158 3317 c
2181 3230 2370 3310 scopi,
2397 3229 2468 3290 ad
2500 3228 2578 3290 23
2612 3227 2781 3292 Junii
2811 3231 3124 3310 diem,quo
3153 3231 3249 3292 hic
3281 3231 3521 3304 colitur,
3557 3232 3616 3293 in
3648 3250 3833 3313 opere

453 3325 830 3388 medicamen
861 3341 967 3384 seu
995 3321 1290 3383 medelam
1317 3321 1858 3401 aﬂ'ert,signilicare
1891 3332 2095 3384 notum
2183 3327 2386 3380 nostro
2408 3317 2658 3396 vulgata,
2702 3336 2835 3400 cap.
2871 3318 2929 3395 5,
2965 3339 3082 3400 quo
3113 3320 3319 3382 Sancti
3355 3321 3532 3400 hujus
3562 3320 3833 3402 episcOpi

450 3415 723 3493 sit,argui
750 3431 865 3474 non
890 3419 1109 3492 potest,
1143 3411 1234 3472 vel
1261 3409 1572 3473 obscuram
1593 3412 1787 3494 ipsum
1812 3412 2097 3492 unguenti
2182 3414 2292 3470 iter
2313 3411 2892 3484 Hierosolymitanum
2920 3412 3288 3484 describitur,
3323 3413 3835 3473 lucubratiunculas

449 3521 484 3568 e
511 3503 713 3567 Sancti
749 3502 977 3563 tumulo
1034 3499 1376 3580 prodigiose
1429 3501 1808 3563 scaturientis
1842 3501 2096 3564 mentio-
2181 3497 2343 3560 illius
2373 3506 2580 3560 auctor
2603 3499 2952 3580 Badulphus
2979 3500 3059 3562 ita
3082 3499 3391 3561 memoriae
3417 3499 3612 3581 prodit
3646 3517 3660 3560 :
3702 3499 3836 3563 cln-

450 3612 589 3656 nem
623 3593 816 3654 facere
861 3589 1147 3653 voluisse.
1201 3588 1364 3661 Quod
1414 3607 1551 3650 cum
1583 3590 1667 3651 ita
1698 3591 1795 3671 sit,
1832 3590 2031 3652 oleum
2066 3610 2099 3653 e
2181 3606 2420 3668 gressus
2455 3587 2812 3668 (Lietbertus
2863 3589 3096 3669 nempe)
3149 3588 3525 3666 Dalmatiam,
3561 3589 3837 3672 locisque

453 3683 654 3748 Sancti
687 3680 914 3742 tumulo
953 3683 1076 3760 jam
1127 3678 1269 3740 inde
1299 3696 1331 3740 a
1362 3679 1581 3742 saeculo
1614 3689 1820 3742 octavo
1854 3682 2100 3742 ineunte
2185 3679 2535 3760 peragratis,
2587 3678 2648 3739 in
2682 3678 2901 3759 quibus
2952 3678 3097 3741 olim
3131 3678 3540 3741 Diocletianus
3569 3679 3836 3742 thermas

451 3781 554 3836 aut
583 3771 763 3834 etiam
816 3775 1170 3831 senescente
1221 3768 1475 3851 septimo
1508 3769 1848 3850 prodigiose
1878 3771 2104 3834 stillare
2183 3769 2519 3827 aediﬁcando
2542 3771 2765 3828 diversa
2793 3773 2994 3828 mortis
3022 3769 3296 3828 intulerat
3317 3770 3600 3841 supplicia
3621 3770 3836 3849 Christi

453 3862 732 3944 coepisse,
763 3869 1066 3941 utcunque
1098 3857 1338 3938 quidem
1372 3858 1733 3935 verosimile,
1760 3860 2100 3940 neutiquam
2188 3855 2564 3937 martyribus,
2602 3873 2841 3918 cursum
2871 3855 3046 3918 vertit
3075 3853 3360 3916 Isauriam
3393 3872 3616 3916 versus.
3648 3853 3836 3927 Quam

453 3962 650 4015 tamen
683 3959 772 4014 est
801 3959 1028 4012 certum
1061 3957 1237 4028 atque
1287 3947 1708 4011 indubitatum.
1743 3948 1893 4011 Hinc
1927 3969 2103 4029 porro

448 4042 749 4123 simulque
781 4059 849 4102 ex
882 4040 1038 4112 aliis,
1072 4056 1204 4120 quae
1231 4056 1264 4099 e
1292 4035 1522 4100 Joanne
1553 4040 1895 4102 Cameniata
1924 4058 2102 4119 supra

451 4132 734 4205 disserui,
761 4133 888 4212 jam
923 4129 1074 4205 ﬂuit,
1111 4135 1176 4190 ut
1228 4138 1392 4190 certo
1456 4128 1699 4209 qui-lem
1726 4129 1849 4208 jam
1881 4129 2021 4190 inde
2069 4147 2101 4188 a

452 4223 670 4285 saeculo
714 4239 895 4294 nono,
943 4219 1208 4281 fortassis
1235 4227 1429 4279 autem
1483 4219 1766 4279 duntaxat
1804 4218 1926 4296 jam
1961 4217 2101 4278 inde

451 4313 627 4376 etiam
654 4332 686 4373 a
711 4310 927 4373 saeculo
952 4318 1156 4371 octavo
1178 4316 1274 4368 aut
1314 4308 1566 4388 septimo
1592 4317 1958 4385 unguentum
1993 4325 2099 4368 seu

459 4402 684 4477 oleum,
716 4398 997 4461 sanandis
1030 4397 1256 4458 morbis
1285 4398 1563 4476 salutare,
1601 4415 1632 4455 ο
1665 4395 1853 4456 sancti
1883 4393 2100 4455 Deme-

450 4492 548 4553 trii
581 4510 684 4552 seu
716 4507 968 4570 corpore
1021 4506 1130 4549 seu
1182 4489 1409 4548 tumulo
1471 4484 1809 4564 prodigiose
1841 4483 2098 4544 stillarit.

455 4582 650 4660 Atque
682 4579 808 4640 haec
832 4580 954 4658 jam
987 4577 1062 4639 de
1097 4595 1308 4656 magno
1342 4576 1454 4636 isto
1487 4574 1887 4654 continuoque
1915 4573 2100 4634 mira-

2126 4625 2168 4676 D

2186 3945 2537 4026 praeteriens
2589 3945 2831 4009 devenit
2878 3945 3250 4017 Corinthum,
3307 3944 3552 4026 illicque
3583 3944 3842 4006 audiens

2163 4035 2476 4098 Demetrii
2505 4035 2718 4108 sancti,
2752 4036 2917 4096 inter
2965 4042 3260 4112 martyres
3293 4033 3586 4113 praeclari,
3621 4050 3842 4114 corpus

2185 4125 2868 4204 quiescere,sepulcrum
2891 4123 3020 4204 ejus
3043 4122 3312 4204 expetiit,
3341 4132 3584 4203 totoque
3618 4123 3843 4184 mentis

2184 4214 2397 4275 aﬂ'ectu
2426 4214 2654 4276 meritis
2685 4213 2874 4294 ipsius
2904 4212 3170 4274 divinum
3203 4211 3498 4274 auxilium
3533 4212 3775 4288 quaerit.
3809 4235 3833 4268 ι

2185 4307 2431 4365 Sanctus
2451 4307 2791 4372 Lietbertus,
2825 4305 3259 4363 Cameracensis
3292 4312 3462 4375 atque
3497 4306 3841 4362 Atrebaten-

2184 4394 2265 4449 sis
2287 4393 2610 4463 episcopus.
2644 4389 2862 4448 saeculo
2884 4390 3217 4455 undecimo,
3258 4397 3455 4460 utpote
3489 4403 3642 4446 anno
3678 4387 3838 4457 1076,

2186 4480 2270 4538 uti
2305 4477 2463 4559 apud
2497 4495 2606 4538 nos
2625 4478 2697 4540 ad
2731 4478 2958 4538 dictum
2987 4475 3150 4538 Junii
3181 4476 3339 4536 diem
3372 4476 3576 4537 videre
3609 4475 3774 4549 licet,
3808 4492 3842 4536 e

2185 4572 2330 4634 vivis
2363 4571 2656 4648 sublatus,
2694 4572 2932 4645 ﬂoruit;
2991 4587 3196 4650 quare,
3251 4571 3300 4630 si
3349 4569 3544 4630 verbis
3575 4569 3840 4630 recitatis

454 4657 589 4731 culo
621 4669 980 4730 disseruisse
1013 4667 1266 4728 suﬂiciat
1293 4687 1307 4742 ;
1345 4683 1524 4743 nunc,
1561 4665 1840 4744 quoniam
1869 4663 1944 4724 de
1977 4667 2100 4726 De-
2127 4657 2166 4676 "
2187 4680 2326 4723 vera
2358 4668 2652 4722 memoret
2678 4659 3366 4740 Radulphus,totumque
3396 4658 3582 4720 sancti
3616 4657 3838 4719 Deme-

458 4757 654 4820 metrii
677 4775 928 4838 corpore
959 4756 1178 4818 mentio
1199 4753 1352 4816 haud
1378 4753 1732 4832 infrequens
1758 4753 1786 4832 §
1819 4755 2101 4833 praesenti

454 4848 606 4910 facta
637 4865 745 4922 εει,
800 4845 1086 4909 nonnulla
1140 4844 1360 4916 adhuc,
1423 4861 1554 4922 quae
1585 4842 1660 4902 de
1710 4844 1819 4903 hoc
1848 4842 2104 4905 dicenda

454 4946 702 5013 restant,
730 4938 826 4999 hic
842 4937 1046 5003 etiam,
1077 4951 1153 4996 ne
1173 4951 1304 5013 qua
1325 4935 1643 5012 conjuncta
1661 4931 2102 5012 quodammodo

455 5026 937 5108 sunt,sejunctim
965 5030 1311 5097 tractentur,
1345 5021 1613 5103 expediri
1631 5030 1721 5082 est
1742 5040 2097 5085 consonum.

541 5118 772 5182 lO7.Ac
803 5116 996 5196 primo
1020 5112 1260 5194 quidem
1287 5131 1524 5174 sacrum
1550 5111 1697 5173 illud
1721 5111 2100 5191 pignus.cum

458 5206 916 5284 determinatus,
953 5222 1068 5284 quo
1121 5201 1181 5262 in
1231 5201 1428 5263 dicata
1475 5203 1687 5263 Sancto
1718 5199 2103 5262 Thessaloni-

456 5295 624 5360 censi
656 5293 909 5356 ecclesia
963 5293 1194 5371 jaceret
1245 5290 1644 5370 reconditum,
1680 5289 1845 5351 locus
1877 5288 2099 5350 dudum

459 5386 672 5448 fuisset
699 5380 1062 5462 incognitus,
1087 5381 1386 5444 detectum
1419 5399 1538 5441 non
1570 5380 1758 5460 prius,
1793 5397 1969 5459 quam
2001 5397 2106 5440 saa-

457 5478 590 5536 culo
613 5477 851 5547 septimo
871 5483 1203 5533 senescente
1244 5481 1342 5532 aut
1392 5474 1689 5544 sequentis
1721 5473 1884 5528 initio
1906 5473 2102 5536 fuisse,

422 5563 548 5626 'vel
576 5582 610 5625 e
642 5562 770 5625 solo
801 5560 1095 5625 num.102
1126 5560 1243 5622 huc
1276 5558 1636 5637 transcripto
1657 5557 1901 5620 Joannis
1921 5557 2104 5618 Thes-

453 5655 845 5720 salonicensis
892 5653 1237 5716 testimonio
1291 5651 1480 5732 palam
1535 5659 1647 5714 est.
1702 5650 1777 5712 At
1806 5669 1966 5722 vero,
2002 5650 2101 5710 in-

448 5759 632 5830 quies,
667 5754 988 5814 secundum
1011 5750 1502 5822 Metaphrasticam
1529 5749 1723 5809 Sancti
1746 5748 2099 5816 l'assionem,

2187 4751 2287 4812 trii
2318 4769 2535 4830 corpus
2563 4751 2928 4812 intellectum
2957 4748 3236 4823 voluerit,
3259 4766 3511 4810 necesse
3538 4757 3651 4821 est,
3686 4755 3751 4807 ut
3778 4745 3838 4807 id

2186 4841 2405 4903 saeculo
2431 4839 2749 4902 undecimo
2772 4859 2889 4901 non
2912 4839 3166 4919 amplius
3190 4837 3634 4899 Thessalonica
3663 4835 3838 4917 quie-

2188 4932 2360 5006 verit,
2393 4929 2498 4991 sed
2522 4931 2664 4991 inde
2689 4937 2788 4991 aut
2809 4930 2924 4991 hoc
2941 4929 3070 5006 ipso
3091 4927 3309 4989 seculo
3329 4934 3430 4988 aut
3458 4925 3635 4989 etiam
3659 4925 3838 4986 citius

2183 5019 2561 5093 Corinthum,
2614 5019 2714 5081 ubi
2766 5019 2822 5080 id
2874 5025 3118 5080 sanctus
3167 5017 3509 5082 Lietbertus
3562 5015 3834 5087 visitarit,

2186 5111 2360 5174 fuerit
2388 5111 2764 5172 translatum.
2794 5111 3015 5170 Verum
3071 5107 3490 5170 Henschenius
3519 5113 3743 5179 noster,
3778 5104 3840 5163 in

2186 5201 2311 5262 suis
2345 5202 2406 5261 in
2430 5200 2678 5262 recitata
2701 5196 3000 5277 Radulphi
3020 5197 3203 5258 verba
3235 5194 3546 5259 Adnotatis
3579 5194 3840 5273 aliquam

2185 5290 2447 5352 auctoris
2477 5288 2785 5368 hujus,qui
2823 5294 3114 5368 praeterea
3145 5286 3840 5364 Diocletianum,marty-

2185 5380 2358 5443 ribus
2390 5378 2595 5441 labore
2658 5375 3034 5438 macerandis
3091 5375 3416 5455 intentum,
3451 5374 3718 5435 thermas
3780 5371 3843 5431 in

2188 5469 2476 5534 Dalmatia
2509 5468 3218 5543 exstruxisse,perperam
3252 5481 3399 5526 sane
3427 5469 3650 5542 (neque
3681 5459 3843 5522 enim

2187 5561 2290 5623 ille
2314 5561 2374 5621 id
2407 5556 2629 5628 ibi,sed
2662 5556 2869 5617 Romae
2899 5553 3059 5634 fecit)
3099 5553 3404 5616 memoriae
3434 5552 3657 5633 prodit,
3684 5551 3846 5612 circa

2187 5651 2318 5712 loca
2345 5650 2403 5710 in
2462 5654 2629 5709 textu
2659 5645 2798 5706 —huc
2848 5643 3208 5725 transcripta
3238 5643 3516 5717 indicata,
3551 5641 3842 5721 ignoran—

2185 5740 2326 5802 tiam
2357 5737 2714 5818 suspicatus,
2767 5734 3032 5798 fueritne
3079 5733 3267 5796 sancti
3301 5730 3589 5798 Demetrii
3619 5745 3839 5810 corpus
