4100 6402
389 389 541 454 1145

1462 398 1522 459 S.
1572 396 1948 459 DEMETRII
1990 395 2393 460 MARTYRIS
2433 397 2655 460 ACTA.

3597 390 3752 463 1146

370 522 818 597 Thessalonica,
854 544 966 606 qua
985 524 1047 588 in
1074 526 1245 606 urbe,
1272 528 1433 606 quod
1460 548 1529 591 ex
1565 548 1635 591 eo
1659 536 2026 607 unguentum
2050 537 2085 587 Α
2110 538 2410 609 appareat.
2436 528 2677 591 Parisiis
2699 529 2759 591 in
2775 526 3391 610 parvavecclesia,qute
3409 525 3754 590 sanctiDio-

373 613 674 675 medicum
708 615 1045 689 scaturiret,
1083 634 1295 693 magno
1331 619 1680 698 populorum
1726 636 2021 680 concursu
2106 618 2255 698 nysii
2315 622 2398 681 De
2429 619 2607 681 Passu
2641 620 2823 691 ditur,
2862 628 3111 701 postque
3141 619 3456 681 ecclesiam
3490 618 3749 679 sanctis-

367 701 797 778 honorabatur,
833 702 1178 766 Corinthum
1225 708 1597 782 translatum,
1634 706 2018 790 disquisitum

366 790 438 852 iri
469 794 539 853 ad
574 793 731 854 hunc
764 794 799 853 8
827 793 1103 856 Octobris
1134 795 1315 877 diem,
1345 799 1637 877 promisit.

2104 708 2269 769 sima:
2300 709 2405 771 Dei
2439 709 2964 772 Gcnitriciibidcm
2998 728 3252 783 sacram,
3281 708 3388 770 sita
3413 717 3524 783 est,
3548 726 3748 769 sacras

2105 799 2409 876 quasdam,
2445 818 2590 879 quas
2638 800 2824 862 sancti
2856 800 3164 879 Demetrii,
3199 798 3417 860 ibidem
3475 814 3547 859 ex
3591 797 3747 859 infra

440 885 563 940 109.
597 885 666 943 Ut
695 890 883 957 itaque
915 887 1085 944 ﬁdem
1109 890 1179 944 ab
1210 905 1276 947 eo
1306 892 1491 948 datam
1530 893 1784 955 liberem,
1818 888 2020 947 simuI-
2104 886 2374 949 dicendis
2398 890 2701 961 culti,esse
2726 888 3405 965 contendunt,reliquias
3425 887 3741 962 asservari,

364 988 483 1058 que
514 990 688 1051 quam
743 971 975 1045 merito,
1014 992 1086 1033 an
1120 974 1178 1034 in
1212 977 1594 1055 assignando,
1627 995 1741 1058 quo
1772 984 2014 1037 sanctus

360 1056 681 1123 Liebertus
734 1064 919 1122 sancti
964 1062 1249 1125 Demetrii
1301 1084 1515 1146 corpus
1575 1056 1842 1139 visitavit,
1881 1068 2011 1127 loco

361 1150 717 1233 Radulphus
748 1156 1142 1220 hallucinatus
1187 1158 1342 1220 haud
1375 1160 1538 1235 sit,in
1569 1160 1881 1224 Adnotatis
1910 1179 2009 1221 su-

360 1260 466 1323 pra
488 1242 592 1305 citt
638 1244 941 1323 dubitarit,
968 1246 1302 1323 ostendam,
1338 1249 1550 1312 lectori
1577 1251 1637 1312 in
1662 1252 2007 1312 memoriam

354 1350 594 1423 revoco,
632 1336 787 1416 quod
847 1356 1017 1399 num.
1054 1338 1130 1399 8'7
1163 1347 1221 1400 et
1276 1339 1465 1402 tribus
1497 1360 1666 1423 seqq.
1714 1341 2009 1419 integrum

352 1421 472 1484 huc
497 1426 865 1506 transcripsi,
906 1428 1369 1489 instrumentum
1419 1421 1746 1510 publicum.
1780 1432 1846 1492 In
1898 1431 2012 1492 hoc

354 1512 541 1588 enim,
578 1516 757 1595 quod,
793 1523 854 1576 ut
887 1515 1105 1579 ibidem
1140 1517 1338 1594 docui,
1368 1520 1567 1581 saeculi
1603 1520 1759 1582 tertii
1791 1520 2012 1582 decimi

352 1601 524 1663 initio
557 1604 756 1665 datum
791 1604 1039 1667 indubie
1077 1607 1207 1679 fuit,
1245 1627 1464 1688 corpus
1509 1612 1695 1672 sancti
1725 1609 2013 1674 Demetrii

354 1699 498 1754 tunc
528 1694 744 1769 adhuc,
779 1713 912 1755 cum
946 1696 1001 1756 id
1051 1696 1315 1773 daretur,
1350 1697 1791 1762 Thessalonica:
1822 1701 1882 1762 in
1908 1719 2012 1762 ec-

349 1781 556 1852 clesia,
585 1782 724 1846 huic
756 1803 945 1864 sacra,
976 1785 1160 1848 fuisse
1190 1798 1575 1863 asservatum,
1604 1808 1723 1850 non
1758 1789 2012 1852 obscure

344 1871 649 1933 indicatur
682 1894 696 1933 :
732 1874 889 1954 quod
928 1894 1065 1936 cum
1101 1876 1181 1936 ita
1231 1883 1326 1952 sit,
1364 1896 1474 1939 nec
1506 1879 1855 1960 quidquam,
1889 1898 2011 1956 quo

346 1960 575 2049 laudati
630 1961 1007 2025 instrumenti
1044 1965 1195 2026 ﬁdes
1244 1967 1527 2040 elevetur,
1562 1968 1747 2049 possit
1787 1970 2005 2046 afferri,

339 2045 641 2130 integrum
663 2054 970 2115 enimvero
996 2072 1231 2117 sacrum
1260 2055 1404 2117 illud
1435 2045 1784 2138 pigriusjam
1815 2045 2007 2120 indea

337 2142 560 2203 smculo
588 2142 1059 2224 undecimo,quo
1085 2145 1383 2206 visitatum
1413 2165 1446 2207 a
1473 2157 1676 2208 sancto
1700 2148 1999 2211 Lietberto

336 2229 469 2305 fuit,
506 2231 855 2294 Corinthum
910 2232 1340 2296 Thessalonica
1381 2235 1565 2298 fuisse
1622 2238 1990 2315 translatum,

335 2339 516 2381 nemo
541 2321 780 2396 dixerit,
810 2324 919 2385 nisi
940 2324 1086 2385 forte
1108 2324 1307 2400 simul,
1334 2327 1489 2405 quod
1515 2333 1710 2389 tamen
1732 2327 1995 2390 futurum

338 2409 496 2471 haud
548 2430 709 2487 reor,
741 2412 924 2473 fuisse
957 2413 1125 2495 illud,
1160 2434 1292 2477 cum
1346 2417 1619 2478 Corinthi
1652 2417 1994 2498 aliquandiu

335 2501 552 2561 saeculo
575 2501 892 2563 undecimo
919 2511 974 2564 et
1000 2504 1149 2565 forte
1174 2505 1348 2565 etiam
1384 2514 1652 2586 sequenti
1676 2508 1990 2587 jacuisset,

333 2589 822 2652 Thessalonicam
877 2592 1014 2655 inde
1076 2593 1291 2656 iterum
1352 2604 1678 2670 revectum,
1742 2601 1996 2661 voluerit

332 2688 629 2743 astruere.
665 2680 739 2744 At
791 2701 950 2759 vero,
990 2682 1251 2763 inquies,
1286 2685 1333 2746 si
1366 2704 1463 2746 res
1488 2686 1570 2747 ita
1600 2686 1839 2761 haheat,
1872 2708 1991 2752 non

333 2775 739 2845 tantum,num
768 2771 1196 2853 Badulphusin
1221 2772 1724 2856 assignando,quo
1747 2791 1992 2842 sanctus

328 2858 669 2922 Lietbertus
695 2879 931 2922 sacrum
964 2867 1149 2937 sancti
1182 2862 1467 2926 Demetrii
1500 2884 1717 2946 corpus
1748 2886 1986 2931 venera-

329 2956 429 3011 tus
460 2957 570 3025 est,
591 2951 721 3013 loco
753 2951 1472 3032 errarit,ambiguendum
1498 2965 1987 3036 apparet,verum

332 3038 512 3100 etiam
544 3039 743 3121 reipsa
773 3040 943 3103 illum
970 3042 1082 3104 hac
1108 3043 1168 3103 in
1193 3061 1257 3105 re
1279 3061 1413 3104 esse
1431 3043 1986 3121 hallucinatum,in-

330 3126 664 3192 dubitatum
690 3130 943 3193 videtur.
974 3130 1206 3208 Fateor,
1235 3131 1313 3193 ita
1332 3132 1576 3195 omnino
1599 3137 1989 3215 apparet,nisi

327 3216 484 3281 forte
512 3217 565 3280 is
618 3221 895 3302 scriptor,
930 3241 1052 3283 non
1114 3228 1169 3283 te
1200 3220 1435 3302 integro
1478 3224 1667 3285 sancti
1697 3224 1988 3289 Demetrii

2095 975 2401 1051 Bailletus,
2439 986 2581 1043 tom.
2608 980 2683 1043 III
2724 980 3023 1059 Vitarum,
3050 980 3169 1060 cpl.
3208 978 3744 1053 115,afﬁrmat;ve—

2096 1081 2226 1125 rum
2250 1084 2379 1126 cum
2406 1071 2498 1126 hic
2520 1072 2762 1142 scriptor
2786 1072 3099 1130 dubitantis
3130 1072 3405 1128 duntaxat
3426 1071 3479 1126 in
3511 1068 3749 1126 modum

2096 1151 2171 1213 de
2203 1171 2268 1213 re
2302 1154 2490 1217 istbac
2524 1156 2747 1219 ibidem
2802 1158 3102 1238 loquatur,
3136 1155 3352 1217 nedum
3396 1154 3745 1235 quidquam,

2096 1259 2215 1315 quo
2248 1261 2377 1304 eam
2411 1244 2696 1326 stabiliat,
2732 1246 2792 1308 in
2830 1248 3121 1321 medium,
3154 1246 3202 1306 si
3229 1244 3485 1308 delatum
3518 1242 3742 1305 ibidem

2095 1329 2396 1395 Demetrio
2429 1336 2648 1397 cultum
2675 1336 3002 1417 exceperis,
3025 1335 3299 1409 adducat,
3328 1334 3446 1395 alio
3482 1332 3651 1406 mihi,
3675 1337 3743 1393 ut

2096 1422 2284 1483 sancti
2309 1421 2595 1486 Demetrii
2614 1425 2895 1506 reliquias
2912 1425 3328 1505 postszeculum
3354 1422 3739 1483 undecimum

2095 1519 2197 1571 aut
2228 1514 2405 1574 etiam
2441 1515 2616 1577 citius
2635 1535 2767 1576 cum
2802 1515 2935 1576 aliis
2965 1514 3236 1577 ecclesiis
3266 1512 3449 1574 fuisse
3479 1527 3744 1571 commu-

2098 1600 2344 1674 nicatas,
2380 1604 2722 1667 verosimile
2769 1612 3073 1686 utcunque
3116 1602 3393 1682 efficiam,
3425 1617 3745 1662 recurren-

2097 1690 2237 1750 dum
2272 1700 2383 1756 est.
2415 1692 2528 1757 Sex
2561 1704 2902 1756 sanctorum
2929 1712 3198 1775 corpora,
3234 1692 3511 1754 videlicet
3534 1689 3739 1751 Theo-

2096 1780 2250 1860 dori,
2277 1783 2561 1845 Demetrii
2587 1793 2643 1846 et
2664 1782 2898 1862 Georgii
2924 1794 3267 1864 martyrum,
3296 1780 3510 1854 Floris,
3536 1777 3740 1841 Basilii

2097 1877 2155 1930 et
2202 1871 2534 1934 Salomonis
2586 1873 2898 1952 Hungariae
2945 1875 3105 1951 regis
3158 1871 3591 1941 confessorum,
3626 1867 3735 1929 sub

2096 1960 2436 2039 particulari
2452 1962 2721 2025 ecclesia:
2743 1963 3099 2024 cathedralis
3120 1962 3291 2023 altari
3304 1960 3459 2021 Pola;
3481 1959 3541 2019 in
3564 1956 3736 2019 Istria

2089 2066 2249 2110 anno
2277 2050 2433 2113 1653
2462 2052 2644 2114 fuisse
2676 2055 2931 2126 inventa,
2966 2053 3120 2133 apud
3170 2069 3277 2112 nos
3308 2059 3451 2112 tom.
3490 2046 3591 2111 VII
3621 2044 3736 2109 Se-

2086 2139 2375 2218 ptembris
2406 2142 2467 2202 in
2498 2142 2782 2205 historico
2808 2146 2883 2205 de
2908 2146 2976 2205 B.
3004 2142 3383 2215 Salomone,e
3407 2156 3548 2216 rege
3566 2135 3730 2198 Hun-

2078 2230 2257 2308 garize
2291 2233 2561 2306 eremita,
2593 2251 2719 2312 pag.
2749 2233 2886 2305 840,
2917 2251 2948 2294 e
2979 2230 3354 2293 documentis
3374 2225 3728 2290 authenticis

2082 2319 2786 2402 probatur,sequentique
2822 2342 2931 2404 pag
2988 2321 3284 2404 profertur
3298 2320 3476 2382 etiam
3500 2318 3728 2379 instru-

2084 2418 2343 2470 mentum
2381 2411 2708 2491 publicum,
2742 2430 2776 2474 θ
2802 2432 2940 2493 quo,
2966 2431 3067 2473 sex
3095 2411 3191 2473 illa
3213 2427 3466 2491 corpora
3495 2406 3607 2469 sub
3636 2406 3730 2468 al-

2078 2506 2184 2559 tari
2226 2500 2325 2562 illo
2359 2519 2392 2561 a
2424 2503 2489 2563 D.
2549 2501 2830 2565 Michaele
2857 2502 3096 2575 Ursino,
3129 2502 3408 2581 epiScopo
3469 2497 3727 2573 Polcnsi,

2075 2605 2232 2650 anno
2274 2591 2422 2653 148⁵7
2455 2590 2637 2653 fuisse
2668 2592 2962 2672 deposita,
3000 2591 3395 2653 indubitatum
3427 2590 3525 2651 sit.

2157 2680 2294 2740 tit.
2334 2680 2478 2743 Cum
2511 2692 2707 2743 autem
2744 2684 3084 2745 Demetrius
3117 2690 3357 2761 martyr,
3392 2680 3453 2741 in
3506 2696 3725 2740 monu-

2078 2769 2293 2830 mentis
2343 2770 2460 2831 illis
2493 2780 2881 2847 memoratus,
2917 2770 3150 2833 duobus
3191 2771 3324 2832 aliis
3371 2768 3728 2850 martyribus

2074 2858 2509 2934 celeberrimis,
2543 2861 2858 2923 Theodoro
2911 2862 3145 2923 scilicet
3175 2860 3273 2921 die
3318 2861 3353 2923 7
3386 2857 3720 2933 Februarii,

2076 2955 2134 3008 et
2164 2946 2417 3027 Georgio
2452 2950 2548 3011 die
2579 2948 2657 3013 23
2690 2950 2917 3032 Aprilis
2948 2951 3107 3012 cultu
3140 2947 3543 3011 ecclesiastico
3573 2947 3724 3008 affe-

2075 3039 2207 3112 ctis,
2241 3039 2550 3120 jungatur,
2582 3039 2764 3120 hique
2816 3039 3016 3116 ambo,
3051 3040 3158 3115 uti,
3191 3058 3325 3119 quae
3381 3038 3458 3098 de
3505 3037 3721 3098 iisdem

2073 3126 2147 3187 ad
2204 3126 2356 3188 duos
2414 3128 2543 3189 dies
2595 3129 2729 3189 illos
2787 3129 3174 3204 diseruimus,
3225 3134 3719 3198 commonstrant,

2074 3230 2181 3296 pro
2234 3216 2705 3280 Christianorum
2740 3219 2799 3280 in
2847 3218 3004 3281 bello
3049 3219 3310 3300 patronis
3353 3236 3457 3279 seu
3498 3235 3723 3297 propu-

326 3300 772 3390 corpore,quod
802 3309 1068 3373 Corinthi
1092 3300 1657 3375 asancto'Lietberto
1690 3314 1986 3378 visitatum

2076 3305 2441 3383 gnatoribus,
2478 3328 2597 3370 non
2630 3327 2805 3370 secus
2851 3328 2919 3371 ac
2948 3317 3189 3371 sanctus
3233 3316 3432 3369 noster
3458 3306 3722 3368 Thessa-

325 3396 532 3469 fuerit,
567 3398 671 3461 sed
702 3400 776 3462 de
809 3400 967 3462 illius
1000 3408 1168 3482 parte
1197 3401 1359 3483 loqui
1386 3403 1664 3479 voluerit;
1693 3404 1857 3466 illum
1881 3418 1989 3467 au-

329 3494 453 3550 tem
504 3507 624 3551 non
656 3489 731 3551 de
778 3491 933 3551 sacri
982 3491 1255 3572 corporis
1309 3501 1477 3571 porte
1523 3501 1773 3571 tantum,
1809 3514 1987 3575 quam

324 3576 669 3642 Lietbertus
685 3580 948 3643 Corinthi
974 3589 1283 3643 veneratus
1305 3582 1677 3661 fuerit,quui
1702 3585 1982 3659 voluisse,

323 3668 433 3731 sed
460 3669 652 3750 potius
682 3669 1056 3734 Corinthium
1092 3690 1195 3751 pro
1226 3672 1648 3734 Thessalonica
1676 3691 1782 3753 per
1810 3693 1979 3735 erro-

320 3777 451 3821 rem
486 3759 1252 3840 accepisse,verosim1llius
1281 3761 1367 3821 vel
1400 3760 1626 3823 idcirco
1656 3764 1977 3844 reor,quod

322 3846 717 3924 Lietbertum,
750 3849 1225 3931 Hierosiilymam
1256 3858 1584 3931 petentem,
1611 3869 1680 3913 ex
1706 3850 1981 3933 Bulgaria

320 3937 385 3998 in
422 3937 943 4011 Dalmatiam,inde
970 3938 1027 3999 in
1060 3939 1370 4013 Isauriam,
1394 3948 1511 3999 tum
1538 3940 1884 4002 Corinthum
1910 3962 1979 4005 ac

325 4026 565 4089 tandem
598 4026 948 4089 Laodiceam
984 4047 1117 4089 esse
1150 4028 1977 4109 profectum,commemoret;

324 4116 643 4178 commode
692 4126 889 4179 autem
924 4119 1039 4179 iter
1072 4137 1139 4179 ex
1194 4117 1466 4197 Bulgaria
1496 4119 1975 4183 Thessalonicam

322 4205 601 4285 dirigere,
641 4215 818 4288 atque
874 4208 1009 4269 inde
1041 4226 1073 4269 e
1110 4216 1278 4288 portu
1309 4208 1614 4288 aptissimo
1645 4210 1703 4271 in
1751 4213 1973 4292 Syriam

320 4296 396 4358 ad
424 4296 631 4358 urbem
666 4296 1018 4359 maritimam
1072 4298 1423 4360 Laodiceam
1458 4299 1728 4376 navigare
1762 4312 1971 4381 potue-

319 4386 422 4462 rit,
458 4387 536 4447 uti
588 4387 711 4467 jam
744 4395 883 4448 ante
930 4405 1025 4449 me
1057 4386 1115 4447 in
1165 4388 1474 4449 Adnotatls
1502 4406 1683 4470 supra
1736 4411 1967 4453 memo-

314 4476 462 4538 ratis
488 4476 664 4537 etiam
700 4475 1032 4539 observavit
1061 4476 1505 4539 Henschenius.

2073 3394 2398 3458 lonicensis
2431 3407 2652 3479 martyr
2688 3397 3044 3473 Demetrius,
3074 3399 3305 3461 soleant
3331 3397 3558 3471 haberi,
3601 3414 3722 3457 non

2072 3484 2147 3546 de
2194 3485 2309 3548 alio
2343 3497 2548 3549 sancto
2600 3488 2901 3551 Demetrio
2955 3499 3232 3571 martyre,
3267 3507 3440 3570 quam
3474 3487 3549 3548 de
3604 3487 3721 3549 hoc

2072 3583 2294 3647 nostro,
2332 3579 2391 3637 in
2441 3577 2693 3640 laudatis
2726 3580 3129 3641 monumentis
3184 3579 3312 3639 fieri
3345 3594 3712 3657 sermonem,

2070 3675 2159 3725 sat
2216 3666 2555 3730 verosimile
2585 3678 2856 3748 apparet.
2889 3669 3057 3741 Quod
3112 3688 3245 3730 cum
3280 3669 3357 3729 ita
3384 3670 3481 3745 sit,
3515 3686 3716 3730 sacras

2065 3751 2263 3815 Sancti
2323 3758 2507 3817 nostri
2566 3758 2850 3837 reliquias
2886 3758 3040 3819 Pola:
3088 3758 3147 3819 in
3177 3757 3348 3819 Istria
3394 3757 3709 3833 asservari,

2060 3853 2159 3904 aut
2184 3845 2393 3906 saltem
2423 3855 2687 3925 tempore
2720 3850 2777 3907 in
2810 3848 3184 3909 documentis
3214 3846 3474 3927 praefatis
3505 3854 3712 3909 notato

2061 3933 2244 3994 fuisse
2302 3943 2653 4015 asservatas,
2688 3944 2776 3996 sat
2809 3936 3030 4015 pariter
3079 3935 3421 3997 verosimile
3451 3934 3704 3998 videtur.

2063 4020 2283 4083 Verum
2337 4024 2713 4103 integrumne
2748 4024 2849 4087 has
2898 4026 3084 4086 sancti
3132 4042 3370 4105 corpus,
3404 4044 3479 4086 an
3531 4025 3709 4104 hujus

2060 4111 2342 4175 duntaxat
2394 4125 2617 4194 partem
2653 4116 2834 4177 fuisse
2862 4115 3133 4177 dicemus
3157 4116 3187 4175 ?
3217 4118 3363 4177 Cum
3398 4135 3514 4176 non
3545 4134 3703 4191 raro,

2058 4202 2177 4264 imo
2208 4204 2711 4284 frequentissime,
2748 4205 2871 4272 fiat,
2900 4214 2961 4265 ut
2990 4204 3281 4286 reliquiae,
3316 4224 3448 4281 qua;
3479 4215 3704 4284 partem

2059 4293 2343 4354 duntaxat
2398 4294 2666 4374 corporis
2697 4298 2897 4357 Sancti
2952 4295 3279 4374 cujuspiam
3311 4302 3700 4373 constituunt,

2054 4382 2325 4461 corporis
2359 4382 2809 4450 nomine,etiam
2844 4383 2903 4441 in
2927 4382 3300 4443 documentis
3318 4380 3699 4453 authenticis,

2052 4472 2318 4543 veniant,
2374 4490 2482 4532 nec
2540 4471 2891 4552 quidquam,
2937 4473 3091 4553 quod
3151 4471 3447 4551 integrum
3504 4474 3706 4535 Sancti

408 4567 746 4661 namque
770 4565 1047 4658 hincjaui
1080 4567 1711 4661 consectariumestmt
1738 4571 1964 4661 nutu]-
1993 4562 2239 4661 _riostri
2294 4579 2521 4661 corpus
2572 4560 2999 4661 Thessalonica
3060 4580 3317 4661 unquam
3354 4561 3467 4661 alio
3523 4561 3704 4623 fuisse

316 4645 422 4728 phi
450 4645 694 4720 laudati,
729 4647 829 4727 qui
860 4645 1051 4708 sancti
1082 4646 1357 4708 Lietberti
1386 4647 1679 4721 Vitam,ac
1704 4653 1966 4714 nomina-
1992 4649 2347 4730 Ddelatum,
2379 4651 2644 4723 suadeat,
2683 4652 2912 4730 uspiam
2948 4650 3214 4711 invenire
3240 4652 3493 4725 licuerit,
3528 4668 3698 4711 vero-

314 4736 421 4797 tim
447 4735 559 4797 iter
575 4736 630 4816 ej
643 4754 709 4795 us
725 4735 1334 4815 Hierosolymitanum
1354 4735 1690 4819 descripsit,
1703 4743 1969 4802 testimo-

315 4825 478 4887 nium
506 4826 849 4907 neutiquam
876 4824 1146 4901 suﬂiciat,
1171 4834 1234 4886 ut
1258 4824 1551 4907 Corinthi,
1570 4845 1703 4888 cum
1731 4838 1969 4892 sanctus

314 4914 372 4976 is
423 4916 744 4997 episcopus
792 4915 1259 4997 Hierosolymam
1306 4925 1557 4995 peteret,
1592 4917 1682 4978 vel
1740 4929 1964 4999 partem

315 5005 494 5068 etiam
523 5005 806 5067 duntaxat
836 5007 1101 5088 corporis
1131 5006 1320 5067 sancti
1354 5007 1636 5068 Demetrii
1672 5008 1967 5071 exstitisse

306 5100 639 5158 credamus.
658 5099 869 5157 Verum
895 5114 1033 5157 num
1059 5110 1185 5172 post
1211 5099 1413 5158 saltem
1446 5114 1612 5157 sacro
1634 5101 1965 5174 bujusmodl

312 5186 561 5269 pignore
592 5185 799 5247 civitas
830 5185 928 5247 illa
959 5186 1065 5248 fuit
1095 5186 1366 5249 ditata?Id
1421 5196 1696 5265 ego,utut
1732 5206 1766 5250 e
1800 5190 1963 5252 nullo

2053 4739 2307 4802 similius
2341 4739 2577 4801 videtur
2606 4758 2710 4802 eos
2740 4741 2842 4821 qui
2871 4740 3228 4801 dccumeuta
3260 4759 3439 4819 supra
3461 4758 3700 4801 memo-

2051 4840 2174 4891 rata
2212 4829 2561 4909 condidere,
2597 4839 2823 4910 partem
2855 4831 3137 4910 ,corporis
3166 4848 3292 4891 sant
3314 4831 3355 4891 ti
3387 4831 3696 4908 Demetrii,

2050 4916 2276 4979 ibidem
2336 4919 2673 4992 memorati,
2720 4937 2849 4995 seu,
2898 4928 2961 4980 ut
3015 4919 3355 4983 verosimile
3402 4938 3473 4981 ex
3523 4920 3701 4983 dictis

2050 5017 2323 5088 apparet,
2352 5006 2558 5077 nostri,
2589 5026 2695 5088 pro
2720 5008 2952 5086 integro
2972 5009 3239 5088 ejusdem
3264 5028 3516 5090 corpore
3535 5011 3699 5071 acci-

2052 5115 2219 5178 pere.
2257 5097 2419 5159 Idem
2456 5114 2630 5176 porro
2662 5097 2737 5158 de
2760 5096 3031 5174 Gelenio,
3065 5100 3164 5177 qui
3194 5099 3252 5159 in
3285 5098 3528 5161 Colonia
3548 5118 3697 5180 sup-

2050 5187 2229 5267 plice,
2262 5184 2524 5249 Auctarii
2552 5186 2783 5262 num.4,
2808 5205 2867 5266 p.
2894 5187 3033 5261 164,
3058 5188 3476 5267 Sigebergensi
3495 5190 3697 5251 Bene-

309 5294 552 5350 prorsus
593 5280 944 5337 documento
966 5278 1239 5336 amrmari
1265 5279 1861 5350 queat,indubitanter
1885 5292 1961 5340 ta-
2046 5276 2408 5339 (lictiuorum
2442 5275 2717 5336 caanobio
2743 5276 2928 5337 sancti
2965 5278 3254 5339 Demetrii
3283 5296 3497 5357 corpus
3520 5278 3699 5338 attri-

309 5384 447 5427 men
480 5383 698 5444 negare
736 5383 853 5426 non
885 5365 1101 5439 ausim,
1141 5364 1398 5426 maxime
1418 5365 1575 5446 quod
1601 5376 1732 5446 post
1766 5385 1960 5428 saecu-

305 5453 428 5516 lum
461 5453 869 5531 undecimum,
895 5474 1010 5536 quo
1054 5462 1291 5515 sanctus
1321 5454 1656 5518 Lietbertus
1678 5456 1960 5518 Hieroso-

2046 5357 2197 5443 buit,
2233 5364 2358 5445 pari
2412 5364 2488 5426 de
2539 5381 2741 5438 causa,
2776 5365 2829 5426 si
2879 5365 3029 5428 forte
3083 5366 3303 5428 ibidem
3347 5367 3423 5429 de
3474 5366 3692 5429 Sancto

2046 5466 2247 5517 nostro
2304 5472 2503 5516 sermo
2565 5454 2662 5527 sit,
2697 5455 3016 5517 dicendum
3081 5456 3327 5537 videtur,
3362 5456 3445 5518 uti
3505 5465 3565 5519 et
3615 5456 3694 5518 de

305 5543 523 5625 Iymam
548 5545 739 5625 petiit,
759 5553 860 5605 aut
882 5544 1031 5605 forte
1059 5544 1237 5604 etiam
1263 5544 1460 5626 citius,
1495 5543 1726 5625 aliquas
1747 5545 1953 5609 saltem
2040 5545 2495 5628 quibuscunque
2551 5562 2655 5605 seu
2712 5545 3104 5626 scriptoribus
3161 5564 3267 5607 seu
3314 5546 3695 5608 documentis

304 5633 497 5695 sancti
520 5632 806 5695 Demetrii
830 5632 1111 5715 reliquias
1138 5632 1320 5696 fuisse
1347 5634 1657 5696 distractus
1678 5653 1785 5696 seu
1817 5655 1949 5697 cum
2036 5637 2190 5709 aliis,
2228 5638 2283 5693 in
2318 5633 2534 5715 quibus
2582 5632 2782 5695 Sancti
2817 5635 3000 5696 nos.ri
3033 5653 3251 5715 corpus
3295 5635 3689 5703 determinato

298 5722 412 5793 aiis
440 5723 714 5789 ecclesiis
748 5722 1327 5800 communicatas,ex
1340 5725 1465 5810 jam
1500 5742 1661 5787 nunc
1679 5724 1951 5791 dicendis
2033 5725 2314 5811 cuiquam
2347 5724 2477 5789 Ioco
2509 5740 2680 5785 sacro
2711 5721 3051 5794 ascribitur,
