4100 6428
396 377 548 448 1147

1749 383 2206 450 SUPPLEMEN
2214 384 2402 450 TUM.

3625 383 3779 453 1148

391 519 419 590 §
465 516 556 602 IX.
591 518 766 602 Quam
811 521 1046 602 insignis
1079 525 1281 602 Sancto
1322 525 1501 583 cattus
1545 520 2031 602 Quastantinopoti,
2057 535 2094 588 Α
2118 519 2446 599 troparium
2484 521 2783 602 martyris,
2816 520 2976 600 quod
3032 520 3175 597 Leo,
3209 519 3691 601 sapientissimus
3720 529 3780 584 et

462 591 541 670 ab
585 593 718 664 ipsis
771 591 938 651 etiam
989 596 1230 670 Orientis
1260 595 1690 670 imperatoribus,
1735 591 1906 668 fuerit
1942 591 2037 650 de-

461 662 630 734 latus,
669 671 720 722 et
752 683 920 738 quam
949 667 1154 740 quidem
1186 662 1442 742 antiquus
1474 670 1520 724 is
1551 669 1640 725 sit.

468 773 590 829 112.
624 774 804 843 Quam
829 778 1038 850 insigni
1074 780 1317 838 Sanctus
1341 781 1502 837 cultu
1525 773 2042 850 Constantinopoli,

390 856 465 918 ab
497 857 646 938 ipsis
678 861 852 922 etiam
895 861 1156 926 Orientis
1197 863 1680 944 imperatoribus,
1714 880 2048 939 eorumque

393 947 454 1008 in
484 948 618 1010 aula
647 949 896 1012 affectus
925 953 1064 1016 olim
1117 955 1320 1030 fuerit,
1357 955 1740 1016 manifestum
1775 956 1837 1014 fit
1889 955 1980 1014 vel
2012 971 2045 1014 e

393 1036 536 1097 solis
557 1038 606 1098 Α
621 1039 738 1101 ula?
756 1041 1119 1120 Byzantinos
1141 1047 1542 1120 caremoniis,
1572 1064 1686 1106 non
1707 1044 1927 1124 serius,
1960 1049 2044 1110 uti

392 1125 544 1187 infra
571 1126 822 1199 docebo.
849 1151 1027 1212 quam
1053 1135 1255 1197 saeculi
1286 1153 1343 1198 xr
1375 1135 1544 1196 initio
1572 1133 2042 1214 scriptis,anno-

393 1233 508 1294 que
542 1216 688 1278 i751
746 1219 958 1301 Lipsiae
1013 1224 1289 1302 vulgatis.
1352 1225 1570 1287 Harum
1635 1224 1794 1285 enim
1853 1223 1958 1286 lib.
1997 1240 2037 1296 ι,

390 1323 522 1385 cap.
571 1305 671 1382 2f,
705 1311 1043 1390 exponitur,
1077 1313 1176 1394 qui
1240 1314 1556 1393 quotannis
1584 1313 1797 1374 festum
1853 1312 2043 1374 sancti

394 1396 707 1478 Demetrii,
732 1399 988 1462 solenzni
1011 1403 1083 1464 ad
1117 1403 1431 1465 ecclesiam
1467 1403 1604 1465 huic
1634 1420 1862 1464 sacram
1897 1421 2039 1483 pro-

391 1485 666 1548 cessione
697 1489 992 1565 instituta,
1026 1492 1418 1572 imperatores
1450 1512 1568 1555 una
1598 1513 1729 1554 cum
1766 1492 1903 1554 aula
1935 1511 2040 1554 sua

392 1574 693 1639 honorare
745 1579 1060 1646 soluerint.
1117 1583 1180 1644 Id
1243 1584 1492 1664 proinde
1569 1589 1862 1661 integrum
1930 1584 2043 1644 huc

395 1666 746 1730 transcribo.
784 1671 882 1732 Sic
913 1671 1093 1734 habet
1120 1691 1133 1736 :
1177 1700 1202 1728 α
1233 1673 1436 1736 Pridie
1467 1675 1639 1735 unius
1665 1673 1784 1734 diei
1807 1673 2042 1734 Domini

2123 610 2391 690 optimus
2419 609 2768 690 imperator,
2807 612 3163 691 composuit,
3197 631 3387 693 usque
3442 611 3516 673 ad
3548 612 3728 674 verba
3758 629 3772 676 :

2127 698 2347 761 Latens
2376 707 2564 761 natus
2593 717 2653 760 es
2685 719 2706 776 ;
2762 700 3138 779 ingrediente
3167 709 3366 763 autem
3401 703 3780 783 processione

2129 788 2449 850 triclinium
2481 807 2750 859 aureum,
2787 791 3104 868 tropariam
3157 790 3584 864 encaeniorum,
3619 790 3774 852 scili-

2131 891 2222 940 cet
2256 878 2479 941 Gratiu
2513 879 2644 952 tibi,
2671 879 2914 942 Christe
2938 879 3534 961 Deus,apostolorum
3550 879 3774 966 gloria,

2129 967 2406 1031 recitare.

2214 1059 2350 1121 114.
2393 1082 2420 1112 α
2459 1059 2787 1136 Imperator
2822 1057 2984 1134 inde,
3020 1079 3136 1139 quo
3167 1057 3416 1135 abierat,
3449 1059 3777 1140 digressus,

2128 1167 2234 1228 per
2267 1147 2528 1208 medium
2563 1148 3100 1228 chrysolriclinium
3137 1150 3347 1230 pergit,
3382 1157 3443 1212 et
3473 1169 3544 1212 ex
3573 1151 3780 1212 orien-

2128 1237 2342 1298 talibus
2370 1238 2556 1318 portis
2581 1257 2713 1298 cum
2742 1237 3122 1318 processione
3156 1240 3482 1318 egreditur,
3518 1239 3658 1301 dum
3693 1238 3782 1301 in-

2128 1333 2290 1388 terea
2325 1326 2617 1405 magistri,
2654 1327 3063 1405 proconsules,
3099 1328 3328 1407 patricii
3380 1338 3438 1390 et
3469 1327 3779 1410 ofﬁciales,

2124 1435 2155 1474 e
2181 1415 2426 1494 regione
2456 1415 2664 1495 templi
2702 1423 2886 1476 sancti
2914 1415 3219 1497 Demetrii,
3246 1435 3350 1478 seu
3379 1417 3450 1478 ad
3478 1417 3778 1479 sinistram

2125 1513 2349 1584 partem
2407 1503 2756 1566 cubicularii
2814 1523 2954 1566 vero
3017 1506 3086 1566 ad
3150 1507 3473 1568 orientales
3539 1504 3778 1578 Solarii,

2127 1594 2519 1657 dominicum
2573 1594 2908 1674 patriarcha
2951 1594 3010 1654 in
3041 1596 3193 1656 atrio
3242 1597 3448 1675 templi
3497 1604 3677 1670 stant,
3711 1614 3781 1656 ac

2128 1683 2493 1744 solemnibus
2542 1684 2941 1744 encmniorum
2983 1685 3192 1745 ritibus
3221 1687 3474 1766 peractis
3506 1685 3782 1747 introitus

395 1759 728 1838 praepositis
786 1763 1072 1837 indicant,
1107 1765 1202 1826 die
1253 1775 1540 1847 sequente
1571 1784 1704 1828 cum
1754 1765 2048 1856 allaximis
2129 1773 2214 1835 fit.
2250 1773 2599 1834 Patriarcha
2630 1775 2953 1834 sacrarium
3015 1759 3484 1848 intrat,'domini
3521 1794 3626 1856 per
3659 1794 3783 1838 tne-

394 1857 666 1966 senatunr
702 1852 1044 1966 univJersum
1099 1856 1362 1934 prodire,
1401 1875 1604 1966 mane)
1629 1866 1824 1918 autem
1887 1855 2284 1966 circaBdiam
2337 1861 2652 1922 ecclesiam
2712 1871 3111 1942 transeuntes,
3173 1852 3578 1943 egrediuntur,
3613 1874 3666 1926 et
3721 1869 3782 1924 in

395 1938 602 2034 horam
635 1942 959 2034 secundum
996 1946 1344 2034 praepositus
1399 1945 1630 2025 ingredi
1656 1947 1889 2025 jubent,
1926 1964 2041 2024 quo
2070 1938 2104 1966 ⁸³
2130 1963 2442 2027 terrasero,
2471 1951 2628 2030 quod
2665 1950 2744 2012 ibi
2778 1961 2886 2024 est,
2927 1938 3239 2014 lectionem
3271 1953 3573 2034 Evangelii
3607 1954 3784 2015 audi-

391 2023 573 2108 lacto,
598 2046 732 2122 cum
767 2032 971 2122 paucis
993 2023 1397 2108 cubiculariis,
1429 2023 1576 2116 papa
1607 2023 1830 2107 (Grece
1854 2023 2041 2095 habe-
2127 2042 2266 2119 turi,
2301 2049 2388 2101 ast
2413 2023 2512 2101 unt.
2567 2039 2776 2102 Postea
2811 2061 2914 2120 per
2965 2053 3276 2122 argenteas
3327 2023 3644 2119 Macronis,
3674 2062 3784 2106 seu

391 2125 486 2211 tpr
539 2121 735 2211 «tanta,
798 2121 856 2211 id
916 2131 1007 2184 est
1063 2143 1130 2185 ex
1189 2126 1390 2203 Cangii
1449 2125 1521 2186 ad
1573 2144 1774 2186 vocem
1839 2127 2040 2189 παπίας
2129 2130 2392 2210 porticus
2441 2129 2732 2209 oblongae,
2763 2131 2976 2209 januas
3009 2121 3309 2211 progressi
3369 2132 3598 2194 tunicas
3645 2151 3785 2195 suas

394 2205 614 2280 Gloss.,
640 2209 818 2302 palati
873 2214 1140 2286 custode)
1173 2223 1229 2274 et
1277 2216 1672 2277 hetaeriarcha
1702 2215 1946 2296 abeunt,
1986 2221 2044 2274 et
2127 2205 2406 2291 induunt,
2442 2205 2810 2300 aureumque
2839 2205 3158 2282 triclinium
3196 2223 3585 2302 ingressi,pro
3619 2240 3784 2284 more

397 2299 788 2386 patriarcham
815 2318 949 2362 cum
987 2304 1379 2384 metropolitis
1401 2315 1459 2366 et
1488 2305 1720 2386 reliquo
1749 2306 1878 2385 ejus
1907 2305 2043 2366 offi-
2128 2313 2450 2376 consident.
2477 2315 2524 2370 ei
2547 2299 2860 2383 breviipost
2885 2317 3055 2372 missa
3089 2299 3283 2372 datur:
3303 2299 3571 2374 Convivio
3593 2325 3784 2374 autem

397 2385 490 2446 cio
512 2387 836 2482 adducunt.
875 2393 981 2464 Qui
1009 2411 1114 2474 per
1147 2395 1437 2475 porticum
1466 2385 1777 2458 triconchii
1811 2397 2046 2474 ingres-
2130 2398 2244 2460 hoc
2273 2397 2370 2458 die
2404 2399 2820 2478 patriarcharn,
2851 2400 3284 2480 metropolitas,
3310 2409 3368 2460 et
3392 2417 3786 2482 quoscunque

398 2493 525 2568 sus,
559 2476 621 2538 in
652 2497 889 2541 camera
916 2484 1077 2543 aurei
1133 2485 1400 2565 triclinii,
1433 2504 1565 2566 quae
1599 2485 1864 2566 proxima
1897 2504 2050 2565 pan-
2130 2487 2353 2555 volunt,
2405 2476 2738 2568 senatores,
2793 2476 3100 2548 adhibent.
3143 2515 3164 2546 ι
3213 2476 3427 2566 Magna
3479 2476 3784 2552 enimvero

397 2565 534 2626 theo
567 2578 680 2660 est,
715 2571 1008 2632 considet.
1050 2575 1348 2654 Praepositi
1383 2585 1582 2637 autem
1603 2565 1883 2656 ingressi,
1928 2576 2046 2636 im-
2131 2577 2512 2639 solemnitate
2539 2565 2734 2638 sarcti
2757 2577 3272 2640 Dernetriifestum
3306 2565 3379 2641 ab
3404 2579 3788 2660 imperatori-

395 2657 770 2734 peratoribus
801 2662 933 2741 ejus
965 2662 1280 2726 adventum
1315 2666 1608 2740 nuntiant,
1636 2668 1733 2747 qui
1767 2675 2041 2745 surgunt,
2130 2666 2245 2728 bus
2297 2665 2972 2746 Constantinopolitanis
3021 2686 3348 2748 eorumque
3375 2657 3509 2730 aula
3539 2676 3787 2749 quotan-

393 2755 451 2839 ct
479 2763 780 2839 cameram
809 2752 1320 2816 sanctiTheodori
1355 2755 1630 2832 ingressi,
1658 2757 2047 2819 tunicassuas
2129 2757 2224 2818 nis
2275 2755 2563 2818 celebrari
2635 2757 3148 2837 Constantinopoli
3213 2758 3488 2839 soluisse,
3550 2779 3621 2820 ex
3685 2759 3786 2823 hic

396 2835 676 2928 induunt,
719 2847 779 2900 et
836 2850 1006 2904 extra
1063 2844 1258 2906 velum
1309 2851 1439 2922 ejus
1489 2865 1744 2908 cameras
1793 2847 2046 2928 egressi,
2130 2846 2468 2927 descriptis,
2505 2847 2742 2926 quibus,
2782 2859 2919 2907 tunc
2955 2865 2987 2908 e
3021 2835 3280 2908 triclinio
3311 2835 3628 2924 aureo,seu
3662 2849 3786 2910 im-

390 2934 604 2988 astant.
637 2926 871 2992 Interea
927 2934 1221 3013 praepositi
1254 2935 1650 3016 patriarcham
1709 2926 2041 3009 adducunt,
2130 2926 2466 3016 peratorum
2527 2936 2585 2996 in
2619 2936 2838 3016 palatio
2872 2955 2977 2997 suo
3027 2938 3516 2999 commorationis
3545 2939 3672 3000 loco
3710 2937 3785 3000 ad

395 3034 569 3108 quem
603 3017 829 3108 domini
861 3040 966 3100 pro
1015 3042 1181 3086 more
1211 3026 1581 3101 osculantur,
1618 3035 1675 3088 et
1731 3027 2036 3108 paululum
2121 3025 2311 3088 sancti
2345 3024 2632 3088 Demetrii
2655 3025 2943 3108 templum
2972 3025 3355 3105 pergebutur,
3393 3027 3775 3090 ctnremoniis

395 3106 656 3196 inaureo
680 3107 941 3171 triclinio
964 3130 1096 3172 cum
1122 3133 1192 3176 eo
1218 3115 1554 3195 consident,
1580 3106 1879 3196 rebusque
1901 3135 2040 3177 om-

393 3194 571 3257 nibus
630 3196 784 3260 bene
835 3200 1146 3274 ordinatis,
1182 3194 1742 3284 prmpositiintrant.
1781 3194 2039 3267 dominis

393 3285 452 3348 id
488 3288 833 3362 nuntiaturi,
864 3293 965 3365 qui
999 3291 1310 3354 confestim
1359 3314 1491 3356 cum
1527 3295 1858 3375 patriarcha
1916 3285 2103 3356 sur-'7
2129 3293 2842 3374 templum?Codinus,De
2867 3295 3160 3358 Ecclesiae
3180 3305 3234 3357 et
3256 3296 3420 3357 aufer
3441 3297 3784 3360 Constanti-

393 3383 630 3455 gunt,el
661 3378 778 3437 ritu
817 3379 932 3458 ipsi
957 3380 1212 3442 solemni
1242 3385 1491 3465 egressi,
1526 3402 1631 3464 per
1663 3385 2042 3464 tripetonem,

393 3465 789 3540 Lausiacum,
848 3469 1330 3547 Justinianeum,
1391 3473 1548 3553 scyla
1605 3481 1663 3534 et
1721 3475 2047 3535 exteriores

399 3553 990 3637 Marcianiﬁporticus
1043 3569 1441 3636 transeuntes,
1475 3563 1798 3624 oratorium
1859 3560 2051 3624 sancti

390 3642 574 3718 Petri,
609 3647 766 3723 quod
803 3647 882 3708 ibi
912 3648 1090 3710 situm
1125 3659 1233 3726 est,
1265 3659 1490 3730 petunt.

476 3733 617 3802 H3.
663 3757 684 3790 ει
724 3735 1044 3799 Sciendum
1079 3750 1191 3818 est,
1223 3742 1482 3804 dominis
1540 3761 1672 3806 cum
1709 3742 2048 3825 patriarcha

392 3842 458 3883 ex
489 3842 672 3886 aureo
697 3827 958 3888 triclinio
983 3831 1472 3908 procedentibus,
1508 3847 1648 3896 ante
1681 3841 1882 3914 portas
1917 3834 2049 3911 ejus

391 3923 702 3992 argenteas
733 3919 1010 3980 eunucho
1047 3923 1570 4002 protospatharios,
1605 3923 2041 4003 etlogothetam

392 4023 602 4095 cursus
633 4006 1023 4085 publici,cum
1048 4013 1558 4090 protoscriniario,
1579 4024 1636 4076 et
1661 4023 1850 4095 primo
1877 4025 2042 4076 nota-

388 4093 660 4186 riorum,
701 4096 1006 4160 ministros
1059 4111 1256 4163 autem
1321 4103 1567 4166 triclinii
1631 4093 1820 4181 aurei,
1860 4122 2046 4186 prope

398 4184 768 4275 horologium
802 4197 1013 4250 astare.
1056 4194 1233 4252 Porro
1268 4194 1565 4268 dominos,
1602 4214 1670 4256 ex
1702 4184 1885 4256 aeneis
1919 4184 2050 4275 por-

399 4275 470 4334 tis
493 4273 567 4336 ad
591 4277 940 4340 Lausiacum
975 4299 1273 4358 egressos,
1311 4285 1676 4345 manclavitae
1709 4296 1766 4344 et
1796 4273 2043 4347 cubicu-

397 4364 527 4425 larii
556 4385 765 4428 omnes
816 4369 1141 4450 excipiunt,
1175 4381 1232 4432 et
1263 4373 1646 4435 comitantur.
1678 4375 1834 4435 Intra
1863 4375 2040 4453 sryla,

394 4473 494 4514 sec
516 4454 575 4516 in
595 4465 857 4518 extrema
886 4460 1237 4520 Justinianei
1264 4461 1502 4522 triclinii
1538 4472 1721 4541 parte,
1754 4463 2042 4540 magistri,

395 4547 780 4621 proconsules
835 4556 892 4608 et
946 4547 1232 4610 officiales
1281 4551 1522 4630 adsunt,
1559 4560 1618 4612 et
1665 4562 2046 4615 transeuntes

2125 3114 2506 3176 manifestum
2545 3116 2603 3178 fil
2620 3164 2633 3178 .

2213 3204 2346 3264 115.
2387 3203 2610 3266 Verum
2635 3205 2933 3285 quodnam
2965 3205 3109 3267 illud
3133 3205 3237 3266 fuit
3271 3206 3456 3268 sancti
3497 3205 3786 3270 Demetrii

2129 3383 2495 3463 nopolitana:
2515 3383 2894 3463 oﬁiciis,cap.
2917 3385 3181 3446 t5.hunc
3203 3385 3410 3446 scribit
3433 3387 3488 3445 in
3514 3386 3784 3450 modum:

2137 3499 2164 3528 (ι
2194 3471 2258 3533 In
2316 3473 2604 3534 memoria
2640 3473 2838 3553 magni
2872 3472 3156 3535 Demetrii
3205 3473 3328 3535 abit
3357 3474 3685 3555 imperator
3711 3475 3786 3537 ad

2133 3562 2534 3624 venerandum
2599 3566 3024 3625 monasterium
3085 3563 3570 3643 Palaeologorum,
3626 3564 3786 3645 quod

2136 3651 2377 3713 nomine
2411 3652 2672 3731 prazdicti
2708 3656 2984 3733 martyris
3016 3653 3350 3732 insignitur.
3393 3678 3415 3710 ι)
3445 3652 3788 3715 Monasterii

2137 3741 2624 3818 Palzeologorurn,
2659 3740 2730 3801 ad
2768 3741 2924 3820 quod
2966 3748 3355 3822 imperatores
3397 3743 3474 3804 ‘26
3506 3741 3790 3806 Octobris

2133 3831 2252 3904 die,
2288 3839 2495 3892 sancto
2529 3831 2828 3892 Demetrio
2855 3850 3309 3911 sacra,pergere
3340 3832 3658 3912 quotannis
3681 3851 3788 3892 so-

2133 3921 2350 3993 lerent,
2385 3918 2782 4000 Pachymeres
2833 3938 3070 4000 quoque
3105 3929 3247 3982 tom.
3284 3920 3356 3994 ll,
3395 3921 3494 3982 lib.
3531 3939 3614 3996 ιγ,
3649 3940 3789 3999 cap.

2133 4014 2225 4076 12.
2265 4011 2561 4073 meminit.
2599 4011 2707 4072 Vix
2766 4031 2834 4072 ac
2869 4031 2943 4072 ne
2976 4011 3064 4072 vix
3101 4011 3344 4091 quidem
3379 4011 3607 4086 dubito,
3641 4014 3791 4094 quin

2131 4103 2304 4176 hujus
2343 4103 2806 4174 Palaeologorum
2842 4107 3174 4161 ntonasttrii
3209 4106 3481 4174 u-mplum
3505 4120 3684 4163 unum
3716 4107 3794 4164 sit

2131 4202 2310 4272 atque
2341 4190 2496 4252 idem
2524 4209 2656 4250 cum
2695 4189 2940 4266 templo,
2970 4190 3027 4250 in
3055 4191 3205 4250 anim
3235 4190 3566 4270 Byzantina)
3597 4209 3788 4253 stere-

2138 4281 2351 4340 moniis
2388 4279 2652 4360 proxime
2683 4289 3041 4351 memorato,
3079 4281 3169 4341 cui
3225 4279 3480 4359 primum
3515 4301 3546 4341 a
3599 4280 3790 4341 Barda

2127 4370 2362 4431 Caesare
2394 4389 2462 4430 ex
2493 4367 2768 4430 dicendis
2799 4368 3088 4430 azdifitato
3129 4371 3556 4430 monasterium
3583 4377 3791 4450 postea

2129 4462 2603 4531 tur-ritadjtotum
2665 4461 2774 4516 Res
2810 4461 3153 4530 ampliusea
3188 4461 3446 4518 ᾶὶοςιιιὰἱε
3477 4462 3788 4520 elucescet.

2127 4544 2302 4625 Apud
2334 4543 2703 4615 Bandurum,
2737 4545 2995 4622 Imperii
3028 4543 3374 4606 Orientalis
3399 4553 3542 4608 tom.
3580 4547 3787 4619 l,ano-

395 4633 690 4709 dominos,
756 4636 1134 4715 procidentes
1191 4641 1249 4699 in
1325 4651 1568 4714 terram,
1629 4642 1898 4706 adorant.
1954 4643 2364 4714 llliDnymus,
2398 4634 2885 4713 Antiquitatum,
2923 4653 3030 4695 seu
3087 4643 3147 4694 ut
3170 4643 3454 4696 vocantur
3497 4633 3572 4696 ab
3627 4635 3786 4711 aliis,

392 4729 614 4796 autem,
646 4732 713 4784 ut
772 4744 952 4804 supra
979 4726 1354 4789 observatum
1388 4740 1500 4804 est,
1533 4731 1604 4792 ad
1637 4734 1826 4794 sancti
1885 4735 2042 4796 Petri

395 4811 637 4884 abeunt,
671 4812 773 4874 ubi
834 4817 1171 4894 patriarcha
1215 4820 1540 4881 sacrarium
1602 4823 1953 4901 ingreditur,
1987 4831 2046 4884 et

398 4908 528 4991 post
555 4918 763 4991 preces
811 4905 1114 4967 solemnes
1146 4920 1437 4988 peractas,
1472 4910 1673 4989 psaltaa
1721 4914 2042 4991 troparium

395 4988 706 5069 incipiunt.
743 4991 1080 5057 Patriarcha
1115 4997 1334 5060 deinde
1365 5019 1435 5061 ex
1465 4988 1725 5064 sacrario
1772 4988 2041 5064 sanctum

397 5079 780 5156 I'Zvangelium
827 5102 1000 5146 manu
1033 5093 1266 5161 tenens,
1295 5091 1364 5149 ad
1399 5098 1599 5168 portas
1629 5091 2043 5169 imperatorias

395 5169 686 5262 cjusdem
702 5174 943 5233 oratorii
965 5177 1628 5253 procedit,subdiacono
1651 5199 1888 5242 crucem
1913 5199 2044 5262 pro-

397 5259 787 5351 cessionalem
821 5263 1197 5345 praeferente,
1233 5269 1468 5330 Domini
1518 5288 1728 5332 cereos
1759 5289 1789 5331 a
1818 5259 2043 5351 praepo-

397 5348 528 5409 sitis
555 5350 889 5440 accipiunt,
913 5362 1119 5432 terque
1149 5375 1304 5431 genu
1363 5358 1538 5435 ﬂexo,
1575 5360 1647 5421 ad
1681 5348 1866 5422 Deum
1899 5348 2038 5440 pre-

392 5445 622 5509 cantur,
659 5449 798 5502 tunc
851 5439 1231 5521 Evangelium
1267 5455 1326 5507 et
1367 5467 1608 5509 crucem
1669 5439 2033 5525 osculantur,

2131 4727 2465 4805 Originum
2505 4723 3324 4803 Constantinapolitanarum
3347 4730 3628 4804 scriptor.
3657 4724 3785 4804 qui,

2129 4813 2636 4892 quemadmodum
2670 4811 2942 4874 laudatus
2999 4813 3314 4876 Bandurus
3344 4812 3405 4874 in
3437 4812 3790 4877 Praefatione

2131 4915 2290 4966 tomo
2315 4902 2434 4976 isti,
2468 4919 2649 4981 opera
2668 4900 3048 4982 pptissimum
3073 4910 3246 4963 antea
3271 4902 3492 4964 inedita
3511 4903 3789 4982 comple-

2129 4995 2332 5066 ctenti,
2357 5011 2392 5053 a
2425 5010 2488 5053 se
2524 4989 3062 5070 praemissa,dccet,
3085 4991 3302 5052 smculo
3335 4991 3690 5052 duodecimo
3711 4995 3790 5054 ad

2128 5084 2384 5146 mediam
2403 5081 2644 5143 circiter
2666 5079 2759 5141 sui
2784 5093 3006 5159 partem
3034 5089 3310 5158 provecto
3328 5081 3552 5156 ﬂoruit,
3589 5082 3792 5162 operis

2127 5179 2214 5236 sui
2251 5179 2378 5254 part
2429 5188 2678 5241 rr,num.
2713 5170 2790 5233 68
2814 5168 2900 5230 sic
2931 5169 3162 5230 scribit:
3205 5194 3230 5224 α
3262 5167 3460 5233 Sancti
3497 5170 3786 5234 Demetrii

2127 5263 2479 5342 aadem,quae
2504 5276 2684 5336 supra
2709 5276 2911 5318 muros
2937 5257 3385 5328 exstat,Bardas
3409 5259 3603 5322 Caesar
3631 5259 3788 5320 tnui-

2125 5352 2337 5419 ficavit,
2369 5347 2698 5411 avunculus
2731 5346 3060 5428 Michaelis,
3087 5367 3266 5428 quem
3296 5347 3597 5411 interfecit
3629 5348 3796 5411 Basi-

2123 5445 2238 5506 lius
2263 5438 2416 5521 apud
2445 5449 2714 5497 sanctum
2743 5437 3126 5516 Mamantem,
3147 5438 3271 5517 jam
3303 5445 3478 5500 antea
3501 5440 3629 5518 ipso
3655 5439 3789 5502 C23-

391 5537 450 5590 el
479 5528 731 5590 diacono
764 5531 1135 5608 incensante,
1175 5538 1516 5616 imperator,
1555 5540 1906 5617 patriarcha:
1954 5523 2037 5600 in-
2119 5551 2275 5605 sare,
2301 5532 2438 5590 dum
2471 5544 2586 5586 una
2617 5543 2751 5584 cum
2800 5523 3087 5588 Michaele
3129 5525 3495 5589 Orientalem
3531 5527 3788 5607 expedi-

395 5617 589 5693 nixus,
623 5637 656 5680 e
690 5621 912 5700 templo
943 5624 1269 5701 egreditur.
1318 5629 1768 5691 Observandum
1803 5648 2038 5710 quoque
2118 5630 2330 5685 tionem
2353 5620 2695 5710 SVUSCiPeWt»
2734 5621 3109 5710 membratim
3151 5622 3452 5710 ορηοίεοίη
3473 5630 3789 5710 φοδβθιω
3853 5677 3864 5685 .

393 5721 504 5790 cst,
543 5727 760 5792 pompa
791 5729 824 5772 a
877 5715 1068 5776 sancti
1117 5716 1280 5778 Petri
1327 5718 1718 5802 procedente,
1765 5703 2040 5784 cantores
2121 5708 2424 5789 Michaelis
2455 5723 2524 5768 ex
2543 5721 2748 5765 sorore
2790 5723 2896 5766 sua
2923 5705 3136 5786 geniti.
3168 5703 3376 5770 Frater
3407 5704 3629 5792 quippe
3658 5718 3790 5807 erat
