4100 6458
367 453 524 520 1173

1448 448 1509 511 S.
1554 448 1937 510 DEMETRII
1979 447 2381 510 MARTYRIS
2421 447 2645 511 ACTA.

3579 443 3730 511 1174

367 607 3678 642 Mm

1463 760 1947 869 PASSIO

2068 762 2623 872 ALTERA

1584 973 1940 1039 AUCTORE
1982 973 2347 1040 ANONYMO
2397 977 2500 1057 (ι).

921 1114 978 1179 Ε
1021 1114 1422 1178 Bibliothecw
1470 1112 1780 1176 Vaticana:
1822 1114 2028 1180 codice
2070 1117 2212 1198 821,
2259 1117 2596 1199 interprete
2642 1119 2921 1182 Cornelio
2967 1121 3147 1201 Byco.

1877 1403 2104 1464 CAPUT
2140 1407 2184 1464 Ι.

345 1529 586 1584 Sanctus
628 1529 786 1602 ﬁdem
826 1529 1111 1600 praedicat,
1142 1528 1622 1607 comprehenditur,
1653 1528 1727 1584 ad
1773 1528 2168 1607 quimianum
2217 1530 2529 1607 adducitur,
2561 1532 2825 1607 custodiri
2846 1534 2932 1607 rab
2980 1535 3078 1591 hoc
3115 1534 3366 1607 jubetur,
3397 1549 3430 1587 a
3477 1529 3713 1603 Nestore,

1169 1607 1355 1658 contra
1392 1602 1612 1672 Lyceum
1645 1605 1975 1672 pugnaturo,
2006 1604 2350 1673 convenitur,
2381 1605 2574 1677 illique
2617 1605 2894 1663 benedicit.

425 1727 506 1787 α’.
555 1729 906 1808 Μαξιμιανὸς,
954 1731 980 1785 ὁ
1025 1731 1112 1786 vati.
1165 1729 1496 1807 Ἐρκούλιός,
1533 1728 1796 1794 ὑποτάξας
1848 1731 2048 1784 Γότ-Α

340 1820 465 1882 θους
524 1821 612 1874 καὶ
675 1820 1021 1896 Σαυρομάτας
1079 1824 1196 1884 τοῖς
1243 1813 1548 1898 Ῥωμαίοις,
1609 1817 1879 1877 κατελθὼν
1933 1817 1988 1872 ἐν

335 1912 408 1983 τῇ
453 1907 887 1965 Θεσσαλονικέων
945 1908 1099 1965 πόλει
1166 1907 1410 1985 διέτριϐε,
1488 1906 1846 1982 δυσευδαίμων
1901 1908 1988 1964 καὶ

331 1997 610 2077 θεομάχος
671 1999 970 2076 ἄνθρωπος,
1029 1999 1114 2054 καὶ
1144 2000 1216 2062 εἷς
1261 1999 1421 2075 βάθος
1466 2003 1566 2064 τῆς
1600 1998 1807 2063 πλάνης
1864 1995 1984 2051 ὀλι-

332 2087 574 2151 σθηκώς.
635 2086 1003 2166 Ἐφαιδρύνετο
1067 2087 1188 2143 τότε
1244 2089 1278 2154 ἡ
1343 2091 1449 2143 τῶν
1513 2084 1744 2142 εἰδώλων
1803 2085 1983 2152 πλάνη

328 2181 615 2255 πανταχοῦ
684 2176 991 2251 τιμωμένη,
1055 2178 1142 2234 καὶ
1203 2175 1413 2254 δωρεῶν
1472 2177 1742 2252 μεγίστων
1801 2173 1982 2240 ἀξιου-

329 2263 497 2339 μένη.
561 2262 815 2321 Ἐδίωκον
872 2266 972 2344 γὰρ
1035 2268 1082 2322 οἱ
1141 2270 1246 2321 τῶν
1292 2269 1427 2322 θεῶν
1485 2265 1798 2342 θεραπευταὶ
1860 2264 1982 2328 τοὺς

330 2355 562 2430 Χριστὸν
635 2352 1029 2432 ὁμολογοῦντας
1092 2362 1226 2412 Θεοῦ
1324 2356 1464 2424 ι’ἱὸν,
1534 2354 1620 2410 καὶ
1690 2351 1983 2418 ἀκινδύνως

327 2442 698 2522 κατέσφαττον
759 2445 881 2508 τοὺς
925 2448 1024 2509 τῆς
1067 2443 1326 2510 ἀληθινῆς
1388 2443 1572 2524 σοφίας
1637 2444 1982 2519 θεραπευτάς,

333 2529 429 2590 Ἐν
465 2532 550 2594 οἷς
583 2533 649 2599 ἢν
691 2534 778 2590 καὶ
834 2535 861 2589 ὂ
904 2534 1310 2608 μακαριώτατος
1374 2535 1709 2611 Δημήτριος,
1771 2531 1984 2612 ἐμφανῆ

338 2624 504 2677 ποιῶν
556 2623 764 2693 ἑαυτὸν,
826 2623 912 2678 καὶ
958 2621 1142 2679 οὗδένα
1183 2620 1342 2700 φόϐον
1385 2622 1422 2688 ἢ
1453 2620 1686 2679 κίνδυνον
1715 2620 1986 2678 ὑποστελ-

333 2709 592 2784 λόμενος.
644 2720 764 2767 Βιον
810 2711 907 2786 μὲν
938 2713 1168 2790 καθαρὸν
1212 2713 1298 2768 καὶ
1334 2709 1612 2786 ἄμεμπτον
1671 2710 1728 2767 ἐκ
1787 2711 1983 2777 νεότη-

334 2822 431 2864 τος
456 2797 875 2876 ἒπιδειξάμενος,
907 2803 1000 2857 τὸν
1031 2801 1292 2880 σωτήριον
1322 2799 1484 2878 λόγον
1515 2799 1660 2880 ἔχων
1691 2799 1744 2855 ἒν
1785 2800 1979 2872 ἐαυτῷ,

336 2891 429 2946 καὶ
474 2888 781 2963 μεταδιδοὺς
839 2903 959 2954 τοῖς
1032 2889 1522 2970 προστυγχάνουσι,
1580 2890 1666 2945 καὶ
1725 2887 1984 2944 διδάσκων

333 2981 476 3054 μετά
526 2983 837 3056 προθυμίας,
883 2981 1074 3038 πείθων
1129 3002 1186 3036 τε
1241 2980 1336 3036 καὶ
1413 2978 1793 3057 διαλεγόμενος
1849 2978 1985 3034 κατά

2157 1728 2734 1813 1.Maximianus,qui
2767 1740 2822 1793 et
2845 1727 3481 1811 Herculius(2),Gothis
3502 1724 3717 1790 Sauro-

2076 1818 2367 1898 matisque
2393 1823 2664 1881 Romano
2688 1820 2940 1900 imperio
2964 1820 3224 1882 subactis
3251 1817 3638 1898 (3),reversus
3656 1814 3718 1874 in

2070 1907 2689 1970 Thessalonicensium
2741 1909 3225 1972 commorabatur
3252 1907 3503 1977 civitate,
3539 1904 3719 1966 homo

2069 1995 2271 2058 infelix
2311 2006 2368 2059 et
2400 1997 2521 2060 Deo
2569 1998 2848 2061 inimicus
2881 2007 2938 2061 et
2997 1999 3054 2060 in
3087 1994 3311 2060 erroris
3351 1992 3715 2074 profundum

2069 2087 2367 2168 delapsus.
2402 2089 2682 2152 Florebat
2713 2099 2852 2153 tunc
2881 2089 3174 2153 idolorum
3208 2087 3457 2163 insania,
3490 2085 3714 2166 ubique

2067 2177 2224 2239 culta
2279 2178 2671 2261 maximisque
2702 2180 3049 2242 muneribus
3078 2180 3363 2240 honorata
3400 2198 3416 2252 ;
3462 2175 3710 2236 deorum

2068 2266 2226 2328 enim
2261 2267 2517 2328 ministri
2546 2286 2674 2349 eos,
2697 2270 2794 2351 qui
2827 2269 3126 2333 Christum
3159 2267 3586 2328 confiterentur
3605 2263 3712 2325 Fi-

2067 2355 2209 2417 lium
2239 2355 2367 2429 Dei,
2403 2357 2938 2438 persequebantur,
2967 2359 3330 2438 impuneque
3358 2352 3715 2416 occidebant

2067 2462 2222 2506 verte
2245 2443 2440 2524 Sapie:
2455 2445 2567 2507 .tiae
2588 2446 2871 2510 cultores.
2905 2446 3065 2520 Quos
3088 2447 3241 2508 inter
3262 2452 3388 2506 erat
3409 2452 3467 2504 et
3488 2441 3712 2503 beatis-

2068 2532 2256 2595 simus
2277 2533 2997 2616 Demetrius,qui,metum
3033 2536 3211 2598 etiam
3243 2533 3470 2596 nullum
3495 2538 3714 2612 autpe-

2067 2623 2323 2683 riculum
2352 2625 2983 2699 curans,manifestum
3017 2625 3273 2687 faciebat
3302 2622 3718 2700 semetipsum,

2069 2711 2442 2792 quique,vita
2465 2731 2608 2775 sane
2630 2713 3424 2796 purairreprehensibilique
3445 2729 3478 2772 a
3492 2711 3715 2789 juven-

2069 2807 2194 2861 tute
2226 2800 2424 2882 ducta,
2459 2803 2668 2864 salutis
2701 2803 2878 2864 verba
2911 2803 2971 2866 in
3004 2821 3070 2866 se
3099 2801 3376 2882 habebat,
3407 2800 3714 2879 obviisque

2068 2888 2502 2961 tradebat,cum
2527 2891 2708 2952 animi
2727 2893 3026 2954 alacritate
3048 2900 3103 2954 et
3127 2892 3374 2963 docens,
3410 2897 3468 2951 et
3487 2889 3714 2950 instans

2069 2987 2129 3038 et
2201 2996 2452 3057 arguens
2507 2980 2836 3042 secundum
2891 2981 3278 3062 apostolicum
3351 2986 3710 3059 praeceptum

331 3071 400 3124 τὸ
457 3068 813 3126 ἀποστολικὸν
857 3067 1094 3143 ἕνταλμα
1134 3078 1229 3128 τοῦ
1272 3069 1530 3145 μακαρίου
1591 3066 1802 3125 Παύλου
1851 3067 1977 3145 πρδς

2069 3065 2226 3129 beati
2254 3067 2421 3130 Pauli
2452 3069 2522 3130 ad
2555 3077 2820 3132 sanctum
2844 3070 3218 3133 Timotheum
3250 3067 3340 3148 (4)
3366 3067 3708 3146 scribentis,

333 3159 430 3215 τὸν
472 3158 624 3236 ἅγιον
655 3159 912 3234 Τιμόθεον
961 3159 1292 3237 γράψαντος,
1341 3159 1431 3214 καὶ
1481 3155 1758 3214 δποθέσθαι
1816 3179 1982 3213 κατα-

333 3247 627 3314 ξιώσαντος
659 3249 720 3304 τὸ
751 3246 1028 3315 Ἐπίστηθι
1061 3249 1340 3327 εὖκαίρως,
1373 3247 1629 3325 ἀκαίρως.

417 3337 500 3414 β’.
552 3336 732 3402 Οὕτως
789 3339 877 3394 οὖν
940 3339 966 3395 δ
1005 3338 1414 3415 μακαριώτατος
1454 3337 1764 3415 Δημήτριος
1797 3335 1857 3392 ὲκ
1890 3336 1974 3412 γέ-

331 3449 458 3491 νους
517 3430 622 3483 τῶν
677 3425 986 3505 περιδόξων,
1047 3428 1135 3483 καὶ
1220 3432 1319 3494 τῆς
1405 3424 1705 3505 συγκλήτου
1777 3425 1975 3502 βουλῆς

326 3516 611 3595 δπάρχων,
659 3515 967 3594 ἐκσκὲπτωρ
1075 3519 1137 3572 τὸ
1221 3521 1430 3594 πρῶτον
1489 3516 1971 3594 στρατευσάμενος,

327 3608 420 3662 καὶ
451 3605 743 3667 ἀνθύπατος
776 3606 1009 3684 γεγονὼς
1052 3603 1334 3678 Ἐλλάδος,
1395 3605 1480 3659 καὶ
1529 3603 1728 3660 δπάτου
1759 3604 1974 3679 ὠραιῶ-

326 3717 394 3749 να
443 3690 627 3750 ἓλαϐἐν
662 3696 764 3750 ὕπὸ
824 3701 915 3751 τοῦ
969 3693 1230 3771 βασιλέως
1279 3691 1630 3766 Μαξιμιανοῦ.
1694 3693 1860 3757 Abte:
1920 3692 1975 3749 δὲ

328 3788 509 3839 πᾶσαν
567 3784 758 3860 γήϊνον
790 3781 942 3849 δοξαν
975 3784 1049 3846 εἷς
1079 3781 1226 3839 οὒὸὲν
1267 3780 1645 3861 λογισάμενος,

330 3873 524 3936 ποιοὺς
550 3871 842 3939 ἒποιιὶσατο
873 3871 1082 3950 λόγους,
1121 3872 1425 3950 ἑρμηνεύων
1483 3893 1541 3926 τε
1599 3875 1696 3928 καὶ
1743 3869 1972 3944 δεικνὺς,

331 3961 417 4018 ὅτι
469 3963 560 4018 τὸν
622 3962 944 4019 ἀπολωλότα
1001 3961 1297 4040 ἄνθρωπον,
1357 3962 1439 4017 καὶ
1492 3961 1615 4026 ταῖς
1644 3960 1796 4025 ἰδίαις
1843 3961 1972 4016 ἀνο-

1680 3783 1801 3847 τοὺς
1833 3789 1974 3853 ζωο-

332 4052 481 4123 piat:
539 4051 991 4130 τεθανατωαὲεδον,
1050 4053 1085 4118 ἡ
1145 4052 1413 4130 πάνσοφος
1475 4058 1567 4106 τοῦ
1620 4052 1752 4107 Θεοῦ
1800 4050 1976 4128 Λόγου

329 4140 470 4197 κατὰ
529 4141 695 4218 σάρκα
726 4143 1006 4214 παρουσία,
1054 4139 1327 4206 διέστησεν
1384 4139 1480 4214 μὲν
1516 4139 1622 4195 ἀπὸ
1670 4145 1768 4205 τῆς
1827 4139 1972 4195 πλάο

330 4250 454 4300 νης,
486 4229 788 4307 ἀπεκάθηρε
846 4228 899 4285 δὲ
942 4230 1048 4285 ἀπὸ
1090 4230 1268 4296 πάσης
1320 4229 1564 4303 ἀνομίας,
1625 4229 1714 4285 καὶ
1771 4230 1972 4292 παντὸς

327 4317 575 4397 σκότους,
608 4326 719 4400 φῶς
753 4318 806 4376 δὲ
857 4318 1148 4394 ἀνέτειλεν,
1194 4321 1282 4376 καὶ
1333 4318 1538 4397 ἡμέραν
1581 4318 1874 4394 ἐλευθερίας
1919 4319 1974 4374 ἐν

2066 3155 2332 3236 illudque
2366 3181 2392 3212 »
2453 3156 2627 3221 Iusta
2657 3165 3010 3242 Opportune,
3045 3160 3386 3240 importune
3420 3181 3475 3232 ι),
3509 3155 3705 3218 incul-

2061 3263 2200 3307 care
2229 3245 2576 3325 satagentis.

2141 3337 2202 3398 Ξ.
2231 3333 2326 3396 Sic
2358 3337 2562 3413 itaque
2592 3335 2972 3398 beatissimus
2995 3336 3359 3412 Demetrius,
3385 3354 3454 3397 ex
3486 3333 3703 3397 illustri

2060 3423 2481 3505 senatorioque
2537 3443 2755 3502 genere
2787 3426 3075 3488 oriundus
3109 3426 3217 3504 (5).
3252 3443 3388 3488 cum
3445 3425 3698 3504 primum

2059 3514 2393 3595 exceptoris
2420 3513 2612 3577 officio
2637 3515 2726 3595 (6)
2765 3514 3467 3596 militasset,Grmciaeque
3488 3512 3704 3576 deinde

2060 3604 2378 3683 proconsul
2409 3612 2653 3665 creatus
2684 3605 3211 3677 esset,consularia
3239 3604 3416 3667 etiam
3443 3602 3705 3682 insignia

2059 3691 2132 3753 ab
2184 3692 2545 3772 imperatore
2577 3693 2930 3755 Maximiano
2985 3693 3250 3772 accepit;
3306 3693 3434 3773 ipse
3478 3700 3699 3770 autem,

2059 3798 2298 3842 omnem
2361 3780 2564 3841 mundi
2618 3782 2868 3858 gloriam
2941 3783 3086 3844 nihil
3143 3782 3388 3855 faciens,
3447 3782 3697 3843 salutem

2059 3869 2364 3931 afferentia
2409 3869 2591 3930 verba
2621 3869 2889 3945 faciebat,
2924 3870 3226 3951 explicans
3281 3877 3459 3950 atque
3492 3876 3700 3931 osten-

2058 3958 2336 4038 dens,qui
2360 3958 2661 4019 hominem
2685 3959 3005 4039 perditum,
3031 3958 3405 4039 propriisque
3440 3957 3700 4038 peccatis

2060 4055 2354 4108 mortuum
2389 4046 2662 4107 omniscii
2710 4048 2812 4110 Dei
2851 4048 3036 4109 Verbi
3064 4049 3396 4109 secundum
3455 4065 3699 4110 carnem

2057 4135 2346 4198 adventus
2381 4135 2452 4196 ab
2485 4154 2692 4198 errore
2739 4137 2980 4216 quidem
3013 4136 3387 4206 abstraxerit,
3419 4135 3492 4197 ab
3537 4137 3704 4197 omni

2058 4237 2254 4289 autem
2304 4225 2613 4302 iniquitate
2671 4231 2950 4306 omnique
3004 4225 3280 4305 calligine
3339 4226 3697 4305 expurgarit,

2059 4317 2259 4378 lumen
2292 4333 2468 4395 porro
2494 4315 2640 4377 oriri
2671 4315 2900 4391 fecerit,
2935 4315 3351 4396 libertatisque
3381 4313 3443 4375 in
3473 4313 3701 4376 anima-

401 4479 478 4548 (l)
510 4477 795 4550 Quidquid
829 4480 898 4535 de
929 4479 1208 4544 scriptore
1249 4478 1380 4546 hoc,
1444 4479 1538 4550 qui
1570 4477 1826 4535 fortassis
1849 4479 2028 4548 jamc
2052 4476 2209 4550 vium
2235 4489 2400 4550 num.
2429 4475 2500 4550 3O
2531 4483 2584 4531 et
2610 4490 2728 4546 seq.

322 4548 463 4606 inde
489 4565 520 4622 a
553 4548 762 4608 saeculo
792 4560 952 4607 sexto
981 4550 1380 4622 ﬂoruithcitu
1413 4548 1697 4622 praecipue
1731 4551 1967 4621 dignum

324 4621 865 4692 est.7Commentarii
911 4623 1096 4691 pravii
1137 4619 1228 4692 ἐξ
1268 4619 1526 4688 exposui.

396 4691 476 4760 (2)
519 4693 856 4761 Imperator,
894 4694 1000 4748 sub
1032 4691 1156 4763 quo’
1185 4699 1416 4763 sanctus
1470 4691 1970 4763 Demetriusmar-

329 4763 479 4832 tyrio
515 4775 823 4820 coronatus
856 4772 961 4829 est,
1015 4761 1131 4818 non
1196 4762 1521 4825 Herculius.
1571 4761 1669 4818 sed
1705 4762 1968 4820 Galerius

326 4835 770 4904 cognominatus
804 4835 928 4890 fuit.
961 4834 1464 4906 quemadmodum.
1508 4849 1631 4906 quae
1662 4832 1970 4906 commen-

332 4906 460 4960 tarii
498 4908 690 4974 prmvii
723 4920 862 4962 num
897 4906 965 4962 57
997 4916 1050 4962 et
1105 4919 1224 4975 seq.
1259 4905 1317 4961 in
1349 4904 1600 4961 medium
1633 4904 1868 4974 adduxi,
1904 4905 1970 4961 ﬂ-

329 4976 460 5030 dem
493 4977 725 5034 factum.

403 5047 486 5115 (3)
513 5047 889 5115 Quandonam
949 5047 1113 5104 Gothi
1159 5045 1638 5118 Sauromataeque
1676 5061 1800 5118 seu
1833 5047 1972 5106 Sar-

329 5127 497 5174 matae
524 5121 616 5172 hic.
673 5118 992 5176 int-morati.
1048 5133 1077 5172 ο
1126 5117 1467 5174 Maximiano
1500 5115 1726 5175 Galerio
1760 5118 1972 5176 fuerint

329 5187 551 5262 subacti
590 5206 690 5246 seu
728 5190 1029 5262 proﬂigati,
1063 5189 1467 5246 Commentarii
1502 5193 1691 5259 praevii
1719 5203 1876 5247 num.
1899 5191 1972 5248 60

327 5258 598 5316 lectorem
629 5258 850 5318 edo—cui.

397 5331 476 5399 (4)
507 5330 763 5402 Epistola
799 5332 854 5396 2,
886 5345 1014 5400 cap.
1048 5332 1105 5400 4,
1141 5347 1193 5386 ν.
1232 5331 1286 5387 2.

393 5403 476 5470 (5)
505 5403 802 5460 Senatorio
833 5417 1044 5474 genere
1074 5411 1260 5460 ortum
1299 5417 1425 5474 esse
1453 5404 1740 5462 Sanctum.
1765 5417 1874 5460 nec
1911 5404 1967 5462 in

322 5472 628 5533 Photiana.
670 5489 776 5530 nec
807 5472 863 5531 in
895 5475 1267 5530 Anastasiana
1305 5472 1430 5545 ejus
1463 5474 1737 5531 Passione
1764 5476 1970 5533 funda-

325 5555 583 5618 mentum
614 5545 826 5618 habet;
861 5560 1060 5618 quare,
1093 5560 1225 5600 cum
1265 5560 1370 5602 nee
1409 5545 1665 5610 aliunde,
1709 5560 1822 5617 quo
1849 5546 1968 5618 jam

326 5613 580 5672 illustres
614 5613 893 5672 Demetrii
913 5632 981 5672 na
1011 5615 1130 5672 alus
1160 5630 1467 5689 possumus
1499 5613 1775 5676 astruere.
1801 5613 1962 5689 quid-

324 5701 496 5758 quam
520 5689 1196 5750 occurrat,senatorione.
1222 5701 1292 5743 an
1323 5688 1503 5744 altero
1533 5701 1745 5758 genere
1766 5688 1972 5746 oriun-

322 5757 431 5818 dus
467 5757 557 5814 hic
594 5758 690 5828 sit,
720 5767 804 5818 est
860 5758 1121 5816 dubium.
1153 5759 1260 5816 Adi
1292 5757 1782 5818 Commentarium
1815 5774 1967 5831 prae-

2127 4549 2204 4619 (6)
2233 4547 2589 4619 Vocabulum
2631 4551 2903 4619 exceptat-7,
2958 4548 3222 4619 generice
3262 4553 3580 4619 acceptum,
3612 4547 3698 4602 si-

2053 4618 2286 4690 gniﬁcat
2315 4618 2586 4690 scribam,
2623 4616 2793 4690 atque
2827 4616 3115 4690 adeo—hic
3165 4616 3350 4690 illum.
3403 4617 3526 4690 qui,
3573 4628 3698 4688 quae

2051 4687 2330 4759 Quantum
2367 4688 2438 4744 ad
2468 4703 2559 4745 res
2589 4687 2862 4746 militares
2907 4692 2964 4745 in
2993 4689 3174 4746 libros
3207 4687 3500 4759 referenda
3535 4687 3698 4746 erant

2051 4758 2153 4818 seu
2210 4760 2484 4823 notanda,
2551 4760 2754 4816 litteris
2802 4761 3124 4817 mandabat.
3172 4759 3271 4816 Adi
3315 4758 3596 4828 Cangium
3637 4761 3696 4816 in

2055 4830 2345 4889 Glossario
2367 4832 2566 4887 mediae
2586 4841 2642 4887 et
2663 4829 2906 4888 inﬁrmae
2925 4831 3238 4888 Latinitatis
3260 4831 3330 4886 ad
3357 4831 3698 4888 vocabulum

2055 4900 2355 4973 Exceptor,
2382 4901 2536 4973 quod
2598 4912 2862 4973 praeterea
2922 4902 3099 4962 idem.
3147 4901 3300 4973 quod
3358 4901 3699 4973 vocabulum

2053 4971 2322 5035 Grmcum
2346 4971 2688 5052 Ἐκσκὲπτωρ
2709 4972 3021 5051 signiﬁcat,
3058 4973 3140 5034 uti
3160 4971 3321 5034 idem
3351 4971 3610 5052 scriptor
3637 4973 3700 5034 in

2053 5053 2345 5111 Glossario
2369 5053 2570 5109 mediae
2591 5063 2644 5110 et
2663 5050 2887 5109 inﬁma;
2920 5053 3237 5111 Graecitatis
3266 5053 3452 5108 docet.
3483 5050 3699 5109 Verum

2051 5138 2204 5181 anne
2260 5125 2503 5181 Sanctus
2570 5123 2802 5180 militari
2861 5125 3182 5194 exceptoris
3265 5122 3452 5179 ofﬁcio
3509 5124 3696 5191 reipsa

2057 5199 2250 5259 etiam,
2292 5196 2373 5253 uti
2407 5197 2500 5250 hic
2528 5195 2825 5261 asseritur,
2859 5193 3090 5252 functus
3119 5193 3307 5259 fuerit,
3342 5195 3480 5250 mihi
3511 5194 3700 5250 ambi-

2055 5267 2307 5337 gendum
2335 5273 2609 5337 apparet,
2646 5266 2724 5322 uti
2757 5267 2923 5322 etiam
2953 5280 3026 5322 an
3062 5280 3341 5336 unquam,
3375 5264 3530 5337 quod
3560 5278 3697 5322 mox

2053 5335 2152 5394 hic
2207 5335 2495 5402 subddu’r,
2541 5338 2610 5393 ad
2661 5338 3029 5406 proconsulis
3075 5335 3309 5395 Graecia
3360 5335 3694 5406 dignitatem

2051 5408 2221 5466 fuerit
2251 5418 2567 5477 prometus.
2601 5405 2827 5464 Etenim
2867 5417 2979 5464 tam
3020 5409 3147 5471 hoc.
3186 5421 3357 5479 quam
3401 5405 3544 5479 illud
3575 5419 3692 5462 me-

2055 5482 2251 5536 moriae
2281 5479 2376 5535 hic
2405 5481 2657 5549 primum
2687 5480 2975 5549 proditum
3007 5479 3181 5536 fuisse
3207 5477 3438 5534 ridetur
3463 5477 3536 5533 ab
3561 5490 3696 5549 ano-

2052 5563 2228 5621 nymo
2258 5546 2450 5608 Sancti
2507 5546 2704 5607 nostri
2731 5551 3073 5621 biograpbo,
3104 5549 3222 5621 qui,
3255 5562 3388 5621 cum
3419 5549 3489 5604 ab
3521 5546 3696 5618 hujus

2052 5620 2218 5678 aetate
2249 5622 2469 5692 aliquot
2498 5621 2720 5678 saeculis
2753 5620 3025 5694 abfuerit,
3074 5620 3244 5680 ﬁdem
3274 5635 3339 5678 ea
3371 5620 3434 5677 in
3469 5632 3533 5675 re
3563 5631 3696 5675 cer-

2052 5699 2166 5752 tam
2205 5694 2356 5751 haud
2389 5701 2662 5756 meretur.
