4100 6442
382 357 537 422 1175
1743 354 2391 417 SUPPLEMENTUM.
3388 366 3395 369 '
3604 348 3760 413 1176

377 491 492 555 bus
531 508 761 567 eorum,
795 491 894 573 qui
929 507 1065 553 eum
1114 488 1434 568 recipiunt,
1471 487 1814 569 produxerit
1842 487 2026 567 diem,

2123 498 2233 550 ταῖς
2294 492 2506 567 ψυχαῖς
2552 491 2656 543 τῶν
2712 482 3025 567 δεχομένῶν
3054 484 3223 555 αὐτὴν
3267 482 3651 573 ἀπειργάσατο,
3685 481 3764 573 δι-

380 583 486 661 qui
510 582 799 663 justitiam
811 571 1380 658 ,mansuetudinem,
1413 578 2021 659 pacem,charitatem,

2123 579 2393 644 ιαιοσύνην
2427 619 2444 646 ,
2528 574 2839 649 ἒπιείκειας,
2922 575 3140 650 εὶρήνην
3175 620 3191 649 ,
3246 573 3511 654 ἀγάπην,
3573 571 3760 663 ἑλπίδα

376 661 545 752 spem
595 669 727 733 vitae
781 678 1020 732 aeterna;
1078 668 1325 747 praebet,
1387 668 1746 748 temporaria
1795 667 2020 747 abjicit,

2123 672 2247 737 ζωῆς
2312 670 2691 743 περιποιοῦσαν
2748 664 2986 739 αἰωνίου,
3018 665 3085 721 τὰ
3116 665 3415 742 πρόσκαιρα
3453 664 3548 740 μὲν
3581 661 3759 741 ﬁmoﬁ-

379 750 668 823 aiternum
699 766 876 840 atque
919 757 1334 839 incorruptum
1369 757 1582 837 pignus
1629 757 1885 833 confert,
1921 774 2021 818 re-

2123 757 2411 836 5ίπτουσαν,
2474 756 2562 812 τὸν
2631 752 2688 811 δὲ
2751 752 2925 810 ἀΐδιον
3000 752 3094 810 καί
3162 750 3425 834 ἄφθαρτον
3479 750 3759 831 ἀρραϐῶνα

378 849 811 913 surrectionem
865 866 901 909 a
930 847 1200 922 mortuis,
1235 847 1694 929 ingressumque
1748 846 1811 907 in
1846 864 2022 927 para-

2123 844 2473 924 ταρέχοσσαν,
2533 844 2633 912 τὴν
2685 845 2748 900 ὲκ
2791 847 2991 916 νεκρῶν
3048 842 3360 917 ἀνάστασιν,
3404 841 3642 909 mit-iw
3683 842 3760 904 εἷς

2108 932 2427 1013 παράδεισον
2458 931 2806 1011 προξενοῦσαν
2838 930 3199 1004 ἐπανάςευξιν,

2186 1021 2272 1102 γ”,
2328 1022 2503 1081 Ταῦτά
2576 1021 2917 1085 διδάσκοντος
2995 1028 3088 1079 τοῦ
3156 1022 3420 1100 μακαρίου
3495 1021 3759 1099 μάρτυρος

2112 1113 2420 1191 Δημητρίου
2473 1112 2609 1187 μετὰ
2659 1113 2977 1191 παρουσίαξ,
3040 1113 3129 1168 καὶ
3187 1112 3277 1168 τὸν
3356 1109 3525 1189 λόγον
3574 1117 3761 1168 τοῦτον

2112 1203 2416 1281 πρακτικῶς
2449 1202 2787 1277 βεϐαιοῦντος
2832 1198 2917 1257 διὰ
2949 1206 3046 1267 τῆς
3081 1201 3309 1267 πίστεως
3348 1217 3362 1232 ⁸
3428 1198 3646 1258 πολλῶν
3707 1198 3764 1254 δὲ

2111 1296 2255 1364 αὒτῷ
2286 1288 2370 1347 διὰ
2397 1294 2562 1348 ταῦτα
2606 1290 2667 1347 ἐκ
2698 1295 2795 1357 τῆς
2824 1296 2930 1346 τῶν
2958 1288 3238 1359 Ἑλλήνων
3296 1288 3529 1356 πληθύος
3586 1309 3763 1367 προσ-

2113 1380 2327 1456 ιόντων,
2400 1381 2487 1436 καὶ
2542 1377 3028 1457 συνευρισκομένων
3116 1379 3176 1436 ἐκ
3232 1379 3446 1454 δοσμῶν
3510 1386 3602 1436 τοῦ
3660 1383 3761 1445 τῆς

2113 1469 2322 1534 πόλεως
2383 1468 2754 1547 μεγαλοφόρου
2797 1468 2851 1524 ἓν
2912 1475 2981 1545 τῇ
3012 1468 3191 1526 ἐκεῖσε
3225 1468 3566 1542 Χαλκευτιδιῇ
3596 1467 3762 1543 λεγο-

2114 1558 2250 1633 μένη
2281 1563 2437 1636 στοᾷ,
2499 1556 2619 1614 ἔνθα
2677 1558 2767 1614 καὶ
2825 1558 2996 1615 εἰώθει
3050 1558 3155 1636 cae
3199 1555 3445 1621 συνόδους
3490 1560 3763 1613 ποιεῖσθαι

2114 1649 2215 1703 ὑπὸ
2258 1648 2352 1712 τὰς
2410 1668 2502 1703 του
2533 1645 2689 1725 ἐγγὺς
2733 1645 2992 1722 δημοσίω
3035 1646 3258 1726 λουτροῦ
3312 1647 3598 1724 ὑπογαίους
3657 1667 3764 1701 γα-

2117 1735 2311 1814 μάρας,
2361 1734 2795 1813 μεγαλυνομένης
2826 1757 2883 1792 τε
2915 1741 3012 1803 τῆς
3042 1738 3160 1815 περὶ
3191 1738 3348 1795 αὐτὸν
3399 1735 3588 1816 φήμης
3641 1733 3761 1791 καθ’

379 938 575 1002 disum
610 937 911 1001 conciliat.

460 1027 522 1091 3.
575 1029 724 1091 Cum
759 1027 886 1089 haec
939 1026 1223 1089 audacter
1266 1026 1512 1090 doceret
1553 1026 1761 1089 beatus
1807 1031 2026 1105 martyr

378 1117 744 1196 Demetrius,
798 1133 1263 1195 sermonemque
1321 1116 1486 1178 illum
1546 1115 1686 1177 fidei
1741 1113 2026 1197 operibus

380 1205 787 1287 conﬁrmaret;
806 1205 973 1267 multi
998 1213 1194 1267 autem
1223 1213 1540 1285 propterea
1555 1223 1624 1266 ex
1651 1204 2025 1266 ethnicorum

381 1294 765 1359 multitudine
783 1294 856 1356 ad
881 1312 1017 1356 eum
1041 1293 1421 1367 accederent,
1443 1302 1623 1374 atque
1644 1293 1718 1356 ad
1754 1293 2025 1354 occiden-

383 1387 562 1449 talem
612 1383 814 1463 magni
843 1383 956 1446 fori
986 1382 1237 1445 civitatis
1272 1384 1499 1463 plagam
1531 1383 1592 1444 in
1642 1384 1775 1445 loco
1807 1381 2026 1443 ibidem

380 1474 524 1556 sito,
547 1474 649 1553 qui
678 1474 872 1534 Enea
912 1472 1176 1553 porticus
1203 1472 1545 1545 vocabetur,
1579 1471 1679 1533 ubi
1709 1472 1884 1533 etiam
1919 1469 2029 1531 sub

380 1560 714 1643 adjacentis
747 1561 946 1624 balnei
998 1560 1221 1642 publici
1254 1561 1659 1624 subterraneis
1704 1559 2032 1622 fornicibus

382 1660 571 1714 coetus
591 1668 770 1731 agere
799 1649 1051 1725 solebat,
1078 1650 1350 1731 famaque
1372 1651 1533 1712 illius
1553 1668 1658 1731 per
1698 1658 1873 1712 totam
1898 1650 2032 1710 civi-

382 1749 563 1802 tatem
590 1740 989 1820 viciniamque
1015 1739 1792 1820 spargeretur,imperatoris
1813 1739 2032 1799 milites

382 1847 501 1890 una
532 1847 665 1891 cum
690 1827 1002 1891 lictoribus
1025 1827 1619 1909 publicis,quibus,ut
1639 1829 1697 1890 in
1737 1828 2027 1890 Christia-

2123 1825 2246 1893 Ξλης
2304 1826 2403 1893 τῆς
2448 1825 2659 1889 πόλεως
2704 1827 2792 1882 καί
2835 1830 2934 1895 τῆς
2980 1826 3310 1905 περιχώρου,
3359 1828 3406 1882 οἱ
3436 1826 3538 1893 τὴν
3568 1825 3770 1895 ἀναζή-

381 1936 492 1980 nos
560 1915 954 1999 inquirerent,
1031 1925 1158 1979 erat
1227 1917 1585 1995 injunctnm,
1662 1918 2031 1980 Demetrium

383 2006 887 2088 comprehensum
918 2009 1134 2086 (neque
1160 2007 1320 2068 enim
1346 2006 1716 2086 fugiens,sed
1751 2016 2032 2068 consueta

385 2113 521 2158 cum
554 2092 836 2157 fratribus
884 2093 1189 2173 religionis
1221 2094 1552 2157 ministeria
1581 2094 1790 2157 obiens
1823 2106 2028 2176 captus

382 2192 489 2255 est)
550 2183 906 2247 Maximiano
976 2183 1084 2247 Dei
1143 2183 1409 2259 inimico,
1470 2184 1645 2247 veluti
1713 2188 2028 2249 maximam

384 2272 669 2356 praedam,
704 2274 1009 2349 stiterunt,
1040 2273 1300 2335 futurum
1356 2274 1785 2350 existimantes,
1822 2284 1883 2337 ut
1913 2275 2032 2337 im-

384 2361 646 2443 peratori
678 2362 932 2423 maxime
957 2360 1298 2442 probarent,
1322 2373 1600 2445 quautam
1633 2364 2031 2442 diligentiam,

382 2468 462 2514 ne
520 2450 891 2515 Christianus
930 2450 1107 2532 ullus,
1141 2458 1345 2532 utpote
1377 2460 1435 2513 et
1464 2451 1651 2533 ipsos,
1684 2454 1784 2533 qui
1815 2454 2034 2516 celsio-

386 2539 474 2603 ris
504 2538 870 2602 conditionis
900 2549 1124 2615 essent,
1151 2540 1473 2621 prodentes
1500 2540 1883 2605 absconditus
1918 2562 2036 2607 ma-

385 2637 579 2706 neret,
616 2628 1066 2710 impenderent.

465 2717 797 2797 4-.Contigit
817 2725 1014 2779 autem
1042 2724 1107 2780 ut
1126 2719 1199 2794 is,
1221 2718 1375 2799 quod
1400 2719 1686 2800 singulari
1708 2723 2034 2785 certamine

385 2807 818 2883 decertatnros,
851 2806 1201 2888 reliquaque
1248 2810 1538 2889 pentathli
1568 2811 1735 2873 lusus
1763 2814 1852 2890 (7)
1903 2832 2036 2895 Spe-

387 2895 618 2960 ctacula
673 2896 938 2958 edituros
968 2905 1247 2959 cerneret
1297 2898 1369 2959 ad
1405 2898 1662 2963 civitatis
1708 2902 2031 2983 theatrum,

2110 1938 2267 1983 τησιν
2299 1916 2406 1971 τῶν
2458 1914 2785 1988 Χριστιανῶν
2832 1922 3161 1991 στρατιῶται
3208 1921 3299 1972 τοῦ
3346 1912 3609 1991 βασιλέως
3652 1913 3770 1981 ἅμα

2108 2018 2226 2070 τοῖς
2259 2003 2532 2071 δημοσίοις
2564 2004 3049 2082 προστεταγμένοις
3096 2005 3399 2082 ποιεῖσθαι,
3461 2000 3768 2059 συλλαϐόν-

2109 2115 2194 2158 τες
2228 2095 2316 2149 τὸν
2348 2094 2610 2169 μακάριον
2658 2096 2969 2172 Δημήτριον
3032 2091 3174 2172 (οὒδὲ
3232 2093 3332 2172 γὰρ
3370 2092 3576 2171 φεύγων
3636 2114 3768 2149 συν-

2113 2182 2344 2263 ελήφθη,
2394 2181 2532 2239 ἀλλὰ
2565 2183 2657 2245 τὰς
2690 2184 2934 2254 σδνήθεις
2966 2183 3079 2258 ἅμα
3107 2196 3227 2248 τοῖς
3275 2179 3529 2262 ἀδελφοῖς
3556 2183 3766 2258 ἱερουρ-

2114 2280 2223 2349 γῶν
2294 2272 2561 2353 λατρείας)
2627 2279 2703 2346 τῷ
2756 2272 3016 2352 θεομάχῳ
3061 2270 3376 2347 Μαξιμιανῷ
3426 2270 3661 2349 καθάπερ
3719 2293 3770 2326 τι

2116 2363 2367 2441 μέγιστον
2419 2365 2635 2441 θήραμα
2694 2361 3069 2439 προσήγαγον,
3103 2362 3336 2438 οἰόμενοι
3391 2361 3606 2421 ἑαυτοὺς
3654 2359 3769 2434 μά-

2118 2452 2276 2509 λιστα
2318 2459 2394 2525 τῷ
2438 2451 2658 2527 βασιλεῖ
2711 2452 3059 2529 παραθέσθαι,
3096 2452 3139 2507 εί
3189 2460 3287 2518 τὴν
3335 2448 3647 2525 ἐπιμέλειαν
3677 2458 3773 2507 τοῦ

2120 2538 2323 2616 μηδένα
2383 2543 2700 2619 Χριστιανὸν
2769 2540 3045 2597 λανθάνειν
3130 2539 3502 2612 ἐπιδείξαιντο,
3558 2540 3621 2596 τὸ
3680 2540 3771 2595 καὶ

2117 2632 2237 2696 τοὺς
2264 2632 2507 2710 ὑπεροχῇ
2536 2630 2690 2694 ὄντας
2721 2631 3182 2705 καταμηνύοντες,

2198 2718 2267 2778 δ’.
2307 2720 2404 2778 Καὶ
2449 2723 2475 2775 ὁ
2532 2719 2632 2795 μὲν
2684 2719 2873 2799 ἔτυχεν
2916 2718 3002 2775 ἐπὶ
3046 2721 3108 2776 τὸ
3159 2723 3258 2785 τῆς
3302 2717 3514 2781 πόλεως
3544 2715 3771 2797 θέατρον

2113 2813 2176 2869 τὸ
2233 2809 2562 2885 καλούμενον
2606 2806 2821 2865 στάδιον
2870 2808 3073 2865 ἀνιέναι
3130 2808 3250 2873 θέας
3279 2807 3457 2864 ἕνεκεν
3503 2814 3610 2863 τῶν
3660 2828 3773 2883 p.0—

2116 2911 2385 2979 νομαχεῖν
2436 2896 2770 2973 μελλόντων,
2831 2898 2921 2955 καὶ
2969 2898 3035 2954 τὰ
3095 2896 3258 2955 λοιπὰ
3314 2899 3406 2953 τοῦ
3473 2896 3773 2953 πεντάθλου

386 2984 546 3068 quod
575 2984 832 3048 stadium
869 2985 1113 3061 dicitur,
1146 2986 1361 3051 adiret.
1392 2987 1522 3053 Illic
1553 2991 1712 3053 enim
1746 3011 1779 3054 e
1824 2994 2031 3058 tabulis

2123 2990 2355 3063 θεάματα
2383 2984 2768 3044 ἐπιτελούντων
2803 3003 2816 3017 ⁸
2857 2986 2974 3043 ἐκεῖ
3022 2985 3122 3066 γάρ
3169 2987 3312 3060 αύτῷ
3370 2986 3772 3060 παρεσκεύαστο

386 3073 744 3181 quibusdam
769 3072 1262 3154 sepimenturn,in
1284 3079 1465 3140 altum
1493 3085 2031 3165 suspensum,quod

2123 3078 2204 3135 διά
2252 3099 2411 3134 τινων
2460 3073 2682 3133 σανίδων
2742 3075 3238 3155 περιπεφραγμένος
3297 3073 3476 3149 κύκλῳ
3533 3074 3588 3130 ἐν
3644 3074 3772 3150 ὕψει

384 3162 802 3246 ingredientes
831 3172 1246 3245 suscepturum
1275 3177 1421 3248 erat,
1456 3169 1662 3231 circuli
1702 3170 1763 3232 in
1796 3162 2031 3235 modum

2123 3167 2482 3246 κρεμάμενος,
2517 3166 2545 3221 ὃ
2575 3163 2824 3242 δέχεσθαι
2871 3165 3082 3242 μέλλων
3141 3166 3264 3228 τοὺς
3313 3164 3368 3221 ἒν
3401 3164 3543 3239 αὒτῷ
3573 3165 3770 3221 εἰσιόν-

384 3263 452 3316 et
473 3263 599 3316 erat
620 3261 888 3335 paratum
916 3253 1022 3332 (8);
1047 3272 1300 3317 cernere
1331 3258 1490 3319 enim
1520 3258 1762 3322 humani
1792 3262 2031 3342 sangui-

2123 3278 2239 3330 τας,
2305 3253 2436 3311 διότι
2479 3254 2665 3333 τέρψις
2719 3253 2785 3322 ἦν
2844 3256 2986 3330 αὐτῷ
3018 3259 3113 3311 τοῦ
3166 3252 3383 3332 βλέπειν
3427 3254 3774 3330 ἀνθρωπίνων

2123 3346 2363 3420 αἱμάτων
2405 3343 2652 3423 ἔκχυσιν.
2689 3342 2837 3411 Πλὴν
2889 3344 2981 3400 οὐκ
3026 3343 3178 3408 ἒκτὶς
3222 3342 3490 3423 φροντίδος
3544 3343 3580 3411 ἢ
3611 3345 3775 3418 μερί-

2123 3456 2261 3510 μνης
2311 3433 2441 3513 εἶχε
2470 3434 2532 3488 τὸ
2564 3433 2837 3512 δρώμενον
2870 3451 2885 3469 ·
2918 3430 3145 3489 διέκειτο
3173 3434 3273 3512 γὰρ
3302 3434 3330 3489 ὸ
3360 3432 3607 3509 βασιλεὺς
3654 3436 3776 3512 περί

2119 3545 2237 3580 τινα
2282 3522 2599 3602 μονομάχον
2658 3527 2859 3581 Λυαῖον
2918 3521 3141 3598 ὀνόματι
3192 3522 3251 3578 ἐκ
3297 3529 3391 3580 τοῦ
3436 3521 3613 3586 ἔθνους
3664 3530 3773 3579 τῶν

2121 3610 2435 3670 Οὐανδάλων
2491 3611 2827 3693 ὑπάρχοντα,
2887 3612 3036 3691 ἰσχύι
3093 3613 3184 3669 καὶ
3255 3610 3465 3691 μεγέθει
3517 3613 3772 3688 σώματος

2120 3700 2540 3777 ἆνεσταλμένον,
2597 3702 2655 3765 ὃς
2698 3700 2760 3757 οὒ
2825 3701 2988 3777 μόνον
3036 3701 3091 3758 ἒν
3155 3692 3335 3778 Ῥώμῃ
3393 3700 3626 3765 πολλοὺς
3695 3704 3774 3766 εἷς

2120 3791 2219 3859 τὴν
2282 3789 2468 3848 λοῦδον
2530 3792 2814 3871 ἀνῃρήκει,
2875 3789 3015 3847 ἀλλὰ
3070 3791 3160 3847 καὶ
3217 3789 3272 3846 ἐν
3303 3797 3381 3865 τῷ
3413 3792 3648 3873 Σερμίῳ,
3681 3794 3778 3849 καὶ

2124 3881 2178 3937 ἐν
2226 3886 2294 3957 τῇ
2334 3878 2768 3938 Θεσσαλονικέων
2800 3878 2954 3937 πόλει
2990 3894 3003 3909 ⁸
3042 3878 3285 3960 διέτρεχε
3316 3880 3417 3959 γὰρ
3446 3879 3531 3942 διά
3563 3902 3618 3937 τε
3663 3888 3775 3939 τῶν

2124 3970 2346 4028 σανίδων
2389 3970 2478 4026 καὶ
2532 3976 2618 4025 τοῦ
2679 3969 2981 4047 μαγγάνου,
3012 3968 3105 4026 ἅτε
3138 3966 3222 4026 διὰ
3251 3967 3461 4035 πολλὴν
3492 3969 3772 4050 ἐμπειρίαν

2122 4061 2196 4125 εἷς
2240 4060 2300 4116 τὸ
2358 4057 2597 4137 φονεύειν
2631 4054 2716 4113 διὰ
2747 4056 2981 4134 μελέτης
3012 4056 3110 4114 καί
3161 4058 3438 4124 συνηθείας
3491 4058 3773 4135 κεκτημέ-

2119 4171 2231 4215 νος.

2200 4236 2271 4297 ε’.
2308 4236 2526 4316 Τοῦτον,
2561 4234 2850 4315 ἐπειδήπερ
2907 4236 3143 4301 ἅπαντες
3190 4234 3522 4294 ἑδεδοίκεσαν
3587 4236 3672 4297 διὰ
3717 4249 3778 4296 τὸ

2121 4324 2328 4404 μηδένα
2384 4326 2541 4384 αὺτοῦ
2603 4325 3006 4403 ἀνταγωνιστὴν
3073 4326 3475 4404 ἀναφαίνεσθαι,
3511 4326 3566 4383 ὲν
3617 4328 3776 4408 πρώ-

2120 4438 2230 4482 τοις
2260 4415 2419 4494 εἶχεν
2464 4417 2491 4471 ὁ
2521 4413 2796 4494 βασιλεὺς,
2845 4414 2873 4471 ὃ
2932 4414 3027 4471 καί
3072 4413 3251 4492 φιλεῖν
3295 4413 3654 4492 ἐπεδείκνυτο,
3688 4419 3776 4474 καὶ

2115 4506 2284 4576 ἡδέως
2329 4501 2551 4561 ἔϐλεπεν
2609 4504 2684 4568 είς
2742 4503 2902 4561 αὐτόν
2936 4522 2951 4539 ⁸
3013 4504 3197 4582 ἐπῄνει
3243 4502 3296 4561 δὲ
3361 4503 3458 4561 καί
3506 4503 3773 4583 ἐθαύμαζε

389 3344 878 3432 nlseﬂ'nsionem,
906 3342 1216 3405 delectatio
1231 3344 1287 3407 ei
1305 3355 1453 3420 erat,
1481 3356 1798 3411 nectamen
1817 3351 2039 3432 absque

389 3447 534 3495 cura
563 3449 672 3494 seu
700 3430 1130 3507 sollicitudine,
1163 3435 1322 3514 quod
1354 3436 1408 3496 ei
1430 3437 1825 3517 spectandum
1850 3430 2042 3503 daba-

390 3528 510 3596 tur,
547 3528 781 3601 poterat
810 3520 1056 3583 intueri.
1088 3520 1309 3586 Amore
1358 3532 1556 3587 autem
1590 3526 1894 3591 ferebatur
1918 3530 2036 3591 im-

394 3616 637 3692 perator
700 3627 838 3688 erga
928 3611 1246 3691 quemdam
1316 3616 1674 3678 monachum
1710 3667 1726 3697 ,
1797 3621 2040 3682 nomine

393 3698 654 3790 Lyaeium,
680 3716 712 3761 e
728 3696 1154 3790 Wandalorum
1180 3709 1356 3781 gente
1380 3696 1764 3769 exsistentem
1793 3708 2038 3790 (9),for-

395 3786 679 3880 titudine_
711 3787 1242 3880 magnitudineque
1286 3794 1555 3875 corporis
1597 3786 1907 3879 eximium,
1939 3802 2035 3880 qui

388 3895 512 3939 non
544 3875 722 3940 modo
756 3877 984 3957 Romae,
1013 3878 1119 3941 sed
1152 3888 1211 3942 et
1259 3880 1463 3945 Sirmii
1501 3885 1627 3964 (10)
1656 3875 2039 3951 Thessaloni-

395 3965 789 4058 censiumque
837 3966 900 4029 in
931 3968 1165 4032 civitate
1219 3973 1433 4035 multos
1464 3974 1684 4052 duello,
1719 3987 1921 4058 utpote
1968 3998 2039 4041 ex

403 4055 1406 4146 eaercitationeconsuetudineque
1432 4063 1586 4126 baud
1618 4055 1916 4146 vulgarem
1942 4088 2040 4130 oc-

398 4143 646 4207 cidendi
669 4145 943 4227 peritiam
972 4156 1199 4224 nactus,
1234 4161 1498 4215 necarat.

474 4233 535 4297 5.
589 4231 784 4312 Hunc,
816 4253 951 4297 cum
1010 4237 1310 4314 omnibus,
1345 4241 1506 4318 quod
1566 4261 1740 4304 nemo
1771 4261 1905 4305 cum
1966 4264 2035 4307 eo

394 4340 571 4411 posse
600 4323 887 4404 congredi
918 4324 1237 4405 videretur,
1272 4347 1405 4391 esse
1444 4332 1679 4407 terrori,
1713 4331 2034 4411 imperator

393 4395 557 4474 inter
586 4395 835 4493 primos,
866 4415 1023 4496 quod
1056 4424 1116 4478 et
1144 4395 1425 4480 continuo
1465 4395 1678 4481 facere,
1698 4395 2028 4498 alrectabat,
2059 4395 2102 4447 ο

388 4499 647 4567 habebat
669 4503 1104 4585 placidiorique
1130 4505 1289 4568 vultu
1323 4506 1671 4570 intuebatur
1703 4527 1715 4573 :
1754 4509 2034 4572 laudabat

454 4661 534 4743 (7)
588 4660 819 4743 I_d__est,
885 4665 1223 4743 certaminis
1263 4667 1546 4743 gymnici,
1586 4669 1740 4743 quod
1775 4672 2032 4743 quinque

373 4733 836 4810 certaminibus;
850 4746 1030 4791 cursu
1043 4733 1334 4810 yidelicét',
1359 4733 1539 4804 lucta,
1568 4733 1849 4810 pugilatu,
1880 4733 2031 4802 sa'ltu

375 4802 666 4875 etjaculo,
700 4812 762 4861 ut
792 4803 998 4862 Festus
1028 4805 1211 4872 docet,
1268 4802 1586 4867 cOnstabat'.
1618 4802 1725 4869 Καί
1757 4802 2030 4873 advoca-

372 4872 577 4953 hnlum
610 4872 1021 4953 animantum
1079 4876 1275 4935 Pitisci
1308 4881 1712 4953 Antiquitatum
1749 4872 2033 4943 Romano-

369 4959 507 5003 rtun
539 4945 805 5004 Lexicon.

442 5014 698 5101 (dictum
736 5016 940 5101 bicude
967 5016 1175 5101 cellula
1238 5037 1339 5080 seu
1377 5023 1460 5101 _de
1516 5034 1850 5101 suggestu,_
1875 5031 2029 5101 quod

370 5085 717 5165 Maximiano
771 5088 1018 5165 aliisque
1067 5091 1445 5165 ingressuris,
1515 5085 1687 5165 proﬁt
1739 5085 2026 5158 bodieﬁin

371 5159 731 5241 theatrorum
763 5157 1236 5241 aulis'usuyeftit,
1261 5157 1639 5241 pratpara'tum
1659 5157 2030 5231 esset.sermo

368 5227 597 5312 institui
630 5229 916 5312 videatur,
947 5231 1022 5312 ita
1046 5227 1720 5312 Latine'ulti'mamhanc
1771 5227 2027 5300 Graecam

367 5300 679 5385 periodum
726 5301 1231 5385 interpretandum
1264 5307 1427 5385 duxi.
1480 5310 2027 5385 substantivumque

509 5389 625 5465 ean
676 5391 846 5465 cum_
888 5392 1011 5451 quo
1083 5378 1459 5465 participium
1521 5378 2021 5465 περιπεφραγμένος

369 5451 729 5511 concordare
758 5453 1010 5520 deberet,
1035 5451 1123 5513 vél
1160 5451 1602 5516 esse'omissum'
1624 5464 1710 5520 vel
1732 5451 1892 5522 'c'er'te
1916 5466 2024 5522 hoc

364 5522 923 5608 afd9signiﬂcapdum
953 5529 1331 5608 septmentum
1354 5530 1720 5608 substantive
1738 5536 2022 5604 adhiberi,

365 5607 435 5676 θα
456 5592 670 5676 istimo,
702 5595 878 5676 idque
907 5592 1242 5676 vel_idcirco
1273 5601 1536 5676 maxime,
1569 5604 1723 5674 quod
1748 5592 2022 5665 substano'

371 5667 414 5742 ιὶ
434 5680 571 5729 vum
600 5667 802 5746 κύκλῳ,
863 5668 1176 5751 participio
1227 5670 1326 5733 isti
1364 5667 1702 5754 subjectum
1734 5677 1798 5741 in
1828 5679 2024 5743 dativo

2116 4672 2389 4740 ponatur,
2455 4661 2597 4720 adeo
2633 4671 2695 4719 ut
2750 4661 3066 4740 significari
3105 4662 3263 4740 haud
3281 4662 3775 4740 possit‘circulus

2115 4735 2537 4816 circumseptus
2571 4741 2824 4816 ,uprout
2879 4735 3217 4816 Anastasius
3245 4735 3771 4816 _Bibliotb_ecarius

2116 4810 2231 4882 (adi
2260 4806 2562 4882 Adnotata,
2603 4804 3120 4882 Vitaapraecedenti
3171 4806 3279 4863 sub
3319 4821 3479 4864 num.
3516 4806 3587 4862 10
3632 4808 3776 4865 sub-

2110 4877 2678 4958 jecta)__exis_timasse
2713 4877 2957 4958 videtur.

2186 4948 2621 5027 (9)'Wat_1_dalu_m
2652 4948 2889 5027 natione
2918 4948 3100 5027 fuisse
3133 4948 3491 5027 Lyaeummec
3526 4949 3584 5005 in
3617 4948 3775 5007 Ana-

2115 5018 2365 5086 sta'si'ana
2398 5019 2752 5077 Photianave
2781 5018 2977 5076 Sancti
3007 5018 3156 5085 Vita,
3186 5018 3296 5076 nec
3323 5020 3379 5077 in
3413 5034 3765 5078 monumen-

2118 5099 2205 5161 tis.
2244 5090 2704 5162 scriptoribnsve
2734 5089 2893 5154 ullts,
2929 5088 3098 5147 ﬁdem
3123 5099 3336 5147 certam
3371 5091 3558 5150 facere
3588 5093 3765 5162 natis,

2109 5171 2504 5230 asseveratur;
2537 5174 2718 5231 quare
2755 5162 2949 5226 etiam,
3003 5175 3155 5218 anne
3190 5162 3333 5219 illud
3361 5162 3586 5221 veritati
3616 5176 3766 5221 con-

2111 5246 2296 5304 sonet,
2328 5242 2417 5291 est
2447 5231 2711 5289 dubium.

2183 5301 2295 5383 (to)
2341 5304 2553 5383 Civitas
2586 5304 2732 5383 haec,
2762 5301 2925 5383 licet
2952 5302 3122 5360 modo
3163 5301 3440 5361 Slavonite
3497 5304 3763 5383 urbicula

2111 5374 2391 5444 duntaxat
2451 5375 2539 5436 sit,
2588 5374 2848 5431 Demetrii
2910 5379 3102 5431 tamen
3158 5384 3328 5431 aetate
3385 5390 3485 5432 seu
3551 5378 3765 5433 smeulo

2109 5463 2317 5531 quarto
2342 5448 2731 5531 ineunteerat
2762 5444 3113 5531 amplissima
3155 5447 3762 5531 frequentissitnaque,

2109 5516 2219 5589 nec
2257 5529 2392 5589 ante
2424 5530 2641 5589 annum
2674 5516 2901 5573 circiter
2926 5516 3054 5587 ut,
3089 5532 3207 5589 quo
3233 5517 3305 5574 ab
3328 5519 3498 5575 Attila
3530 5516 3766 5589 fuit’ex-

2110 5587 2251 5665 asa,
2291 5611 2323 5654 δ
2360 5587 2613 5654 ﬂorenti,
2646 5589 2704 5645 in
2734 5601 2850 5659 quo
2892 5595 3029 5647 tunc
3055 5587 3200 5661 erat,
3232 5597 3381 5647 statu
3423 5588 3656 5647 eXcidit.
