4100 6406
290 362 439 426 1177

1373 356 1413 418 S
1479 353 1858 420 DEMETRII
1917 350 2318 417 MARTYRIS
2360 351 2581 415 ACTA.

3524 343 3676 410 1178

279 495 380 562 τὴν
411 492 592 568 ἀκμὴν
622 488 717 560 τῆς
776 489 986 560 ἡλικίας
1036 490 1218 569 αὐτοῦ,
1277 490 1365 546 καὶ
1418 489 1490 554 εἷς
1542 490 1642 556 τὴν
1699 489 1925 569 περιφά-

2025 492 2216 549 autem
2243 503 2312 546 ac
2346 483 2673 547 mirabatur
2701 481 2886 546 aetatis
2907 480 3042 563 ejus
3069 483 3473 562 vigorem,nec
3496 479 3670 544 aliter

279 605 426 641 νειαν
480 581 638 639 αὖτοῦ
667 581 1004 656 ἐσεμνύνετο.
1049 566 1174 638 ”οτε
1211 577 1276 648 δὴ
1303 577 1528 645 πλησίον
1579 579 1788 657 ἐίένετο
1838 588 1933 638 τοῦ

278 671 517 747 σταδίου,
551 671 828 732 κατιόντος
864 671 1024 728 αὐτοῦ
1055 668 1114 724 ἐιι
1142 677 1236 726 τοῦ
1293 669 1602 748 ὀχήματος,
1662 669 1781 726 τότε
1814 692 1929 745 μη·-

277 763 528 826 νύσαντες
588 760 946 838 προσάγουσιν
1021 762 1096 832 τῷ
1154 757 1467 831 Μαξιμιανῷ
1524 759 1616 813 τὸν
1671 759 1931 836 μακάριον

278 856 324 909 οἱ
370 849 753 928 συνειληφότες
789 849 1122 925 Δημήτριον,
1169 846 1486 920 Πειθόμενος
1519 843 1573 901 δὲ
1618 849 1662 902 εἰ
1692 847 1930 922 ἐπιμένει

277 943 370 997 τὸν
430 941 653 1018 Χριστὸν
684 943 1016 1016 προσκυνῶν,
1053 937 1140 992 καὶ
1193 936 1375 1010 μαθὼν
1421 936 1508 991 καὶ
1569 935 1776 1012 ἐτέρους
1833 938 1933 992 αὒ-

278 1031 372 1086 τὸν
431 1026 696 1086 διδάσκειν
753 1027 843 1085 τὸν
911 1025 1309 1105 ἐσταυρωμένον
1367 1021 1563 1100 σέϐειν,
1627 1023 1775 1104 ἤχθη
1837 1024 1932 1102 μὲν

281 1120 414 1196 πρὸς
447 1118 629 1178 αὐτόν.

365 1295 434 1362 ς’.
471 1295 614 1355 Ἰδὼν
670 1295 724 1354 δὲ
777 1296 871 1364 τὴν
917 1293 1214 1374 παῤῥησίαν
1257 1301 1350 1352 τοὺ
1403 1292 1612 1372 ἀνδρὸς,
1676 1300 1934 1372 Χριστια-

286 1388 374 1444 νὸν
427 1387 614 1444 ἑαυτὸν
644 1385 1061 1458 ἀποκαλοῦντος,
1123 1382 1218 1441 καὶ
1279 1389 1383 1441 πᾶν
1443 1385 1618 1440 ὁτιοῦν
1674 1384 1806 1462 ὑπὲρ
1843 1391 1936 1442 τοῦ

284 1477 549 1551 ὀνόματος
610 1482 700 1532 τοῦ
747 1475 934 1550 Κυρίου
978 1474 1135 1550 ἡμῶν
1176 1471 1355 1541 Ἰησοῦ
1411 1479 1640 1551 Χριστοῦ
1693 1474 1931 1548 ὑπομεϊο

283 1588 368 1622 ναι
411 1564 744 1645 θαρροῦντος,
791 1566 916 1623 εἶτα
966 1565 1054 1621 καὶ
1111 1565 1171 1620 τὸ
1229 1562 1518 1642 πρόσωπον
1578 1562 1734 1620 αὐτοῦ
1795 1563 1930 1619 πάνυ

280 1657 482 1727 ὡραῖον
540 1657 850 1733 γενόμενον,
911 1655 998 1711 καὶ
1057 1653 1164 1711 τῶν
1222 1651 1588 1730 προκειμένων
1647 1653 1928 1728 θεαμάτων

280 1744 406 1807 ὅλος
463 1743 559 1818 ὢν,
607 1745 698 1800 τὸν
757 1745 855 1819 μὲν
905 1741 1143 1813 ἀοίδιμον
1196 1743 1434 1821 μάρτυρα
1468 1741 1739 1801 ἐκέλευσεν
1773 1744 1929 1801 αὐτὸν

2016 593 2191 653 quam
2227 574 2302 635 de
2337 593 2549 653 magna
2581 592 2673 648 re,
2707 575 2782 636 de
2835 573 2945 633 viri
2977 571 3256 652 superbia
3286 569 3671 650 gloriabatur.

2016 662 2158 725 Cum
2195 682 2370 743 porro
2407 665 2479 724 ad
2511 663 2762 725 stadium
2784 663 2907 742 jam
2934 661 3213 735 venisset,
3239 671 3416 742 atque
3440 679 3473 722 e
3494 679 3676 722 curru

2015 753 2454 825 descendisset,
2487 753 2725 816 beatum
2766 751 3158 825 Demetrium,
3192 753 3294 830 qui
3327 769 3462 812 eum
3498 769 3673 832 cepe-

2018 850 2177 918 rant,
2212 843 2284 903 ad
2313 842 2751 916 Maximianum,
2790 841 2879 902 rei
2911 841 3352 921 praemonitum,
3389 850 3530 904 tunc
3560 841 3673 903 ad-

2019 931 2271 994 ducunt.
2335 930 2650 1011 lnquirens
2683 940 2906 1002 autem,
2943 949 3012 990 an
3061 931 3360 998 Christum
3421 929 3674 991 adorare

2020 1029 2318 1100 pergeret,
2353 1039 2613 1102 eumque
2645 1022 2821 1083 etiam
2849 1020 3018 1094 alios,
3055 1029 3117 1080 ut
3148 1018 3506 1082 Cruciﬁxum
3531 1020 3673 1082 ado-

2019 1119 2176 1182 rent,
2211 1109 2484 1172 doctrina
2513 1129 2621 1172 suo
2651 1109 2990 1191 impellere,
3017 1109 3287 1191 edoctus,
3303 1109 3481 1190 jussit
3501 1109 3670 1172 illum

2019 1201 2094 1264 ad
2119 1220 2184 1263 se
2207 1201 2368 1263 duci.

2100 1292 2160 1351 6.
2195 1290 2322 1352 Viri
2354 1299 2576 1372 autem,
2609 1289 3011 1352 Christianum
3043 1308 3180 1353 sese
3207 1289 3588 1369 agnoscentis
3610 1297 3670 1352 et

2017 1398 2415 1461 quaecumque
2440 1399 2546 1460 pro
2570 1380 2808 1444 Domini
2830 1381 3015 1441 nostri
3037 1378 3178 1443 Jesu
3192 1378 3408 1442 Christi
3430 1379 3672 1443 nomine

2018 1472 2275 1534 suiferre
2322 1470 2624 1545 audentis,
2691 1471 3110 1543 constantiam,
3147 1469 3486 1550 vultumque
3544 1471 3674 1549 ejus

2014 1562 2278 1624 maxime
2308 1568 2626 1622 venustum
2656 1559 3219 1640 conspicatus,quod
3252 1567 3408 1621 totus
3436 1569 3674 1639 specta-

2013 1651 2165 1713 culis
2196 1648 2554 1711 exhibendis
2588 1659 2749 1711 esset
2773 1650 3060 1718 intentus,
3094 1648 3496 1710 venerandum
3523 1666 3674 1710 mar-

2015 1741 2395 1820 tyremjuxta
2451 1741 2642 1819 ipsum
2678 1757 2864 1819 prope
2922 1737 3220 1817 publicum
3276 1737 3554 1800 balneum
3613 1741 3672 1800 in

277 1835 421 1910 παρὰ
477 1835 538 1890 τὸ
622 1831 834 1890 στάδιον
905 1831 1163 1908 δημοσίου
1238 1836 1576 1910 γειτνιῶντος
1647 1829 1925 1907 βαλανείου

2025 1829 2423 1892 subterraneis
2452 1827 2809 1904 fornicibus,
2846 1827 3070 1889 ibidem
3103 1827 3544 1900 exsistentibus,
3567 1847 3671 1888 cu-

278 1925 397 2001 περὶ
455 1925 548 1987 τὰς
594 1929 699 1980 τῶν
753 1923 930 1980 ἐκεῖσε
1010 1923 1245 1997 καμίνων
1305 1925 1612 2000 φρουρεῖσθε
1663 1921 1925 1997 καμάρας.

2025 1919 2232 1981 stodize
2279 1919 2610 1999 manciperi
2649 1917 2832 1996 jussit
2886 1919 3031 1998 tit).
3069 1915 3294 1978 Ibidem
3342 1917 3675 1978 custoditus

277 2012 447 2070 ’Ένθα
490 2014 906 2092 φυλαττόμενος,
965 2013 1060 2089 ὁρᾷ
1107 2010 1359 2089 σκορπίον
1404 2009 1462 2066 ἐκ
1518 2015 1616 2076 τῆς
1677 2009 1775 2087 γῆς
1833 2011 1925 2066 ὑπέ

2025 2008 2342 2088 scorpium,
2377 2027 2410 2070 e
2441 2017 2599 2070 terra
2629 2007 2742 2068 sub
2783 2005 3036 2085 pedibus
3065 2005 3210 2082 suis,
3245 2005 3347 2088 qui
3397 2015 3454 2068 et
3483 2006 3672 2068 cauda

277 2103 402 2166 τοὺς
463 2100 632 2165 πόδας
697 2101 857 2160 αὒτυῦ
899 2099 1207 2174 ἀνελθόντα,
1256 2102 1531 2172 πειρᾶσθαι
1564 2099 1617 2155 δὲ
1673 2104 1750 2172 τῷ
1804 2099 1925 2156 κέν-

2025 2109 2284 2161 sanctum
2349 2106 2661 2179 percutere
2720 2096 3069 2170 conabatur,
3104 2095 3512 2174 egredientem
3571 2115 3672 2158 as-

283 2214 388 2268 τρῳ
442 2189 639 2260 πλῆξαι
678 2192 766 2248 τὸν
811 2191 990 2269 ἅγιον.
1041 2181 1098 2248 l0
1130 2187 1184 2245 δὲ
1216 2191 1276 2246 τὸ
1311 2201 1544 2264 σημεῖον
1586 2195 1678 2245 τοῦ
1708 2195 1925 2268 σταυροῦ

2025 2186 2197 2268 pexit.
2231 2185 2343 2249 Hic
2375 2195 2602 2261 autem,
2639 2187 2794 2249 facto
2827 2187 2884 2248 in
2921 2185 3220 2266 scorpium
3253 2187 3451 2248 crucis
3473 2188 3666 2265 signo.

279 2289 374 2338 τοῦ
418 2288 650 2359 Χριστοῦ
702 2282 934 2351 ποιήσας
969 2280 1103 2337 κατὰ
1135 2287 1228 2336 τοῦ
1259 2279 1535 2352 σκορπίου,
1571 2279 1658 2335 καὶ
1691 2293 1925 2354 προσάρε

2025 2277 2325 2357 suspendit
2357 2284 2416 2338 et
2449 2285 2750 2338 mortuum
2785 2276 2948 2338 illico
2981 2275 3242 2337 reddidit
3272 2273 3423 2356 (112).
3458 2275 3668 2338 Statim

278 2373 452 2439 τήσας
512 2371 672 2429 αὐτὸν
731 2371 914 2447 νεκρὸν
971 2367 1260 2434 ἀπέδειξεν.
1330 2370 1674 2447 Παραχρῆμα
1722 2367 1777 2423 δὲ
1826 2368 1925 2444 ἅγ-

2025 2367 2263 2444 angelus
2306 2365 2545 2430 Domini
2580 2365 2904 2427 adveniens
2955 2383 3238 2427 coronam
3270 2364 3450 2444 capiti
3507 2383 3670 2425 mar-

279 2460 438 2538 γελος
493 2459 679 2538 Κυρίου
724 2458 888 2515 ἐλθὼν
937 2458 1194 2538 στέφανον
1252 2457 1480 2524 ἐπέθηκε
1511 2463 1577 2534 τῇ
1608 2463 1811 2537 κορυφῇ
1841 2465 1925 2514 τοῦ

2025 2457 2158 2535 tyris
2189 2456 2496 2537 imposuit.
2531 2457 2647 2518 Pax
2683 2463 2903 2531 tecum,
2934 2454 3092 2536 pugil
3124 2452 3361 2531 Christi,
3390 2452 3670 2516 robustus

273 2551 562 2629 μάρτυρος,
603 2549 691 2607 καὶ
740 2553 894 2605 εἶπεν
944 2550 1107 2622 αὐτῶ,
1165 2549 1362 2626 Εἷρήνη
1412 2570 1522 2628 σοι,
1572 2546 1778 2616 ὰθλητὰ
1833 2548 1925 2604 τοῦ

2025 2546 2099 2606 sis
2121 2553 2181 2606 et
2211 2546 2570 2608 confortare.

275 2641 525 2717 Χριστοῦ,
560 2637 722 2717 ἴσχυε
752 2638 841 2695 καὶ
870 2636 1131 2712 ἀνδρίζου.

2091 2638 2305 2701 7.Cum
2335 2656 2514 2719 porro
2534 2637 2863 2718 imperator
2880 2637 3137 2699 stadium
3161 2645 3317 2699 esset
3336 2637 3667 2717 ingressus,

353 2728 400 2800 ζ’
435 2719 492 2786 Ὀ
549 2726 604 2784 δὲ
656 2725 903 2804 βασιλεὺς
937 2725 1182 2783 εἰσελθὼν
1213 2728 1269 2784 ἐν
1300 2731 1376 2799 τῷ
1417 2726 1616 2783 σταὸίω
1655 2728 1743 2784 καὶ
1787 2749 1925 2805 προ-

2025 2731 2327 2808 ὶοουιηηυε
2379 2746 2552 2789 suum
2585 2736 2959 2808 occupasset,
2995 2727 3228 2806 Lymum
3275 2727 3670 2790 introducens

273 2820 518 2890 καθίσας,
579 2818 670 2873 τόν
724 2838 782 2873 τε
839 2821 1040 2873 Λυαῖον
1095 2817 1396 2894 εἰσαγαγὼν
1445 2815 1623 2873 ἐκάλει
1679 2815 1763 2872 διὰ
1820 2824 1924 2872 τῶν

2025 2835 2118 2896 per
2149 2817 2412 2896 nuntios,
2437 2818 2538 2898 qui
2570 2836 2706 2878 cum
2741 2837 2811 2879 eo
2843 2818 3143 2897 singulare
3167 2825 3471 2879 certamen
3505 2818 3661 2878 inire

270 2909 520 2985 κηρύκων
574 2908 667 2963 τὸν
736 2905 1062 2982 βουλόμενον
1134 2911 1546 2985 μονομαχῆσαι,
1629 2909 1925 2986 προστιθεὶς

2025 2905 2209 2982 vellet,
2239 2905 2585 2981 advocabat,
2611 2926 2742 2967 cum
2778 2907 2974 2986 donis,
3009 2905 3316 2968 victoriam
3359 2906 3671 2969 referenti~

271 2999 410 3074 μετὰ
468 3003 573 3053 τῶν
631 2995 874 3053 ἐπάθλων
929 2999 1018 3053 καὶ
1077 2997 1337 3075 χρήματα
1367 2995 1543 3056 πολλά
1582 3015 1595 3030 ⁸
1631 2997 1719 3051 καί
1750 3018 1835 3062 τις
1866 2995 1925 3052 ἐκ

2025 2995 2180 3057 tibus
2211 2996 2340 3056 dari
2375 2996 2841 3070 solitis,multam
2868 2996 3043 3056 etiam
3076 2995 3386 3074 pecuniam
3415 2997 3670 3075 promit-

270 3097 367 3146 τοῦ
423 3085 592 3162 δήμου
648 3087 925 3149 νεανίσκος
981 3087 1183 3164 ὡραῖος
1217 3085 1376 3159 πάνυ,
1427 3083 1625 3160 κομιδῆ
1662 3085 1778 3148 νέος
1824 3085 1920 3157 ὢν,

2025 3097 2166 3146 Lens.
2203 3085 2457 3157 Quidam
2487 3093 2684 3146 autem
2713 3103 2745 3146 e
2777 3085 2945 3164 vulgo
2967 3085 3319 3147 adolescens
3348 3085 3669 3147 admodum

273 3177 492 3253 Νέστωρ
547 3175 739 3251 ὄνομα,
786 3175 902 3254 ἄρτι
946 3175 1036 3230 τὸν
1100 3173 1286 3232 ἴουλον
1341 3175 1664 3231 ἐπανθοῦντα
1725 3176 1920 3256 φέρων,

2025 3175 2331 3249 :‘ormosus,
2370 3175 2472 3256 qui
2525 3174 2719 3237 adhuc
2747 3175 2920 3236 valde
2972 3174 3216 3254 juvenis
3245 3182 3392 3248 erat,
3425 3173 3670 3236 nomine

271 3269 515 3345 γνωστὸς
565 3266 823 3346 ὑπάρχων
875 3268 949 3339 τῷ
1002 3264 1302 3339 πανενδόξῳ
1358 3265 1578 3344 μᾴρτυρι
1634 3267 1925 3344 Δημητρίῳ

2025 3264 2244 3339 Nestor,
2284 3264 2536 3344 primam
2599 3263 2776 3326 modo
2824 3264 3162 3343 lanuginem
3218 3265 3437 3326 ferens.
3494 3273 3670 3326 notus

276 3357 514 3435 (ἐθεώρει
557 3357 658 3435 γὰρ
685 3358 753 3412 τα
800 3354 888 3412 ὑπ’
940 3356 1100 3412 αὖτοῦ
1148 3356 1414 3433 γενόμενα
1444 3356 1710 3434 Θαύματα,
1761 3355 1925 3412 πολύν

2025 3353 2316 3416 exsistens
2377 3352 2814 3432 gloriosis:imo
2861 3353 3101 3433 martyri
3134 3354 3436 3416 Demetrio
3492 3353 3672 3431 (facta

273 3468 336 3504 τε
379 3444 509 3502 λαὸν
540 3445 944 3524 προστρέχοντα
1003 3445 1166 3522 ανῦτῷ,
1202 3447 1288 3501 καὶ
1319 3443 1696 3519 διδασκόμενον
1729 3443 1925 3525 σὲὅειν,

2025 3443 2175 3505 enim
2209 3441 2283 3504 ab
2316 3461 2387 3504 eo
2425 3443 2709 3504 miracula
2745 3443 3117 3522 multumque
3156 3442 3566 3524 populum,qui
3596 3443 3672 3505 ad

274 3537 365 3592 καὶ
426 3548 744 3612 προσκυνεῖν
802 3535 894 3590 τὸν
942 3533 1197 3613 Χριστὸν)
1254 3533 1530 3610 ἐκδραμὼν
1588 3534 1643 3590 ἐν
1705 3536 1751 3610 ᾧ
1807 3535 1923 3613 ἐφυ-

2025 3552 2151 3595 eum
2209 3533 2586 3607 accurrebat,
2645 3532 2920 3594 venerari
2981 3539 3041 3594 et.
3089 3532 3244 3613 quod
3305 3533 3575 3608 docebat,
3613 3540 3674 3596 et

273 3625 498 3682 λάττετο
557 3625 730 3696 τόπῳ,
781 3625 872 3680 καὶ
930 3624 1106 3681 πεσὼν
1159 3625 1232 3684 εἷς
1275 3625 1395 3688 τοὺς
1425 3621 1591 3688 πόδας
1617 3623 1780 3682 αὐταῦ
1805 3623 1925 3680 ἕλε-

2025 3623 2314 3686 Christum
2349 3622 2602 3683 odorare
2657 3621 2908 3699 videbat)
2943 3622 3012 3683 ad
3049 3622 3274 3696 locum,
3307 3622 3370 3682 in
3402 3642 3520 3702 quo
3553 3642 3667 3684 cu-

272 3735 370 3792 γεν
403 3731 420 3748 ⁶
469 3711 634 3772 Δοῦλε
669 3719 759 3770 τοῦ
791 3718 922 3769 Θεοῦ
954 3709 1254 3790 Δημήτριε,
1309 3711 1571 3788 βούλομαι
1618 3717 1693 3784 τῷ
1753 3713 1925 3786 Λυαίῳ

2025 3710 2407 3789 stodiebatur,
2442 3711 2783 3791 cedensque
2808 3711 2880 3772 ad
2907 3712 3092 3791 pedes
3113 3711 3246 3789 ejus
3270 3710 3416 3772 dixit
3447 3732 3461 3772 :
3489 3709 3670 3774 Serve

271 3805 690 3882 μονομαχῆσαι,
725 3801 848 3858 ἀλλ’
894 3801 1036 3866 εὖξαι
1068 3822 1159 3876 μοι
1219 3803 1310 3858 τὸν
1359 3803 1582 3876 Χριστὸν
1627 3803 1919 3876 ὀνομάσας.

2025 3800 2118 3862 Dei
2177 3799 2468 3876 Demetri,
2507 3799 2637 3858 volo
2703 3809 2908 3860 contra
2963 3802 3190 3879 Lymum
3225 3799 3508 3878 singulari
3566 3820 3670 3880 pu-

273 3883 335 3950 Ὀ
388 3890 444 3947 δὲ
488 3892 636 3970 ἅγιος
667 3893 900 3961 ποιήσας
960 3895 1060 3957 την
1108 3897 1200 3948 τοῦ
1261 3893 1487 3969 Χριστοῦ
1519 3889 1784 3970 σφραγῖδα
1843 3892 1925 3958 εἴς

2025 3908 2190 3969 ςυετε
2229 3888 2580 3962 certamine,
2617 3888 2722 3950 sed
2771 3906 2874 3950 ora
2906 3908 3010 3970 pro
3067 3907 3185 3962 me,
3221 3888 3521 3950 Christum
3567 3891 3665 3951 in-

268 4003 329 4037 τε
379 3982 440 4036 τὸ
472 3981 720 4056 μέτωπον
765 3983 853 4038 καὶ
887 3980 985 4046 τὴν
1019 3985 1233 4058 καρνίαν
1266 3985 1446 4053 αὐτοῦ,
1505 3980 1765 4037 ἀπέλυσεν
1825 3985 1924 4040 αὖ·

2025 3997 2252 4042 vocans.
2288 3980 2507 4039 Verum
2545 3977 2818 4054 Sanctus,
2853 3986 2913 4040 et
2962 3978 3023 4038 in
3059 3977 3252 4040 fronte
3281 3977 3470 4058 ipsius
3519 3987 3577 4041 et
3604 3985 3665 4041 in

268 4073 365 4127 τὸν
423 4071 671 4149 εἰρηκώς.
738 4071 835 4130 Καὶ
891 4070 983 4126 τὸν
1040 4073 1239 4126 Λυαῖον
1302 4072 1575 4151 νικήσεις,
1637 4080 1726 4127 καὶ
1798 4070 1925 4148 ὑπὲρ

2025 4068 2193 4129 :orde
2245 4067 2460 4128 Christi
2507 4065 2676 4144 signa
2729 4067 2980 4128 formato
3032 4067 3181 4146 U3),
3216 4066 3384 4128 illum
3441 4068 3670 4130 dimisit

274 4166 502 4238 Χριστοῦ
531 4161 912 4239 μαρτυρήσεις.

2013 4158 2222 4220 dicens
2259 4180 2273 4219 :
2306 4156 2378 4218 Et
2410 4158 2648 4238 Lyreum
2683 4155 2907 4234 vinces,
2940 4164 3000 4218 et
3038 4175 3144 4238 pro
3175 4156 3411 4219 Christo
3445 4164 3662 4238 marty-

2012 4255 2168 4309 rium
2200 4245 2450 4309 subibis.

1799 4407 2026 4467 CAPUT
2061 4408 2136 4465 II.

270 4559 663 4626 Maximianus,
699 4559 760 4616 ob
789 4575 963 4616 necem
993 4561 1154 4632 Lyaeo
1188 4560 1393 4618 illatam
1439 4558 1645 4632 iratus,
1667 4557 1940 4632 Nestorem
1980 4561 2154 4631 primo
2185 4575 2248 4616 ac
2287 4559 2413 4615 dein
2450 4559 2612 4618 etiam
2655 4564 2929 4632 sanetum,
2952 4557 3276 4612 Demetrium
3296 4555 3443 4629 iubet
3491 4560 3663 4619 inter-

700 4632 812 4704 ﬁci.
865 4631 1078 4706 ltioque,
1104 4640 1289 4705 postea
1316 4631 1595 4689 miraculis
1625 4631 2007 4702 indurescens,
2044 4632 2174 4688 locis
2221 4633 2397 4688 sacris
2427 4632 2539 4689 sibi
2581 4631 2874 4689 exstructis
2911 4631 3236 4687 honoratur.

351 4782 438 4850 η’.
498 4781 774 4841 ’Λπελθὼν
830 4785 919 4841 οὗν
981 4783 1035 4840 ἐν
1064 4786 1140 4858 τῷ
1171 4780 1388 4862 σταδίῳ,
1421 4783 1508 4839 καὶ
1540 4780 1627 4838 διὰ
1655 4787 1762 4839 τῶν
1790 4783 1926 4859 βαθ-

265 4873 441 4949 μίδων
515 4871 931 4953 καταπηδήσας,
995 4873 1152 4952 ῥίψας
1228 4893 1284 4928 τε
1341 4879 1448 4930 τῶν
1498 4877 1710 4951 χιτῶνα
1739 4871 1922 4951 αὐτοῦ,

263 4965 496 5030 ἔστησεν
553 4962 849 5042 ἔμπροσθεν
893 4969 986 5020 τοῦ
1031 4961 1387 5042 Μαξιμιανοῦ,
1448 4963 1522 5025 ὡς
1584 4959 1923 5040 ἐκπλαγέντα

339 5124 458 5192 (it)
491 5124 576 5182 Ab
605 5123 773 5180 initio
803 5122 974 5180 modo
1004 5121 1072 5178 ad
1131 5121 1287 5178 hunc
1331 5133 1513 5190 usque
1562 5119 1755 5178 locum
1788 5135 1923 5177 san-

267 5197 344 5252 cti
373 5197 579 5262 nostri,
609 5209 780 5262 quam
815 5195 908 5250 hic
937 5194 1160 5257 damus,
1204 5192 1535 5248 Passionem
1558 5193 1758 5248 confer
1789 5206 1922 5248 cum

268 5270 368 5334 iis,
400 5281 528 5337 quas
554 5268 609 5324 in
628 5262 911 5323 Passieno
935 5264 1190 5337 ejusdem
1212 5263 1410 5337 altera,
1440 5265 1618 5332 priori
1651 5262 1778 5320 loco
1804 5264 1920 5334 jam

267 5335 435 5402 data;
458 5353 486 5394 a
522 5339 806 5408 principio
841 5351 1033 5408 usque,
1082 5336 1155 5408 ad
1181 5348 1342 5408 num.
1373 5335 1402 5408 Ἰ
1436 5337 1551 5408 tere
1582 5343 1914 5408 occurrunt,

271 5404 608 5481 videbisque
645 5404 992 5481 antiquioris
1021 5406 1196 5481 hujus
1241 5404 1652 5481 lucubrationis
1677 5407 1916 5462 alteram

262 5482 460 5538 Sancti
495 5477 699 5544 nostri,
751 5477 922 5550 quam
980 5478 1073 5533 hic
1106 5477 1353 5550 damus,
1404 5477 1739 5535 Passionem
1791 5491 1920 5533 esse

265 5553 550 5608 duntaxat
569 5551 640 5608 ad
665 5548 819 5608 hunc
843 5550 1038 5605 saltem
1062 5563 1246 5619 usque
1278 5548 1466 5606 locum
1494 5550 1913 5620 paraphrasim,

262 5625 444 5695 variis
466 5623 844 5695 adjunctisab
867 5629 1100 5678 auctore
1131 5621 1214 5676 vel
1240 5634 1345 5693 pro
1370 5621 1608 5695 arbitrio
1628 5619 1916 5695 conﬁctis,

264 5694 356 5756 vel
397 5691 630 5754 aliunde
657 5693 850 5753 ascitis
877 5701 1122 5760 auctam,
1173 5691 1343 5763 prout
1391 5691 1452 5750 in
1485 5691 1916 5752 Commentario

2091 4779 2314 4844 Abiens
2361 4798 2502 4860 ergo
2535 4779 2607 4842 ad
2670 4779 2950 4854 stadium,
2983 4797 3118 4840 cum
3171 4785 3228 4839 et
3264 4777 3339 4839 de
3379 4779 3664 4859 gradibus

2008 4867 2362 4950 desiliisset,
2401 4869 2783 4949 tunicamque
2825 4885 2994 4928 suam
3027 4864 3426 4946 deposuisset,
3461 4886 3660 4930 coram

2007 4958 2372 5022 Maximiano
2404 4959 2590 5033 stetit,
2627 4959 2706 5019 ita
2734 4964 2798 5018 ut
2823 4957 3277 5037 obstupesceret
3310 4955 3658 5037 imperator.

2007 5117 2520 5192 praeviognumq‘lﬁ
2548 5121 2664 5192 jam
2699 5116 2964 5174 iudicavi.

2079 5189 2194 5260 (t2)
2229 5190 2394 5258 Quod
2429 5189 2524 5245 hic
2548 5186 2847 5253 larratur,
2885 5204 2915 5245 a
2976 5186 3257 5244 Photiana
3309 5196 3368 5260 et
3418 5189 3659 5260 Anasta-

2005 5258 2178 5318 sisna
2201 5262 2383 5318 sancti
2416 5260 2690 5318 Passione
2733 5260 2914 5323 abest.
2947 5267 3246 5331 potestque
3287 5258 3373 5331 vel
3423 5259 3662 5330 idcirco,

2003 5346 2142 5390 num
2170 5334 2394 5389 veritati
2435 5341 2738 5396 consonet,
2781 5332 2931 5388 baud
2949 5329 3244 5388 immerito
3278 5329 3549 5387 dubitari.

2076 5403 2193 5474 (t3)
2224 5404 2465 5466 Verene.
2502 5405 2582 5462 uti
2635 5403 2743 5459 hac
2789 5412 3084 5462 narratur.
3113 5399 3360 5474 Sanctus
3405 5401 3660 5474 Nestori.

2001 5471 2289 5547 singulari
2319 5477 2633 5532 certamine
2663 5475 2888 5547 Lyaeum
2928 5485 3297 5547 aggressum,
3343 5471 3658 5547 nonattige-

2003 5541 2348 5608 ritfstatues
2378 5561 2447 5603 ex
2487 5548 2554 5602 iis
2585 5541 3140 5620 quze'Commen'tarii
3194 5542 3382 5613 praevii
3413 5542 3444 5616 ς
3471 5545 3504 5598 4
3533 5541 3657 5598 dis-

2001 5632 2153 5676 SBI‘UI
2167 5660 2180 5674 .
