4100 6416
456 361 477 424 1
500 358 609 426 183
1804 361 2080 427 SUPPLE

2177 364 2460 430 ENTUM.
3675 371 3826 441 1184

450 505 573 590 met
620 505 682 590 et
710 497 822 579 illi,
853 497 1038 590 quiei
1090 496 1360 570 aderant,
1391 495 1768 590 celerrimam
1815 495 2080 590 martyris

2177 497 2458 580 ἐπέτυχεν,
2517 499 2655 558 ὥστε
2712 501 2997 578 θαυμάζειν
3049 503 3207 584 αςιτόν
3261 529 3320 564 τε
3379 509 3467 566 καὶ
3520 509 3645 575 τοὺς
3707 511 3830 590 περὶ

449 589 840 651 visitationem
893 588 1272 660 mirarentur,
1304 586 1642 668 gratiasque
1683 585 1804 648 Deo
1844 595 1903 648 et
1953 588 2080 665 glo-

2177 589 2330 646 αὒτὸν
2387 590 2487 658 τὴν
2544 591 2812 670 ταχίστην
2869 600 2962 650 106
3023 598 3287 676 μάρτυρος
3348 597 3675 672 ἐπισκοπὴν,
3738 585 3828 659 καὶ

445 679 681 741 sissimo
726 679 964 759 martyri
1007 677 1314 740 Demetrio
1363 685 1657 753 agerent;
1715 677 1816 757 qui
1860 677 2080 756 statim,

2177 679 2399 757 χάριτας
2458 679 2746 758 ὁμολογεῖν
2801 689 2879 756 τῷ
2911 690 3047 758 Θεῷ,
3085 686 3172 741 καὶ
3226 687 3304 761 τῷ
3351 687 3650 763 πανενδόξῳ
3673 691 3821 767 μάρ-

443 788 580 830 cum
604 776 982 830 arcuatorum
1013 785 1260 846 operum
1293 767 1554 829 fornices
1587 785 1704 828 una
1732 785 1866 828 cum
1887 784 2080 855 aqua-

2177 789 2284 844 τυρι
2346 771 2638 846 Δημητρίῳ
2671 786 2684 800 '
2747 774 2803 836 ὃς
2845 773 3030 830 αὖτίιια
3089 776 3227 834 κατὰ
3285 777 3378 843 τὰς
3428 785 3533 834 τῶν
3579 781 3822 855 καμίνων

441 875 573 918 rum
622 857 946 919 calidarum
1005 856 1183 918 domo
1236 855 1635 937 publicisque,
1685 873 1814 936 quae
1862 854 2080 918 ibidem

2182 857 2447 936 καμαίρας,
2501 860 2614 934 ἅμα
2671 861 2760 917 καὶ
2815 870 2910 918 106
2967 868 3074 919 τῶν
3142 867 3348 943 θερμῶν
3411 866 3612 924 ὑδάτων
3669 868 3826 926 οἴκου

442 953 634 1022 erant,
670 945 936 1026 portibus
985 945 1377 1008 deStruxisset
1422 964 1492 1008 ac
1545 952 1953 1026 expurgasset,
1991 963 2080 1006 ve-

2181 948 2419 1004 καθελὼν
2482 951 2571 1006 καὶ
2614 954 2966 1029 περικαθάρας
3005 953 3142 1027 μετά
3195 956 3282 1010 καὶ
3339 961 3446 1012 τῶν
3495 957 3673 1016 ἐκεῖσε
3730 959 3824 1015 ὄν-

446 1034 777 1126 ηθιιδιιίόυῐῐι
807 1045 1016 1097 sancto
1068 1035 1307 1126 martyri
1365 1035 1653 1115 templum
1673 1035 1843 1126 inter
1894 1033 2080 1115 publi-

2177 1058 2285 1092 των
2359 1035 2634 1112 δημοσίων
2709 1039 2954 1115 ἐμϐόλων
3013 1044 3101 1099 καὶ
3153 1052 3427 1122 προπινῶν
3455 1094 3471 1120 ,
3549 1047 3828 1126 ἀνήγειρεν

440 1144 576 1186 cum
628 1125 926 1187 lavacrum
987 1131 1048 1188 et
1105 1124 1360 1186 stadium
1425 1123 1742 1200 exstruxit,
1779 1142 2080 1186 munerum

2179 1127 2486 1184 πάνσεπτον
2531 1133 2686 1186 οἷκον
2746 1137 2823 1204 τῷ
2867 1131 3113 1210 μάρτυρι,
3169 1131 3415 1208 δαψιλείᾳ
3481 1123 3830 1211 κατακοσμή-

437 1213 611 1297 c0pia
639 1214 698 1278 id
734 1233 1058 1279 exornans.

2184 1238 2282 1278 σας
2316 1225 2546 1297 χερειῶν
2591 1219 2755 1296 μέσον
2784 1229 2876 1278 τού
2906 1218 3162 1298 δημοσίου
3185 1222 3406 1304 λουτροῦ
3431 1227 3515 1283 καὶ
3547 1235 3640 1286 τοῦ
3693 1247 3828 1284 στα-

2179 1303 2310 1369 δίου.

525 1394 624 1458 16.
657 1392 804 1457 Cum
837 1401 1032 1456 autem
1065 1394 1126 1455 in
1182 1393 1483 1472 Illyricum
1516 1392 1632 1470 (20;
1674 1402 1836 1456 esset
1861 1391 2096 1454 disces-

442 1501 644 1560 surus,
695 1493 926 1563 partem
977 1483 1291 1565 quamdam
1351 1483 1742 1563 reliquiarum
1795 1485 2090 1564 martyris,

439 1581 504 1634 ut
559 1583 621 1635 et
666 1573 748 1634 ibi
805 1573 1092 1653 templum
1153 1571 1262 1634 sub
1324 1573 1452 1652 ejus
1512 1574 1760 1636 nomine
1806 1571 2092 1650 erigeret,

434 1665 713 1744 accipere
770 1663 1006 1738 voluit;
1065 1680 1241 1742 quem
1301 1662 1770 1741 gloriosissimus
1839 1673 2090 1746 martyr,

2261 1392 2354 1460 ις’.
2419 1395 2642 1454 Μέλλων
2724 1397 2780 1454 δὲ
2855 1399 3186 1480 ἀπέρχεσθαι
3267 1403 3321 1459 ἐν
3391 1411 3468 1478 τῷ
3547 1403 3824 1481 Ἰλλυρικῷ

2177 1483 2451 1556 ἠϐουλήθη
2511 1489 2629 1544 τινὰ
2689 1495 2796 1544 τῶν
2849 1488 3117 1565 λειψάνων
3171 1490 3356 1550 λαϐεῖν
3410 1501 3504 1551 τοῦ
3563 1496 3822 1572 μάρτυρος

2181 1576 2310 1652 πρὸς
2341 1577 2400 1631 τὸ
2449 1577 2674 1634 κάκεῖσε
2734 1581 2857 1634 ναὸν
2915 1581 3056 1653 αὐτῷ
3105 1582 3460 1658 οἰκοδομῆσαι
3518 1589 3600 1649 εἰς
3653 1585 3823 1658 ὄνομα

2175 1671 2268 1720 τοῦ
2325 1667 2474 1744 ἁγίου
2511 1682 2524 1696 ⁸
2559 1671 2771 1741 ᾧτινιό
2817 1669 3132 1735 πανένδοξος
3193 1671 3480 1750 ἀθλοφόρος
3540 1681 3632 1730 τοῦ
3689 1682 3821 1748 Χριο

439 1760 622 1816 noctu
643 1761 864 1830 astans,
900 1751 959 1813 id
991 1754 1240 1832 exsequi
1272 1751 1595 1833 prohibuit.
1630 1753 1890 1834 Accepta
1920 1757 2080 1835 igitur

2178 1763 2305 1813 1106
2379 1757 2687 1834 Δημήτριος
2745 1761 2930 1823 νυκτὸς
3017 1760 3236 1823 ἐπιστὰς
3291 1771 3475 1819 τοότον
3537 1763 3823 1840 προελθεῖν

437 1843 771 1923 chlamyde,
804 1841 1092 1921 sanguine
1117 1841 1303 1921 ipsius
1335 1841 1542 1914 tincta,
1571 1833 1856 1926 parteque
1885 1833 2080 1926 orhrii,

2178 1842 2516 1905 διεγιύλυσεν.
2579 1846 2768 1903 Λαϐὼν
2825 1849 2910 1904 οὖν
2968 1849 3069 1916 τὴν
3118 1850 3370 1929 χλαμύδα
3421 1855 3579 1911 αὐτοῦ
3613 1855 3706 1921 τὴν
3764 1853 3825 1909 ὲκ

438 1933 494 1992 in
529 1932 935 2012 lipanotheca
964 1940 1264 2010 argentea,
1303 1950 1439 1992 eum
1487 1935 1546 1993 in
1579 1933 1758 1996 ﬁnem
1794 1937 2089 2018 confecta,

433 2041 502 2082 ea
559 2021 835 2102 deposuit
871 2041 886 2095 ;
936 2039 1073 2082 cum
1107 2029 1302 2082 autem
1366 2021 1478 2082 iter
1503 2021 1748 2103 faceret,
1781 2025 2094 2106 hiemsque

428 2129 642 2190 aspera
671 2117 849 2183 esset,
885 2128 1284 2190 egressusque
1336 2111 1505 2173 alveo
1539 2111 1850 2174 Danubius
1879 2115 2092 2177 diebus

428 2200 865 2263 sufficientibus
913 2201 1088 2261 etiam
1145 2200 1394 2260 navibus
1425 2200 1540 2261 iter
1583 2201 1738 2262 haud
1772 2203 2086 2284 relinque-

435 2300 552 2365 ret,
584 2291 858 2370 viamque
911 2307 1261 2369 promovere
1310 2289 1656 2371 impediret,
1691 2292 1890 2355 animo
1944 2295 2085 2356 des-

433 2379 639 2461 pondit
671 2379 1009 2462 praefectus.

509 2651 608 2714 l7.
659 2649 855 2730 Ipsum
890 2657 1085 2710 autem
1138 2649 1281 2710 vidit
1312 2649 1809 2728 gloriosissimum
1863 2661 2084 2733 marty-

426 2760 553 2803 rem
586 2741 981 2821 Demetrium,
1015 2740 1130 2820 ipsi
1167 2741 1497 2820 dicentem,
1532 2741 1872 2803 Diffidentia
1916 2744 2082 2804 omni

2174 1940 2279 1990 τῶν
2351 1937 2514 2012 ἁγίων
2585 1937 2828 2010 αἱμάτων
2910 1940 3250 2017 πεφυρμένην
3337 1943 3426 1996 καὶ
3495 1942 3652 2016 μέρος
3729 1950 3824 2000 106

2174 2024 2406 2102 ὀραρίου,
2494 2028 2579 2080 καὶ
2655 2025 2887 2110 ποιήσας
2961 2029 3353 2104 γλωσσόκομον
3431 2031 3704 2110 ἀργύριον,
3766 2031 3823 2088 ὲν

2175 2112 2317 2187 αὐτῷ
2360 2114 2604 2173 ἀπέθετο.
2671 2108 3104 2194 τΟὸοιποροῦντος
3189 2119 3242 2174 δὲ
3300 2123 3481 2193 αὒτού,
3549 2123 3636 2177 καὶ
3687 2144 3820 2200 σφο-

2174 2200 2294 2279 δροῦ
2325 2207 2601 2282 χειμῶνος
2633 2205 2942 2282 γεγονότος,
2989 2206 3076 2264 καί
3133 2216 3226 2265 τοὺ
3261 2208 3547 2266 Λανουϐίου
3578 2220 3822 2284 ποταμοῦ

2170 2291 2538 2371 καχλάζοντος
2570 2302 2646 2367 τῷ
2673 2295 2918 2374 ῥεύματι,
2971 2299 3041 2361 ὡς
3094 2296 3230 2372 μηδὲ
3267 2300 3419 2354 ναυσί
3479 2301 3644 2377 πόρον
3701 2309 3824 2358 106-

2169 2402 2261 2437 τον
2307 2383 2572 2462 ὑπάρχειν
2618 2384 2704 2440 ἐπὶ
2748 2386 2931 2448 ἱκανάς
2987 2407 3044 2441 τε
3101 2388 3308 2466 ἡμέρας
3368 2390 3446 2462 μὴ
3503 2389 3818 2448 ὑπολείπον-

2168 2493 2258 2534 τος
2291 2475 2472 2547 αὐτού,
2504 2473 2626 2529 ἀλλ’
2659 2474 2935 2551 ε“ίργοντος
2969 2476 3068 2543 την
3091 2477 3176 2533 ἐπὶ
3207 2478 3268 2533 τὸ
3300 2481 3726 2559 προσωπορείαν,
3763 2481 3820 2538 ὲν

2167 2560 2359 2635 ἀθυμίᾳ
2390 2561 2689 2642 ἐτύγχανεν
2731 2567 2758 2620 ὁ
2789 2563 3052 2644 ἔπαρχος,

2248 2654 2336 2721 ιζί.
2376 2656 2470 2709 Καὶ
2528 2651 2592 2720 δὴ
2635 2653 2775 2731 ἑώρα
2827 2655 2917 2710 τὸν
2977 2655 3291 2722 πανὲνδοξον
3353 2659 3664 2736 Δημήτριον
3713 2657 3810 2715 λέ-

2163 2762 2327 2816 γοντα
2379 2746 2542 2815 αὒτῷ,
2602 2749 2782 2798 Πᾶσαν
2854 2743 3102 2800 ἀπιστίαν
3159 2747 3245 2802 καὶ
3305 2748 3528 2821 ἀθυμίαν
3584 2748 3810 2805 ἀπωσά-

431 2831 1044 2912 pusillanimitateque
1073 2831 1361 2909 deposita,
1389 2829 1714 2909 accipiens,
1748 2832 1901 2910 quod
1933 2831 2079 2912 fers,

2177 2850 2348 2909 αενος,
2384 2829 2564 2887 λαϐὼν
2609 2831 2738 2906 ὅπερ
2769 2832 3071 2912 ἐπιφέρεις,
3133 2834 3360 2913 πάρελθε
3419 2838 3508 2892 τὸν
3568 2841 3814 2912 ποταμὸν

428 2922 671 2983 fluvium
705 2920 928 3001 absque
974 2921 1353 2982 cunctatione
1385 2920 1724 2998 ingredere.
1759 2921 1934 2983 Mane
1966 2922 2080 3000 igi-

2177 2917 2520 2984 Ξιδιστάκτως.
2570 2920 2775 2978 ’Ἐωθεν
2827 2924 2919 2977 οὖν
2978 2921 3165 2984 ἐπιϐὰς
3195 2932 3272 2994 τῷ
3302 2925 3547 3004 ὀχήματι
3576 2925 3723 3007 ἔχων
3757 2929 3813 2985 ἐν

427 3021 542 3086 tur,
573 3029 756 3074 curru
808 3029 1124 3083 consenso,
1161 3009 1536 3072 venerandas
1567 3009 1856 3090 reliquias
1903 3029 2079 3072 manu

2177 3010 2319 3086 χερσὶ
2370 3011 2468 3076 τὴν
2512 3012 2690 3084 τιμίαν
2747 3011 2926 3088 σορὸν,
2969 3009 3178 3078 διῆλθεν
3213 3013 3448 3082 ἀϐλαϐὴς
3503 3018 3594 3072 τὸν
3645 3039 3809 3074 ποτα.

423 3111 668 3181 gestans
725 3102 964 3163 ﬂuvium
1025 3100 1301 3160 innoxius
1363 3100 1636 3161 transivit
1686 3098 1844 3179 (24),
1881 3099 2079 3180 itaque

2177 3100 2288 3171 ιον,
2347 3101 2434 3154 καὶ
2465 3098 2633 3163 οὕτως
2659 3099 2926 3173 ἀπελθὼν,
2961 3100 3014 3157 ἐν
3047 3108 3122 3176 τῷ
3174 3106 3385 3180 Σερμίῳ
3435 3104 3659 3163 ἀπέθετο
3707 3108 3807 3175 τὴν

426 3203 794 3254 transvectus
855 3188 1058 3252 Sirmii
1117 3191 1246 3269 (22)
1321 3207 1548 3250 sacram
1607 3189 2077 3267 lipsanothecam

2177 3188 2318 3263 ιγίαν
2375 3190 2531 3264 σορὸν
2590 3190 2726 3263 μετά
2798 3189 2889 3245 106
2976 3190 3030 3246 ὲν
3107 3194 3242 3268 αὒτῇ
3297 3198 3563 3272 θησαυροῦ
3615 3195 3670 3250 ἐν
3730 3205 3808 3270 τῷ

423 3299 560 3342 cum
611 3281 921 3352 thesauro,
959 3282 1017 3340 in
1066 3279 1176 3339 hac
1207 3287 1511 3356 contento,
1546 3277 1605 3337 iu
1638 3279 1824 3338 sancti
1858 3277 2076 3338 Deme-

2177 3277 2289 3354 παρ’
2353 3281 2510 3336 αὐτοῦ
2593 3277 2852 3335 κτισθέντι
2930 3279 3110 3336 ἐκεῖσε
3180 3283 3467 3358 πανσέπτῳ
3548 3293 3657 3358 ναῷ
3712 3290 3806 3343 106

425 3371 522 3433 trii
555 3369 838 3446 ecclesia,
873 3386 1058 3448 prope
1084 3367 1486 3427 venerandum
1523 3365 1788 3443 pulchris
1821 3365 2080 3429 victoriis

2177 3365 2315 3441 ἱγίου
2371 3367 2629 3444 μάρτυρος
2705 3369 3011 3444 Δημητρίου
3083 3369 3311 3438 πλησίον
3372 3383 3462 3432 106
3513 3371 3802 3449 σεϐασμίου

424 3461 721 3521 decoratas
752 3458 1030 3537 martyris
1077 3454 1406 3518 Anastasis:
1437 3455 1724 3532 templum
1755 3461 2074 3532 exstructa,

421 3547 726 3629 deposuit.
777 3546 960 3609 Multa
989 3554 1187 3606 autem
1223 3552 1280 3605 et
1331 3544 1616 3605 miracula
1646 3551 1707 3606 et
1735 3543 2076 3608 sanationes

421 3638 480 3698 in
543 3638 652 3710 via,
687 3655 822 3698 cum
883 3645 941 3697 et
994 3652 1206 3696 currus
1238 3642 1297 3694 et
1343 3633 1621 3695 animalia
1671 3636 2069 3714 quiescerent,

424 3726 658 3789 Domini
704 3725 894 3787 nostri
925 3724 1067 3788 Jesu
1122 3723 1338 3785 Christi
1369 3731 1426 3783 et
1474 3723 1667 3803 gratia
1693 3731 1750 3783 et
1789 3723 2065 3800 longani-

421 3818 626 3880 mitate
657 3825 718 3877 et
749 3813 1166 3878 misericordia
1203 3813 1358 3875 Deus
1391 3813 1638 3893 patravit
1670 3832 1686 3890 ;
1720 3813 1816 3874 cui
1874 3813 2068 3891 gloria

417 3917 476 3968 ct
507 3908 690 3970 virtus
723 3925 880 3969 nunc
910 3914 969 3968 et
997 3922 1237 3986 semper
1261 3910 1319 3966 et
1349 3902 1410 3965 in
1432 3904 1648 3966 saecula
1686 3903 2064 3966 saeculorum.

2162 3454 2316 3511 οἴκου
2369 3461 2464 3522 τῆς
2525 3455 2839 3513 καλλινίκου
2886 3459 3146 3537 μάρτυρος
3192 3459 3568 3524 Ἀναστασίας.
3621 3463 3803 3522 Πολλά

2159 3566 2216 3600 τε
2248 3546 2514 3619 θαύματα,
2558 3550 2642 3602 καὶ
2692 3547 2858 3611 ἰάσεις
2917 3550 2944 3603 ὁ
2992 3549 3177 3626 Κύριος
3225 3553 3498 3626 εποίησεν,
3564 3552 3683 3611 ἔνθα
3715 3553 3800 3611 διὰ

2158 3640 2256 3701 τῆς
2315 3634 2436 3691 ὁδοῦ
2467 3639 2527 3692 τὸ
2558 3636 2748 3715 ὄχημα
2779 3639 2864 3693 καὶ
2908 3637 2973 3692 τά
3010 3644 3121 3708 ζῶα
3170 3640 3556 3716 ἀνεπαύσαντο,
3615 3645 3800 3724 χάριτι

2157 3725 2244 3781 καὶ
2302 3728 2629 3803 οἰκτειρμοῖς
2685 3728 2772 3782 καὶ
2829 3726 3188 3804 φιλανθρωπίᾳ
3247 3739 3336 3788 106
3398 3733 3584 3811 Κυρίου
3642 3735 3800 3808 ἡμῶν

2157 3813 2337 3882 Ἰησοῦ
2396 3823 2646 3895 Χριστοῦ,
2704 3820 2749 3889 ᾧ
2804 3815 2833 3882 ἡ
2878 3814 3022 3888 δόξα,
3085 3820 3172 3873 καὶ
3231 3821 3292 3876 τὸ
3348 3822 3530 3900 ιιράτος
3581 3829 3668 3880 νῦν
3709 3826 3799 3880 καὶ

2151 3905 2255 3979 ἀεὶ,
2282 3906 2368 3962 καὶ
2399 3907 2471 3970 εἰς
2503 3907 2624 3970 τοὺς
2658 3908 2850 3970 αίῶνας
2882 3908 2985 3962 τῶν
3009 3906 3236 3968 αἰώνων.
3273 3908 3469 3986 Ἀμήν,

417 4000 634 4061 Amen.

485 4171 1000 4248 (20)__0ccidentale
1048 4174 1370 4248 nimirum;
1427 4171 1856 4248 Thessalonica
1887 4171 2066 4235 enim,
2151 4174 2340 4231 ontius
2376 4173 2663 4248 traiecisse
2697 4172 3033 4248 indicatur?
3083 4175 3146 4233 In
3179 4176 3433 4248 Daciam.
3464 4191 3594 4248 quae
3614 4177 3799 4235 Thcs-

414 4261 540 4317 qnze
573 4245 786 4313 Illyrici
819 4243 1120 4303 orientalis
1150 4244 1351 4317 civitas
1381 4245 1920 4317 erat,_versabatur.
1973 4313 1985 4317 Α
2019 4314 2028 4317 _
2150 4247 2424 4313 salonira,
2463 4243 2576 4302 nisi
2610 4243 2842 4317 trajecta
2871 4246 3017 4303 lstro
3050 4262 3151 4304 seu
3183 4247 3464 4310 Danubio.
3483 4243 3646 4306 'adiri
3674 4263 3792 4308 non

486 4316 601 4389 (2'1)
625 4317 741 4375 Nec
771 4317 944 4389 hujus
1007 4316 1295 4383 miraculi,
1337 4329 1446 4371 nec
1498 4315 1736 4372 alterius
1768 4329 1939 4384 supra
1964 4313 2068 4389 hic
2150 4327 2358 4389 potest,
2391 4313 2910 4389 protectus’fuisse,
2960 4333 3134 4388 supra
3163 4322 3479 4386 asseritur;
3514 4335 3643 4377 cum
3686 4337 3794 4378 au-

415 4387 601 4459 relati,
630 4403 746 4460 quo
793 4387 1345 4462 Leontius,_Sancto
1395 4389 1817 4462 patrocinante,
1851 4387 2068 4462 sanita-g
2151 4399 2262 4462 tem
2293 4387 2648 4462 ﬁeripossit,
2693 4395 2756 4444 ut
2809 4387 3171 4462 Leontiusiin
3206 4390 3498 4462 Daciam,e
3525 4405 3637 4462 qua
3665 4391 3792 4450 Sir-

414 4471 524 4516 tem
565 4457 1344 4534 recuperarit,in_Photiana
1379 4465 1436 4512 et
1471 4459 1838 4513 Anastasiana
1869 4459 2065 4515 Sancti
2150 4460 2350 4522 mium,
2385 4461 2496 4514 nisi
2527 4457 2672 4517 Istro
2702 4459 2912 4528 pariter
2942 4475 3042 4516 seu
3074 4461 3335 4519 Danubio
3359 4457 3616 4534 traiecto.
3641 4463 3789 4520 adiri

412 4533 593 4589 nostri
625 4531 747 4588 Vita
783 4533 996 4587 mentio
1028 4531 1108 4588 ﬁt.
1362 4597 1373 4599 _
1468 4598 1474 4599 ί
1603 4597 1623 4599 _
2143 4542 2259 4588 non
2295 4538 2492 4594 potest,
2530 4534 2776 4599 primum
2810 4544 2934 4586 sese
2963 4535 3291 4598 contulerit,
3315 4549 3382 4590 ac
3413 4531 3619 4592 deinde
3659 4543 3790 4592 tan-

483 4600 596 4684 (22)
629 4601 901 4659 Sirmium
954 4616 1117 4684 ergo_
1141 4597 1875 4684 Thessalonicadlreontius
1921 4615 2061 4684 pcr-
2145 4613 2262 4661 tum
2295 4597 2565 4684 Sirmium
2599 4601 2832 4684 adierit,
2873 4605 3088 4684 erroris
3125 4602 3216 4684 hic
3247 4597 3409 4677 argui
3440 4620 3556 4664 nou
3599 4615 3787 4677 potest

410 4670 557 4747 rexit
578 4688 597 4747 _;
622 4686 842 4747 verum.
867 4687 998 4747 cum
1021 4670 1153 4747 inde
1191 4672 1328 4728 illuc
1354 4670 1730 4747 pergentibus
1761 4670 2060 4747 Danubius
2143 4687 2462 4744 anonymus
2487 4673 2678 4730 Sancti
2712 4673 2891 4730 nostri
2923 4673 3298 4747 biographus.

410 4737 780 4815 trajiciendus
810 4744 965 4802 haud
996 4742 1088 4808 sit,
1123 4737 1478 4801 rectene’hic'
1508 4737 1725 4797 ﬂumen
1758 4743 1912 4802 istud
1946 4746 2061 4802 Le-
