4100 6414
291 350 446 419 1185

1487 354 1549 420 S.
1595 347 1975 420 DEMETRII
2034 349 2433 418 MARTYRIS
2475 346 2699 417 ACTA.

3505 345 3658 417 1186

799 640 1285 752 PASSIO
1371 643 1890 752 TERTIA
1981 641 2091 751 S.
2199 639 2880 749 DEMETRII
2977 643 3120 752 M.

1300 875 1654 942 AUCTORE
1697 874 2034 940 SlMEONE
2083 870 2637 938 METAPHBASTE

398 1052 448 1114 Ε
501 1053 712 1117 Grch
763 1055 1137 1122 bibliothecae
1190 1055 1708 1119 Christianissimi
1751 1055 1912 1136 regis
1947 1051 2250 1136 _Medica:o
2300 1051 2671 1136 egemplart',
2707 1068 2844 1116 cum
2902 1050 3230 1134 Lipomom'
3271 1057 3330 1117 et
3365 1051 3539 1117 Surii

1233 1137 1604 1200 editionibus
1647 1133 1892 1200 collato.
1937 1134 2274 1214 Interprele
2313 1133 2680 1214 Lipomano.

1803 1408 2037 1470 CAPUT
2074 1412 2121 1469 Ι.

261 1568 454 1626 Sancti
498 1570 713 1644 patria,
752 1586 940 1644 genus,
983 1571 1275 1642 institutio,
1327 1573 1588 1648 dignitas,
1651 1573 1859 1632 Christi
1905 1570 2242 1646 pradicett'o,
2305 1570 2654 1645 apprchensio
2711 1577 2870 1648 atque
2927 1572 2984 1628 in
3043 1587 3318 1632 carcerem
3372 1575 3658 1656 conjectio.

341 1722 419 1781 α’.
489 1724 636 1805 Εἶχε
697 1725 794 1800 μὲν
837 1726 902 1781 τὰ
935 1718 1212 1803 Ῥωμαίων
1242 1733 1490 1809 σκῆπτρα
1519 1728 1848 1806 Μαξιμιανὸς
1879 1730 1906 1785 ὁ

2074 1727 2132 1786 1.
2166 1723 2435 1787 Tenebat
2470 1724 2709 1805 quidem
2743 1723 3150 1787 Romanorum
3184 1735 3422 1807 sceptra
3466 1726 3653 1791 Maxi-

255 1811 595 1891 Ἐρκούλιος,
671 1813 837 1878 πολὺς
891 1817 1028 1876 κατὰ
1086 1824 1422 1896 Χριστιανῶν
1479 1820 1652 1876 πνέων
1721 1840 1779 1874 τε
1822 1819 1912 1874 καὶ

1998 1817 2233 1877 mianus
2261 1811 2585 1876 Herculius
2619 1813 2730 1894 (l),
2752 1831 3084 1893 magnoque
3107 1813 3334 1894 impetu
3357 1825 3416 1878 et
3438 1818 3661 1897 spiritu

262 1902 558 1982 φερόμενος
593 1918 609 1933 ⁸
667 1901 950 1972 εἶδωλικῆς
1026 1903 1082 1962 δὲ
1133 1905 1346 1974 πλάνης
1403 1908 1505 1975 τὴν
1556 1909 1647 1965 ὑπ’
1691 1908 1913 1978 οὐρανὸν

2009 1903 2300 1966 Ferebatur
2317 1903 2376 1965 in
2396 1903 2787 1984 Christianos,
2813 1905 3036 1966 erroris
3057 1913 3258 1965 autem
3293 1905 3659 1970 simulacro-

262 1989 476 2048 ἅπασαν
531 1990 794 2049 ἐκάλυπτε
851 1993 1030 2069 νέφος,

264 2079 482 2158 ἀστέρες
511 2082 710 2163 ταύτην
743 2081 1094 2162 διαλαχόντες
1125 2087 1172 2141 οἱ
1230 2083 1316 2142 διὰ
1377 2088 1603 2163 Χριστὸν
1659 2085 1916 2150 παθόντες

262 2167 586 2244 ἒξέλαμπον.
621 2158 718 2226 Ὠν
748 2171 835 2235 εἷς
868 2158 989 2228 adre
1034 2175 1123 2230 καὶ
1164 2174 1192 2229 ὃ
1237 2158 1540 2249 θαυμαστὸς
1606 2177 1920 2254 Δημήτριος

274 2257 588 2338 ἐγνωρίζετο
621 2275 636 2292 ’
675 2262 1008 2338 Δημήτριος,
1070 2263 1098 2319 ὁ
1154 2265 1241 2320 καὶ
1283 2265 1378 2332 τὴν
1422 2271 1497 2330 είς
1548 2268 1772 2344 Χριστὸν
1816 2265 1920 2321 πί-

273 2370 389 2404 στιν
420 2347 793 2430 περίϐλεπτος,
848 2353 936 2408 καὶ
996 2366 1114 2417 τοῖς
1169 2353 1223 2409 ἐν
1283 2361 1495 2430 Χριστῷ
1543 2357 1774 2430 θαύμασι
1818 2376 1923 2411 πε-

272 2435 548 2514 ριϐόητος.
605 2438 707 2498 ’Ὀν
763 2439 956 2517 ἤνεγκε
1015 2442 1112 2516 μὲν
1172 2443 1206 2510 ἡ
1262 2443 1473 2521 μεγάλη
1509 2443 1914 2512 Θεσσαλονίκη·

269 2527 333 2583 τό
365 2549 425 2604 γε
457 2528 556 2595 την
585 2529 660 2592 εἰς
690 2529 922 2608 πατέρας
950 2531 1084 2596 ἧκον
1112 2533 1378 2607 ἐπίσημος
1425 2534 1513 2606 ἧν,
1575 2536 1664 2590 καὶ
1698 2535 1796 2602 τὴν
1849 2537 1920 2600 εἷς

269 2627 394 2682 τοὺς
440 2615 549 2673 ἄνω
580 2624 674 2676 τοῦ
702 2617 885 2696 γένους
932 2619 1196 2699 ἀναφορὰν
1254 2628 1358 2678 τῶν
1419 2621 1738 2682 Μακεδόνων
1795 2623 1918 2681 ἐπι-

269 2713 619 2784 φανὲστατος.

351 2883 426 2958 β’.
462 2881 614 2940 Ἀλλ’
643 2883 747 2965 οὒχ
778 2885 916 2944 οὕτω
944 2889 1254 2968 περιφανείᾳ
1293 2893 1595 2970 προγόνων,
1629 2893 1704 2956 ὡς
1736 2892 1912 2964 οἰκείῳ

1116 1996 1160 2051 εί
1241 1997 1329 2052 καὶ
1387 1995 1622 2076 λαμπροὶ
1681 1997 1916 2074 καθάπερ

2009 2013 2132 2056 rum
2179 1994 2369 2055 nubes
2399 1993 2632 2072 tegebat
2680 2011 2919 2054 omnem
2967 2001 3210 2073 terram,
3243 2011 3374 2075 quae
3404 2005 3490 2056 est
3546 1998 3659 2060 sub

2002 2084 2150 2146 coelo
2184 2104 2201 2160 ;
2253 2083 2489 2145 etiamsi
2523 2082 2698 2144 veluti
2744 2081 2959 2144 lucidse
2989 2084 3258 2162 quaedam
3309 2083 3495 2146 stellte
3525 2104 3657 2149 eam

2005 2179 2249 2246 sortitae,
2285 2172 2776 2252 resplendebant,
2810 2171 2910 2253 qui
2944 2172 3101 2252 passi
3144 2172 3386 2233 fuerunt
3417 2184 3662 2254 propter

2006 2261 2330 2326 Christum.
2366 2261 2628 2335 Quorum
2658 2270 2800 2322 tunc
2819 2279 2972 2322 unus
3003 2261 3439 2340 agnoscebatur
3458 2265 3659 2325 admi-

2007 2351 2215 2412 rabilis
2260 2350 2599 2412 Demetrius
2633 2372 2646 2408 :
2682 2349 3046 2430 Demetrius,
3079 2350 3179 2430 qui
3215 2359 3455 2430 propter
3477 2353 3657 2414 tidem

2003 2441 2065 2501 in
2099 2441 2401 2503 Christum
2437 2440 2708 2518 insignis,
2735 2458 2806 2501 ac
2835 2439 3172 2502 celebratus
3204 2450 3448 2520 propter
3464 2441 3654 2503 mira.

2002 2531 2158 2610 cula,
2188 2549 2322 2608 quae
2352 2530 2607 2592 faciebat
2637 2530 2699 2590 in
2729 2531 2987 2592 Christo.
3039 2529 3210 2592 Illum
3246 2530 3379 2590 tulit
3407 2532 3651 2607 quidem

2004 2637 2216 2698 magna
2256 2620 2461 2681 civitas
2491 2618 2920 2680 Thessalonica
2954 2619 3038 2699 (2)
3074 2641 3086 2676 :
3143 2618 3302 2699 quod
3332 2628 3530 2680 autem
3582 2621 3656 2682 ad

2003 2717 2282 2789 parentes
2330 2709 2565 2783 attinet,
2599 2718 2726 2769 erat
2756 2709 3008 2787 insignis
3049 2718 3111 2769 et
3140 2725 3358 2786 genere
3391 2709 3655 2771 clarissi-

1999 2817 2152 2879 mus,
2185 2799 2382 2878 ipsum
2434 2798 2702 2859 referens
2732 2799 2804 2858 ad
2835 2797 3112 2877 antiquos
3154 2797 3514 2860 Macedones
3547 2800 3656 2878 (3).

2075 2891 2134 2948 2.
2189 2889 2306 2951 Sed
2342 2906 2458 2948 non
2493 2896 2619 2948 erat
2650 2894 2764 2946 tam
2819 2887 3017 2947 clarus
3047 2885 3370 2966 splendore
3411 2905 3656 2950 suorum

266 2971 459 3046 κόσμῳ
506 2978 606 3040 τῆς
644 2974 838 3053 ἀρετῆς
894 2975 1282 3055 ἐλαμπρύνετο.
1335 2988 1596 3038 Τοσοῦτον
1655 2982 1756 3060 γὰρ
1817 2984 1910 3039 εὐ-

2009 2977 2315 3056 majorum,
2352 2995 2527 3057 quam
2568 2985 2920 3037 ornamento
2950 2993 3072 3036 sua:
3103 2975 3362 3039 virtutis.
3395 2978 3652 3038 Tantum

267 3063 663 3152 Tevsiqwuxﬁc
695 3065 817 3130 τοὺς
849 3065 934 3122 ἐπὶ
991 3068 1159 3142 τούτῳ
1211 3068 1486 3149 λαμπροὺς
1548 3069 1908 3152 παρέδραμεν,

2009 3065 2160 3127 enim
2215 3066 2428 3127 animat
2476 3063 2788 3126 nobilitate
2845 3063 3149 3145 superavit
3199 3082 3302 3125 eos
3334 3065 3436 3145 qui
3482 3075 3660 3126 erant

269 3150 398 3207 ὅσον
441 3151 552 3231 ὥρᾳ
622 3154 874 3230 σώματος
925 3157 1047 3221 τοῖις
1091 3157 1178 3214 ἐπὶ
1246 3158 1434 3216 κάλλει
1493 3150 1912 3238 σεμνυνομένους

269 3238 598 3318 ὑπερϐάλετο
633 3263 646 3278 ⁸
681 3245 833 3324 φύσις
881 3247 981 3324 γὰρ
1029 3249 1171 3322 αὐτῷ
1229 3253 1522 3326 μαθήματα
1580 3253 1679 3326 μὲν
1737 3273 1919 3331 παρα-

269 3328 460 3388 λαϐεῖν
516 3333 698 3408 ἰκινη,
759 3333 1002 3401 συλλέξαι
1045 3334 1102 3391 δὲ
1133 3336 1236 3405 ἤθη
1269 3341 1356 3396 καὶ
1405 3340 1623 3418 κεράσαι
1669 3328 1827 3420 πρὸς.
1859 3344 1921 3398 τὸ

269 3421 637 3501 χρηστότερον
666 3423 840 3502 ἀταθή
877 3441 892 3457 ⁸
951 3425 1014 3483 τό
1054 3448 1114 3482 τε
1155 3437 1247 3487 τοῦ
1283 3431 1573 3508 προσώπου
1630 3430 1746 3488 λίαν
1798 3430 1920 3488 ἐπί-

270 3531 406 3591 χαρι
462 3513 562 3578 την
618 3512 716 3581 τῆς
775 3518 962 3594 ψυχῆς
1017 3515 1293 3594 εὐγένειαν
1350 3517 1636 3590 δπεδήλου.
1675 3523 1773 3578 Τὸν
1821 3522 1919 3598 μὲν

268 3599 361 3658 οὖν
395 3599 454 3656 ἐκ
497 3599 695 3658 παίδων
722 3603 796 3667 εἷς
826 3601 964 3672 ἥϐην
994 3610 1195 3685 χρόνον
1243 3607 1458 3664 πάντων
1487 3611 1624 3684 ὁμοῦ
1653 3616 1761 3666 τῶν
1790 3609 1918 3679 ἡλί-

269 3710 382 3746 κων
440 3689 647 3768 ἐκράτει
682 3711 696 3726 ·
762 3693 856 3749 καέ
911 3694 978 3762 ἦν
1029 3693 1176 3752 οὐδὲν
1243 3699 1349 3752 τῶν
1404 3696 1620 3765 ἀληθῶς
1677 3699 1912 3779 ἀγαθῶν,

269 3776 356 3866 ἔφ’
411 3783 456 3854 ᾧ
498 3782 575 3852 μὴ
616 3783 725 3838 τῶν
767 3780 945 3839 ἄλλων
972 3783 1160 3850 πολλῲ
1182 3789 1257 3859 τῷ
1287 3785 1436 3860 μέσῳ
1467 3785 1700 3866 διέφερεν
1728 3776 1743 3820 έ
1777 3776 1917 3844 ἀλλὰ

267 3865 435 3934 δῆλον
483 3873 550 3938 ἦν
607 3869 659 3936 ἐξ
707 3872 887 3951 ἀρχῆς
928 3874 991 3929 τὸ
1021 3874 1206 3954 φυτὸν,
1251 3873 1398 3939 ὅπως
1444 3865 1781 3955 μξνγγένοιτο
1812 3900 1918 3958 χα-

267 3957 572 4040 ριέστατον,
623 3959 769 4026 ὅπως
826 3959 882 4018 δὲ
934 3963 1102 4021 πολύν
1150 3985 1207 4020 τε
1257 3965 1345 4022 καὶ
1373 3964 1571 4043 ἀγαθὸν
1600 3968 1662 4023 τὸ
1711 3957 1914 4046 καρπὸν

266 4048 500 4128 ἐνέγκοι.

348 4226 424 4307 γ’.
461 4229 548 4295 Εἷς
600 4227 791 4310 ἄνδρας
849 4228 904 4286 δὲ
960 4229 1132 4313 ⁴ἥκων,
1180 4233 1386 4312 φύσεως
1439 4236 1538 4310 μὲν
1566 4235 1726 4316 ἰσχὺν
1779 4235 1911 4294 ἐπει

2003 3155 2276 3236 praeclari
2331 3156 2444 3217 hoc
2495 3153 2762 3228 nomine,
2797 3162 3083 3234 quantum
3135 3155 3409 3234 corporis
3454 3154 3658 3234 specie

2003 3243 2322 3326 superabat
2352 3263 2454 3306 eos
2485 3250 2588 3326 qni
2610 3261 2778 3304 suam
2791 3241 3098 3323 jactabant
3115 3243 3654 3322 pulchritudinem.

2004 3333 2150 3397 Nam
2204 3344 2330 3398 erat
2367 3334 2608 3416 quidem
2666 3333 2723 3395 ei
2755 3333 2897 3394 satis
2945 3341 3182 3394 acutum
3215 3333 3520 3412 ingenium
3579 3335 3654 3395 ad

2005 3426 2329 3506 capiendas
2399 3424 2771 3505 disciplinas,
2831 3435 3034 3505 aptum
3114 3441 3254 3485 vero
3311 3424 3384 3484 ad
3457 3442 3658 3486 mores

2005 3515 2374 3594 colligendos
2433 3523 2494 3576 et
2523 3514 2888 3592 benignitate
2946 3513 3537 3593 contemperandos;
3600 3523 3659 3576 et

2002 3605 2206 3666 vultus
2238 3604 2478 3684 elegans
2507 3613 2792 3683 aspectus
2819 3602 3192 3682 signiﬁcabat
3217 3603 3404 3665 animi
3433 3605 3657 3665 nobili-

2002 3702 2202 3757 tatem.
2236 3697 2288 3756 A
2342 3693 2593 3774 pueritia
2643 3691 2887 3774 quidem
2939 3710 3128 3772 usque
3156 3693 3229 3752 ad
3281 3692 3656 3772 pubertatem

1999 3792 2126 3842 erat
2156 3783 2433 3862 superior
2460 3779 2739 3840 omnibus
2763 3778 3131 3858 aequalibus;
3160 3797 3356 3859 neque
3389 3787 3515 3840 erat
3539 3779 3658 3839 ali-

1998 3870 2140 3950 quid
2173 3887 2248 3932 ex
2279 3871 2352 3931 iis
2382 3887 2514 3949 quae
2539 3877 2678 3929 sunt
2705 3885 2845 3930 vere
2877 3869 3055 3942 bona,
3087 3869 3149 3928 in
3179 3886 3296 3947 quo
3326 3886 3444 3928 non
3476 3868 3654 3946 longo

1996 3960 2310 4022 intervallo
2345 3961 2476 4021 altis
2507 3965 2837 4039 praestaret,
2869 3957 3374 4037 manifestumque
3399 3968 3532 4020 erat
3575 3957 3651 4018 ab

1995 4049 2193 4125 initio,
2217 4067 2391 4130 quam
2425 4054 2586 4110 esset
2615 4046 2857 4128 quidem
2886 4046 3070 4108 arbor
3093 4047 3555 4126 jucundissima,
3587 4060 3650 4111 et

1997 4156 2177 4217 quam
2228 4139 2537 4219 copiosum
2569 4145 2630 4199 et
2660 4136 2883 4198 bonum
2928 4136 3189 4197 fructum
3219 4136 3411 4199 latura
3461 4146 3643 4204 esset.

2075 4230 2138 4293 3.
2191 4229 2334 4292 Cum
2366 4236 2563 4290 autem
2595 4227 2668 4288 ad
2697 4225 2928 4288 virilem
2986 4231 3356 4308 pervenisset
3386 4239 3648 4302 mtatem.

265 4317 525 4394 δείκνυτο,
578 4319 788 4400 ἀνδρίαν
837 4319 894 4376 δὲ
937 4319 1094 4389 ἤσκει
1141 4325 1230 4380 καὶ
1266 4323 1478 4404 ῥώμην,
1513 4326 1646 4404 πρὸς
1677 4325 1910 4401 μάθησιν

2009 4319 2157 4382 vires
2208 4319 2570 4382 ostendebat
2600 4317 2852 4396 ingenii,
2886 4328 2948 4378 et
2996 4315 3314 4379 exercebat
3359 4319 3543 4379 robur
3591 4328 3652 4381 et

263 4427 327 4463 τε
382 4414 489 4464 τῶν
547 4408 858 4486 πολεμικῶν
914 4410 1102 4470 ἑαυτὸν
1149 4411 1410 4494 ἐξεπόνει,
1471 4417 1608 4490 μετὰ
1667 4423 1913 4496 χρηστοῦ

2009 4409 2430 4490 Fortitudinem,
2457 4419 2634 4486 atque
2666 4409 2722 4467 in
2747 4415 2876 4468 arte
2899 4405 3142 4467 militari
3164 4406 3450 4468 discenda
3475 4407 3650 4470 labo-

263 4506 364 4556 τοῦ
419 4497 577 4566 ἤθους
620 4499 716 4556 καί
758 4505 858 4568 τῆς
903 4499 1118 4568 ἥδιστον
1162 4501 1306 4576 αὒτῷ
1347 4503 1680 4572 ἐπανθούσης
1743 4504 1916 4570 αἰδοῦς

267 4607 330 4642 τε
386 4590 476 4644 καὶ
517 4590 876 4665 κοσμιότητος
903 4611 918 4627 ο
980 4591 1108 4648 αὐτό
1150 4612 1208 4647 τε
1246 4594 1309 4649 τὸ
1359 4591 1734 4662 διαϐεϐοῆσθαι
1786 4599 1917 4674 πρὸς

269 4675 541 4754 ἅπαντας,
572 4679 842 4757 γνώριμον
893 4680 984 4737 τὸν
1039 4679 1197 4758 ἄνδρα
1254 4685 1344 4738 καὶ
1399 4683 1616 4758 βασιλεῖ
1668 4688 1914 4757 καθιστᾷ.

268 4771 532 4847 Λαμπρᾶς
565 4768 655 4824 οὖν
698 4771 786 4826 καὶ
815 4767 1303 4848 μεγαλογνῶμονος
1333 4769 1502 4835 οὕτως
1560 4771 1760 4853 ἔχοντα
1814 4780 1918 4854 φύ-

267 4876 409 4919 σεως
465 4859 493 4913 ὁ
550 4857 798 4936 βασιλεὺς
840 4861 933 4916 τὸν
983 4860 1295 4940 Δημήτριον
1349 4859 1632 4942 ἐννοήσας,
1662 4865 1749 4920 επὶ
1781 4864 1919 4920 πολὺ

266 4944 428 5034 δόξης
473 4947 532 5004 ἐκ
593 4947 812 5026 πρώτης
871 4950 1018 5014 εὖθῦς
1077 4949 1246 5030 α’ίρει,
1308 4952 1396 5006 καὶ
1433 4951 1729 5010 ἀνθύπατον
1777 4976 1916 5034 προ-

265 5033 526 5096 ϐάλλεται
583 5039 683 5105 τῆς
737 5037 994 5106 Ἐλλᾶδος
1028 5054 1042 5070 '
1090 5040 1165 5103 ὡς
1216 5042 1305 5097 καὶ
1334 5042 1589 5098 ὁπατικὸν
1617 5041 1730 5119 ἅμα
1759 5065 1916 5124 περιο

339 5214 595 5343 (ggende
618 5215 925 5283 Adnotata,
949 5216 1209 5276 Passieni
1233 5218 1572 5290 praecedenti
1593 5219 1665 5278 ad
1688 5223 1928 5281 num.15

264 5300 558 5345 SUDDOXﬂ.

342 5358 429 5429 (2)
457 5357 758 5416 Civitatem
805 5358 958 5418 hanc
1004 5360 1116 5419 sibi
1156 5361 1408 5420 natalem
1453 5376 1518 5420 re
1568 5363 1736 5422 etiam
1795 5379 1926 5424 vera

261 5441 519 5508 metum
536 5445 673 5508 esse
694 5441 960 5489 sanctum
993 5433 1376 5508 Demetrium,
1408 5435 1793 5508 indubitatum
1825 5451 1929 5508 ap-

265 5501 1126 5575 pargttAdiCommentarium
1161 5501 1436 5575 praevium
1467 5519 1630 5564 num.
1665 5505 1755 5564 33.

341 5572 425 5643 (3)
460 5573 627 5646 Hand
679 5576 980 5646 majorem,
1036 5572 1179 5646 quae
1217 5577 1313 5632 hic
1360 5579 1431 5635 de
1473 5579 1685 5636 illustri
1733 5579 1928 5637 Sancti

268 5659 494 5723 genere
535 5645 969 5723 Metapbtastes,
1000 5645 1176 5723 quam
1208 5661 1334 5720 quae
1361 5650 1433 5706 de
1475 5650 1677 5723 eodem
1707 5664 1929 5723 anony-

263 5716 405 5779 mus
431 5716 632 5778 Sancti
653 5716 834 5776 nostri
863 5716 1298 5792 biogr'aphus'in
1333 5722 1593 5794 proxime
1611 5716 1926 5794 praemissa,

1996 4499 2166 4563 rabat
2219 4501 2325 4580 (4),
2357 4499 2534 4562 bonis
2580 4503 2826 4559 ornatus
2875 4496 3166 4573 moribus,
3203 4505 3262 4558 et
3307 4515 3439 4577 quae
3484 4499 3547 4558 in
3578 4515 3651 4560 eo

2000 4590 2350 4652 suavissime
2403 4588 2678 4663 ﬂorebat,
2703 4586 3070 4649 verecundia
3112 4593 3172 4648 et
3203 4588 3648 4651 moderatione:

1997 4681 2148 4742 adeo
2182 4690 2246 4741 ut
2273 4679 2544 4742 omnium
2577 4679 2652 4740 de
2681 4693 2755 4739 eo
2782 4693 2986 4737 sermo
3004 4675 3436 4738 celeberrimus
3457 4678 3652 4758 ipsum

2004 4779 2212 4833 notum
2237 4769 2567 4833 reddiderit
2595 4767 2966 4846 imperatori.
2999 4765 3144 4829 Cum
3180 4783 3320 4846 ergo
3343 4776 3458 4829 tam
3494 4785 3654 4848 prae-

2002 4863 2160 4924 claro
2221 4868 2278 4922 et
2338 4877 2552 4939 magno
2610 4858 2850 4935 ingenio
2910 4857 3224 4936 pratditum
3285 4858 3654 4920 Demetrium

2001 4949 2524 5014 animadvertisset
2553 4947 2906 5026 imperator,
2938 4945 3012 5007 ab
3043 4944 3218 5008 initio
3271 4947 3346 5009 ad
3379 4966 3654 5028 magnam

2001 5062 2138 5108 eum
2170 5041 2370 5104 evehit
2396 5038 2671 5119 gloriam,
2697 5043 2758 5098 et
2779 5054 2917 5098 eum
2940 5045 3103 5098 creat
3132 5037 3374 5100 Gracia:
3400 5057 3658 5120 procon-

2009 5236 2182 5296 quam
2216 5217 2530 5296 contexuit.
2581 5214 2870 5296 ρειειιὶοιιθ⁸
2906 5215 3453 5296 memoriaa__prodit_,_
3483 5215 3656 5274 ﬁdem

2013 5288 2334 5354 merentur.
2365 5291 2450 5347 uti
2482 5302 2552 5361 ex
2581 5289 2653 5361 iis
2676 5303 2804 5359 quae
2833 5288 3250 5361 commentarii
3268 5292 3458 5361 praevlt
3489 5301 3652 5345 num.

2011 5366 2076 5423 31
2117 5369 2173 5422 in
2214 5363 2465 5421 medium
2488 5359 2721 5426 adduxi,
2753 5359 3056 5432 intelliges.

2088 5437 2169 5508 (4)
2200 5435 2488 5508 verumne
2525 5434 2621 5497 sit,
2650 5432 2814 5508 quod
2846 5429 2963 5508 hic
2987 5431 3328 5508 de_posito_a
3355 5429 3564 5508 sancto
3595 5429 3654 5486 in

2013 5502 2401 5566 arte'militari
2433 5505 2704 5560 discenda
2733 5502 2925 5560 studio
2964 5504 3229 5573 traditur,
3270 5503 3420 5560 haud
3453 5505 3655 5559 imme-

2013 5582 2135 5638 rito
2163 5591 2396 5637 revoces
2425 5579 2486 5633 in
2517 5575 2780 5639 dubium,
2829 5577 2908 5632 uti
2974 5574 3156 5645 liquet
3207 5575 3378 5632 exiis
3416 5588 3540 5645 quae
3595 5574 3655 5630 in

2015 5650 2446 5710 Commentario
2476 5651 2688 5719 ptaevio
2715 5659 2880 5705 num.
2911 5645 2985 5704 35
3011 5655 3068 5704 et
3092 5660 3214 5720 seq.
3244 5646 3512 5706 disserui.
