4100 6420
433 351 577 422 1911

1791 347 2452 411 SUPPLEMENTUM.

3670 333 3821 399 119?

424 491 602 556 simul
628 486 940 550 laetabatur
969 496 1028 545 et
1078 480 1447 546 afﬁciebatur
1473 479 1721 544 dolore:
1761 480 2076 542 laetabatur

2181 478 2317 551 ίδετό
2377 504 2432 537 τε
2491 483 2624 556 ὁμοῦ
2669 479 2754 535 καὶ
2808 477 3036 555 ἀνιαρῶς
3082 474 3308 532 διέκειτο
3346 495 3354 507 ·
3392 471 3550 540 ἥδετο
3582 471 3702 546 μὲν,
3737 470 3818 526 ὅτι

428 580 697 658 quidem,
732 574 889 656 quod
915 573 1256 653 martyrium
1285 591 1418 634 mox
1443 580 1605 634 esset
1624 579 2084 643 consecuturus;

432 688 588 750 aagre
619 664 845 728 ferebat
876 671 1095 732 autem,
1134 661 1292 742 quod
1326 680 1443 722 non
1477 661 1707 724 videret
1733 667 1988 720 tortores
2010 659 2082 720 ad

432 778 498 821 se
555 756 733 821 citius
760 751 1072 826 accedere,
1138 761 1196 812 et
1253 769 1370 812 non
1397 751 1521 830 jam
1578 751 1651 813 ad
1685 759 1978 811 tormenta
2029 756 2086 808 et

433 857 684 911 mortem
715 842 1142 921 corriperetur.
1181 839 1432 902 Tantum
1492 840 1654 901 enim
1685 837 2086 901 contendebat

431 933 772 1000 Demetrius
804 930 955 992 mori
990 937 1232 1010 propter
1262 929 1586 1011 Christum,
1623 938 1903 1006 quantum
1953 936 2081 989 stu-

431 1027 608 1088 debat
631 1020 1019 1084 Maximianus
1037 1039 1169 1081 eum
1193 1039 1226 1080 a
1250 1019 1597 1081 melioribus
1621 1018 2079 1080 revocare.Cum

428 1133 569 1193 ergo
603 1121 825 1191 martyr
843 1112 1111 1172 venisset
1133 1109 1193 1170 in
1221 1127 1552 1181 carcerem,
1583 1108 1844 1170 dicebat:
1887 1109 2082 1169 uDeus

430 1207 490 1267 in
541 1203 904 1283 adjutorium
941 1217 1137 1260 meum
1169 1198 1438 1269 intende,
1478 1198 1749 1271 Domine,
1784 1197 1857 1258 ad
1903 1197 2079 1275 adju-

427 1293 686 1356 vandum
720 1308 816 1352 me
864 1288 1107 1351 festina.
1149 1312 1188 1347 ο.
1231 1286 1522 1360 Quoniam
1585 1296 1644 1348 tu
1677 1305 1742 1348 es
1799 1285 2083 1366 patientia

433 1402 586 1457 mea,
624 1380 899 1452 Domine,
936 1396 1076 1459 spes
1127 1396 1259 1439 mea
1287 1395 1320 1437 a
1363 1378 1675 1456 juventute
1711 1395 1862 1436 mea.
1919 1377 1982 1438 ln
2025 1383 2084 1438 te

431 1473 816 1536 conﬁrmatus
846 1487 978 1530 sum
1031 1467 1104 1528 ab
1134 1476 1301 1529 utero
1341 1490 1354 1530 :
1387 1487 1419 1527 a
1450 1475 1652 1527 ventre
1687 1465 1891 1526 matris
1936 1482 2084 1526 meae

433 1572 495 1624 tu
527 1581 591 1624 es
620 1566 917 1642 protector
950 1575 1138 1619 meus.
1171 1555 1235 1618 In
1269 1566 1322 1617 te
1367 1555 1623 1618 laudatio
1660 1573 1791 1615 mea
1821 1572 2084 1633 semper.

433 1653 689 1716 Psallam
728 1651 848 1711 Deo
875 1665 1028 1721 meo,
1051 1646 1313 1727 quandiu
1336 1644 1854 1723 fuero.Propterea
1883 1644 2085 1705 exsul-

433 1741 644 1804 tabunt
687 1737 841 1800 labia
870 1754 1025 1810 mea,
1063 1755 1195 1796 cum
1263 1745 1573 1796 cantavero
1608 1733 1732 1802 tibi,
1773 1742 1828 1794 et
1887 1734 2086 1813 lingua

435 1850 568 1894 mea
603 1837 718 1892 tota
748 1827 844 1888 die
878 1824 1259 1888 meditabitur
1285 1824 1573 1904 justitiam
1612 1833 1766 1885 tuam
1811 1823 1920 1902 (8).

519 2015 616 2076 10.
679 2008 942 2072 Peractis
975 2015 1171 2068 autem
1220 2007 1517 2089 precibus,
1560 2005 1718 2067 videt
1749 2005 2076 2085 scorpium,

430 2119 539 2183 per
569 2111 784 2163 terram
813 2095 1402 2177 proserpentem,qui
1434 2103 1490 2156 et
1511 2095 1785 2156 aculeum
1813 2094 2078 2155 sustule-

429 2182 610 2265 rat,et
631 2189 760 2268 ejus
784 2185 994 2266 pedem
1022 2194 1147 2245 erat
1172 2192 1524 2266 puncturus.
1559 2182 1664 2246 Ille
1685 2192 1880 2244 autem
1907 2200 2082 2244 cruce

433 2281 721 2353 munitus,
760 2294 896 2337 cum
929 2293 1065 2336 eum
1097 2274 1457 2348 invocasset,
1485 2273 1583 2353 qui
1617 2271 1780 2332 dedit
1833 2291 1939 2332 suo
1970 2273 2084 2350 tig-

435 2377 637 2432 mento
668 2365 900 2428 calcare
933 2381 1107 2444 posse
1139 2371 1453 2442 serpentes
1497 2372 1556 2424 et
1587 2361 1878 2441 scorpios,
1913 2360 2078 2422 illum

431 2459 632 2522 reddit
668 2464 993 2526 mortuum,
1029 2453 1117 2513 vel
1170 2453 1364 2532 potius
1390 2471 1525 2513 eum
1561 2452 1658 2532 qui
1692 2450 2083 2530 intelligentia

438 2545 797 2630 percipitur,
825 2542 1149 2622 scorpium,
1178 2541 1278 2622 qui
1303 2542 1362 2602 in
1387 2560 1456 2602 eo
1483 2540 1720 2602 latebat.
1750 2540 1958 2601 Statim
1983 2559 2083 2600 au-

437 2629 556 2699 tem
582 2635 817 2696 divinus
848 2631 903 2693 ei
932 2648 1224 2710 apparens
1254 2631 1505 2709 angelus
1536 2630 1667 2708 ejus
1700 2629 1875 2708 capiti
1906 2647 2083 2690 coro-

439 2745 574 2790 nam
629 2721 902 2803 imponit,
940 2722 1149 2781 dicens
1185 2737 1198 2781 :
1239 2719 1350 2780 Pax
1406 2719 1535 2794 tibi,
1571 2719 1784 2781 Christi
1837 2718 2079 2780 athleta.

439 2818 580 2880 Esto
633 2811 825 2892 fortis,
861 2817 920 2871 et
955 2821 1009 2869 te
1039 2808 1228 2870 virum
1274 2807 1471 2889 praebe
1505 2809 1607 2886 (9).
1643 2807 1740 2870 Sic
1770 2807 1872 2888 qui
1907 2808 2081 2869 velox

438 2913 528 2968 est
583 2903 652 2965 ad
696 2899 1162 2963 consolationem
1199 2917 1406 2959 eorum
1441 2898 1540 2977 qui
1593 2898 1788 2977 ipsum
1847 2896 2079 2972 timent,

437 2993 749 3071 Dominus,
783 2989 960 3051 simul
993 2996 1172 3067 atque
1203 2988 1310 3048 fuit
1341 2988 1606 3048 inclusus
1640 2988 1696 3046 in
1730 3005 1992 3060 carcere,
2030 2997 2087 3048 et

2169 573 2359 649 μικρὸν
2439 570 2562 626 ὅσον
2650 567 2798 625 οὔπω
2875 572 2968 622 τοῦ
3069 566 3352 642 μαρτυρίου
3437 559 3818 627 ἁξιωθῆσεσθσι

2169 659 2440 734 ἔμελλεν·
2500 660 2687 726 ἠνιᾶτο
2757 656 2836 735 δὲ,
2898 656 2978 711 ὅτι
3040 655 3118 729 μὴ
3176 653 3264 710 καὶ
3317 656 3508 708 θᾶττον
3569 650 3818 710 ἐπιόντας

2169 753 2312 824 αὖτῷ
2341 751 2461 806 τοὺς
2513 747 2779 809 κολαστὰς
2840 744 3046 824 ἐθεᾶτο,
3078 744 3165 799 καὶ
3219 743 3352 820 πρὶς
3395 740 3655 817 βασάνους
3712 735 3817 804 ἤδη

2166 840 2254 894 καὶ
2314 841 2405 894 τὸν
2448 837 2667 894 θάνατον
2729 833 3112 910 συνηρπάζετο.
3162 837 3422 892 Τοσοῦτος
3463 829 3563 906 γὰρ
3617 837 3818 900 Δημη-

2165 929 2292 1004 τρίῳ
2333 937 2427 986 τοῦ
2458 926 2542 982 διὰ
2588 924 2812 1002 Χριστὸν
2850 922 3138 978 ἀποθανεῖν
3191 920 3338 997 ἀγὼν
3385 922 3474 991 ἦν,
3531 915 3632 982 ὅση
3696 922 3816 971 Μα-

2166 1015 2390 1091 ξιμιανῷ
2419 1015 2579 1073 πάλιν
2613 1023 2707 1071 τοῦ
2751 1013 2841 1069 τὸν
2886 1009 3044 1087 ἄνδρα
3086 1009 3234 1066 ἑλεῖν
3289 1006 3374 1063 διὰ
3417 1009 3520 1063 τῶν
3567 1025 3817 1084 χρηστο-

2163 1105 2329 1178 τὲρων
2385 1101 2610 1173 σπουδή.
2679 1103 2788 1168 Τὴν
2832 1100 3044 1166 εἱρκτὴν
3088 1099 3263 1154 τοίνυν
3322 1099 3349 1152 ὁ
3380 1096 3580 1173 μάρτυς
3629 1115 3818 1150 κατει-

2164 1193 2374 1273 ληφὼς,
2444 1217 2466 1249 ι
2530 1184 2588 1250 Ὀ
2650 1193 2802 1268 Θεὸς,
2866 1189 3072 1264 ἔλεγεν,
3137 1189 3210 1251 εἰς
3252 1187 3354 1252 τὴν
3402 1185 3653 1262 βοήθειάν
3714 1204 3818 1256 μου

2165 1287 2440 1364 πρόσσχες
2472 1301 2488 1316 ⁶
2549 1283 2722 1360 Κύριε1
2780 1281 2851 1344 εἷς
2935 1280 2996 1334 τὸ
3081 1277 3346 1354 βοηθῆσαί
3406 1297 3499 1350 μοι
3562 1279 3815 1334 σπεῦσον,

2164 1373 2289 1431 "Oti
2335 1376 2395 1428 σὺ
2439 1376 2470 1441 ἦ
2515 1372 2758 1440 ὑπομονή
2804 1391 2930 1448 μου,
2980 1368 3159 1446 Κύριε,
3191 1369 3226 1434 ἡ
3259 1364 3407 1427 ἐλπίς
3459 1387 3560 1439 μου
3599 1366 3661 1418 ὲκ
3692 1363 3816 1417 νεό-

2168 1465 2329 1530 τητός
2391 1483 2514 1538 μου.
2553 1461 2674 1518 Ἐπὶ
2716 1461 2774 1514 σὲ
2818 1457 3214 1534 ἐπεστηρίχθην
3257 1454 3364 1510 ἀπὸ
3421 1452 3649 1532 γαστρός
3684 1471 3700 1486 ο
3759 1450 3818 1506 ἐκ

2169 1553 2371 1618 κοιλίας
2433 1552 2636 1626 μητρός
2683 1571 2783 1623 μου
2814 1546 2876 1603 σύ
2919 1568 3020 1622 μου
3051 1549 3106 1601 εἴ
3136 1544 3463 1612 σκεπαστής.
3500 1542 3590 1598 Ἐν
3649 1541 3731 1596 σοὶ
3781 1542 3816 1607 ἡ

2169 1641 2394 1716 ὕμνησίς
2454 1661 2554 1714 μου
2614 1637 2920 1701 διαπαντός.
3000 1632 3169 1689 Ψαλῶ
3226 1639 3302 1706 τῷ
3360 1639 3476 1706 Θέῴ
3534 1653 3656 1709 μου³
3714 1627 3818 1690 ἕως

2169 1732 2418 1810 ὑπάρχω,
2484 1728 2580 1786 Διὰ
2664 1733 2819 1783 τοῦτο
2893 1723 3274 1802 ἁγαλλιάσεται
3331 1723 3396 1779 τὰ
3466 1720 3627 1800 χείλη
3689 1740 3815 1792 μου,

2168 1809 2545 1894 ὅτανηψαίλλω
2576 1839 2683 1896 σοι,
2729 1817 2816 1871 καὶ
2863 1817 2898 1882 ἡ
2930 1813 3146 1891 γλῶσσά
3178 1835 3281 1888 μου
3310 1809 3442 1878 ὅλην
3487 1811 3586 1876 τὴν
3613 1810 3820 1886 ἡμέραν

2167 1909 2451 1988 μετελήσει
2483 1908 2582 1974 τὴν
2612 1904 2949 1968 δικαιοσύνην
2984 1924 3098 1960 σου,
3139 1923 3164 1957 ι

2248 2001 2306 2060 ι’.
2373 2000 2468 2056 Καὶ
2523 2002 2618 2063 τῆς
2679 1997 2849 2074 εὐχῆς
2895 1993 3038 2066 αὐτῷ
3100 1989 3464 2067 τελεσθείσης,
3512 1989 3608 2064 δρᾷ
3651 2000 3820 2064 σκορ-

2164 2093 2282 2148 πίον
2343 2089 2574 2163 ἓρποντα
2618 2087 2757 2141 κατὰ
2797 2089 2902 2160 γῆς
2954 2083 3016 2138 τὸ
3061 2081 3276 2156 κέντρον
3330 2100 3388 2134 τε
3446 2079 3668 2156 ἣρκότα³
3733 2078 3823 2132 καὶ

2168 2183 2324 2237 αὺτοῦ
2382 2180 2472 2234 τὸν
2533 2174 2668 2232 πόδα
2726 2172 2915 2250 βαλεῖν
2976 2169 3268 2245 μέλλοντα,
3309 2161 3366 2225 Ὀ
3418 2167 3472 2223 δὲ
3503 2168 3580 2242 τῷ
3609 2173 3822 2244 σταυρῷ

2168 2268 2617 2350 σφραγισάμενος,
2671 2266 2758 2320 καὶ
2811 2267 2901 2317 τον
2960 2262 3141 2318 ἐπάνω
3189 2258 3359 2337 ὄφεων
3413 2260 3502 2314 καὶ
3549 2257 3820 2334 σκορπίων

2166 2363 2242 2432 τῷ
2297 2359 2473 2430 οἰκείῳ
2519 2355 2791 2428 πλάσματι
2868 2350 3023 2408 δόντα
3083 2363 3277 2406 πατεῖν
3333 2345 3819 2424 1επικιιλεσε.ίμε.νος³

2167 2451 2348 2526 νεκρὸν
2408 2446 2616 2502 ἐκεῖνον
2662 2443 2874 2513 εὐθέως,
2923 2439 3128 2516 μᾶλλον
3183 2437 3236 2494 δὲ
3286 2441 3376 2494 τὸν
3426 2439 3482 2493 ἐν
3513 2438 3654 2511 αὒτῷ
3683 2459 3822 2501 νοη-

2165 2542 2257 2595 τὸν
2340 2535 2590 2611 σκορπίον
2677 2532 3147 2609 ὐποκρυπτόμενον
3185 2575 3199 2601 ,
3282 2527 3655 2605 ἁπεργάζεται.
3725 2526 3824 2581 Καὶ

2169 2631 2504 2706 παραχρῆμα
2561 2623 2707 2687 θεῖος
2753 2619 2977 2698 ἅγγελος
3059 2617 3364 2696 ἐπιφανεῖς,
3410 2616 3666 2694 στέφανον
3722 2615 3822 2669 αὒ-

2167 2729 2258 2776 τοῦ
2302 2725 2370 2792 τῇ
2429 2719 2632 2792 κορυφῇ
2689 2713 2981 2784 ἐπιτίθησι,
3059 2709 3385 2784 προσειπὼν,
3451 2707 3646 2782 Εἰρήνη
3710 2725 3819 2777 σοι,

2169 2806 2374 2874 ἀθλητὰ
2430 2811 2524 2860 τοῦ
2583 2805 2832 2878 Χριστοῦ,
2896 2797 3060 2877 ἴσχυε
3106 2798 3191 2852 καὶ
3243 2795 3506 2872 ἆνδρίζου.
3554 2792 3735 2853 Οὕτως
3795 2795 3826 2846 ὁ

2171 2898 2341 2976 ταχὺς
2387 2895 2458 2958 εἷς
2515 2889 2852 2968 παράκλησιν
2908 2895 3014 2942 τῶν
3073 2883 3416 2965 φοϐουμένων
3489 2883 3646 2940 ἀύτὸν
3709 2881 3823 2938 Κύ-

2170 3009 2278 3066 ριος
2335 2985 2448 3060 ἅμα
2502 2990 2569 3054 Td
2626 2985 2724 3046 τῆς
2785 2977 2994 3057 εἱρκτῆς
3039 2975 3375 3032 κατακλείσει
3429 2974 3525 3029 καὶ
3582 2973 3711 3048 πρὸς
3757 2972 3821 3024 τὸ

436 3085 498 3145 in
524 3061 916 3163 praesentibus
935 3061 1168 3158 placide
1199 3076 1519 3138 admodum
1541 3076 1880 3138 consolatur
1901 3078 2086 3139 athle-

2181 3078 2338 3154 παρὸν
2383 3073 2594 3150 ἡμέρως
2630 3067 2764 3145 ἄγαν
2824 3069 3212 3145 παραμυθεῖται
3257 3066 3346 3120 τὸν
3409 3062 3671 3138 ἀθλητὴν⁷
3733 3061 3825 3114 καὶ

437 3181 579 3248 tam,
614 3179 672 3233 et
724 3168 796 3230 ad
850 3168 1043 3228 futura
1094 3165 1305 3246 implet
1353 3165 1533 3226 animi
1583 3165 1910 3227 alacritate.
1964 3169 2084 3230 Sed

437 3259 776 3325 Demetrius
805 3255 1046 3336 quidem
1068 3254 1155 3315 sic
1177 3261 1304 3316 erat
1331 3256 1388 3314 in
1423 3253 1720 3317 custodia.

2168 3152 2300 3246 προς
2335 3166 2392 3219 τὸ
2424 3160 2622 3238 μέλλον
2653 3158 2938 3236 προθυμίας
2999 3153 3354 3229 ξμπιπλησιν,
3407 3152 3572 3208 Ἀλλὰ
3620 3152 3822 3225 Δημή-

2169 3278 2314 3336 τριον
2345 3254 2444 3330 μὲν
2475 3250 2642 3312 οὕτως
2672 3251 2706 3314 ἡ
2739 3247 2934 3326 φρουρὰ
2966 3249 3117 3324 εἶχε,

1952 3364 2182 3425 CAPUT
2221 3364 2292 3422 II.

437 3467 636 3538 Lymus
689 3478 726 3519 α
755 3460 976 3519 Nestore
1021 3457 1310 3525 occiditur,
1362 3456 1759 3540 Maximianus,
1803 3457 1942 3540 hinc
1975 3465 2178 3532 iratus,
2221 3462 2497 3540 Nestorem
2551 3459 2600 3540 et
2659 3449 2996 3540 Demetrium
3020 3448 3172 3522 jubet
3223 3444 3480 3517 interﬁci,
3540 3443 3725 3517 hicque
3772 3450 3828 3503 et

1365 3529 1638 3586 miraculis
1673 3530 1844 3587 claret
1893 3539 1944 3591 ei
1991 3527 2256 3608 tanquam
2296 3536 2513 3591 sanctus
2561 3527 2888 3583 honoratur.

527 3650 914 3713 Maximianus
945 3657 1141 3709 autem
1175 3647 1496 3710 exhibebat
1525 3650 2094 3732 spectaculum,gla-

445 3741 770 3814 diatorum,
804 3747 862 3800 et
894 3738 1345 3818 complebantur
1381 3757 1591 3800 omnes
1623 3741 1911 3819 pentathli
1940 3740 2092 3806 ludi.

441 3832 591 3911 (t0).
625 3829 730 3891 llle
759 3847 899 3891 vero
931 3828 1178 3889 sedebat
1213 3829 1274 3890 in
1307 3827 1547 3889 sublimi
1577 3831 1842 3909 specula,
1870 3831 2094 3911 jucun-

447 3921 761 3983 dissimum
798 3935 927 3980 esse
959 3926 1226 3980 statuens
1257 3917 1485 3979 versari
1506 3917 1567 3978 in
1597 3923 1924 3999 spectando
1957 3939 2091 3983 cer-

445 4011 694 4071 tamine.
721 4006 1058 4070 Laatabatur
1088 4009 1272 4089 enim,
1309 4014 1375 4070 ut
1397 4007 1653 4083 videtur,
1688 4009 1932 4072 humani
1963 4030 2095 4072 san-

448 4103 643 4184 guinis
673 4103 882 4162 videns
912 4100 1294 4164 effusionem.
1329 4100 1474 4162 Erat
1501 4109 1704 4163 autem
1739 4104 1976 4183 quidam
2005 4105 2098 4164 vir

449 4193 738 4254 barbarus
770 4210 842 4252 ex
888 4189 1221 4252 Maximiani
1265 4190 1641 4267 necessariis,
1680 4211 1855 4254 manu
1903 4192 2094 4268 fortis,

447 4291 508 4346 et
535 4281 762 4343 validus
791 4280 864 4342 ad
896 4280 1142 4360 luctam,
1167 4289 1224 4342 et
1249 4279 1679 4362 magnitudine,
1702 4301 1832 4362 quae
1855 4282 2097 4344 modum

449 4371 775 4454 superabat
800 4388 815 4433 ε
845 4378 906 4432 et
934 4369 1068 4430 ideo
1098 4379 1228 4431 erat
1250 4377 1304 4432 ei
1333 4369 1502 4430 valde
1521 4379 1810 4448 gratus,et
1832 4370 2097 4432 habeba-

449 4472 549 4524 tur
577 4462 639 4522 in
672 4477 882 4538 magna
914 4456 1611 4521 existimatione.Nomen
1637 4469 1762 4521 erat
1793 4459 1848 4520 ei
1870 4457 2095 4538 Lyaeus:

451 4550 640 4633 patria
669 4567 808 4611 vero
839 4557 966 4610 erat
990 4545 1317 4610 Wandalus
1349 4548 1491 4625 (11).

535 4639 638 4702 19.
688 4640 743 4700 is
775 4637 1105 4698 insolenter
1126 4637 1359 4717 jactans
1389 4654 1452 4697 se
1483 4653 1691 4695 omnes
1727 4635 1964 4698 vincere
1991 4656 2094 4700 ro-

452 4725 599 4790 bore
649 4725 942 4807 corporis,
974 4734 1256 4806 stansque
1305 4726 1367 4786 in
1400 4720 1650 4805 pulpito,
1687 4736 1753 4786 ut
1783 4726 1889 4788 toti
1939 4737 2098 4792 esset

450 4817 684 4881 theatro
707 4814 1332 4893 manifestus,casteros
1357 4813 1711 4894 gladiatores
1739 4817 2097 4896 provocabat

490 5065 504 5078 .
529 4995 607 5066 (8)
643 4994 900 5078 Hancad
933 4995 1106 5078 Deum
1137 4995 1480 5078 orationem,
1521 5007 1644 5064 quae
1674 5009 1704 5050 a
1737 4996 1926 5053 Sancti
1961 4998 2097 5057 Pas-

457 5066 1331 5150 sioneprogimodantecedeuti,
1379 5067 1450 5121 ab
1499 5078 1734 5150 auctore
1783 5083 2096 5150 a_nonymo,

458 5140 987 5222 qu_i.tttetaphrasti_
1018 5139 1302 5222 ριἐθιυξιιι.
1359 5143 1710 5222 conscripta,
1777 5139 1959 5222 abest'
1995 5157 2098 5213 pro

461 5209 698 5269 arbitrio
730 5225 834 5267 suo
867 5213 1151 5280 posterior
1197 5212 1291 5264 hic
1346 5210 1586 5280 scriptor
1643 5209 1943 5278 Demetrio,
1995 5209 2103 5271 cu-

459 5284 658 5339 stodiae
686 5281 806 5352 jam
839 5279 1177 5350 mancipata,
1211 5279 1644 5352 verosimillime
1676 5280 1982 5341 effinxerit.
2020 5285 2102 5342 lta

460 5351 721 5417 autumo,
753 5355 905 5423 quod
937 5353 1155 5408 similes
1204 5351 1413 5423 sanctis
1460 5355 1748 5409 orationes
1790 5357 2103 5413 attribuere

461 5428 511 5480 is
545 5425 726 5481 soleat
753 5421 1265 5505 _i‘_n_omniqus'_fere
1292 5421 1496 5479 horum
1543 5423 1720 5490 Actis,
1777 5439 1898 5496 qua
1952 5431 2100 5500 styto

462 5510 570 5554 suo
597 5495 942 5565 expetivisse
973 5496 1255 5565 noscitur.

532 5568 610 5636 (9)
641 5564 724 5650 De
753 5567 1010 5650 angelica
1047 5564 1245 5650 isthac,
1301 5578 1423 5636 quae
1456 5564 1674 5650 §anc_to
1706 5565 1870 5650 fuerit
1895 5570 2104 5650 oblata,

462 5638 844 5719 apparitione,
873 5637 1248 5719 miraculique
1280 5637 1516 5708 scorpii,
1547 5653 1575 5719 a
1603 5639 1891 5719 Demetrio
1918 5637 2109 5713 prodi-

464 5709 623 5782 giose
662 5711 870 5774 necati,
898 5709 1052 5782 quod
1081 5723 1206 5768 eam
1235 5711 1610 5782 praecesserit,
1648 5709 1964 5781 patratione
1998 5716 2108 5773 du-

2262 3649 2358 3715 ια’,
2420 3647 2731 3723 Μαξιμιανῷ
2778 3641 2831 3700 δὲ
2899 3644 2956 3699 τὸ
3016 3649 3120 3699 τῶν
3181 3638 3516 3718 μονομάχων
3573 3655 3830 3711 συνεκρος

2177 3756 2326 3798 τεῖτο
2367 3740 2609 3818 θέατρον,
2657 3737 2745 3792 καὶ
2801 3731 2973 3790 τᾶλλα
3030 3732 3126 3788 ὅσα
3157 3732 3222 3786 τὰ
3253 3737 3344 3785 τοῦ
3369 3722 3662 3784 πεντάθλου
3694 3746 3828 3779 συν-

2179 3832 2413 3911 επλήρου
2454 3830 2717 3903 θεάματα.
2753 3828 2813 3883 ‘0
2859 3822 2913 3879 δὲ
2974 3822 3033 3878 ἐκ
3072 3823 3351 3899 περιωπῆς
3397 3820 3655 3887 καθῆστο,
3705 3810 3827 3868 δια-

2179 3919 2363 4001 τριϐὴν
2422 3917 2634 3987 ἡδίστην
2678 3917 2770 3971 τὸν
2827 3913 3008 3990 ἀγῶνα
3065 3911 3411 3985 ποιούμενος,
3458 3903 3654 3962 ’Ήδετο
3697 3904 3825 3981 γὰρ,

2177 4016 2250 4078 ὡς
2309 4011 2503 4084 ἔοικεν²
2552 4007 2790 4082 αἱμάτων
2849 4002 3185 4081 ἀνθρωπίνων
3245 4001 3378 4074 ὸρὼν
3437 3995 3681 4075 ἔκχυσιν,
3728 3986 3830 4048 ἸἨν

2179 4101 2234 4158 δέ
2289 4122 2376 4164 τις
2421 4099 2555 4174 ἀνὴρ
2609 4092 2870 4174 βάρϐαρος
2935 4098 3039 4147 τῶν
3114 4087 3430 4154 ἓπιτηδείων
3487 4083 3826 4159 Μαξιμιανῷ,

2180 4191 2310 4272 πρός
2343 4212 2400 4246 τε
2445 4200 2611 4269 χετρα
2642 4196 2913 4262 γενναῖος,
2948 4182 3036 4236 καὶ
3080 4180 3210 4257 πρὸς
3255 4178 3432 4243 πάλην
3478 4175 3582 4254 οὐχ
3629 4175 3830 4241 ἣκιστα

2182 4260 2398 4357 eius“,
2446 4260 2666 4354 ᾖὶέγέοάέ
2727 4293 2783 4326 τε
2833 4273 2926 4326 τοῦ
2973 4267 3187 4346 μετρίου
3246 4266 3480 4342 μείζων⁷
3539 4262 3627 4317 καὶ
3685 4260 3830 4338 παρὰ

2179 4371 2334 4426 τοῦτο
2367 4364 2563 4446 σφόδρα
2593 4359 2984 4442 κεχαρισμένος
3046 4345 3210 4433 αὐτῷ,
3262 4355 3350 4411 καὶ
3407 4352 3570 4429 λόγου
3626 4345 3828 4422 κομιδῆ

2180 4456 2385 4516 πολλοῦ
2415 4437 2772 4530 άξιούμενοςλ
2836 4455 3034 4512 Λυαῖος
3093 4445 3259 4521 ὄνομα
3288 4443 3365 4518 τῷ
3419 4439 3596 4519 ἀνδρί³
3629 4437 3830 4515 πατρίς

2115 4587 2167 4642 D
2183 4545 2478 4607 Οὒάνδαλα.

2263 4637 2357 4714 ιβ’.
2393 4637 2559 4697 Οὗτος
2589 4632 2655 4690 τά
2686 4651 2745 4709 γε
2778 4631 2849 4692 εἷς
2882 4627 3068 4707 ρὼμην
3118 4625 3367 4700 σώματος
3413 4621 3629 4680 πάντων
3686 4638 3826 4691 κρα-

2180 4741 2294 4786 τεῐδ
2354 4723 2828 4800 ἆλαζονευόμενρς,
2870 4717 2956 4774 ἐπ’
3015 4713 3319 4796 ὀκρίϐαντος
3375 4713 3496 4768 τότε
3541 4710 3693 4788 στὰς,
3755 4709 3826 4771 ὡς

2180 4815 2426 4887 ἐπίδηλος
2474 4811 2566 4882 εἴη
2618 4817 2695 4886 τῷ
2746 4797 2954 4887 θεάτρῳ
3007 4808 3190 4881 παντὶ,
3249 4804 3337 4860 τὸν
3377 4799 3704 4880 βουλόμενον
3755 4797 3828 4860 εἰς

2182 4997 2349 5055 bitari
2382 4991 2536 5052 haud
2574 4989 2853 5048 immerito
2884 4985 2973 5043 vel
3002 4985 3215 5042 idcirco
3259 4985 3464 5052 potest,
3513 4976 3668 5050 quod
3711 4983 3831 5032 tam

2182 5070 2328 5134 haec,
2360 5079 2532 5139 quam
2593 5064 2691 5139 illa
2713 5135 2725 5139 _
2751 5077 2779 5118 a
2808 5059 2932 5139 solo
2960 5056 3828 5139 ΔΜειθιξὶιινεξιιε.ξιιιιςιιῃιρεξεξξιξθν

2181 5124 2280 5212 qui
2315 5124 2773 5212 huicpraeluxit,
2806 5131 2996 5188 Sancti
3019 5124 3203 5186 nostri
3235 5124 3575 5196 biographo,
3609 5132 3833 5179 memo-

2183 5205 2282 5270 riae
2311 5205 2533 5282 prodita
2553 5205 2910 5282 inveniatur;

2257 5263 2832 5354 (ιῧΪᾹάίΑᾱ-οοιθιε,
2883 5270 3179 5331 Passionis
3223 5265 3594 5341 praecedentis
3631 5277 3758 5333 cap.
3801 5263 3826 5316 1

2182 5351 2442 5411 εὰηυιη.
2477 5351 2504 5406 7
2539 5351 2820 5406 subnexa.
3084 5413 3092 5415 _
3396 5411 3408 5415 A
3681 5405 3713 5415 ί,

2260 5427 2372 5496 (11)
2423 5423 2695 5496 Fueritne
2751 5434 2782 5476 e
2835 5413 3185 5496 Wandalica,
3218 5426 3309 5496 ρο
3359 5411 3534 5493 altera
3588 5411 3834 5496 patique

2185 5484 2408 5570 Lyaeus.
2438 5494 2792 5570 antiquiores
2822 5489 2950 5570 duae
2977 5484 3542 5570 S_a_uc_ti_'Passiones.
3580 5491 3832 5570 quarum

2186 5549 2546 5627 Elia—Iisiis
2574 5549 2846 5620 'Photium
2877 5565 2937 5618 in
2991 5557 3318 5616 Bibliotheca
3354 5549 3770 5627 exstatkaitera
3801 5564 3835 5606 θ

2185 5624 2724 5712 Ῐὶοςιιιιλόιεοοομὶη
2780 5633 3041 5693 Latinam
3093 5629 3165 5689 ab
3203 5626 3504 5688 Anastasio
3555 5624 3836 5681 fuitcon-

2184 5706 2371 5784 ver'sa,
2402 5708 2555 5768 haud
2583 5706 2831 5766 edicunt.
