  <div class='ocr_page' id='page_1' title='image "/cluster/home/n/w/nwhite01/storage/ocr_20150623/116:no.3/coo.31924054870203/604.png"; bbox 0 0 4100 6406; ppageno 0'>
   <div class='ocr_carea' id='block_1_1' title="bbox 261 398 404 474">
    <p class='ocr_par' dir='ltr' id='par_1_1' title="bbox 261 398 404 474">
     <span class='ocr_line' id='line_1_1' title="bbox 261 398 404 474; baseline -0.014 0"><span class='ocrx_word' id='word_1_1' title='bbox 261 398 404 474; x_wconf 82' lang='grc'><strong>1193</strong></span> 
     </span>
    </p>
   </div>
   <div class='ocr_carea' id='block_1_2' title="bbox 1330 386 2533 463">
    <p class='ocr_par' dir='ltr' id='par_1_2' title="bbox 1330 386 2533 463">
     <span class='ocr_line' id='line_1_2' title="bbox 1330 386 2533 463; baseline -0.002 0"><span class='ocrx_word' id='word_1_2' title='bbox 1330 396 1391 463; x_wconf 91' lang='lat' dir='ltr'><strong>S.</strong></span> <span class='ocrx_word' id='word_1_3' title='bbox 1438 386 1815 463; x_wconf 81' lang='lat' dir='ltr'><strong>DEMETRII</strong></span> <span class='ocrx_word' id='word_1_4' title='bbox 1869 397 2273 463; x_wconf 83' lang='lat' dir='ltr'><strong>MARTYRIS</strong></span> <span class='ocrx_word' id='word_1_5' title='bbox 2312 394 2533 462; x_wconf 85' lang='lat' dir='ltr'><strong>ACTA.</strong></span> 
     </span>
    </p>
   </div>
   <div class='ocr_carea' id='block_1_3' title="bbox 3480 390 3638 461">
    <p class='ocr_par' dir='ltr' id='par_1_3' title="bbox 3480 390 3638 461">
     <span class='ocr_line' id='line_1_3' title="bbox 3480 390 3638 461; baseline -0.006 -1"><span class='ocrx_word' id='word_1_6' title='bbox 3480 390 3638 461; x_wconf 76' lang='grc'><strong>1194</strong></span> 
     </span>
    </p>
   </div>
   <div class='ocr_carea' id='block_1_4' title="bbox 254 525 1918 621">
    <p class='ocr_par' dir='ltr' id='par_1_4' title="bbox 254 532 1900 621">
     <span class='ocr_line' id='line_1_4' title="bbox 254 532 1900 621; baseline -0.009 -19"><span class='ocrx_word' id='word_1_7' title='bbox 254 542 425 611; x_wconf 81' lang='grc' dir='ltr'>πάλην</span> <span class='ocrx_word' id='word_1_8' title='bbox 487 538 865 621; x_wconf 73' lang='grc' dir='ltr'>προεκαλεῖτο.</span> <span class='ocrx_word' id='word_1_9' title='bbox 900 535 1169 616; x_wconf 79' lang='grc' dir='ltr'>Εἴργαστο</span> <span class='ocrx_word' id='word_1_10' title='bbox 1212 533 1266 591; x_wconf 70' lang='grc' dir='ltr'>δὲ</span> <span class='ocrx_word' id='word_1_11' title='bbox 1324 532 1425 614; x_wconf 80' lang='grc' dir='ltr'><strong>ἄρα</strong></span> <span class='ocrx_word' id='word_1_12' title='bbox 1451 538 1528 608; x_wconf 84' lang='grc' dir='ltr'>τῷ</span> <span class='ocrx_word' id='word_1_13' title='bbox 1587 532 1900 610; x_wconf 77' lang='grc' dir='ltr'>Μαξιμιαιῷ</span> 
     </span>
    </p>
   </div>
   <div class='ocr_carea' id='block_1_5' title="bbox 2006 525 3636 621">
    <p class='ocr_par' dir='ltr' id='par_1_5' title="bbox 2006 525 3636 621">
     <span class='ocr_line' id='line_1_5' title="bbox 2006 525 3636 621; baseline -0.001 -28"><span class='ocrx_word' id='word_1_14' title='bbox 2006 530 2056 593; x_wconf 73' lang='grc' dir='ltr'>ιὰ</span> <span class='ocrx_word' id='word_1_15' title='bbox 2110 538 2441 594; x_wconf 81' lang='lat' dir='ltr'><strong>certamen.</strong></span> <span class='ocrx_word' id='word_1_16' title='bbox 2495 527 2666 621; x_wconf 78' lang='lat' dir='ltr'><strong>Tunc</strong></span> <span class='ocrx_word' id='word_1_17' title='bbox 2718 533 2916 591; x_wconf 90' lang='lat' dir='ltr'><strong>autem</strong></span> <span class='ocrx_word' id='word_1_18' title='bbox 2976 525 3169 621; x_wconf 80' lang='lat' dir='ltr'><strong>factus</strong></span> <span class='ocrx_word' id='word_1_19' title='bbox 3203 525 3399 621; x_wconf 78' lang='lat' dir='ltr'><strong>fuerat</strong></span> <span class='ocrx_word' id='word_1_20' title='bbox 3437 528 3636 621; x_wconf 59' lang='lat' dir='ltr'><strong>Maxi-</strong></span> 
     </span>
    </p>
   </div>
   <div class='ocr_carea' id='block_1_6' title="bbox 257 621 1905 709">
    <p class='ocr_par' dir='ltr' id='par_1_6' title="bbox 257 621 1905 709">
     <span class='ocr_line' id='line_1_6' title="bbox 257 621 1905 709; baseline -0.014 -18"><span class='ocrx_word' id='word_1_21' title='bbox 257 632 439 696; x_wconf 75' lang='grc' dir='ltr'>οιόκλος</span> <span class='ocrx_word' id='word_1_22' title='bbox 493 631 661 688; x_wconf 80' lang='grc' dir='ltr'>σανίσι</span> <span class='ocrx_word' id='word_1_23' title='bbox 694 626 1072 709; x_wconf 76' lang='grc' dir='ltr'><strong>διειλημμένος</strong></span> <span class='ocrx_word' id='word_1_24' title='bbox 1113 637 1367 706; x_wconf 79' lang='grc' dir='ltr'><strong>συχναῖς·</strong></span> <span class='ocrx_word' id='word_1_25' title='bbox 1401 621 1485 703; x_wconf 79' lang='grc' dir='ltr'><strong>ἐφ’</strong></span> <span class='ocrx_word' id='word_1_26' title='bbox 1529 623 1587 680; x_wconf 72' lang='grc' dir='ltr'><strong>ὃν</strong></span> <span class='ocrx_word' id='word_1_27' title='bbox 1618 624 1678 679; x_wconf 77' lang='grc' dir='ltr'>οὒ</span> <span class='ocrx_word' id='word_1_28' title='bbox 1737 645 1905 699; x_wconf 89' lang='grc' dir='ltr'>μονο-</span> 
     </span>
    </p>
   </div>
   <div class='ocr_carea' id='block_1_7' title="bbox 256 713 1906 804">
    <p class='ocr_par' dir='ltr' id='par_1_7' title="bbox 256 713 1906 804">
     <span class='ocr_line' id='line_1_7' title="bbox 256 713 1906 804; baseline -0.007 -24"><span class='ocrx_word' id='word_1_29' title='bbox 256 735 454 804; x_wconf 80' lang='grc' dir='ltr'>μαχεῖν</span> <span class='ocrx_word' id='word_1_30' title='bbox 514 720 797 796; x_wconf 79' lang='grc' dir='ltr'><strong>μέλλοντες</strong></span> <span class='ocrx_word' id='word_1_31' title='bbox 857 717 1124 794; x_wconf 62' lang='grc' dir='ltr'>εἰσῄεσαν,</span> <span class='ocrx_word' id='word_1_32' title='bbox 1157 716 1247 772; x_wconf 84' lang='grc' dir='ltr'>καὶ</span> <span class='ocrx_word' id='word_1_33' title='bbox 1303 715 1364 771; x_wconf 81' lang='grc' dir='ltr'><strong>τὸ</strong></span> <span class='ocrx_word' id='word_1_34' title='bbox 1420 713 1745 791; x_wconf 83' lang='grc' dir='ltr'>παγκράτιον</span> <span class='ocrx_word' id='word_1_35' title='bbox 1783 713 1906 804; x_wconf 19' lang='grc' dir='ltr'>,ὑπ-</span> 
     </span>
    </p>
   </div>
   <div class='ocr_carea' id='block_1_8' title="bbox 1989 615 3642 697">
    <p class='ocr_par' dir='ltr' id='par_1_8' title="bbox 1989 615 3642 697">
     <span class='ocr_line' id='line_1_8' title="bbox 1989 615 3642 697; baseline -0.001 -14"><span class='ocrx_word' id='word_1_36' title='bbox 1989 621 2183 683; x_wconf 89' lang='lat' dir='ltr'><strong>miauo</strong></span> <span class='ocrx_word' id='word_1_37' title='bbox 2233 625 2451 695; x_wconf 83' lang='lat' dir='ltr'><strong>circus,</strong></span> <span class='ocrx_word' id='word_1_38' title='bbox 2498 617 2702 680; x_wconf 90' lang='lat' dir='ltr'><strong>multis</strong></span> <span class='ocrx_word' id='word_1_39' title='bbox 2760 616 3237 697; x_wconf 88' lang='lat' dir='ltr'><strong>comprehensus</strong></span> <span class='ocrx_word' id='word_1_40' title='bbox 3288 615 3529 692; x_wconf 89' lang='lat' dir='ltr'><strong>tabulis,</strong></span> <span class='ocrx_word' id='word_1_41' title='bbox 3576 618 3642 681; x_wconf 89' lang='lat' dir='ltr'><strong>in</strong></span> 
     </span>
    </p>
   </div>
   <div class='ocr_carea' id='block_1_9' title="bbox 1988 705 3642 789">
    <p class='ocr_par' dir='ltr' id='par_1_9' title="bbox 1988 705 3642 789">
     <span class='ocr_line' id='line_1_9' title="bbox 1988 705 3642 789; baseline -0.003 -15"><span class='ocrx_word' id='word_1_42' title='bbox 1988 729 2169 788; x_wconf 87' lang='lat' dir='ltr'><strong>quem</strong></span> <span class='ocrx_word' id='word_1_43' title='bbox 2190 709 2445 789; x_wconf 79' lang='lat' dir='ltr'><strong>ingressi</strong></span> <span class='ocrx_word' id='word_1_44' title='bbox 2473 705 2778 785; x_wconf 90' lang='lat' dir='ltr'><strong>erant,qui</strong></span> <span class='ocrx_word' id='word_1_45' title='bbox 2797 713 2969 770; x_wconf 81' lang='lat' dir='ltr'><strong>erant</strong></span> <span class='ocrx_word' id='word_1_46' title='bbox 2988 706 3281 787; x_wconf 84' lang='lat' dir='ltr'><strong>singulari</strong></span> <span class='ocrx_word' id='word_1_47' title='bbox 3310 706 3642 770; x_wconf 90' lang='lat' dir='ltr'><strong>certamine</strong></span> 
     </span>
    </p>
   </div>
   <div class='ocr_carea' id='block_1_10' title="bbox 254 797 1918 892">
    <p class='ocr_par' dir='ltr' id='par_1_10' title="bbox 254 797 1906 892">
     <span class='ocr_line' id='line_1_10' title="bbox 254 797 1906 892; baseline -0.016 -20"><span class='ocrx_word' id='word_1_48' title='bbox 254 797 486 892; x_wconf 62' lang='grc' dir='ltr'>ἤρίοντο</span> <span class='ocrx_word' id='word_1_49' title='bbox 541 811 630 868; x_wconf 80' lang='grc' dir='ltr'>καὶ</span> <span class='ocrx_word' id='word_1_50' title='bbox 685 809 788 877; x_wconf 75' lang='grc' dir='ltr'>τὴν</span> <span class='ocrx_word' id='word_1_51' title='bbox 832 805 1036 874; x_wconf 85' lang='grc' dir='ltr'>πάλην.</span> <span class='ocrx_word' id='word_1_52' title='bbox 1072 804 1226 864; x_wconf 83' lang='grc' dir='ltr'>Ἐπεὶ</span> <span class='ocrx_word' id='word_1_53' title='bbox 1263 804 1428 860; x_wconf 90' lang='grc' dir='ltr'>τοίνυν</span> <span class='ocrx_word' id='word_1_54' title='bbox 1485 807 1555 878; x_wconf 79' lang='grc' dir='ltr'><strong>τῇ</strong></span> <span class='ocrx_word' id='word_1_55' title='bbox 1582 808 1672 892; x_wconf 82' lang='lat'><strong>1:06</strong></span> <span class='ocrx_word' id='word_1_56' title='bbox 1724 802 1906 892; x_wconf 62' lang='grc' dir='ltr'>σώμᾳ-</span> 
     </span>
    </p>
   </div>
   <div class='ocr_carea' id='block_1_11' title="bbox 2006 797 3636 892">
    <p class='ocr_par' dir='ltr' id='par_1_11' title="bbox 2006 797 3636 892">
     <span class='ocr_line' id='line_1_11' title="bbox 2006 797 3636 892; baseline -0.002 -35"><span class='ocrx_word' id='word_1_57' title='bbox 2006 802 2272 867; x_wconf 80' lang='lat' dir='ltr'><strong>:ertaturi,</strong></span> <span class='ocrx_word' id='word_1_58' title='bbox 2294 800 2741 892; x_wconf 41' lang='lat' dir='ltr'><strong>etp-accratium</strong></span> <span class='ocrx_word' id='word_1_59' title='bbox 2772 797 3124 892; x_wconf 74' lang='lat' dir='ltr'><strong>incipiebant</strong></span> <span class='ocrx_word' id='word_1_60' title='bbox 3153 813 3219 856; x_wconf 86' lang='lat' dir='ltr'><strong>ac</strong></span> <span class='ocrx_word' id='word_1_61' title='bbox 3252 797 3466 892; x_wconf 80' lang='lat' dir='ltr'><strong>iucta_m</strong></span> <span class='ocrx_word' id='word_1_62' title='bbox 3500 797 3636 869; x_wconf 73' lang='lat'><strong>(12).</strong></span> 
     </span>
    </p>
   </div>
   <div class='ocr_carea' id='block_1_12' title="bbox 255 889 1905 980">
    <p class='ocr_par' dir='ltr' id='par_1_12' title="bbox 255 889 1905 980">
     <span class='ocr_line' id='line_1_12' title="bbox 255 889 1905 980; baseline -0.008 -22"><span class='ocrx_word' id='word_1_63' title='bbox 391 901 550 980; x_wconf 75' lang='grc' dir='ltr'>ῥώμῃ</span> <span class='ocrx_word' id='word_1_64' title='bbox 581 898 795 957; x_wconf 83' lang='grc' dir='ltr'>πάντων</span> <span class='ocrx_word' id='word_1_65' title='bbox 828 895 1034 972; x_wconf 69' lang='grc' dir='ltr'>ἐκράτει</span> <span class='ocrx_word' id='word_1_66' title='bbox 1088 900 1315 968; x_wconf 65' lang='grc' dir='ltr'>Λυαῖος,</span> <span class='ocrx_word' id='word_1_67' title='bbox 1349 894 1438 948; x_wconf 87' lang='grc' dir='ltr'>καὶ</span> <span class='ocrx_word' id='word_1_68' title='bbox 1467 897 1565 955; x_wconf 82' lang='grc' dir='ltr'>πᾶς</span> <span class='ocrx_word' id='word_1_69' title='bbox 1629 889 1775 955; x_wconf 73' lang='grc' dir='ltr'>ὅστις</span> <span class='ocrx_word' id='word_1_70' title='bbox 1830 891 1905 956; x_wconf 75' lang='grc' dir='ltr'>εἷς</span> 
     </span>
    </p>
   </div>
   <div class='ocr_carea' id='block_1_13' title="bbox 256 980 1901 1072">
    <p class='ocr_par' dir='ltr' id='par_1_13' title="bbox 256 980 1901 1072">
     <span class='ocr_line' id='line_1_13' title="bbox 256 980 1901 1072; baseline -0.008 -24"><span class='ocrx_word' id='word_1_71' title='bbox 256 1003 446 1072; x_wconf 83' lang='grc' dir='ltr'>χεῖρας</span> <span class='ocrx_word' id='word_1_72' title='bbox 478 989 624 1063; x_wconf 72' lang='grc' dir='ltr'>αὐτῷ</span> <span class='ocrx_word' id='word_1_73' title='bbox 666 988 988 1068; x_wconf 71' lang='grc' dir='ltr'>ἐρχόμενος,</span> <span class='ocrx_word' id='word_1_74' title='bbox 1022 985 1198 1064; x_wconf 81' lang='grc' dir='ltr'>χαμαὶ</span> <span class='ocrx_word' id='word_1_75' title='bbox 1227 983 1472 1056; x_wconf 81' lang='grc' dir='ltr'><strong>κείμενος</strong></span> <span class='ocrx_word' id='word_1_76' title='bbox 1519 981 1663 1072; x_wconf 66' lang='grc' dir='ltr'>εὐθὺς</span> <span class='ocrx_word' id='word_1_77' title='bbox 1696 980 1901 1052; x_wconf 75' lang='grc' dir='ltr'>ἐθεᾶτο,</span> 
     </span>
    </p>
   </div>
   <div class='ocr_carea' id='block_1_14' title="bbox 256 1070 1904 1154">
    <p class='ocr_par' dir='ltr' id='par_1_14' title="bbox 256 1070 1904 1154">
     <span class='ocr_line' id='line_1_14' title="bbox 256 1070 1904 1154; baseline -0.007 -16"><span class='ocrx_word' id='word_1_78' title='bbox 256 1070 291 1148; x_wconf 65' lang='grc' dir='ltr'><strong>ἦ</strong></span> <span class='ocrx_word' id='word_1_79' title='bbox 340 1081 428 1137; x_wconf 88' lang='grc' dir='ltr'><strong>καὶ</strong></span> <span class='ocrx_word' id='word_1_80' title='bbox 475 1079 700 1136; x_wconf 77' lang='grc' dir='ltr'>θάνατον</span> <span class='ocrx_word' id='word_1_81' title='bbox 754 1078 815 1133; x_wconf 78' lang='grc' dir='ltr'>ἐκ</span> <span class='ocrx_word' id='word_1_82' title='bbox 853 1084 946 1134; x_wconf 72' lang='grc' dir='ltr'>τοῦ</span> <span class='ocrx_word' id='word_1_83' title='bbox 995 1077 1334 1154; x_wconf 80' lang='grc' dir='ltr'>παραχρῆμα</span> <span class='ocrx_word' id='word_1_84' title='bbox 1369 1070 1737 1146; x_wconf 70' lang='grc' dir='ltr'><strong>σπασάμενος,</strong></span> <span class='ocrx_word' id='word_1_85' title='bbox 1783 1090 1904 1126; x_wconf 89' lang='grc' dir='ltr'>τοσ-</span> 
     </span>
    </p>
   </div>
   <div class='ocr_carea' id='block_1_15' title="bbox 259 1155 1904 1243">
    <p class='ocr_par' dir='ltr' id='par_1_15' title="bbox 259 1155 1904 1243">
     <span class='ocr_line' id='line_1_15' title="bbox 259 1155 1904 1243; baseline -0.009 -16"><span class='ocrx_word' id='word_1_86' title='bbox 259 1177 404 1227; x_wconf 76' lang='grc' dir='ltr'>οῦτον</span> <span class='ocrx_word' id='word_1_87' title='bbox 459 1166 676 1236; x_wconf 75' lang='grc' dir='ltr'>ἥδεσθαι</span> <span class='ocrx_word' id='word_1_88' title='bbox 735 1171 812 1241; x_wconf 85' lang='grc' dir='ltr'><strong>τῷ</strong></span> <span class='ocrx_word' id='word_1_89' title='bbox 871 1165 1108 1243; x_wconf 70' lang='grc' dir='ltr'>τυράννῳ</span> <span class='ocrx_word' id='word_1_90' title='bbox 1150 1174 1442 1240; x_wconf 81' lang='grc' dir='ltr'>παρεῖχεν,</span> <span class='ocrx_word' id='word_1_91' title='bbox 1487 1160 1574 1225; x_wconf 74' lang='grc' dir='ltr'>οὓς</span> <span class='ocrx_word' id='word_1_92' title='bbox 1610 1155 1904 1216; x_wconf 80' lang='grc' dir='ltr'>κατέϐαλλε</span> 
     </span>
    </p>
   </div>
   <div class='ocr_carea' id='block_1_16' title="bbox 259 1246 1905 1333">
    <p class='ocr_par' dir='ltr' id='par_1_16' title="bbox 259 1246 1905 1333">
     <span class='ocr_line' id='line_1_16' title="bbox 259 1246 1905 1333; baseline -0.009 -15"><span class='ocrx_word' id='word_1_93' title='bbox 259 1260 376 1323; x_wconf 82' lang='grc' dir='ltr'>τοὺς</span> <span class='ocrx_word' id='word_1_94' title='bbox 429 1255 922 1333; x_wconf 78' lang='grc' dir='ltr'><strong>συμπλεκομένους,</strong></span> <span class='ocrx_word' id='word_1_95' title='bbox 957 1253 1081 1311; x_wconf 79' lang='grc' dir='ltr'>ὅσον</span> <span class='ocrx_word' id='word_1_96' title='bbox 1135 1255 1195 1311; x_wconf 79' lang='grc' dir='ltr'>οὒ</span> <span class='ocrx_word' id='word_1_97' title='bbox 1246 1247 1431 1324; x_wconf 88' lang='grc' dir='ltr'>πολλῷ</span> <span class='ocrx_word' id='word_1_98' title='bbox 1486 1246 1705 1328; x_wconf 69' lang='grc' dir='ltr'>ὕστερον</span> <span class='ocrx_word' id='word_1_99' title='bbox 1762 1246 1905 1323; x_wconf 74' lang='grc' dir='ltr'>λύπῃ</span> 
     </span>
    </p>
   </div>
   <div class='ocr_carea' id='block_1_17' title="bbox 257 1332 1017 1419">
    <p class='ocr_par' dir='ltr' id='par_1_17' title="bbox 257 1332 1017 1419">
     <span class='ocr_line' id='line_1_17' title="bbox 257 1332 1017 1419; baseline -0.004 -22"><span class='ocrx_word' id='word_1_100' title='bbox 257 1332 560 1419; x_wconf 80' lang='grc' dir='ltr'>περιϐαλεῖν</span> <span class='ocrx_word' id='word_1_101' title='bbox 590 1337 741 1395; x_wconf 75' lang='grc' dir='ltr'>αὐτὸν</span> <span class='ocrx_word' id='word_1_102' title='bbox 774 1332 1017 1412; x_wconf 75' lang='grc' dir='ltr'>ἔμελλεν.</span> 
     </span>
    </p>
   </div>
   <div class='ocr_carea' id='block_1_18' title="bbox 336 1503 1908 1597">
    <p class='ocr_par' dir='ltr' id='par_1_18' title="bbox 336 1503 1908 1597">
     <span class='ocr_line' id='line_1_18' title="bbox 336 1503 1908 1597; baseline -0.008 -24"><span class='ocrx_word' id='word_1_103' title='bbox 336 1515 434 1597; x_wconf 78' lang='grc' dir='ltr'>ιγ’,</span> <span class='ocrx_word' id='word_1_104' title='bbox 488 1512 652 1595; x_wconf 74' lang='grc' dir='ltr'>Ἀνὴρ</span> <span class='ocrx_word' id='word_1_105' title='bbox 708 1516 807 1593; x_wconf 81' lang='grc' dir='ltr'><strong>γάρ</strong></span> <span class='ocrx_word' id='word_1_106' title='bbox 860 1534 964 1588; x_wconf 84' lang='grc' dir='ltr'>τις,</span> <span class='ocrx_word' id='word_1_107' title='bbox 999 1508 1168 1586; x_wconf 73' lang='grc' dir='ltr'>ὄνομα</span> <span class='ocrx_word' id='word_1_108' title='bbox 1226 1507 1462 1589; x_wconf 80' lang='grc' dir='ltr'><strong>Νέστωρ,</strong></span> <span class='ocrx_word' id='word_1_109' title='bbox 1503 1507 1596 1575; x_wconf 76' lang='grc' dir='ltr'><strong>τὴν</strong></span> <span class='ocrx_word' id='word_1_110' title='bbox 1643 1503 1908 1597; x_wconf 25' lang='grc' dir='ltr'>μὲνΔὴλι-</span> 
     </span>
    </p>
   </div>
   <div class='ocr_carea' id='block_1_19' title="bbox 257 1593 1906 1682">
    <p class='ocr_par' dir='ltr' id='par_1_19' title="bbox 257 1593 1906 1682">
     <span class='ocr_line' id='line_1_19' title="bbox 257 1593 1906 1682; baseline -0.009 -19"><span class='ocrx_word' id='word_1_111' title='bbox 257 1593 379 1663; x_wconf 29' lang='grc' dir='ltr'>κίανν</span> <span class='ocrx_word' id='word_1_112' title='bbox 415 1593 633 1681; x_wconf 12' lang='grc' dir='ltr'>κομιδῆή</span> <span class='ocrx_word' id='word_1_113' title='bbox 665 1603 806 1682; x_wconf 80' lang='grc' dir='ltr'>νέος,</span> <span class='ocrx_word' id='word_1_114' title='bbox 840 1600 956 1671; x_wconf 74' lang='grc' dir='ltr'>ἄρτι</span> <span class='ocrx_word' id='word_1_115' title='bbox 1009 1600 1102 1656; x_wconf 80' lang='grc' dir='ltr'><strong>τὸν</strong></span> <span class='ocrx_word' id='word_1_116' title='bbox 1133 1596 1316 1677; x_wconf 65' lang='grc' dir='ltr'>ἴουλον</span> <span class='ocrx_word' id='word_1_117' title='bbox 1361 1598 1682 1654; x_wconf 74' lang='grc' dir='ltr'>ἐπανθοῦντα</span> <span class='ocrx_word' id='word_1_118' title='bbox 1711 1593 1906 1675; x_wconf 74' lang='grc' dir='ltr'>φέρῶν,</span> 
     </span>
    </p>
   </div>
   <div class='ocr_carea' id='block_1_20' title="bbox 261 1685 1907 1767">
    <p class='ocr_par' dir='ltr' id='par_1_20' title="bbox 261 1685 1907 1767">
     <span class='ocr_line' id='line_1_20' title="bbox 261 1685 1907 1767; baseline -0.008 -15"><span class='ocrx_word' id='word_1_119' title='bbox 261 1695 389 1752; x_wconf 74' lang='grc' dir='ltr'>ἰδεῖν</span> <span class='ocrx_word' id='word_1_120' title='bbox 419 1692 474 1751; x_wconf 77' lang='grc' dir='ltr'>δὲ</span> <span class='ocrx_word' id='word_1_121' title='bbox 525 1691 761 1767; x_wconf 63' lang='grc' dir='ltr'>ἥδιστος,</span> <span class='ocrx_word' id='word_1_122' title='bbox 796 1691 885 1748; x_wconf 85' lang='grc' dir='ltr'><strong>καὶ</strong></span> <span class='ocrx_word' id='word_1_123' title='bbox 915 1687 1101 1746; x_wconf 84' lang='grc' dir='ltr'>κάλλει</span> <span class='ocrx_word' id='word_1_124' title='bbox 1160 1686 1637 1767; x_wconf 83' lang='grc' dir='ltr'>διαπρεπέστατος,</span> <span class='ocrx_word' id='word_1_125' title='bbox 1670 1685 1907 1763; x_wconf 78' lang='grc' dir='ltr'><strong>γνωστὸς</strong></span> 
     </span>
    </p>
   </div>
   <div class='ocr_carea' id='block_1_21' title="bbox 261 1772 1909 1863">
    <p class='ocr_par' dir='ltr' id='par_1_21' title="bbox 261 1772 1909 1863">
     <span class='ocr_line' id='line_1_21' title="bbox 261 1772 1909 1863; baseline -0.008 -22"><span class='ocrx_word' id='word_1_126' title='bbox 261 1791 335 1859; x_wconf 81' lang='grc' dir='ltr'><strong>τῷ</strong></span> <span class='ocrx_word' id='word_1_127' title='bbox 386 1781 648 1863; x_wconf 75' lang='grc' dir='ltr'>περιδόξῳ</span> <span class='ocrx_word' id='word_1_128' title='bbox 702 1781 923 1859; x_wconf 70' lang='grc' dir='ltr'>μάρτυρι</span> <span class='ocrx_word' id='word_1_129' title='bbox 986 1779 1278 1863; x_wconf 74' lang='grc' dir='ltr'>Δημητρίῳ</span> <span class='ocrx_word' id='word_1_130' title='bbox 1321 1775 1513 1850; x_wconf 84' lang='grc' dir='ltr'>τελῶν,</span> <span class='ocrx_word' id='word_1_131' title='bbox 1577 1777 1714 1853; x_wconf 83' lang='grc' dir='ltr'>ὁρῶν</span> <span class='ocrx_word' id='word_1_132' title='bbox 1772 1772 1909 1831; x_wconf 71' lang='grc' dir='ltr'>οὕτω</span> 
     </span>
    </p>
   </div>
   <div class='ocr_carea' id='block_1_22' title="bbox 1989 882 3636 965">
    <p class='ocr_par' dir='ltr' id='par_1_22' title="bbox 1989 882 3636 965">
     <span class='ocr_line' id='line_1_22' title="bbox 1989 882 3636 965; baseline -0.002 -16"><span class='ocrx_word' id='word_1_133' title='bbox 1989 886 2135 950; x_wconf 87' lang='lat' dir='ltr'><strong>Cum</strong></span> <span class='ocrx_word' id='word_1_134' title='bbox 2156 904 2294 965; x_wconf 82' lang='lat' dir='ltr'><strong>ergo</strong></span> <span class='ocrx_word' id='word_1_135' title='bbox 2319 882 2544 946; x_wconf 84' lang='lat' dir='ltr'><strong>viribus</strong></span> <span class='ocrx_word' id='word_1_136' title='bbox 2566 882 2834 963; x_wconf 92' lang='lat' dir='ltr'><strong>corporis</strong></span> <span class='ocrx_word' id='word_1_137' title='bbox 2849 900 3059 945; x_wconf 90' lang='lat' dir='ltr'><strong>omnes</strong></span> <span class='ocrx_word' id='word_1_138' title='bbox 3080 884 3636 964; x_wconf 72' lang='lat' dir='ltr'><strong>superaretLyaeus,</strong></span> 
     </span>
    </p>
   </div>
   <div class='ocr_carea' id='block_1_23' title="bbox 1989 971 3638 1056">
    <p class='ocr_par' dir='ltr' id='par_1_23' title="bbox 1989 971 3638 1056">
     <span class='ocr_line' id='line_1_23' title="bbox 1989 971 3638 1056; baseline -0.001 -20"><span class='ocrx_word' id='word_1_139' title='bbox 1989 984 2041 1037; x_wconf 85' lang='lat' dir='ltr'><strong>et</strong></span> <span class='ocrx_word' id='word_1_140' title='bbox 2098 981 2438 1056; x_wconf 86' lang='lat' dir='ltr'><strong>quicunque</strong></span> <span class='ocrx_word' id='word_1_141' title='bbox 2470 991 2684 1035; x_wconf 89' lang='lat' dir='ltr'><strong>manus</strong></span> <span class='ocrx_word' id='word_1_142' title='bbox 2733 990 2873 1034; x_wconf 91' lang='lat' dir='ltr'><strong>cum</strong></span> <span class='ocrx_word' id='word_1_143' title='bbox 2905 990 2975 1033; x_wconf 91' lang='lat' dir='ltr'><strong>eo</strong></span> <span class='ocrx_word' id='word_1_144' title='bbox 3025 971 3405 1050; x_wconf 89' lang='lat' dir='ltr'><strong>conserebat,</strong></span> <span class='ocrx_word' id='word_1_145' title='bbox 3439 972 3638 1035; x_wconf 92' lang='lat' dir='ltr'><strong>statim</strong></span> 
     </span>
    </p>
   </div>
   <div class='ocr_carea' id='block_1_24' title="bbox 1988 1060 3639 1143">
    <p class='ocr_par' dir='ltr' id='par_1_24' title="bbox 1988 1060 3639 1143">
     <span class='ocr_line' id='line_1_24' title="bbox 1988 1060 3639 1143; baseline -0.001 -17"><span class='ocrx_word' id='word_1_146' title='bbox 1988 1071 2336 1126; x_wconf 81' lang='lat' dir='ltr'><strong>cerneretur</strong></span> <span class='ocrx_word' id='word_1_147' title='bbox 2387 1060 2551 1124; x_wconf 89' lang='lat' dir='ltr'><strong>humi</strong></span> <span class='ocrx_word' id='word_1_148' title='bbox 2599 1068 2950 1143; x_wconf 75' lang='lat' dir='ltr'><strong>prostratus,</strong></span> <span class='ocrx_word' id='word_1_149' title='bbox 2985 1069 3092 1123; x_wconf 87' lang='lat' dir='ltr'><strong>aut</strong></span> <span class='ocrx_word' id='word_1_150' title='bbox 3147 1060 3325 1123; x_wconf 91' lang='lat' dir='ltr'><strong>etiam</strong></span> <span class='ocrx_word' id='word_1_151' title='bbox 3380 1070 3639 1125; x_wconf 88' lang='lat' dir='ltr'><strong>mortem</strong></span> 
     </span>
    </p>
   </div>
   <div class='ocr_carea' id='block_1_25' title="bbox 1986 1149 3643 1231">
    <p class='ocr_par' dir='ltr' id='par_1_25' title="bbox 1986 1149 3643 1231">
     <span class='ocr_line' id='line_1_25' title="bbox 1986 1149 3643 1231; baseline -0.001 -17"><span class='ocrx_word' id='word_1_152' title='bbox 1986 1153 2127 1214; x_wconf 90' lang='lat' dir='ltr'><strong>inde</strong></span> <span class='ocrx_word' id='word_1_153' title='bbox 2175 1149 2373 1213; x_wconf 85' lang='lat' dir='ltr'><strong>statim</strong></span> <span class='ocrx_word' id='word_1_154' title='bbox 2418 1157 2736 1230; x_wconf 90' lang='lat' dir='ltr'><strong>oppetens,</strong></span> <span class='ocrx_word' id='word_1_155' title='bbox 2790 1157 3010 1212; x_wconf 88' lang='lat' dir='ltr'><strong>tantam</strong></span> <span class='ocrx_word' id='word_1_156' title='bbox 3069 1159 3314 1231; x_wconf 76' lang='lat' dir='ltr'><strong>tyranno</strong></span> <span class='ocrx_word' id='word_1_157' title='bbox 3355 1150 3643 1214; x_wconf 75' lang='lat' dir='ltr'><strong>afferebat</strong></span> 
     </span>
    </p>
   </div>
   <div class='ocr_carea' id='block_1_26' title="bbox 1986 1238 3642 1323">
    <p class='ocr_par' dir='ltr' id='par_1_26' title="bbox 1986 1238 3642 1323">
     <span class='ocr_line' id='line_1_26' title="bbox 1986 1238 3642 1323; baseline 0 -20"><span class='ocrx_word' id='word_1_158' title='bbox 1986 1241 2345 1323; x_wconf 91' lang='lat' dir='ltr'><strong>voluptatem</strong></span> <span class='ocrx_word' id='word_1_159' title='bbox 2399 1238 2558 1319; x_wconf 88' lang='lat' dir='ltr'><strong>quod</strong></span> <span class='ocrx_word' id='word_1_160' title='bbox 2590 1246 3000 1320; x_wconf 85' lang='lat' dir='ltr'><strong>prosterneret</strong></span> <span class='ocrx_word' id='word_1_161' title='bbox 3057 1258 3161 1301; x_wconf 91' lang='lat' dir='ltr'><strong>eos</strong></span> <span class='ocrx_word' id='word_1_162' title='bbox 3193 1239 3297 1322; x_wconf 89' lang='lat' dir='ltr'><strong>qui</strong></span> <span class='ocrx_word' id='word_1_163' title='bbox 3340 1258 3478 1303; x_wconf 88' lang='lat' dir='ltr'><strong>cum</strong></span> <span class='ocrx_word' id='word_1_164' title='bbox 3509 1240 3642 1322; x_wconf 78' lang='lat' dir='ltr'><strong>ipso</strong></span> 
     </span>
    </p>
   </div>
   <div class='ocr_carea' id='block_1_27' title="bbox 1988 1328 3645 1410">
    <p class='ocr_par' dir='ltr' id='par_1_27' title="bbox 1988 1328 3645 1410">
     <span class='ocr_line' id='line_1_27' title="bbox 1988 1328 3645 1410; baseline -0.002 -17"><span class='ocrx_word' id='word_1_165' title='bbox 1988 1329 2548 1409; x_wconf 84' lang='lat' dir='ltr'><strong>congrediebautur,</strong></span> <span class='ocrx_word' id='word_1_166' title='bbox 2581 1336 2800 1408; x_wconf 89' lang='lat' dir='ltr'><strong>quanta</strong></span> <span class='ocrx_word' id='word_1_167' title='bbox 2848 1348 2983 1392; x_wconf 93' lang='lat' dir='ltr'><strong>eum</strong></span> <span class='ocrx_word' id='word_1_168' title='bbox 3047 1328 3209 1391; x_wconf 88' lang='lat' dir='ltr'><strong>haud</strong></span> <span class='ocrx_word' id='word_1_169' title='bbox 3268 1331 3454 1392; x_wconf 90' lang='lat' dir='ltr'><strong>multo</strong></span> <span class='ocrx_word' id='word_1_170' title='bbox 3510 1335 3645 1410; x_wconf 90' lang='lat' dir='ltr'><strong>post</strong></span> 
     </span>
    </p>
   </div>
   <div class='ocr_carea' id='block_1_28' title="bbox 1989 1416 2797 1502">
    <p class='ocr_par' dir='ltr' id='par_1_28' title="bbox 1989 1416 2797 1502">
     <span class='ocr_line' id='line_1_28' title="bbox 1989 1416 2797 1502; baseline -0.004 -20"><span class='ocrx_word' id='word_1_171' title='bbox 1989 1437 2348 1502; x_wconf 85' lang='lat' dir='ltr'><strong>Oppressura</strong></span> <span class='ocrx_word' id='word_1_172' title='bbox 2381 1426 2507 1479; x_wconf 89' lang='lat' dir='ltr'><strong>erat</strong></span> <span class='ocrx_word' id='word_1_173' title='bbox 2537 1416 2797 1480; x_wconf 87' lang='lat' dir='ltr'><strong>tristitia.</strong></span> 
     </span>
    </p>
   </div>
   <div class='ocr_carea' id='block_1_29' title="bbox 2076 1504 3648 1591">
    <p class='ocr_par' dir='ltr' id='par_1_29' title="bbox 2076 1504 3648 1591">
     <span class='ocr_line' id='line_1_29' title="bbox 2076 1504 3648 1591; baseline -0.001 -20"><span class='ocrx_word' id='word_1_174' title='bbox 2076 1508 2172 1573; x_wconf 91' lang='grc'><strong>13.</strong></span> <span class='ocrx_word' id='word_1_175' title='bbox 2207 1506 2460 1582; x_wconf 87' lang='lat' dir='ltr'><strong>Quidam</strong></span> <span class='ocrx_word' id='word_1_176' title='bbox 2485 1507 2647 1568; x_wconf 92' lang='lat' dir='ltr'><strong>enim</strong></span> <span class='ocrx_word' id='word_1_177' title='bbox 2680 1506 2925 1568; x_wconf 91' lang='lat' dir='ltr'><strong>nomine</strong></span> <span class='ocrx_word' id='word_1_178' title='bbox 2946 1504 3189 1587; x_wconf 83' lang='lat' dir='ltr'><strong>Nestor,</strong></span> <span class='ocrx_word' id='word_1_179' title='bbox 3214 1514 3383 1570; x_wconf 72' lang='lat' dir='ltr'><strong>aetate</strong></span> <span class='ocrx_word' id='word_1_180' title='bbox 3405 1507 3648 1591; x_wconf 88' lang='lat' dir='ltr'><strong>quidem</strong></span> 
     </span>
    </p>
   </div>
   <div class='ocr_carea' id='block_1_30' title="bbox 1991 1594 3653 1677">
    <p class='ocr_par' dir='ltr' id='par_1_30' title="bbox 1991 1594 3653 1677">
     <span class='ocr_line' id='line_1_30' title="bbox 1991 1594 3653 1677; baseline -0.001 -18"><span class='ocrx_word' id='word_1_181' title='bbox 1991 1597 2159 1660; x_wconf 88' lang='lat' dir='ltr'><strong>valde</strong></span> <span class='ocrx_word' id='word_1_182' title='bbox 2183 1598 2452 1677; x_wconf 82' lang='lat' dir='ltr'><strong>juvenis,</strong></span> <span class='ocrx_word' id='word_1_183' title='bbox 2482 1604 2545 1658; x_wconf 91' lang='lat' dir='ltr'><strong>ut</strong></span> <span class='ocrx_word' id='word_1_184' title='bbox 2576 1597 2677 1677; x_wconf 90' lang='lat' dir='ltr'><strong>qui</strong></span> <span class='ocrx_word' id='word_1_185' title='bbox 2713 1594 2890 1657; x_wconf 85' lang='lat' dir='ltr'><strong>modo</strong></span> <span class='ocrx_word' id='word_1_186' title='bbox 2912 1604 3111 1658; x_wconf 89' lang='lat' dir='ltr'><strong>natam</strong></span> <span class='ocrx_word' id='word_1_187' title='bbox 3141 1595 3391 1659; x_wconf 87' lang='lat' dir='ltr'><strong>haberet</strong></span> <span class='ocrx_word' id='word_1_188' title='bbox 3420 1596 3653 1675; x_wconf 77' lang='lat' dir='ltr'><strong>lanugi-</strong></span> 
     </span>
    </p>
   </div>
   <div class='ocr_carea' id='block_1_31' title="bbox 1993 1685 3655 1766">
    <p class='ocr_par' dir='ltr' id='par_1_31' title="bbox 1993 1685 3655 1766">
     <span class='ocr_line' id='line_1_31' title="bbox 1993 1685 3655 1766; baseline 0 -16"><span class='ocrx_word' id='word_1_189' title='bbox 1993 1706 2153 1762; x_wconf 88' lang='lat' dir='ltr'><strong>nem,</strong></span> <span class='ocrx_word' id='word_1_190' title='bbox 2214 1693 2460 1766; x_wconf 87' lang='lat' dir='ltr'><strong>aspectu</strong></span> <span class='ocrx_word' id='word_1_191' title='bbox 2519 1693 2718 1747; x_wconf 89' lang='lat' dir='ltr'><strong>autem</strong></span> <span class='ocrx_word' id='word_1_192' title='bbox 2776 1685 3284 1764; x_wconf 89' lang='lat' dir='ltr'><strong>jucundissimus,</strong></span> <span class='ocrx_word' id='word_1_193' title='bbox 3346 1694 3405 1748; x_wconf 91' lang='lat' dir='ltr'><strong>et</strong></span> <span class='ocrx_word' id='word_1_194' title='bbox 3462 1686 3655 1750; x_wconf 87' lang='lat' dir='ltr'><strong>forma</strong></span> 
     </span>
    </p>
   </div>
   <div class='ocr_carea' id='block_1_32' title="bbox 1992 1775 3655 1858">
    <p class='ocr_par' dir='ltr' id='par_1_32' title="bbox 1992 1775 3655 1858">
     <span class='ocr_line' id='line_1_32' title="bbox 1992 1775 3655 1858; baseline -0.001 -19"><span class='ocrx_word' id='word_1_195' title='bbox 1992 1775 2541 1858; x_wconf 70' lang='lat' dir='ltr'><strong>praestantissimus,</strong></span> <span class='ocrx_word' id='word_1_196' title='bbox 2577 1775 2676 1855; x_wconf 91' lang='lat' dir='ltr'><strong>qui</strong></span> <span class='ocrx_word' id='word_1_197' title='bbox 2731 1788 2859 1837; x_wconf 84' lang='lat' dir='ltr'><strong>erat</strong></span> <span class='ocrx_word' id='word_1_198' title='bbox 2895 1783 3073 1837; x_wconf 91' lang='lat' dir='ltr'><strong>notus</strong></span> <span class='ocrx_word' id='word_1_199' title='bbox 3128 1775 3349 1857; x_wconf 87' lang='lat' dir='ltr'><strong>inclyto</strong></span> <span class='ocrx_word' id='word_1_200' title='bbox 3408 1777 3655 1858; x_wconf 78' lang='lat' dir='ltr'><strong>martyri</strong></span> 
     </span>
    </p>
   </div>
   <div class='ocr_carea' id='block_1_33' title="bbox 261 1862 1918 1953">
    <p class='ocr_par' dir='ltr' id='par_1_33' title="bbox 261 1862 1907 1949">
     <span class='ocr_line' id='line_1_33' title="bbox 261 1862 1907 1949; baseline -0.007 -19"><span class='ocrx_word' id='word_1_201' title='bbox 261 1862 592 1949; x_wconf 73' lang='grc' dir='ltr'>Μαξιμιανὸν</span> <span class='ocrx_word' id='word_1_202' title='bbox 674 1874 802 1948; x_wconf 63' lang='grc' dir='ltr'>περὶ</span> <span class='ocrx_word' id='word_1_203' title='bbox 886 1870 976 1926; x_wconf 84' lang='grc' dir='ltr'>τὸν</span> <span class='ocrx_word' id='word_1_204' title='bbox 1063 1862 1321 1946; x_wconf 78' lang='grc' dir='ltr'>βάρϐαρον</span> <span class='ocrx_word' id='word_1_205' title='bbox 1399 1864 1750 1941; x_wconf 74' lang='grc' dir='ltr'>διακείμενον,</span> <span class='ocrx_word' id='word_1_206' title='bbox 1822 1864 1907 1921; x_wconf 85' lang='grc' dir='ltr'><strong>καὶ</strong></span> 
     </span>
    </p>
   </div>
   <div class='ocr_carea' id='block_1_34' title="bbox 2006 1862 3651 1953">
    <p class='ocr_par' dir='ltr' id='par_1_34' title="bbox 2006 1862 3651 1945">
     <span class='ocr_line' id='line_1_34' title="bbox 2006 1862 3651 1945; baseline -0.001 -16"><span class='ocrx_word' id='word_1_207' title='bbox 2006 1866 2321 1945; x_wconf 85' lang='lat' dir='ltr'><strong>Demetrio,</strong></span> <span class='ocrx_word' id='word_1_208' title='bbox 2358 1884 2494 1927; x_wconf 88' lang='lat' dir='ltr'><strong>cum</strong></span> <span class='ocrx_word' id='word_1_209' title='bbox 2527 1863 2758 1926; x_wconf 85' lang='lat' dir='ltr'><strong>videret</strong></span> <span class='ocrx_word' id='word_1_210' title='bbox 2786 1864 3210 1927; x_wconf 84' lang='lat' dir='ltr'><strong>Maximianum</strong></span> <span class='ocrx_word' id='word_1_211' title='bbox 3248 1867 3335 1928; x_wconf 88' lang='lat' dir='ltr'><strong>sic</strong></span> <span class='ocrx_word' id='word_1_212' title='bbox 3373 1862 3651 1928; x_wconf 78' lang='lat' dir='ltr'><strong>affectum</strong></span> 
     </span>
    </p>
   </div>
   <div class='ocr_carea' id='block_1_35' title="bbox 260 1953 1908 2041">
    <p class='ocr_par' dir='ltr' id='par_1_35' title="bbox 260 1953 1908 2041">
     <span class='ocr_line' id='line_1_35' title="bbox 260 1953 1908 2041; baseline -0.009 -19"><span class='ocrx_word' id='word_1_213' title='bbox 260 1961 435 2021; x_wconf 81' lang='grc' dir='ltr'>πολλὰ</span> <span class='ocrx_word' id='word_1_214' title='bbox 496 1962 626 2041; x_wconf 83' lang='grc' dir='ltr'>πρὸς</span> <span class='ocrx_word' id='word_1_215' title='bbox 687 1973 804 2026; x_wconf 87' lang='grc' dir='ltr'>τοῖς</span> <span class='ocrx_word' id='word_1_216' title='bbox 863 1957 1204 2036; x_wconf 76' lang='grc' dir='ltr'>μονομαχίας</span> <span class='ocrx_word' id='word_1_217' title='bbox 1262 1953 1441 2019; x_wconf 74' lang='grc' dir='ltr'>ἄθλοις</span> <span class='ocrx_word' id='word_1_218' title='bbox 1511 1955 1600 2011; x_wconf 88' lang='grc' dir='ltr'><strong>καὶ</strong></span> <span class='ocrx_word' id='word_1_219' title='bbox 1650 1953 1908 2041; x_wconf 77' lang='grc' dir='ltr'>χρήματα</span> 
     </span>
    </p>
   </div>
   <div class='ocr_carea' id='block_1_36' title="bbox 259 2039 1912 2133">
    <p class='ocr_par' dir='ltr' id='par_1_36' title="bbox 259 2039 1912 2133">
     <span class='ocr_line' id='line_1_36' title="bbox 259 2039 1912 2133; baseline -0.008 -23"><span class='ocrx_word' id='word_1_220' title='bbox 259 2039 588 2133; x_wconf 75' lang='grc' dir='ltr'>προτιθέντα,</span> <span class='ocrx_word' id='word_1_221' title='bbox 638 2053 795 2108; x_wconf 75' lang='grc' dir='ltr'>τοῦτο</span> <span class='ocrx_word' id='word_1_222' title='bbox 841 2050 939 2124; x_wconf 80' lang='grc' dir='ltr'>μὲν</span> <span class='ocrx_word' id='word_1_223' title='bbox 994 2048 1054 2103; x_wconf 73' lang='grc' dir='ltr'>τὸ</span> <span class='ocrx_word' id='word_1_224' title='bbox 1112 2048 1447 2126; x_wconf 61' lang='grc' dir='ltr'>ὑπερήφανον</span> <span class='ocrx_word' id='word_1_225' title='bbox 1500 2041 1694 2100; x_wconf 78' lang='grc' dir='ltr'>Λυαίου</span> <span class='ocrx_word' id='word_1_226' title='bbox 1750 2039 1912 2118; x_wconf 70' lang='grc' dir='ltr'>μισή-</span> 
     </span>
    </p>
   </div>
   <div class='ocr_carea' id='block_1_37' title="bbox 258 2130 1910 2222">
    <p class='ocr_par' dir='ltr' id='par_1_37' title="bbox 258 2130 1910 2222">
     <span class='ocr_line' id='line_1_37' title="bbox 258 2130 1910 2222; baseline -0.008 -23"><span class='ocrx_word' id='word_1_227' title='bbox 258 2130 376 2222; x_wconf 83' lang='grc' dir='ltr'>σας,</span> <span class='ocrx_word' id='word_1_228' title='bbox 410 2143 564 2199; x_wconf 82' lang='grc' dir='ltr'><strong>τοῦτο</strong></span> <span class='ocrx_word' id='word_1_229' title='bbox 616 2138 669 2196; x_wconf 75' lang='grc' dir='ltr'>δὲ</span> <span class='ocrx_word' id='word_1_230' title='bbox 724 2140 812 2197; x_wconf 82' lang='grc' dir='ltr'><strong>καὶ</strong></span> <span class='ocrx_word' id='word_1_231' title='bbox 868 2138 934 2194; x_wconf 81' lang='grc' dir='ltr'><strong>τὰ</strong></span> <span class='ocrx_word' id='word_1_232' title='bbox 980 2137 1083 2194; x_wconf 78' lang='grc' dir='ltr'><strong>ὑπὸ</strong></span> <span class='ocrx_word' id='word_1_233' title='bbox 1132 2141 1225 2192; x_wconf 80' lang='grc' dir='ltr'><strong>τοῦ</strong></span> <span class='ocrx_word' id='word_1_234' title='bbox 1253 2134 1391 2191; x_wconf 88' lang='grc' dir='ltr'>θείου</span> <span class='ocrx_word' id='word_1_235' title='bbox 1449 2133 1719 2222; x_wconf 73' lang='grc' dir='ltr'>μάρτυρος</span> <span class='ocrx_word' id='word_1_236' title='bbox 1758 2130 1910 2209; x_wconf 82' lang='grc' dir='ltr'>γινό-</span> 
     </span>
    </p>
   </div>
   <div class='ocr_carea' id='block_1_38' title="bbox 259 2219 1912 2307">
    <p class='ocr_par' dir='ltr' id='par_1_38' title="bbox 259 2219 1912 2307">
     <span class='ocr_line' id='line_1_38' title="bbox 259 2219 1912 2307; baseline -0.007 -20"><span class='ocrx_word' id='word_1_237' title='bbox 259 2219 391 2307; x_wconf 81' lang='grc' dir='ltr'>μενα</span> <span class='ocrx_word' id='word_1_238' title='bbox 446 2234 690 2306; x_wconf 66' lang='grc' dir='ltr'>θαὺματα</span> <span class='ocrx_word' id='word_1_239' title='bbox 762 2226 1016 2304; x_wconf 86' lang='grc' dir='ltr'>κατιδὼν,</span> <span class='ocrx_word' id='word_1_240' title='bbox 1075 2226 1165 2281; x_wconf 71' lang='grc' dir='ltr'><strong>καὶ</strong></span> <span class='ocrx_word' id='word_1_241' title='bbox 1233 2222 1380 2287; x_wconf 78' lang='grc' dir='ltr'>ὅπως</span> <span class='ocrx_word' id='word_1_242' title='bbox 1438 2223 1581 2297; x_wconf 77' lang='grc' dir='ltr'><strong>αὖτῷ</strong></span> <span class='ocrx_word' id='word_1_243' title='bbox 1663 2219 1912 2277; x_wconf 85' lang='grc' dir='ltr'>πλεῖστοι</span> 
     </span>
    </p>
   </div>
   <div class='ocr_carea' id='block_1_39' title="bbox 257 2308 1911 2402">
    <p class='ocr_par' dir='ltr' id='par_1_39' title="bbox 257 2308 1911 2402">
     <span class='ocr_line' id='line_1_39' title="bbox 257 2308 1911 2402; baseline -0.006 -26"><span class='ocrx_word' id='word_1_244' title='bbox 257 2318 564 2402; x_wconf 82' lang='grc' dir='ltr'>προσιόντες</span> <span class='ocrx_word' id='word_1_245' title='bbox 604 2318 705 2386; x_wconf 76' lang='grc' dir='ltr'>τὴν</span> <span class='ocrx_word' id='word_1_246' title='bbox 762 2318 836 2382; x_wconf 81' lang='grc' dir='ltr'>εἷς</span> <span class='ocrx_word' id='word_1_247' title='bbox 891 2315 1113 2395; x_wconf 79' lang='grc' dir='ltr'>χριστὸν</span> <span class='ocrx_word' id='word_1_248' title='bbox 1185 2309 1486 2371; x_wconf 81' lang='grc' dir='ltr'>θεοσέϐειαν</span> <span class='ocrx_word' id='word_1_249' title='bbox 1551 2308 1911 2384; x_wconf 79' lang='grc' dir='ltr'>ἐδιδάσκοντο,</span> 
     </span>
    </p>
   </div>
   <div class='ocr_carea' id='block_1_40' title="bbox 259 2399 1913 2482">
    <p class='ocr_par' dir='ltr' id='par_1_40' title="bbox 259 2399 1913 2482">
     <span class='ocr_line' id='line_1_40' title="bbox 259 2399 1913 2482; baseline -0.007 -18"><span class='ocrx_word' id='word_1_250' title='bbox 259 2399 313 2465; x_wconf 81' lang='grc' dir='ltr'>ἓν</span> <span class='ocrx_word' id='word_1_251' title='bbox 369 2408 425 2465; x_wconf 75' lang='grc' dir='ltr'>δὲ</span> <span class='ocrx_word' id='word_1_252' title='bbox 454 2416 608 2465; x_wconf 78' lang='grc' dir='ltr'>τοῦτο</span> <span class='ocrx_word' id='word_1_253' title='bbox 660 2405 893 2476; x_wconf 80' lang='grc' dir='ltr'>θελήσας</span> <span class='ocrx_word' id='word_1_254' title='bbox 922 2405 1161 2482; x_wconf 79' lang='grc' dir='ltr'>γενέσθαι</span> <span class='ocrx_word' id='word_1_255' title='bbox 1189 2406 1295 2458; x_wconf 86' lang='grc' dir='ltr'><strong>τῶν</strong></span> <span class='ocrx_word' id='word_1_256' title='bbox 1345 2400 1668 2480; x_wconf 68' lang='grc' dir='ltr'>Δημητρίουι</span> <span class='ocrx_word' id='word_1_257' title='bbox 1705 2399 1913 2474; x_wconf 64' lang='grc' dir='ltr'>θαυμα-</span> 
     </span>
    </p>
   </div>
   <div class='ocr_carea' id='block_1_41' title="bbox 254 2487 1915 2575">
    <p class='ocr_par' dir='ltr' id='par_1_41' title="bbox 254 2487 1915 2575">
     <span class='ocr_line' id='line_1_41' title="bbox 254 2487 1915 2575; baseline -0.007 -20"><span class='ocrx_word' id='word_1_258' title='bbox 254 2520 383 2572; x_wconf 88' lang='grc' dir='ltr'>των,</span> <span class='ocrx_word' id='word_1_259' title='bbox 418 2499 476 2554; x_wconf 80' lang='grc' dir='ltr'><strong>τὸ</strong></span> <span class='ocrx_word' id='word_1_260' title='bbox 532 2509 654 2561; x_wconf 83' lang='grc' dir='ltr'>ταῖς</span> <span class='ocrx_word' id='word_1_261' title='bbox 709 2497 903 2575; x_wconf 68' lang='grc' dir='ltr'>εὐχαῖς</span> <span class='ocrx_word' id='word_1_262' title='bbox 939 2493 1140 2550; x_wconf 78' lang='grc' dir='ltr'>ἐκείνου</span> <span class='ocrx_word' id='word_1_263' title='bbox 1187 2489 1604 2549; x_wconf 81' lang='grc' dir='ltr'>καθοπλισθέντα</span> <span class='ocrx_word' id='word_1_264' title='bbox 1660 2487 1816 2559; x_wconf 79' lang='grc' dir='ltr'>λῦσαί</span> <span class='ocrx_word' id='word_1_265' title='bbox 1856 2509 1915 2544; x_wconf 87' lang='grc' dir='ltr'><strong>τε</strong></span> 
     </span>
    </p>
   </div>
   <div class='ocr_carea' id='block_1_42' title="bbox 256 2574 1914 2667">
    <p class='ocr_par' dir='ltr' id='par_1_42' title="bbox 256 2574 1914 2667">
     <span class='ocr_line' id='line_1_42' title="bbox 256 2574 1914 2667; baseline -0.007 -23"><span class='ocrx_word' id='word_1_266' title='bbox 256 2587 450 2644; x_wconf 85' lang='grc' dir='ltr'>Ᾱυαίου</span> <span class='ocrx_word' id='word_1_267' title='bbox 509 2589 570 2643; x_wconf 82' lang='grc' dir='ltr'>τὸ</span> <span class='ocrx_word' id='word_1_268' title='bbox 599 2574 807 2667; x_wconf 78' lang='grc' dir='ltr'>θράσος</span> <span class='ocrx_word' id='word_1_269' title='bbox 840 2585 928 2640; x_wconf 83' lang='grc' dir='ltr'>καὶ</span> <span class='ocrx_word' id='word_1_270' title='bbox 978 2583 1075 2651; x_wconf 77' lang='grc' dir='ltr'>τὴν</span> <span class='ocrx_word' id='word_1_271' title='bbox 1107 2582 1264 2661; x_wconf 71' lang='grc' dir='ltr'>ὀφρὺν</span> <span class='ocrx_word' id='word_1_272' title='bbox 1316 2579 1476 2636; x_wconf 66' lang='grc' dir='ltr'>αὑτὸν</span> <span class='ocrx_word' id='word_1_273' title='bbox 1503 2588 1595 2638; x_wconf 80' lang='grc' dir='ltr'>τοῦ</span> <span class='ocrx_word' id='word_1_274' title='bbox 1652 2574 1914 2667; x_wconf 17' lang='grc' dir='ltr'>βαρϐαᾼρου</span> 
     </span>
    </p>
   </div>
   <div class='ocr_carea' id='block_1_43' title="bbox 253 2665 1916 2754">
    <p class='ocr_par' dir='ltr' id='par_1_43' title="bbox 253 2665 1916 2754">
     <span class='ocr_line' id='line_1_43' title="bbox 253 2665 1916 2754; baseline -0.007 -20"><span class='ocrx_word' id='word_1_275' title='bbox 253 2673 606 2750; x_wconf 79' lang='grc' dir='ltr'>καταϐαλεῖν,</span> <span class='ocrx_word' id='word_1_276' title='bbox 634 2665 964 2754; x_wconf 78' lang='grc' dir='ltr'>προστρέχει</span> <span class='ocrx_word' id='word_1_277' title='bbox 1018 2672 1097 2746; x_wconf 82' lang='grc' dir='ltr'>τῷ</span> <span class='ocrx_word' id='word_1_278' title='bbox 1142 2672 1389 2751; x_wconf 82' lang='grc' dir='ltr'>μάρτυρι,</span> <span class='ocrx_word' id='word_1_279' title='bbox 1443 2668 1538 2726; x_wconf 77' lang='grc' dir='ltr'><strong>καῖ</strong></span> <span class='ocrx_word' id='word_1_280' title='bbox 1592 2674 1691 2725; x_wconf 83' lang='grc' dir='ltr'><strong>τῶν</strong></span> <span class='ocrx_word' id='word_1_281' title='bbox 1741 2665 1916 2724; x_wconf 84' lang='grc' dir='ltr'>ποδῶν</span> 
     </span>
    </p>
   </div>
   <div class='ocr_carea' id='block_1_44' title="bbox 253 2758 1915 2843">
    <p class='ocr_par' dir='ltr' id='par_1_44' title="bbox 253 2758 1915 2843">
     <span class='ocr_line' id='line_1_44' title="bbox 253 2758 1915 2843; baseline -0.007 -19"><span class='ocrx_word' id='word_1_282' title='bbox 253 2768 456 2824; x_wconf 70' lang='grc' dir='ltr'>ἐκείνου</span> <span class='ocrx_word' id='word_1_283' title='bbox 488 2771 595 2823; x_wconf 81' lang='grc' dir='ltr'>τῶν</span> <span class='ocrx_word' id='word_1_284' title='bbox 638 2765 804 2843; x_wconf 71' lang='grc' dir='ltr'>ἁγίων</span> <span class='ocrx_word' id='word_1_285' title='bbox 855 2763 1224 2841; x_wconf 76' lang='grc' dir='ltr'>προκείμενος,</span> <span class='ocrx_word' id='word_1_286' title='bbox 1261 2758 1424 2817; x_wconf 73' lang='grc' dir='ltr'>Δοῦλε</span> <span class='ocrx_word' id='word_1_287' title='bbox 1480 2758 1574 2816; x_wconf 79' lang='grc' dir='ltr'>τοῦ</span> <span class='ocrx_word' id='word_1_288' title='bbox 1605 2764 1737 2816; x_wconf 82' lang='grc' dir='ltr'>Θεοῦ</span> <span class='ocrx_word' id='word_1_289' title='bbox 1797 2766 1915 2824; x_wconf 91' lang='grc' dir='ltr'>Δη-</span> 
     </span>
    </p>
   </div>
   <div class='ocr_carea' id='block_1_45' title="bbox 252 2845 1916 2934">
    <p class='ocr_par' dir='ltr' id='par_1_45' title="bbox 252 2845 1916 2934">
     <span class='ocr_line' id='line_1_45' title="bbox 252 2845 1916 2934; baseline -0.007 -21"><span class='ocrx_word' id='word_1_290' title='bbox 252 2858 472 2934; x_wconf 77' lang='grc' dir='ltr'>μήτριε,</span> <span class='ocrx_word' id='word_1_291' title='bbox 520 2853 691 2934; x_wconf 75' lang='grc' dir='ltr'>λέγει,</span> <span class='ocrx_word' id='word_1_292' title='bbox 724 2854 991 2933; x_wconf 87' lang='grc' dir='ltr'>προθυμός</span> <span class='ocrx_word' id='word_1_293' title='bbox 1042 2853 1151 2928; x_wconf 79' lang='grc' dir='ltr'>εἰμι</span> <span class='ocrx_word' id='word_1_294' title='bbox 1200 2851 1288 2908; x_wconf 84' lang='grc' dir='ltr'>καὶ</span> <span class='ocrx_word' id='word_1_295' title='bbox 1341 2850 1473 2928; x_wconf 81' lang='grc' dir='ltr'>ὀργᾷ</span> <span class='ocrx_word' id='word_1_296' title='bbox 1527 2870 1619 2925; x_wconf 91' lang='grc' dir='ltr'><strong>μοι</strong></span> <span class='ocrx_word' id='word_1_297' title='bbox 1679 2845 1824 2904; x_wconf 80' lang='grc' dir='ltr'>ἔνδον</span> <span class='ocrx_word' id='word_1_298' title='bbox 1881 2848 1916 2915; x_wconf 84' lang='grc' dir='ltr'><strong>ἡ</strong></span> 
     </span>
    </p>
   </div>
   <div class='ocr_carea' id='block_1_46' title="bbox 252 2935 1918 3026">
    <p class='ocr_par' dir='ltr' id='par_1_46' title="bbox 252 2935 1918 3026">
     <span class='ocr_line' id='line_1_46' title="bbox 252 2935 1918 3026; baseline -0.008 -23"><span class='ocrx_word' id='word_1_299' title='bbox 252 2947 410 3026; x_wconf 77' lang='grc' dir='ltr'>ψυχὴ</span> <span class='ocrx_word' id='word_1_300' title='bbox 472 2945 649 3018; x_wconf 78' lang='grc' dir='ltr'>Λυαίῳ</span> <span class='ocrx_word' id='word_1_301' title='bbox 709 2945 841 3020; x_wconf 86' lang='grc' dir='ltr'>πρὸς</span> <span class='ocrx_word' id='word_1_302' title='bbox 898 2940 1221 3017; x_wconf 76' lang='grc' dir='ltr'>συμπλοκὼν</span> <span class='ocrx_word' id='word_1_303' title='bbox 1297 2937 1583 3026; x_wconf 85' lang='grc' dir='ltr'>συνελθειν,</span> <span class='ocrx_word' id='word_1_304' title='bbox 1646 2937 1691 3026; x_wconf 79' lang='grc' dir='ltr'>εἰ</span> <span class='ocrx_word' id='word_1_305' title='bbox 1756 2935 1918 3012; x_wconf 78' lang='grc' dir='ltr'>μόνον</span> 
     </span>
    </p>
   </div>
   <div class='ocr_carea' id='block_1_47' title="bbox 257 3025 1919 3110">
    <p class='ocr_par' dir='ltr' id='par_1_47' title="bbox 257 3025 1919 3110">
     <span class='ocr_line' id='line_1_47' title="bbox 257 3025 1919 3110; baseline -0.007 -18"><span class='ocrx_word' id='word_1_306' title='bbox 257 3025 416 3100; x_wconf 61' lang='grc' dir='ltr'>αὐτὸς</span> <span class='ocrx_word' id='word_1_307' title='bbox 471 3033 708 3099; x_wconf 84' lang='grc' dir='ltr'>ὁπλίσεις</span> <span class='ocrx_word' id='word_1_308' title='bbox 735 3053 804 3108; x_wconf 91' lang='grc' dir='ltr'><strong>με</strong></span> <span class='ocrx_word' id='word_1_309' title='bbox 848 3044 968 3096; x_wconf 75' lang='grc' dir='ltr'>ναῖς</span> <span class='ocrx_word' id='word_1_310' title='bbox 999 3034 1219 3110; x_wconf 51' lang='grc' dir='ltr'>εὐχαῖς,</span> <span class='ocrx_word' id='word_1_311' title='bbox 1266 3028 1356 3086; x_wconf 84' lang='grc' dir='ltr'><strong>καὶ</strong></span> <span class='ocrx_word' id='word_1_312' title='bbox 1385 3025 1596 3093; x_wconf 71' lang='grc' dir='ltr'>ταύταις</span> <span class='ocrx_word' id='word_1_313' title='bbox 1626 3025 1725 3093; x_wconf 79' lang='grc' dir='ltr'>τὴν</span> <span class='ocrx_word' id='word_1_314' title='bbox 1782 3047 1919 3104; x_wconf 82' lang='grc' dir='ltr'>κρα-</span> 
     </span>
    </p>
   </div>
   <div class='ocr_carea' id='block_1_48' title="bbox 257 3118 1383 3204">
    <p class='ocr_par' dir='ltr' id='par_1_48' title="bbox 257 3118 1383 3204">
     <span class='ocr_line' id='line_1_48' title="bbox 257 3118 1383 3204; baseline -0.004 -22"><span class='ocrx_word' id='word_1_315' title='bbox 257 3125 414 3182; x_wconf 81' lang='grc' dir='ltr'>ταιὰν</span> <span class='ocrx_word' id='word_1_316' title='bbox 449 3136 613 3204; x_wconf 86' lang='grc' dir='ltr'>χεῖρα</span> <span class='ocrx_word' id='word_1_317' title='bbox 645 3128 1038 3202; x_wconf 61' lang='grc' dir='ltr'>συμμαχοῦσαν</span> <span class='ocrx_word' id='word_1_318' title='bbox 1069 3118 1383 3198; x_wconf 76' lang='grc' dir='ltr'>παράσχῃς.</span> 
     </span>
    </p>
   </div>
   <div class='ocr_carea' id='block_1_49' title="bbox 346 3204 1922 3287">
    <p class='ocr_par' dir='ltr' id='par_1_49' title="bbox 346 3204 1922 3287">
     <span class='ocr_line' id='line_1_49' title="bbox 346 3204 1922 3287; baseline -0.006 -18"><span class='ocrx_word' id='word_1_319' title='bbox 346 3211 437 3276; x_wconf 86' lang='grc' dir='ltr'>ιδ’,</span> <span class='ocrx_word' id='word_1_320' title='bbox 491 3215 551 3270; x_wconf 81' lang='grc' dir='ltr'>Τί</span> <span class='ocrx_word' id='word_1_321' title='bbox 609 3214 698 3268; x_wconf 81' lang='grc' dir='ltr'><strong>οὗν</strong></span> <span class='ocrx_word' id='word_1_322' title='bbox 748 3212 947 3276; x_wconf 88' lang='grc' dir='ltr'>ὀθεῖος</span> <span class='ocrx_word' id='word_1_323' title='bbox 1007 3209 1369 3287; x_wconf 70' lang='grc' dir='ltr'>Δημήτριοςς</span> <span class='ocrx_word' id='word_1_324' title='bbox 1429 3204 1639 3286; x_wconf 81' lang='grc' dir='ltr'>’Ὥσπερ</span> <span class='ocrx_word' id='word_1_325' title='bbox 1700 3205 1922 3276; x_wconf 78' lang='grc' dir='ltr'>αἰτήσας</span> 
     </span>
    </p>
   </div>
   <div class='ocr_carea' id='block_1_50' title="bbox 263 3294 1921 3379">
    <p class='ocr_par' dir='ltr' id='par_1_50' title="bbox 263 3294 1921 3379">
     <span class='ocr_line' id='line_1_50' title="bbox 263 3294 1921 3379; baseline -0.007 -18"><span class='ocrx_word' id='word_1_326' title='bbox 263 3305 424 3367; x_wconf 75' lang='grc' dir='ltr'>αὐτὸς</span> <span class='ocrx_word' id='word_1_327' title='bbox 469 3300 643 3379; x_wconf 84' lang='grc' dir='ltr'>μᾶλλο</span> <span class='ocrx_word' id='word_1_328' title='bbox 703 3300 736 3370; x_wconf 74' lang='grc' dir='ltr'><strong>ἢ</strong></span> <span class='ocrx_word' id='word_1_329' title='bbox 792 3298 1057 3374; x_wconf 81' lang='grc' dir='ltr'>αἷτηθεῖς,</span> <span class='ocrx_word' id='word_1_330' title='bbox 1118 3306 1306 3378; x_wconf 84' lang='grc' dir='ltr'>μικροῦ</span> <span class='ocrx_word' id='word_1_331' title='bbox 1367 3296 1436 3366; x_wconf 75' lang='grc' dir='ltr'>τῆ</span> <span class='ocrx_word' id='word_1_332' title='bbox 1493 3294 1765 3352; x_wconf 75' lang='grc' dir='ltr'>τελειώσει</span> <span class='ocrx_word' id='word_1_333' title='bbox 1823 3294 1921 3363; x_wconf 73' lang='grc' dir='ltr'>τὴν</span> 
     </span>
    </p>
   </div>
   <div class='ocr_carea' id='block_1_51' title="bbox 264 3382 1921 3472">
    <p class='ocr_par' dir='ltr' id='par_1_51' title="bbox 264 3382 1921 3472">
     <span class='ocr_line' id='line_1_51' title="bbox 264 3382 1921 3472; baseline -0.008 -21"><span class='ocrx_word' id='word_1_334' title='bbox 264 3393 493 3460; x_wconf 77' lang='grc' dir='ltr'>αἴτησιν</span> <span class='ocrx_word' id='word_1_335' title='bbox 551 3390 846 3472; x_wconf 69' lang='grc' dir='ltr'>ἐπιφθάνευ</span> <span class='ocrx_word' id='word_1_336' title='bbox 909 3390 997 3445; x_wconf 85' lang='grc' dir='ltr'><strong>καὶ</strong></span> <span class='ocrx_word' id='word_1_337' title='bbox 1063 3385 1270 3468; x_wconf 79' lang='grc' dir='ltr'>ταχέως</span> <span class='ocrx_word' id='word_1_338' title='bbox 1325 3382 1592 3443; x_wconf 77' lang='grc' dir='ltr'>ἐπιϐαλὼν</span> <span class='ocrx_word' id='word_1_339' title='bbox 1624 3386 1766 3460; x_wconf 80' lang='grc' dir='ltr'><strong>αὒτῷ</strong></span> <span class='ocrx_word' id='word_1_340' title='bbox 1821 3384 1921 3453; x_wconf 73' lang='grc' dir='ltr'>τὴν</span> 
     </span>
    </p>
   </div>
   <div class='ocr_carea' id='block_1_52' title="bbox 262 3476 1918 3562">
    <p class='ocr_par' dir='ltr' id='par_1_52' title="bbox 262 3476 1918 3562">
     <span class='ocr_line' id='line_1_52' title="bbox 262 3476 1918 3562; baseline -0.005 -22"><span class='ocrx_word' id='word_1_341' title='bbox 262 3486 323 3540; x_wconf 68' lang='grc' dir='ltr'>ἓν</span> <span class='ocrx_word' id='word_1_342' title='bbox 355 3489 569 3562; x_wconf 79' lang='grc' dir='ltr'>Χριστῷ</span> <span class='ocrx_word' id='word_1_343' title='bbox 616 3478 884 3560; x_wconf 78' lang='grc' dir='ltr'>σφραγῖδα</span> <span class='ocrx_word' id='word_1_344' title='bbox 915 3481 988 3542; x_wconf 77' lang='grc' dir='ltr'><strong>εἷς</strong></span> <span class='ocrx_word' id='word_1_345' title='bbox 1023 3479 1081 3535; x_wconf 82' lang='grc' dir='ltr'>τὸ</span> <span class='ocrx_word' id='word_1_346' title='bbox 1112 3477 1362 3554; x_wconf 80' lang='grc' dir='ltr'>μέτωπόν</span> <span class='ocrx_word' id='word_1_347' title='bbox 1420 3498 1475 3533; x_wconf 90' lang='grc' dir='ltr'><strong>τε</strong></span> <span class='ocrx_word' id='word_1_348' title='bbox 1505 3478 1604 3533; x_wconf 50' lang='grc' dir='ltr'><strong>και</strong></span> <span class='ocrx_word' id='word_1_349' title='bbox 1635 3476 1735 3544; x_wconf 81' lang='grc' dir='ltr'>τὴν</span> <span class='ocrx_word' id='word_1_350' title='bbox 1784 3497 1918 3556; x_wconf 87' lang='grc' dir='ltr'>καρ-</span> 
     </span>
    </p>
   </div>
   <div class='ocr_carea' id='block_1_53' title="bbox 265 3563 1917 3653">
    <p class='ocr_par' dir='ltr' id='par_1_53' title="bbox 265 3563 1917 3653">
     <span class='ocr_line' id='line_1_53' title="bbox 265 3563 1917 3653; baseline -0.006 -23"><span class='ocrx_word' id='word_1_351' title='bbox 265 3573 409 3652; x_wconf 84' lang='grc' dir='ltr'>δίαν,</span> <span class='ocrx_word' id='word_1_352' title='bbox 466 3572 706 3653; x_wconf 75' lang='grc' dir='ltr'>ἀφίησιν,</span> <span class='ocrx_word' id='word_1_353' title='bbox 761 3570 1021 3627; x_wconf 82' lang='grc' dir='ltr'>ἐπειπών⁶</span> <span class='ocrx_word' id='word_1_354' title='bbox 1100 3571 1197 3626; x_wconf 83' lang='grc' dir='ltr'>Καὶ</span> <span class='ocrx_word' id='word_1_355' title='bbox 1248 3568 1339 3624; x_wconf 78' lang='grc' dir='ltr'>τὸν</span> <span class='ocrx_word' id='word_1_356' title='bbox 1397 3571 1600 3623; x_wconf 88' lang='grc' dir='ltr'>Λυαῖον</span> <span class='ocrx_word' id='word_1_357' title='bbox 1657 3563 1917 3640; x_wconf 70' lang='grc' dir='ltr'>νικήσεις,</span> 
     </span>
    </p>
   </div>
   <div class='ocr_carea' id='block_1_54' title="bbox 264 3654 1926 3741">
    <p class='ocr_par' dir='ltr' id='par_1_54' title="bbox 264 3654 1926 3741">
     <span class='ocr_line' id='line_1_54' title="bbox 264 3654 1926 3741; baseline -0.007 -20"><span class='ocrx_word' id='word_1_358' title='bbox 264 3665 363 3721; x_wconf 79' lang='grc' dir='ltr'><strong>καὶ</strong></span> <span class='ocrx_word' id='word_1_359' title='bbox 415 3663 545 3741; x_wconf 79' lang='grc' dir='ltr'>ὑπὲρ</span> <span class='ocrx_word' id='word_1_360' title='bbox 575 3668 809 3740; x_wconf 77' lang='grc' dir='ltr'>Χριστοῦ</span> <span class='ocrx_word' id='word_1_361' title='bbox 862 3658 1254 3738; x_wconf 82' lang='grc' dir='ltr'>μαρτυρήσεις·</span> <span class='ocrx_word' id='word_1_362' title='bbox 1287 3654 1452 3735; x_wconf 80' lang='grc' dir='ltr'>ὅσπερ</span> <span class='ocrx_word' id='word_1_363' title='bbox 1504 3657 1692 3712; x_wconf 79' lang='grc' dir='ltr'>ταυτὸν</span> <span class='ocrx_word' id='word_1_364' title='bbox 1722 3656 1791 3721; x_wconf 73' lang='grc' dir='ltr'>ἦν</span> <span class='ocrx_word' id='word_1_365' title='bbox 1847 3656 1926 3711; x_wconf 76' lang='grc' dir='ltr'>εί-</span> 
     </span>
    </p>
   </div>
   <div class='ocr_carea' id='block_1_55' title="bbox 263 3742 1928 3831">
    <p class='ocr_par' dir='ltr' id='par_1_55' title="bbox 263 3742 1928 3831">
     <span class='ocr_line' id='line_1_55' title="bbox 263 3742 1928 3831; baseline -0.006 -21"><span class='ocrx_word' id='word_1_366' title='bbox 263 3765 419 3811; x_wconf 80' lang='grc' dir='ltr'>πεῖν·</span> <span class='ocrx_word' id='word_1_367' title='bbox 479 3752 573 3809; x_wconf 78' lang='grc' dir='ltr'>Καὶ</span> <span class='ocrx_word' id='word_1_368' title='bbox 633 3752 725 3807; x_wconf 79' lang='grc' dir='ltr'>τὸν</span> <span class='ocrx_word' id='word_1_369' title='bbox 757 3751 981 3831; x_wconf 80' lang='grc' dir='ltr'>φανερὸν</span> <span class='ocrx_word' id='word_1_370' title='bbox 1033 3744 1320 3804; x_wconf 84' lang='grc' dir='ltr'>ἀντίπαλον</span> <span class='ocrx_word' id='word_1_371' title='bbox 1377 3746 1466 3802; x_wconf 85' lang='grc' dir='ltr'><strong>καὶ</strong></span> <span class='ocrx_word' id='word_1_372' title='bbox 1495 3745 1587 3801; x_wconf 81' lang='grc' dir='ltr'><strong>τὸν</strong></span> <span class='ocrx_word' id='word_1_373' title='bbox 1616 3742 1793 3826; x_wconf 74' lang='grc' dir='ltr'>ἀφανῆ</span> <span class='ocrx_word' id='word_1_374' title='bbox 1841 3767 1928 3801; x_wconf 88' lang='grc' dir='ltr'>νι-</span> 
     </span>
    </p>
   </div>
   <div class='ocr_carea' id='block_1_56' title="bbox 258 3835 1929 3915">
    <p class='ocr_par' dir='ltr' id='par_1_56' title="bbox 258 3835 1929 3915">
     <span class='ocr_line' id='line_1_56' title="bbox 258 3835 1929 3915; baseline -0.008 -14"><span class='ocrx_word' id='word_1_375' title='bbox 258 3843 477 3912; x_wconf 81' lang='grc' dir='ltr'>κήσεις.</span> <span class='ocrx_word' id='word_1_376' title='bbox 537 3839 717 3905; x_wconf 68' lang='grc' dir='ltr'>Οὕτως</span> <span class='ocrx_word' id='word_1_377' title='bbox 746 3840 807 3897; x_wconf 73' lang='lat'><strong>03</strong></span> <span class='ocrx_word' id='word_1_378' title='bbox 836 3842 995 3915; x_wconf 81' lang='grc' dir='ltr'>μόνον</span> <span class='ocrx_word' id='word_1_379' title='bbox 1053 3837 1234 3915; x_wconf 83' lang='grc' dir='ltr'>θέρσος</span> <span class='ocrx_word' id='word_1_380' title='bbox 1264 3836 1452 3903; x_wconf 78' lang='grc' dir='ltr'>ἐνῆκεν</span> <span class='ocrx_word' id='word_1_381' title='bbox 1507 3835 1667 3891; x_wconf 72' lang='grc' dir='ltr'>αὐτοῦ</span> <span class='ocrx_word' id='word_1_382' title='bbox 1695 3838 1763 3910; x_wconf 76' lang='grc' dir='ltr'>τῇ</span> <span class='ocrx_word' id='word_1_383' title='bbox 1821 3837 1929 3906; x_wconf 84' lang='grc' dir='ltr'>ψυ-</span> 
     </span>
    </p>
   </div>
   <div class='ocr_carea' id='block_1_57' title="bbox 256 3923 1930 4013">
    <p class='ocr_par' dir='ltr' id='par_1_57' title="bbox 256 3923 1930 4013">
     <span class='ocr_line' id='line_1_57' title="bbox 256 3923 1930 4013; baseline -0.005 -26"><span class='ocrx_word' id='word_1_384' title='bbox 256 3938 372 4013; x_wconf 68' lang='grc' dir='ltr'>χῇ,</span> <span class='ocrx_word' id='word_1_385' title='bbox 406 3929 543 3987; x_wconf 80' lang='grc' dir='ltr'>ἀλλὰ</span> <span class='ocrx_word' id='word_1_386' title='bbox 595 3931 681 3986; x_wconf 73' lang='grc' dir='ltr'>καὶ</span> <span class='ocrx_word' id='word_1_387' title='bbox 710 3930 829 4006; x_wconf 82' lang='grc' dir='ltr'>περὶ</span> <span class='ocrx_word' id='word_1_388' title='bbox 883 3934 977 3985; x_wconf 78' lang='grc' dir='ltr'>τοῦ</span> <span class='ocrx_word' id='word_1_389' title='bbox 1011 3926 1302 4004; x_wconf 80' lang='grc' dir='ltr'>μέλλοντος</span> <span class='ocrx_word' id='word_1_390' title='bbox 1334 3923 1707 4004; x_wconf 76' lang='grc' dir='ltr'>ἀσφαλέστατα</span> <span class='ocrx_word' id='word_1_391' title='bbox 1758 3945 1930 4003; x_wconf 87' lang='grc' dir='ltr'>προσ-</span> 
     </span>
    </p>
   </div>
   <div class='ocr_carea' id='block_1_58' title="bbox 259 4012 1931 4102">
    <p class='ocr_par' dir='ltr' id='par_1_58' title="bbox 259 4012 1931 4102">
     <span class='ocr_line' id='line_1_58' title="bbox 259 4012 1931 4102; baseline -0.005 -25"><span class='ocrx_word' id='word_1_392' title='bbox 259 4012 576 4102; x_wconf 64' lang='grc' dir='ltr'>εφθέγξατο.</span> <span class='ocrx_word' id='word_1_393' title='bbox 628 4019 825 4076; x_wconf 71' lang='grc' dir='ltr'>Αὸτίιια</span> <span class='ocrx_word' id='word_1_394' title='bbox 891 4025 1017 4095; x_wconf 74' lang='grc' dir='ltr'>γοῦν</span> <span class='ocrx_word' id='word_1_395' title='bbox 1088 4019 1116 4073; x_wconf 88' lang='grc' dir='ltr'>ὁ</span> <span class='ocrx_word' id='word_1_396' title='bbox 1177 4016 1391 4095; x_wconf 81' lang='grc' dir='ltr'>Νέστωρ</span> <span class='ocrx_word' id='word_1_397' title='bbox 1463 4012 1784 4093; x_wconf 74' lang='grc' dir='ltr'>ἀφικόμενος</span> <span class='ocrx_word' id='word_1_398' title='bbox 1856 4015 1931 4079; x_wconf 85' lang='grc' dir='ltr'><strong>εἰς</strong></span> 
     </span>
    </p>
   </div>
   <div class='ocr_carea' id='block_1_59' title="bbox 257 4103 1930 4186">
    <p class='ocr_par' dir='ltr' id='par_1_59' title="bbox 257 4103 1930 4186">
     <span class='ocr_line' id='line_1_59' title="bbox 257 4103 1930 4186; baseline -0.005 -17"><span class='ocrx_word' id='word_1_399' title='bbox 257 4114 331 4169; x_wconf 81' lang='grc' dir='ltr'>τὸ</span> <span class='ocrx_word' id='word_1_400' title='bbox 389 4108 599 4167; x_wconf 78' lang='grc' dir='ltr'>στάδιον</span> <span class='ocrx_word' id='word_1_401' title='bbox 630 4110 720 4165; x_wconf 87' lang='grc' dir='ltr'><strong>καὶ</strong></span> <span class='ocrx_word' id='word_1_402' title='bbox 775 4108 858 4168; x_wconf 81' lang='grc' dir='ltr'>διὰ</span> <span class='ocrx_word' id='word_1_403' title='bbox 915 4113 1022 4165; x_wconf 81' lang='grc' dir='ltr'><strong>τῶν</strong></span> <span class='ocrx_word' id='word_1_404' title='bbox 1073 4103 1339 4186; x_wconf 83' lang='grc' dir='ltr'>βαθμίδων</span> <span class='ocrx_word' id='word_1_405' title='bbox 1396 4103 1809 4177; x_wconf 76' lang='grc' dir='ltr'>καταπηδήσας,</span> <span class='ocrx_word' id='word_1_406' title='bbox 1840 4104 1930 4161; x_wconf 87' lang='grc' dir='ltr'><strong>τόν</strong></span> 
     </span>
    </p>
   </div>
   <div class='ocr_carea' id='block_1_60' title="bbox 261 4192 1929 4279">
    <p class='ocr_par' dir='ltr' id='par_1_60' title="bbox 261 4192 1929 4279">
     <span class='ocr_line' id='line_1_60' title="bbox 261 4192 1929 4279; baseline -0.005 -20"><span class='ocrx_word' id='word_1_407' title='bbox 261 4222 331 4259; x_wconf 79' lang='grc' dir='ltr'><strong>τε</strong></span> <span class='ocrx_word' id='word_1_408' title='bbox 403 4206 619 4279; x_wconf 80' lang='grc' dir='ltr'>χιτῶνα</span> <span class='ocrx_word' id='word_1_409' title='bbox 662 4199 992 4277; x_wconf 76' lang='grc' dir='ltr'>ἀποτίθεται,</span> <span class='ocrx_word' id='word_1_410' title='bbox 1042 4199 1129 4253; x_wconf 86' lang='grc' dir='ltr'><strong>καὶ</strong></span> <span class='ocrx_word' id='word_1_411' title='bbox 1189 4195 1375 4252; x_wconf 75' lang='grc' dir='ltr'>ἑαυτὸν</span> <span class='ocrx_word' id='word_1_412' title='bbox 1432 4192 1596 4261; x_wconf 79' lang='grc' dir='ltr'>δῆλον</span> <span class='ocrx_word' id='word_1_413' title='bbox 1650 4195 1929 4262; x_wconf 84' lang='grc' dir='ltr'>καθίστησι</span> 
     </span>
    </p>
   </div>
   <div class='ocr_carea' id='block_1_61' title="bbox 260 4280 1927 4366">
    <p class='ocr_par' dir='ltr' id='par_1_61' title="bbox 260 4280 1927 4366">
     <span class='ocr_line' id='line_1_61' title="bbox 260 4280 1927 4366; baseline -0.005 -20"><span class='ocrx_word' id='word_1_414' title='bbox 260 4296 353 4365; x_wconf 77' lang='grc' dir='ltr'>τῷ</span> <span class='ocrx_word' id='word_1_415' title='bbox 425 4287 641 4365; x_wconf 85' lang='grc' dir='ltr'>βασιλεῖ</span> <span class='ocrx_word' id='word_1_416' title='bbox 710 4286 1005 4366; x_wconf 80' lang='grc' dir='ltr'>παρὸστάς,</span> <span class='ocrx_word' id='word_1_417' title='bbox 1063 4281 1391 4361; x_wconf 75' lang='grc' dir='ltr'>Μαξιμιανὸς</span> <span class='ocrx_word' id='word_1_418' title='bbox 1446 4280 1500 4339; x_wconf 79' lang='grc' dir='ltr'>δὲ</span> <span class='ocrx_word' id='word_1_419' title='bbox 1551 4283 1649 4351; x_wconf 79' lang='grc' dir='ltr'>τὴν</span> <span class='ocrx_word' id='word_1_420' title='bbox 1719 4282 1927 4351; x_wconf 79' lang='grc' dir='ltr'>πολλὴν</span> 
     </span>
    </p>
   </div>
   <div class='ocr_carea' id='block_1_62' title="bbox 1994 1952 3655 2033">
    <p class='ocr_par' dir='ltr' id='par_1_62' title="bbox 1994 1952 3655 2033">
     <span class='ocr_line' id='line_1_62' title="bbox 1994 1952 3655 2033; baseline -0.001 -15"><span class='ocrx_word' id='word_1_421' title='bbox 1994 1958 2054 2018; x_wconf 90' lang='lat' dir='ltr'><strong>in</strong></span> <span class='ocrx_word' id='word_1_422' title='bbox 2089 1954 2408 2017; x_wconf 88' lang='lat' dir='ltr'><strong>barbarum</strong></span> <span class='ocrx_word' id='word_1_423' title='bbox 2442 1962 2503 2015; x_wconf 91' lang='lat' dir='ltr'><strong>et</strong></span> <span class='ocrx_word' id='word_1_424' title='bbox 2531 1952 2931 2033; x_wconf 83' lang='lat' dir='ltr'><strong>gladiatorum</strong></span> <span class='ocrx_word' id='word_1_425' title='bbox 2978 1954 3409 2017; x_wconf 87' lang='lat' dir='ltr'><strong>certaminibus</strong></span> <span class='ocrx_word' id='word_1_426' title='bbox 3438 1955 3655 2017; x_wconf 91' lang='lat' dir='ltr'><strong>multas</strong></span> 
     </span>
    </p>
   </div>
   <div class='ocr_carea' id='block_1_63' title="bbox 1995 2043 3652 2125">
    <p class='ocr_par' dir='ltr' id='par_1_63' title="bbox 1995 2043 3652 2125">
     <span class='ocr_line' id='line_1_63' title="bbox 1995 2043 3652 2125; baseline -0.001 -17"><span class='ocrx_word' id='word_1_427' title='bbox 1995 2044 2278 2108; x_wconf 83' lang='lat' dir='ltr'><strong>exhibere</strong></span> <span class='ocrx_word' id='word_1_428' title='bbox 2312 2045 2595 2124; x_wconf 87' lang='lat' dir='ltr'><strong>pecunias</strong></span> <span class='ocrx_word' id='word_1_429' title='bbox 2629 2061 2645 2120; x_wconf 87' lang='lat'><strong>;</strong></span> <span class='ocrx_word' id='word_1_430' title='bbox 2700 2043 2911 2125; x_wconf 89' lang='lat' dir='ltr'><strong>partim</strong></span> <span class='ocrx_word' id='word_1_431' title='bbox 2947 2043 3190 2125; x_wconf 89' lang='lat' dir='ltr'><strong>quidem</strong></span> <span class='ocrx_word' id='word_1_432' title='bbox 3224 2045 3363 2106; x_wconf 90' lang='lat' dir='ltr'><strong>odio</strong></span> <span class='ocrx_word' id='word_1_433' title='bbox 3420 2043 3652 2107; x_wconf 78' lang='lat' dir='ltr'><strong>habens</strong></span> 
     </span>
    </p>
   </div>
   <div class='ocr_carea' id='block_1_64' title="bbox 1994 2133 3652 2216">
    <p class='ocr_par' dir='ltr' id='par_1_64' title="bbox 1994 2133 3652 2216">
     <span class='ocr_line' id='line_1_64' title="bbox 1994 2133 3652 2216; baseline 0 -19"><span class='ocrx_word' id='word_1_434' title='bbox 1994 2135 2149 2216; x_wconf 63' lang='lat' dir='ltr'><strong>Lyaei</strong></span> <span class='ocrx_word' id='word_1_435' title='bbox 2198 2133 2567 2213; x_wconf 88' lang='lat' dir='ltr'><strong>superbiam,</strong></span> <span class='ocrx_word' id='word_1_436' title='bbox 2603 2134 2812 2214; x_wconf 88' lang='lat' dir='ltr'><strong>partim</strong></span> <span class='ocrx_word' id='word_1_437' title='bbox 2862 2141 3058 2196; x_wconf 91' lang='lat' dir='ltr'><strong>autem</strong></span> <span class='ocrx_word' id='word_1_438' title='bbox 3109 2133 3411 2215; x_wconf 86' lang='lat' dir='ltr'><strong>aspiciens</strong></span> <span class='ocrx_word' id='word_1_439' title='bbox 3462 2134 3652 2197; x_wconf 89' lang='lat' dir='ltr'><strong>mira-</strong></span> 
     </span>
    </p>
   </div>
   <div class='ocr_carea' id='block_1_65' title="bbox 1996 2222 3657 2306">
    <p class='ocr_par' dir='ltr' id='par_1_65' title="bbox 1996 2222 3657 2306">
     <span class='ocr_line' id='line_1_65' title="bbox 1996 2222 3657 2306; baseline -0.001 -20"><span class='ocrx_word' id='word_1_440' title='bbox 1996 2225 2151 2299; x_wconf 87' lang='lat' dir='ltr'><strong>cula,</strong></span> <span class='ocrx_word' id='word_1_441' title='bbox 2181 2242 2318 2302; x_wconf 80' lang='lat' dir='ltr'><strong>quae</strong></span> <span class='ocrx_word' id='word_1_442' title='bbox 2346 2222 2569 2285; x_wconf 81' lang='lat' dir='ltr'><strong>fiebant</strong></span> <span class='ocrx_word' id='word_1_443' title='bbox 2599 2241 2633 2284; x_wconf 92' lang='lat' dir='ltr'><strong>a</strong></span> <span class='ocrx_word' id='word_1_444' title='bbox 2669 2222 2871 2285; x_wconf 91' lang='lat' dir='ltr'><strong>divino</strong></span> <span class='ocrx_word' id='word_1_445' title='bbox 2925 2229 3209 2302; x_wconf 78' lang='lat' dir='ltr'><strong>martyre,</strong></span> <span class='ocrx_word' id='word_1_446' title='bbox 3248 2229 3305 2285; x_wconf 91' lang='lat' dir='ltr'><strong>et</strong></span> <span class='ocrx_word' id='word_1_447' title='bbox 3332 2225 3488 2306; x_wconf 89' lang='lat' dir='ltr'><strong>quod</strong></span> <span class='ocrx_word' id='word_1_448' title='bbox 3516 2223 3657 2305; x_wconf 86' lang='lat' dir='ltr'><strong>plu-</strong></span> 
     </span>
    </p>
   </div>
   <div class='ocr_carea' id='block_1_66' title="bbox 1995 2311 3655 2395">
    <p class='ocr_par' dir='ltr' id='par_1_66' title="bbox 1995 2311 3655 2395">
     <span class='ocr_line' id='line_1_66' title="bbox 1995 2311 3655 2395; baseline -0.001 -20"><span class='ocrx_word' id='word_1_449' title='bbox 1995 2314 2157 2388; x_wconf 91' lang='lat' dir='ltr'><strong>rimi,</strong></span> <span class='ocrx_word' id='word_1_450' title='bbox 2191 2313 2266 2375; x_wconf 90' lang='lat' dir='ltr'><strong>ad</strong></span> <span class='ocrx_word' id='word_1_451' title='bbox 2296 2332 2429 2375; x_wconf 89' lang='lat' dir='ltr'><strong>eum</strong></span> <span class='ocrx_word' id='word_1_452' title='bbox 2464 2311 2847 2394; x_wconf 89' lang='lat' dir='ltr'><strong>accedentes,</strong></span> <span class='ocrx_word' id='word_1_453' title='bbox 2878 2312 3252 2375; x_wconf 87' lang='lat' dir='ltr'><strong>docebantur</strong></span> <span class='ocrx_word' id='word_1_454' title='bbox 3280 2312 3560 2395; x_wconf 89' lang='lat' dir='ltr'><strong>pietatem</strong></span> <span class='ocrx_word' id='word_1_455' title='bbox 3590 2312 3655 2374; x_wconf 90' lang='lat' dir='ltr'><strong>in</strong></span> 
     </span>
    </p>
   </div>
   <div class='ocr_carea' id='block_1_67' title="bbox 1997 2401 3659 2483">
    <p class='ocr_par' dir='ltr' id='par_1_67' title="bbox 1997 2401 3659 2483">
     <span class='ocr_line' id='line_1_67' title="bbox 1997 2401 3659 2483; baseline -0.003 -15"><span class='ocrx_word' id='word_1_456' title='bbox 1997 2401 2723 2483; x_wconf 87' lang='lat' dir='ltr'><strong>Christum,cupiensque</strong></span> <span class='ocrx_word' id='word_1_457' title='bbox 2782 2402 2895 2463; x_wconf 91' lang='lat' dir='ltr'><strong>hoc</strong></span> <span class='ocrx_word' id='word_1_458' title='bbox 2944 2402 3121 2464; x_wconf 88' lang='lat' dir='ltr'><strong>etiam</strong></span> <span class='ocrx_word' id='word_1_459' title='bbox 3178 2420 3314 2466; x_wconf 89' lang='lat' dir='ltr'><strong>esse</strong></span> <span class='ocrx_word' id='word_1_460' title='bbox 3344 2420 3527 2465; x_wconf 89' lang='lat' dir='ltr'><strong>unum</strong></span> <span class='ocrx_word' id='word_1_461' title='bbox 3585 2418 3659 2463; x_wconf 80' lang='lat' dir='ltr'><strong>ex</strong></span> 
     </span>
    </p>
   </div>
   <div class='ocr_carea' id='block_1_68' title="bbox 1998 2490 3653 2572">
    <p class='ocr_par' dir='ltr' id='par_1_68' title="bbox 1998 2490 3653 2572">
     <span class='ocr_line' id='line_1_68' title="bbox 1998 2490 3653 2572; baseline -0.001 -17"><span class='ocrx_word' id='word_1_462' title='bbox 1998 2492 2310 2555; x_wconf 89' lang='lat' dir='ltr'><strong>miraculis</strong></span> <span class='ocrx_word' id='word_1_463' title='bbox 2365 2490 2678 2565; x_wconf 90' lang='lat' dir='ltr'><strong>Demetrii,</strong></span> <span class='ocrx_word' id='word_1_464' title='bbox 2714 2498 2777 2552; x_wconf 91' lang='lat' dir='ltr'><strong>ut</strong></span> <span class='ocrx_word' id='word_1_465' title='bbox 2826 2491 3110 2572; x_wconf 90' lang='lat' dir='ltr'><strong>precibus</strong></span> <span class='ocrx_word' id='word_1_466' title='bbox 3158 2491 3321 2555; x_wconf 91' lang='lat' dir='ltr'><strong>illius</strong></span> <span class='ocrx_word' id='word_1_467' title='bbox 3369 2499 3653 2571; x_wconf 88' lang='lat' dir='ltr'><strong>armatus,</strong></span> 
     </span>
    </p>
   </div>
   <div class='ocr_carea' id='block_1_69' title="bbox 1998 2579 3662 2664">
    <p class='ocr_par' dir='ltr' id='par_1_69' title="bbox 1998 2579 3662 2664">
     <span class='ocr_line' id='line_1_69' title="bbox 1998 2579 3662 2664; baseline -0.001 -20"><span class='ocrx_word' id='word_1_468' title='bbox 1998 2582 2149 2664; x_wconf 65' lang='lat' dir='ltr'><strong>Lyaei</strong></span> <span class='ocrx_word' id='word_1_469' title='bbox 2208 2582 2509 2662; x_wconf 84' lang='lat' dir='ltr'><strong>frangeret</strong></span> <span class='ocrx_word' id='word_1_470' title='bbox 2567 2579 2903 2659; x_wconf 86' lang='lat' dir='ltr'><strong>audaciam,</strong></span> <span class='ocrx_word' id='word_1_471' title='bbox 2954 2589 3011 2644; x_wconf 90' lang='lat' dir='ltr'><strong>et</strong></span> <span class='ocrx_word' id='word_1_472' title='bbox 3074 2579 3315 2643; x_wconf 88' lang='lat' dir='ltr'><strong>barbari</strong></span> <span class='ocrx_word' id='word_1_473' title='bbox 3373 2581 3662 2662; x_wconf 85' lang='lat' dir='ltr'><strong>dejiceret</strong></span> 
     </span>
    </p>
   </div>
   <div class='ocr_carea' id='block_1_70' title="bbox 1998 2670 3658 2753">
    <p class='ocr_par' dir='ltr' id='par_1_70' title="bbox 1998 2670 3658 2753">
     <span class='ocr_line' id='line_1_70' title="bbox 1998 2670 3658 2753; baseline -0.001 -18"><span class='ocrx_word' id='word_1_474' title='bbox 1998 2672 2386 2753; x_wconf 88' lang='lat' dir='ltr'><strong>supercilium</strong></span> <span class='ocrx_word' id='word_1_475' title='bbox 2414 2693 2430 2752; x_wconf 84' lang='lat'><strong>;</strong></span> <span class='ocrx_word' id='word_1_476' title='bbox 2465 2671 2728 2733; x_wconf 90' lang='lat' dir='ltr'><strong>accurrit</strong></span> <span class='ocrx_word' id='word_1_477' title='bbox 2757 2670 2831 2732; x_wconf 91' lang='lat' dir='ltr'><strong>ad</strong></span> <span class='ocrx_word' id='word_1_478' title='bbox 2865 2679 3212 2752; x_wconf 87' lang='lat' dir='ltr'><strong>martyrem,</strong></span> <span class='ocrx_word' id='word_1_479' title='bbox 3236 2678 3295 2734; x_wconf 91' lang='lat' dir='ltr'><strong>et</strong></span> <span class='ocrx_word' id='word_1_480' title='bbox 3321 2670 3393 2733; x_wconf 89' lang='lat' dir='ltr'><strong>ad</strong></span> <span class='ocrx_word' id='word_1_481' title='bbox 3421 2679 3658 2734; x_wconf 88' lang='lat' dir='ltr'><strong>sanctos</strong></span> 
     </span>
    </p>
   </div>
   <div class='ocr_carea' id='block_1_71' title="bbox 2001 2759 3654 2843">
    <p class='ocr_par' dir='ltr' id='par_1_71' title="bbox 2001 2759 3654 2843">
     <span class='ocr_line' id='line_1_71' title="bbox 2001 2759 3654 2843; baseline -0.002 -20"><span class='ocrx_word' id='word_1_482' title='bbox 2001 2762 2133 2842; x_wconf 87' lang='lat' dir='ltr'><strong>ejus</strong></span> <span class='ocrx_word' id='word_1_483' title='bbox 2166 2761 2349 2843; x_wconf 87' lang='lat' dir='ltr'><strong>pedes</strong></span> <span class='ocrx_word' id='word_1_484' title='bbox 2383 2760 2730 2842; x_wconf 91' lang='lat' dir='ltr'><strong>procidens,</strong></span> <span class='ocrx_word' id='word_1_485' title='bbox 2763 2759 2907 2821; x_wconf 89' lang='lat' dir='ltr'><strong>dicit</strong></span> <span class='ocrx_word' id='word_1_486' title='bbox 2939 2773 2954 2820; x_wconf 89' lang='lat'>:</span> <span class='ocrx_word' id='word_1_487' title='bbox 3016 2759 3197 2823; x_wconf 89' lang='lat' dir='ltr'><strong>Serve</strong></span> <span class='ocrx_word' id='word_1_488' title='bbox 3227 2759 3333 2822; x_wconf 92' lang='lat' dir='ltr'><strong>Dci</strong></span> <span class='ocrx_word' id='word_1_489' title='bbox 3364 2761 3654 2836; x_wconf 90' lang='lat' dir='ltr'><strong>Demetri,</strong></span> 
     </span>
    </p>
   </div>
   <div class='ocr_carea' id='block_1_72' title="bbox 2002 2849 3650 2934">
    <p class='ocr_par' dir='ltr' id='par_1_72' title="bbox 2002 2849 3650 2934">
     <span class='ocr_line' id='line_1_72' title="bbox 2002 2849 3650 2934; baseline -0.001 -22"><span class='ocrx_word' id='word_1_490' title='bbox 2002 2871 2131 2914; x_wconf 91' lang='lat' dir='ltr'><strong>sum</strong></span> <span class='ocrx_word' id='word_1_491' title='bbox 2161 2861 2424 2934; x_wconf 89' lang='lat' dir='ltr'><strong>paratus,</strong></span> <span class='ocrx_word' id='word_1_492' title='bbox 2452 2858 2509 2912; x_wconf 88' lang='lat' dir='ltr'><strong>et</strong></span> <span class='ocrx_word' id='word_1_493' title='bbox 2540 2850 2683 2910; x_wconf 91' lang='lat' dir='ltr'><strong>mihi</strong></span> <span class='ocrx_word' id='word_1_494' title='bbox 2713 2849 2909 2930; x_wconf 74' lang='lat' dir='ltr'><strong>gliscit</strong></span> <span class='ocrx_word' id='word_1_495' title='bbox 2929 2850 3166 2912; x_wconf 88' lang='lat' dir='ltr'><strong>animus</strong></span> <span class='ocrx_word' id='word_1_496' title='bbox 3194 2850 3481 2929; x_wconf 81' lang='lat' dir='ltr'><strong>congredi</strong></span> <span class='ocrx_word' id='word_1_497' title='bbox 3513 2867 3650 2912; x_wconf 89' lang='lat' dir='ltr'><strong>cum</strong></span> 
     </span>
    </p>
   </div>
   <div class='ocr_carea' id='block_1_73' title="bbox 2000 2937 3659 3022">
    <p class='ocr_par' dir='ltr' id='par_1_73' title="bbox 2000 2937 3659 3022">
     <span class='ocr_line' id='line_1_73' title="bbox 2000 2937 3659 3022; baseline -0.002 -18"><span class='ocrx_word' id='word_1_498' title='bbox 2000 2942 2190 3022; x_wconf 71' lang='lat' dir='ltr'><strong>Lyaeo,</strong></span> <span class='ocrx_word' id='word_1_499' title='bbox 2227 2941 2276 3002; x_wconf 90' lang='lat' dir='ltr'><strong>si</strong></span> <span class='ocrx_word' id='word_1_500' title='bbox 2331 2958 2426 3001; x_wconf 90' lang='lat' dir='ltr'><strong>me</strong></span> <span class='ocrx_word' id='word_1_501' title='bbox 2458 2939 2652 3001; x_wconf 91' lang='lat' dir='ltr'><strong>solum</strong></span> <span class='ocrx_word' id='word_1_502' title='bbox 2712 2937 3046 3002; x_wconf 89' lang='lat' dir='ltr'><strong>armaveris</strong></span> <span class='ocrx_word' id='word_1_503' title='bbox 3088 2939 3393 3021; x_wconf 86' lang='lat' dir='ltr'><strong>precibus,</strong></span> <span class='ocrx_word' id='word_1_504' title='bbox 3430 2955 3659 3022; x_wconf 88' lang='lat' dir='ltr'><strong>perque</strong></span> 
     </span>
    </p>
   </div>
   <div class='ocr_carea' id='block_1_74' title="bbox 2003 3027 3525 3109">
    <p class='ocr_par' dir='ltr' id='par_1_74' title="bbox 2003 3027 3525 3109">
     <span class='ocr_line' id='line_1_74' title="bbox 2003 3027 3525 3109; baseline 0 -16"><span class='ocrx_word' id='word_1_505' title='bbox 2003 3049 2104 3093; x_wconf 89' lang='lat' dir='ltr'><strong>eas</strong></span> <span class='ocrx_word' id='word_1_506' title='bbox 2135 3029 2391 3094; x_wconf 88' lang='lat' dir='ltr'><strong>validam</strong></span> <span class='ocrx_word' id='word_1_507' title='bbox 2425 3046 2666 3090; x_wconf 90' lang='lat' dir='ltr'><strong>manum</strong></span> <span class='ocrx_word' id='word_1_508' title='bbox 2696 3028 3135 3092; x_wconf 83' lang='lat' dir='ltr'><strong>auxiliatricem</strong></span> <span class='ocrx_word' id='word_1_509' title='bbox 3168 3027 3525 3109; x_wconf 81' lang='lat' dir='ltr'><strong>praebueris.</strong></span> 
     </span>
    </p>
   </div>
   <div class='ocr_carea' id='block_1_75' title="bbox 2092 3205 3661 3287">
    <p class='ocr_par' dir='ltr' id='par_1_75' title="bbox 2092 3205 3661 3287">
     <span class='ocr_line' id='line_1_75' title="bbox 2092 3205 3661 3287; baseline 0.001 -18"><span class='ocrx_word' id='word_1_510' title='bbox 2092 3208 2186 3269; x_wconf 80' lang='grc'><strong>14.</strong></span> <span class='ocrx_word' id='word_1_511' title='bbox 2224 3206 2381 3281; x_wconf 89' lang='lat' dir='ltr'><strong>Quid</strong></span> <span class='ocrx_word' id='word_1_512' title='bbox 2414 3226 2552 3287; x_wconf 83' lang='lat' dir='ltr'><strong>ergo</strong></span> <span class='ocrx_word' id='word_1_513' title='bbox 2579 3206 2814 3269; x_wconf 87' lang='lat' dir='ltr'><strong>divinus</strong></span> <span class='ocrx_word' id='word_1_514' title='bbox 2842 3205 3184 3269; x_wconf 90' lang='lat' dir='ltr'><strong>Demetrius</strong></span> <span class='ocrx_word' id='word_1_515' title='bbox 3212 3206 3239 3270; x_wconf 71' lang='grc' dir='ltr'><strong>ζ’</strong></span> <span class='ocrx_word' id='word_1_516' title='bbox 3295 3206 3557 3270; x_wconf 89' lang='lat' dir='ltr'><strong>Perinde</strong></span> <span class='ocrx_word' id='word_1_517' title='bbox 3586 3224 3661 3271; x_wconf 89' lang='lat' dir='ltr'><strong>ac</strong></span> 
     </span>
    </p>
   </div>
   <div class='ocr_carea' id='block_1_76' title="bbox 2006 3296 3662 3378">
    <p class='ocr_par' dir='ltr' id='par_1_76' title="bbox 2006 3296 3662 3378">
     <span class='ocr_line' id='line_1_76' title="bbox 2006 3296 3662 3378; baseline 0.001 -19"><span class='ocrx_word' id='word_1_518' title='bbox 2006 3296 2056 3359; x_wconf 90' lang='lat' dir='ltr'><strong>si</strong></span> <span class='ocrx_word' id='word_1_519' title='bbox 2087 3297 2219 3378; x_wconf 91' lang='lat' dir='ltr'><strong>ipse</strong></span> <span class='ocrx_word' id='word_1_520' title='bbox 2249 3306 2537 3376; x_wconf 82' lang='lat' dir='ltr'><strong>rogasset,</strong></span> <span class='ocrx_word' id='word_1_521' title='bbox 2571 3315 2690 3360; x_wconf 88' lang='lat' dir='ltr'><strong>non</strong></span> <span class='ocrx_word' id='word_1_522' title='bbox 2722 3306 2921 3359; x_wconf 89' lang='lat' dir='ltr'><strong>autem</strong></span> <span class='ocrx_word' id='word_1_523' title='bbox 2949 3296 3160 3359; x_wconf 86' lang='lat' dir='ltr'><strong>fuisset</strong></span> <span class='ocrx_word' id='word_1_524' title='bbox 3188 3306 3452 3377; x_wconf 78' lang='lat' dir='ltr'><strong>rogatus,</strong></span> <span class='ocrx_word' id='word_1_525' title='bbox 3487 3315 3662 3360; x_wconf 80' lang='lat' dir='ltr'><strong>exse-</strong></span> 
     </span>
    </p>
   </div>
   <div class='ocr_carea' id='block_1_77' title="bbox 2008 3387 3666 3470">
    <p class='ocr_par' dir='ltr' id='par_1_77' title="bbox 2008 3387 3666 3470">
     <span class='ocr_line' id='line_1_77' title="bbox 2008 3387 3666 3470; baseline 0.001 -20"><span class='ocrx_word' id='word_1_526' title='bbox 2008 3389 2246 3469; x_wconf 89' lang='lat' dir='ltr'><strong>quendo</strong></span> <span class='ocrx_word' id='word_1_527' title='bbox 2280 3387 2717 3470; x_wconf 88' lang='lat' dir='ltr'><strong>propemodum</strong></span> <span class='ocrx_word' id='word_1_528' title='bbox 2747 3387 3031 3469; x_wconf 64' lang='lat' dir='ltr'><strong>praevenit</strong></span> <span class='ocrx_word' id='word_1_529' title='bbox 3060 3387 3406 3466; x_wconf 86' lang='lat' dir='ltr'><strong>petitionem</strong></span> <span class='ocrx_word' id='word_1_530' title='bbox 3440 3406 3455 3452; x_wconf 76' lang='grc' dir='ltr'><strong>ε</strong></span> <span class='ocrx_word' id='word_1_531' title='bbox 3518 3398 3577 3450; x_wconf 89' lang='lat' dir='ltr'><strong>et</strong></span> <span class='ocrx_word' id='word_1_532' title='bbox 3611 3398 3666 3460; x_wconf 86' lang='lat' dir='ltr'><strong>ei</strong></span> 
     </span>
    </p>
   </div>
   <div class='ocr_carea' id='block_1_78' title="bbox 2007 3470 3661 3558">
    <p class='ocr_par' dir='ltr' id='par_1_78' title="bbox 2007 3470 3661 3558">
     <span class='ocr_line' id='line_1_78' title="bbox 2007 3470 3661 3558; baseline 0.001 -21"><span class='ocrx_word' id='word_1_533' title='bbox 2007 3470 2290 3540; x_wconf 70' lang='lat' dir='ltr'><strong>velo&#39;citer</strong></span> <span class='ocrx_word' id='word_1_534' title='bbox 2322 3477 2602 3558; x_wconf 91' lang='lat' dir='ltr'><strong>imposito</strong></span> <span class='ocrx_word' id='word_1_535' title='bbox 2621 3476 2843 3539; x_wconf 89' lang='lat' dir='ltr'><strong>Christi</strong></span> <span class='ocrx_word' id='word_1_536' title='bbox 2871 3477 3176 3557; x_wconf 85' lang='lat' dir='ltr'><strong>signaculo</strong></span> <span class='ocrx_word' id='word_1_537' title='bbox 3204 3485 3319 3539; x_wconf 90' lang='lat' dir='ltr'><strong>tam</strong></span> <span class='ocrx_word' id='word_1_538' title='bbox 3345 3478 3407 3539; x_wconf 92' lang='lat' dir='ltr'><strong>in</strong></span> <span class='ocrx_word' id='word_1_539' title='bbox 3440 3476 3661 3556; x_wconf 89' lang='lat' dir='ltr'><strong>fronte,</strong></span> 
     </span>
    </p>
   </div>
   <div class='ocr_carea' id='block_1_79' title="bbox 2002 3566 3663 3650">
    <p class='ocr_par' dir='ltr' id='par_1_79' title="bbox 2002 3566 3663 3650">
     <span class='ocr_line' id='line_1_79' title="bbox 2002 3566 3663 3650; baseline 0.001 -22"><span class='ocrx_word' id='word_1_540' title='bbox 2002 3586 2185 3648; x_wconf 88' lang='lat' dir='ltr'><strong>quam</strong></span> <span class='ocrx_word' id='word_1_541' title='bbox 2222 3567 2283 3629; x_wconf 91' lang='lat' dir='ltr'><strong>in</strong></span> <span class='ocrx_word' id='word_1_542' title='bbox 2318 3571 2528 3648; x_wconf 90' lang='lat' dir='ltr'><strong>corde,</strong></span> <span class='ocrx_word' id='word_1_543' title='bbox 2562 3586 2699 3631; x_wconf 90' lang='lat' dir='ltr'><strong>eum</strong></span> <span class='ocrx_word' id='word_1_544' title='bbox 2735 3568 3003 3650; x_wconf 90' lang='lat' dir='ltr'><strong>dimittit,</strong></span> <span class='ocrx_word' id='word_1_545' title='bbox 3033 3567 3240 3630; x_wconf 87' lang='lat' dir='ltr'><strong>dicens</strong></span> <span class='ocrx_word' id='word_1_546' title='bbox 3273 3585 3287 3629; x_wconf 91' lang='lat'>:</span> <span class='ocrx_word' id='word_1_547' title='bbox 3321 3570 3395 3631; x_wconf 93' lang='lat' dir='ltr'><strong>Et</strong></span> <span class='ocrx_word' id='word_1_548' title='bbox 3426 3566 3663 3648; x_wconf 71' lang='lat' dir='ltr'><strong>Lymum</strong></span> 
     </span>
    </p>
   </div>
   <div class='ocr_carea' id='block_1_80' title="bbox 2010 3656 3665 3739">
    <p class='ocr_par' dir='ltr' id='par_1_80' title="bbox 2010 3656 3665 3739">
     <span class='ocr_line' id='line_1_80' title="bbox 2010 3656 3665 3739; baseline 0 -22"><span class='ocrx_word' id='word_1_549' title='bbox 2010 3658 2237 3738; x_wconf 84' lang='lat' dir='ltr'><strong>vinces,</strong></span> <span class='ocrx_word' id='word_1_550' title='bbox 2275 3666 2333 3719; x_wconf 88' lang='lat' dir='ltr'><strong>et</strong></span> <span class='ocrx_word' id='word_1_551' title='bbox 2362 3658 2483 3720; x_wconf 90' lang='lat' dir='ltr'><strong>eris</strong></span> <span class='ocrx_word' id='word_1_552' title='bbox 2514 3666 2733 3737; x_wconf 88' lang='lat' dir='ltr'><strong>martyr</strong></span> <span class='ocrx_word' id='word_1_553' title='bbox 2764 3656 2983 3719; x_wconf 87' lang='lat' dir='ltr'><strong>Christi</strong></span> <span class='ocrx_word' id='word_1_554' title='bbox 3016 3658 3168 3738; x_wconf 87' lang='grc'><strong>(13).</strong></span> <span class='ocrx_word' id='word_1_555' title='bbox 3204 3656 3373 3729; x_wconf 88' lang='lat' dir='ltr'><strong>Quod</strong></span> <span class='ocrx_word' id='word_1_556' title='bbox 3419 3656 3665 3739; x_wconf 86' lang='lat' dir='ltr'><strong>quidem</strong></span> 
     </span>
    </p>
   </div>
   <div class='ocr_carea' id='block_1_81' title="bbox 2012 3746 3669 3828">
    <p class='ocr_par' dir='ltr' id='par_1_81' title="bbox 2012 3746 3669 3828">
     <span class='ocr_line' id='line_1_81' title="bbox 2012 3746 3669 3828; baseline 0 -20"><span class='ocrx_word' id='word_1_557' title='bbox 2012 3748 2264 3828; x_wconf 88' lang='lat' dir='ltr'><strong>perinde</strong></span> <span class='ocrx_word' id='word_1_558' title='bbox 2326 3757 2438 3823; x_wconf 90' lang='lat' dir='ltr'><strong>est,</strong></span> <span class='ocrx_word' id='word_1_559' title='bbox 2473 3766 2542 3809; x_wconf 90' lang='lat' dir='ltr'><strong>ac</strong></span> <span class='ocrx_word' id='word_1_560' title='bbox 2572 3748 2624 3809; x_wconf 90' lang='lat' dir='ltr'><strong>si</strong></span> <span class='ocrx_word' id='word_1_561' title='bbox 2669 3747 2874 3809; x_wconf 86' lang='lat' dir='ltr'><strong>dicas:</strong></span> <span class='ocrx_word' id='word_1_562' title='bbox 2935 3746 3007 3807; x_wconf 91' lang='lat' dir='ltr'><strong>Et</strong></span> <span class='ocrx_word' id='word_1_563' title='bbox 3038 3746 3419 3809; x_wconf 87' lang='lat' dir='ltr'><strong>manifestum</strong></span> <span class='ocrx_word' id='word_1_564' title='bbox 3465 3746 3669 3808; x_wconf 86' lang='lat' dir='ltr'><strong>vinces</strong></span> 
     </span>
    </p>
   </div>
   <div class='ocr_carea' id='block_1_82' title="bbox 2013 3834 3664 3917">
    <p class='ocr_par' dir='ltr' id='par_1_82' title="bbox 2013 3834 3664 3917">
     <span class='ocr_line' id='line_1_82' title="bbox 2013 3834 3664 3917; baseline 0.001 -21"><span class='ocrx_word' id='word_1_565' title='bbox 2013 3836 2447 3917; x_wconf 88' lang='lat' dir='ltr'><strong>adversarium,</strong></span> <span class='ocrx_word' id='word_1_566' title='bbox 2497 3843 2554 3898; x_wconf 92' lang='lat' dir='ltr'><strong>et</strong></span> <span class='ocrx_word' id='word_1_567' title='bbox 2615 3855 2777 3913; x_wconf 87' lang='lat' dir='ltr'><strong>eum,</strong></span> <span class='ocrx_word' id='word_1_568' title='bbox 2812 3835 2919 3914; x_wconf 90' lang='lat' dir='ltr'><strong>qui</strong></span> <span class='ocrx_word' id='word_1_569' title='bbox 2976 3853 3096 3898; x_wconf 82' lang='lat' dir='ltr'><strong>non</strong></span> <span class='ocrx_word' id='word_1_570' title='bbox 3141 3842 3229 3898; x_wconf 87' lang='lat' dir='ltr'><strong>est</strong></span> <span class='ocrx_word' id='word_1_571' title='bbox 3287 3834 3664 3898; x_wconf 90' lang='lat' dir='ltr'><strong>manifestus.</strong></span> 
     </span>
    </p>
   </div>
   <div class='ocr_carea' id='block_1_83' title="bbox 2015 3923 3666 4005">
    <p class='ocr_par' dir='ltr' id='par_1_83' title="bbox 2015 3923 3666 4005">
     <span class='ocr_line' id='line_1_83' title="bbox 2015 3923 3666 4005; baseline -0.002 -17"><span class='ocrx_word' id='word_1_572' title='bbox 2015 3926 2112 3989; x_wconf 91' lang='lat' dir='ltr'><strong>Sic</strong></span> <span class='ocrx_word' id='word_1_573' title='bbox 2171 3928 2302 4005; x_wconf 86' lang='lat' dir='ltr'><strong>ejus</strong></span> <span class='ocrx_word' id='word_1_574' title='bbox 2358 3926 2556 3988; x_wconf 90' lang='lat' dir='ltr'><strong>animo</strong></span> <span class='ocrx_word' id='word_1_575' title='bbox 2616 3944 2736 3986; x_wconf 90' lang='lat' dir='ltr'><strong>non</strong></span> <span class='ocrx_word' id='word_1_576' title='bbox 2781 3924 2974 3987; x_wconf 92' lang='lat' dir='ltr'><strong>solum</strong></span> <span class='ocrx_word' id='word_1_577' title='bbox 3021 3923 3274 3987; x_wconf 91' lang='lat' dir='ltr'><strong>immisit</strong></span> <span class='ocrx_word' id='word_1_578' title='bbox 3327 3924 3666 4002; x_wconf 82' lang='lat' dir='ltr'><strong>audaciam,</strong></span> 
     </span>
    </p>
   </div>
   <div class='ocr_carea' id='block_1_84' title="bbox 2014 4013 3669 4095">
    <p class='ocr_par' dir='ltr' id='par_1_84' title="bbox 2014 4013 3669 4095">
     <span class='ocr_line' id='line_1_84' title="bbox 2014 4013 3669 4095; baseline 0.001 -18"><span class='ocrx_word' id='word_1_579' title='bbox 2014 4015 2123 4077; x_wconf 89' lang='lat' dir='ltr'><strong>sed</strong></span> <span class='ocrx_word' id='word_1_580' title='bbox 2194 4020 2374 4077; x_wconf 90' lang='lat' dir='ltr'><strong>etiam</strong></span> <span class='ocrx_word' id='word_1_581' title='bbox 2436 4015 2512 4076; x_wconf 92' lang='lat' dir='ltr'><strong>de</strong></span> <span class='ocrx_word' id='word_1_582' title='bbox 2586 4014 2785 4077; x_wconf 88' lang='lat' dir='ltr'><strong>futuro</strong></span> <span class='ocrx_word' id='word_1_583' title='bbox 2846 4013 3257 4095; x_wconf 83' lang='lat' dir='ltr'><strong>pronuntiavit</strong></span> <span class='ocrx_word' id='word_1_584' title='bbox 3304 4014 3669 4078; x_wconf 88' lang='lat' dir='ltr'><strong>certissime.</strong></span> 
     </span>
    </p>
   </div>
   <div class='ocr_carea' id='block_1_85' title="bbox 2016 4102 3673 4185">
    <p class='ocr_par' dir='ltr' id='par_1_85' title="bbox 2016 4102 3673 4185">
     <span class='ocr_line' id='line_1_85' title="bbox 2016 4102 3673 4185; baseline -0.001 -18"><span class='ocrx_word' id='word_1_585' title='bbox 2016 4103 2223 4167; x_wconf 90' lang='lat' dir='ltr'><strong>Statim</strong></span> <span class='ocrx_word' id='word_1_586' title='bbox 2257 4122 2397 4183; x_wconf 82' lang='lat' dir='ltr'><strong>ergo</strong></span> <span class='ocrx_word' id='word_1_587' title='bbox 2439 4102 2654 4167; x_wconf 88' lang='lat' dir='ltr'><strong>Nestor</strong></span> <span class='ocrx_word' id='word_1_588' title='bbox 2683 4104 2933 4167; x_wconf 90' lang='lat' dir='ltr'><strong>veniens</strong></span> <span class='ocrx_word' id='word_1_589' title='bbox 2981 4104 3041 4165; x_wconf 90' lang='lat' dir='ltr'><strong>in</strong></span> <span class='ocrx_word' id='word_1_590' title='bbox 3074 4103 3359 4182; x_wconf 89' lang='lat' dir='ltr'><strong>stadium,</strong></span> <span class='ocrx_word' id='word_1_591' title='bbox 3395 4122 3529 4167; x_wconf 89' lang='lat' dir='ltr'><strong>cum</strong></span> <span class='ocrx_word' id='word_1_592' title='bbox 3562 4122 3673 4185; x_wconf 89' lang='lat' dir='ltr'><strong>per</strong></span> 
     </span>
    </p>
   </div>
   <div class='ocr_carea' id='block_1_86' title="bbox 2013 4193 3675 4275">
    <p class='ocr_par' dir='ltr' id='par_1_86' title="bbox 2013 4193 3675 4275">
     <span class='ocr_line' id='line_1_86' title="bbox 2013 4193 3675 4275; baseline -0.001 -19"><span class='ocrx_word' id='word_1_593' title='bbox 2013 4195 2232 4274; x_wconf 82' lang='lat' dir='ltr'><strong>gradus</strong></span> <span class='ocrx_word' id='word_1_594' title='bbox 2286 4194 2633 4270; x_wconf 87' lang='lat' dir='ltr'><strong>desiliisset,</strong></span> <span class='ocrx_word' id='word_1_595' title='bbox 2670 4202 2730 4256; x_wconf 92' lang='lat' dir='ltr'><strong>et</strong></span> <span class='ocrx_word' id='word_1_596' title='bbox 2759 4194 3008 4275; x_wconf 88' lang='lat' dir='ltr'><strong>deponit</strong></span> <span class='ocrx_word' id='word_1_597' title='bbox 3064 4194 3352 4272; x_wconf 89' lang='lat' dir='ltr'><strong>tunicam,</strong></span> <span class='ocrx_word' id='word_1_598' title='bbox 3386 4201 3447 4256; x_wconf 90' lang='lat' dir='ltr'><strong>et</strong></span> <span class='ocrx_word' id='word_1_599' title='bbox 3485 4193 3675 4256; x_wconf 85' lang='lat' dir='ltr'><strong>assis-</strong></span> 
     </span>
    </p>
   </div>
   <div class='ocr_carea' id='block_1_87' title="bbox 2012 4282 3675 4367">
    <p class='ocr_par' dir='ltr' id='par_1_87' title="bbox 2012 4282 3675 4367">
     <span class='ocr_line' id='line_1_87' title="bbox 2012 4282 3675 4367; baseline -0.001 -21"><span class='ocrx_word' id='word_1_600' title='bbox 2012 4292 2146 4347; x_wconf 85' lang='lat' dir='ltr'><strong>tens</strong></span> <span class='ocrx_word' id='word_1_601' title='bbox 2204 4283 2471 4367; x_wconf 88' lang='lat' dir='ltr'><strong>seipsum</strong></span> <span class='ocrx_word' id='word_1_602' title='bbox 2538 4284 2796 4346; x_wconf 91' lang='lat' dir='ltr'><strong>ostendit</strong></span> <span class='ocrx_word' id='word_1_603' title='bbox 2850 4284 3221 4364; x_wconf 91' lang='lat' dir='ltr'><strong>imperatori.</strong></span> <span class='ocrx_word' id='word_1_604' title='bbox 3282 4282 3675 4346; x_wconf 84' lang='lat' dir='ltr'><strong>Maximianus</strong></span> 
     </span>
    </p>
   </div>
   <div class='ocr_carea' id='block_1_88' title="bbox 264 4370 1918 4456">
    <p class='ocr_par' dir='ltr' id='par_1_88' title="bbox 264 4370 1918 4455">
     <span class='ocr_line' id='line_1_88' title="bbox 264 4370 1918 4455; baseline -0.004 -18"><span class='ocrx_word' id='word_1_605' title='bbox 264 4377 485 4455; x_wconf 79' lang='grc' dir='ltr'>τόλμαν</span> <span class='ocrx_word' id='word_1_606' title='bbox 527 4377 734 4446; x_wconf 68' lang='grc' dir='ltr'>ἐκείνην</span> <span class='ocrx_word' id='word_1_607' title='bbox 764 4382 856 4433; x_wconf 77' lang='grc' dir='ltr'>τοῦ</span> <span class='ocrx_word' id='word_1_608' title='bbox 898 4374 1172 4432; x_wconf 85' lang='grc' dir='ltr'>νεανίσκου</span> <span class='ocrx_word' id='word_1_609' title='bbox 1231 4371 1617 4453; x_wconf 81' lang='grc' dir='ltr'>καταπλαγεὶς,</span> <span class='ocrx_word' id='word_1_610' title='bbox 1653 4374 1741 4431; x_wconf 86' lang='grc' dir='ltr'><strong>καὶ</strong></span> <span class='ocrx_word' id='word_1_611' title='bbox 1798 4370 1918 4430; x_wconf 76' lang='grc' dir='ltr'>ἄλλ(</span> 
     </span>
    </p>
   </div>
   <div class='ocr_carea' id='block_1_89' title="bbox 2006 4370 3677 4456">
    <p class='ocr_par' dir='ltr' id='par_1_89' title="bbox 2015 4372 3677 4456">
     <span class='ocr_line' id='line_1_89' title="bbox 2015 4372 3677 4456; baseline -0.002 -19"><span class='ocrx_word' id='word_1_612' title='bbox 2015 4383 2214 4438; x_wconf 86' lang='lat' dir='ltr'><strong>autem</strong></span> <span class='ocrx_word' id='word_1_613' title='bbox 2250 4373 2696 4456; x_wconf 81' lang='lat' dir='ltr'><strong>obstupefactus</strong></span> <span class='ocrx_word' id='word_1_614' title='bbox 2726 4373 2831 4435; x_wconf 88' lang='lat' dir='ltr'><strong>illa</strong></span> <span class='ocrx_word' id='word_1_615' title='bbox 2866 4374 3114 4437; x_wconf 89' lang='lat' dir='ltr'><strong>audacia</strong></span> <span class='ocrx_word' id='word_1_616' title='bbox 3157 4372 3581 4455; x_wconf 86' lang='lat' dir='ltr'><strong>adolescentis,</strong></span> <span class='ocrx_word' id='word_1_617' title='bbox 3615 4380 3677 4435; x_wconf 90' lang='lat' dir='ltr'><strong>et</strong></span> 
     </span>
    </p>
   </div>
   <div class='ocr_carea' id='block_1_90' title="bbox 269 4460 1918 4547">
    <p class='ocr_par' dir='ltr' id='par_1_90' title="bbox 269 4460 1918 4545">
     <span class='ocr_line' id='line_1_90' title="bbox 269 4460 1918 4545; baseline -0.004 -18"><span class='ocrx_word' id='word_1_618' title='bbox 269 4492 329 4527; x_wconf 85' lang='grc' dir='ltr'><strong>τι</strong></span> <span class='ocrx_word' id='word_1_619' title='bbox 380 4468 525 4525; x_wconf 83' lang='grc' dir='ltr'>εἶναι</span> <span class='ocrx_word' id='word_1_620' title='bbox 554 4462 836 4525; x_wconf 77' lang='grc' dir='ltr'>ὑπολαϐὼν</span> <span class='ocrx_word' id='word_1_621' title='bbox 891 4464 928 4534; x_wconf 70' lang='grc' dir='ltr'><strong>ἢ</strong></span> <span class='ocrx_word' id='word_1_622' title='bbox 958 4462 1166 4545; x_wconf 78' lang='grc' dir='ltr'>ἀνδρίας</span> <span class='ocrx_word' id='word_1_623' title='bbox 1224 4460 1468 4529; x_wconf 78' lang='grc' dir='ltr'>ἐπίδειξιν</span> <span class='ocrx_word' id='word_1_624' title='bbox 1500 4463 1561 4520; x_wconf 79' lang='grc' dir='ltr'>τὸ</span> <span class='ocrx_word' id='word_1_625' title='bbox 1621 4462 1918 4541; x_wconf 65' lang='grc' dir='ltr'>γινόμενον,</span> 
     </span>
    </p>
   </div>
   <div class='ocr_carea' id='block_1_91' title="bbox 2006 4460 3676 4547">
    <p class='ocr_par' dir='ltr' id='par_1_91' title="bbox 2018 4463 3676 4547">
     <span class='ocr_line' id='line_1_91' title="bbox 2018 4463 3676 4547; baseline -0.001 -20"><span class='ocrx_word' id='word_1_626' title='bbox 2018 4483 2154 4527; x_wconf 89' lang='lat' dir='ltr'><strong>esse</strong></span> <span class='ocrx_word' id='word_1_627' title='bbox 2185 4465 2411 4547; x_wconf 89' lang='lat' dir='ltr'><strong>aliquid</strong></span> <span class='ocrx_word' id='word_1_628' title='bbox 2444 4464 2605 4527; x_wconf 90' lang='lat' dir='ltr'><strong>aliud</strong></span> <span class='ocrx_word' id='word_1_629' title='bbox 2666 4463 2946 4545; x_wconf 86' lang='lat' dir='ltr'><strong>opinatus</strong></span> <span class='ocrx_word' id='word_1_630' title='bbox 2974 4482 3152 4545; x_wconf 90' lang='lat' dir='ltr'><strong>quam</strong></span> <span class='ocrx_word' id='word_1_631' title='bbox 3215 4463 3676 4526; x_wconf 88' lang='lat' dir='ltr'><strong>ostentationem</strong></span> 
     </span>
    </p>
   </div>
   <div class='ocr_carea' id='block_1_92' title="bbox 269 4551 1918 4639">
    <p class='ocr_par' dir='ltr' id='par_1_92' title="bbox 269 4552 1918 4639">
     <span class='ocr_line' id='line_1_92' title="bbox 269 4552 1918 4639; baseline -0.005 -22"><span class='ocrx_word' id='word_1_632' title='bbox 269 4557 544 4639; x_wconf 65' lang='grc' dir='ltr'>ἐγγυτέρω</span> <span class='ocrx_word' id='word_1_633' title='bbox 616 4555 949 4638; x_wconf 74' lang='grc' dir='ltr'>παραστῆναι</span> <span class='ocrx_word' id='word_1_634' title='bbox 1018 4553 1264 4635; x_wconf 83' lang='grc' dir='ltr'>κελεύει,</span> <span class='ocrx_word' id='word_1_635' title='bbox 1327 4554 1462 4629; x_wconf 74' lang='grc' dir='ltr'><strong>καί,</strong></span> <span class='ocrx_word' id='word_1_636' title='bbox 1521 4552 1598 4608; x_wconf 57' lang='grc' dir='ltr'><strong>*Ω</strong></span> <span class='ocrx_word' id='word_1_637' title='bbox 1669 4556 1918 4623; x_wconf 56' lang='grc' dir='ltr'>νεανίσκε,</span> 
     </span>
    </p>
   </div>
   <div class='ocr_carea' id='block_1_93' title="bbox 2006 4551 3680 4639">
    <p class='ocr_par' dir='ltr' id='par_1_93' title="bbox 2019 4551 3680 4636">
     <span class='ocr_line' id='line_1_93' title="bbox 2019 4551 3680 4636; baseline -0.001 -20"><span class='ocrx_word' id='word_1_638' title='bbox 2019 4555 2280 4636; x_wconf 87' lang='lat' dir='ltr'><strong>virtutis,</strong></span> <span class='ocrx_word' id='word_1_639' title='bbox 2306 4553 2483 4636; x_wconf 80' lang='lat' dir='ltr'><strong>jubet</strong></span> <span class='ocrx_word' id='word_1_640' title='bbox 2539 4573 2674 4618; x_wconf 88' lang='lat' dir='ltr'><strong>eum</strong></span> <span class='ocrx_word' id='word_1_641' title='bbox 2728 4553 2857 4616; x_wconf 91' lang='lat' dir='ltr'><strong>sisti</strong></span> <span class='ocrx_word' id='word_1_642' title='bbox 2905 4554 3169 4636; x_wconf 89' lang='lat' dir='ltr'><strong>propius,</strong></span> <span class='ocrx_word' id='word_1_643' title='bbox 3205 4563 3302 4618; x_wconf 90' lang='lat' dir='ltr'><strong>et:</strong></span> <span class='ocrx_word' id='word_1_644' title='bbox 3340 4551 3387 4616; x_wconf 93' lang='grc'>0</span> <span class='ocrx_word' id='word_1_645' title='bbox 3445 4553 3680 4617; x_wconf 85' lang='lat' dir='ltr'><strong>adoles-</strong></span> 
     </span>
    </p>
   </div>
   <div class='ocr_carea' id='block_1_94' title="bbox 270 4638 1918 4728">
    <p class='ocr_par' dir='ltr' id='par_1_94' title="bbox 270 4638 1918 4728">
     <span class='ocr_line' id='line_1_94' title="bbox 270 4638 1918 4728; baseline -0.006 -21"><span class='ocrx_word' id='word_1_646' title='bbox 270 4638 655 4726; x_wconf 85' lang='grc' dir='ltr'>συμϐουλεύων</span> <span class='ocrx_word' id='word_1_647' title='bbox 711 4647 896 4728; x_wconf 75' lang='grc' dir='ltr'>φησὶν,</span> <span class='ocrx_word' id='word_1_648' title='bbox 959 4641 1066 4702; x_wconf 77' lang='grc' dir='ltr'>οἶδ’</span> <span class='ocrx_word' id='word_1_649' title='bbox 1127 4641 1209 4700; x_wconf 76' lang='grc' dir='ltr'><strong>ὅτι</strong></span> <span class='ocrx_word' id='word_1_650' title='bbox 1282 4640 1583 4724; x_wconf 59' lang='grc' dir='ltr'>χρημάτων</span> <span class='ocrx_word' id='word_1_651' title='bbox 1639 4640 1812 4701; x_wconf 71' lang='grc' dir='ltr'>ἔνδεια</span> <span class='ocrx_word' id='word_1_652' title='bbox 1865 4644 1918 4698; x_wconf 77' lang='grc' dir='ltr'><strong>εἷ‹</strong></span> 
     </span>
    </p>
   </div>
   <div class='ocr_carea' id='block_1_95' title="bbox 2006 4638 3681 4728">
    <p class='ocr_par' dir='ltr' id='par_1_95' title="bbox 2026 4644 3681 4727">
     <span class='ocr_line' id='line_1_95' title="bbox 2026 4644 3681 4727; baseline -0.001 -21"><span class='ocrx_word' id='word_1_653' title='bbox 2026 4662 2190 4721; x_wconf 91' lang='lat' dir='ltr'><strong>cens,</strong></span> <span class='ocrx_word' id='word_1_654' title='bbox 2251 4645 2465 4726; x_wconf 85' lang='lat' dir='ltr'><strong>inquit,</strong></span> <span class='ocrx_word' id='word_1_655' title='bbox 2498 4645 2553 4707; x_wconf 90' lang='lat' dir='ltr'><strong>ei</strong></span> <span class='ocrx_word' id='word_1_656' title='bbox 2600 4644 2943 4719; x_wconf 89' lang='lat' dir='ltr'><strong>consulens,</strong></span> <span class='ocrx_word' id='word_1_657' title='bbox 2996 4644 3146 4725; x_wconf 90' lang='lat' dir='ltr'><strong>scio,</strong></span> <span class='ocrx_word' id='word_1_658' title='bbox 3198 4644 3358 4727; x_wconf 80' lang='lat' dir='ltr'><strong>quod</strong></span> <span class='ocrx_word' id='word_1_659' title='bbox 3410 4644 3681 4725; x_wconf 70' lang='lat' dir='ltr'><strong>pecuniae</strong></span> 
     </span>
    </p>
   </div>
   <div class='ocr_carea' id='block_1_96' title="bbox 265 4732 1918 4817">
    <p class='ocr_par' dir='ltr' id='par_1_96' title="bbox 265 4732 1918 4814">
     <span class='ocr_line' id='line_1_96' title="bbox 265 4732 1918 4814; baseline -0.005 -17"><span class='ocrx_word' id='word_1_660' title='bbox 265 4737 436 4799; x_wconf 77' lang='grc' dir='ltr'><strong>τοῦτό</strong></span> <span class='ocrx_word' id='word_1_661' title='bbox 469 4759 528 4795; x_wconf 81' lang='grc' dir='ltr'><strong>σε</strong></span> <span class='ocrx_word' id='word_1_662' title='bbox 577 4734 784 4813; x_wconf 80' lang='grc' dir='ltr'>τόλμης</span> <span class='ocrx_word' id='word_1_663' title='bbox 843 4735 1146 4814; x_wconf 78' lang='grc' dir='ltr'>ἠνάγκασεν</span> <span class='ocrx_word' id='word_1_664' title='bbox 1205 4732 1520 4812; x_wconf 78' lang='grc' dir='ltr'>ἐπαρθῆναι,</span> <span class='ocrx_word' id='word_1_665' title='bbox 1551 4732 1643 4790; x_wconf 58' lang='grc' dir='ltr'>τίνα</span> <span class='ocrx_word' id='word_1_666' title='bbox 1700 4732 1736 4801; x_wconf 76' lang='grc' dir='ltr'>ἢ</span> <span class='ocrx_word' id='word_1_667' title='bbox 1785 4754 1918 4813; x_wconf 88' lang='grc' dir='ltr'>περι-</span> 
     </span>
    </p>
   </div>
   <div class='ocr_carea' id='block_1_97' title="bbox 2006 4732 3681 4817">
    <p class='ocr_par' dir='ltr' id='par_1_97' title="bbox 2026 4732 3681 4817">
     <span class='ocr_line' id='line_1_97' title="bbox 2026 4732 3681 4817; baseline -0.001 -20"><span class='ocrx_word' id='word_1_668' title='bbox 2026 4733 2229 4817; x_wconf 89' lang='lat' dir='ltr'><strong>iuopia</strong></span> <span class='ocrx_word' id='word_1_669' title='bbox 2276 4734 2469 4814; x_wconf 81' lang='lat' dir='ltr'><strong>coegit</strong></span> <span class='ocrx_word' id='word_1_670' title='bbox 2499 4743 2556 4796; x_wconf 93' lang='lat' dir='ltr'><strong>te</strong></span> <span class='ocrx_word' id='word_1_671' title='bbox 2586 4734 2658 4797; x_wconf 90' lang='lat' dir='ltr'><strong>ad</strong></span> <span class='ocrx_word' id='word_1_672' title='bbox 2709 4734 2864 4797; x_wconf 87' lang='lat' dir='ltr'><strong>hanc</strong></span> <span class='ocrx_word' id='word_1_673' title='bbox 2893 4750 3289 4815; x_wconf 88' lang='lat' dir='ltr'><strong>prorumpere</strong></span> <span class='ocrx_word' id='word_1_674' title='bbox 3339 4732 3681 4813; x_wconf 89' lang='lat' dir='ltr'><strong>audaciam,</strong></span> 
     </span>
    </p>
   </div>
   <div class='ocr_carea' id='block_1_98' title="bbox 269 4821 1943 4911">
    <p class='ocr_par' dir='ltr' id='par_1_98' title="bbox 269 4821 1943 4911">
     <span class='ocr_line' id='line_1_98' title="bbox 269 4821 1943 4911; baseline 0.015 -37"><span class='ocrx_word' id='word_1_675' title='bbox 269 4829 569 4911; x_wconf 71' lang='grc' dir='ltr'>γενόμενος</span> <span class='ocrx_word' id='word_1_676' title='bbox 639 4825 871 4884; x_wconf 84' lang='grc' dir='ltr'>πλοῦτον</span> <span class='ocrx_word' id='word_1_677' title='bbox 928 4828 1138 4896; x_wconf 82' lang='grc' dir='ltr'>σεαυτῷ</span> <span class='ocrx_word' id='word_1_678' title='bbox 1233 4823 1432 4911; x_wconf 18' lang='grc' dir='ltr'>ἁθρόον,</span> <span class='ocrx_word' id='word_1_679' title='bbox 1486 4824 1840 4903; x_wconf 62' lang='grc' dir='ltr'>περιποιήσῖὴ</span> <span class='ocrx_word' id='word_1_680' title='bbox 1907 4821 1943 4891; x_wconf 64' lang='grc' dir='ltr'>ἢ</span> 
     </span>
    </p>
   </div>
   <div class='ocr_carea' id='block_1_99' title="bbox 267 4910 1944 5000">
    <p class='ocr_par' dir='ltr' id='par_1_99' title="bbox 267 4910 1944 5000">
     <span class='ocr_line' id='line_1_99' title="bbox 267 4910 1944 5000; baseline -0.004 -23"><span class='ocrx_word' id='word_1_681' title='bbox 267 4919 637 5000; x_wconf 80' lang='grc' dir='ltr'>ἀποστυχὼν,</span> <span class='ocrx_word' id='word_1_682' title='bbox 674 4918 858 4974; x_wconf 88' lang='grc' dir='ltr'>πενίαν</span> <span class='ocrx_word' id='word_1_683' title='bbox 887 4917 960 4980; x_wconf 81' lang='grc' dir='ltr'>ὡς</span> <span class='ocrx_word' id='word_1_684' title='bbox 1019 4915 1216 4996; x_wconf 72' lang='grc' dir='ltr'>ἒχγρὸν</span> <span class='ocrx_word' id='word_1_685' title='bbox 1245 4910 1503 4970; x_wconf 76' lang='grc' dir='ltr'>ἄσπονδον</span> <span class='ocrx_word' id='word_1_686' title='bbox 1556 4912 1693 4988; x_wconf 80' lang='grc' dir='ltr'>μετὰ</span> <span class='ocrx_word' id='word_1_687' title='bbox 1718 4915 1806 4970; x_wconf 81' lang='grc' dir='ltr'>καὶ</span> <span class='ocrx_word' id='word_1_688' title='bbox 1847 4918 1944 4990; x_wconf 75' lang='grc' dir='ltr'><strong>ζῇν</strong></span> 
     </span>
    </p>
   </div>
   <div class='ocr_carea' id='block_1_100' title="bbox 268 5001 1942 5093">
    <p class='ocr_par' dir='ltr' id='par_1_100' title="bbox 268 5001 1942 5093">
     <span class='ocr_line' id='line_1_100' title="bbox 268 5001 1942 5093; baseline -0.004 -28"><span class='ocrx_word' id='word_1_689' title='bbox 268 5009 589 5093; x_wconf 72' lang='grc' dir='ltr'>ἀποφύγῃς.</span> <span class='ocrx_word' id='word_1_690' title='bbox 650 5005 796 5086; x_wconf 77' lang='grc' dir='ltr'><strong>Ἐγὼ</strong></span> <span class='ocrx_word' id='word_1_691' title='bbox 853 5002 908 5062; x_wconf 82' lang='grc' dir='ltr'>δέ</span> <span class='ocrx_word' id='word_1_692' title='bbox 964 5025 1026 5061; x_wconf 75' lang='grc' dir='ltr'><strong>σε</strong></span> <span class='ocrx_word' id='word_1_693' title='bbox 1084 5004 1185 5093; x_wconf 17' lang='grc' dir='ltr'>καὶ,</span> <span class='ocrx_word' id='word_1_694' title='bbox 1224 5002 1324 5072; x_wconf 76' lang='grc' dir='ltr'>τῆς</span> <span class='ocrx_word' id='word_1_695' title='bbox 1377 5001 1589 5093; x_wconf 77' lang='grc' dir='ltr'>ἡλικίας</span> <span class='ocrx_word' id='word_1_696' title='bbox 1618 5046 1635 5073; x_wconf 86' lang='grc'><strong>,</strong></span> <span class='ocrx_word' id='word_1_697' title='bbox 1692 5002 1782 5059; x_wconf 83' lang='grc' dir='ltr'><strong>καὶ</strong></span> <span class='ocrx_word' id='word_1_698' title='bbox 1844 5004 1942 5093; x_wconf 66' lang='grc' dir='ltr'><strong>τῇς</strong></span> 
     </span>
    </p>
   </div>
   <div class='ocr_carea' id='block_1_101' title="bbox 2027 4823 3682 4906">
    <p class='ocr_par' dir='ltr' id='par_1_101' title="bbox 2027 4823 3682 4906">
     <span class='ocr_line' id='line_1_101' title="bbox 2027 4823 3682 4906; baseline -0.001 -19"><span class='ocrx_word' id='word_1_699' title='bbox 2027 4831 2091 4887; x_wconf 89' lang='lat' dir='ltr'><strong>ut</strong></span> <span class='ocrx_word' id='word_1_700' title='bbox 2143 4824 2235 4887; x_wconf 89' lang='lat' dir='ltr'><strong>vel</strong></span> <span class='ocrx_word' id='word_1_701' title='bbox 2294 4825 2344 4886; x_wconf 92' lang='lat' dir='ltr'><strong>si</strong></span> <span class='ocrx_word' id='word_1_702' title='bbox 2404 4824 2642 4901; x_wconf 88' lang='lat' dir='ltr'><strong>viceris,</strong></span> <span class='ocrx_word' id='word_1_703' title='bbox 2677 4824 2897 4885; x_wconf 89' lang='lat' dir='ltr'><strong>multas</strong></span> <span class='ocrx_word' id='word_1_704' title='bbox 2952 4841 3097 4904; x_wconf 90' lang='lat' dir='ltr'><strong>opes</strong></span> <span class='ocrx_word' id='word_1_705' title='bbox 3150 4823 3256 4884; x_wconf 91' lang='lat' dir='ltr'><strong>tibi</strong></span> <span class='ocrx_word' id='word_1_706' title='bbox 3315 4841 3682 4906; x_wconf 86' lang='lat' dir='ltr'><strong>compares;</strong></span> 
     </span>
    </p>
   </div>
   <div class='ocr_carea' id='block_1_102' title="bbox 2028 4913 3681 4995">
    <p class='ocr_par' dir='ltr' id='par_1_102' title="bbox 2028 4913 3681 4995">
     <span class='ocr_line' id='line_1_102' title="bbox 2028 4913 3681 4995; baseline -0.001 -18"><span class='ocrx_word' id='word_1_707' title='bbox 2028 4929 2129 4977; x_wconf 85' lang='lat' dir='ltr'><strong>aut</strong></span> <span class='ocrx_word' id='word_1_708' title='bbox 2158 4914 2208 4976; x_wconf 90' lang='lat' dir='ltr'><strong>si</strong></span> <span class='ocrx_word' id='word_1_709' title='bbox 2258 4914 2448 4978; x_wconf 75' lang='lat' dir='ltr'><strong>farris</strong></span> <span class='ocrx_word' id='word_1_710' title='bbox 2480 4922 2819 4995; x_wconf 89' lang='lat' dir='ltr'><strong>superatus,</strong></span> <span class='ocrx_word' id='word_1_711' title='bbox 2855 4913 3301 4994; x_wconf 88' lang='lat' dir='ltr'><strong>implacabilem</strong></span> <span class='ocrx_word' id='word_1_712' title='bbox 3343 4913 3681 4992; x_wconf 87' lang='lat' dir='ltr'><strong>inimicum,</strong></span> 
     </span>
    </p>
   </div>
   <div class='ocr_carea' id='block_1_103' title="bbox 2028 5001 3686 5087">
    <p class='ocr_par' dir='ltr' id='par_1_103' title="bbox 2028 5001 3686 5087">
     <span class='ocr_line' id='line_1_103' title="bbox 2028 5001 3686 5087; baseline -0.001 -20"><span class='ocrx_word' id='word_1_713' title='bbox 2028 5014 2436 5087; x_wconf 90' lang='lat' dir='ltr'><strong>paupertatem</strong></span> <span class='ocrx_word' id='word_1_714' title='bbox 2485 5003 2666 5068; x_wconf 90' lang='lat' dir='ltr'><strong>simul</strong></span> <span class='ocrx_word' id='word_1_715' title='bbox 2695 5022 2830 5068; x_wconf 90' lang='lat' dir='ltr'><strong>cum</strong></span> <span class='ocrx_word' id='word_1_716' title='bbox 2862 5003 2979 5065; x_wconf 90' lang='lat' dir='ltr'><strong>vita</strong></span> <span class='ocrx_word' id='word_1_717' title='bbox 3028 5004 3301 5084; x_wconf 71' lang='lat' dir='ltr'><strong>effugias.</strong></span> <span class='ocrx_word' id='word_1_718' title='bbox 3332 5001 3455 5084; x_wconf 81' lang='lat' dir='ltr'><strong>Ego</strong></span> <span class='ocrx_word' id='word_1_719' title='bbox 3485 5012 3686 5067; x_wconf 90' lang='lat' dir='ltr'><strong>autem</strong></span> 
     </span>
    </p>
   </div>
   <div class='ocr_carea' id='block_1_104' title="bbox 268 5088 1942 5173">
    <p class='ocr_par' dir='ltr' id='par_1_104' title="bbox 268 5088 1942 5173">
     <span class='ocr_line' id='line_1_104' title="bbox 268 5088 1942 5173; baseline -0.004 -18"><span class='ocrx_word' id='word_1_720' title='bbox 268 5088 484 5157; x_wconf 55' lang='lat' dir='ltr'><strong>nulde</strong></span> <span class='ocrx_word' id='word_1_721' title='bbox 517 5095 932 5173; x_wconf 66' lang='grc' dir='ltr'>Επιλαμπούσης</span> <span class='ocrx_word' id='word_1_722' title='bbox 1004 5115 1087 5150; x_wconf 89' lang='grc' dir='ltr'><strong>σοι</strong></span> <span class='ocrx_word' id='word_1_723' title='bbox 1152 5091 1293 5173; x_wconf 81' lang='grc' dir='ltr'>ὥρας</span> <span class='ocrx_word' id='word_1_724' title='bbox 1370 5088 1674 5168; x_wconf 82' lang='grc' dir='ltr'>οἷκνείρων,</span> <span class='ocrx_word' id='word_1_725' title='bbox 1731 5088 1942 5172; x_wconf 78' lang='grc' dir='ltr'>παρέξω</span> 
     </span>
    </p>
   </div>
   <div class='ocr_carea' id='block_1_105' title="bbox 266 5181 1941 5269">
    <p class='ocr_par' dir='ltr' id='par_1_105' title="bbox 266 5181 1941 5269">
     <span class='ocr_line' id='line_1_105' title="bbox 266 5181 1941 5269; baseline -0.01 -22"><span class='ocrx_word' id='word_1_726' title='bbox 266 5191 367 5247; x_wconf 81' lang='grc' dir='ltr'>καὶ</span> <span class='ocrx_word' id='word_1_727' title='bbox 399 5188 533 5269; x_wconf 73' lang='grc' dir='ltr'>ὑπὲρ</span> <span class='ocrx_word' id='word_1_728' title='bbox 580 5189 752 5263; x_wconf 84' lang='grc' dir='ltr'>μόνης</span> <span class='ocrx_word' id='word_1_729' title='bbox 780 5207 842 5266; x_wconf 79' lang='grc' dir='ltr'><strong>γε</strong></span> <span class='ocrx_word' id='word_1_730' title='bbox 897 5190 996 5253; x_wconf 76' lang='grc' dir='ltr'>τῆς</span> <span class='ocrx_word' id='word_1_731' title='bbox 1031 5182 1236 5261; x_wconf 84' lang='grc' dir='ltr'>τόλμης</span> <span class='ocrx_word' id='word_1_732' title='bbox 1285 5181 1404 5248; x_wconf 78' lang='grc' dir='ltr'>ἄξια</span> <span class='ocrx_word' id='word_1_733' title='bbox 1459 5183 1548 5240; x_wconf 83' lang='grc' dir='ltr'>καὶ</span> <span class='ocrx_word' id='word_1_734' title='bbox 1576 5181 1735 5239; x_wconf 75' lang='grc' dir='ltr'>ἱκανᾶ</span> <span class='ocrx_word' id='word_1_735' title='bbox 1790 5185 1941 5264; x_wconf 77' lang='grc' dir='ltr'>χρή-</span> 
     </span>
    </p>
   </div>
   <div class='ocr_carea' id='block_1_106' title="bbox 270 5300 453 5359">
    <p class='ocr_par' dir='ltr' id='par_1_106' title="bbox 270 5300 453 5359">
     <span class='ocr_line' id='line_1_106' title="bbox 270 5300 453 5359; baseline 0.033 -22"><span class='ocrx_word' id='word_1_736' title='bbox 270 5300 453 5359; x_wconf 80' lang='grc' dir='ltr'>ματα.</span> 
     </span>
    </p>
   </div>
   <div class='ocr_carea' id='block_1_107' title="bbox 2027 5091 3689 5179">
    <p class='ocr_par' dir='ltr' id='par_1_107' title="bbox 2027 5091 3689 5179">
     <span class='ocr_line' id='line_1_107' title="bbox 2027 5091 3689 5179; baseline 0.001 -21"><span class='ocrx_word' id='word_1_737' title='bbox 2027 5104 2143 5159; x_wconf 71' lang='lat' dir='ltr'><strong>tua:</strong></span> <span class='ocrx_word' id='word_1_738' title='bbox 2203 5098 2389 5159; x_wconf 64' lang='lat' dir='ltr'><strong>aetatis</strong></span> <span class='ocrx_word' id='word_1_739' title='bbox 2446 5104 2510 5159; x_wconf 88' lang='lat' dir='ltr'><strong>et</strong></span> <span class='ocrx_word' id='word_1_740' title='bbox 2567 5091 3036 5177; x_wconf 89' lang='lat' dir='ltr'><strong>pulchritudinis</strong></span> <span class='ocrx_word' id='word_1_741' title='bbox 3086 5094 3392 5174; x_wconf 87' lang='lat' dir='ltr'><strong>misertus,</strong></span> <span class='ocrx_word' id='word_1_742' title='bbox 3427 5095 3520 5159; x_wconf 85' lang='lat' dir='ltr'><strong>vel</strong></span> <span class='ocrx_word' id='word_1_743' title='bbox 3577 5114 3689 5179; x_wconf 89' lang='lat' dir='ltr'><strong>pro</strong></span> 
     </span>
    </p>
   </div>
   <div class='ocr_carea' id='block_1_108' title="bbox 2027 5182 3687 5268">
    <p class='ocr_par' dir='ltr' id='par_1_108' title="bbox 2027 5182 3687 5268">
     <span class='ocr_line' id='line_1_108' title="bbox 2027 5182 3687 5268; baseline 0.001 -18"><span class='ocrx_word' id='word_1_744' title='bbox 2027 5186 2154 5251; x_wconf 89' lang='lat' dir='ltr'><strong>sola</strong></span> <span class='ocrx_word' id='word_1_745' title='bbox 2183 5184 2432 5249; x_wconf 89' lang='lat' dir='ltr'><strong>audacia</strong></span> <span class='ocrx_word' id='word_1_746' title='bbox 2464 5183 2572 5247; x_wconf 90' lang='lat' dir='ltr'><strong>tibi</strong></span> <span class='ocrx_word' id='word_1_747' title='bbox 2598 5182 2881 5266; x_wconf 66' lang='lat' dir='ltr'><strong>prmbebo</strong></span> <span class='ocrx_word' id='word_1_748' title='bbox 2911 5183 3068 5264; x_wconf 88' lang='lat' dir='ltr'><strong>quod</strong></span> <span class='ocrx_word' id='word_1_749' title='bbox 3095 5184 3240 5249; x_wconf 86' lang='lat' dir='ltr'><strong>satis</strong></span> <span class='ocrx_word' id='word_1_750' title='bbox 3274 5193 3365 5250; x_wconf 90' lang='lat' dir='ltr'><strong>est</strong></span> <span class='ocrx_word' id='word_1_751' title='bbox 3391 5187 3687 5268; x_wconf 60' lang='lat' dir='ltr'><strong>pecunia.</strong></span> 
     </span>
    </p>
   </div>
   <div class='ocr_carea' id='block_1_109' title="bbox 354 5466 3694 5545">
    <p class='ocr_par' dir='ltr' id='par_1_109' title="bbox 354 5466 3694 5545">
     <span class='ocr_line' id='line_1_109' title="bbox 354 5466 3694 5545; baseline 0 -15"><span class='ocrx_word' id='word_1_752' title='bbox 354 5472 473 5545; x_wconf 74' lang='grc'><strong>(12)</strong></span> <span class='ocrx_word' id='word_1_753' title='bbox 498 5472 692 5531; x_wconf 85' lang='lat' dir='ltr'><strong>Genus</strong></span> <span class='ocrx_word' id='word_1_754' title='bbox 716 5468 775 5545; x_wconf 80' lang='lat' dir='ltr'><strong>id</strong></span> <span class='ocrx_word' id='word_1_755' title='bbox 807 5476 932 5528; x_wconf 83' lang='lat' dir='ltr'><strong>erat</strong></span> <span class='ocrx_word' id='word_1_756' title='bbox 968 5469 1420 5545; x_wconf 74' lang='lat' dir='ltr'><strong>exercitationis,</strong></span> <span class='ocrx_word' id='word_1_757' title='bbox 1450 5483 1524 5545; x_wconf 80' lang='lat' dir='ltr'><strong>ex</strong></span> <span class='ocrx_word' id='word_1_758' title='bbox 1553 5466 1702 5545; x_wconf 87' lang='lat' dir='ltr'><strong>lucta</strong></span> <span class='ocrx_word' id='word_1_759' title='bbox 1732 5475 1790 5528; x_wconf 89' lang='lat' dir='ltr'><strong>et</strong></span> <span class='ocrx_word' id='word_1_760' title='bbox 1825 5485 1946 5544; x_wconf 89' lang='lat' dir='ltr'><strong>pu-</strong></span> <span class='ocrx_word' id='word_1_761' title='bbox 2102 5470 2221 5545; x_wconf 86' lang='lat' dir='ltr'><strong>(t3)</strong></span> <span class='ocrx_word' id='word_1_762' title='bbox 2275 5470 2497 5531; x_wconf 86' lang='lat' dir='ltr'><strong>Nestori</strong></span> <span class='ocrx_word' id='word_1_763' title='bbox 2524 5471 2861 5544; x_wconf 62' lang='lat' dir='ltr'><strong>prastitisse</strong></span> <span class='ocrx_word' id='word_1_764' title='bbox 2899 5471 3250 5545; x_wconf 64' lang='lat' dir='ltr'><strong>dixisseque</strong></span> <span class='ocrx_word' id='word_1_765' title='bbox 3283 5478 3548 5545; x_wconf 81' lang='lat' dir='ltr'><strong>sanctum</strong></span> <span class='ocrx_word' id='word_1_766' title='bbox 3578 5471 3694 5531; x_wconf 85' lang='lat' dir='ltr'><strong>De-</strong></span> 
     </span>
    </p>
   </div>
   <div class='ocr_carea' id='block_1_110' title="bbox 273 5541 3690 5620">
    <p class='ocr_par' dir='ltr' id='par_1_110' title="bbox 273 5541 3690 5620">
     <span class='ocr_line' id='line_1_110' title="bbox 273 5541 3690 5620; baseline -0 -16"><span class='ocrx_word' id='word_1_767' title='bbox 273 5541 467 5620; x_wconf 75' lang='lat' dir='ltr'><strong>gilatu</strong></span> <span class='ocrx_word' id='word_1_768' title='bbox 500 5541 910 5620; x_wconf 72' lang='lat' dir='ltr'><strong>compositum,</strong></span> <span class='ocrx_word' id='word_1_769' title='bbox 943 5541 1427 5620; x_wconf 73' lang='lat' dir='ltr'><strong>quemadmodum</strong></span> <span class='ocrx_word' id='word_1_770' title='bbox 1457 5542 1520 5620; x_wconf 77' lang='lat' dir='ltr'><strong>in</strong></span> <span class='ocrx_word' id='word_1_771' title='bbox 1547 5541 1947 5620; x_wconf 73' lang='lat' dir='ltr'><strong>antiquitatum</strong></span> <span class='ocrx_word' id='word_1_772' title='bbox 2032 5541 2484 5620; x_wconf 15' lang='lat' dir='ltr'><strong>metrium,iquae</strong></span> <span class='ocrx_word' id='word_1_773' title='bbox 2518 5541 2612 5600; x_wconf 81' lang='lat' dir='ltr'><strong>hic</strong></span> <span class='ocrx_word' id='word_1_774' title='bbox 2651 5541 3290 5620; x_wconf 76' lang='lat' dir='ltr'><strong>n_arrantur,_credib_ite</strong></span> <span class='ocrx_word' id='word_1_775' title='bbox 3327 5543 3481 5602; x_wconf 83' lang='lat' dir='ltr'><strong>haud</strong></span> <span class='ocrx_word' id='word_1_776' title='bbox 3519 5557 3690 5615; x_wconf 47' lang='lat' dir='ltr'><strong>appa‘</strong></span> 
     </span>
    </p>
   </div>
   <div class='ocr_carea' id='block_1_111' title="bbox 273 5614 3256 5688">
    <p class='ocr_par' dir='ltr' id='par_1_111' title="bbox 273 5614 3256 5688">
     <span class='ocr_line' id='line_1_111' title="bbox 273 5614 3256 5688; baseline -0.002 -10"><span class='ocrx_word' id='word_1_777' title='bbox 273 5614 677 5678; x_wconf 72' lang='lat' dir='ltr'><strong>Romanarum</strong></span> <span class='ocrx_word' id='word_1_778' title='bbox 708 5614 922 5674; x_wconf 76' lang='lat' dir='ltr'><strong>Lexico</strong></span> <span class='ocrx_word' id='word_1_779' title='bbox 956 5634 986 5672; x_wconf 83' lang='grc' dir='ltr'><strong>υ</strong></span> <span class='ocrx_word' id='word_1_780' title='bbox 1039 5617 1211 5672; x_wconf 85' lang='lat' dir='ltr'><strong>variis</strong></span> <span class='ocrx_word' id='word_1_781' title='bbox 1242 5614 1616 5687; x_wconf 85' lang='lat' dir='ltr'><strong>scriptoribus</strong></span> <span class='ocrx_word' id='word_1_782' title='bbox 1657 5614 1823 5673; x_wconf 86' lang='lat' dir='ltr'><strong>docet</strong></span> <span class='ocrx_word' id='word_1_783' title='bbox 1852 5614 1952 5674; x_wconf 84' lang='lat' dir='ltr'><strong>Sa-</strong></span> <span class='ocrx_word' id='word_1_784' title='bbox 2035 5627 2143 5676; x_wconf 89' lang='lat' dir='ltr'><strong>ret.</strong></span> <span class='ocrx_word' id='word_1_785' title='bbox 2175 5616 2282 5675; x_wconf 87' lang='lat' dir='ltr'><strong>Adi</strong></span> <span class='ocrx_word' id='word_1_786' title='bbox 2312 5614 2802 5675; x_wconf 76' lang='lat' dir='ltr'><strong>commentarium</strong></span> <span class='ocrx_word' id='word_1_787' title='bbox 2836 5616 3112 5688; x_wconf 72' lang='lat' dir='ltr'><strong>praevium</strong></span> <span class='ocrx_word' id='word_1_788' title='bbox 3143 5617 3170 5686; x_wconf 87' lang='lat'>§</span> <span class='ocrx_word' id='word_1_789' title='bbox 3203 5615 3256 5673; x_wconf 78' lang='grc'><strong>4.</strong></span> 
     </span>
    </p>
   </div>
   <div class='ocr_carea' id='block_1_112' title="bbox 274 5688 743 5752">
    <p class='ocr_par' dir='ltr' id='par_1_112' title="bbox 274 5688 743 5752">
     <span class='ocr_line' id='line_1_112' title="bbox 274 5688 743 5752; baseline -0.026 0"><span class='ocrx_word' id='word_1_790' title='bbox 274 5689 446 5752; x_wconf 74' lang='lat' dir='ltr'><strong>must</strong></span> <span class='ocrx_word' id='word_1_791' title='bbox 471 5688 743 5747; x_wconf 83' lang='lat' dir='ltr'><strong>Pitiscus.</strong></span> 
     </span>
    </p>
   </div>
   <div class='ocr_carea' id='block_1_113' title="bbox 737 5809 3287 5877">
    <p class='ocr_par' dir='ltr' id='par_1_113' title="bbox 737 5809 3287 5877">
     <span class='ocr_line' id='line_1_113' title="bbox 737 5809 3287 5877; baseline 0.002 -4"><span class='ocrx_word' id='word_1_792' title='bbox 737 5809 1009 5875; x_wconf 75' lang='lat' dir='ltr'><strong>PATROL.</strong></span> <span class='ocrx_word' id='word_1_793' title='bbox 1054 5810 1172 5875; x_wconf 81' lang='lat' dir='ltr'><strong>Gn.</strong></span> <span class='ocrx_word' id='word_1_794' title='bbox 1215 5809 1426 5877; x_wconf 84' lang='lat' dir='ltr'><strong>CXVI.</strong></span> <span class='ocrx_word' id='word_1_795' title='bbox 3127 5840 3136 5848; x_wconf 89' lang='lat'><em>-</em></span> <span class='ocrx_word' id='word_1_796' title='bbox 3212 5809 3287 5877; x_wconf 90' lang='lat'><strong>38</strong></span> 
     </span>
    </p>
   </div>
  </div>
