4100 6406
281 418 432 486 1197

355 557 456 626 ιη’⁶
507 558 697 616 Τούτον
757 558 979 636 φανερὸς
1038 558 1196 622 ἆθλος
1241 561 1268 614 ὁ
1326 558 1520 616 Δυαίου
1579 558 1823 630 θάνατος,
1858 558 1977 622 ὃςΔ

271 648 327 704 ἐν
383 650 525 728 χειρὶ
583 650 808 726 κραταιιᾷ
849 647 937 704 καὶ
965 650 1020 704 ὲν
1079 649 1324 728 βραχίονι
1384 647 1577 724 ὑψηλῷ
1620 651 1706 706 καὶ
1767 649 1924 714 Σηὼν

271 721 522 795 καὶ
551 721 635 793 καί
689 737 902 810 μυρίους
934 721 1126 796 ἄλλους
1185 721 1368 811 πολλῷ
1399 721 1605 812 μᾶλλον
1635 739 1670 805 ἢ
1724 743 1924 794 Λυαῖον

268 829 370 888 τὴν
412 826 601 904 ῥώμην
662 825 940 905 ἐπιφανεῖς
999 825 1235 905 εὖχερῶς
1289 826 1528 906 ἀνεῖλεν,
1558 827 1617 884 οὗ
1669 826 1784 884 καθ’
1829 826 1921 882 ἕνα

269 917 462 995 μόνον,
507 915 646 971 ἀλλὰ
704 918 789 970 καὶ
833 917 970 972 κατᾶ
1024 914 1225 984 πλῆθος
1283 915 1808 993 συναθροισαμὲνους.
1864 917 1922 974 Τί

267 1006 349 1080 μὴ
393 1004 536 1082 λέγω
590 1005 657 1060 τὰ
709 1004 908 1060 ἐκείνου
972 1006 1135 1079 μόνου
1193 1005 1404 1072 ἀληθῶς
1465 1005 1604 1085 ἄξια,
1654 1009 1713 1064 οὗ
1768 1006 1920 1084 ἔργον

268 1095 490 1166 οὐρανὸς
522 1095 610 1150 καὶ
639 1093 710 1172 γῆ
740 1094 827 1149 καὶ
873 1113 940 1149 τα
971 1093 1025 1149 ἐν
1056 1094 1239 1158 αὐτοῖς
1284 1095 1490 1153 ἅπαντα
1520 1115 1536 1174 ;
1569 1096 1676 1153 Οὔκ
1730 1095 1920 1171 ἤνεγκε

265 1185 333 1240 τὰ
389 1182 598 1261 μεγάλα
644 1190 806 1240 ταῦτα
851 1185 886 1252 ἡ
943 1183 1119 1262 φαύλη
1181 1185 1509 1259 Μαξιμιανου
1561 1184 1724 1258 ἀκοὴ,
1785 1183 1923 1240 ἀλλὰ

265 1279 374 1330 τῶν
403 1273 582 1329 καλῶν
615 1271 788 1350 λόγων
855 1274 1095 1346 μισθοὺς.
1128 1276 1216 1329 καὶ
1265 1279 1363 1340 τῆς
1415 1275 1567 1340 νίκης
1611 1275 1752 1347 αὐτῷ
1782 1274 1916 1351 βρα-

268 1361 395 1420 δεῖα
423 1364 514 1418 τὸν
558 1359 642 1418 διὰ
688 1361 861 1440 ξίφους
905 1361 1092 1440 ἐπαγει
1123 1363 1367 1421 θάνατον.
1426 1363 1642 1442 Νέστωρ
1674 1365 1772 1437 μὲν
1830 1362 1919 1417 οὖν

270 1451 411 1510 οὕτω
461 1459 552 1508 τοῦ
581 1449 665 1508 διὰ
725 1453 947 1529 Χριστὸν
1000 1452 1258 1530 μακαρίου
1303 1451 1490 1516 τέλους
1549 1451 1916 1530 ἐπιτυγχάνει,

268 1544 359 1598 καὶ
405 1542 483 1615 τῷ
511 1539 622 1615 ἰδίῳ
666 1540 796 1620 ξίφει
845 1538 1062 1620 δέχεται
1114 1542 1210 1609 τὴν
1259 1539 1455 1621 τομὴν⁷
1489 1539 1626 1597 οὕτω
1658 1541 1754 1615 μὲν
1803 1548 1921 1597 Μα-

271 1629 515 1704 ξιμιανοῦ
561 1628 930 1703 κελεύσαντος,
989 1629 1082 1687 ⁹ίνα
1139 1630 1360 1686 κάκεῖνο
1415 1631 1563 1710 τάχα
1622 1636 1926 1708 μαρτυρικῴ

269 1720 465 1794 α’ίματι
567 1722 834 1796 καγιασθῇ
869 1767 885 1792 ,
965 1725 1314 1778 Μινουκιανοῦ
1406 1718 1462 1776 δὲ
1571 1722 1925 1796 προτίγτωρος

267 1810 400 1887 πρὸς
457 1809 553 1876 τὴν
613 1808 826 1886 σφαγὴν
884 1809 1348 1886 ὑπουργήσαντος.
1415 1812 1512 1866 Καὶ
1570 1807 1709 1864 οὕτω
1793 1809 1923 1886 πρὸς

1360 418 1422 484 S.
1469 417 1848 486 DEMETRII
1894 413 2294 486 MARTYRIS
2336 424 2555 488 ACTA.

3504 427 3659 494 1198

2083 556 2184 620 18.
2222 554 2592 618 Manifestum
2636 554 2769 636 ejus
2796 562 3100 619 certamen
3132 555 3241 618 fuit
3273 575 3434 620 mors
3464 561 3649 640 Lyaei,

2007 646 2109 722 qui
2137 646 2196 706 in
2231 664 2407 706 manu
2429 642 2566 706 forti
2589 651 2648 706 et
2678 644 2921 706 brachio
2949 646 3185 708 excelso
3209 647 3410 710 Scbon
3435 655 3496 709 et
3524 646 3655 728 Ogi,

2005 744 2064 793 et
2091 735 2240 796 alios
2272 733 2946 814 innumerabiles,longe
2974 741 3182 815 magis,
3209 755 3389 812 quam
3415 737 3655 816 Lyaeus,

2003 824 2216 886 virtute
2240 823 2500 902 insignes
2531 823 2703 886 facile
2724 823 2798 884 de
2821 824 3018 886 medio
3050 824 3438 904 sustulit,non
3461 826 3654 891 solum

2005 915 2282 987 singulos,
2308 915 2406 973 sed
2421 916 2592 974 etiam
2615 930 2820 987 magna
2852 916 3240 976 circumdatos
3273 917 3656 978 multitudine.

2006 999 2122 1064 Sed
2154 1021 2260 1063 cur
2284 1019 2402 1063 non
2437 1000 2572 1063 dico
2602 1019 2672 1063 ea
2697 1019 2828 1081 quae
2844 1010 2982 1063 sunt
3004 1001 3106 1063 illo
3139 1002 3268 1064 solo
3299 1021 3438 1066 vere
3453 1003 3656 1084 digna,

2006 1092 2176 1170 cujus
2205 1110 2355 1170 opus
2387 1099 2474 1151 est
2499 1091 2720 1152 caelum
2753 1099 2808 1152 et
2840 1099 3020 1166 terra,
3059 1099 3116 1153 et
3146 1110 3280 1173 qua;
3314 1103 3454 1155 sunt
3482 1093 3543 1155 in
3575 1095 3664 1157 eis

2005 1181 2237 1243 omnia?
2267 1180 2396 1242 Non
2418 1181 2680 1242 tulerunt
2708 1180 2831 1241 haec
2857 1199 3067 1260 magna
3094 1200 3268 1244 aures
3291 1182 3438 1245 viles
3465 1184 3659 1247 Maxi-

2004 1270 2209 1345 miani,
2245 1271 2349 1332 sed
2375 1270 2759 1350 pulchrorum
2786 1270 3106 1332 verborum
3133 1272 3474 1334 mercedem
3497 1281 3558 1335 et
3580 1274 3660 1335 vi-

2005 1363 2205 1421 ctoriae
2237 1359 2573 1440 praemium,
2608 1360 2660 1419 ei
2697 1369 2949 1420 mortem
2981 1361 3150 1421 affert
3177 1361 3404 1438 gludio.
3446 1360 3518 1423 Et
3565 1363 3652 1425 sic

2005 1449 2247 1527 quidem
2266 1448 2481 1510 Nestor
2502 1448 2740 1509 beatum
2774 1448 2954 1509 ﬁnem
2979 1457 3224 1529 propter
3244 1451 3540 1512 Christum
3566 1458 3662 1512 est

2014 1547 2392 1600 consecutus:
2417 1545 2472 1598 et
2498 1555 2604 1598 suo
2627 1555 2771 1597 ense
2794 1537 3022 1616 plagam
3049 1538 3394 1618 accepit,sic
3408 1538 3662 1618 jubente

2008 1629 2388 1703 Maximiano,
2425 1627 2574 1687 forte
2624 1634 2686 1686 ut
2715 1625 2816 1688 ille
2875 1646 3111 1708 quoque
3155 1628 3469 1708 martyrico
3525 1646 3662 1691 san-

2007 1719 2186 1796 guine
2215 1715 2707 1778 sanctiﬁcaretur.
2741 1715 2890 1777 Cum
2925 1716 3109 1794 igitur
3136 1717 3500 1780 Minutianus
3531 1737 3667 1797 pro-

2011 1817 2199 1869 tector
2243 1804 2419 1867 caedis
2448 1803 2656 1866 fuisset
2689 1803 3062 1879 administer,
3096 1805 3184 1868 sic
3212 1810 3433 1870 Nestor
3467 1815 3664 1869 trans-

267 1900 518 1977 Χριστὸν,
549 1898 608 1953 ὃν
653 1895 898 1976 ἐφίλησε,
931 1898 1368 1977 παραπέμπεται,
1407 1897 1527 1975 παρ’
1588 1901 1648 1953 οὗ
1676 1900 1762 1955 καὶ
1823 1903 1918 1964 τῆς

2012 1897 2260 1958 mittitur
2288 1895 2362 1957 ad
2390 1893 2715 1973 Christum,
2745 1910 2922 1973 quem
2959 1892 3193 1968 dilexit,
3232 1903 3291 1956 et
3319 1914 3355 1956 a
3383 1914 3499 1976 quo
3531 1903 3662 1958 erat

264 1986 459 2054 διπλῆς
505 1987 654 2053 νίκης
681 1985 1021 2062 ἀπολήψεται
1047 1987 1168 2051 τοὺς
1201 1988 1512 2067 στεφάνους.

351 2077 439 2138 ιϐ’.
514 2075 782 2134 Ἐντεῦθεν
853 2073 1109 2132 ὑποϐολαὶ
1182 2077 1318 2132 κατὰ
1379 2076 1689 2152 Δημητρίου
1753 2076 1916 2139 πάλιν

265 2169 355 2224 καὶ
415 2167 655 2223 ὃιακολαὶ
705 2165 1082 2244 πιθανώτεραι,
1114 2167 1188 2229 ὡς
1249 2167 1406 2229 αὐτὸς
1453 2164 1544 2233 εἴη
1575 2174 1667 2222 τοῦ
1723 2169 1916 2223 Λυαίου

262 2261 480 2336 σφαγῆς
559 2253 757 2320 αἴτιος.
833 2254 1030 2311 Αὐτίκα
1107 2255 1233 2333 γοῦν
1291 2253 1617 2328 Μαξιμιανὸς
1692 2255 1915 2321 ὀξύτατα

262 2347 552 2428 χολωθεὶς,
584 2346 673 2402 καὶ
715 2344 833 2420 ἅμα
867 2345 1244 2420 οἰωνισάμενος
1277 2345 1350 2408 ὡς
1410 2345 1505 2401 οὐκ
1534 2344 1730 2424 ἀγαθὸν
1781 2346 1924 2418 αὒτῷ

263 2437 580 2512 συνάντημα
670 2436 978 2514 Δημήτριος
1059 2435 1272 2512 γένοιτο
1351 2436 1480 2513 πρὸς
1564 2436 1626 2492 τὸ
1714 2434 1922 2494 στάδιον

262 2525 490 2599 ἀνιόντι,
524 2523 728 2581 κελεύει
786 2525 877 2582 τὸν
937 2524 1174 2604 μάρτυρα
1217 2524 1272 2580 ἐν
1334 2524 1521 2604 αὐταῖς
1584 2527 1674 2589 αῖς
1732 2524 1921 2603 ἐφρου-

263 2627 417 2694 ρεῖτο
474 2615 718 2690 καμίνοις
752 2613 982 2693 λόγχαις
1043 2602 1404 2692 ἀναιρεθῆναι.
1437 2602 1500 2672 t‘0
1541 2611 1606 2681 δὴ
1638 2614 1726 2670 καὶ
1774 2602 1920 2692 γίνε-

264 2727 380 2762 ται.
446 2707 542 2762 Καὶ
585 2707 612 2760 ὁ
662 2702 823 2763 καλὸς
883 2704 944 2759 σὺ
988 2703 1054 2758 τὰ
1114 2705 1312 2780 πάντα,
1350 2705 1684 2779 Δημήτριος,
1718 2705 1745 2759 ὁ
1804 2702 1922 2760 λίαν

265 2794 363 2851 τοῦ
395 2795 668 2851 Δεσπότου
725 2794 1137 2872 περιεχόμενος,
1167 2793 1362 2867 ὁμοίως
1424 2795 1564 2865 αὒτῷ
1607 2794 1703 2861 τὴν
1752 2791 1918 2850 πλευ-

265 2885 364 2962 ρὰν
414 2883 692 2963 λογχεύει,
726 2883 814 2940 καὶ
865 2889 1022 2939 τοῦτο
1053 2881 1302 2961 ἀφορμὴν
1359 2885 1448 2939 καὶ
1501 2881 1620 2939 ὁῗὸν
1664 2883 1918 2962 εὑρίσκεις

265 2976 365 3042 τῆς
417 2976 559 3050 πρώς
617 2973 826 3029 ἐκεῖνον
881 2971 1127 3050 ἀφίξεως
1186 2975 1445 3050 μακάριος
1501 2973 1599 3048 μὲν
1629 2979 1722 3029 τοῦ
1777 2974 1914 3053 βίου,

1999 1993 2356 2064 accepturus
2385 2000 2639 2044 coronas
2671 1980 2932 2061 duplicis
2962 1981 3228 2044 victoriae
3251 1985 3409 2064 (15).

2087 2077 2178 2137 19.
2201 2073 2352 2136 Hinc
2374 2072 2613 2134 fraudes
2638 2070 2700 2131 in
2721 2071 3088 2133 Demetrium
3117 2091 3348 2150 rursus,
3379 2074 3660 2136 crimina-

2001 2165 2193 2227 tiones
2217 2161 2608 2224 intenduntur
2657 2160 3116 2242 probabiliores,
3150 2163 3306 2243 quod
3341 2165 3472 2244 ipse
3500 2171 3663 2226 esset

2005 2273 2182 2317 causa
2205 2252 2385 2316 caedis
2403 2251 2580 2330 Lymi.
2613 2251 2911 2312 Continuo
2930 2251 3107 2330 igitur
3129 2252 3516 2317 vehementer
3534 2254 3660 2317 ira-

2007 2355 2096 2405 tus
2119 2347 2510 2411 Maximianus,
2535 2353 2591 2402 et
2617 2344 2788 2402 simul
2814 2353 3128 2417 auguratus
3160 2359 3274 2403 non
3301 2345 3421 2403 fore
3443 2346 3662 2404 bonum

2008 2431 2254 2500 omen,si
2279 2432 2329 2493 ei
2355 2439 2697 2494 occurreret
2720 2430 3065 2492 Demetrius
3081 2430 3140 2492 in
3164 2430 3418 2493 stadium
3441 2449 3661 2494 ascen-

2006 2522 2196 2601 denti,
2231 2521 2302 2583 ad
2336 2520 2492 2601 quod
2528 2538 2634 2599 per
2665 2519 2963 2582 lavacrum
3008 2530 3132 2582 erat
3159 2539 3460 2596 accessus,
3487 2521 3662 2601 jubet

2007 2621 2326 2692 martyrem
2361 2609 2616 2670 interfici
2651 2609 2876 2672 lanceis
2905 2611 2965 2670 in
3013 2609 3086 2670 iis
3115 2609 3263 2690 ipsis
3293 2611 3568 2688 caminis,
3597 2611 3662 2673 in

2006 2701 2220 2782 quibus
2253 2698 2725 2762 custodiebatur.
2758 2698 2926 2771 Quod
2952 2701 3018 2760 fit
3046 2700 3246 2762 etiam.
3280 2701 3356 2763 Et
3379 2700 3486 2763 tibi
3516 2702 3661 2779 qui-

2005 2791 2163 2866 dem,
2199 2791 2298 2871 qui
2334 2807 2407 2852 ex
2459 2787 2625 2849 omni
2655 2807 2726 2850 ex
2759 2798 2925 2869 parte
2951 2789 3205 2871 pulcher
3255 2799 3312 2852 et
3341 2791 3658 2868 honestus,

2003 2878 2402 2959 Demetri,qui
2424 2876 2744 2940 Dominum
2768 2878 3093 2958 diligenter
3112 2879 3443 2952 sectaris,et
3461 2882 3666 2943 omnia

2001 2971 2162 3032 illius
2187 2967 2698 3048 diligis,similiter
2715 2975 2892 3048 atque
2924 2973 3037 3048 ipsi
3061 2969 3270 3031 lancea
3294 2968 3447 3030 latus
3467 2969 3661 3032 conﬁ-

266 3064 670 3141 μακαριώτερος
723 3061 776 3118 δὲ
806 3068 898 3118 τοῦ
947 3059 1130 3126 τέλους
1173 3063 1260 3118 καί
1290 3069 1394 3118 τῶν
1426 3063 1699 3142 στεφάνων
1755 3062 1914 3141 γενό-

2012 3060 2456 3140 gitur,hancque
2495 3056 2726 3118 invenis
2757 3058 3136 3119 occasionem
3167 3065 3228 3119 et
3257 3058 3433 3120 vitam
3466 3059 3550 3120 tui
3577 3057 3656 3120 ad

266 3174 454 3232 μενος,
487 3153 575 3208 καὶ
635 3157 729 3217 τῆς
760 3153 832 3217 εἷς
891 3153 1086 3216 αἰῶνας
1117 3151 1260 3226 αὐτῷ
1315 3159 1390 3225 τῷ
1421 3151 1730 3227 ποθουμένῳ
1782 3175 1917 3232 συγ-

264 3242 659 3312 κατοικήσεως.

347 3501 425 3575 κ’.
487 3509 630 3591 Εἶχε
664 3509 762 3586 μὲν
817 3509 905 3568 οὖν
962 3509 1100 3568 οὒτω
1156 3516 1346 3587 ταῦτα,
1393 3511 1510 3588 καὶά
1539 3513 1567 3567 ὁ
1607 3511 1788 3590 νεκρὸς
1831 3517 1924 3567 τοῦ

263 3601 528 3681 μάρτυρος
586 3602 723 3657 κατὰ
765 3605 869 3678 γῆς
927 3599 1162 3680 ἔῤῥιπτο,
1198 3601 1284 3656 καὶ
1344 3598 1508 3666 οὐδεὶς
1551 3599 1710 3659 αὐτοῦ
1763 3598 1920 3677 λόγος

264 3694 433 3771 μέχρι
488 3690 658 3756 τινός.
721 3693 936 3756 Πάντως
979 3689 1034 3746 δὲ
1095 3690 1211 3746 οὔτε
1271 3688 1416 3746 ὅσιον
1473 3693 1564 3762 ἦν,
1612 3687 1727 3746 οὔτε
1787 3695 1917 3747 Θεοῦ

265 3781 409 3845 ὅλως
464 3779 629 3854 ἄξιον,
664 3781 795 3858 ὑπὲρ
827 3783 887 3837 οὗ
927 3779 1186 3838 πέπονθεν
1219 3779 1397 3836 ἐκεῖνο
1449 3779 1507 3834 τὸ
1541 3780 1680 3856 ἱερὸν
1736 3783 1914 3853 σῶμα,

266 3871 437 3935 οὕτως
491 3872 616 3928 αῡτὸ
659 3867 926 3947 παριδεῖν.
985 3867 1182 3929 Οὔκουν
1237 3867 1355 3939 οὐδὲ
1415 3865 1690 3946 παρεῖδεν,
1753 3865 1921 3924 Ἀλλὰ

265 3967 374 4019 τῶν
447 3958 828 4039 φιλοχρίστων.
889 3959 1026 4024 τινὲς
1093 3955 1386 4020 ὑποϐολαῖς
1465 3957 1663 4015 ἐκείνου
1735 3958 1918 4020 νυκτὸς

265 4048 667 4128 προςελθοντες,
703 4050 790 4105 καὶ
849 4049 1054 4125 ἀτίμως
1108 4049 1349 4123 κείμενον
1408 4047 1467 4103 τὸ
1498 4045 1696 4122 κομιδῆ
1747 4046 1920 4122 τίμιον

266 4139 580 4214 ἀνελόμενοι
640 4135 878 4200 εὐλαϐῶς
939 4136 1395 4216 περιστέλλουσιν.
1459 4140 1594 4194 Εἶτα
1653 4137 1740 4194 καὶ
1777 4137 1923 4193 κόνιν

267 4227 612 4293 ἐπιϐαλόντες
683 4227 737 4283 ἐν
794 4227 937 4302 αὐτῷ
990 4235 1066 4302 τῷ
1123 4226 1272 4301 τόπῴ
1325 4225 1446 4283 ἔνθα
1501 4225 1567 4293 δὴ
1637 4227 1732 4282 καί
1778 4247 1922 4282 τετε-

264 4317 456 4375 λείωτο
500 4316 760 4396 θεοφιλῶς
833 4317 1126 4373 θάπτουσιν
1178 4316 1276 4381 Εἷς
1310 4315 1364 4371 δέ
1417 4337 1498 4380 τις
1531 4321 1637 4371 τῶν
1699 4317 1918 4373 οἰκετῶν

262 4421 359 4470 τοῦ
413 4411 561 4490 ἁγίου
604 4409 876 4489 παραστὰς
931 4412 1072 4482 αὖτῷ
1133 4407 1231 4476 τῆν
1264 4408 1524 4486 μακαρίαν
1582 4408 1919 4488 ὑφισταμένῳ

260 4500 502 4579 σφαγὴν,
533 4500 620 4556 καὶ
677 4501 750 4563 ὡς
785 4499 902 4555 οἷόν
933 4519 990 4554 τε
1044 4497 1138 4578 ἦν,
1168 4499 1228 4555 τὸ
1259 4501 1405 4555 θεῖον
1435 4497 1614 4554 ἐκεῖνο
1669 4497 1813 4574 α’ίμα
1845 4500 1918 4561 εἰς

259 4592 326 4647 τὸ
391 4591 530 4668 ἱερὸν
586 4595 680 4645 τοῦ
737 4588 997 4667 μάρτυρος
1057 4585 1378 4663 ἀνελόμενος
1445 4587 1708 4663 ἑπωμιον,
1780 4586 1918 4645 ἆλλά

259 4683 352 4738 καὶ
400 4679 458 4736 ὃν
487 4679 661 4759 ἐφόρει
718 4679 856 4734 κατὰ
899 4690 1065 4756 χεῖρα
1121 4675 1422 4752 δακτύλιον,
1458 4679 1546 4733 καὶ
1579 4675 1737 4732 αὐτὸν
1783 4676 1914 4735 συλ-
1940 4657 1984 4709 D

262 4765 444 4826 λαϐὼν
501 4769 589 4824 καὶ
640 4771 718 4840 τῷ
767 4773 1072 4846 μαρτυρικῷ
1131 4765 1326 4842 αἵματι
1385 4766 1701 4846 περιχρίσας
1783 4765 1917 4824 πολύ

263 4881 319 4916 τι
348 4863 542 4939 χρῆμα
571 4858 859 4938 τεραστίων
892 4857 1159 4936 εἰργάζετο
1189 4846 1260 4912 δι’
1289 4855 1468 4916 αὐτοῦ.

350 5035 463 5100 κα’.
511 5035 618 5095 Καί
665 5033 811 5093 οὗδὲν
840 5034 906 5103 ἧν
960 5032 1076 5092 οὔτε
1107 5040 1212 5091 τῶν
1269 5035 1612 5112 νοσημάτων,
1660 5035 1778 5094 οὔτε
1810 5036 1916 5093 τῶν

267 5133 518 5208 πονηρῶν
575 5131 894 5204 πνευμάτων
951 5123 1115 5191 οὕτως
1173 5126 1415 5205 ἰσχυρὸν,
1448 5125 1586 5183 ὥστε
1646 5129 1720 5192 εἷς
1774 5127 1914 5186 ἐκεί-

343 5345 460 5415 (15)
489 5341 660 5421 Μιιιιο
690 5342 808 5408 hic,
841 5357 908 5399 ex
943 5355 1231 5421 anonymo
1251 5341 1442 5421 Sancti
1474 5347 1655 5421 nostri
1689 5348 1924 5421 biogra-

265 5417 386 5490 pho
438 5417 752 5474 maximam
777 5423 996 5490 partem
1028 5417 1252 5490 hausta,
1273 5431 1315 5490 _a
1349 5417 1728 5487 Metaphraste
1783 5417 1924 5480 nar-

265 5484 729 5560 rantur,qum_a
779 5484 1064 5560 Demetrii
1125 5484 1402 5545 Passione
1458 5484 1576 5545 tum
1617 5491 1920 5560 Photiana,

266 5568 391 5618 tum
421 5557 796 5617 Ana'stasiana
843 5559 1054 5615 absunt
1080 5571 1100 5626 ;
1132 5571 1334 5616 verum
1363 5574 1426 5616 ea
1469 5575 1536 5616 ac
1563 5557 1923 5622 nominatum

262 5631 694 5702 Nestorem,qui
717 5630 944 5703 Lyaeum
979 5628 1261 5698 singulari
1285 5635 1598 5690 certamine
1616 5635 1920 5703 interfecit,

265 5703 535 5782 enectum
567 5717 694 5782 esse
724 5702 934 5782 Christi
967 5709 1300 5782 martyrem,
1332 5703 1692 5782 duplicisque
1714 5708 1786 5764 ab
1814 5702 1924 5766 hoc

266 5775 545 5845 victoriae,
583 5773 664 5831 uti
723 5773 817 5831 hic
881 5771 1288 5842 Metaphrastes
1355 5771 1631 5846 lohuitur‘,
1675 5793 1920 5840 coronas

2001 3170 2138 3213 eum
2161 3149 2472 3220 adventus;
2500 3146 2711 3208 beatus
2742 3145 2985 3227 quidem
3018 3154 3264 3228 propter
3297 3153 3498 3222 vitam,
3523 3147 3662 3210 bea-

1936 3286 1978 3338 C
2002 3242 2117 3304 tior
2145 3247 2344 3302 autem
2383 3245 2625 3318 propter
2673 3235 2987 3338 decessum
3019 3244 3078 3298 et
3118 3253 3394 3314 coronas,
3423 3244 3483 3299 et
3510 3255 3661 3319 pro-

2004 3339 2136 3413 pter
2163 3336 2443 3391 mternam
2478 3334 2638 3388 tuam
2674 3323 3174 3388 cohabitationem
3209 3344 3345 3389 cum
3376 3345 3446 3390 eo
3477 3344 3658 3408 quem

2008 3417 2394 3484 desiderabas
2425 3416 2562 3496 (16).

2085 3510 2185 3572 ΞὶΟ.
2219 3505 2359 3570 Haec
2390 3505 2632 3587 quidem
2665 3503 2754 3566 sic
2775 3521 2840 3567 se
2867 3503 3191 3580 habebant,
3222 3512 3279 3566 et
3299 3503 3467 3566 humi
3488 3504 3662 3586 jace-

2007 3600 2108 3664 bat
2155 3615 2372 3678 corpus
2403 3594 2706 3674 martyris,
2745 3613 2941 3674 neque
2994 3593 3336 3675 aliquandiu
3379 3592 3502 3655 ulla
3531 3595 3665 3675 ejus

2001 3689 2331 3752 habebatur
2351 3686 2526 3747 ratio.
2563 3681 2822 3746 Omnino
2847 3691 3042 3744 autem
3075 3703 3189 3746 nec
3207 3691 3335 3746 erat
3360 3692 3656 3762 sanctum,

2002 3799 2114 3841 nec
2132 3778 2253 3840 Deo
2279 3775 2452 3856 plane
2477 3774 2865 3853 dignum,pro
2891 3791 3006 3852 quo
3031 3791 3274 3853 passum
3301 3780 3428 3833 erat
3449 3789 3660 3834 sacro-

2004 3877 2277 3932 sanctum
2305 3863 2452 3925 illud
2478 3861 2815 3942 corpus,sic
2840 3861 3038 3941 ipsum
3073 3861 3414 3942 despicere.
3445 3862 3660 3942 Neque

2006 3977 2144 4038 ergo
2175 3953 2494 4035 despexit:
2542 3951 2646 4012 sed
2697 3949 2936 4031 quidam
2986 3967 3056 4012 ex
3111 3951 3183 4013 iis
3212 3951 3312 4032 qui
3360 3949 3662 4013 Christum

2004 4048 2308 4121 amabant,
2344 4043 2472 4122 ejus
2512 4041 2821 4116 instinctu,
2878 4049 3051 4103 nocte
3108 4039 3488 4116 accedentes,
3522 4059 3657 4104 cum

2007 4138 2173 4201 valde
2211 4132 2463 4214 turpiter
2487 4131 2695 4209 jacens
2736 4147 2950 4210 corpus
2999 4131 3324 4211 pretiosum
3375 4129 3660 4193 sustulis-

2008 4237 2163 4302 sent,
2185 4226 2244 4286 id
2279 4223 2374 4304 pie
2405 4228 2796 4300 componunt.
2814 4219 3046 4282 Deinde
3073 4220 3250 4281 etiam
3282 4219 3508 4300 injecto
3532 4220 3662 4300 pul-

2001 4336 2164 4397 vere,
2191 4317 2250 4377 in
2283 4332 2354 4375 eo
2386 4311 2517 4391 ipso
2549 4311 2700 4384 loco,
2736 4309 2796 4369 in
2823 4328 2938 4389 quo
2971 4308 3160 4371 fuerat
3183 4317 3654 4389 consummatus,

2002 4407 2304 4492 sepeliunt
2356 4403 2449 4492 pie
2508 4418 2575 4461 ac
2624 4398 2929 4478 religiose.
3007 4399 3259 4472 Quidam
3316 4405 3519 4492 autem
3584 4417 3660 4463 ex

2002 4485 2201 4566 Sancti
2233 4491 2492 4565 famulis,
2526 4496 2688 4550 stans
2721 4507 2906 4569 prope
2951 4507 3114 4570 eum,
3149 4489 3386 4570 quando
3418 4485 3654 4554 beatam

2003 4593 2162 4652 illam
2196 4584 2376 4648 subiit
2405 4579 2652 4656 caedem,
2689 4597 2848 4656 cum,
2885 4587 2948 4639 ut
2977 4579 3196 4659 potuit,
3220 4579 3492 4648 divinum
3513 4601 3658 4648 san-

2002 4680 2244 4761 guinem
2275 4670 2614 4750 collegisset
2654 4667 2712 4729 in
2748 4686 2916 4761 sacro
2951 4668 3229 4761 martyris
3256 4677 3659 4754 superhume-

1998 4757 2134 4845 rali,
2166 4774 2224 4829 et
2254 4781 2432 4846 quem
2461 4778 2639 4821 manu
2659 4757 2950 4840 gestabat,
2983 4760 3270 4822 annulum
3303 4765 3658 4848 accepisset,

2001 4871 2059 4925 et
2110 4853 2379 4935 martyris
2408 4848 2697 4927 sanguine
2750 4847 3046 4924 tinxisset,
3080 4867 3193 4929 per
3233 4850 3363 4932 ipsa
3403 4847 3663 4919 faciebat

2001 4951 2254 5034 plurima
2283 4940 2592 5004 miracula.

2077 5041 2179 5103 21.
2213 5035 2419 5116 Neque
2444 5038 2569 5093 erat
2592 5027 2749 5090 ullus
2782 5027 3052 5106 morbus,
3085 5047 3283 5112 neque
3315 5032 3504 5096 malus
3529 5033 3655 5098 dm-

2000 5149 2142 5195 mon
2175 5137 2288 5191 tam
2322 5121 2514 5198 fortis,
2542 5121 2686 5200 quin
2706 5119 2930 5197 statim,
2958 5122 3006 5181 si
3040 5119 3198 5184 illius
3229 5121 3471 5188 fecisset
3495 5125 3660 5207 peri-

2004 5349 2320 5422 accepisse,
2350 5343 2622 5414 exiguam
2667 5338 2983 5422 admodum
3014 5338 3187 5422 fidem
3237 5349 3554 5422 merentur,
3576 5341 3662 5400 uti

2005 5411 2161 5481 satis.
2199 5411 2476 5493 probant;
2491 5427 2615 5485 quae
2664 5411 3075 5472 Commentarii
3106 5415 3280 5484 praevi
3327 5413 3356 5482 §
3386 5415 3420 5469 t
3448 5413 3504 5470 in
3537 5428 3662 5472 me-

2007 5495 2168 5552 dium
2200 5491 2441 5550 adduxi.

2082 5567 2198 5636 (16)
2233 5563 2382 5622 Haec.
2415 5572 2548 5632 quae
2579 5554 2650 5612 ad
2673 5555 3024 5636 Demetrium
3056 5555 3152 5636 hic
3179 5554 3560 5636 ﬂtuallocutio
3586 5556 3658 5613 ab

2009 5625 2136 5708 ipso
2170 5625 2547 5708 tiletaphraste
2576 5625 3008 5708 verosimillime.
3040 5634 3125 5708 est
3143 5625 3386 5708 conﬁcta
3422 5646 3437 5691 ;
3468 5641 3662 5708 neque

2006 5698 2161 5766 enim
2205 5707 2293 5763 vel
2316 5698 2384 5761 in
2416 5713 2726 5770 anonymo,
2767 5700 2863 5769 qui
2887 5699 3166 5770 scriptori
3202 5699 3336 5754 huic
3373 5698 3656 5768 praeluxit,

2003 5777 2200 5840 Sancti
2228 5776 2408 5836 nostri
2439 5769 2782 5842 biographo,
2815 5769 2902 5828 vel
2927 5769 3061 5828 alibi
3094 5771 3318 5842 uspiam
3348 5770 3660 5846 reperitur,
