4100 6414
413 427 568 495 1199
1772 419 2428 494 SUPPLEMENTUM.
3636 414 3796 486 1200

408 564 636 638 culum,
674 572 1055 645 superaretur
1083 574 1145 627 et
1173 563 1234 626 in
1265 563 1462 640 fugam
1492 570 1826 626 verteretur
1857 584 1870 626 :
1909 564 2056 627 adeo

2147 587 2232 620 νου
2293 577 2484 642 πεῖραν
2533 563 2710 642 ἐλθὸν,
2744 563 2822 638 μὴ
2871 561 3018 626 εῦθὺς
3062 563 3323 630 ἧττασθαι
3367 563 3454 618 καὶ
3496 561 3628 628 πρὸς
3686 584 3791 639 φυ-

410 663 480 718 ut
509 655 611 717 tali
655 653 812 717 fama
845 655 1268 717 miraculorum
1315 653 1665 735 impleretur
1697 662 1815 716 tota
1859 656 2058 716 civitas

2147 655 2246 730 γὴν
2297 651 2602 730 τρέπεσθαιο
2663 655 2736 713 ὼς
2812 650 2996 730 πλὴρη
3069 651 3311 729 γενέσθαι
3370 655 3467 717 τῆς
3539 651 3792 716 τοιαύτης

414 743 1068 810 Thessalonicensium.
1106 744 1398 817 Quocirca
1439 762 1550 806 nec
1587 752 1711 806 erat
1740 753 2058 806 consenta-

2147 744 2333 821 φήμης
2377 748 2482 798 τῶν
2513 743 2801 820 τεραστίων
2842 741 2942 808 τὴν
2982 739 3142 796 πόλιν
3185 737 3617 796 Θεσσαλονικέων
3647 739 3795 796 ἅπὲ-

407 854 620 908 neum,
653 853 722 896 ea
770 834 955 895 latere
1012 833 1455 910 Maximianum,
1503 852 1614 895 nec
1671 833 1826 895 ferre
1889 853 2058 913 posse

2147 853 2265 890 σαν.
2338 829 2500 888 ⁴⁷Οθεν
2563 829 2680 887 οὐδὲ
2734 831 2874 889 εἰκὸς
2940 831 3008 897 ἧν
3071 837 3233 887 ταῦτα
3295 829 3413 886 οὔτε
3466 829 3794 904 Μαξιμιανὸδ

410 924 722 988 invidiam.
757 921 830 985 Et
855 922 989 984 ideo
1013 923 1244 1004 capitur
1262 923 1535 1003 protinus
1563 922 2058 997 famulus,horum

2147 921 2356 996 λαθεῖν,
2409 920 2525 977 οὔτε
2570 923 2662 977 τὸν
2704 923 2894 1001 φθόνον
2949 921 3290 997 ὑπενεγκεῖν.
3356 927 3452 976 Καί
3499 916 3585 975 διὰ
3640 929 3797 978 τοῦτο

413 1015 706 1077 bonorum
770 1022 1137 1094 procurator,
1201 1021 1260 1074 et
1333 1013 1710 1076 interficitur.
1778 1011 2060 1073 Tribunal

411 1104 604 1184 locus,
638 1103 702 1164 in
752 1120 873 1181 quo
903 1101 1010 1163 fuit
1063 1103 1322 1177 occisus,
1357 1103 1558 1182 Lupus
1590 1112 1789 1163 autem
1817 1103 2064 1163 vocaba-

411 1203 511 1256 tur
538 1195 816 1274 egregius
845 1192 947 1254 ille
976 1191 1232 1253 famulus
1262 1192 1419 1272 (i7).
1458 1191 1836 1254 Procedente
1865 1205 2060 1254 autem

411 1291 682 1365 tempore
735 1291 794 1344 et
819 1281 1008 1361 signis
1040 1298 1114 1344 ex
1167 1281 1319 1362 loco,
1357 1282 1414 1342 in
1445 1299 1562 1362 quo
1594 1280 1810 1343 latebat
1841 1299 2062 1360 corpus

410 1374 710 1454 martyris,
747 1381 871 1433 tum
923 1370 1358 1446 Macedoniam,
1398 1381 1518 1432 tum
1568 1370 1747 1432 etiam
1799 1371 2060 1432 Thessa-

409 1463 552 1525 liam
584 1458 1071 1543 pervadentibus,
1108 1461 1254 1540 quin
1294 1459 1469 1521 etiam
1511 1459 1771 1538 caligine
1825 1460 2065 1521 simula-

408 1570 646 1615 crorum
701 1567 989 1613 conversa
1018 1548 1078 1610 in
1115 1549 1436 1629 perfectam
1481 1549 1892 1629 serenitatem,
1927 1549 2064 1628 qui-

409 1642 547 1703 dam
601 1640 882 1701 Leontius
941 1645 1004 1701 et
1039 1637 1228 1718 gloria
1285 1637 1502 1714 clarus,
1554 1646 1612 1700 et
1662 1638 1883 1700 Christi
1945 1638 2064 1700 ﬁde

409 1732 654 1811 ardens,
688 1731 786 1809 qui
822 1737 963 1790 tunc
989 1737 1115 1791 erat
1141 1727 1456 1809 praefectus
1485 1727 1724 1808 Illyrici,
1760 1729 2063 1810 profectus

405 1819 890 1882 Thessalonicam
927 1819 1053 1896 (t8)
1083 1837 1116 1878 a
1178 1819 1337 1898 gravi
1377 1816 1585 1879 morbo
1618 1817 1946 1895 inuailitur,
1981 1819 2062 1881 ita

2147 1019 2420 1090 χειροῦται
2473 1015 2810 1090 παραχρῆμα
2861 1011 2949 1066 καὶ
2983 1012 3012 1066 ὃ
3064 1010 3170 1066 τῶδ
3223 1009 3436 1086 ἀγαθῶν
3470 1007 3535 1075 δὴ
3594 1009 3797 1066 τούτων

2147 1101 2431 1176 ἐπίτροπος
2489 1100 2728 1173 οἰκέτης,
2779 1099 2863 1156 ιιαῖ
2924 1100 3247 1178 ἀναιρεῖται.
3309 1095 3680 1176 Τριϐουνάλιον
3736 1099 3798 1154 τὸ

2145 1195 2244 1256 τῆς
2275 1189 2510 1265 ὶκτομῆς
2565 1190 2790 1268 χωρίον,
2840 1195 3046 1248 Λοῦπος
3083 1190 3112 1243 δ
3159 1185 3321 1252 καλὸς
3352 1188 3561 1254 οἰκέτης
3610 1209 3795 1244 κατω-

2146 1279 2428 1353 νομάζετο,
2491 1285 2692 1357 Χρόνου
2721 1276 2776 1333 δὲ
2829 1278 3110 1355 παριόντος
3156 1277 3245 1333 καὶ
3301 1279 3408 1332 τῶν
3458 1277 3697 1352 σημείων
3743 1276 3800 1333 ἰν

2145 1368 2190 1441 ᾦ
2247 1369 2307 1424 τό
2339 1367 2429 1424 τοῦ
2475 1369 2736 1446 μάρτυρος
2767 1366 3057 1445 ἐκρύπτετο
3105 1366 3288 1445 σῶμα,
3331 1367 3487 1422 τοῦτο
3516 1376 3617 1441 μὲν
3674 1373 3793 1422 Μα-

2147 1456 2404 1532 κεδονίαν,
2439 1467 2593 1515 τοῦτο
2635 1455 2691 1511 δὲ
2746 1457 2834 1511 καὶ
2893 1454 3184 1511 Θεττείλιαν
3240 1452 3652 1534 διατρεχόντων,
3688 1454 3792 1522 ἤδη

2146 1544 2200 1602 δὲ
2253 1549 2340 1602 καὶ
2371 1550 2468 1614 τῆς
2528 1544 2807 1612 εἷδωλικῆς
2841 1543 3044 1624 ἀχλύος
3097 1546 3172 1608 εἰς
3218 1541 3410 1620 ἀκριϐῆ
3441 1542 3635 1620 αίθρίάν
3692 1565 3795 1610 με-

2146 1634 2507 1709 ταϐαλούσης,
2543 1636 2793 1697 Λεόντιός
2823 1656 2906 1699 τις
2949 1634 3081 1712 ἀνὴρ
3114 1636 3208 1703 τήν
3237 1654 3295 1689 τε
3326 1631 3478 1698 δόξαν
3522 1633 3794 1713 λαμπρὸς,

2145 1726 2244 1791 τὴν
2302 1746 2358 1780 τε
2390 1726 2520 1804 πρὸς
2580 1725 2806 1803 Χριστὸν
2846 1724 3022 1780 πίστιν
3085 1722 3232 1798 μα’λα
3287 1725 3479 1800 θερμὸς
3529 1724 3651 1786 τοὺς
3696 1725 3796 1796 μὲν

2145 1813 2472 1895 ἐπαρχικοὺς
2536 1816 2656 1870 τότε
2726 1820 2832 1871 τῶν
2889 1812 3198 1892 Ἰλλυρικῶν
3252 1820 3611 1888 κατακοσμῶν
3666 1814 3795 1890 θρό-

408 1929 548 1973 eum
601 1917 934 1990 premente,
970 1915 1032 1970 ut
1065 1926 1175 1970 nec
1225 1907 1590 1980 comederet,
1623 1925 1735 1968 nec
1784 1906 2058 1983 biberet;

2147 1928 2291 1977 κους,
2351 1906 2424 1968 είς
2483 1903 2533 1961 δὲ
2591 1906 2690 1972 τὴν
2724 1910 2908 1960 Δακῶν
2957 1903 3152 1975 ἃπιὼν,
3187 1903 3327 1976 νόσῳ
3374 1903 3645 1980 βαρυτάτῃ
3689 1903 3794 1958 κά-

406 2019 538 2082 (ιιιω
571 2001 644 2060 ab
678 1997 957 2059 omnibus
1000 2006 1199 2060 autem
1235 1997 1482 2076 fugitur,
1519 2007 1769 2059 mortem
1830 2006 2058 2078 putaret

2147 2015 2314 2073 τοχος
2372 2005 2596 2071 γίνεται,
2627 1991 2793 2056 οὕτως
2827 1992 2986 2051 αὗτδν
3042 1993 3321 2070 πιεζούσῃ,
3355 1994 3428 2055 ὡς
3460 1991 3556 2047 καὶ
3612 1993 3796 2048 σιτίων

403 2080 532 2150 rem
567 2085 738 2149 valde
767 2085 1120 2167 optandam,
1155 2093 1216 2148 et
1243 2103 1278 2147 a
1310 2084 1490 2160 malo,
1523 2087 1680 2166 quod
1713 2103 1846 2148 cum
1880 2103 2058 2149 vexa-

2147 2080 2402 2160 ἅγεοστον
2458 2085 2548 2140 καὶ
2579 2089 2746 2139 ποτοῦ
2792 2095 2959 2158 πιεῖν,
2993 2085 3086 2139 τὸν
3131 2080 3186 2137 δὲ
3244 2087 3373 2137 πᾶσι
3422 2083 3649 2160 φευκτὸν
3697 2082 3795 2138 θά-

404 2178 528 2253 bat,
566 2177 755 2240 solam
788 2175 1231 2238 liberationem.

2147 2194 2297 2229 νατον
2352 2173 2545 2253 χρῆμά
2575 2195 2624 2228 τι
2685 2172 2914 2248 νομίζειν
2947 2174 3199 2236 επιεικῶς
3257 2171 3656 2246 ποθεινότατον,
3702 2173 3792 2227 καὶ

2140 2283 2232 2319 του
2262 2262 2664 2342 συνενεχθέντος
2695 2263 2852 2320 αὒτὸν
2894 2261 3064 2318 δεινοῦ
3093 2262 3265 2336 μόνην
3307 2259 3620 2338 ἐλευθερίαν.

469 2355 726 2419 22.Cum
749 2373 890 2435 ergo
908 2366 968 2417 et
988 2353 1207 2417 medici
1228 2372 1262 2416 a
1283 2353 1493 2416 morbo
1515 2362 1722 2435 aperte
1744 2354 2058 2418 vinceren-

2223 2351 2331 2428 κβ⁹,
2369 2350 2519 2408 Ἐπεὶ
2575 2351 2666 2407 οὖν
2707 2352 2874 2430 ἰατροὶ
2923 2351 3023 2426 μὲν
3064 2353 3163 2417 τῆς
3195 2351 3352 2409 νόσου
3392 2355 3629 2430 φανερῶς
3684 2350 3790 2417 ἦτ-

407 2457 582 2512 tnr.et
603 2449 921 2506 amicorum
942 2447 1246 2519 praesentia
1277 2446 1348 2504 ad
1365 2447 1780 2505 consolandum
1804 2447 2058 2505 dolorem

2147 2447 2336 2519 τῶντο,
2397 2439 2562 2515 φίλων
2619 2439 2674 2496 δὲ
2751 2442 3026 2519 παρουσίαι
3096 2441 3228 2518 πρὸς
3299 2441 3631 2516 παραμυθίαν
3699 2448 3794 2497 τοῦ

409 2533 608 2596 inanis
629 2533 798 2595 labor
819 2533 877 2596 ei
895 2531 1476 2614 reputaretur,nulla
1494 2542 1694 2596 autem
1718 2551 1853 2614 spes
1880 2542 2058 2613 esset,

2147 2532 2342 2594 πάθους
2390 2531 2558 2595 κόπος
2589 2532 2742 2596 κενὸς
2794 2529 3119 2605 ἰνομίζοντο,
3151 2527 3301 2592 ἑλπίς
3329 2549 3388 2585 τε
3416 2527 3483 2596 ἧν
3538 2529 3792 2605 ἄμαλλα-

406 2624 536 2686 fore
557 2631 624 2686 ut
648 2622 1271 2695 morboliberaretur;
1308 2640 1468 2703 cum,
1493 2621 1762 2702 inquam,
1794 2623 2055 2702 agitare-

2147 2620 2236 2698 γῆς
2270 2627 2362 2676 τοῦ
2393 2621 2698 2694 νοσήματος
2729 2618 2964 2693 οὐδεμία,
2999 2619 3054 2676 ὲν
3081 2620 3253 2692 τούτῳ
3281 2623 3358 2691 τῷ
3403 2618 3633 2698 χαλεπῷ
3659 2619 3796 2676 κλύ-

410 2722 513 2775 tur
537 2713 719 2776 tantis
751 2713 1051 2788 ﬂuctibus,
1087 2721 1150 2772 et
1182 2712 1357 2792 plane
1401 2711 1864 2792 inevitabilibus,
1901 2732 2055 2793 prte-

2147 2711 2265 2765 ΰωνι
2328 2710 2416 2765 καὶ
2445 2709 2660 2788 ἆφύκτῳ
2709 2710 2822 2782 ἱερά
2851 2731 2932 2772 τις
2967 2708 3171 2786 ἄγκυρα
3203 2709 3280 2783 τῷ
3334 2707 3560 2788 ἐπάρχῳ
3589 2711 3624 2777 ἡ
3663 2711 3794 2786 πρὸς

409 2803 566 2865 fecto
594 2821 762 2866 sacra
794 2803 1066 2884 quaedam
1098 2820 1314 2863 ancora
1347 2801 1455 2862 fuit
1483 2802 1776 2881 refugium
1811 2803 1882 2863 ad
1915 2802 2051 2864 divi-

2147 2800 2232 2855 τὸν
2289 2802 2432 2855 θεῖον
2461 2808 2553 2856 τοῦ
2605 2799 2868 2876 μάρτυρος
2913 2805 3040 2854 ναὸν
3069 2797 3350 2876 καταφυγὴ
3395 2799 3620 2875 γίνεται,
3657 2799 3794 2856 ’Ἐν-

408 2911 554 2956 num
590 2894 880 2974 templum
937 2892 1235 2972 martyris.
1269 2893 1332 2953 ln
1378 2891 1534 2972 quod
1571 2910 1705 2954 cum
1758 2891 1968 2953 fuisset
1997 2893 2056 2954 in

2147 2892 2203 2944 θα
2264 2886 2432 2944 δὲκαὶ
2483 2888 2778 2954 κλινοπτὴς
2835 2888 3102 2967 εἰσαχθεὶς
3131 2887 3228 2943 καί
3285 2888 3422 2944 κατὰ
3453 2889 3545 2943 τὸν
3601 2887 3794 2970 τόπον,

407 3003 531 3062 quo
563 3001 801 3045 sacrum
826 2982 969 3045 illud
992 3000 1210 3062 corpus
1235 2981 1429 3044 fuerat
1449 2979 1510 3042 in
1539 2989 1700 3042 terra
1722 2982 2054 3045 conditum.

2147 2981 2196 3034 ἓν
2245 2979 2290 3052 ᾦ
2319 2979 2381 3034 τὸ
2408 2979 2546 3056 ἱερὸν
2595 2977 2772 3034 έκεῖνο
2808 2977 2909 3033 ὑπὸ
2961 2983 3062 3055 γῆν
3097 2977 3358 3056 κέκρυπτο
3409 2978 3588 3052 σῶμα,
3621 3000 3794 3034 κατα-

408 3084 462 3148 (ο
486 3072 746 3134 divinam
768 3071 1191 3134 visitationem!
1221 3090 1256 3132 ο
1279 3089 1404 3133 rem
1433 3070 1861 3151 ineffabilem!)
1879 3073 2058 3134 suffe-

2147 3070 2305 3125 τεθεὶς
2370 3065 2439 3145 (ὢ
2493 3068 2635 3131 θείας
2688 3064 3033 3132 ἑπισκοπῆςί
3095 3066 3141 3124 ὢ
3198 3067 3509 3146 πράγματος
3551 3065 3796 3145 ἀποῤῥή-

399 3168 572 3225 cisset
599 3167 830 3239 quidem
864 3166 933 3224 ad
959 3173 1154 3237 aperte
1182 3165 1596 3223 ostendendam
1629 3165 1900 3223 Demetrii
1927 3182 2058 3238 gm-

2147 3179 2230 3214 του
2267 3155 2335 3235 Ξ),
2376 3155 2523 3235 ἤρκει
2581 3156 2680 3230 μὲν
2725 3157 2797 3216 εἰς
2856 3153 3054 3232 δεῖγμα
3111 3155 3274 3234 σαφὲς
3321 3161 3421 3224 τῆς
3488 3159 3796 3233 Δημητρίου

400 3251 544 3314 tiam
577 3260 638 3314 et
669 3251 1194 3331 virtutem,si,cum
1221 3250 1530 3330 depositus
1557 3249 1760 3325 aliquo
1790 3258 2058 3331 tempore

2147 3250 2366 3326 χάριτος
2399 3247 2486 3301 καὶ
2529 3244 2824 3321 δυναμεως,
2860 3246 2946 3302 καὶ
2990 3247 3036 3301 εί
3075 3247 3238 3308 τεθεὶς
3279 3246 3366 3302 καὶ
3425 3246 3621 3326 χρόνον
3674 3248 3794 3304 τινὰ

405 3348 832 3420 exspectasset,
861 3349 920 3401 et
939 3338 1471 3401 vehementissime
1493 3346 1742 3412 orasset,
1772 3339 2058 3402 sensisset

2147 3337 2466 3414 προσμείνας
2529 3336 2618 3391 καὶ
2674 3334 2973 3412 θερμότατα
3016 3333 3219 3402 δεηθεὶς
3277 3333 3468 3410 ᾔσθετο
3523 3337 3622 3403 τῆς
3667 3335 3794 3394 huc

404 3430 716 3493 auxilium.
745 3428 914 3490 Nunc
939 3437 1134 3490 autem
1164 3428 1278 3488 hoc
1303 3435 1392 3488 est
1415 3427 1673 3489 maxime
1698 3429 2062 3503 novum,hoc

409 3527 495 3580 est
533 3519 960 3581 miraculorum
995 3515 1708 3596 illiusjucundissimum,
1734 3517 1890 3598 quod
1925 3537 2059 3580 om-

406 3609 507 3670 nia
559 3607 686 3669 hazc
741 3607 918 3669 simul
967 3613 1426 3680 concurrerunt,
1458 3606 1669 3686 aegroti
1726 3608 1784 3669 in
1838 3607 2060 3690 templo

405 3695 737 3778 depositio,
765 3697 1036 3777 martyris
1094 3714 1202 3777 per
1231 3695 1394 3758 labra
1440 3697 1598 3759 illius
1651 3698 1964 3776 invocatio,
2001 3707 2058 3763 et

404 3787 600 3849 morbi
650 3786 838 3848 facilis
870 3786 1084 3866 ejectio
1119 3786 1270 3866 (19).
1326 3787 1614 3850 Leontius
1646 3797 1762 3850 tam
1797 3789 2055 3852 celerem

402 3885 765 3939 consecutus
795 3877 1193 3956 curationem,
1230 3877 1360 3956 ipse
1411 3895 1648 3960 quoque
1678 3879 1962 3957 celerem,
1997 3887 2061 3941 ut

402 3966 622 4049 potuit,
647 3966 848 4028 reddit
879 3967 1450 4030 remunerationem.

485 4055 589 4118 25.
628 4054 773 4117 Nam
803 4072 936 4117 cum
962 4056 1415 4137 domunculam,
1440 4057 1498 4118 in
1516 4076 1631 4139 qua
1652 4076 1890 4122 sacrum
1922 4078 2059 4124 cor-

405 4163 521 4229 pus
579 4145 852 4226 martyris
882 4145 1218 4227 depositum
1253 4145 1383 4222 fuit,
1418 4165 1550 4226 quae
1597 4157 1722 4211 erat
1754 4168 1929 4230 parva
1959 4151 2060 4213 ad-

403 4235 648 4298 modum
709 4245 768 4298 et
797 4244 1065 4316 angusta,
1100 4244 1160 4297 et
1218 4235 1431 4298 lavacri
1482 4237 1708 4299 ambitu
1741 4257 1809 4300 ac
1864 4239 2056 4303 stadio

402 4327 763 4408 intercepta,
813 4326 1149 4402 evertisset,
1188 4325 1472 4407 templum
1525 4327 1585 4388 in
1639 4327 1767 4406 ipsa
1822 4329 2060 4391 civitate

402 4414 828 4479 Thessalonica
853 4415 928 4478 ab
953 4413 1102 4496 ipsis
1119 4416 1408 4477 exstruxit
1431 4415 1838 4478 fundamentis
1864 4438 1876 4480 :
1903 4419 2057 4498 quod

2143 3426 2376 3504 κουρίας.
2411 3424 2515 3482 Νῦν
2563 3422 2616 3480 δὲ
2645 3423 2802 3482 τοῦτό
2847 3424 2956 3481 ἐστι
2985 3426 3047 3481 τὸ
3109 3425 3445 3502 καινότατον,
3479 3431 3634 3483 τοῦτο
3685 3432 3794 3484 τῶν

2144 3515 2344 3572 ἐκείνου
2395 3515 2680 3589 θαυμάτων
2723 3515 2784 3571 τὸ
2814 3514 3195 3596 χαριέστατον,
3227 3513 3306 3570 ὅτι
3363 3516 3497 3591 ὁμοῦ
3544 3514 3793 3595 συνέδρα-

2145 3625 2211 3682 με
2271 3605 2466 3682 πάντα,
2501 3606 2536 3674 ἡ
2591 3603 2645 3660 ἐν
2676 3610 2754 3678 τῷ
2798 3607 2909 3678 ναῷ
2950 3611 3042 3661 τοῦ
3087 3607 3364 3668 νοσοῦντος
3422 3605 3725 3680 κατάθεσις,
3757 3608 3792 3674 ἡ

2142 3702 2232 3752 τοῦ
2297 3703 2560 3774 μάρτυρος
2620 3692 2704 3749 διὰ
2761 3699 2867 3750 τῶν
2934 3693 3135 3750 ἐκείνου
3181 3693 3415 3774 χειλέων
3473 3693 3790 3768 ἀνάκλησις,

2141 3787 2228 3841 καί
2285 3786 2320 3852 ἡ
2378 3787 2470 3841 τοῦ
2512 3785 2816 3859 νοσήματος
2875 3785 3107 3864 εὐχερὴς
3163 3784 3440 3849 ἀπόθεσις.
3482 3783 3633 3841 Οὕτω
3687 3808 3794 3842 τα·-

2141 3877 2298 3956 χείας
2356 3876 2582 3938 Λεόντος
2657 3874 2754 3942 τῆς
2799 3875 3075 3954 θεραπείας
3134 3874 3341 3955 τυχὼν,
3408 3875 3635 3954 ταχεῖαν
3706 3877 3797 3933 κ²ὶ

2143 3967 2326 4040 αὐτὸς,
2359 3966 2431 4028 ὡς
2463 3965 2617 4044 εἶχε,
2650 3965 2749 4031 τὴν
2779 3960 3014 4038 ἀμοιϐὴν
3047 3961 3354 4022 ἀποδίδωσι.

2221 4069 2332 4148 κγ’,
2404 4069 2500 4127 Καὶ
2555 4070 2648 4124 τὸν
2691 4069 2881 4146 μικρὸν
2940 4068 3193 4148 οἷκίστον,
3240 4066 3298 4132 ὃς
3359 4070 3420 4126 τδ
3475 4071 3614 4149 ἱερῖιν
3667 4069 3800 4152 εἶχε

2140 4165 2232 4216 τοῦ
2286 4159 2546 4238 μάρτυρος
2605 4163 2783 4232 σῶμα,
2819 4155 2904 4213 ἐπὶ
2959 4157 3188 4235 βραχέος
3243 4157 3441 4235 κομιδῆ
3478 4161 3565 4216 καὶ
3614 4169 3801 4218 στενοῦ

2141 4255 2234 4305 τοῦ
2293 4248 2580 4327 σχήματος
2635 4244 2786 4323 ὅντα,
2823 4259 2939 4308 τοῖς
2985 4244 3287 4326 περιϐόλοις
3345 4270 3399 4304 τε
3431 4255 3522 4307 τοῦ
3575 4248 3801 4330 λουτροῦ

2143 4340 2230 4394 καὶ
2279 4339 2355 4410 τῷ
2378 4336 2570 4411 σταδίῳ
2616 4334 3046 4416 ἀπειλημμένον,
3077 4337 3447 4414 καταστρέψας
3505 4341 3685 4412 αὐτὸς,
3722 4343 3798 4407 είς

2143 4428 2266 4483 ναὸν
2327 4427 2468 4501 ανδτῷ
2511 4431 2588 4499 τῷ
2620 4424 2768 4483 ἄστει
2821 4424 3210 4494 Θεσσαλονίκης
3243 4425 3294 4493 ἐξ
3347 4427 3518 4484 αὑτῶν
3549 4426 3796 4506 ἐδείματο

400 4525 564 4569 nunc
589 4525 829 4588 quoque
861 4506 1132 4567 cernitur
1161 4503 1428 4595 medium
1462 4504 1620 4566 inter
1649 4504 1948 4586 publicum
1975 4509 2051 4570 la-

2147 4520 2238 4571 ιῶν
2292 4513 2585 4593 κρῆπίὸωνο
2621 4514 2678 4578 ὅς
2712 4521 2803 4572 καί
2847 4522 2932 4572 νῦν
2961 4517 3147 4593 ὁρᾶται
3209 4517 3373 4593 μέσος
3414 4525 3508 4575 τοῦ
3536 4503 3796 4595 δημοσίου

403 4613 642 4658 vacrum
687 4604 748 4657 et
775 4593 1031 4656 stadium
1085 4592 1492 4674 pulcherrime
1521 4593 1846 4657 excitatum
1884 4595 2047 4678 (20):

2135 4604 2356 4684 λουτροῦ
2412 4606 2500 4660 καὶ
2556 4611 2646 4661 τοῦ
2698 4602 2904 4662 σταδίου
2969 4604 3230 4662 κάλλιστα
3288 4604 3594 4686 διηρμένος,
3645 4607 3794 4666 οὔδε-

474 4757 612 4838 (ΓΖ)
646 4755 811 4813 "Illic
831 4755 1014 4838 δεξιαί
1043 4753 1318 4838 filim!!!“
1350 4731 1482 4838 cui,“
1509 4753 1695 4838 Πιέρᾳ,
1720 4755 2053 4838 Μεεψρῐο-
2136 4764 2412 4838 Passione
2443 4764 2711 4838 nuspiam
2743 4773 3038 4830 narratur,
3072 4764 3246 4838 idque
3302 4766 3562 4838 prolude,
3595 4779 3795 4838 utpote

400 4825 496 4901 gio
536 4825 794 4901 Romano
822 4825 1062 4898 aliisque
1115 4825 1276 4901 fastis
1310 4826 1490 4882 sacris
1523 4827 1593 4901 ad
1627 4825 1780 4901 diem
1810 4825 1880 4884 25
1927 4831 2055 4890 Au-

401 4895 552 4970 gusti
585 4899 882 4969 inscripto,
913 4895 1038 4954 esse
1075 4895 1361 4959 eumdem,
1385 4898 1766 4970 verosimilius
1798 4913 2052 4970 apparet,

400 4956 507 5028 Καὶ
542 4956 1261 5027 ίιθτυωᾮοὲηωοῑηπίυω
1298 4956 1592 5036 prmvium,
1630 4956 1908 5028 humidi

476 5043 584 5108 (18)
643 5041 940 5111 Lipomani
997 5039 1390 5111 interpretaiio
1423 5039 1646 5102 hic.utl
1707 5048 1761 5098 et
1809 5044 1866 5100 in
1925 5045 2052 5103 aliis

402 5108 726 5184 nonnullis;
754 5126 904 5183 quae.
931 5113 1090 5184 quod
1127 5108 1317 5184 minus
1349 5119 1546 5184 notatu
1578 5113 1748 5184 digna
1795 5118 1930 5181 sint,
1967 5119 2059 5174 in-

403 5183 700 5242 observata
735 5180 1031 5255 praetergo,
1057 5181 1250 5255 Graeco
1274 5180 1665 5255 iletapbrastis
1695 5185 1874 5244 textui
1907 5180 2057 5245 haud

403 5258 544 5314 satis
576 5251 876 5314 consonat.
935 5251 1040 5310 Hic
1069 5253 1222 5309 enim
1275 5251 1346 5308 de
1403 5253 1643 5312 Leontio
1700 5257 1783 5314 sic
1841 5260 2052 5317 habet:

405 5331 493 5392 Et;
524 5327 696 5394 δὲτὴν
731 5325 918 5384 Δακῶν
949 5325 1315 5403 ἀπιὼν,ί(ιυω
1338 5323 1521 5388 verba
1549 5327 1780 5401 Latine,
1809 5347 1928 5390 non
1953 5349 2058 5403 per

405 5405 526 5464 haec
553 5408 829 5479 pro/actus
862 5402 1316 5479 Thessalonicam.
1339 5405 1438 5479 sed
1470 5420 1570 5476 per
1620 5410 1816 5466 isthmc
1846 5410 1910 5466 Ῑη
1943 5402 2057 5466 ὓσ-

405 5473 910 5551 ciam'proﬁcissem
938 5486 1105 5551 recte,
1121 5473 1458 5551 reddideris.

481 5548 592 5623 (t9)
646 5548 1131 5623 Leontium-qut.
1163 5548 1530 5623 quandonam
1569 5551 1800 5608 circiter
1840 5552 2056 5610 verosi-

406 5619 606 5694 mitius
634 5619 1260 5694 ﬂoruit.Commentarii
1284 5620 1478 5694 βιωνῆ
1509 5635 1672 5694 num.
1699 5623 1767 5678 74
1795 5637 1859 5680 ex
1872 5627 2055 5694 posui,

406 5693 847 5766 sanitatitulsse
877 5707 920 5766 a_
957 5699 1158 5748 sancto
1188 5689 1480 5766 Demetrio
1529 5693 1858 5766 prodigiose
1873 5689 2058 5754 'resti-l

406 5773 610 5835 tatam,
643 5765 704 5824 in
758 5763 1031 5824 Photiana
1088 5772 1142 5821 et
1201 5762 1576 5824 Anastasian'a
1629 5762 1818 5825 Sancti
1873 5769 2058 5829 nostri

2140 4840 2200 4912 in
2242 4837 2418 4912 nullo_
2441 4836 2612 4912 etiam
2646 4836 3174 4912 aliomonumento
3232 4836 3371 4912 satis
3400 4841 3638 4912 antiquo
3666 4836 3802 4900 tun-

2139 4911 2355 4973 datum,
2388 4907 2557 4964 debet
2584 4907 2780 4965 haberi
2809 4922 2912 4978 pro
2944 4908 3252 4966 admodum
3280 4907 3588 4976 dubio,etsl
3625 4914 3796 4971 etiam

2140 4983 2212 5056 ab
2263 4991 2552 5056 anonymo
2606 4978 2798 5056 Sancti
2836 4981 3016 5056 nostri
3059 4981 3400 5056 biographo,
3463 4986 3560 5056 qui
3625 4984 3795 5042 hleta-

2140 5052 2358 5126 phrasti
2393 5050 2684 5126 piaeluxit,
2727 5052 3020 5126 memoria
3057 5050 3352 5126 prodatur.

2211 5123 2323 5194 (ἳο)
2382 5122 2524 5180 Cum
2558 5122 2986 5194 Metaphrastes,
3020 5124 3116 5192 qui
3179 5125 3286 5181 hoc
3337 5126 3557 5193 scribit,
3587 5127 3799 5185 saeculo

2139 5194 2642 5271 dectmoprimum
2676 5194 2957 5271 floruerit,
2981 5195 3565 5271 templumque,quod
3581 5199 3800 5271 Sancto

2140 5276 2339 5324 nostro
2375 5263 2648 5338 Leontius
2677 5263 3518 5338 Thessalonica!exstr'uxer'at,
3542 5270 3796 5335 aliudve,

2139 5338 2296 5409 quod
2326 5337 2460 5412 isti,
2478 5337 2736 5394 fortassis
2769 5334 2890 5412 jam
2930 5337 3221 5412 destructo
3273 5334 3620 5412 collapsove,
3652 5334 3802 5400 sub-4

2140 5407 2404 5467 stitutum
2437 5408 2638 5470 fuerat,
2665 5407 2871 5479 saeculo
2892 5410 3161 5479 septimo,
3185 5412 3266 5466 uti
3289 5411 3348 5468 iu
3369 5407 3800 5471 Commentario

2139 5481 2355 5609 praevio
2414 5491 2576 5560 num:
2609 5479 2678 5534 95
2710 5478 2830 5548 jam
2892 5478 3084 5550 docui,
3120 5482 3289 5539 tuerit
3335 5493 3624 5566 exustum,
3658 5499 3801 5542 sane

2181 5563 2333 5609 anctt
2395 5560 2578 5608 nostri
2640 5551 3126 5609 temnium.auod
3186 5553 3576 5609 Metanhraaus
3632 5565 3801 5609 mata

2181 5553 2333 5611 aucti
2395 5551 2578 5622 nostri
2640 5551 2939 5622 templum,
2972 5552 3126 5622 quod
3186 5553 3576 5622 Metaphrastis
3632 5565 3801 5614 aetate

2141 5639 2242 5682 seu
2281 5620 2491 5680 saeculo
2521 5622 2743 5678 decimo
2775 5621 2964 5680 media
2991 5620 3080 5680 ‘in
3113 5623 3257 5682 urbe
3292 5620 3795 5686 Thessalonicensi

2143 5695 2330 5774 adhuc
2362 5692 2977 5774 cernebatur,_nequid
3014 5693 3194 5753 fuisse
3229 5695 3366 5759 illud
3397 5701 3606 5774 ipsum,
3638 5698 3797 5774 quod

2143 5781 2176 5825 a
2207 5766 2447 5829 Leontio
2485 5764 2699 5825 ibidem
2731 5764 2913 5826 fuerat
2944 5776 3215 5828 erectum.
3417 5764 3459 5788 "
