4100 6410
345 331 491 399 1201
1427 329 1466 400 S
1531 338 1910 402 DEMETRII
1965 337 2364 403 MARTYBIS
2405 338 2626 404 ACTA.
3563 343 3718 416 1202

335 472 428 536 νὺς
484 477 589 528 τῶν
646 470 826 528 ἄλλων
881 471 994 528 ὅσοι
1025 471 1157 551 πρὸς
1197 473 1371 546 θαῦμα
1416 472 1500 529 κσὶ
1541 471 1739 543 ἡδονὴν
1771 475 1972 558 ὀφθαλ-

2065 473 2508 556 pulchritudine
2531 475 2690 536 enim
2724 482 2782 538 et
2803 476 3216 558 magnitudine
3247 478 3396 543 nulli
3426 480 3524 544 alii
3551 483 3712 546 cedit

334 563 468 632 μοὺς
520 569 724 618 κινοῦσι
796 560 1023 626 κάλλους
1093 562 1129 631 ἢ
1183 561 1464 642 μεγέθους,
1523 562 1972 644 ἀπολειπόμενος.

2066 583 2134 627 ex
2160 565 2232 626 iis
2251 583 2382 648 quae
2405 573 2650 630 movent
2673 567 2877 629 oculos
2898 570 2970 630 ad
2986 569 3448 634 admirationem
3472 580 3532 634 et
3550 575 3712 638 volu-

337 650 564 707 Μέλλων
608 649 663 707 δὲ
707 653 735 708 6
780 649 1098 731 φιλευσεϐὴς
1130 651 1280 718 οὗτος
1309 653 1398 709 καὶ
1429 653 1558 730 πρὸς
1599 655 1659 710 τὸ
1685 653 1972 736 Ἰλλυρικὸι

2066 657 2615 739 ptatem.Ahiturus
2647 667 2842 720 autem
2877 661 2973 723 hic
3004 661 3099 722 vir
3126 665 3257 743 pius
3290 663 3350 724 in
3372 661 3706 744 Illyricum,

334 741 576 814 ἀπιέναι,
608 742 699 798 καί
740 763 858 798 τινα
915 747 1022 798 τῶν
1081 747 1256 819 μερῶν
1305 747 1399 798 τοῦ
1426 744 1568 815 ἱεροῦ
1599 743 1850 811 σώματος
1881 745 1972 803 λα-

2063 762 2193 806 cum
2218 749 2389 807 vellet
2413 749 2657 820 aliquam
2699 760 2922 821 partem
2953 753 3102 810 sacri
3127 741 3394 824 corporis
3423 741 3707 828 accipere,

332 827 452 887 δεῖν
496 830 798 907 βουληθεὶς,
853 831 993 888 ὥστε
1036 831 1258 888 actitata:
1315 833 1440 890 ναὸν
1482 837 1560 906 τῷ
1599 833 1781 893 ὶκλεεῖ
1835 836 1972 913 μάρ-

2065 834 2261 924 utillic
2283 853 2522 917 quoque
2544 837 2830 900 excitaret
2851 838 3138 920 templum
3162 839 3422 918 glorioso
3435 844 3706 924 martyri.

329 942 448 999 τυρι
499 919 822 1000 ἀναστῆσαι,
883 923 978 980 οῦκ
1034 921 1165 1000 ἔσχε
1225 919 1634 981 συνευδοκοῦντα
1676 925 1767 980 τὸν
1798 925 1972 1003 ἅγιον,

2065 922 2314 986 Sanctus
2337 942 2457 985 non
2486 933 2577 986 est
2627 925 2681 986 ei
2713 919 3017 1002 assensus,
3045 928 3151 989 sed
3186 931 3494 992 nocturnis
3514 919 3707 1014 appa-

330 1009 470 1066 ἆλλᾰ
529 1023 860 1089 νυκτεριναῖς
920 1011 1076 1068 αῦτδν
1121 1009 1451 1089 ἐπιφανείαις
1511 1012 1679 1092 εἴργει
1723 1022 1819 1072 τοῦ
1849 1017 1972 1072 bitt-

2063 1013 2378 1074 ritionibus
2404 1031 2538 1074 eum
2566 1023 2725 1076 arcet
2749 1033 2783 1076 a
2812 1024 3027 1097 coepto.
3060 1015 3387 1098 Propterea
3417 1009 3705 1100 secunda,

329 1100 695 1180 χειρήματος.
737 1100 834 1155 Διᾶ
863 1106 1030 1156 ταῦτα
1062 1101 1146 1156 καὶ
1178 1097 1420 1174 δεύτερον
1452 1103 1643 1178 πλοῦν,
1677 1105 1704 1160 δ
1735 1103 1972 1186 λέγεται,

2063 1113 2131 1164 ιιι
2161 1102 2398 1191 dicitur,
2428 1103 2802 1184 navigatione
2824 1124 2958 1166 cum
2991 1097 3366 1187 chlamydem
3403 1097 3700 1191 martyris,

331 1190 432 1256 τὴν
461 1188 712 1268 χλαμύδα
755 1197 848 1245 τοῦ
891 1189 1152 1268 μάρτυρος
1187 1203 1406 1256 σεπτοῖς
1452 1191 1645 1267 α“ίμασι
1677 1207 1797 1258 τοῖς
1840 1193 1972 1249 ἐκεί-

2063 1210 2194 1272 qum
2213 1189 2370 1254 illius
2397 1193 2732 1255 venerando
2763 1195 3053 1274 sanguine
3070 1195 3176 1257 fuit
3206 1188 3599 1275 cruentata,et
3630 1219 3705 1263 ex

331 1299 423 1334 νου
464 1279 912 1358 πεφοινιγμένην,
971 1280 1058 1336 καί
1104 1281 1195 1335 τοῦ
1246 1278 1484 1354 ἐπωμίσι)
1515 1279 1715 1362 λαϐὼν,
1749 1283 1776 1340 ὃ
1806 1283 1972 1350 σύνη-

2063 1281 2191 1362 ejus
2212 1281 2688 1360 superhumerali
2711 1282 2936 1360 aliquid
2959 1285 3482 1367 accepisset,quod
3505 1289 3706 1352 solent

324 1372 412 1433 θες
450 1368 659 1448 ὂράριον
689 1369 993 1444 ὀνομάζειν,
1023 1369 1109 1426 καί
1139 1365 1355 1442 κιϐωτῷ
1384 1369 1533 1445 τιμίᾳ
1561 1373 1622 1427 τὸ
1658 1370 1874 1439 ἀληθῶς
1903 1373 1972 1428 τί·

2063 1373 2350 1446 appellare
2372 1375 2712 1439 orarium,et
2733 1374 2789 1430 in
2813 1376 3060 1447 pretiosa
3093 1365 3404 1449 arca,quod
3428 1394 3558 1437 vere
3579 1391 3704 1440 erat

325 1480 451 1533 μιον
509 1457 889 1533 καταθέμενος,
941 1457 1079 1514 οὕτω
1118 1463 1194 1531 τῷ
1237 1459 1458 1537 μάρτυρι
1506 1459 1606 1535 μὲν
1633 1461 1855 1541 ἀφοσιοῖ
1880 1463 1972 1519 τὸν

2063 1457 2874 1529 pretiosum,deposuisset.sic
2887 1462 3158 1534 martyris
3179 1461 3411 1533 quidem
3433 1465 3706 1525 satisfecit

323 1548 514 1620 πόθον,
549 1549 719 1620 ἑαυτῴ
751 1546 802 1603 δὲ
833 1548 931 1614 τὴν
964 1548 1224 1623 μεγίστην
1256 1561 1618 1624 περιποιεῖται
1651 1549 1971 1630 ἀσφάλειαν.

2063 1543 2454 1617 desiderio,et
2475 1543 2592 1605 sibi
2617 1546 2929 1606 maximam
2955 1545 3273 1623 acquisivit
3291 1550 3696 1615 securitatem.

407 1635 518 1695 κδ’.
550 1635 770 1711 Ἀμέλει
823 1637 910 1693 καὶ
941 1637 1041 1704 τὴν
1073 1637 1167 1694 έπῖ
1197 1639 1259 1694 τὸ
1316 1638 1536 1714 Σίρμιον
1593 1637 1703 1716 ὥρᾳ
1756 1646 1972 1720 χειμῶ-

2137 1637 2240 1701 24.
2266 1639 2444 1702 Gerle
2469 1658 2604 1700 cum
2633 1639 2848 1701 hiemis
2882 1647 3148 1720 tempore
3173 1659 3524 1705 reversurus
3544 1643 3605 1705 in
3627 1643 3706 1707 Il-

325 1747 416 1791 νος
468 1723 751 1783 διαϐαίνειν
808 1725 1045 1801 μέλλων,
1101 1726 1205 1794 ἤδη
1263 1727 1404 1804 παρᾶ
1446 1739 1572 1791 ταῖς
1634 1726 1827 1808 ὄχθαις
1884 1737 1972 1789 τοῦ

2063 1729 2304 1808 lyricum
2341 1727 2488 1808 (21),
2521 1727 2596 1790 ob
2628 1728 2786 1790 seria
2830 1729 3098 1807 quaedam
3143 1731 3382 1809 negotia
3411 1733 3696 1796 Sirmium

324 1814 540 1893 Ἴστρου
583 1815 896 1894 γενόμενος,
954 1813 1049 1872 Eni
1108 1814 1274 1881 πολὺς
1332 1802 1398 1882 ἧν
1455 1802 1708 1896 ἐκεῖνος,
1741 1818 1829 1873 καὶ
1891 1817 1972 1875 ἰπὶ

2063 1802 2494 1899 praperaret,et
2517 1817 2642 1898 jam
2679 1802 3044 1898 pervenisset
3072 1819 3145 1879 ad
3173 1802 3331 1899 ripas
3365 1820 3517 1896 Istri,
3555 1839 3703 1901 quo-

324 1905 471 1982 μέγα
529 1907 591 1962 τὸ
647 1904 855 1984 ῥεῖθρον
911 1901 1128 1984 ἐξαίρων
1199 1907 1434 1963 εντεῦθεν
1519 1925 1576 1960 τε
1632 1902 1809 1963 οῦδενί
1866 1910 1973 1964 τῶν

323 1995 544 2052 πάντων
587 1992 835 2058 διαϐατὸς
879 1994 1158 2072 γινόμενος
1190 2007 1204 2023 ⁸
1240 1994 1329 2049 καὶ
1359 1995 1386 2049 6
1420 1993 1521 2068 μὲν
1565 1991 1761 2074 χρόνος
1807 1996 1973 2060 πολὺς

324 2083 524 2157 μεταξὺ
570 2084 658 2158 ἦν,
707 2082 870 2160 ἔληγε
931 2081 984 2138 δὲ
1028 2081 1273 2158 οὐδαμῶς
1337 2084 1395 2140 τὸ
1439 2083 1669 2164 ῥεῖθρον,
1706 2083 1843 2142 ἀλλὰ
1887 2088 1974 2142 καὶ

323 2171 406 2230 ἔτι
461 2187 578 2237 τοῖς
661 2171 1006 2250 βοδλομέιοις
1065 2172 1367 2251 ἀπηγόρευε
1424 2172 1522 2241 τὴν
1593 2170 1856 2249 διάϐασιν,
1921 2174 1975 2231 ἐν

324 2263 571 2340 ἀθυμίαις
616 2265 644 2319 6
689 2263 822 2342 ἀνὴρ
863 2262 928 2331 ἧν
956 2261 1246 2340 λογισμοῖς
1277 2283 1334 2318 τε
1393 2259 1647 2320 ἐϐάλλετο
1702 2267 1791 2320 καὶ
1828 2265 1971 2322 ἀπο-

325 2353 415 2431 ρέᾳ
470 2352 1114 2433 συνείχετο.⁹Επιιρανεὶς
1159 2351 1248 2408 οὖν
1307 2353 1332 2408 6
1388 2354 1538 2416 θεῖος
1593 2356 1734 2426 αὒτῷ
1771 2356 1973 2429 Δημή-

321 2463 495 2518 τριος,
529 2447 711 2497 Πᾶσαν
769 2441 1016 2513 ἀθυμίαν,
1077 2440 1202 2521 ἔφη,
1249 2441 1336 2497 καὶ
1393 2438 1650 2497 ἀπιστίαν
1682 2440 1762 2499 ὅτι
1794 2443 1974 2524 πόρῤω

320 2530 548 2605 θέμενος
578 2532 684 2588 ὰπὸ
729 2535 825 2598 τῆς
861 2535 1072 2611 ψυχῆς,
1120 2533 1148 2588 6
1177 2530 1402 2610 ἐπιφέρῃ
1433 2531 1570 2606 μετὰ
1601 2545 1795 2612 χεῖρας
1829 2531 1974 2614 ἔχων

324 2618 543 2692 διάϐηθι
576 2622 666 2678 τὸν
700 2643 940 2700 ποταμρν
971 2619 1329 2686 ἀδισιάκτως.

407 2890 491 2947 κε’
505 2939 518 2954 ,
567 2891 806 2948 Πείθεται
859 2892 935 2965 τῷ
993 2890 1207 2970 φανέντι
1275 2894 1303 2948 6
1361 2890 1627 2972 ἔπαρχος,
1673 2893 1766 2949 καί
1812 2890 1972 2949 ἕωθεν

324 2988 422 3039 τοῦ
477 2983 762 3062 ὀχήματος
819 2977 1008 3042 ἔπιϐὰς
1063 2979 1260 3060 ἐχώρει
1305 2978 1391 3037 διὰ
1431 2989 1525 3040 τοῦ
1575 2982 1775 3061 ῥείθρου
1837 2982 1974 3057 μετὰ

323 3083 523 3152 χεῖρας
577 3072 675 3139 τὴν
741 3070 898 3147 σορὸν
953 3067 1126 3149 ἔχων,
1185 3068 1294 3127 ἄνω
1373 3067 1428 3126 δὲ
1487 3072 1611 3129 τοὺς
1669 3070 1973 3152 ὀφθαλμοὺς

2058 1907 2216 1967 niam
2235 1906 2285 1968 is
2303 1913 2736 1979 excreverat,et
2753 1925 3026 1986 magnum
3041 1907 3696 1989 attollebat,ﬂuentum,

2059 2004 2117 2057 et
2151 2005 2462 2076 propterea
2491 2015 2524 2056 a
2554 1995 2716 2058 nullo
2740 2005 2971 2076 poterat
2991 1996 3235 2058 omnino
3269 2000 3701 2074 transmitti,et

2061 2083 2307 2145 multum
2340 2084 2581 2163 quidem
2615 2084 2902 2167 temporis
2933 2086 3376 2159 intercesserat,
3412 2089 3700 2150 ﬂuentem

2058 2180 2252 2234 autem
2287 2173 2534 2237 minime
2565 2175 2856 2248 cessabat,
2913 2175 3020 2236 sed
3057 2174 3130 2236 iis
3160 2175 3264 2256 qui
3296 2179 3701 2240 transmittere

2058 2262 2716 2344 volebant,prohibebat
2737 2265 3048 2326 transitum
3072 2264 3226 2345 (22);
3248 2265 3298 2326 is
3318 2265 3699 2330 afﬁciebatur

2059 2371 2270 2432 magna
2289 2352 2473 2415 animi
2504 2354 2876 2435 aegritudine,
2901 2363 2958 2416 et
2987 2363 3113 2416 erat
3146 2355 3314 2417 valde
3339 2356 3700 2437 cogitabun—

2058 2442 2257 2518 dus,et
2289 2443 2630 2506 versabatur
2651 2444 2711 2505 in
2744 2444 3021 2525 perplexa
3055 2444 3529 2509 dubitatione.Ei
3559 2464 3696 2509 vero

2057 2549 2352 2613 apparens
2374 2533 2610 2595 divinus
2630 2532 2968 2596 Demetrius
2999 2551 3013 2594 :
3052 2534 3249 2609 Omni,
3285 2533 3700 2616 inquit,animi

2057 2622 2409 2699 aegritudine
2431 2631 2490 2685 et
2508 2622 2925 2686 incredulitate
2942 2623 3149 2705 procul
3174 2623 3366 2705 ejecta
3382 2622 3453 2685 ab
3474 2624 3699 2702 animo,

2059 2711 2216 2792 quod
2249 2720 2445 2775 tecum
2477 2712 2859 2792 fers,gestans
2889 2713 3192 2791 manibus,
3230 2713 3417 2776 transi
3448 2715 3700 2778 ﬂiivitim

2057 2800 2206 2862 citra
2239 2800 2690 2864 dubitationem.
3581 2869 3596 2878 ,

2135 2890 2235 2954 25.
2269 2889 2441 2952 Paret
2467 2892 2782 2972 praefectus
2815 2891 2870 2952 ei
2902 2891 3004 2969 qui
3037 2901 3397 2972 apparuerat
3426 2914 3440 2958 :
3476 2902 3531 2956 et
3565 2912 3702 2957 cum

2056 2999 2230 3042 mane
2260 2979 2628 3042 ascendisset
2664 2979 3031 3056 vehiculum,
3069 2999 3176 3062 per
3205 2983 3433 3046 ﬂumen
3461 3003 3702 3065 capsam

2057 3077 2297 3151 portans
2330 3069 2626 3145 manibus,
2663 3079 2720 3132 et
2752 3087 2886 3132 cum
2936 3069 3138 3132 animo
3191 3081 3407 3134 tenens
3467 3081 3701 3137 erectos

325 3160 466 3226 μετὰ
521 3163 620 3226 τῆς
665 3160 874 3240 ψυχῆς,
921 3159 1107 3238 ἡσυχῆ
1147 3165 1242 3216 τοῦ
1274 3159 1532 3237 ῥεύματος
1560 3160 1970 3241 ὑποχωροῦντος

2063 3179 2288 3241 quoque
2314 3160 2546 3237 oculos,
2580 3159 2988 3242 gradiebatur,
3022 3161 3243 3224 ﬂuento
3293 3163 3470 3225 tacite
3523 3181 3701 3227 rece-

324 3249 498 3325 αὒτῷ,
529 3247 620 3306 καί
665 3247 907 3314 εἴκοντος
937 3248 1192 3323 νεύμασιν
1241 3248 1502 3323 ἀθεάτοις,
1537 3249 1684 3314 ἀξίαν
1715 3249 1814 3325 μὲν
1841 3251 1972 3307 θαύ-

2063 3249 2259 3328 dente,
2295 3258 2354 3313 et
2383 3251 2639 3313 cedente
2701 3249 2964 3332 nutibus,
3000 3251 3102 3333 qui
3161 3271 3283 3314 non
3340 3253 3557 3315 cadunt
3587 3254 3700 3316 sub

324 3360 516 3415 ματος,
549 3338 610 3395 οὔ
638 3338 747 3412 μὴν
773 3337 984 3403 ἀναξίαν
1015 3336 1111 3394 καῖ
1143 3343 1242 3405 τῆς
1271 3339 1402 3416 πρὸς
1450 3340 1544 3395 τὸν
1574 3339 1835 3418 τμάρτυρα
1876 3339 1972 3396 πί-

2063 3348 2358 3420 aspectum
2388 3361 2405 3418 ;
2437 3339 2681 3420 dignum
2709 3339 2949 3421 quidem
2984 3340 3408 3419 admiratione,
3443 3345 3561 3406 ﬁde
3587 3363 3700 3408 au-

326 3449 524 3502 στεως,
548 3429 646 3495 τὴν
671 3425 912 3483 διάϐασιν
939 3428 1200 3488 ὑποστάς.
1233 3428 1413 3491 Οὕτως
1445 3427 1532 3484 οὖν
1563 3425 1804 3494 ἀϐλαϐὴς
1834 3425 1970 3484 διελ-

2063 3438 2200 3504 tem,
2230 3447 2404 3512 quam
2455 3428 2714 3492 habebat
2762 3429 2824 3492 in
2857 3440 3200 3512 martyrem,
3239 3451 3358 3493 non
3390 3433 3703 3514 indignum

322 3519 458 3598 θὼν,
491 3519 575 3574 καὶ
605 3519 736 3593 πρὸς
768 3523 844 3592 τῷ
885 3517 1090 3595 Σιρμίῳ
1145 3517 1432 3596 γενόμενος
1465 3518 1561 3586 τὴν
1589 3518 1731 3594 ἱερὰν
1763 3516 1970 3585 ἐκείνην

2063 3518 2300 3581 subiens
2332 3519 2642 3580 transitum
2674 3517 2826 3601 (93).
2859 3517 3004 3582 Cum
3038 3520 3123 3581 sic
3155 3538 3294 3601 ergo
3329 3521 3552 3585 illaesus
3589 3532 3706 3586 tra-

326 3608 486 3687 σορὸν
527 3607 662 3682 μετὰ
718 3612 810 3664 τοῦ
867 3606 920 3662 ἒν
979 3605 1113 3683 αὗτῇ
1169 3610 1435 3676 θησαυροῦ
1479 3611 1556 3680 τῷ
1625 3605 1749 3685 παρ’
1811 3611 1972 3665 αὐτοῦ

2063 3609 2319 3690 iecisset,
2350 3617 2409 3670 et
2439 3607 2726 3670 Sirmium
2790 3611 3180 3690 pervenisset,
3241 3629 3473 3674 sacram
3534 3612 3702 3676 illam

326 3695 697 3775 νεουργηθέντι
743 3700 853 3769 ναῷ
883 3701 958 3770 τῷ
1002 3697 1223 3774 μάρτυρι
1273 3693 1508 3756 δίδωσιν.
1569 3695 1660 3754 Ἐν
1717 3697 1972 3774 γειτόνων

327 3785 384 3843 δὲ
445 3785 597 3852 οὗτος
654 3789 730 3857 τῷ
783 3790 883 3851 τῆς
935 3784 1240 3842 καλλινίκου
1296 3785 1586 3864 μάρτυρος.
1621 3781 1972 3848 Ἀναστασίας

327 3870 535 3949 ἵδρυται
592 3881 746 3950 σηκῷ
779 3890 794 3906 ⁹
849 3875 942 3931 ἵνα
1002 3876 1089 3932 καὶ
1149 3875 1404 3954 μάρτδρες
1463 3875 1720 3952 μάρτυσιν
1771 3872 1880 3929 ἅνω
1914 3895 1972 3930 τε

327 3967 416 4023 καὶ
446 3965 593 4022 κάτω
637 3978 760 4030 ταῖς
791 3977 1020 4032 σκηναῖς
1066 3962 1442 4036 πλησιάζουσι.
1490 3963 1706 4020 Πολλῶν
1737 3962 1836 4038 μὲν
1867 3967 1972 4020 τῶν

326 4055 610 4132 θαυμάτων
668 4052 874 4122 δηλαδὴ
931 4052 1026 4110 καί
1086 4055 1305 4128 ίάσεων,
1349 4055 1438 4110 καὶ
1506 4051 1634 4132 παρ’
1692 4054 1858 4123 αὐτήν
1912 4075 1973 4132 γε

326 4147 430 4214 τὴν
459 4144 578 4202 ὁδὸν
609 4142 856 4202 πλεῖστοι
911 4148 1011 4211 τῆς
1063 4143 1380 4222 ἆγιαστικῆς
1431 4142 1637 4210 ἐκείνης
1675 4141 1973 4222 φερομένης

328 4232 604 4316 χλαμύδος
677 4233 982 4290 ἀπέλαυσαν
1058 4233 1240 4314 χάριτι
1292 4234 1378 4289 καὶ
1460 4230 1683 4310 δυνάμει
1743 4240 1974 4312 Χριστοῦ

2056 3716 2296 3778 capsam
2331 3715 2463 3758 cum
2500 3698 2797 3774 thesauro,
2834 3716 3012 3775 quam
3051 3699 3351 3773 servabat,
3403 3701 3460 3762 in
3492 3719 3707 3765 recens

2059 3793 2366 3849 exstructo
2400 3785 2530 3848 istic
2570 3786 2790 3868 templo
2822 3786 3087 3868 deponit.
3121 3787 3259 3850 Erat
3286 3798 3482 3854 autem
3522 3809 3708 3873 prope

2057 3875 2341 3957 templum
2367 3874 2642 3954 gloriosae
2665 3878 2934 3957 martyris
2955 3876 3288 3939 Anastasiaa
3310 3879 3528 3959 (24),υι
3554 3897 3704 3941 mar-

2056 3978 2207 4042 tyres
2238 3969 2584 4042 martyribus
2609 3970 3037 4042 quodammodo
3065 3985 3320 4036 sursum,
3353 3973 3436 4029 sic
3456 3981 3512 4031 et
3537 3973 3707 4030 deor-

2056 4073 2188 4116 sum
2220 4055 2407 4116 vicina
2457 4053 2746 4116 haberent
2807 4053 3207 4121 tabernacula.
3266 4056 3454 4121 Multa
3503 4070 3706 4120 autem

2059 4143 2346 4206 miracula
2381 4152 2438 4206 et
2471 4144 2815 4206 curationes
2849 4145 3111 4207 etiamin
3138 4146 3266 4226 ipsa
3295 4147 3558 4227 via,dum
3593 4147 3708 4210 fer-

2057 4246 2215 4294 retur
2240 4236 2334 4293 illa
2370 4236 2628 4308 chlamys
2654 4235 3045 4302 sanctiﬁcans,
3077 4237 3311 4308 plurimi
3335 4248 3466 4296 sunt
3499 4253 3706 4298 conse-

328 4327 425 4382 τοῦ
478 4323 729 4392 ἀληθινοῦ
803 4328 936 4380 θεοῦ
988 4323 1168 4403 ἡμῶν,
1254 4326 1299 4398 ᾧ
1369 4321 1559 4391 πρέπει
1621 4328 1763 4379 πᾶσα
1822 4319 1969 4395 δόξα,

2063 4321 2178 4383 cuti
2214 4320 2559 4417 (2b),gratia
2591 4330 2648 4417 et
2679 4321 2894 4417 virtute
2943 4322 3166 4385 Christi
3190 4324 3313 4385 veri
3346 4322 3452 4385 Dei
3486 4324 3701 4417 nostri,

327 4413 462 4490 τιμῆ
491 4414 577 4470 καὶ
612 4412 998 4490 προσκύνησις,
1061 4419 1149 4469 νῦν
1205 4415 1302 4470 καὶ
1337 4413 1406 4476 εἷς
1440 4413 1562 4476 τοὺς
1593 4410 1972 4484 ἆτελευτήτους

2063 4429 2235 4492 quem
2268 4411 2442 4472 decet
2470 4410 2667 4472 omnis
2721 4409 2906 4490 gloria
2938 4429 3095 4474 nunc
3127 4419 3186 4474 et
3243 4429 3486 4496 semper
3535 4421 3593 4476 et
3642 4411 3708 4476 in

328 4505 525 4568 αἰῶνας
555 4502 661 4561 τῶν
706 4503 931 4562 αἰώνων.
977 4500 1178 4580 Ἀμήν.

400 4672 514 4743 (21)
549 4671 900 4730 Occidentali
927 4671 1201 4743 nimirum
1236 4692 1249 4728 :
1284 4670 1376 4729 adi
1417 4671 1694 4730 Adnotata
1741 4671 1970 4728 Passio-

326 4741 421 4801 nis
451 4743 827 4814 praecedentis
850 4741 1015 4812 cap?
1035 4742 1106 4800 ad
1129 4743 1368 4799 num.20
1391 4743 1750 4800 subnexa.Et
1771 4756 1971 4814 porro,

325 4817 481 4888 quod
512 4814 1033 4888 benepnotandum,
1092 4829 1207 4888 non
1243 4829 1506 4888 reversus,
1559 4824 1623 4888 ut
1674 4814 1969 4888 Lipomani

327 4884 727 4956 interpretatio
759 4886 948 4950 habet,
1009 4884 1106 4941 sed
1155 4885 1345 4942 iturus
1386 4886 1566 4943 fuisse
1600 4884 1873 4944 Leontius
1911 4887 1969 4941 in

326 4959 525 5014 Graeco
559 4957 944 5014 Metanhrastis
973 4965 1129 5013 textu
1170 4957 1472 5014 asseritur.

345 4973 525 5016 πείθεο
559 4973 944 5016 πιθιιιοιιῐδειις
973 4973 1129 5013 ιοιιιι
1170 4973 1472 5014 δεεθῖιιιιιν.

396 4973 525 5016 ’ωεο
559 4972 944 5028 metapnrastts
973 4972 1129 5013 ιοιιιι
1170 4972 1472 5014 asserttur.

396 5029 515 5100 (22)
545 5028 610 5086 U;
646 5030 920 5086 Leontius
967 5027 1372 5085 Thessalonica
1415 5028 1688 5100 Sirmium
1737 5034 1970 5099 peteret,

324 5101 472 5158 Ister
494 5097 550 5157 ei
578 5116 677 5157 seu
711 5099 1421 5172 Danubiusitrajiciendus
1462 5097 1613 5157 haud
1647 5097 1770 5172 iuit,
1799 5099 1972 5172 idque

327 5172 713 5229 nihilominus
735 5174 785 5229 ei
823 5171 1146 5230 faciendum
1175 5171 1368 5237 fuisse,
1403 5187 1432 5227 a
1471 5171 1847 5242 Metaphraste
1877 5171 1973 5227 hic

323 5244 636 5310 indicatur,
667 5253 720 5301 et
756 5249 912 5301 recte
943 5256 1078 5300 sane
1105 5261 1116 5298 :
1153 5242 1423 5299 Leontius
1455 5244 1630 5311 enim,
1663 5252 1972 5312 antequam

324 5314 600 5374 Sirmium
631 5316 835 5378 adiret,
867 5329 994 5372 sese
1022 5314 1276 5386 primum
1317 5316 1374 5372 in
1433 5314 1707 5386 Daciam,
1744 5328 1872 5386 quae
1901 5313 1972 5370 ad

325 5388 622 5445 sinistram
667 5387 905 5444 Danubii
937 5385 1118 5457 ripam
1161 5388 1265 5443 sita
1301 5395 1444 5455 erat,
1492 5385 1807 5442 contulisse
1837 5398 1974 5442 nar-

325 5469 536 5528 ratur;
597 5460 730 5515 inde
787 5466 978 5514 autem
1027 5457 1297 5529 Sirmium
1350 5459 1598 5529 petituro
1647 5457 1974 5514 necessario

327 5539 452 5588 erat
485 5529 858 5600 injiciendus
891 5528 1208 5586 Danubius.

407 5600 522 5670 (23)
549 5599 736 5657 lstlioc
765 5599 955 5658 Sancti
987 5599 1354 5666 miraculum,
1379 5599 1760 5671 apparitione,
1789 5599 1970 5657 Leon-

358 5674 416 5732 io
445 5673 658 5738 oblata.
685 5686 808 5747 quae
843 5673 900 5730 id
925 5671 1164 5746 praeivit,
1196 5687 1227 5730 a
1250 5673 1376 5736 ante
1406 5673 1807 5745 Metaphraste,
1833 5684 1976 5732 ano-

2055 4499 2271 4562 saecula
2299 4499 2684 4562 saeculorum.
2718 4505 2940 4564 Amen.

2055 4683 2349 4742 nymoque
2377 4670 2476 4741 qui
2538 4671 2588 4728 ei
2625 4669 2919 4746 praeluxit,
2962 4669 3154 4746 Sancti
3199 4671 3521 4746 biographo
3569 4687 3710 4732 nar-

2054 4751 2297 4814 rantur;
2335 4756 2516 4813 quare
2547 4742 2683 4814 quid
2713 4754 2834 4800 tum
2866 4742 2936 4814 de
2968 4744 3096 4808 hac,
3129 4752 3253 4800 tum
3306 4742 3376 4801 de
3408 4742 3529 4802 'illo
3571 4759 3708 4803 sen-

2055 4813 2312 4940 zliendum
2347 4813 2446 4940 fit,
2502 4813 2717 4871 statues
2775 4813 2959 4871 exiis
3016 4829 3139 4888 quae
3197 4830 3332 4872 mox
3363 4816 3422 4874 in
3474 4825 3594 4875 not.
3639 4817 3708 4874 19

2097 4901 2142 4940 ιι
2172 4899 2201 4940 a
2233 4899 2340 4940 sun
2378 4927 2389 4940 .

2097 4893 2201 4941 lCia
2233 4893 2389 4942 sunt.

2128 4956 2240 5027 (2t)
2271 4957 2552 5027 Tempore
2581 4956 2704 5021 illo,
2749 4970 2864 5031 quo
2901 4957 3200 5031 Leontius,
3244 4956 3463 5031 lllyrici
3498 4960 3708 5030 praete-

2055 5035 2181 5103 ctus
2219 5042 2391 5098 supra
2424 5035 2799 5103 memoratus,
2830 5027 3046 5103 ﬂoruit,
3087 5043 3190 5086 seu
3230 5027 3460 5103 saeculo
3499 5027 3709 5103 quinto

2053 5097 2459 5156 ineunte’vere
2512 5098 2708 5155 Sirmii
2774 5101 3068 5158 exstitisse
3124 5099 3458 5169 ecclesiam,
3493 5097 3708 5162 sancta)

2054 5171 2365 5244 Anastasiae
2420 5185 2664 5244 sacram,
2718 5181 3012 5244 utcunque
3055 5172 3443 5232 conﬁrmatur
3505 5189 3578 5233 ex
3636 5177 3709 5233 iis

2055 5239 2629 5368 ggfugommentarii
2694 5239 3105 5313 pravii'num.
3166 5245 3270 5302 133
3329 5247 3390 5303 in
3452 5246 3708 5304 medium

2055 5328 2293 5370 aGdUXl.

2125 5384 2241 5456 (25)
2271 5383 2438 5440 Fides
2464 5391 2747 5456 quantum
2779 5385 2851 5443 ad
2895 5387 3173 5446 miracula
3209 5387 3311 5446 ista
3344 5387 3708 5446 curationes-

2054 5466 2305 5542 quesret
2334 5469 2523 5542 penes
2561 5468 2875 5542 auctorem,
2928 5462 3025 5530 qui
3052 5460 3295 5542 interim
3334 5469 3535 5528 praeter
3566 5473 3710 5542 ano-

2056 5541 2307 5602 nymumy
2333 5528 2536 5602 Sancti
2569 5531 2752 5586 nostri
2803 5528 3210 5602 biographum,
3244 5545 3276 5586 e
3305 5545 3422 5602 quo
3469 5546 3573 5590 sua
3604 5531 3706 5587 de-

2057 5599 2361 5675 prompsit,
2417 5598 2643 5675 nullum
2681 5598 2931 5672 prorsus
2973 5598 3533 5675 scriptorem'alium
3593 5602 3706 5667 sibi

2057 5670 2471 5745 suﬁragantem
2506 5670 2698 5732 habet.
