4100 6402
295 311 318 379 1
329 311 446 379 205

1371 312 1431 375 S.
1479 311 1859 376 DEMETRII
1900 310 2301 375 MARTYRIS
2353 310 2575 376 ACTA.

3509 309 3664 381 1206

287 447 450 515 πέρας
507 446 574 504 τὰ
644 446 722 521 τῷ
773 449 924 522 θυμῷ
1004 443 1374 524 μελετώμενα.
1437 446 1738 527 Ἀποτυχία
1795 441 1920 525 γὰρ,

2015 459 2140 519 quae
2170 444 2366 506 animo
2393 443 2712 507 meditatus
2741 451 2889 522 erat,
2921 441 2995 507 ad
3028 443 3212 507 tinem
3231 441 3390 507 haud
3422 444 3650 527 perdu-

288 538 470 618 φησὶν,
507 535 716 608 ἀμύνης
745 534 918 603 λύπην
951 540 1134 614 γεννᾷ.

365 713 421 794 γ’
434 761 450 777 .
497 703 590 774 Ὠς
636 711 808 771 δὲκαὶ
851 713 1180 794 ἀμφοτέρους
1239 716 1364 782 τοὺς
1421 717 1654 798 βρόχους
1714 715 1928 792 τούτους

287 803 498 880 διέκοψε
551 810 618 880 τῇ
678 806 941 882 πραῦτητι
1001 806 1086 862 καὶ
1157 811 1226 882 τῇ
1271 805 1634 886 φιλανθρωπίᾳ
1692 804 1778 863 διὰ
1837 812 1928 862 τοῦ

285 895 564 975 γινώσκειν
610 893 702 961 τὴν
747 894 1046 962 ταυτότητα
1092 903 1185 953 τοῦ
1243 896 1360 953 καθ’
1419 898 1627 970 ἑαυτὸν,
1688 897 1778 952 καὶ
1835 901 1928 952 τοῦ

284 992 388 1041 τῶν
444 983 696 1049 ὑπηκόων
755 984 1082 1063 φυράματος,
1145 992 1221 1060 τῷ
1298 991 1398 1052 τῆς
1456 984 1678 1053 ἀκηδίας
1739 985 1926 1042 λοιπὸν

284 1074 419 1148 ἕκτῳ
474 1079 571 1140 τῆς
637 1072 827 1136 κακίας
877 1072 1218 1150 βλαστήματι
1271 1079 1566 1132 καθεστῶτι
1637 1083 1824 1134 τοῦτον
1899 1077 1926 1131 ὁ

288 1161 530 1241 ἀλάστωρ
575 1160 890 1241 συνέτριϐειν
952 1170 1219 1244 Σατανᾶς,
1265 1166 1354 1221 καὶ
1407 1163 1669 1222 ὑπέϐαλεν
1699 1167 1772 1230 ὡς
1833 1169 1927 1224 οὑ-

287 1252 386 1320 δεὶς
445 1253 591 1310 ἔσται
647 1251 753 1308 τῶν
812 1251 994 1308 κόπων
1049 1254 1248 1310 τούτων
1324 1257 1528 1335 μισθὸς,
1593 1255 1930 1333 ὑποσπείρων

287 1351 383 1410 τήν
426 1343 672 1400 ἀπιστίαν
729 1349 834 1398 τῶν
908 1351 999 1400 τοῦ
1074 1344 1320 1421 Σωτῆρος
1376 1345 1530 1420 ἡμῶν
1592 1343 1927 1424 ἐπαγγελιῶν

287 1436 373 1492 καὶ
401 1433 541 1509 λήθῃ
573 1438 666 1500 τῆς
696 1437 802 1487 τῶν
835 1431 1109 1508 ἑπομένων
1154 1433 1426 1512 ἀμηρύτο·.ὶ
1471 1432 1625 1501 δόξης
1673 1438 1924 1513 ἒπιχων-

288 1526 372 1588 vi):
404 1523 582 1600 ὥσπερ
615 1521 709 1577 καί
765 1520 979 1577 θάπτων
1031 1523 1122 1579 τὸν
1174 1530 1295 1579 νοῦν
1330 1539 1345 1554 ⁸
1400 1523 1512 1597 ἅμα
1542 1522 1594 1579 δὲ
1624 1525 1711 1580 καὶ
1744 1524 1926 1580 ὑπετί-

286 1618 404 1672 θετο
452 1625 570 1677 τοῖς
627 1614 912 1690 λογισμοῖς
979 1617 1074 1668 τοῦ
1156 1612 1369 1692 ἀρίστου
1451 1613 1653 1670 ἐκείνου
1713 1611 1923 1691 ἀνδρὸς,

286 1706 358 1766 ὡς
403 1705 562 1759 ὁτῶν
621 1701 820 1770 ἀρετῶν
881 1701 1122 1776 κάματος
1172 1701 1356 1781 πολὺς,
1391 1701 1487 1760 καὶ
1531 1700 1683 1777 ἱδρὼς
1740 1707 1926 1782 ψυχῆς

2013 541 2314 597 cerentur.
2363 533 2501 615 Spei
2537 535 2699 597 enim
2748 533 3079 613 frustratio,
3114 534 3373 612 dicebat,
3407 535 3651 598 ultionis

2013 621 2279 684 dolorem
2312 632 2581 703 generat.

2092 711 2230 776 3.Ut
2262 722 2457 775 autem
2491 713 2670 776 etiam
2705 713 2853 776 duos
2876 713 3060 777 hosce
3091 713 3337 795 laqueos
3363 732 3650 777 mansue-

2012 801 2245 876 tudine,
2281 811 2527 884 ortaque
2549 823 2616 865 ex
2642 803 2905 885 eo,quod
2938 811 2996 865 et
3025 804 3115 866 sui
3148 803 3338 884 ipsius
3361 812 3417 867 et
3442 823 3651 868 eorum

2010 890 2110 971 qui
2141 892 2197 952 ei
2227 890 2700 961 suberant,idem
2734 911 2865 955 esse
2890 893 3240 972 figmentum
3275 902 3497 974 nosset,
3533 895 3652 957 bu-

2011 979 2297 1042 manitate
2331 981 2679 1058 disciderat,
2713 982 2954 1046 tandem
3003 981 3174 1044 illurn
3223 982 3451 1058 acedia,
3485 992 3652 1046 sexto

2013 1069 2250 1132 malitia;
2301 1071 2576 1150 germine
2611 1123 2626 1147 ,
2681 1072 2973 1135 scelestus
3023 1071 3249 1144 afﬂixit,
3306 1073 3651 1155 nullamque

2011 1157 2287 1221 laborum
2324 1160 2562 1222 illorum
2617 1161 2876 1224 futuram
2933 1161 3272 1224 mercedem
3334 1167 3651 1243 suggessit,

2011 1249 2474 1328 promissionum
2508 1248 2840 1313 Servatoris
2891 1251 3077 1312 nostri
3121 1249 3514 1314 diffidentiam
3548 1271 3653 1315 oc-

2012 1337 2170 1399 culte
2200 1339 2528 1413 seminans,
2567 1348 2948 1421 mentemque
2981 1348 3286 1421 perpetuze
3319 1339 3649 1402 futurorum

2012 1427 2216 1504 gloriae
2246 1427 2545 1490 oblivione
2568 1429 2832 1491 obruens
2854 1449 2920 1492 ac
2942 1431 3104 1492 velut
3126 1429 3651 1510 sepeliens.Simul

2009 1526 2206 1577 autem
2239 1526 2298 1578 et
2347 1517 2454 1579 viri
2510 1517 2671 1579 illius
2726 1520 2932 1599 Optimi
2967 1517 3426 1597 cogitationibus
3455 1519 3650 1598 subji-

2010 1605 2228 1685 ciebat,
2261 1609 2509 1670 multum
2542 1607 2771 1689 requiri
2830 1608 2900 1670 ad
2936 1608 3184 1669 virtutes
3229 1608 3448 1669 animae
3475 1607 3646 1670 labo-

2009 1711 2136 1755 rem
2167 1696 2568 1778 sudoremque
2601 1696 2756 1758 haud
2789 1696 3116 1768 modicum,
3148 1703 3330 1776 atque
3357 1697 3517 1759 hunc
3545 1716 3651 1759 so-

286 1797 380 1852 οὑκ
409 1790 615 1871 ὀλίγος,
645 1791 734 1846 καὶ
764 1797 949 1847 τοῦτον
1005 1789 1170 1864 μόνον
1225 1793 1412 1866 μισθὸν
1453 1794 1542 1848 καὶ
1590 1791 1923 1866 ἀνάπαυλαν,

2015 1783 2131 1846 lum
2165 1785 2594 1866 hominumque
2623 1803 2696 1847 ex
2729 1785 2885 1847 fama
2931 1785 3197 1868 quietem
3243 1804 3377 1848 esse
3410 1803 3650 1848 merce-

283 1885 382 1950 τῆν
441 1881 492 1948 ἐξ
549 1879 838 1958 ἀνθρώπων
897 1879 1158 1960 εῦφημίαν
1200 1901 1211 1914 ⁸
1257 1881 1491 1938 ἐντεῦθεν
1550 1881 1722 1938 ἓλκων
1769 1882 1927 1937 αὑτὸν

287 1974 360 2037 εἷς
409 1972 473 2027 τὸ
532 1967 802 2040 σαλπίζειν
844 1969 939 2031 τὰς
984 1969 1172 2045 ἀρετὰς
1229 1969 1411 2044 αὑτοῦ,
1470 1972 1556 2028 καὶ
1601 1976 1743 2049 φανῇ
1785 1973 1835 2026 τί
1863 1970 1926 2026 ἃν

283 2068 352 2138 τῇ
405 2061 548 2139 παρά
605 2071 722 2123 τοῖς
765 2057 1021 2124 ὑπηκόοις
1080 2057 1304 2132 εὑδοξίᾳ,
1349 2061 1436 2116 καὶ
1470 2062 1547 2134 τῷ
1576 2057 1787 2136 ἑϐδόμῳ
1817 2067 1926 2116 τῶν

285 2155 464 2208 παθῶν
517 2147 748 2224 δαίμονι,
812 2146 954 2227 λέγω
988 2145 1052 2216 δὴ
1081 2154 1158 2222 τῷ
1200 2158 1296 2215 τῆς
1342 2147 1666 2221 κενοδοξίας,
1711 2147 1919 2206 εὑάλω-

283 2262 376 2298 τον
406 2240 562 2297 αὑτὸν
591 2258 991 2317 μηχανωμενος
1027 2241 1300 2310 καθιστᾷν.

361 2328 432 2394 δ’.
494 2327 644 2387 Ἐπεὶ
702 2325 756 2382 δὲ
810 2333 903 2384 τοῦ
973 2333 1196 2405 Χριστςῦ
1281 2327 1498 2404 βοηθείᾳ
1576 2327 1782 2394 ἐκεῖνος
1864 2332 1925 2388 οὗ

281 2422 387 2478 τῶν
444 2419 694 2485 ὑπηκόων
738 2418 1012 2492 τοσοῦτον,
1068 2416 1192 2475 ὅσον
1247 2416 1433 2474 ἑαυτοῦ
1461 2423 1666 2496 κρατῶν
1704 2414 1922 2474 ἀπεδεί-

281 2531 460 2582 κνυτο,
525 2507 620 2565 καὶ
695 2527 801 2563 των
873 2505 1299 2585 ἀπηγγελμένων
1356 2507 1566 2584 ἀγαθῶν
1633 2508 1774 2587 παρὰ
1831 2517 1926 2567 τοῦ

285 2609 418 2658 Θεοῦ
447 2610 563 2659 τοῖς
600 2600 656 2653 ἓν
706 2603 786 2670 τῷ·
832 2597 1018 2671 κόσμῳ
1061 2597 1232 2669 τούτῳ
1276 2596 1735 2677 κακοδχουμένοις
1763 2597 1924 2655 ἐκου-

281 2690 409 2753 σίως
451 2686 536 2743 διὰ
585 2687 781 2749 παντὸς
825 2685 1190 2766 μεμνημένος,
1241 2687 1332 2743 καί
1376 2693 1481 2743 τῶν
1541 2685 1926 2762 ἠπειλημένων

281 2778 505 2836 αἰωνίων
559 2775 803 2854 βασάνων
862 2788 979 2837 τοῖς
1038 2776 1282 2850 ῥᾳθύμως
1336 2776 1390 2832 ἐν
1441 2776 1519 2851 τῷ
1562 2776 1782 2855 παρόντι
1827 2777 1926 2853 βίορ

281 2865 675 2947 διαγενομένοις
761 2862 1112 2928 ἀδιαλείπτως
1191 2865 1370 2943 ὥσπερ
1433 2867 1752 2941 ποιούμενος
1823 2866 1924 2932 τὴν

281 2956 540 3035 μελέτην,
583 2955 682 3022 τὴν
740 2954 837 3028 μὲν
888 2952 1111 3021 ἀκηδίαν
1170 2961 1238 3032 τῇ
1269 2957 1512 3032 ὑπομονῇ
1541 2954 1626 3014 διὰ
1657 2961 1756 3022 τῆς
1787 2977 1920 3012 στα-

281 3052 434 3125 θερᾶς
491 3045 716 3109 πίστεως
749 3041 1026 3115 ἀπεσόϐει,
1063 3044 1162 3111 τὴν
1214 3042 1268 3100 δὲ
1314 3044 1608 3112 κενοδοξίαν
1640 3049 1718 3120 τῷ
1773 3042 1922 3126 φόϐῳ

2010 1873 2146 1936 dem
2175 1895 2190 1956 ;
2226 1875 2364 1936 hinc
2399 1893 2533 1936 sese
2563 1873 2634 1936 ad
2668 1876 2798 1955 ejus
2821 1874 3226 1937 decantandas
3243 1874 3489 1936 virtutes
3512 1893 3652 1936 con-

2007 1970 2246 2024 vertens
2272 1963 2445 2025 bonae
2475 1963 2640 2025 illum
2671 1963 2827 2043 apud
2861 1982 2963 2025 eos
2994 1963 3096 2044 qui
3130 1963 3183 2024 ei
3217 1961 3649 2043 parebant,no-

2011 2051 2192 2115 minis
2222 2053 2646 2115 existimationi
2677 2053 3056 2134 septimoque
3087 2053 3408 2116 affectuum
3430 2053 3650 2116 daemo-

2007 2142 2094 2223 ni,
2138 2141 2271 2204 dico
2303 2153 2524 2217 autem,
2588 2161 2748 2206 vame
2801 2143 3028 2223 gloriae,
3089 2141 3266 2204 facile
3313 2150 3650 2224 expugnatu

2006 2232 2249 2294 efficere
2281 2241 2371 2294 est
2403 2232 2666 2295 molitus.

2085 2325 2146 2382 4.
2182 2321 2325 2384 Cum
2360 2331 2554 2384 autem
2591 2322 2692 2384 ille
2723 2321 2942 2385 Christi
2990 2321 3237 2402 auxilio,
3273 2339 3394 2383 non
3421 2328 3538 2383 tam
3575 2321 3650 2382 iis

2007 2411 2108 2494 qui
2131 2411 2187 2473 ei
2212 2411 2519 2491 suberant,
2556 2429 2730 2492 quam
2767 2409 2882 2472 sibi
2913 2409 3050 2491 ipsi,
3085 2409 3384 2491 imperare
3410 2410 3648 2472 videre-

2010 2511 2124 2572 tur,
2149 2501 2704 2578 promissorumque
2735 2519 2768 2561 a
2797 2499 2920 2562 Deo
2951 2501 3024 2561 iis
3053 2500 3154 2581 qui
3187 2501 3248 2560 in
3280 2501 3394 2562 hoc
3427 2499 3648 2561 mundo

2009 2607 2303 2652 aerumnas
2336 2589 2631 2672 patienter
2658 2587 3217 2665 fuerunt,bonorum
3250 2589 3488 2650 assidue
3520 2607 3650 2650 me-

2011 2698 2160 2756 mor,
2197 2698 2304 2740 nec
2339 2698 2458 2740 non
2492 2687 2877 2760 aeternorum,
2913 2697 3048 2758 quae
3075 2678 3438 2741 desidiosam
3469 2678 3647 2739 vitam

2010 2769 2105 2832 hic
2127 2770 2484 2832 ducentibus
2536 2767 2694 2831 Deus
2744 2768 3024 2843 minatur,
3061 2767 3494 2850 suppliciorum
3525 2784 3654 2828 me-

2007 2859 2360 2923 ditationem
2418 2859 2641 2939 absque
2694 2857 3145 2919 intermissione
3206 2855 3648 2938 quodammodo

2005 2948 2252 3029 faciens,
2285 2947 2554 3011 acediam
2595 2947 2832 3028 quidem
2867 2947 3178 3009 tolerantia
3211 2964 3317 3026 per
3346 2945 3524 3006 fidem
3554 2944 3649 3005 fir-

2005 3055 2162 3099 mam
2192 3037 2412 3117 abegit,
2467 3055 2674 3099 vanam
2728 3043 2926 3098 autem
2960 3035 3212 3115 gloriam
3242 3035 3533 3114 gehennae
3568 3032 3648 3094 ti-

279 3123 378 3206 τῆς
409 3135 630 3213 γεέννης
690 3133 958 3212 μαραίνων
1007 3134 1079 3198 εἰς
1124 3135 1612 3216 ταπεινοφροσύνην
1669 3123 1922 3214 μετέτρε-

2015 3145 2178 3189 more
2207 3127 2489 3207 subigens
2514 3145 2644 3189 eam
2695 3126 2754 3188 in
2801 3125 3192 3188 humilitatem
3225 3124 3532 3198 convertit,
3568 3123 3651 3186 ita

279 3246 403 3296 πεν,
451 3227 523 3288 ὡς
581 3221 771 3280 λοιπὸν
816 3221 973 3278 αὑτοῦ
1018 3223 1139 3286 τοὺς
1185 3224 1320 3281 ἑπτὰ
1374 3247 1474 3291 της
1533 3226 1718 3291 κακίας
1759 3225 1924 3302 ὑπερ-

278 3313 474 3378 ϐάντος
519 3311 832 3391 λογισμοὺς,
881 3312 971 3367 καὶ
1029 3312 1123 3376 τὰς
1182 3313 1379 3369 τούτων
1423 3313 1623 3393 πάγας,
1656 3313 1924 3394 ἀχυρμιᾶς

277 3401 430 3471 δίκην
487 3402 556 3479 τῇ
615 3409 842 3481 Χριστοῦ
899 3401 1118 3478 βοηθείᾳ
1174 3405 1675 3480 καταπατήσαντος,
1734 3405 1926 3482 τρίζειν

276 3492 399 3550 κατ’
460 3492 620 3549 αὑτοῦ
676 3492 798 3555 τοὺς
857 3489 1073 3554 ὀδόντας
1129 3495 1218 3548 τὸν
1276 3492 1662 3570 ἀντικείμενον,
1723 3496 1810 3551 καὶ
1855 3493 1920 3562 δὴ

276 3585 379 3652 τὴν
435 3579 522 3640 ἔπ’
578 3581 822 3662 ὀμφαλοῦ
878 3581 1128 3660 γαστρὸς,
1181 3583 1244 3638 τὸ
1291 3579 1356 3649 δὴ
1400 3581 1712 3660 λεγόμενον,
1759 3589 1921 3640 πανδ-

279 3673 441 3732 πλίαν
499 3676 656 3731 αὑτοῦ
698 3684 863 3744 κινεῖ,
917 3671 1017 3737 την
1065 3669 1312 3728 ἑλέπολιν
1365 3673 1467 3726 τῶν
1509 3670 1805 3750 λογισμῶν,
1859 3675 1920 3730 τὸ

281 3762 628 3844 πρωτόφυτον
679 3767 776 3830 τῆς
835 3761 1020 3824 κακίας
1081 3759 1390 3836 βλάστημα,
1448 3763 1493 3834 ᾧ
1561 3762 1648 3819 καὶ
1692 3763 1847 3824 αὑτὸς
1893 3765 1920 3818 ὃ

285 3853 592 3934 ἀρχέκακος
625 3851 741 3932 ὄφις
774 3851 874 3930 πρὸ
906 3849 1117 3907 πάντων
1150 3850 1334 3906 ἑαυτὸν
1375 3852 1442 3926 τῇ
1489 3857 1596 3907 τῶν
1647 3849 1922 3927 λογισμῶν

280 3943 574 4023 διαστροφῇ
603 3941 958 4020 περιέπειρενο
990 3936 1071 3995 διὸ
1102 3938 1188 3995 καὶ
1220 3946 1326 3995 τῶν
1357 3939 1590 4016 οὖρανῶν
1634 3939 1924 3997 κατέπεσεν

280 4036 355 4099 εἰς
383 4033 486 4110 γῆν
515 4032 703 4112 ῥιφείς.

364 4108 440 4184 εί.
473 4108 532 4180 Τί
561 4108 614 4177 δὲ
646 4121 800 4178 τοῦτό
829 4122 972 4176 ἔστιν
1009 4137 1025 4194 ;
1077 4108 1142 4175 Ἠ
1200 4117 1254 4174 δὲ
1303 4118 1721 4198 ὑπερηφανέίας,
1782 4120 1920 4197 ἀγα-

277 4215 466 4288 πητοὶ,
528 4211 764 4277 δυσίατος
806 4209 1077 4284 σηπεδὼν,
1111 4211 1148 4278 ἦ
1190 4211 1394 4290 κορυφὴ
1445 4212 1532 4266 καὶ
1563 4214 1785 4290 κορωνὶς
1825 4219 1924 4280 τῆς

2011 3225 2073 3278 ut
2104 3216 2368 3290 tandem,
2404 3224 2629 3296 septem
2693 3215 2938 3279 malitiae
2993 3215 3151 3276 illius
3181 3214 3478 3293 superatis
3506 3230 3650 3290 sug-

2007 3307 2402 3388 gestionibus,
2431 3308 2762 3387 harumque
2794 3304 3424 3386 decipulis,palearum
3453 3302 3649 3364 acervi

2011 3401 2070 3459 in
2129 3398 2398 3478 modum,
2457 3397 2677 3459 Christi
2737 3413 2850 3476 Ope
2909 3395 3307 3474 conculcatis,
3366 3391 3649 3456 dentibus

2010 3496 2215 3551 contra
2246 3488 2439 3568 ipsum
2473 3486 2752 3548 inimicus
2783 3484 3087 3565 strideret,
3123 3501 3411 3565 suamque
3452 3501 3487 3544 a
3513 3499 3652 3543 ven-

2011 3579 2116 3640 tris
2147 3576 2452 3653 umbilico,
2487 3584 2552 3637 ut
2580 3578 2768 3650 aiunt,
2804 3583 3188 3657 armaturam,
3219 3575 3434 3636 animis
3456 3590 3649 3654 expu-

2005 3666 2260 3745 gnandis
2317 3665 2750 3727 validissimum
2800 3672 3188 3739 tormentum,
3248 3662 3487 3725 malitiae
3517 3660 3645 3742 pri-

2009 3757 2375 3834 mogenitum
2427 3772 2698 3832 germen,
2755 3773 2872 3834 quo
2903 3761 2961 3815 et
3010 3755 3136 3833 ipse
3187 3753 3478 3814 malorum
3507 3758 3647 3812 ante

2007 3865 2218 3908 omnes
2248 3853 2459 3907 auctor
2488 3862 2738 3925 serpens
2767 3843 3031 3924 seipsum
3082 3860 3392 3924 pravarum
3426 3839 3644 3918 cogita-

2010 3935 2234 3999 tionum
2269 3933 2621 3996 distortione
2655 3933 3216 4013 transfixit,propter
3241 3931 3398 4014 quod
3431 3937 3490 3992 et
3519 3946 3648 3992 cce-

2009 4025 2083 4088 lis
2114 4025 2354 4098 excidit,
2385 4025 2447 4086 in
2479 4031 2694 4084 terram
2728 4023 3058 4102 conjectus.

2087 4115 2305 4188 5.Quid
2336 4123 2532 4176 autem
2559 4113 2616 4174 id
2650 4111 2771 4174 est?
2801 4109 3370 4192 Stiperbize,dilecti,
3403 4110 3647 4172 incura-

2010 4206 2147 4268 bilis
2179 4203 2456 4286 putredo,
2491 4211 2669 4283 caput
2702 4212 2766 4264 et
2795 4219 3016 4262 corona
3039 4199 3534 4280 malitiagprimus
3556 4216 3648 4260 ra-

276 4305 491 4384 κακίας,
541 4304 576 4371 ἡ
633 4303 819 4380 πρώτη
875 4302 972 4367 τῆς
1033 4287 1268 4378 λογικῆς⁷
1310 4287 1510 4374 ούσίας,
1574 4287 1663 4356 καὶ
1713 4301 1924 4382 ἐσχάτη

2015 4294 2254 4358 tionalis
2279 4291 2625 4354 substantiae
2649 4299 2708 4352 et
2737 4307 3053 4370 supremus
3086 4288 3330 4350 morbus
3363 4305 3376 4347 :
3420 4287 3650 4368 primus

279 4395 437 4460 νόσος
473 4411 486 4428 ⁸
520 4390 706 4471 πρώτη
735 4391 833 4465 μὲν
858 4387 941 4446 διὰ
973 4391 1034 4446 τὸ
1077 4389 1244 4465 ταύτῃ
1304 4396 1536 4469 πρῶτον,
1573 4392 1646 4455 ὡς
1678 4391 1922 4472 εἴρηται,

2015 4385 2279 4462 quidem,
2311 4384 2446 4464 quia
2473 4382 2730 4461 primum
2752 4381 3123 4460 eo,utaiunt,
3154 4381 3403 4472 Satanas
3435 4378 3650 4472 volun-

277 4484 636 4561 περιπαρῆναι
666 4484 756 4538 τὸν
790 4487 1032 4538 Σατανᾶν
1075 4481 1246 4537 ἑκοντί
1279 4497 1296 4515 ⁸
1354 4479 1564 4560 ἐσχάτη
1623 4478 1678 4537 δὲ
1739 4479 1824 4538 διὰ
1867 4485 1925 4539 τὸ

2015 4476 2162 4538 tarie
2190 4475 2299 4536 fuit
2343 4473 2652 4549 conﬁxus;
2717 4488 3033 4550 supremus
3091 4488 3252 4550 vero,
3287 4469 3430 4550 quia
3487 4466 3652 4529 nulla

275 4574 450 4650 μηδὲν
499 4574 664 4636 πάθος
720 4570 1064 4650 ὑπερνικῆσαι
1123 4571 1320 4635 ταύτην
1362 4573 1439 4645 τῷ
1482 4577 1632 4645 κακῷ
1667 4586 1680 4600 ·
1727 4572 1929 4640 ταύτην

276 4664 478 4742 ἐγείρει
539 4675 657 4726 τοῖς
715 4660 1002 4739 λογισμοῖς
1050 4668 1142 4718 τοῦ
1197 4657 1383 4739 ἀνδρὸς
1441 4658 1744 4718 τελευταίαν
1789 4683 1929 4738 συμ-

276 4755 518 4825 πλοκὴν,
579 4753 666 4808 καὶ
727 4748 1221 4826 δυσκαταγώνιστον
1275 4751 1302 4805 ὁ
1349 4754 1448 4816 τῆς
1480 4755 1666 4817 κοινῆς
1721 4751 1927 4831 φύσεως

276 4851 392 4900 τῶν
443 4842 730 4920 ἀιθρώπιυν
807 4839 1000 4920 ἐχθρὸς
1085 4840 1419 4916 ὑποσπείρων
1503 4843 1644 4914 αύτῷ
1714 4838 1925 4897 τοιάσδε

274 4935 430 4995 τινὰς
483 4934 729 4994 ὑπονοίας
767 4949 782 4965 ⁸
831 4929 986 5003 Ἰδοὺ,
1021 4930 1174 5009 φησὶ,
1219 4930 1574 5006 κατηγωνίσω
1629 4935 1698 5006 τῇ
1726 4929 1927 5009 ἐγκρα-

276 5024 402 5096 τείᾳ
442 5043 535 5078 σου
565 5023 652 5078 καὶ
690 5025 760 5096 τῇ
814 5018 1017 5076 συνέσει
1068 5018 1135 5074 τά
1178 5017 1322 5085 ποίθη
1364 5022 1461 5085 τῆς
1505 5018 1686 5098 ψυχῆς
1722 5022 1806 5076 καὶ
1837 5027 1930 5076 τοῦ

277 5113 561 5188 σώματος,
593 5115 672 5180 τῷ
701 5109 992 5187 λογιστικῶ
1041 5106 1205 5175 αὑτῆς
1263 5106 1412 5180 μέρει
1447 5107 1622 5188 σοφῶς
1656 5110 1743 5165 καὶ
1770 5132 1926 5166 νουν-

276 5209 434 5283 εχῶς
494 5203 557 5258 τά
611 5208 706 5257 τοῦ
761 5203 927 5273 θυμοῦ
969 5201 1055 5254 καὶ
1110 5202 1208 5266 τῆς
1260 5197 1537 5272 ἐπιθυμίας
1581 5199 1742 5266 αὑτῆς
1773 5200 1925 5267 ἡνιο-

277 5296 468 5374 χήσας
525 5292 868 5372 φρυάγματα,
931 5290 1017 5346 καὶ
1059 5290 1154 5352 τὰς
1213 5291 1320 5345 τῶν
1360 5289 1608 5346 ἁπάντων
1664 5289 1930 5366 δαιμόνων

272 5407 360 5460 μη
373 5389 542 5462 lava:
574 5383 647 5445 εἰς
695 5379 822 5457 ἀέρα
880 5377 1120 5442 διέλυσας
1157 5393 1171 5408 ⁸
1225 5377 1369 5458 παρά
1398 5386 1492 5435 σοῦ
1523 5381 1556 5447 ἡ
1590 5401 1927 5459 γαστριμαρ-

273 5475 372 5552 γία
419 5469 762 5542 δεδούλωται,
795 5470 856 5525 τὸ
885 5467 982 5536 τῆς
1009 5469 1202 5545 σαρκὸς
1258 5469 1486 5546 ἀκρατὲς
1548 5469 1647 5537 τῆς
1705 5467 1929 5550 φιληδο.

2013 4585 2149 4628 eum
2183 4563 2374 4645 passio
2401 4562 2622 4624 malitia
2646 4561 2855 4640 vincit;
2885 4567 3244 4639 postremam
3267 4559 3420 4623 banc
3441 4556 3653 4620 difﬁci-

2011 4660 2232 4730 lemque
2261 4670 2511 4728 pugnam
2541 4651 3004 4726 suggestiouibus
3025 4652 3146 4708 suis
3168 4652 3443 4710 adversus
3464 4651 3653 4707 virum

2011 4745 2230 4808 excitat
2250 4742 2584 4806 communis
2607 4741 2920 4802 hominum
2945 4748 3170 4801 naturae
3192 4737 3402 4810 hostis,
3437 4737 3654 4817 hujus-

2013 4833 2174 4897 modi
2205 4833 2261 4894 ei
2288 4831 2682 4912 cogitationes
2715 4829 2948 4892 occulte
2993 4829 3258 4891 inferens
3292 4849 3304 4890 :
3341 4827 3514 4902 Ecce,
3543 4826 3649 4902 ait,

2014 4923 2380 4986 continentia
2401 4929 2500 4983 tua
2521 4918 2955 5002 prudentiaque
2977 4917 3192 4981 animae
3211 4936 3424 4979 omnes
3445 4935 3656 4997 corpo-

2013 5014 2218 5096 risque
2239 5013 2485 5076 affectus
2507 5008 3104 5092 superasti,rationali
3134 5007 3294 5070 illius
3317 5013 3480 5089 parte
3502 5005 3654 5068 scite

2013 5123 2081 5167 ac
2113 5103 2442 5186 prudenter
2471 5101 2677 5175 animi,
2713 5099 3146 5181 ipsiusquemet
3176 5097 3444 5160 libidinis
3471 5105 3654 5159 aestus

2012 5193 2352 5267 refrenasti,
2407 5189 2798 5270 omniumque
2845 5188 3183 5251 daemonum
3235 5196 3396 5250 astus
3424 5187 3486 5248 in
3515 5203 3656 5248 aera

2013 5285 2178 5346 abire
2209 5282 2400 5346 fecisti
2426 5304 2442 5356 ;
2468 5290 2574 5342 ate
2615 5278 2907 5359 ingluvies
2938 5279 2999 5340 in
3031 5279 3378 5341 servitutem
3409 5274 3653 5338 redacta

2016 5372 2333 5452 est,carnis
2356 5369 3050 5443 incontinentia,amoris
3073 5369 3432 5450 voluptatum
3460 5362 3654 5452 passio

2015 5451 2266 5527 subacta
2320 5470 2432 5542 est,
2485 5460 2732 5522 avaritia
2779 5458 3126 5521 conculcata
3182 5465 3294 5537 est,
3353 5451 3660 5542 iracundia

276 5541 399 5626 όζχς
458 5564 622 5623 πάθος
669 5541 992 5631 πεπέδηται,
1148 5541 1462 5637 φιλαργυρία
1525 5541 1858 5632 πεπάτηται,
1905 5563 1925 5618 ὁ

2018 5541 2480 5617 mansuetudine
2531 5549 2815 5628 absorpta
2869 5559 2982 5624 est,
3046 5547 3284 5610 tristitia
3316 5545 3415 5637 de
3473 5541 3657 5604 rebus

270 5655 449 5736 θυμὸς
504 5653 607 5712 ὑπὸ
664 5652 763 5718 τῆς
817 5649 1119 5734 πραότητος
1164 5636 1476 5728 κατεπόθη,
1539 5652 1572 5720 ἡ
1633 5649 1772 5726 λύπη
1827 5657 1925 5708 τῶι

2020 5643 2340 5711 mundanis
2392 5661 2499 5728 spe
2553 5637 3132 5728 incorruptibilitatis
3189 5636 3485 5708 confracta
3543 5640 3656 5714 est,
