4100 6414
508 345 532 409 1
545 340 662 409 207

1867 331 2516 399 SUPPLEMENTUM.

3707 331 3724 394 1
3736 329 3837 397 208

502 481 791 544 virtutum
823 477 1132 558 neglectus
1189 493 1295 556 per
1346 473 1551 552 ﬁdem,
1586 473 1879 553 hujusque
1912 460 2168 533 faculta-t

2251 475 2507 545 ιοσμικῶν
2538 473 2604 536 τῆ
2634 469 2732 534 τῆς
2790 467 3076 548 ἀφθαρσίας
3129 464 3298 522 ἐλπίδι
3347 466 3564 546 ἓῤῥάγη,
3614 471 3644 536 ἡ
3672 471 3839 538 ﬁrmata

507 579 652 644 tein,
681 569 1024 651 patientiam
1059 567 1213 638 dico,
1251 570 1564 644 superatus
1620 571 1732 636 est,
1761 581 1908 623 vana
1939 561 2151 640 gloria,

508 660 639 734 sed,
674 666 757 733 ut,
793 657 950 740 quod
982 674 1080 718 res
1110 656 1236 734 ipsa
1268 663 1384 734 est,
1430 653 1647 726 dicam,
1684 652 1886 731 gloriae
1913 652 2149 731 placen-

509 750 690 830 dique
724 745 1066 809 hominibus
1115 742 1407 824 cupiditas
1437 742 1719 804 virtutum
1756 742 2157 804 occultatione

505 839 666 918 jacet
695 837 946 899 devicta.

593 929 653 989 6.
688 924 864 987 Hisce
887 923 1071 1004 igitur
1101 921 1759 997 omnibus,beatissime
1791 928 1965 1003 atque
1995 919 2155 1000 apud

511 1018 700 1077 Deum
736 1021 793 1076 et
816 1015 1091 1076 homines
1114 1011 2158 1092 gloriosissimejprmfecte,superior

512 1104 725 1178 factus,
780 1102 1079 1185 quomodo
1133 1101 1376 1174 sanctis,
1428 1102 1742 1182 ipsiusmet
1775 1101 1987 1160 animm
2045 1109 2161 1162 tuze

512 1195 876 1269 virtute,non
911 1191 1140 1254 ccelesti
1173 1191 1390 1252 auxilio
1429 1191 1659 1271 (neque
1682 1189 1868 1269 enim,
1894 1190 1942 1250 si
1961 1189 2158 1252 alieno

514 1284 685 1345 fieret
715 1282 1012 1353 subsidio,
1049 1299 1267 1342 corona
1321 1280 1425 1341 tibi
1475 1278 1874 1359 impenderet)
1914 1295 2161 1358 magnus

513 1372 786 1442 effectus,
820 1371 1050 1432 vicinus
1103 1369 1259 1431 haud
1291 1369 1372 1429 sis
1395 1375 1423 1429 ?
1481 1367 1617 1430 limo
1650 1369 1940 1429 scelestus
1972 1368 2162 1430 consi-

514 1461 721 1522 liarius
741 1460 1052 1522 memorati
1077 1458 1408 1520 beatissimi
1438 1458 1687 1520 Mariani
1715 1459 1977 1539 prmfecti
2001 1458 2162 1535 cogi-

517 1550 842 1612 tationibus
885 1566 1216 1628 suggerens
1249 1547 1320 1609 ad
1377 1550 1588 1608 fastum
1623 1547 1912 1609 excitabat
1943 1548 2156 1628 virum,

411 1681 424 1700 κ
517 1640 888 1720 virtutesque
907 1657 1051 1719 quas
1083 1637 1359 1707 diximus,
1396 1637 1589 1718 ipsum
1621 1657 1688 1698 ex
1721 1656 1936 1710 se,non
1965 1645 2160 1698 autem

518 1747 591 1790 ex
620 1728 726 1790 Dei
757 1727 979 1790 auxilio
1034 1726 1278 1800 habere,
1315 1726 1567 1788 suadere
1627 1731 1680 1788 ei
1715 1727 2063 1801 conabatur,
2100 1734 2164 1788 ut

2237 566 2342 615 τῶν
2373 559 2570 637 ἀρετων
2603 555 2687 614 διὰ
2730 558 2834 625 τῆς
2873 556 3131 630 πίστεως,
3162 558 3250 612 καὶ
3282 561 3381 623 τῆς
3423 557 3630 636 θεωρίας
3674 561 3838 643 αὐτῆς,

2238 647 2381 726 λέγω
2411 646 2464 704 δὲ
2497 652 2594 714 τῆς
2623 648 2925 724 ὑπομονῆς,
2961 645 3222 726 ἒνευρώθη
3259 663 3274 677 ⁸
3329 649 3364 715 ἡ
3412 646 3687 724 κενοδοξία,
3728 673 3840 708 ταο-

2238 739 2329 794 τὸν
2400 736 2454 792 δὲ
2511 739 2723 816 εἰπεῖν,
2785 735 3078 817 φιλοδοξία,
3139 738 3225 793 καὶ
3282 735 3728 817 ἀνθρωπαρέσκεια
3781 749 3843 815 τῷ

2238 829 2438 908 κρυφίῳ
2467 829 2572 884 τῶν
2615 827 2816 904 ἀρετῶν
2847 825 3207 892 ἐξαπόλωλεν.

2319 916 2422 990 ς’.
2472 917 2679 974 Τούτων
2713 919 2801 973 οὗν
2836 916 3084 976 ἁπάντων
3134 915 3419 994 ὑπέρτερος
3468 920 3710 996 γεγονὼς,
3753 942 3846 994 μα-

2242 1007 2544 1083 καριώτατε
2601 1005 2833 1086 ὕπαρχε,
2910 1007 2997 1062 καὶ
3056 1004 3361 1072 ἐνδοξότατε
3439 1009 3579 1086 παρὰ
3621 1015 3726 1081 Θεῷ
3775 1013 3848 1066 καὶ

2243 1095 2561 1172 ἀνθρώποις,
2611 1102 2725 1159 πῶς
2770 1099 2863 1154 οὒκ
2919 1094 3077 1172 ἐγγὺς
3131 1096 3186 1152 εἴ
3242 1102 3348 1151 τῶν
3379 1097 3560 1174 ἁγίων,
3698 1095 3848 1176 ἀνδρίᾳ

2243 1184 2338 1251 τῆς
2373 1185 2558 1243 ἑαυτοῦ
2617 1184 2802 1265 ψυχῆς
2857 1183 3200 1263 μεγαλυνθεὶς
3242 1186 3329 1263 (οὗ
3377 1188 3476 1263 γὰρ
3523 1184 3583 1253 δὴ
3615 1185 3674 1261 τῇ
3707 1190 3846 1263 οὖρα-

2243 1275 2388 1330 νόθεν
2432 1275 2676 1350 βοηθείᾳ)
2709 1293 2724 1348 ;
2758 1276 2814 1331 Εἰ
2847 1275 2944 1352 γὰρ
2997 1273 3048 1339 ἐξ
3085 1273 3247 1330 ἄλλου
3281 1275 3344 1342 ῆν
3374 1277 3408 1342 ἡ
3435 1274 3721 1351 ἀντίληψις,
3751 1274 3847 1331 οὐδὲ

2243 1361 2499 1442 στέφανός
2559 1385 2646 1418 σοι
2704 1362 2977 1423 ἀπέκειτο.
3041 1371 3216 1420 Ταῦτα
3271 1366 3299 1419 ὁ
3357 1364 3545 1442 μιαρὸς
3589 1362 3846 1438 σύμϐουλος

2242 1465 2361 1515 τοῖς
2420 1451 2705 1529 λογισμοῖς
2765 1452 3078 1510 ὑποϐαλλωδ
3128 1461 3219 1511 τοῦ
3266 1453 3707 1529 μνημονευθέντος
3755 1477 3846 1527 μα-

2245 1543 2570 1618 καριωτάτου
2657 1549 2924 1619 Μαριανου
3009 1551 3101 1600 τοῦ
3182 1544 3446 1624 ἐπάρχου,
3537 1546 3605 1608 εἷς
3662 1544 3847 1622 ἔπαρσιν

2243 1631 2599 1710 προεκαλεῖτο
2642 1635 2734 1688 τὸν
2785 1631 2961 1711 ἄνδρα.
3012 1635 3099 1690 καὶ
3158 1635 3356 1690 πείθειν
3391 1633 3637 1710 ἐπειρᾶτο
3665 1631 3846 1689 οἴκοθεν

2244 1723 2402 1778 αὐτὸν
2433 1722 2724 1791 κτήσασθαι
2785 1722 2879 1784 τὰς
2923 1722 3135 1799 ἀρετὰς,
3183 1723 3244 1786 ἃς
3291 1723 3633 1799 προείπομεν,
3675 1723 3754 1777 καὶ
3803 1723 3852 1778 οὔ

517 1819 568 1880 si
598 1818 791 1898 ipsum
827 1816 1078 1878 consilio
1107 1818 1236 1896 ejus
1262 1816 1540 1877 assentiri
1584 1816 1869 1897 eveniret,
1905 1817 1976 1878 ad
2013 1818 2157 1878 iram

2251 1816 2311 1887 τῇ
2339 1820 2430 1869 τοῦ
2461 1817 2591 1866 Θεοῦ
2647 1812 2887 1887 βοηθείᾳ,
2940 1811 3055 1882 ⁸ίνα,
3091 1814 3134 1867 εί
3193 1811 3387 1879 συνέϐη
3446 1819 3624 1868 τοῦτον
3679 1833 3851 1888 συγκα-

516 1911 693 1975 Deus,
733 1919 928 1980 utpote
958 1911 1267 1982 gratiarum
1299 1910 1527 1966 actione
1550 1908 1736 1966 debita
1757 1909 1908 1966 haud
1931 1919 2160 1981 accepta

519 2004 896 2077 provocatus,
929 1994 1148 2056 auxilio
1203 2011 1311 2054 suo
1345 1993 1510 2054 illum
1563 1993 1821 2074 orbaret,
1853 1995 2166 2076 solumque

517 2093 729 2147 nactus
745 2083 1208 2147 scelestissimus
1233 2101 1404 2143 suum
1434 2085 1971 2156 omne,secundum
2007 2083 2162 2165 quod

518 2175 804 2256 scriptum
837 2183 948 2252 est,
980 2173 1346 2235 desiderium
1380 2174 1442 2234 in
1471 2191 1540 2234 eo
1570 2187 2025 2254 exsequeretur.

602 2269 660 2326 7.
688 2264 763 2328 Ut
793 2272 988 2326 autem
1050 2271 1113 2326 et
1163 2264 1223 2324 in
1277 2264 1389 2324 hoc
1421 2282 1453 2324 a
1482 2263 1715 2325 Christo
1752 2264 2025 2326 devictus
2061 2264 2168 2326 fuit

519 2355 730 2430 Belial,
758 2353 1102 2415 beatissimo
1136 2351 1395 2414 Mariano
1428 2352 1696 2413 divinum
1730 2353 2014 2416 auxilium
2059 2353 2168 2414 im-

524 2443 796 2524 plorante
825 2443 1210 2523 dicenteque,
1247 2441 1396 2513 Quia
1448 2450 1507 2502 tu
1542 2462 1605 2503 es
1639 2442 1817 2516 Deus,
1852 2444 1952 2523 qui
1986 2443 2166 2505 doces

521 2532 830 2595 hominem
858 2532 1195 2612 scientiam,
1231 2533 1442 2592 anima:
1469 2531 1745 2592 conditor
1778 2533 2166 2614 corporisque

522 2631 776 2694 creator,
813 2621 1170 2700 unionisque
1203 2620 1552 2682 eorumdem
1577 2632 2015 2702 compactor,ac
2047 2623 2168 2683 dis-

520 2709 868 2790 junctionis,
895 2709 1227 2771 secundum
1254 2708 1410 2788 quod
1435 2708 1736 2781 convenit,
1765 2709 2163 2791 dispensator,

527 2817 892 2880 rursumque
922 2798 983 2860 in
1016 2809 1383 2860 mortuorum
1417 2797 1862 2859 resurrectione
1908 2799 2168 2862 refictio-

523 2890 640 2967 nis,
675 2888 1242 2970 temperationisque
1271 2887 1428 2948 haud
1483 2888 1748 2950 confusa;
1797 2907 1864 2950 ac
1928 2899 2168 2951 aeterna;

524 2985 587 3044 in
617 2984 1152 3054 incorruptibilitate
1177 2985 1304 3038 vitae
1333 2984 1616 3053 provisor.
1642 2983 2169 3056 miraculorumque

521 3069 734 3150 factor,
765 3066 1016 3148 aliisque
1049 3066 1318 3146 pluribus
1352 3066 1649 3130 similibus
1681 3069 1941 3149 seipsum
1974 3069 2171 3131 humi-

2246 1899 2489 1956 ταθὲσθαι
2542 1903 2609 1976 τῇ
2657 1899 2847 1978 βουλῇ,
2905 1899 3218 1967 λυπηθεὶςὸ
3253 1904 3387 1964 Θεὸς
3447 1903 3520 1964 ὡς
3576 1903 3852 1979 άχαριστη-

2248 1991 2378 2070 θεὶς,
2412 1989 2644 2067 στερήσῃ
2677 1991 2840 2046 αὐτὸν
2896 1994 2994 2057 τῆς
3052 1991 3238 2046 ἑαυτοῦ
3295 1992 3565 2067 βοηθείας,
3599 1989 3687 2044 καί
3743 1988 3853 2065 ’ἐρη-

2251 2102 2348 2152 μον
2383 2081 2537 2135 αὐτὸν
2574 2077 2867 2155 λαϐόμενος
2913 2081 2941 2136 ὁ
2986 2083 3340 2155 παμπόνηρος
3392 2080 3768 2157 κατεργάσηται
3813 2077 3856 2132 ἐν

2252 2173 2394 2242 αὒτῷ
2418 2171 2552 2224 κατὰ
2579 2171 2640 2225 τὸ
2668 2168 3040 2247 γεγραμμένον
3071 2175 3244 2225 πᾶσαν
3278 2170 3580 2242 ἐπιθυμίαν,

2329 2259 2400 2330 ζ’.
2438 2250 2530 2322 Ὠς
2561 2255 2615 2314 δὲ
2646 2260 2732 2314 καὶ
2789 2257 2842 2313 ἐν
2883 2260 3056 2332 τούτῳ
3109 2260 3485 2338 κατηγωνίσθη
3531 2258 3610 2314 διὰ
3665 2262 3855 2334 Χριστοῦ

2251 2352 2278 2403 ὁ
2324 2348 2529 2427 Βελίαρ,
2592 2355 2686 2405 τοῦ
2728 2349 3136 2426 μακαριωτέτου
3197 2356 3470 2428 Μαριανοῦ
3513 2349 3608 2414 τὴν
3638 2347 3694 2403 ὲκ
3748 2351 3856 2400 Θεοῦ

2249 2440 2494 2516 βοήθειαν
2526 2437 2966 2512 ἐπικαλουμένου,
2993 2439 3087 2496 καί
3119 2436 3485 2517 λέγοντος,3τι
3511 2439 3580 2492 Σὺ
3611 2437 3662 2493 εἶ
3692 2438 3716 2492 ὁ
3743 2433 3858 2490 διδά-

2251 2550 2394 2585 σκων
2417 2527 2690 2606 ἄνθρωπον
2719 2532 3043 2606 γνῶσιν,τῆς
3067 2533 3255 2608 ψυχῆς
3290 2528 3524 2595 ποιητὴς
3546 2528 3631 2583 καὶ
3659 2534 3743 2582 τοῦ
3764 2523 3856 2579 σώ-

2249 2639 2418 2693 ματος
2478 2615 2747 2696 πλάστης,
2807 2618 2891 2672 καὶ
2965 2617 3058 2684 τῆς
3126 2619 3382 2696 ἁρμονίας
3443 2621 3609 2674 αὐτῶν
3665 2612 3856 2686 συμπήο

2249 2729 2411 2782 κτωρ,
2477 2707 2561 2763 καὶ
2605 2705 2703 2774 τῆς
2759 2705 3066 2777 διαζεύξεως
3129 2711 3304 2766 αὖτῶν
3355 2708 3484 2785 πρὸς
3540 2706 3599 2760 τὸ
3629 2699 3857 2779 συμφέρον

2252 2796 2554 2872 οἰκονόμος,
2644 2797 2735 2852 καὶ
2809 2796 2966 2852 πάλιν
3048 2802 3145 2864 τῆς
3230 2795 3583 2858 ἀναπλάσεως
3650 2798 3739 2857 τῆς
3814 2788 3858 2842 ἐν

2251 2893 2320 2963 τῆ
2355 2885 2638 2942 ἀναστάσει
2669 2884 2765 2941 καί
2797 2890 2895 2952 τῆς
2947 2885 3250 2966 ἀσυγχύτου
3315 2884 3646 2963 συγκράσεως
3689 2879 3855 2948 «sum,

2251 2979 2341 3033 καὶ
2385 2976 2482 3043 τῆς
2540 2975 2595 3030 ἐν
2638 2975 2895 3055 ἀφθαρσίᾳ
2944 2981 3085 3047 ζωῆς
3143 2977 3356 3035 αίωνὶου
3428 2970 3742 3053 προνοητῆς,
3787 2966 3861 3022 καὶ

2253 3065 2672 3143 θαυματουργὸς,
2707 3065 2792 3121 καὶ
2823 3063 3010 3129 ἄλλοις
3041 3063 3247 3122 πλείοσι
3295 3066 3552 3126 τοιούτοις
3579 3066 3859 3118 ταπεινοῦν-

523 3147 730 3234 liante,
787 3147 1032 3236 Deoque
1102 3175 1342 3218 omnem
1409 3157 1659 3234 gloriam
1722 3147 1792 3219 ac
1849 3159 2165 3237 gratiarum

2255 3179 2342 3221 τος
2390 3155 2600 3229 ἰαυτὸν,
2658 3155 2745 3210 καὶ
2795 3161 2871 3228 τῷ
2916 3161 3031 3228 Θεῷ
3072 3156 3170 3222 τὴν
3214 3155 3430 3212 ἅπασὰν
3473 3152 3621 3217 δόξαν
3670 3149 3748 3205 καὶ
3786 3147 3863 3202 εὖ-

525 3254 819 3311 actionem
869 3245 1258 3326 attribuente,
1290 3245 1538 3307 invidus
1574 3248 1831 3327 daemon,
1856 3266 1989 3308 cum
2015 3247 2173 3309 deci-

526 3338 729 3419 pulam
753 3337 1036 3397 adversus
1059 3335 1194 3412 ejus
1222 3335 1483 3396 animam
1510 3335 1666 3396 haud
1689 3336 2008 3409 inveniret,
2042 3355 2176 3399 sese

524 3427 768 3488 tandem
800 3425 872 3485 ad
905 3442 1123 3502 corpus
1154 3425 1281 3502 ejus
1331 3425 1794 3503 oppugnandum
1858 3426 2174 3501 convertit,

527 3523 703 3594 atque
731 3515 945 3594 ipsum,
984 3531 1100 3573 non
1133 3530 1306 3573 secus
1360 3523 1536 3593 atque
1593 3513 1704 3574 Job
1742 3513 1960 3594 (neque
2011 3515 2171 3576 enim

529 3603 644 3666 nisi
667 3605 827 3666 Deus
853 3601 1260 3673 concedat,vel
1294 3613 1500 3664 contra
1548 3606 1873 3685 porcos,uti
1909 3604 2174 3684 Evange-

527 3693 673 3756 lium
705 3691 989 3766 ostendit,
1047 3691 1267 3753 nedum
1303 3699 1512 3752 contra
1560 3693 1860 3754 hominem
1918 3712 2174 3776 eumque

529 3782 715 3863 pium,
751 3787 1105 3861 potestatem
1141 3779 1341 3857 habet)
1379 3781 2052 3863 examinans,percussit
2083 3789 2172 3843 vl-

525 3889 659 3934 rum
685 3870 969 3953 paralysis
999 3889 1307 3951 corporeae
1339 3871 1531 3952 plaga,
1566 3872 1646 3933 ita
1695 3881 1758 3932 ut
1809 3874 2009 3935 omnia
2040 3877 2172 3955 ejus

528 3960 799 4024 membra
847 3962 906 4021 in
940 3961 1090 4022 lecto
1112 3962 1386 4040 jacerent
1419 3963 1724 4039 praeclusa,
1763 3981 1876 4024 nec
1926 3967 2171 4027 omnino

531 4050 634 4111 ulli
666 4068 699 4110 e
730 4051 992 4130 corporis
1025 4049 1291 4130 partibus
1342 4051 1561 4112 moveri
1593 4071 1626 4112 a
1675 4052 1870 4132 seipsa
1900 4058 2166 4130 daretur,

529 4139 634 4201 sed
663 4146 722 4202 et
767 4140 859 4202 ori
906 4140 1035 4219 ejus
1088 4139 1259 4201 cibus
1317 4139 1530 4202 alienis
1562 4141 1840 4204 manibus
1867 4143 2170 4206 admoveri

528 4229 802 4292 debereL

608 4320 668 4386 8.
700 4318 926 4380 Adhaec
984 4318 1260 4399 medicis,
1309 4338 1428 4380 non
1471 4319 1722 4382 civitatis
1757 4329 2008 4395 tantum,
2072 4322 2178 4384 sed

2258 3245 2540 3326 χαριστίαν
2599 3243 2987 3323 ἀπονέμοντος,
3061 3245 3150 3301 καὶ
3219 3246 3474 3324 εὑρίσκων
3534 3245 3560 3298 ὁ
3632 3239 3864 3326 βάσκανος

2258 3324 2459 3410 δαίμων
2503 3331 2698 3411 παγίδα
2726 3333 2845 3390 τινὰ
2875 3335 3008 3390 κατὰ
3041 3339 3139 3402 τῆς
3189 3338 3380 3416 ψυχῆς
3438 3335 3616 3401 αὒτοῦ,
3661 3324 3863 3403 ἐστράφη

2261 3425 2449 3481 λοιπὸν
2491 3430 2567 3496 τῷ
2627 3423 2835 3496 σώματι
2882 3425 3039 3480 αὒτοῦ
3082 3415 3368 3496 πολεμεῖν.
3427 3424 3530 3481 Καὶ
3573 3415 3864 3488 ἐξετασάμε-

2260 3537 2348 3576 νος
2399 3514 2554 3570 αὑτὸν
2599 3512 2778 3589 ὥσπερ
2839 3513 2929 3569 τὸν
2984 3510 3104 3570 Ἰὼϐ
3158 3515 3300 3593 (οὐδὲ
3357 3515 3457 3592 γὰρ
3515 3509 3644 3567 κατὰ
3695 3503 3866 3585 χοίρων

2256 3604 2370 3684 ἔχει
2418 3603 2672 3682 ἐξουσίαν,
2717 3601 2856 3670 πλὴν
2901 3605 2944 3659 εί
2988 3604 3067 3678 μὴ
3113 3590 3242 3667 Θεὸς
3313 3590 3643 3682 συγχωρείη,
3701 3596 3768 3656 ὡς
3815 3590 3864 3684 rei

2257 3679 2582 3773 Ιέυαγγέλιον
2633 3679 2912 3766 δείκνυσιν,
2961 3695 3091 3766 μήτι
3153 3714 3213 3771 γε
3271 3679 3743 3773 κατὰ-ανθρώπου,
3789 3679 3863 3734 καί

2252 3771 2771 3861 ταῦτα-θεοσεϐοῦς),
2808 3781 3004 3849 ἔπληξε
3037 3784 3127 3838 τὸν
3185 3782 3345 3861 ἄνδρα
3391 3781 3576 3856 πληγῇ
3622 3771 3865 3861 παρέσειος

2254 3877 2591 3952 σωματικῆς,
2654 3875 2726 3936 ὡς
2778 3894 2947 3929 παντα
3007 3877 3166 3932 αὐτοῦ
3221 3874 3286 3929 τὰ
3351 3871 3489 3949 μέλη
3540 3857 3867 3952 συλλελυμξνξ

2253 3942 2463 4022 κείσθαι
2519 3942 2606 4018 hit
2663 3962 2890 4043 κλίνης,
2951 3963 3038 4019 καὶ
3110 3959 3238 4038 μηδ’
3295 3942 3437 4026 ὅλως
3500 3955 3748 4043 mutue-1t!
3788 3942 3864 4043 ἀξδῖ

2254 4056 2441 4110 ἑαυτοῦ
2501 4049 2688 4127 μηδενὶ
2747 4060 2852 4108 τῶν
2908 4059 3000 4108 τοῦ
3059 4054 3308 4127 σώματος
3371 4049 3571 4126 μερῶν,
3618 4039 3746 4098 ἀλλὰ
3791 4033 3868 4091 καὶ

2256 4144 2354 4212 την
2384 4143 2585 4220 τροφὴν
2616 4139 2680 4197 δι’
2736 4140 3028 4222 ἀλλοτρίων
3071 4145 3271 4223 χειρῶν
3315 4147 3394 4218 τῷ
3439 4138 3659 4213 στόματι
3703 4127 3866 4185 τούτου

2257 4235 2639 4312 προσάγεσθαι.
3762 4307 3773 4316 _
3787 4303 3803 4316 ‘
3817 4301 3832 4316 ι
3849 4300 3860 4316 ¹

2339 4322 2422 4390 η’.
2447 4301 2458 4312 Ι
2486 4323 2623 4380 Εἶτα
2679 4327 2786 4378 τῶν
2831 4324 3023 4400 ἶάτρῶν
3055 4323 3113 4379 οὗ
3147 4329 3246 4390 τῆς
3292 4323 3506 4384 πόλεως
3552 4317 3727 4400 μόνον,
3755 4301 3871 4400 άλλᾶ

530 4417 589 4471 et
635 4408 901 4488 regionis
955 4408 1134 4470 totius
1187 4391 1425 4490 propter
1475 4428 1744 4489 personae
1803 4391 2168 4472 nobilitatem

2262 4413 2356 4468 καί
2414 4413 2510 4480 τῆς
2543 4411 2728 4493 χώρας
2769 4413 2983 4480 ἁπάσης
3028 4413 3110 4469 διὰ
3154 4415 3214 4470 τὸ
3261 4423 3352 4472 τοῦ
3386 4409 3670 4491 προσώπου
3701 4391 3874 4493 ἕνιῖοξον

526 4480 1076 4578 convocatis,totius
1097 4480 1238 4558 artis
1264 4480 1513 4559 medicae
1539 4499 1847 4576 specimen
1875 4499 2168 4560 diversum

2262 4501 2690 4580 συγκληθέντων,
2724 4502 2853 4569 ὅλης
2912 4504 2984 4566 εἰς
3043 4505 3202 4560 αὐτὸν
3245 4508 3342 4573 τῆς
3403 4502 3641 4577 ἰατρικῆς
3671 4480 3875 4580 παιδείας

527 4596 586 4649 ιιι
609 4592 734 4661 ipso
757 4599 841 4647 est
869 4592 1364 4657 factum,exterius
1393 4591 1836 4662 pharmacorum
1861 4594 2178 4664 omnigenae

527 4677 790 4738 misturae
839 4677 1107 4745 artificia,
1175 4677 1485 4751 duritiem.
1534 4684 1841 4738 externam
1904 4680 2176 4760 corporis

528 4766 912 4841 emollientia,
951 4765 1260 4845 potionum
1295 4784 1329 4827 e
1365 4765 1565 4826 multis
1597 4768 1933 4830 eommistis
1970 4788 2078 4850 per
2109 4788 2176 4830 os

530 4855 882 4918 donationes
913 4855 1188 4927 diversa,
1225 4855 1482 4915 interius
1509 4857 1991 4920 constitutionem
2021 4859 2176 4920 male

530 4946 799 5008 affectam
824 4963 893 5007 ac
921 4944 1419 5006 collabascentem
1451 4945 1733 5007 conﬂictu
1758 4948 2052 5010 contrario
2084 4967 2174 5011 re-

529 5035 889 5096 suscitantes
939 5041 1117 5114 atque
1176 5033 1618 5110 confortantes;
1681 5035 1929 5097 inferius
1977 5046 2174 5098 autem

529 5123 1004 5185 immittebantur
1056 5120 1228 5182 mista
1269 5123 1525 5185 remissu
1579 5125 1795 5200 facilia,
1856 5127 2177 5191 scitissime

530 5213 796 5288 inventa,
848 5211 1266 5273 intestinorum
1306 5212 1502 5286 flatus,
1557 5214 1777 5275 exitum
1815 5216 1970 5277 haud
1999 5217 2176 5278 inve-

529 5301 787 5376 nientes,
823 5300 999 5362 facile
1055 5300 1361 5377 solventia,
1423 5303 1711 5384 illamque
1757 5305 1872 5366 late
1905 5325 2174 5388 sparsam

531 5406 702 5468 atque
722 5395 793 5452 ad
825 5395 1014 5466 ipsum
1047 5395 1348 5453 cerebrum
1383 5395 1624 5454 delatam
1667 5408 1844 5455 atram
1879 5400 2172 5457 materiem

534 5497 643 5561 per
673 5485 868 5559 partes
895 5478 1209 5542 inferiores
1229 5480 1547 5560 abigentia.
1585 5482 1777 5563 Atque
1801 5485 1927 5546 haec
1943 5485 2175 5566 aliaque

534 5569 770 5645 similia,
806 5588 938 5633 cum
976 5570 1134 5632 circa
1165 5569 1355 5631 virum
1410 5571 1560 5632 facta
1592 5571 1863 5644 fuissent,
1897 5575 2173 5636 morbum

533 5660 800 5744 corporis
825 5660 1763 5746 augebant,de5perationemque
1790 5664 1990 5727 animo
2024 5665 2171 5747 inji-

3186 4642 3202 4667 ,
3289 4573 3636 4669 ἀλειμμάτων
3716 4573 3872 4669 ἔξωθεν

3013 4658 3073 4739 τὸ
3151 4658 3388 4762 σκληρὸν
3413 4658 3544 4746 ,τῆς
3602 4658 3872 4760 ἐπιφανείας

3719 4762 3869 4809 ποτων

2261 4592 2505 4670 διάφορος
2592 4591 2836 4658 ἐπίδειξις

2259 4694 2560 4759 παμμιγετς
2618 4681 2887 4762 εὐτεχνιαι
2925 4731 2942 4762 ,

2259 4774 2352 4828 τοῦ
2433 4773 2682 4847 σώματος
2765 4771 3054 4852 ἀοχλητως
3128 4775 3651 4848 καταμαλάττουσαι,
3719 4771 3858 4846 ποτωέ

2260 4861 2700 4939 συγκεγραμὲνων
2749 4862 3104 4936 παμποίκιλοι
3151 4862 3234 4920 διὰ
3280 4863 3548 4940 στόματος
3583 4852 3766 4940 δόσει-ς,
3818 4852 3869 4930 τξ

2258 4952 2574 5030 κακόχυμον
2622 4957 2722 5018 τῆς
2775 4950 2920 5010 ἔνδον
2979 4951 3259 5016 διαθέσεως
3317 4957 3406 5011 καὶ
3469 4935 3780 5037 νεκροποιὸν,
3811 4941 3868 4993 τῃ

2259 5029 2514 5114 ἀντιδότῳ
2570 5040 2854 5118 συμπλοκῇ
2925 5044 3358 5121 ἀναζωπυροῦσαί
3396 5063 3451 5098 τε
3503 5035 3587 5092 ni
3633 5029 3866 5121 émwomt:

2261 5147 2398 5188 σαι·
2470 5131 2560 5187 καὶ
2637 5131 2869 5189 κάτωθεν
2931 5131 2985 5188 δὲ
3056 5133 3415 5207 «ivx-mium";
3490 5113 3868 5211 1:1P51‘té-p1‘t'0‘lﬂl

2259 5221 2504 5297 κράματα
2559 5220 2844 5298 πανσόφως
2924 5223 3319 5302 τετεχνημένα,
3381 5224 3471 5279 τὸν
3527 5218 3631 5270 τῶν
3677 5204 3869 5312 ait“???

2260 5308 2610 5375 ἂδιεξόδευτον
2677 5294 3079 5369 διευλυτοῦντα”
3142 5310 3503 5392 βορϐορυγμὸν
3545 5349 3560 5377 ,
3627 5294 3710 5351 καὶ
3768 5294 3871 5392 ’τηζ

2259 5398 2574 5466 unauna-iw
2633 5399 2838 5466 ἐκείνην
2922 5400 3250 5477 δυσθυμίαν,
3332 5405 3417 5458 καὶ
3477 5395 3665 5472 μέχρις
3736 5383 3872 5477 anon

2256 5487 2707 5564 διακομιζομένην
2760 5497 2852 5546 τοῦ
2903 5490 3198 5572 ἐγκεφάλου
3256 5492 3340 5549 ἐπὶ
3370 5493 3434 5549 τὰ
3465 5484 3608 5543 κάτω
3666 5474 3872 5574 πρςτξῖ

2254 5601 2444 5658 ποντα,
2494 5581 2580 5634 καὶ
2612 5579 2785 5634 πάντα
2816 5579 2880 5649 δὴ
2912 5589 3079 5638 ταῦτα
3108 5581 3204 5638 καὶ
3249 5584 3313 5638 τὰ
3371 5581 3590 5658 τοιαῦτα
3641 5558 3872 5658 γινομεζξ

2253 5671 2372 5748 περὶ
2401 5671 2490 5726 τὸν
2519 5667 2676 5746 ἄνδρα
2711 5669 2808 5737 τὴν
2856 5671 3010 5731 νόσον
3055 5675 3146 5729 τοῦ
3204 5678 3450 5748 σώματος
3502 5657 3738 5729 ηὔξανον»

2936 4593 3155 4671 γέγονεν

3793 5627 3869 5688 καὶ
