4100 6438
350 355 508 423 1209

1442 358 1501 423 8.
1551 356 1932 423 DEMETRII
1974 357 2377 423 MARTYRIS
2418 356 2639 423 ACTA.

3564 313 3726 418 isti)

343 494 441 551 τὸν
500 459 843 568 ἀπελπισμὸν
874 488 1169 549 δπέϐαλλον
1216 498 1285 569 τῇ
1318 464 1510 574 ψυχῇ,
1543 495 1615 558 ὣς
1647 494 1708 551 ἐκ
1734 499 1834 562 τῆς
1865 494 1988 552 ἀθυ-

2081 491 2342 567 ciebant,
2371 493 2523 557 adeo
2554 501 2619 556 ut
2636 510 2705 554 ex
2736 490 2922 555 animi
2950 487 3288 573 dejectione
3317 486 3497 570 duplo
3527 491 3720 566 majus

344 583 471 658 μίας
522 582 850 646 διαπλαοίως
903 580 1180 660 τρέφεσθαι
1243 584 1305 639 τὸ
1350 587 1536 657 κακὸν,
1573 584 1693 641 οὕτε
1723 583 1778 641 δέ
1809 586 1991 652 πάσης

345 673 680 748 ἆνθρωπίνης
712 672 960 749 βοηθείας
1002 671 1236 729 ἆπεῐπεν
1268 675 1295 729 ὁ
1327 672 1484 753 ἀνὴρ,
1538 675 1625 731 καὶ
1681 673 1873 732 λοιπὸν
1927 674 1995 731 τὰ

346 762 477 839 περί
523 761 613 818 τὸν
670 760 894 818 θάνατον
952 760 1142 818 τούτου
1208 760 1520 838 ηὖτρὲπιζον
1581 767 1625 820 οἱ
1685 767 1993 843 προσήγον-

344 873 458 914 τες.

422 940 497 1003 θ’.
556 942 687 999 Τότε
744 962 825 1004 τις
884 945 989 997 τῶ)
1074 940 1423 1020 εὖνουστέρων
1496 943 1639 1017 αὐτῷ
1695 941 1989 1002 δοκούντων

342 1030 608 1110 ὑπάρχειν
690 1031 820 1106 πρὸς
897 1032 957 1085 τὸ
1036 1029 1124 1095 οὖς
1201 1031 1376 1105 ἡμέρα
1433 1029 1599 1113 ἔφησε
1656 1032 1984 1107 προσελθὼν,

338 1119 503 1177 ’Ἐστι
545 1142 627 1183 τις
685 1118 839 1198 ἀνὴρ,
875 1120 934 1184 ὃς
966 1117 1155 1197 ε’ίρηκὲ
1186 1142 1277 1195 μοι
1322 1118 1567 1178 δύνασθαί
1596 1143 1677 1196 σε,
1711 1123 1758 1178 ὦ
1788 1121 1985 1179 δέσπο-

338 1230 433 1289 τα,
478 1210 602 1288 ὑγιῆ
655 1208 932 1288 καθιστᾷν,
998 1210 1043 1265 εἰ
1098 1207 1342 1279 θελήσεις
1386 1214 1485 1278 τὴν
1542 1213 1987 1290 ἓγγεγραμμὲνην

340 1295 674 1377 μεμϐράναν,
734 1298 798 1367 ἢν
857 1297 1034 1354 δίδωσί
1089 1321 1219 1378 σοι,
1284 1299 1496 1378 ἀφάψαι
1571 1303 1707 1358 κατὰ
1754 1310 1845 1359 τοῦ
1898 1309 1993 1360 σοῦ

345 1386 669 1468 τραχήλου,
726 1389 816 1444 καὶ
872 1401 1079 1467 φορεῖν,
1142 1380 1200 1446 Ὀ
1275 1386 1330 1445 δὲ
1387 1388 1648 1469 μακάριος
1724 1393 1992 1469 Μαριανὸς

346 1476 670 1555 ἁπεκρίνατο
705 1494 720 1512 ⁸
775 1478 873 1534 Καὶ
926 1477 974 1532 τί
1019 1478 1187 1548 ἔστιν,
1240 1476 1268 1533 ὅ
1313 1500 1475 1557 φησιν
1519 1477 1873 1559 ἐγγεγράφθαι
1926 1486 1994 1557 τῇ

342 1564 630 1642 μεμϐράνῃ
665 1585 680 1641 ;
730 1566 868 1623 Εῐπε
900 1563 954 1623 δὲ
986 1568 1013 1623 ὁ
1044 1580 1174 1632 παῖς
1208 1583 1223 1598 ⁵
1281 1566 1686 1646 Ἐρωτήσαιτός
1734 1590 1835 1645 μου
1896 1593 1994 1643 μι-

347 1655 477 1733 κρόν
532 1678 582 1714 τι
613 1657 1014 1736 περιεργότερον
1045 1655 1130 1713 διὰ
1160 1658 1260 1725 τὴν
1314 1657 1515 1737 ἄφατόν
1575 1681 1676 1733 μου
1733 1661 1851 1734 περὶ
1907 1661 1988 1734 σὲ,

344 1748 394 1801 ὦ
436 1744 690 1817 δέσποτα,
737 1744 983 1826 φροντίδα
1018 1793 1033 1818 ,
1094 1745 1212 1805 οὒδὲ
1270 1757 1427 1807 τοῦτο
1496 1769 1563 1807 με
1621 1747 1989 1829 ἀπεκρύψατο,

2075 582 2249 645 ﬁeret
2278 581 2525 658 malum,
2561 602 2673 645 nec
2699 583 2877 644 ullam
2908 584 2968 655 in
3010 581 3175 644 omni
3205 582 3467 644 humano
3496 578 3723 641 auxilio

2075 690 2244 752 spem
2277 672 2362 734 vir
2391 672 2666 744 haberet.
2701 672 2887 754 iique,
2920 672 3026 754 qui
3077 670 3133 733 ei
3163 671 3492 733 familiares
3521 675 3720 744 erant,

2077 759 2151 822 ad
2185 769 2439 823 mortem
2462 761 2653 844 ipsius
2687 762 3020 843 spectantia
3043 766 3345 845 parerent.

2160 941 2394 1003 9.Tunc
2414 940 2629 1023 aliquis
2650 959 2857 1003 eorum
2877 941 2981 1018 qui
3012 940 3222 1020 majori
3249 940 3309 1001 in
3335 957 3471 1002 eum
3494 938 3714 1003 aﬂ'ectu

2079 1029 2237 1092 ferre
2268 1030 2953 1104 videbantur,accedens
2984 1031 3161 1093 tacite
3184 1030 3257 1092 ad
3288 1047 3495 1091 aurem
3531 1025 3718 1090 dixit:

2080 1121 2184 1183 Est
2214 1121 2302 1181 vir
2328 1118 2562 1202 aliquis,
2596 1122 2697 1201 qui
2727 1120 2877 1182 dixit
2918 1120 3087 1193 mihi,
3122 1139 3333 1182 sanum
3365 1126 3446 1193 te,
3482 1137 3514 1179 ο
3548 1117 3717 1194 bere,

2081 1209 2213 1272 ﬁeri
2243 1210 2500 1289 posse,si
2530 1210 2815 1290 scriptam
2835 1210 3453 1291 membranam,quam
3480 1204 3585 1269 tibi
3609 1205 3712 1283 do,

2075 1316 2111 1361 e
2161 1297 2319 1360 collo
2375 1297 2538 1361 ferre
2591 1298 2877 1363 volucris.
2936 1301 3154 1361 Beatus
3183 1306 3378 1360 autem
3413 1296 3717 1359 Marianos

2075 1386 2690 1468 respondit,dixitque
2713 1407 2730 1448 :
2750 1387 2903 1460 Quid
2926 1388 3202 1469 est,quod
3235 1384 3717 1462 ait,membranae

2078 1494 2212 1539 esse
2241 1476 2594 1555 inscriptum
2617 1482 2646 1540 ?
2670 1475 2828 1540 Dixit
2852 1485 3050 1538 autem
3074 1476 3329 1538 famulus
3361 1496 3377 1538 :
3410 1473 3722 1538 Curiosius

2076 1584 2194 1645 me,
2223 1584 2295 1627 ex
2327 1584 2462 1628 mea
2491 1584 2632 1646 erga
2662 1573 2723 1628 te
2772 1584 2917 1628 cura
2966 1566 3395 1648 inquirentem,
3432 1581 3627 1644 neque
3654 1561 3718 1625 id

2076 1655 2266 1718 latere
2300 1655 2509 1737 voluit,
2535 1657 2641 1717 sed
2694 1656 2864 1731 dixit,
2918 1657 3145 1719 litteras
3175 1654 3463 1738 quasdam
3497 1671 3632 1716 sese
3659 1652 3723 1714 in

2074 1762 2145 1806 ea
2175 1744 2514 1825 scripsisse,
2565 1752 2746 1825 atque
2803 1746 3127 1808 asteriscos
3178 1764 3248 1808 ac
3277 1742 3718 1816 semicirculos,

345 1833 469 1891 ἀλλ’
530 1834 630 1914 ἔφη
717 1835 862 1898 τινας
948 1838 1198 1913 γραμμὰς
1284 1834 1465 1894 ἐκεῖσε
1520 1836 1852 1917 διαγράφειν,
1908 1840 1988 1895 ml

2077 1842 2250 1915 atque
2301 1835 2444 1896 alias
2492 1834 2780 1916 quasdam
2834 1835 3053 1913 ﬁguras
3103 1833 3420 1923 Hebraicis
3473 1830 3720 1923 litteris,

346 1924 712 2003 ἀστερίσκους,
780 1925 867 1980 καὶ
924 1924 1241 1999 ἡμικύκλια,
1300 1927 1389 1983 καί
1444 1949 1563 1982 τινα
1630 1926 1781 2005 ἕτερα
1839 1930 1991 2008 σχή-

343 2036 492 2089 ματα
548 2014 864 2091 γράμμασιν
931 2007 1265 2088 Ἑϐραϊκοῖς,
1329 2017 1418 2073 καὶ
1478 2017 1737 2090 ὀνόμασιν
1808 2007 1991 2096 ἀγνώ-

347 2126 489 2161 στων
538 2117 656 2167 τοῖς
711 2102 966 2184 πολλοῖς,
1028 2102 1222 2161 ἔσωθεν
1277 2127 1335 2162 τε
1391 2107 1479 2162 καὶ
1538 2103 1725 2171 ἔξωθεν
1770 2128 1990 2185 περιγε-

344 2191 647 2272 γραμμὲνα.
699 2192 759 2250 Τί
802 2193 901 2272 γὰρ
958 2193 1116 2273 χρεία
1167 2195 1252 2250 καὶ
1299 2203 1391 2253 τοῦ
1434 2197 1626 2269 μαθεῖν
1672 2197 1778 2251 τῶν
1830 2195 1991 2274 ἐγγε-

346 2282 672 2362 γραμμένων
729 2281 826 2349 τὴν
882 2280 1101 2356 δύναμιν
1144 2284 1230 2339 καὶ
1278 2284 1345 2342 τὰ
1385 2284 1669 2363 σχήματα,
1708 2285 1806 2349 Εἷς
1857 2288 1990 2359 ἡμῖν

339 2386 464 2435 τοῖς
517 2369 723 2437 δούλοις
783 2394 877 2430 σου
933 2378 1094 2429 πᾶσιν
1153 2375 1375 2453 σκοπὸς,
1422 2375 1485 2429 τό
1527 2394 1585 2430 σε
1646 2378 1747 2441 τῆς
1814 2375 1989 2452 ὑγείας

343 2475 560 2543 τυχεῖν,
614 2463 702 2518 καὶ
757 2460 833 2536 μή
891 2461 1093 2525 πάντας
1142 2464 1305 2535 ἡμᾶς,
1338 2463 1485 2542 τάχα
1517 2460 1573 2519 δὲ
1609 2464 1698 2520 καὶ
1729 2465 1826 2531 τὴν
1857 2462 1992 2531 ὅλην

341 2549 505 2608 πόλιν
543 2548 628 2606 διὰ
670 2548 768 2618 τῆς
813 2555 912 2617 σῆς
964 2552 1264 2629 στερήσεως
1317 2551 1519 2623 ζῶντας
1578 2553 1650 2617 εἰς
1695 2552 1819 2625 ᾅδου
1875 2575 1991 2634 χω-

340 2644 554 2711 σθῆναι.

425 2729 485 2790 ι’.
534 2727 675 2787 Λάϐε
719 2729 832 2803 οὖν,
877 2732 923 2786 ὦ
992 2727 1244 2805 δέσποτα,
1303 2733 1363 2787 τὸ
1404 2732 1582 2812 βραχὺ
1625 2738 1782 2790 τοῦτο
1824 2730 1991 2811 δέρμα

339 2821 432 2877 καὶ
484 2821 729 2900 φόρεσον,
784 2819 873 2876 καὶ
935 2819 1215 2897 ὁγιάσθητι
1278 2821 1456 2894 αὗτὸς,
1524 2822 1613 2878 καὶ
1667 2823 1787 2887 τοὺς
1845 2822 1990 2901 παρὰ

341 2916 441 2967 σοὸ
495 2909 696 2972 πάντας
740 2915 840 2976 τῆς
895 2910 1214 2989 φθοροποιοῦ
1270 2907 1471 2983 λύπης,
1503 2913 1590 2967 καὶ
1634 2911 1732 2980 τῆς
1763 2914 1883 2991 περὶ
1932 2913 1990 2967 σὲ

342 2998 531 3066 ὀδύνης
574 2998 902 3064 ἀπάλλαξον.
941 2998 1080 3056 Elite
1110 2997 1166 3054 δὲ
1227 3000 1357 3077 πρός
1401 2999 1558 3058 αὐτὸν
1592 3002 1620 3056 ὁ
1661 3002 1843 3064 πιστὸς
1896 3000 1990 3059 ὅν-

338 3111 473 3167 τως,
507 3090 594 3145 καὶ
622 3089 759 3144 κατὰ
791 3090 920 3145 Θεὸν
969 3085 1304 3154 ἐνδοξότατος
1356 3086 1603 3168 ὕπαρχος
1661 3089 1845 3154 ἀτενὲς
1903 3091 1989 3147 ἑν-

2077 1923 2402 2003 multisque
2449 1922 2790 2003 ignotorum
2842 1923 3189 1985 nominibus
3237 1922 3492 1984 interius
3543 1922 3724 2001 atque

2074 2013 2346 2074 exterius
2377 2013 2884 2094 circumscriptus.
2937 2012 3088 2087 Quid
3134 2012 3294 2073 cnim
3329 2027 3580 2074 necesse
3605 2016 3719 2085 est,

2073 2101 2501 2183 inscriptorum
2531 2101 2770 2164 discere
2799 2108 3077 2165 virtutem
3128 2102 3471 2181 ﬁgurasque
3493 2105 3522 2163 ?
3550 2097 3721 2163 Unus

2075 2192 2249 2253 nobis
2281 2190 2561 2254 omnibus
2585 2191 2774 2254 servis
2797 2192 2913 2253 tuis
2937 2209 3157 2272 scopus
3188 2197 3374 2264 est,ut
3404 2190 3718 2251 sanitatem

2074 2283 2489 2362 consequaris,
2523 2291 2583 2344 et
2634 2300 2711 2344 ne
2744 2301 2855 2344 nos
2883 2301 3093 2345 omnes
3121 2288 3361 2362 totaque
3393 2279 3545 2341 forte
3568 2276 3718 2340 civi-

2072 2377 2163 2432 tas
2192 2388 2266 2432 ει
2293 2369 2458 2432 obitu
2494 2382 2593 2431 tuo
2619 2370 2734 2432 vivi
2762 2371 2835 2434 ad
2869 2371 3165 2433 tumulum
3196 2387 3385 2452 usque
3409 2369 3723 2431 contriste-

2075 2478 2232 2525 mur.

2159 2726 2427 2792 lU.Hanc
2454 2728 2656 2809 igitur,
2688 2730 2861 2801 here,
2895 2744 3134 2810 parvam
3167 2726 3575 2790 membranam
3610 2744 3717 2788 ac-

2074 2818 2206 2898 cipe
2238 2826 2295 2879 et
2347 2819 2462 2894 fer,
2522 2828 2700 2900 atque
2750 2818 2880 2899 ipse
2929 2837 3165 2890 sanare,
3227 2827 3481 2899 tuosque
3511 2833 3722 2878 omnes

2075 2906 2253 2969 noxio
2285 2906 2495 2970 dolore
2523 2916 2936 2989 conceptaque
2966 2908 3041 2969 de
3072 2915 3128 2969 te
3177 2906 3460 2969 maestitia
3502 2905 3715 2968 libera.

2074 2994 2234 3059 Vere
2264 3004 2459 3059 autem
2494 2997 2688 3059 ﬁdelis
2718 3015 2786 3058 ac
2815 3000 2976 3078 apud
3026 2997 3214 3060 Deum
3248 2994 3717 3076 gloriosissimus

2078 3085 2391 3167 praefectus
2422 3095 2586 3148 torvo
2618 3087 2778 3149 vultu
2831 3087 2979 3149 dixit
3009 3087 3065 3149 ei
3099 3107 3115 3147 :
3150 3085 3412 3148 Primum
3445 3085 3716 3166 quidem,

344 3177 473 3235 ιδὼν
507 3196 522 3213 '
558 3180 773 3255 Πρῶτον
834 3176 952 3253 μὲν,
987 3180 1033 3233 ὧ
1078 3178 1365 3256 σαθρότατε
1396 3177 1658 3254 σύμϐουλε
1687 3181 1774 3237 καὶ
1804 3185 1987 3260 ψυχοο

2077 3175 2419 3239 l'utilissime
2451 3176 2786 3257 animaeque
2838 3176 3348 3255 perniciosissime
3378 3174 3713 3247 cognsiliari.

341 3265 559 3343 ὄλαϐἒς,
593 3270 753 3324 πόθεν
785 3290 874 3343 μοι
919 3265 1084 3335 δῆλον
1115 3269 1188 3330 ὣς
1222 3265 1476 3345 φεύξομαι
1531 3277 1632 3336 τὴν
1685 3268 1841 3327 νόσον
1894 3292 1991 3351 φο-

342 3357 498 3433 ρέσας
555 3358 653 3425 τὴν
706 3355 1034 3435 μεμϐράναν,
1087 3354 1294 3432 μᾶλλον
1337 3355 1392 3412 δὲ
1436 3361 1550 3422 πῶς
1611 3360 1672 3415 οὒ
1721 3357 1990 3429 πρόδηλον

341 3445 513 3523 μηδὲν
541 3446 738 3525 ἀγαθὸν
794 3446 849 3502 ἐν
900 3446 1036 3523 αὐτῇ
1084 3445 1484 3525 διαγεγράφθαι,
1517 3450 1609 3504 τοὸ
1663 3449 1991 3528 γεγραφότος

339 3538 422 3613 μὴ
479 3534 802 3613 βουλομένω
861 3536 960 3603 τὴν
1019 3536 1125 3592 τῶν
1171 3536 1561 3615 γεγραμμένων
1612 3536 1833 3613 δύναμιν
1878 3561 1989 3618 φα-

339 3629 566 3704 νερῶσαι
601 3644 617 3706 ς
682 3631 793 3681 Πᾶν
854 3625 955 3704 γὰρ
1010 3627 1071 3681 τὸ
1101 3626 1488 3705 φανερούμενον
1520 3627 1658 3683 κατὰ
1689 3628 1781 3683 τὸν
1815 3626 1988 3684 ’Λπό-

339 3715 533 3773 στολον
576 3718 687 3796 φῶς
752 3715 918 3776 ἐστιν.
985 3717 1041 3772 El
1084 3714 1138 3770 δὲ
1184 3716 1272 3771 καὶ
1322 3716 1574 3782 ὑποτίθης
1636 3738 1728 3791 μοι
1772 3718 1985 3781 πάντως

338 3808 593 3885 ὑγιαίδειν
652 3806 791 3876 μετὰ
846 3809 948 3872 τῆς
1005 3806 1364 3884 περιειργείας
1423 3805 1632 3869 ἐκείνης
1690 3806 1986 3885 φορέσαντα

338 3895 655 3975 γράμματα,
708 3898 768 3953 οὗ
827 3891 1087 3970 βούλομαι
1145 3895 1206 3948 τὸ
1266 3894 1424 3967 σῶμα
1475 3894 1765 3974 ῥωσθῆναι,
1800 3894 1900 3962 τὴν
1929 3892 1987 3950 δὲ

337 3986 527 4065 ψυχήν
556 4006 660 4062 μου
717 3982 1083 4065 ζημιωθῆναι,
1114 3980 1230 4039 ουδὲ
1259 3984 1300 4038 εί
1347 3984 1439 4039 τὸν
1470 3983 1674 4058 κόσμον
1706 3982 1828 4040 ὅλον
1858 4006 1987 4062 κερ-

336 4072 496 4142 δῆσαί
526 4095 619 4149 μοι
662 4073 964 4149 προῦκειτο.
995 4060 1202 4150 Ἀπαγε
1248 4072 1362 4146 οὖν,
1409 4074 1499 4129 καὶ
1549 4076 1816 4135 τοιούτους
1866 4069 1986 4151 ἐμοὶ

336 4162 535 4243 λόγους
595 4162 790 4238 μηκέτι
849 4162 1141 4242 προσάξῂς.
1177 4163 1333 4240 Λέγει
1363 4160 1418 4218 δὲ
1444 4165 1474 4220 ὁ
1504 4175 1636 4226 παῖς
1673 4181 1687 4197 ’
1723 4162 1980 4242 ’Ἐκρινας

337 4256 452 4328 οὗν,
485 4252 531 4310 ὧ
581 4253 829 4333 τρόφιμε,
883 4253 1075 4308 σαυτὸν
1122 4251 1419 4318 ἀπαλλάξαι
1478 4256 1571 4309 τοῦ
1598 4258 1720 4330 ζῇν,
1751 4252 1845 4310 ἵνα
1895 4254 1982 4310 καὶ

334 4343 479 4419 ἣμᾶς
509 4344 612 4423 πρὸ
642 4349 736 4400 σοῦ
762 4343 1072 4418 θανατώσῃς
1108 4362 1124 4414 ;

420 4429 516 4496 ια’,
578 4423 637 4490 Ὅ
692 4431 932 4512 ἔπαριος
980 4431 1298 4510 ἀπεκρίνατο
1336 4450 1352 4466 ·

2074 3264 2236 3326 unde
2257 3264 2405 3327 mihi
2426 3273 2656 3328 constat
2680 3268 2805 3328 fore
2830 3276 2892 3327 ut
2909 3266 3318 3327 membranam
3337 3264 3540 3328 ferens
3563 3282 3718 3326 mor-

2074 3353 2216 3416 bum
2239 3353 2493 3432 abigam,
2526 3355 2650 3418 imo
2673 3374 2836 3429 vero,
2869 3356 3226 3437 scriptorum
3252 3353 3312 3415 in
3345 3370 3417 3416 ea
3444 3352 3563 3415 vim
3595 3372 3719 3417 non

2076 3447 2336 3526 volente,
2372 3446 2472 3527 qui
2501 3464 2571 3508 ea
2599 3446 2862 3528 scripsit,
2896 3446 3232 3519 declarare,
3266 3444 3565 3526 quomodo
3597 3462 3718 3506 non

2075 3535 2458 3597 manifestum
2485 3535 2738 3607 sit,nihil
2762 3537 2822 3598 in
2844 3536 2946 3598 illa
2969 3535 3111 3598 boni
3129 3552 3261 3599 esse
3279 3532 3723 3614 conscriptum?

2072 3627 2295 3685 Lumen
2326 3629 2478 3687 enim
2496 3630 2815 3688 secundum
2847 3628 3188 3702 Apostolum
3212 3643 3336 3686 sese
3366 3628 3714 3685 manifestat.

2070 3712 2197 3776 Etsi
2226 3723 2427 3777 autem
2463 3715 2709 3777 omnino
2742 3733 2860 3793 me,
2908 3715 3356 3796 superstitiosas
3388 3713 3521 3776 illas
3551 3713 3722 3776 litte-

2070 3818 2167 3863 ras
2190 3810 3017 3882 gestantem,consecuturum
3042 3804 3355 3864 sanitatem
3381 3819 3716 3876 asseveres,

2069 3908 2290 3971 corpus
2310 3900 2473 3954 recte
2498 3893 2987 3964 valere,animam
3020 3898 3452 3972 autem,neque
3473 3889 3525 3952 si
3547 3908 3719 3952 mun-

2070 3980 2212 4042 dum
2246 3981 2593 4043 universum
2642 3981 2865 4044 lucrari
2922 3981 3071 4043 mihi
3118 3990 3279 4043 esset
3311 3980 3706 4062 propositum,

2071 4072 2353 4135 damnum
2371 4073 2494 4153 pati
2516 4073 2676 4135 haud
2698 4074 2856 4136 volo.
2880 4073 3082 4154 Apage
3112 4073 3313 4153 igitur,
3346 4091 3461 4135 nec
3489 4072 3713 4137 similia

2065 4161 2320 4241 amplius
2340 4160 2523 4224 verba
2544 4162 2689 4224 mihi
2714 4163 3003 4242 proferas.
3033 4162 3192 4224 Dixit
3213 4170 3413 4224 autem
3447 4180 3654 4224 servus
3684 4181 3699 4224 :

2065 4247 2349 4330 Delegisti
2379 4251 2817 4331 ergo,domine,
2854 4261 2913 4314 te
2940 4252 3136 4333 ipsum
3169 4252 3283 4315 vita
3305 4251 3615 4329 orbare,ut
3645 4260 3705 4315 et

2065 4358 2175 4402 nos
2200 4349 2338 4402 ante
2369 4349 2427 4403 te
2455 4342 2696 4403 occidas
2713 4342 2743 4401 τ

1405 4432 1576 4507 Ὗμᾶς
1636 4434 1695 4491 οὒ
1746 4432 1978 4509 θανάτῳ,

2132 4431 2246 4529 _ll.
2285 4429 2603 4529 Praefectus
2632 4432 2983 4529 respondit:
3014 4432 3138 4493 Vos
3162 4430 3319 4492 haud
3350 4427 3711 4529 occidomec

334 4518 461 4577 ἀλλ’
505 4518 612 4581 οὐδ’
668 4520 921 4597 ἐμαυτὸν,
955 4522 1001 4576 εἰ
1051 4520 1137 4576 καὶ
1170 4526 1263 4577 τοῦ
1291 4521 1541 4595 σώματος
1576 4521 1852 4602 χωρισθῶ,
1883 4523 1982 4589 τὴν

2077 4519 2247 4581 etiam
2285 4520 2603 4601 meipsum.
2667 4519 2910 4583 Etiamsi
2965 4539 3000 4582 a
3047 4537 3299 4599 corpore
3331 4517 3712 4582 discessurus

334 4609 390 4666 δὲ
420 4611 609 4691 ψυχὴν
638 4608 723 4667 διὰ
752 4609 852 4677 τὴν
905 4611 978 4674 εἷς
1020 4611 1246 4687 Χριστὸν
1276 4610 1474 4685 πίστιν,
1508 4612 1596 4667 καὶ
1646 4612 1707 4668 τὸ
1754 4613 1831 4688 μὴ
1887 4633 1981 4668 τε·

334 4697 617 4766 θεληκέναι
699 4721 768 4774 με
829 4698 1129 4778 περιεργείᾳ
1185 4697 1503 4773 δαιμονικῆς
1562 4698 1768 4779 χλεύης
1829 4702 1981 4778 εὔερ-

333 4791 648 4866 γετηθῆναι,
705 4788 812 4863 εἰμὶ
871 4791 959 4844 καὶ
994 4780 995 4783 η
1031 4786 1184 4854 δίκην
1255 4788 1409 4861 τίσω,
1470 4789 1772 4866 εὐεργεσίαν
1841 4788 1981 4853 ὅλως

333 4875 674 4941 ἀποκαλέσας
760 4877 859 4945 τὴν
941 4878 1040 4943 τῆς
1123 4875 1407 4953 ἀλλοτρίας
1466 4875 1740 4951 δυνάμεως
1811 4898 1982 4951 παρα-

332 4969 552 5035 σκευήν.
617 4971 738 5030 Πῶς
808 4967 913 5045 γὰρ
968 4966 1400 5044 εὖεργετήσουσίν
1456 4987 1585 5022 ποτε
1613 4970 1661 5022 οἳ
1704 4973 1804 5034 τῆς
1835 4966 1980 5034 ἀλη-

2066 4608 2472 4681 sim,animam
2493 4618 2710 4672 tamem
2730 4627 2836 4691 per
2848 4609 3025 4671 ﬁdem
3041 4610 3101 4671 in
3117 4607 3417 4671 Christum
3440 4607 3711 4691 mihique

2066 4697 2385 4761 diabolicae
2416 4699 2641 4761 fraudis
2666 4699 3098 4780 superstitione
3137 4696 3498 4760 beneﬁcium
3559 4717 3714 4760 con-

2065 4788 2209 4850 ferri
2242 4788 2397 4849 haud
2431 4788 2685 4850 volendo
2708 4787 2958 4851 servabo
2987 4790 3091 4865 t4),
3129 4787 3488 4849 beneﬁcium
3519 4805 3554 4849 a
3581 4787 3710 4850 vir-

2066 4890 2183 4939 tute
2213 4884 2515 4953 peregrina
2542 4893 2797 4951 paratum
2822 4883 3062 4938 omnino
3083 4895 3376 4938 aversatus.
3410 4881 3714 4950 Quomodo

2066 4965 2356 5044 enim,qui
2392 4982 2499 5045 per
2526 4965 2764 5026 malitias
2794 4965 3275 5044 exsuperantiam
3307 4981 3453 5025 vera
3483 4958 3711 5027 s'emet-

332 5060 452 5119 θοῦς
504 5055 755 5134 προνοίας
814 5056 1030 5118 ἑαυτοὺς
1091 5056 1423 5135 χωρίσαντες
1468 5053 1562 5111 διὰ
1593 5058 1781 5120 κακίας
1812 5058 1980 5133 ὑπερ-

2077 5072 2226 5134 ιρεοε
2258 5053 2677 5116 benefaciendi
2726 5056 3024 5116 voluntate
3066 5064 3316 5128 exuunt,
3351 5053 3711 5116 beneﬁcium

329 5144 499 5215 ϐολήν
536 5166 550 5222 ;
584 5146 685 5210 Οἷς
718 5167 817 5223 γαρ
848 5147 909 5202 τὸ
940 5145 997 5201 εὖ
1027 5145 1173 5202 εἶναι
1225 5148 1303 5219 μὴ
1358 5150 1639 5223 πρόσεσαι,
1691 5153 1805 5209 πῶς
1865 5147 1982 5203 ἑτέ-

2077 5141 2383 5225 tliquando
2434 5142 2663 5224 possint
2693 5144 3018 5207 conferre?
3065 5143 3292 5218 Quibus
3336 5143 3500 5204 enim
3556 5136 3714 5206 bene

331 5256 445 5313 ροις
501 5236 656 5290 τοῦτο
714 5234 1085 5313 παρέξουσινς
1145 5232 1357 5301 Ἀπάτη
1436 5236 1526 5290 οὖν
1585 5236 1620 5302 ἡ
1685 5235 1981 5315 ἐπαγγελία

2077 5251 2198 5294 esse
2229 5251 2348 5293 non
2400 5233 2688 5315 suppetit,
2741 5232 3043 5314 quomodo
3075 5232 3133 5293 id
3165 5232 3297 5294 aliis
3327 5230 3712 5312 largiantur?

328 5324 553 5404 τούτων,
615 5325 705 5381 καὶ
761 5322 910 5381 οὐδὲν
950 5322 1148 5402 ἕτερον
1190 5323 1226 5392 ἢ
1283 5326 1611 5404 φενακισμὸς
1675 5327 1975 5405 προφανής,

2077 5321 2266 5383 illusio
2287 5320 2469 5399 igitur
2488 5332 2581 5385 est
2602 5323 2845 5384 illorum
2874 5323 3336 5402 promissio,nec
3357 5321 3521 5383 aliud
3540 5321 3714 5401 quid-

330 5414 551 5477 Τούτοις
610 5413 1071 5491 ἀποπεμψάμενος
1155 5414 1247 5469 τὸν
1302 5411 1472 5470 παῖδα
1539 5426 1661 5477 τοῖς
1718 5415 1976 5492 ῥήμασιν,

2077 5431 2235 5494 tuam
2270 5429 2451 5489 quam
2489 5411 2820 5494 impoatura
2874 5412 3214 5478 manifesta.
3265 5409 3483 5475 Verbis
3541 5410 3712 5473 hisce

414 5615 499 5696 (4)
524 5616 767 5695 Aliquid
800 5616 900 5679 hic
932 5617 994 5678 in
1024 5624 1187 5681 textu
1217 5614 1420 5681 Graeco
1452 5617 1539 5679 vel
1571 5617 1866 5681 redundat
1912 5618 2003 5681 vel
2035 5618 2203 5682 deest
2231 5638 2247 5697 ;
2278 5635 2491 5680 sensus
2518 5624 2720 5685 tamen
2753 5625 2855 5685 aut
2895 5617 3049 5680 hanc
3077 5624 3178 5687 aut
3207 5622 3370 5685 certe
3405 5631 3525 5689 non
3558 5612 3708 5683 mul-

330 5713 460 5770 tum
490 5706 828 5771 absimilem
860 5706 1416 5794 interpretationem
1446 5707 1760 5788 requirere
1789 5707 2046 5781 videtur.
