4100 6404
296 332 453 401 1213

1391 336 1450 399 S.
1498 332 1877 398 DEMETRII
1919 334 2318 398 MARTYRIS
2361 333 2580 397 ACTA.

3512 314 3665 386 1214

284 476 361 536 sic
405 474 497 530 τὸν
557 472 715 529 οἷκον
775 471 873 527 τὸν
921 470 1095 546 bpov,‘
1150 456 1238 527 καὶ
1299 468 1648 544 ἁνακλήθητι,
1713 472 1924 529 κάκεῖσε

2018 470 2481 554 implora,atque
2499 471 2585 535 ibi
2613 472 2721 536 Dei
2746 469 3021 551 gloriam,
3056 470 3162 534 tibi
3191 488 3301 553 per
3333 483 3430 532 me
3459 466 3661 529 maui-

283 562 408 639 ὅψει
464 562 566 629 τὴν
621 560 774 626 δόξαν
816 562 909 617 τοῦ
952 563 1085 617 Θεοῦ
1139 559 1206 616 δι’
1238 560 1368 636 ἐμοῦ
1395 582 1477 617 σοι
1512 560 1933 640 φανερουμὲνην.

286 658 351 712 '0
403 651 458 709 δὲ
507 651 768 729 μακάριος
816 651 1081 726 Μαριανδς
1121 648 1458 725 διυπνισθεὶς,
1519 651 1616 707 καί
1665 649 1935 730 διηγησά-

286 763 450 816 μενος
505 754 623 807 τοῖς
678 740 909 807 πλησίον
935 741 1002 796 τὰ
1044 741 1295 817 ὁραθέντα
1355 742 1498 815 αὒτῷ
1545 739 1662 797 καθ’
1719 740 1933 812 ὕπνους,

284 831 472 909 ἔλεγεν
521 830 831 909 ὀδυρόμενος
868 850 882 867 ο
936 831 1029 887 Καὶ
1081 836 1182 885 ποῦ
1241 828 1445 907 εὕροιμι
1482 851 1540 885 σε
1597 835 1708 908 νῦν,
1754 831 1788 898 ἣ
1846 832 1936 886 τὸν

288 924 384 978 σὸν
427 921 605 992 οἶκον,
639 920 683 975 ὦ
730 919 871 997 κύριέ
913 942 1039 993 μου,
1103 921 1191 975 καὶ
1250 918 1586 997 γθησιώτατε
1634 921 1932 996 Δημήτριε,

286 1018 384 1067 σοῦ
444 1010 543 1085 μὲν
599 1009 735 1066 κατᾶ
802 1014 903 1075 τὴν
978 1009 1361 1085 βασιλεύουσαν
1420 1008 1575 1065 πόλιν
1633 1007 1932 1089 διάγοντος,

282 1102 420 1175 ὶμοϋ
476 1098 531 1155 δῖ
607 1099 744 1156 κατὰ
816 1097 1210 1165 Θεσσαλονίκης
1286 1097 1580 1174 κειμένους
1641 1098 1791 1173 οἴμοι
1859 1105 1935 1171 τῷ

284 1189 500 1264 ἀθλίῳί
553 1189 702 1265 Πόση
746 1194 891 1269 χαρᾷ
920 1210 988 1263 με
1046 1191 1073 1245 6
1132 1187 1332 1267 ὄνειρος
1380 1188 1772 1269 κατεφαίδρυνε,
1840 1188 1936 1245 καὶ

282 1278 495 1356 πηλίκη
538 1277 712 1354 θλίψει
751 1279 810 1334 τὸ
837 1277 978 1357 ῦπαρ
1029 1278 1359 1358 κατέχωσεν.
1394 1280 1526 1336 Τότε
1556 1278 1643 1343 εἷς
1673 1285 1779 1335 τῶν
1821 1300 1932 1336 πα·-

282 1368 565 1445 ρεστώτων
621 1369 790 1445 νυγεὶς
845 1369 947 1424 ὑπὸ
992 1376 1124 1426 Θεοῦ
1186 1368 1504 1447 ἀπεκρίνατο
1541 1383 1556 1399 ³
1618 1366 1764 1446 Ἐγώ
1822 1390 1929 1442 σοι,

283 1457 541 1539 δέσποτα,
601 1457 822 1533 μηνύσω
877 1459 971 1513 τὸν
1039 1458 1345 1537 προστάτην
1426 1480 1521 1514 σου
1571 1459 1655 1514 καὶ
1713 1458 1931 1535 γνήσιον

282 1544 460 1626 φίλον,
492 1547 580 1602 καὶ
632 1545 768 1620 μετὰ
812 1546 942 1601 Θεὸν
998 1543 1264 1613 δεσπότην
1330 1547 1662 1625 Δημήτριον,
1699 1548 1788 1603 τὸν
1838 1547 1933 1604 καῖ

283 1636 342 1692 ἐν
370 1642 441 1713 τῇ
471 1635 820 1713 βασιλευούσῃ
866 1633 1019 1692 πόλει
1076 1643 1162 1693 νῦν
1222 1633 1370 1716 ὄντα,
1423 1637 1510 1693 καὶ
1569 1634 1745 1694 ἐνθάδε
1798 1659 1931 1694 κατ-

282 1733 555 1799 οικοῦντα,
589 1726 811 1782 κάκεῖσε
839 1732 918 1799 τῷ
946 1724 1167 1802 βασιλεῖ
1194 1730 1302 1782 τῶν
1348 1724 1486 1782 ὅλων
1515 1727 1931 1806 παριστάμενον,

279 1820 373 1874 καὶ
402 1816 495 1874 τὸν
527 1814 744 1872 ἐνταῦθα
770 1816 847 1892 μὴ
878 1813 1324 1890 ἀπολειπόμενον.

367 1993 457 2057 ιε’.
499 2000 663 2052 Τοῦτο
706 1992 763 2049 δὲ
818 2001 923 2051 τῶν
981 1994 1150 2066 σάρκα
1206 1994 1292 2050 καὶ
1323 1995 1466 2068 αἷμα
1511 1996 1809 2074 φορούντων
1840 1995 1929 2049 οὖ-

281 2084 393 2142 δενὶ
446 2084 687 2159 δυνατὸν,
748 2087 825 2157 τῷ
881 2082 936 2139 δὲ
1017 2085 1263 2161 παναγίῳ
1315 2085 1405 2141 καὶ
1476 2082 1652 2164 ἐξόχῳ
1709 2085 1931 2164 μάρτυρι

278 2182 380 2232 τοῦ
442 2180 666 2252 Χριστοῦ
727 2174 1042 2251 Δημητρίῳ,
1107 2173 1195 2229 καὶ
1252 2173 1398 2247 μάλα
1454 2173 1651 2252 ῥᾴδιον.
1696 2181 1775 2251 Τῇ
1832 2175 1931 2252 γὰρ

280 2264 432 2339 ἆυλῷ
486 2265 644 2323 αὒτοῦ
699 2269 854 2343 ψυχῇ
910 2262 1009 2319 καί
1049 2268 1118 2339 τῇ
1159 2261 1411 2336 ἀθολώτῳ
1468 2265 1640 2319 πίστει
1692 2267 1779 2320 καὶ
1831 2265 1930 2331 τὴν

278 2356 397 2411 ἄνω
444 2352 687 2431 βασιλίδα
745 2352 901 2409 πόλιν
955 2352 1306 2429 Ἰερουσαλὴμ
1364 2365 1631 2432 κατοικεῖ,
1692 2355 1779 2410 καὶ
1835 2354 1929 2422 τῆς

281 2443 628 2523 θρεψαμένης
671 2443 828 2499 αὒτὸν
887 2440 1280 2508 Θεσσα)ονίκης
1330 2441 1425 2497 οῦκ
1470 2442 1920 2518 ἀπολιμπάνεται.

281 2535 450 2613 Ἐχει
480 2532 570 2588 οῦν
600 2532 654 2589 ἐν
680 2531 1006 2613 ἀμφοτέραις
1038 2543 1162 2596 ταῖς
1214 2530 1432 2587 πόλεσιν
1480 2529 1664 2592 οἴκους
1700 2551 1713 2563 ⁸
1761 2555 1927 2611 προε-

280 2623 518 2699 τρέψατο
548 2620 603 2677 δέ
633 2641 691 2677 σε
714 2622 806 2677 τὸν
836 2620 967 2696 ἒμὸν
995 2618 1260 2686 δεσπότην
1308 2622 1382 2683 εἷς
1429 2621 1520 2677 τὸν
1559 2621 1716 2679 οἶκον
1772 2623 1929 2680 αὐτοῦ

279 2713 573 2790 γενόμενον
624 2710 724 2778 τῆς
784 2710 958 2787 ὑγείας
1014 2722 1231 2789 τυχεῖν.
1314 2710 1644 2785 Σκεψώμεθα
1702 2710 1821 2784 οῦν,
1886 2714 1930 2768 εἰ

280 2801 504 2859 δυνατόν
532 2820 590 2857 σε
621 2800 675 2856 ἐν
702 2800 779 2875 τῷ
820 2797 958 2873 οἴκῳ
988 2801 1146 2855 αὐτοῦ
1193 2804 1270 2872 τῷ
1328 2800 1402 2862 εἷς
1432 2799 1532 2865 τὴν
1561 2797 1672 2858 ἄνω
1726 2791 1926 2879 Ἰερου-

282 2891 471 2965 σαλὴμ
526 2888 913 2969 παραγενέσθαι
995 2891 1151 2963 σῶμα
1240 2888 1498 2967 φοροῦντα
1535 2908 1551 2925 ⁸
1615 2896 1770 2946 τοῦτο
1826 2891 1926 2970 γὰρ

275 2984 372 3039 καὶ
428 2986 525 3049 τῆς
581 2980 739 3036 νόσου
794 2976 1094 3043 ἀπαλλάξαι
1153 2979 1441 3056 ὑπέσχετο,
1488 2975 1657 3033 Ἀλλᾶ
1711 2981 1820 3052 μὴν
1867 2981 1927 3038 οῦ

278 3072 507 3153 quam
563 3071 708 3146 ἡμᾶς
768 3073 856 3124 νῦν
889 3068 1025 3143 μετὰ
1063 3065 1295 3144 γεώδους
1340 3067 1572 3135 σκήνους
1629 3068 1695 3124 τὰ
1749 3068 1926 3127 intatae

2018 561 2312 636 festatam,
2375 558 2622 626 videbis.
2681 565 2830 626 Cum
2888 570 3087 625 autem
3122 561 3329 624 beatus
3357 557 3663 622 Marianus

2019 658 2178 712 esset
2207 652 2743 730 expergefactus,et
2773 670 2907 734 quas
2935 651 3046 714 sibi
3077 651 3139 713 in
3170 666 3381 712 somno
3403 646 3527 709 visa
3554 662 3659 734 es:-

2018 740 2516 815 sent,astantibus
2549 732 2874 816 narrasset,
2910 742 3245 803 lamenta‘ns
3273 737 3515 801 dicebat
3546 753 3562 798 :
3592 732 3666 796 Et

2019 828 2122 889 ubi
2146 847 2305 890 nunc
2326 838 2382 892 te
2410 832 2497 893 vel
2522 833 2766 894 domum
2792 841 2976 907 tuam,
3005 832 3086 892 mi
3109 830 3353 892 domine
3373 847 3441 889 ac
3467 827 3662 887 since-

2017 917 2254 980 rissime
2285 919 2579 999 Demetri,
2611 922 2936 1002 inveniam,
2971 929 3030 983 te
3059 919 3301 1001 quidem
3330 918 3393 979 in
3425 917 3663 978 civitate

2019 1024 2205 1084 penes
2229 1027 2404 1088 quam
2429 1010 2748 1091 imperium
2785 1019 2896 1085 est,
2931 1017 3363 1080 commorante,
3398 1024 3496 1068 me
3520 1012 3662 1066 vero

2017 1094 2457 1161 Thessalonicae
2508 1100 2954 1163 decumbente!
3021 1098 3131 1162 Hei
3189 1098 3337 1162 mihi
3396 1091 3654 1157 misero!

2019 1183 2252 1257 Quanto
2270 1205 2368 1250 me
2382 1190 2621 1268 gaudio,
2650 1190 2807 1271 quod
2824 1190 2886 1252 in
2905 1207 3119 1253 somno
3141 1189 3260 1251 vidi
3277 1183 3655 1259 exhilaravit,

2019 1278 2365 1358 tanta,q1iod
2388 1279 2636 1359 vigilans
2656 1299 2788 1342 com
2799 1279 3196 1361 peri,tristitia
3216 1296 3312 1340 me
3332 1273 3654 1357 depressit,

2016 1365 2184 1428 Tunc
2212 1385 2369 1428 unus
2396 1375 2739 1445 astantium,
2791 1389 2825 1431 a
2882 1370 3006 1433 Deo
3037 1376 3260 1442 motus,
3289 1364 3607 1445 respondit
3637 1383 3652 1426 :

2016 1453 2139 1533 Ego
2171 1455 2300 1531 tibi,
2335 1458 2613 1533 Domine,
2650 1460 2961 1522 ostendam
2994 1466 3492 1539 patronumtuum
3512 1470 3658 1532 ger-

2019 1563 2383 1628 manumque
2410 1549 2777 1623 amicum,ac
2810 1558 2940 1630 post
2973 1549 3157 1612 Deum
3193 1546 3501 1609 dominum
3533 1542 3659 1604 De-

2018 1636 2325 1717 metrium,
2362 1638 2464 1718 qui
2495 1646 2555 1700 et
2584 1638 2644 1701 in
2676 1639 3018 1721 imperante
3040 1640 3276 1702 civitate
3303 1636 3465 1699 nunc
3495 1650 3660 1695 com-

2018 1726 2508 1808 morans,hicque
2525 1727 2823 1804 habitans,
2857 1736 3059 1791 rerum
3093 1729 3361 1791 omnium
3395 1726 3659 1803 impera-

1957 1838 1994 1888 B
2017 1814 2132 1875 tori
2162 1813 2384 1877 ibidem
2415 1824 2586 1894 astat,
2624 1837 2734 1881 nec
2764 1819 2952 1894 illum,
2988 1818 3088 1900 qui
3135 1819 3236 1880 hic
3263 1810 3656 1895 est,derelin-

2016 1906 2168 1983 quit.

2097 1994 2192 2057 15.
2222 1994 2286 2056 Id
2319 2004 2515 2059 autem
2547 2016 2785 2063 carnem
2822 2009 2879 2063 et
2901 1999 3256 2080 sanguinem
3288 1995 3653 2080 gestantium

2013 2081 2162 2144 nulli
2195 2085 2888 2164 possibile,sanctissimo
2909 2075 3106 2152 autem
3132 2108 3200 2151 ac
3234 2075 3655 2169 praemia?!“

2013 2169 2232 2234 Christi
2263 2176 2502 2256 martyri
2535 2179 2833 2241 Demetrio
2892 2179 3060 2241 valde
3093 2166 3269 2240 etiam
3302 2173 3498 2237 facile.
3533 2166 3655 2230 Sua

2015 2263 2172 2323 enim
2192 2262 2569 2327 immateriali
2595 2268 2795 2330 anima
2812 2268 3050 2350 ﬁdeque
3076 2276 3242 2348 parat
3261 2264 3654 2343 regiam,qua

2012 2366 2249 2413 sursum
2276 2354 2696 2427 est,civitatem
2716 2360 3045 2420 Jerusalem
3070 2352 3650 2424 inhabitat,'l‘hessa-

2012 2438 2417 2519 lonicamque,
2462 2464 2594 2525 quas
2621 2446 2820 2527 ipsum
2849 2448 3121 2525 enutriit,
3154 2446 3310 2511 haud
3340 2438 3652 2519 relinquit.

2012 2527 2204 2592 Habet
2235 2531 2433 2613 itaque
2464 2533 2524 2596 in
2556 2536 2849 2598 ambabus
2879 2537 3224 2600 civitatibus
3253 2535 3485 2597 domos.
3518 2528 3650 2591 Mo-

2011 2619 2142 2680 nuit
2171 2628 2367 2684 autem
2392 2618 2787 2697 te,dominum
2815 2644 3039 2701 meum,
3074 2633 3137 2689 ut
3156 2626 3231 2688 ad
3256 2624 3498 2686 domum
3522 2617 3658 2697 ejus

2011 2713 2291 2773 accedens
2324 2718 2627 2776 sanitatem
2649 2720 3432 2792 consequaris.Dispiciamus
3453 2715 3650 2786 igitur.

2011 2815 2153 2859 num
2186 2808 2267 2879 te,
2301 2818 2522 2882 corpus
2550 2811 2909 2882 gestantem,
2944 2805 3188 2868 domum
3241 2805 3395 2882 ejus,
3430 2817 3563 2881 quas
3592 2798 3651 2858 in

2007 2904 2267 2967 superna
2285 2889 2620 2954 Jerusalem
2655 2894 2946 2967 est,adire
2975 2895 3053 2957 sit
3082 2890 3462 2976 possibile.ld
3486 2886 3646 2950 enim

2006 2977 2184 3039 etiam
2217 2990 2277 3040 te
2302 2979 2510 3043 morbo
2542 2982 2935 3046 liberaturum
2968 2979 3503 3066 promisit.Verum
3537 2993 3649 3037 na-

2010 3068 2199 3130 turale
2247 3070 2404 3132 haud
2439 3079 2547 3139 est.
2584 3090 2695 3133 nos
2727 3072 2907 3135 modo
2931 3092 3068 3135 cum
3100 3082 3344 3135 terreno
3369 3081 3646 3146 corpore.

278 3156 608 3217 καταλαϐεῖν
643 3171 659 3188 ’
722 3156 959 3213 λείπεται
1031 3155 1202 3212 τοίνυν
1286 3156 1403 3234 περὶ
1480 3162 1574 3211 τοῦ
1629 3154 1684 3211 ἂν
1759 3157 1924 3235 ταύτῃ

2013 3175 2144 3238 quae
2173 3157 2396 3222 ibidem
2430 3168 2824 3238 sunt,tenere.
2859 3164 3066 3226 Restat
3086 3179 3253 3243 ergo,
3287 3167 3372 3237 ut,
3406 3156 3511 3235 qui
3543 3152 3651 3216 tibi

274 3256 351 3325 τῇ
392 3248 733 3329 θεοφυλάκτῳ
785 3244 894 3301 τῶν
951 3243 1381 3301 Θεσσαλονικέων
1444 3244 1775 3322 μητροπόλει
1832 3268 1926 3303 σε-

276 3337 508 3412 ϐασμίου
538 3337 694 3393 οἴκου
718 3333 876 3393 αὐτοῦ
905 3335 998 3390 τὸν
1042 3333 1096 3389 ἐν
1143 3338 1222 3406 τῷ
1278 3333 1428 3407 ὕπνῳ
1484 3332 1790 3402 λαλήσαντά
1845 3358 1929 3394 σοι

275 3428 636 3502 σημάνασθαι.

371 3513 492 3590 ις’.
524 3516 587 3574 Τί
616 3516 704 3571 οὖν
736 3512 1029 3589 μέλλομεν,
1082 3513 1129 3570 ὦ
1184 3511 1440 3593 δέσποτα,
1499 3514 1588 3570 καὶ
1644 3515 1738 3573 οὒκ
1794 3514 1926 3573 ἄπι-

275 3627 403 3686 μεν,
436 3607 523 3663 καὶ
552 3605 653 3672 τὴν
700 3603 830 3682 παρ’
872 3602 1031 3659 αὐτοῦ
1084 3609 1360 3680 τρυγῶμεν
1417 3603 1765 3679 ἐπισκοπὴνς
1829 3607 1926 3664 Καὶ

275 3695 445 3751 ταῦτα
475 3695 648 3775 φήσας
680 3695 707 3749 6
766 3705 922 3771 παῖς,
969 3689 1151 3769 ἤγειρε
1207 3692 1306 3759 τῆς
1356 3690 1545 3759 κλίνης
1595 3695 1687 3749 τὸν
1737 3695 1927 3751 ἑαυτοῦ

275 3784 568 3860 δεσπότην,
629 3783 717 3842 καὶ
773 3781 890 3857 μεθ’
947 3781 1139 3859 ἑτέρων
1182 3779 1474 3838 συνδούλων
1532 3785 1690 3841 αὐτοῦ
1717 3784 1919 3859 βαστά-

273 3897 373 3936 σας
439 3886 563 3936 ταῖς
637 3873 816 3952 χερσὶ,
876 3868 1221 3948 ωμπλέγδην
1296 3870 1616 3949 ἑκατέρωθεν
1688 3873 1921 3951 αὐτοτρυῆ

272 3963 532 4042 καθέδραν
575 3964 719 4036 αὒτῷ
776 3961 1233 4039 μηχανησάμενοι
1296 3958 1436 4040 (οὖδὲ
1488 3962 1589 4038 γὰρ
1617 3960 1775 4035 ’ίππῳ
1828 3961 1918 4018 εὖ..

274 4055 454 4132 φόρως
484 4052 802 4132 ἐποχεῖσθαι
833 4049 1097 4130 ἐδύνατο),
1129 4048 1360 4128 ἤνεγκαν
1410 4053 1467 4104 ὲν
1512 4052 1589 4125 τῷ
1631 4050 1922 4126 πανσέπτῷ

272 4150 389 4217 ναῷ
442 4151 537 4202 τοῦ
588 4138 907 4205 πανενδόξου
991 4140 1250 4218 μάρτυρος
1336 4141 1664 4217 Δημητρίου.
1748 4144 1809 4198 Ὀ
1864 4140 1919 4198 δὲ

270 4230 543 4307 εἰσελθὼν,
603 4232 692 4287 καὶ
746 4228 869 4285 ίδὼν
929 4230 1027 4297 τὴν
1084 4227 1398 4305 εὐπρέπειαν
1458 4236 1554 4286 τοῦ
1608 4229 1787 4302 οἴκου,
1823 4233 1917 4287 καί

270 4323 373 4390 τὴν
428 4321 482 4378 ἐν
538 4322 681 4394 αῦτῷ
752 4318 1118 4393 πνευματικὴν
1172 4316 1414 4396 εὒωδίαν,
1468 4319 1571 4385 τὴν
1627 4318 1920 4399 τρέφουσαν

272 4413 369 4475 τὰς
405 4411 585 4491 ψυχας
615 4415 721 4467 τῶν
752 4414 981 4487 πιστῶν,
1033 4409 1108 4471 ὡς
1152 4410 1180 4463 6
1235 4406 1551 4483 παράδεισος
1608 4417 1700 4465 τοῦ
1761 4417 1914 4489 Θεοῦ,

2011 3245 2074 3308 in
2103 3265 2316 3309 somno
2347 3247 2578 3313 locutus
2607 3252 2803 3318 est.de
2825 3252 3161 3315 veneranda
3182 3250 3361 3312 domo
3383 3260 3653 3324 sua,quaa

2008 3335 2072 3397 in
2103 3335 2211 3398 hac
2245 3337 2545 3401 custodita
2570 3358 2605 3400 a
2636 3338 2757 3402 Deo
2786 3340 3412 3406 Thessalonicensium
3437 3343 3652 3398 metro-

2011 3426 2129 3506 poli
2163 3433 2274 3507 est,
2310 3427 2521 3492 fecerit
2552 3447 2923 3495 sermonem.

2098 3517 2194 3578 16.
2224 3516 2373 3589 Quid
2407 3517 2587 3597 igitur
2618 3530 2987 3592 cunctamur,
3042 3522 3212 3597 here,
3248 3537 3360 3582 nec
3388 3516 3647 3597 abimus,

2011 3606 2467 3689 faciendamque
2484 3608 2558 3670 ab
2574 3627 2648 3671 eo
2660 3610 3058 3673 visitationem
3081 3606 3413 3675 moramur?
3426 3608 3648 3686 Atque,

2008 3695 2102 3757 his
2127 3694 2323 3771 dictis,
2360 3697 2671 3760 dominum
2704 3717 2875 3762 suum
2912 3716 3119 3763 servus
3141 3718 3177 3763 e
3222 3700 3375 3762 lecto
3406 3697 3642 3769 levaVil.

2004 3783 2425 3866 sublatumque
2444 3804 2580 3847 cum
2606 3786 2740 3849 aliis
2768 3790 3076 3851 conservis
3104 3786 3400 3865 suis,sede
3430 3785 3510 3860 ei,
3545 3802 3649 3847 cu-

2002 3874 2100 3951 jus
2121 3872 2305 3934 latera
2326 3873 2628 3955 utrimque
2650 3885 2819 3937 erant
2840 3874 2901 3937 in
2918 3893 2985 3939 se
3004 3876 3347 3955 conjuncta,
3380 3879 3647 3933 exstruc-

2009 3971 2085 4041 ta,
2142 3962 2421 4025 manibus
2473 3963 2599 4025 suis
2655 3963 2901 4046 (nempe
2931 3966 3088 4027 enim
3119 3983 3272 4046 equo
3304 3961 3479 4025 facile
3505 3958 3644 4022 vehi

2006 4054 2262 4134 poterat)
2322 4052 2382 4113 in
2437 4052 2841 4115 venerandum
2899 4052 3315 4132 gloriosissimi
3374 4049 3645 4131 martyris

2006 4142 2292 4223 templum
2326 4149 2660 4223 portarunt.
2693 4145 2840 4205 Cum
2875 4152 3068 4205 autem
3120 4152 3278 4206 esset
3307 4142 3639 4221 ingressus,

2003 4232 2266 4313 aedisque
2296 4239 2567 4293 ornatum
2610 4250 2679 4294 ac
2709 4232 3084 4312 spiritualem
3136 4232 3320 4305 illius,
3353 4231 3455 4312 qui
3488 4228 3641 4290 ﬁde-

2004 4321 2145 4383 lium
2179 4323 2430 4396 animas,
2465 4321 2624 4383 velut
2672 4321 2780 4384 Dei
2840 4322 3176 4402 paradisus,
3234 4323 3356 4390 alit.
3392 4318 3640 4382 odorem

2003 4413 2413 4490 comperisset,
2449 4410 2523 4473 iis
2575 4411 2681 4492 qui
2730 4410 2897 4473 illum
2945 4412 3239 4485 ferebant,
3295 4405 3643 4472 domesticis

275 4502 405 4558 εἷπε
460 4513 580 4564 τοῖς
637 4499 985 4577 βαστάζουσιν
1048 4498 1204 4556 αὐτὸν
1264 4497 1518 4577 οἰκέταις,
1579 4498 1794 4573 Ῥίψατέ
1852 4521 1920 4575 με

2013 4500 2154 4563 dixit
2186 4521 2201 4559 :
2237 4503 2300 4563 ln
2334 4500 2495 4563 nudo
2526 4500 2863 4581 pavimento
2896 4518 2992 4564 me
3047 4500 3353 4581 deponite.
3384 4498 3477 4561 Illi
3527 4514 3640 4558 au-

274 4590 490 4648 πλωτὸν
536 4591 611 4653 εἷς
653 4591 715 4646 τὸ
759 4587 972 4668 ἔδαφος.
1020 4588 1080 4645 Οἱ
1110 4585 1165 4642 δὲ
1226 4588 1322 4643 οῦκ
1369 4586 1649 4646 ἐϐούλοντο
1681 4589 1780 4664 μὲν
1837 4587 1922 4646 διὰ

272 4683 337 4738 τὸ
367 4681 522 4738 παντὶ
571 4679 718 4756 μέρει
780 4686 874 4736 τοῦ
932 4682 1182 4754 σώματος
1226 4676 1478 4744 ἀκίνητον
1531 4679 1689 4735 αῦτὸν
1745 4680 1919 4758 ὕπαρ-

275 4792 399 4852 χειν
432 4789 447 4802 ·
522 4769 673 4843 ὅμως
741 4765 1143 4846 Ῑεγκελευομένῳ
1208 4764 1555 4846 σφοδρότερον
1609 4769 1920 4838 ὒπήκουσαν

275 4861 519 4925 ἄκοντες.
584 4862 644 4917 Ὀ
707 4857 762 4914 δὲ
817 4859 982 4937 ῥιφεὶς
1038 4855 1123 4913 ἐπὶ
1178 4855 1279 4921 τὴν
1312 4856 1617 4935 μάρμαρον,
1654 4858 1741 4913 καὶ
1797 4870 1917 4922 τοῖς

266 4948 568 5029 ὀςρθαλμοῖς
615 4944 918 5023 ἀναϐλέψας
970 4945 1156 5022 μόνον,
1203 4941 1321 4999 οῦδὲ
1368 4967 1468 5024 γαρ
1525 4948 1622 5014 την
1681 4944 1917 5026 κεφαλὴν

265 5038 521 5096 σαλεῦσαι
562 5035 804 5113 ἒδύνατο,
863 5041 974 5093 τῶν
1030 5035 1290 5092 τενόντων
1320 5035 1495 5102 πάντη
1527 5034 1911 5110 διαλυομένων,

268 5129 466 5196 ηὔξατο
509 5127 677 5191 οὕτως
713 5143 726 5156 ·

350 5215 441 5289 ιζ’.
474 5216 634 5295 ’Ἀγιε
661 5217 749 5273 καὶ
774 5215 998 5295 πανάγιε
1035 5214 1318 5294 ἆθλοφόρε,
1380 5213 1465 5269 καὶ
1519 5214 1705 5291 γνήσιε
1762 5213 1911 5271 δοῦλε

270 5312 522 5387 Χριστοῦ,
557 5309 584 5361 6
616 5305 714 5373 τὴν
743 5305 929 5385 ψυχὴν
959 5327 1054 5364 σου
1082 5302 1202 5367 δοὺς
1243 5304 1373 5381 ὑπὲρ
1419 5302 1599 5378 αὐτοῦ,
1662 5304 1751 5360 καὶ
1807 5309 1915 5379 ψυ-

267 5399 376 5477 χὰς
437 5394 653 5453 πολλῶν
706 5395 991 5472 κερδήσας,
1025 5397 1113 5452 καὶ
1148 5394 1505 5471 προσενέγκας
1535 5394 1678 5467 αύτῷ
1707 5408 1722 5425 '
1770 5395 1799 5450 6
1855 5395 1916 5449 τὸ

268 5486 424 5561 σῶμά
511 5505 605 5541 σου
681 5497 805 5547 ταῖς
885 5482 1118 5563 λόγχαις
1202 5485 1625 5563 τιτρωσκόμενον
1703 5486 1913 5561 θεωρή-

267 5598 363 5639 σας
394 5575 524 5653 ὑπὲρ
564 5574 744 5650 αὖτοῦ,
807 5575 893 5631 καὶ
951 5573 1317 5652 μεγαλυνθεὶς,
1376 5575 1463 5630 καὶ
1493 5572 1718 5648 σώματα
1770 5571 1912 5629 πολ-

264 5665 373 5725 λῶν
427 5664 489 5722 ἐκ
531 5664 637 5722 τῶν
679 5662 860 5736 μυλῶν
900 5673 992 5722 τοῦ
1041 5662 1258 5729 λέοντος
1318 5661 1681 5740 ἐξαιρούμενος
1746 5661 1910 5742 μέχρι

2005 4598 2149 4664 tem,
2210 4589 2368 4670 quod
2429 4590 2595 4650 omni
2656 4589 2928 4669 corporis
2982 4598 3148 4671 parte
3197 4586 3521 4651 immobilis
3589 4584 3641 4645 is

2005 4686 2185 4753 esset,
2232 4697 2352 4740 non
2410 4678 2689 4741 volebant
2741 4679 3007 4756 quidem,
3054 4678 3382 4742 districtius
3441 4685 3640 4738 tamen

1998 4766 2232 4848 jubenli
2263 4767 2431 4829 inviti
2493 4781 2848 4849 paruerunt.
2897 4767 3005 4831 Ille
3055 4776 3253 4831 autem
3279 4768 3341 4829 in
3373 4783 3640 4828 marmo-

2000 4874 2169 4919 reum
2201 4856 2395 4919 solum
2425 4858 2763 4937 conjectus,
2780 4858 3091 4935 oculisque
3110 4858 3396 4920 duntaxat
3420 4860 3643 4935 (neque

2001 4948 2188 5027 enim,
2223 4946 2424 5008 nervis
2481 4947 2724 5008 omnino
2781 4945 3110 5028 dissolutis,
3162 4954 3340 5028 caput
3397 4961 3642 5007 movere

2000 5036 2252 5116 poterat)
2287 5034 2561 5110 sublatis,
2585 5035 2747 5097 hunc
2776 5034 2838 5096 in
2871 5035 3114 5098 modum
3146 5035 3333 5097 oravit
3375 5056 3389 5094 :

2078 5215 2401 5277 t7.Sancte
2429 5230 2498 5274 ac
2524 5210 2869 5275 beatissime
2893 5214 3287 5276 certaminum
3316 5212 3642 5290 victor,ge-

1999 5302 2305 5383 nuineque
2334 5300 2556 5364 Christi
2586 5318 2778 5382 serve,
2832 5302 2958 5383 qui,
3011 5302 3212 5366 anima
3244 5315 3343 5366 tua
3372 5319 3478 5380 pro
3507 5301 3639 5381 ipso

1997 5398 2148 5461 data,
2177 5395 2400 5453 animas
2420 5394 2590 5451 etiam
2614 5394 2928 5453 multorum
2963 5395 3220 5454 lucratus
3250 5410 3328 5458 es,
3363 5401 3532 5465 atque
3567 5393 3640 5450 ad

1997 5500 2130 5545 eum
2174 5478 2472 5542 adduxisti
2501 5481 2645 5559 ;qui
2681 5497 2899 5561 corpus
2922 5490 3086 5543 tuum
3118 5478 3343 5544 lanceis
3372 5497 3478 5560 pro
3505 5478 3637 5559 ipso

1998 5571 2368 5632 vulneratum
2383 5567 2762 5648 conspicatus
2775 5568 3302 5648 magnificatusque
3318 5566 3636 5627 multorum

1994 5659 2176 5723 etiam
2200 5674 2453 5740 corpora
2475 5675 2508 5720 ο
2530 5656 2725 5719 leonis
2740 5656 3020 5721 dentibus
3037 5675 3223 5739 usque
3242 5673 3400 5719 nunc
3423 5653 3632 5736 eripis,
