4100 6414
525 308 677 378 1215
1873 313 2162 382 SUPPLE

2246 321 2526 386 ENTUM.
3715 321 3848 392 1216

517 445 767 528 Deoque
795 443 1046 513 honesta
1076 449 1315 514 vivendi
1337 447 1572 515 ratione
1613 468 1936 516 consecras
1968 471 2038 515 ac
2071 450 2162 514 of-

2247 453 2361 530 νῦν,
2422 453 2512 510 καὶ
2571 450 2836 532 ἀφανίζων
2904 447 3150 527 πολιτείᾳ
3203 457 3378 531 σεμνῇ
3433 453 3520 512 καὶ
3572 458 3850 536 προσφέρων

519 539 664 602 fers.
697 538 822 602 Etsi
851 547 1009 602 enim
1051 561 1208 604 nunc
1247 542 1558 606 nobiscum
1589 542 1963 605 s’ensibiliter
1995 541 2153 605 haud

2246 551 2380 617 Θεῷ.
2430 545 2487 602 Εἰ
2516 544 2615 620 γὰρ
2643 541 2740 599 καί
2793 544 3054 609 αἰσθητῶς
3099 549 3179 600 οὖν
3231 547 3292 602 οὐ
3335 543 3678 622 προσομιλεῐς
3703 549 3849 624 ἡμῖν,

520 630 910 705 verseris,tua
938 639 1134 693 tamen
1165 632 1440 694 doctrina
1469 632 2004 713 benevolentiaque
2034 651 2162 693 om-

2246 631 2363 690 ἆλλ⁹
2410 635 2444 701 ἡ
2475 631 2784 689 διδασκαλία
2826 654 2918 689 σου
2965 633 3054 688 καὶ
3102 634 3137 701 ἡ
3193 633 3354 713 χάρις
3396 635 3528 691 κατὰ
3553 635 3720 702 πάσης
3760 659 3849 694 πε-

521 738 660 782 nem
713 721 1020 799 regionem
1083 722 1436 802 pervadens,
1500 723 1828 802 cordaque,
1864 723 2026 785 velut
2053 741 2161 784 vox

520 811 667 884 viva,
703 827 966 876 movens.
997 829 1067 872 ea
1093 819 1152 874 et
1182 812 1428 885 emollit,
1458 820 1517 874 et
1545 820 1721 874 sanat
1751 820 1810 872 et
1839 812 2159 892 convertit,

520 899 759 979 ﬁdeque
809 899 1037 980 repleta
1083 919 1152 962 ac
1211 910 1374 964 recta
1425 901 1659 964 vivendi
1694 902 1928 963 ratione
1958 910 2165 964 ornata

519 989 593 1051 ad
627 987 812 1050 Deum
863 989 1129 1070 adducit,
1183 991 1303 1052 imo
1352 993 1531 1053 etiam
1567 1003 1724 1054 tuam
1757 991 2164 1053 visitationem

522 1077 767 1140 morbos
801 1079 1022 1142 multos
1053 1080 1415 1160 abegisse,et
1443 1081 1641 1144 audivi
1675 1089 1734 1143 et
1754 1080 2163 1144 credidi.Cum

519 1167 810 1243 igitur,mi
842 1169 1104 1248 domine,
1126 1181 1257 1249 post
1283 1171 1472 1233 Deum
1500 1189 1681 1251 supra
1719 1190 1814 1232 me
1844 1171 2023 1232 etiam
2056 1171 2160 1248 sis,

520 1257 717 1318 datam
752 1257 859 1320 tibi
905 1258 979 1320 ab
1029 1259 1133 1321 illo
1164 1261 1545 1322 sanationum
1573 1261 1824 1340 gratiam
1857 1278 2039 1340 supra
2071 1278 2166 1323 me

519 1364 738 1408 novum
771 1348 1184 1428 paralyticum,
1215 1356 1316 1429 qui
1349 1349 1424 1410 ad
1456 1350 1754 1412 viscerum
1789 1357 2025 1411 tuorum
2049 1349 2164 1430 pis-

521 1435 720 1498 cinam
753 1437 1056 1517 confugio,
1095 1439 1361 1501 effunde.

610 1616 708 1679 i8.
743 1615 871 1680 Etsi
893 1615 1053 1678 enim
1079 1618 1324 1696 triginta
1349 1626 1408 1680 et
1433 1627 1566 1681 octo
1597 1637 1787 1681 annos
1819 1625 1877 1679 in
1911 1618 2171 1681 inﬁrmi-

2245 721 2537 801 ριπολοῦσα
2583 727 2682 788 τῆς
2741 721 2954 801 χώρας,
3013 722 3102 778 καὶ
3157 727 3262 778 τῶν
3322 720 3546 801 καρδιῶν
3602 726 3672 788 ὡς
3729 728 3852 798 ζῶσα

2247 812 2400 890 φωνὴ
2459 809 2796 889 δρασσομένη
2879 810 3289 888 περιμαλάττει,
3373 813 3463 870 καὶ
3528 814 3719 891 ὑγιάζει
3778 818 3853 874 καὶ

2249 899 2597 980 ἐπιστρέφει,
2653 902 2740 956 καὶ
2823 902 3052 963 πίστεως
3135 899 3385 979 πλήρεις,
3453 903 3540 959 καὶ
3613 903 3850 971 πολιτείας

2249 988 2642 1064 σεμνύνομένας
2700 989 2956 1066 προσάγει
3015 995 3152 1062 Θεῷ,
3211 987 3349 1045 ἀλλὰ
3402 991 3490 1046 καὶ
3543 990 3851 1057 παντοδαπὰς

2249 1081 2436 1143 νόσους
2476 1077 2704 1150 ἂκήιιοα,
2759 1079 2846 1134 καὶ
2906 1079 3232 1136 πεπίστευκα
3289 1077 3390 1146 τὴν
3439 1078 3538 1147 στὶν
3593 1079 3852 1139 ἐπισκιασιν

2247 1167 2576 1246 ὶξορίσασαν,
2637 1166 2783 1225 Ἐπεὶ
2857 1165 2911 1224 δὲ
2970 1170 3081 1240 οὖν,
3140 1165 3373 1225 δέσποτα
3429 1192 3530 1242 μου
3585 1171 3710 1244 μετᾶ
3743 1173 3853 1228 Οεὸν

2247 1259 2336 1314 καὶ
2390 1257 2480 1314 ἐπ’
2534 1258 2658 1333 ἐμὲ,
2717 1257 2810 1312 καί
2873 1260 2969 1323 τὴν
3028 1255 3402 1334 δεδωρημένην
3457 1281 3540 1316 σοι
3585 1260 3732 1338 χάριν
3782 1260 3855 1318 ὑπ’

2248 1347 2408 1405 σύτοῦ
2459 1350 2564 1403 τῶν
2623 1347 2862 1422 ἰαμάτων
2919 1347 3116 1426 ἔκχεον
3159 1349 3234 1411 εἷς
3277 1348 3378 1420 ἐμὲ
3420 1348 3510 1405 τὸν
3562 1348 3665 1406 δέον
3705 1352 3857 1427 παρά-

2253 1436 2433 1514 λυτον,
2495 1439 2588 1494 τὸν
2637 1438 2691 1493 ὲν
2739 1437 2807 1507 τῇ
2855 1434 3198 1517 κολυμϐήθρᾳ
3253 1443 3360 1495 τῶν
3420 1436 3735 1520 σπλάγχνων
3784 1459 3860 1496 σου

2253 1527 2626 1606 καταφυγόντα
2637 1573 2650 1588 .

2336 1618 2438 1682 ιη’.
2479 1618 2534 1673 El
2577 1617 2676 1693 γὰρ
2718 1618 2806 1673 καὶ
2860 1615 3140 1694 τριάκοντα
3176 1616 3266 1672 καὶ
3295 1616 3440 1673 ὀκτὼ
3497 1615 3589 1684 ἔτη
3633 1619 3722 1674 οὒκ
3763 1617 3860 1698 ἔχω

524 1711 642 1766 tate
675 1723 793 1767 non
826 1706 1100 1779 habeam,
1129 1708 1400 1770 tricesies
1419 1717 1616 1770 tamen
1649 1717 1706 1769 et
1730 1709 1916 1770 octies
1940 1709 2162 1770 dolori-

2255 1707 2310 1762 ἐν
2352 1709 2420 1783 τῇ
2470 1705 2732 1776 ἀσθενείᾳ,
2785 1703 2922 1761 ἀλλὰ
2969 1705 3339 1783 τριοκοντάκις
3388 1705 3531 1763 ὀκτὼ
3561 1719 3674 1772 τοῖς
3706 1706 3858 1786 ἀλγή-

523 1791 634 1855 bus
656 1795 850 1874 ipsum
874 1813 1005 1856 sum
1034 1797 1563 1876 supergressus.Ut
1587 1798 1728 1878 quid
1759 1799 1986 1860 autem?
2017 1798 2169 1861 Om-

523 1884 668 1945 nino
692 1885 830 1965 quia
855 1893 913 1946 et
951 1887 1212 1964 peccatis
1258 1905 1391 1948 eum
1445 1888 1741 1967 superavi.
1767 1887 1838 1949 Ut
1866 1885 2047 1965 igitur
2076 1888 2170 1948 le-

522 1973 710 2035 nitate
740 1983 798 2036 et
829 1974 1100 2038 bonitate
1131 1984 1189 2037 et
1212 1976 1499 2040 doctrinae
1519 1977 1808 2039 exercitio
1835 1976 2168 2054 Christum,

523 2061 711 2126 Deum
747 2065 1208 2145 tuum,imitatus
1239 2085 1329 2146 es,
1358 2068 1551 2146 ipsum
1576 2074 1634 2127 et
1660 2067 1716 2127 in
1750 2066 2166 2127 misericordia

521 2164 578 2218 et
609 2157 667 2218 in
702 2157 1070 2220 humanitate
1101 2159 1827 2240 aamulare,eemulansque
1857 2177 2039 2239 super
2071 2176 2165 2219 me

517 2246 990 2309 misericordiam
1012 2266 1168 2309 tuam
1189 2248 1804 2329 commiserantesque
1840 2257 1969 2312 tuas
1998 2265 2166 2310 sana-

517 2336 710 2396 tiones
733 2336 1170 2409 ell‘unde.Quod
1199 2339 1247 2398 si
1273 2337 1432 2400 enim
1457 2339 1821 2400 voluntatem
1845 2347 2007 2399 tuam
2043 2356 2163 2400 non

517 2425 847 2505 impediant
885 2437 1128 2507 peccata
1185 2445 1340 2502 mea,
1375 2427 1614 2490 efﬁcere
1645 2436 1705 2488 et
1737 2444 1934 2508 posse,
1970 2427 2070 2507 qui
2103 2434 2164 2489 te

515 2515 846 2588 coronavit,
879 2515 985 2576 tibi
1018 2527 1112 2578 est
1157 2516 1422 2594 largitus.
1461 2515 1558 2580 Uti
1589 2515 1768 2595 igitur
1801 2515 1927 2590 ille,
1961 2515 2160 2578 statim

517 2612 698 2683 atque
720 2603 876 2666 Deus
897 2603 1042 2666 dixit
1065 2623 1079 2668 :
1113 2627 1135 2661 α
1165 2623 1349 2684 surge
1369 2613 1427 2667 et
1449 2605 1589 2667 tolle
1610 2604 1959 2684 grabbatum
1997 2614 2161 2667 tuum

517 2700 578 2755 et
606 2692 844 2755 ambula
867 2695 961 2768 5,»
988 2695 1458 2775 respondentem
1493 2695 1676 2758 verbo
1712 2695 2038 2775 potentiam
2075 2703 2165 2757 est

519 2792 752 2853 nactus,
782 2782 863 2845 ita
888 2791 946 2845 et
980 2793 1060 2858 tu,
1098 2785 1258 2846 velut
1304 2785 1407 2846 Dei
1456 2785 1824 2847 domesticus
1854 2785 2160 2864 gratiaque

515 2871 650 2952 ejus
671 2871 748 2933 ab
769 2891 839 2934 eo
863 2884 1284 2956 tempore,quo
1305 2893 1408 2955 pro
1433 2875 1562 2954 ipso
1579 2874 2161 2954 certamen,victoria

517 2964 1484 3044 coronatum,inivisti,indutus,in
1512 2984 1608 3027 me
1631 2966 1806 3027 etiam
1835 2965 1964 3027 ﬁeri
1988 2965 2155 3026 velis.

515 3051 710 3130 Atque
732 3071 840 3132 ego
859 3054 1182 3134 potentiam
1211 3055 1615 3130 tuam,etIectu
1645 3054 1977 3134 probatam,
2007 3071 2160 3133 prai-

2256 1817 2416 1870 μασιν
2467 1792 2787 1863 ὅπερέϐαλον
2859 1793 3088 1853 ἐκεῖνον.
3154 1794 3253 1850 Διὰ
3301 1796 3345 1850 τί
3383 1793 3487 1875 δέ;
3537 1797 3740 1858 Πάντως
3789 1795 3858 1854 ὅτι

2253 1885 2341 1940 καὶ
2385 1896 2507 1946 ταῖς
2561 1884 2843 1960 ἁμαρτίαις
2899 1882 3289 1957 ὑπερηκόντισα
3373 1883 3577 1946 nam,
3634 1887 3722 1948 Ὣς
3783 1887 3858 1942 οὖν

2255 1975 2327 2037 εἰς
2359 1979 2523 2050 πρᾷον
2554 1973 2648 2028 καί
2683 1974 2742 2028 τὸ
2791 1972 3013 2050 ἀγαθὸν,
3059 1972 3147 2028 καὶ
3191 1975 3252 2028 τὸ
3294 1970 3595 2030 διδακτικὸν
3636 1973 3860 2048 ἐμιμήσω

2253 2063 2345 2118 τὸν
2390 2063 2520 2118 Θεόι
2577 2082 2670 2118 σου
2722 2063 2974 2137 Χριστὸν,
3031 2059 3275 2133 ζήλωσον
3305 2064 3464 2120 αὐτὸν
3495 2065 3581 2119 καὶ
3608 2065 3675 2129 εἰς
3702 2065 3758 2119 τὸ
3783 2062 3859 2120 εύ-

2247 2151 2586 2232 σπλαγχνον,
2645 2153 2732 2208 καὶ
2789 2151 3184 2229 φιλάνθρωπον,
3245 2154 3334 2209 καὶ
3391 2151 3638 2226 ζηλώσας
3691 2153 3860 2232 ἔκχεον

2249 2241 2333 2298 ἐπ’
2387 2243 2484 2316 ἐμὲ
2541 2242 2641 2308 τὴν
2700 2239 3066 2316 ἐλεημοσύνην
3123 2262 3241 2316 σου,
3301 2244 3397 2300 καὶ
3447 2243 3513 2299 τὰ
3561 2240 3860 2320 οἷκτείρμονά

2246 2353 2339 2387 σου
2382 2334 2607 2406 ἰάματα.
2653 2328 2781 2388 Ἐὰν
2838 2332 2938 2409 γὰρ
2994 2332 3056 2388 τὸ
3113 2331 3284 2388 θέλειν
3319 2355 3415 2390 σου
3446 2334 3524 2408 μὴ
3577 2333 3859 2390 κωλύσωσιν

2246 2423 2298 2476 αἱ
2355 2421 2607 2495 ἁμαρτίαι
2665 2439 2792 2494 μου,
2839 2421 2900 2476 τὸ
2944 2419 3180 2498 ἐνεργεῖν
3235 2422 3329 2478 καὶ
3386 2420 3628 2478 δύνασθαι
3668 2419 3862 2478 δέδωκέν

2243 2532 2326 2566 σοι
2386 2512 2412 2566 6
2470 2510 2812 2588 στεφανώσας
2868 2531 2950 2572 σε,
3010 2509 3221 2588 Ὠσπερ
3275 2512 3369 2567 οὖν
3420 2512 3624 2577 ἐκεῖνος
3652 2513 3720 2575 ὡς
3750 2511 3860 2574 Θεὸς

2243 2600 2405 2656 εἰπὼν
2465 2600 2528 2655 τὸ
2589 2620 2614 2654 α
2677 2597 2912 2677 Ἔγειρε,
2963 2601 3052 2655 καὶ
3099 2599 3225 2676 ἆρον
3284 2601 3377 2656 τὸν
3416 2598 3707 2676 κράϐὄατόν
3759 2621 3857 2678 σου,

2243 2691 2330 2744 καὶ
2387 2688 2692 2767 περιπάτει,
2763 2711 2784 2743 ε
2870 2687 3159 2762 σύνδρομον
3219 2687 3352 2768 ἔσχε
3413 2697 3489 2764 τῷ
3541 2691 3731 2768 ῥήματι
3777 2687 3860 2754 τὴν

2245 2777 2535 2856 ἐνέργειαν,
2568 2776 2706 2835 οὕτω
2749 2781 2837 2834 καὶ
2882 2778 2943 2834 σὺ
2987 2780 3060 2842 ὡς
3102 2779 3304 2842 οἰκεῖος
3339 2786 3496 2855 Θεοῦ,
3543 2779 3628 2836 καί
3681 2777 3770 2847 τήν
3818 2775 3861 2841 ἕξ

2243 2873 2402 2927 αὺτοῦ
2463 2867 2623 2947 χάριν
2671 2867 3032 2947 ἠμφιεσμένος
3068 2915 3084 2946 ,
3158 2867 3248 2947 ἀφ’
3310 2871 3476 2947 οὗπερ
3544 2871 3670 2948 ὑπὲρ
3726 2869 3861 2924 αὖτοῦ

2241 2959 2303 3015 τὸ
2386 2957 2693 3013 καλλίνικον
2763 2955 2921 3013 ἆθλον
3006 2955 3280 3036 διήνυσαε,
3369 2958 3596 3027 θέλησον
3677 2960 3754 3015 καὶ
3815 2955 3860 3011 έν

2242 3046 2387 3120 ἐμοὶ,
2429 3045 2581 3124 κάγὼ
2613 3047 2921 3126 πρακτικῶς
2964 3045 3298 3124 ἐξηγήσομαι
3353 3069 3452 3105 σου
3493 3048 3590 3115 τὴν
3644 3045 3857 3122 δύναμιν,

515 3141 750 3203 dicabo.
786 3133 1158 3224 Suscitahor,
1189 3153 1390 3224 atque,
1426 3156 1491 3206 ut
1521 3133 1729 3205 servus
1760 3144 2030 3215 claudus,
2051 3162 2158 3222 ap—

2246 3136 2602 3213 ἒγερθήσομαι
2662 3137 2749 3192 καὶ
2810 3134 3041 3212 ἀλοῦμαι
3092 3137 3173 3224 ,ὡς
3231 3133 3430 3214 ἔλαφος
3484 3139 3513 3195 6
3555 3137 3749 3218 χωλὸς,
3789 3135 3864 3190 καὶ

519 3230 1214 3312 prehendar,lollamque
1237 3251 1352 3293 non
1378 3233 1554 3293 modo
1582 3233 1800 3295 lectum
1831 3250 2053 3305 meum,
2077 3232 2161 3292 uti

515 3320 801 3396 antiquus
823 3321 924 3382 ille
957 3322 1451 3401 paralyticus,sed
1487 3321 1830 3401 etiam,quae
1860 3321 1918 3381 in
1951 3323 2163 3399 gratia-

515 3426 648 3470 rum
680 3410 974 3471 actionem
1010 3409 1214 3470 domui
1251 3419 1347 3472 tua
1373 3410 1643 3481 oii‘eram,
1676 3411 1856 3470 dona.

601 3500 701 3559 t9.
736 3496 820 3559 [ta
849 3497 1010 3560 enim
1048 3516 1152 3576 per
1211 3509 1290 3573 te,
1327 3499 1893 3561 misericordissima
1926 3498 2163 3560 Domini

519 3587 956 3668 martyr,g|oria
979 3595 1036 3652 et
1059 3589 1251 3649 honor
1276 3603 1334 3650 et
1373 3589 1643 3650 adoratio
1687 3587 1802 3668 ipsi
1833 3599 1891 3650 et
1921 3588 2081 3652 Patri
2109 3596 2169 3650 et

516 3675 762 3758 Spiritui
795 3685 1000 3738 sancto
1031 3676 1273 3739 dabitur
1318 3679 1391 3740 ab
1419 3679 1494 3740 iis
1515 3679 1615 3760 qui
1639 3697 1734 3740 me
1757 3679 1934 3740 modo
1960 3677 2164 3740 vident

516 3773 745 3844 meique
765 3773 1038 3842 deinceps
1062 3775 1543 3839 recordabuntur,
1578 3774 1932 3838 hominibus,
1956 3789 2165 3845 super-

516 3858 738 3932 nisque
769 3858 1160 3939 potestatibus
1189 3858 1249 3920 in
1278 3859 1495 3921 saecula
1524 3860 1903 3922 saeculorum.
1935 3862 2157 3922 Amen.

515 3947 707 4026 Atque
727 3965 862 4008 cum
887 3948 1013 4009 haec
1035 3967 1170 4009 cum
1197 3948 1732 4029 lacrymis,cunctis
1749 3949 2156 4024 audientibus,

515 4034 785 4112 dixisset,
820 4036 1056 4099 famulis
1085 4039 1434 4118 injunxit,nt
1461 4057 1596 4101 eum
1635 4038 1933 4120 tollerent,
1954 4039 2160 4101 humi-

515 4141 634 4204 que
662 4123 723 4185 in
757 4135 960 4206 parato
991 4127 1215 4188 ibidem
1251 4137 1434 4189 strato
1460 4136 1779 4210 ponerent.
1812 4138 1898 4192 Ac
1930 4129 2160 4210 positus

515 4213 714 4276 statim
740 4233 862 4294 prae
883 4219 1155 4296 corporis
1185 4217 1608 4296 defatigatione
1639 4218 1979 4298 animaeque
2012 4235 2157 4279 moe-

518 4303 684 4366 stitia
712 4322 922 4367 somno
945 4316 1258 4387 correptus
1283 4316 1393 4385 est;
1428 4317 1487 4369 et
1517 4326 1686 4378 ecce,
1717 4308 1931 4370 iterum
1963 4306 2155 4381 illum,

516 4412 696 4475 quem
728 4402 788 4456 et
817 4404 990 4458 antea
1011 4397 1175 4471 vidit,
1209 4399 1370 4459 omni
1393 4398 1612 4459 virtute
1634 4405 1907 4460 ornatum
1934 4395 2158 4474 glorio-

2243 3222 2496 3301 βαστάσω
2552 3228 2612 3283 οὗ
2668 3227 2830 3300 μόνον
2895 3226 2994 3292 τὴν
3054 3223 3237 3292 κλίνην
3296 3249 3426 3306 μου,
3472 3228 3542 3294 ὡς
3585 3229 3613 3285 6
3661 3225 3861 3286 παλαιὸς

2246 3314 2457 3376 ἐκεῖνος
2513 3313 2818 3393 παράλυτος
2852 3361 2869 3388 ,
2941 3312 3081 3371 ἀλλὰ
3151 3319 3237 3372 καὶ
3313 3316 3694 3397 εὐχαριστήρια
3745 3313 3864 3390 δῶρά

2247 3425 2371 3480 μου,
2410 3401 2444 3458 ἃ
2478 3403 2725 3480 προσαξω
2755 3406 2831 3478 τῷ
2861 3402 3002 3476 οἴκῳ
3031 3426 3148 3466 σου.

2330 3493 2420 3551 ιθ’.
2481 3491 2632 3550 Οὕτω
2699 3491 2800 3570 γάρ
2857 3490 2941 3548 διὰ
2984 3500 3101 3564 σοῦ,
3165 3493 3632 3575 φιλανθρωπότατε
3692 3495 3864 3572 μάρτυς

2254 3583 2458 3660 Κυρίου,
2506 3580 2782 3651 δοθήσεται
2839 3581 2984 3656 αὐτῷ
3031 3581 3154 3649 δόξα
3196 3585 3284 3641 καὶ
3332 3585 3471 3660 τιμὴ
3501 3587 3587 3643 καὶ
3649 3583 3864 3664 προσκύ-

2247 3695 2401 3740 νησις
2446 3673 2540 3729 σὺν
2600 3671 2768 3750 Πατρί
2808 3679 2896 3728 καὶ
2955 3672 3091 3751 ἁγίῳ
3147 3675 3418 3748 Πνεύματι
3462 3677 3606 3754 παρὰ
3647 3681 3744 3732 τῶν
3791 3669 3866 3729 νῦν

2245 3764 2490 3840 ἐρώντων
2550 3782 2616 3837 με
2678 3760 2991 3840 ἀνθρώπων,
3043 3764 3132 3819 καὶ
3183 3765 3254 3829 εἷς
3284 3762 3504 3843 ὕστερος
3537 3761 3865 3841 μεμνημένων

2244 3875 2370 3933 μου,
2415 3853 2503 3908 καὶ
2543 3853 2686 3930 παρὰ
2724 3856 2830 3909 τῶν
2885 3850 2997 3908 ἄνω
3039 3849 3312 3928 δυνάμεων
3361 3857 3438 3920 εἰς
3481 3856 3602 3920 τοὺς
3650 3853 3862 3914 ἅπαντας

2242 3943 2436 4006 αἰῶνας
2479 3948 2586 3998 τῶν
2630 3941 2858 4004 αἰώνων,
2921 3941 3118 4016 Ἀμήν.
3174 3944 3272 4002 Καὶ
3319 3953 3486 4004 ταῦτα
3540 3945 3696 4002 εἰπὼν
3742 3940 3857 4018 μετᾶ

2241 4029 2503 4111 δακρύων,
2548 4031 2762 4088 πάντων
2819 4032 3147 4112 ἀκουόντων,
3195 4033 3486 4110 προσέταξε
3531 4047 3647 4098 τοῖς
3701 4031 3858 4090 παισὶν

2242 4122 2362 4200 ἆραι
2419 4122 2508 4177 καὶ
2562 4123 2734 4177 θεῖναι
2795 4119 2954 4176 αύτὸν
3035 4120 3120 4177 ἐπὶ
3177 4127 3255 4196 τῷ
3311 4125 3490 4202 χαμαὶ
3549 4123 3744 4203 στράτῳ
3792 4125 3858 4191 τῷ

2241 4209 2608 4287 ἑτοιμασθέντι
2681 4213 2825 4284 αὒτῷ
2899 4211 3077 4268 inter:
3114 4258 3132 4291 ,
3196 4212 3285 4268 καὶ
3350 4215 3518 4277 τεθεὶς
3577 4213 3858 4293 ἀφύπνωσεν

2242 4304 2388 4363 εὐθὺς
2447 4299 2510 4355 ἐκ
2563 4300 2807 4375 καμάτου
2850 4303 3125 4376 σώματος,
3185 4301 3272 4358 καὶ
3325 4303 3491 4360 πόνου
3533 4307 3732 4384 ψυχῆς.
3777 4297 3859 4358 Καὶ

2240 4389 2348 4447 ἰδοὺ
2404 4390 2565 4445 πάλιν
2608 4391 2703 4465 ὁρᾷ
2761 4387 2878 4446 καθ’
2922 4387 3112 4455 ὕπνους
3169 4391 3262 4448 τὸν
3305 4392 3624 4472 πανάριστον
3677 4392 3858 4449 ἐκεῖνον

512 4487 924 4560 sissimumque
946 4492 1131 4546 virum
1155 4489 1508 4548 Demetrium
1531 4491 1589 4547 in
1622 4503 1827 4548 somno
1858 4489 2158 4557 conspica-

2246 4478 2402 4556 ἄνδρα
2451 4480 2537 4534 καὶ
2589 4476 2928 4544 ἐνδοξότατον
2983 4481 3319 4558 Δημήτριον,
3380 4481 3440 4537 ὃν
3523 4483 3610 4540 καὶ
3664 4480 3857 4558 πρόσθεν

513 4579 608 4633 tus
638 4581 730 4634 est
757 4572 872 4636 sibi
901 4574 1200 4637 dicentem
1241 4596 1256 4637 :
1293 4577 1477 4636 Beate
1507 4576 2152 4653 obtemperans,recteo

2241 4567 2380 4643 εἶδε,
2440 4565 2664 4645 λέγοντα
2697 4569 2839 4640 αὗττῷ
2871 4583 2888 4599 ⁸
2951 4567 3140 4634 Καλῶς
3176 4570 3359 4642 ἦλθες,
3411 4567 3593 4637 καλῶς
3646 4566 3853 4627 ὑπακού-

513 4679 654 4741 que,
692 4680 822 4741 quae
855 4663 962 4727 tibi
993 4683 1027 4726 a
1058 4683 1155 4726 me
1183 4664 1344 4726 dicta
1373 4674 1511 4744 sunt
1550 4664 1962 4739 considerans,
1994 4673 2158 4726 recte

2246 4681 2362 4731 σας,
2423 4659 2509 4713 καὶ
2561 4655 2738 4723 καλῶς
2794 4659 2994 4726 νοήσας
3039 4661 3105 4716 τὰ
3157 4656 3279 4735 παρ’
3326 4657 3458 4734 ἐμοῦ
3485 4683 3569 4717 σοι
3598 4657 3850 4739 λεχθέντα.

513 4748 725 4812 venisti
759 4769 773 4812 :
809 4760 988 4833 atque
1019 4753 1154 4815 ideo
1186 4773 1322 4816 cum
1371 4756 1518 4828 Deo,
1552 4772 1688 4832 quae
1727 4754 1832 4816 tibi
1868 4761 2156 4834 promissa

2246 4747 2344 4804 Διὸ
2403 4747 2552 4824 κάγὼ
2581 4745 2673 4801 σὺν
2731 4753 2846 4820 Θεῷ
2897 4747 3208 4805 ἆποτελέσω
3250 4750 3316 4805 τὰ
3356 4750 3714 4830 ὑποσχεθέντα
3761 4766 3848 4802 σοι.

513 4847 678 4917 sunt,
708 4832 1225 4923 implebo.Verum
1259 4844 1493 4906 sanitati
1528 4861 1746 4924 corpus
1777 4832 1939 4905 tuum
1975 4843 2156 4906 resti-

2246 4836 2410 4895 Ἀλλὰ
2439 4838 2500 4892 τὸ
2555 4835 2656 4910 μὲν
2710 4836 2867 4909 σῶμά
2910 4858 3004 4894 σου
3059 4839 3222 4916 ῥῶσαι
3279 4842 3340 4897 οὐ
3383 4839 3521 4917 μέγα
3564 4837 3678 4917 παρ’
3730 4832 3848 4911 ἐμοὶ,

515 4931 873 5006 tuere,haud
897 4951 1172 5011 magnum
1200 4933 1444 5013 quidem
1471 4932 1618 4994 mihi
1641 4942 1753 5014 est,
1771 4933 1874 4996 sed
1897 4934 2156 4996 animam

2246 4929 2302 4984 τὸ
2350 4925 2405 4982 δὲ
2446 4924 2546 4991 τὴν
2605 4925 2791 5004 ψυχήν
2847 4947 2941 4983 σου
2992 4924 3264 5004 διαμεῖναι
3307 4929 3445 5002 μετὰ
3481 4929 3579 4996 τὴν
3602 4929 3750 5005 ῥῶσιν
3775 4930 3853 4979 τοῦ

518 5026 677 5081 tuam
705 5029 837 5098 post
857 5021 1128 5104 corporis
1147 5011 1518 5085 sanationem
1547 5024 1609 5084 in
1632 5011 1820 5101 eo,'in
1851 5044 1967 5105 quo
2001 5041 2162 5084 nunc

2246 5017 2489 5093 σώματος
2519 5016 2573 5070 ὲν
2603 5019 2672 5092 τῇ
2715 5021 2802 5072 νῦν
2846 5016 3009 5086 αὐτῆς
3059 5017 3428 5092 εὖκατανύκτῳ
3457 5017 3690 5098 προθέσει
3719 5011 3852 5071 τοῦτο

517 5117 627 5185 est,
661 5110 722 5172 in
766 5111 992 5173 bonum
1035 5127 1337 5192 propenso
1370 5119 1525 5174 statu
1559 5130 1826 5190 manere,
1861 5114 1975 5175 hoc
2007 5113 2159 5174 difﬁ-
2243 5105 2518 5164 δύσκολον.

513 5199 652 5264 cile.

590 5285 1085 5351 ‘20.Solentenim
1113 5291 1553 5370 quodammodo
1583 5291 2161 5368 animm,adversita-

2316 5284 2398 5346 κ’.
2457 5284 2682 5344 Εἰώθασι
2741 5283 2841 5363 γάρ
2888 5306 3006 5348 πως
3069 5286 3120 5342 αἱ
3180 5287 3354 5367 ψυχαὶ
3414 5286 3714 5359 πιεζόμεναι
3768 5276 3856 5370 μὲν

513 5377 672 5440 tibus
700 5377 943 5458 quidem
977 5366 1262 5460 pressae,e
1296 5383 1590 5445 malorum
1622 5366 2024 5460 dolorumque
2055 5399 2156 5444 se-

2246 5376 2463 5433 κατὰτὸ
2493 5378 2862 5452 γεγραμμένον
2911 5373 3018 5430 ἀπὸ
3067 5366 3299 5452 θλίψεως
3349 5381 3550 5447 κακῶν,
3611 5375 3694 5430 καὶ
3746 5366 3856 5460 66o-

510 5467 772 5531 cundnm
805 5469 964 5549 quod
993 5459 1280 5552 scriptum
1314 5481 1427 5556 est,
1463 5473 1847 5537 tribulatione
1877 5459 2154 5545 domina-

2246 5473 2343 5523 νῶν
2400 5463 2690 5543 ὁμολογεῖν
2747 5463 2843 5536 τὴν
2902 5461 3233 5543 δεσποτείαν,
3293 5467 3384 5523 καὶ
3430 5472 3702 5526 ταπεινοῦν
3754 5459 3856 5516 έαυ·

588 5685 622 5736 3
649 5682 830 5754 Marc.
861 5704 927 5768 ιι,
959 5689 1020 5755 9.
