4100 6412
502 400 675 465 1219‘

1862 380 2513 459 SUPPLEMENTUM.

3701 390 3836 462 i220

492 531 685 594 dixit:
745 529 902 592 Ecce
930 525 1305 591 sanctissime
1353 522 1568 588 Christi
1600 530 1816 606 martyr
1844 526 2107 589 Demetri

2219 529 2355 604 μετὰ
2412 529 2645 608 κραυγῆς
2703 530 2791 586 καὶ
2851 527 3114 607 δακρυων.
3175 524 3337 604 Ἰδοὺ,
3369 530 3589 609 πανάγιε
3642 538 3840 611 Χριστοῦ

489 620 622 703 ipse
651 619 917 701 quidem,
939 636 1071 700 quae
1090 616 1249 679 circa
1263 633 1481 697 corpus
1516 633 1712 678 meum
1742 616 2128 697 promiseras,

493 711 811 794 implevisti
844 732 860 786 ;
890 728 1023 791 qua;
1044 717 1244 772 autem
1274 726 1382 787 ego
1419 706 1626 779 (animi
1660 707 1721 769 in
1748 708 2131 788 cogitationi-

490 800 601 864 bus
655 800 1082 863 demissionem
1138 797 1298 877 dico)
1333 813 1574 859 servare
1627 796 1934 878 proposui,
1969 805 2132 858 tuum

486 908 695 954 rursus
741 896 833 952 est
860 906 967 970 per
1010 896 1168 949 tuam
1220 887 1375 967 apud
1422 888 1612 950 Deum
1644 886 2133 950 intercessionem

487 981 841 1043 concedere.
900 976 1072 1040 Nosti
1100 981 1287 1054 enim,
1321 976 1625 1038 hominem
1688 985 1751 1039 et
1777 994 2033 1059 corpore
2081 983 2140 1037 et

486 1068 685 1132 anima
715 1086 849 1130 esse
894 1065 1270 1147 mutabilem,
1310 1083 1671 1147 semperque
1724 1064 1906 1129 divini
1935 1065 2138 1129 auxilii

483 1158 738 1222 multum
765 1156 1100 1237 indignum.

562 1250 664 1311 23.
695 1248 821 1327 Ego
855 1264 1057 1327 porro,
1089 1262 1222 1325 quae
1248 1244 1323 1305 ad
1380 1251 1542 1305 tuum
1576 1243 1801 1307 cultum
1833 1250 2129 1326 spectant,

484 1356 696 1418 eaque,
729 1354 860 1417 qua
890 1334 1167 1416 promisi,
1189 1351 1373 1413 opere
1400 1332 1735 1413 adimplere
1763 1332 1982 1395 festino
2014 1355 2029 1404 ;
2061 1352 2134 1397 ac

484 1427 680 1489 statim
726 1444 760 1489 e
788 1425 991 1486 divino
1046 1423 1149 1485 illo
1182 1424 1404 1503 templo
1453 1439 1756 1501 egressus,
1794 1441 1908 1485 nec
1950 1442 2126 1505 equo,

483 1526 660 1597 prout
690 1513 1061 1596 princib‘ibus
1112 1530 1243 1573 mos
1271 1520 1384 1588 est,
1417 1510 1681 1574 insidere
1724 1512 1949 1587 volens,
1985 1529 2130 1593 pro-

481 1606 630 1686 priis
661 1604 916 1685 pedibus
942 1602 1015 1664 ad
1039 1601 1379 1682 praetorium
1413 1619 1585 1663 suum
1618 1619 1685 1663 se
1719 1602 1991 1677 contulit,
2023 1604 2127 1665 iis-

482 1713 622 1776 que,
642 1693 866 1775 quibus
885 1691 1209 1771 indigebat,
1235 1690 1443 1771 captis,
1478 1691 1550 1752 ad
1582 1693 1980 1754 venerandam
2013 1691 2128 1754 ite-

479 1802 614 1847 rum
657 1784 929 1863 martyris
957 1781 1146 1843 aedem
1172 1798 1448 1842 reversus
1477 1787 1588 1857 est,
1615 1799 1875 1861 cumque
1903 1779 2127 1843 ibidem

2216 619 2415 697 μάρτυς
2478 620 2780 697 Δημήτριε,
2836 618 2870 674 ἃ
2912 617 3010 693 μέν
3069 616 3230 681 αυτὸς
3287 616 3591 698 ἔπηγγείλω
3630 622 3738 699 περὶ
3786 625 3840 680 τὸ

2218 707 2347 782 ἐμὸν
2403 714 2559 783 σῶμα
2603 707 2987 786 πεπλήρωκας·
3034 706 3068 763 ἂ
3125 703 3180 762 δὲ
3239 706 3346 785 ἐγὼ
3403 707 3664 766 τολάττειν
3702 712 3838 787 ὡμο-

2218 795 2451 874 λόγησα,
2491 797 2633 876 λέγω
2689 796 2753 864 δὴ
2797 797 2897 865 τὴν
2943 799 3061 872 περὶ
3104 796 3391 875 λογισμοὺς
3450 803 3837 879 ταπεινοφροσύο

2220 908 2343 956 σην,
2405 889 2497 943 σόν
2552 886 2663 943 ἐστι
2721 889 3042 967 χαρίσασθαι
3100 886 3259 943 πάλιν
3312 885 3395 945 διὰ
3442 886 3708 966 πρεσϐείας
3752 895 3836 959 τῆς

2223 978 2351 1054 πρὸς
2410 977 2563 1033 Bso'v’
2625 976 2774 1040 οἶδας
2833 978 2931 1055 γὰρ
2958 976 3039 1032 ὅτι
3097 977 3321 1053 τρεπτὸς
3367 978 3395 1033 ὁ
3449 975 3710 1055 ἄνθρωπος
3762 983 3838 1037 καὶ

2222 1064 2430 1140 σώματι
2485 1068 2574 1124 καὶ
2617 1068 2795 1145 ψυχῇ,
2829 1069 2916 1122 καὶ
2981 1063 3189 1134 πολλῆς
3247 1071 3344 1134 τῆς
3372 1066 3434 1125 ἐκ
3464 1074 3592 1126 Θεοῦ
3637 1070 3837 1128 πάντοτε

2221 1152 2467 1231 δεόμενος
2501 1157 2770 1232 βοηθείας.

2303 1246 2415 1324 κγ’,
2483 1244 2627 1324 Ἐγὼ
2671 1244 2723 1302 δὲ
2774 1247 2839 1303 τὰ
2895 1247 3026 1323 πρὸς
3087 1246 3179 1312 τὴν
3242 1246 3346 1313 σὴν
3413 1246 3705 1324 θεραπείαν,
3760 1250 3837 1305 καὶ

2215 1335 2350 1413 ἅπερ
2420 1336 2780 1415 ὑπεσχόκην’,
2841 1334 3140 1413 δραμοῦμαι
3214 1334 3444 1408 πράξων·
3520 1338 3604 1392 καὶ
3670 1337 3834 1400 εὐθέως

2216 1423 2435 1490 ἐξελθὼν
2479 1432 2572 1482 τοῦ
2615 1426 2867 1505 θεοφόρου
2918 1424 3117 1483 ἐκείνου
3179 1432 3330 1498 ναοῦ,
3365 1427 3448 1482 καὶ
3510 1424 3641 1500 μηδὲ
3685 1426 3836 1482 ἵππου

2212 1514 2347 1570 κατὰ
2402 1516 2463 1571 τὸ
2515 1528 2631 1580 τοῖς
2687 1515 2945 1594 ἄρχουσιν
3006 1519 3226 1583 συνηθες
3284 1514 3580 1571 ἐπικαθίσαι
3608 1514 3832 1589 θελήσας,

2211 1601 2518 1669 αὒτοπόδως
2576 1606 2813 1662 κάτεισιν
2871 1608 2943 1671 εἰς
3014 1607 3077 1662 τὸ
3162 1604 3468 1683 πραιτόριον
3526 1606 3699 1678 αὐτοῦ,
3762 1604 3839 1662 καὶ

2213 1690 2340 1769 ἄρας
2396 1695 2469 1748 ὧν
2529 1692 2783 1772 ἔχρῃζεν,
2821 1693 2989 1750 ἄνεισι
3035 1692 3196 1750 πάλιν
3242 1695 3388 1755 εὐθὺς
3441 1692 3532 1750 ὲπί
3562 1695 3649 1750 τὸν
3696 1692 3835 1753 σεϐά-

2212 1803 2370 1856 σμιον
2427 1783 2582 1840 οἷκον
2639 1793 2731 1842 τοῦ
2789 1783 3071 1862 μάρτυρος,
3121 1786 3212 1841 καὶ
3270 1786 3632 1861 προσκομίσας
3684 1783 3837 1839 αὒτόθι

478 1891 777 1956 aureaque
807 1880 866 1935 et
892 1878 1175 1962 argentea
1203 1871 1363 1933 dona
1395 1870 1653 1962 pretiosa
1690 1880 1750 1932 et
1775 1870 1986 1962 multa,
2013 1891 2113 1934 au-

2214 1872 2417 1951 χρὺσεά
2468 1892 2526 1929 τε
2582 1876 2670 1929 καὶ
2727 1872 2953 1951 ἀργύρεα
3011 1872 3131 1939 εἴδη
3192 1872 3465 1950 πολύτιμα
3516 1876 3602 1930 καὶ
3656 1870 3833 1950 πολλὰ,

478 1964 721 2044 reisque
750 1962 811 2023 in
840 1959 1164 2022 stateribus
1212 1957 1602 2036 quantitatem
1636 1959 1792 2022 haud
1827 1960 2123 2023 modicam

476 2051 875 2134 deposuisset,
906 2050 1034 2113 aede
1079 2048 1384 2129 paulisper
1437 2048 1639 2123 exivit,
1671 2048 2009 2130 sedensque
2062 2051 2124 2112 in

476 2141 693 2204 throno
724 2159 835 2224 per
884 2140 1182 2202 civitatem
1215 2136 1559 2201 denuntiari
1582 2137 1787 2216 jussit,
1820 2148 1884 2200 ut
1915 2158 2125 2203 omnes

472 2237 803 2309 indigentes
833 2243 889 2293 et
931 2232 1377 2305 quibuscunque
1404 2233 1795 2290 necessatibus
1843 2235 2024 2304 pressi
2054 2236 2124 2292 ad

473 2340 611 2385 eum
641 2321 1021 2393 accederent,
1039 2335 1299 2399 cumque
1321 2316 1587 2398 plurimi,
1613 2317 1693 2379 ita
1718 2326 1782 2378 ut
1803 2336 2122 2382 numerum

471 2410 854 2485 excederent,
887 2415 1088 2470 essent
1117 2407 1476 2486 congregati,
1511 2425 1721 2479 omnes
1766 2408 1874 2471 Dei
1907 2416 1966 2469 et
1994 2408 2122 2488 glo-

469 2501 784 2564 riosissimi
839 2499 1114 2578 martyris
1143 2497 1427 2559 Demetrii
1483 2497 1775 2558 donorum
1810 2515 1917 2578 per
1946 2498 2122 2577 hujus

471 2606 711 2653 servum
734 2588 1062 2652 Marianum
1090 2586 1426 2668 praefectum
1454 2585 1593 2647 facti
1614 2598 1755 2648 sunt
1775 2587 2119 2667 participes.

471 2679 532 2744 Si
563 2680 699 2762 quis
726 2689 924 2743 autem
956 2678 1170 2740 falsum
1208 2695 1302 2739 me
1331 2677 1535 2739 dicere
1566 2678 1928 2759 suspicetur,
1964 2680 2119 2741 scri-

468 2779 701 2852 pturam
753 2769 816 2831 in
849 2786 1031 2850 opere
1083 2769 1314 2829 musivo
1360 2768 1456 2828 hic
1510 2775 1675 2830 extra
1708 2767 1993 2849 templum
2044 2771 2117 2832 ad

466 2878 703 2924 murum
727 2859 1082 2922 exteriorem
1118 2876 1300 2939 prope
1322 2857 1579 2920 civitatis
1601 2857 1857 2919 stadium
1896 2877 2118 2940 propo-

465 2951 635 3013 sitam
697 2949 965 3024 evolvat,
1032 2947 1495 3028 teslimonioque
1552 2948 1855 3009 convictus
1924 2949 2116 3012 dictus

465 3040 645 3103 (idem
679 3038 1012 3102 adhibebit.
1044 3037 1167 3100 Deo
1200 3045 1403 3099 nostro
1424 3039 1502 3098 sit
1529 3036 1718 3116 gloria
1746 3047 1805 3100 et
1834 3039 2027 3101 honor
2057 3047 2118 3101 et

469 3134 655 3193 virtus
687 3133 744 3192 in
776 3128 995 3192 saecula
1026 3127 1410 3192 saeculorum.
1445 3128 1642 3189 Amen
1664 3128 1773 3208 (5).

2208 1964 2303 2017 καί
2363 1961 2415 2018 ἐν
2492 1962 2746 2042 χρυσέοις
2791 1968 3079 2041 στατῆρσιν
3108 1963 3204 2019 οὐκ
3254 1962 3434 2041 ὀλίγον
3466 1964 3648 2037 ποσὸν,
3691 1961 3833 2028 ἔξεισι

2207 2052 2395 2129 μικρὸν
2453 2057 2543 2107 νοῦ
2600 2048 2782 2126 οἴκου,
2826 2056 2924 2108 καὶ
2987 2052 3256 2116 καθεσθεὶς
3316 2051 3405 2108 ἐπὶ
3462 2055 3661 2129 θρόνου,
3713 2052 3833 2108 πάν-

2204 2160 2300 2203 τας
2349 2141 2468 2206 τοὺς
2498 2138 2803 2215 δεομένους,
2837 2142 2925 2197 καὶ
2983 2140 3037 2196 ἐν
3093 2140 3237 2205 ὅσοις
3284 2140 3683 2216 ’ἐξεταζομένους
3734 2140 3835 2197 ἐκέ-

2205 2226 2360 2285 λευσε
2416 2230 2697 2308 κηρύττειν
2756 2228 2847 2288 διὰ
2897 2236 2996 2296 τῆς
3043 2230 3252 2292 πόλεως
3298 2230 3552 2310 ἔρχεσθαι
3596 2232 3719 2309 πρὸς
3746 2231 3833 2287 αὖ·

2203 2319 2320 2375 τόν
2379 2320 2466 2375 καὶ
2519 2320 2907 2398 ἀθροισθέντων
2965 2318 3232 2377 πλείστων
3291 2322 3369 2384 ὡς
3427 2321 3644 2397 ἀριθμὸν
3688 2322 3831 2398 ὅπερ·

2204 2405 2418 2490 ὄοίνειν,
2492 2407 2762 2466 ἀπέλαϐον
2833 2410 3026 2472 πάντες
3098 2414 3204 2465 τῶν
3275 2416 3371 2466 τοῦ
3430 2417 3560 2467 Θεοῦ
3623 2407 3831 2482 δωρεῶν,

2204 2502 2297 2556 καί
2370 2521 2462 2556 του
2534 2498 2853 2565 πανενδόξου
2918 2502 3177 2579 μάρτυρος
3252 2501 3563 2580 Δημητρίου
3623 2498 3702 2556 διὰ
3753 2505 3832 2556 τοῦ

2205 2584 2391 2645 δουλου
2426 2592 2583 2646 αὐτοῦ
2627 2589 2897 2667 Μοριανοῦ
2927 2596 3020 2647 τοῦ
3050 2589 3315 2670 ἐπάρχου.
3358 2592 3414 2647 Εἰ
3470 2588 3523 2646 δέ
3550 2611 3628 2652 τις
3684 2587 3830 2665 ψευδῆ

2205 2699 2272 2751 με
2304 2675 2479 2755 λέγειν
2513 2678 2859 2758 δπονοπάζοι,
2891 2679 3161 2756 ἱστορείνω
3204 2680 3304 2746 τὴν
3335 2679 3399 2736 ὲκ
3457 2680 3692 2755 μουσείου
3718 2701 3829 2735 συν-

2201 2768 2513 2843 τεθειμὲνην
2572 2769 2749 2825 ἐκεῖσε
2807 2772 3014 2847 γραφὴν
3088 2767 3187 2834 ἔξω
3240 2776 3334 2825 τοῦ
3389 2769 3514 2825 ναοῦ
3568 2771 3690 2846 πρὸς
3752 2770 3830 2825 τὸν

2201 2859 2481 2936 ἂγορῶντα
2535 2872 2731 2937 τοῖχον
2790 2857 2876 2914 ἐπὶ
2927 2860 2988 2914 τὸ
3047 2857 3143 2927 τῆς
3204 2857 3418 2923 πόλεως
3475 2856 3699 2932 στάδιον,
3754 2858 3829 2915 καὶ

2200 2949 2627 3028 πληροφορηθεὶς
2687 2949 2957 3005 πιστεύσει
3008 2962 3126 3011 τοῖς
3185 2949 3619 3027 προειρημένοις.
3652 2956 3731 3022 Τῷ
3782 2945 3828 3002 δὲ

2202 3046 2317 3113 Θεῷ
2376 3041 2528 3112 ἡμῶν
2571 3041 2605 3106 ἡ
2670 3037 2797 3095 δόλα
2846 3039 2934 3095 καὶ
2976 3040 3010 3106 ἡ
3058 3038 3216 3118 τιμὴ,
3276 3041 3366 3096 καὶ
3426 3042 3488 3097 τὸ
3541 3038 3721 3118 κράτος
3766 3037 3829 3100 εἷς

2129 3139 2169 3189 C
2197 3129 2315 3191 τοὺς
2346 3129 2541 3192 αἰῶνας
2575 3132 2680 3184 τῶν
2710 3127 2942 3202 αἰώνων,
2978 3127 3176 3204 Ἀμήν.

1985 3260 2213 3322 CAPUT
2249 3262 2319 3320 II.

835 3386 916 3442 De
969 3385 1175 3443 militiis
1224 3386 1495 3458 prta/acto,
1548 3385 1618 3443 ab
1670 3387 2055 3446 immcdt'cabilt'
2106 3387 2393 3459 sanguinis
2450 3386 2612 3458 ﬂuam
2661 3403 2759 3459 per
2797 3390 3061 3444 Sanctum
3118 3391 3308 3445 sanato
3367 3388 3469 3458 (6).

531 3481 727 3541 24.Vir
745 3484 977 3555 quidam
1000 3496 1208 3556 genere
1231 3483 1609 3554 iilustrisﬁde
1624 3494 1813 3543 autem
1838 3484 2113 3545 illustrior

460 3566 769 3640 spectabile
786 3580 985 3625 eorum
1008 3570 1106 3638 qui
1139 3568 1247 3625 sub
1269 3567 1517 3641 praefecti
1548 3568 1762 3641 Illyrici
1786 3571 2111 3643 principatu

460 3660 653 3729 erant,
711 3667 926 3732 agmen
976 3652 1317 3732 gubernans
1377 3655 1482 3733 (7),
1538 3654 1977 3717 intolerabilem
2038 3676 2108 3719 ex

455 3753 661 3807 ventre
715 3745 1018 3825 sanguinis
1048 3747 1270 3808 ﬂuxum
1322 3746 1673 3828 patiebatur.
1735 3748 1879 3810 Cum
1909 3758 2108 3812 autem

458 3835 608 3916 viro,
642 3835 800 3917 quod
831 3844 890 3898 et
937 3836 1217 3898 omnibus
1245 3844 1405 3899 esset
1440 3838 1692 3900 affabilis
1722 3839 2110 3923 moribusque

458 3926 675 4001 suavis,
698 3925 976 3988 universa
997 3944 1151 4006 pene
1167 3927 1376 3988 civitas
1396 3927 1765 4010 condoleret,
1792 3932 2109 4012 omnisque

455 4013 518 4076 in
546 4031 682 4075 eum
712 4032 809 4075 ars
826 4015 1195 4097 scientiaque
1219 4016 1452 4080 medica
1474 4026 1634 4080 esset
1652 4010 2108 4096 exhaustieﬂ‘e-

452 4110 700 4184 ctusque
724 4121 957 4185 expers,
985 4106 1142 4185 quod
1168 4106 1314 4168 nihil
1339 4106 1583 4169 omnino
1615 4111 2100 4172 remitteretsan-

445 4191 642 4273 guinis
660 4192 878 4276 ﬂuxus,
914 4207 1207 4271 maneret,
1232 4196 1316 4258 ita
1350 4206 1414 4258 ut
1436 4195 1663 4260 viribus
1697 4198 1889 4261 morbi
1918 4202 2104 4263 vehe-

2273 3485 2375 3546 κδ’.
2416 3484 2604 3564 ,Ἀνὴρ
2672 3508 2750 3552 τις
2806 3487 2913 3543 τῶν
2976 3489 3032 3542 ἒν
3114 3486 3257 3565 γένει
3327 3485 3602 3567 λαμπρὸς,
3773 3481 3821 3540 δὲ

2190 3577 2361 3633 πίσνει
2446 3575 2839 3655 λαμπρότερος,
2932 3579 3031 3644 τὴν
3111 3575 3325 3654 ἔντιμον
3412 3577 3658 3655 στρατιὰν
3732 3572 3825 3629 τῶν

2187 3667 2289 3723 ὑπὸ
2358 3668 2458 3734 τὴν
2515 3674 2606 3723 τοῦ
2663 3665 2953 3744 Ἱλλυρικοῦ
3041 3665 3286 3745 ἐπάρχου
3340 3666 3522 3747 ἀρχὴν
3610 3664 3824 3735 διοικῶν,

2194 3755 2337 3834 ῥύσιν
2425 3755 2655 3831 αἵματος
2744 3752 2828 3811 διὰ
2925 3756 3153 3833 γαστρὸς
3226 3754 3469 3835 ἔπασχεν
3554 3755 3821 3833 ἀφόρητον

2192 3850 2313 3902 εἶτα
2368 3842 2421 3900 δὲ
2481 3844 2658 3911 πάσης
2728 3841 2926 3923 σχεδὸν
3007 3843 3103 3911 τῆς
3166 3842 3375 3909 πόλεως
3440 3842 3823 3924 ὁπεραλγοόσης

2189 3935 2284 3994 τοῦ
2366 3932 2550 4013 ἀνδρὸς
2635 3932 2719 3989 διὰ
2803 3938 2862 3987 τὸ
2950 3938 3109 3989 πᾶσιν
3181 3933 3325 3991 εἶναι
3415 3934 3817 4014 εὐπροσήγορον,

2191 4028 2278 4081 καὶ
2356 4023 2680 4081 καταθύπιον
2765 4036 2883 4087 τοῖς
2966 4023 3182 4100 τρόποις
3221 4072 3235 4098 ,
3318 4024 3407 4080 καὶ
3500 4024 3669 4091 πάσης
3730 4041 3825 4095 μη·

2188 4119 2365 4195 χανῆς
2424 4116 2511 4170 καὶ
2596 4113 2909 4188 ἐπιστήμης
2982 4114 3224 4192 ἰατρικῆς
3298 4115 3370 4179 εἷς
3444 4114 3599 4173 αὐτὸν
3680 4112 3824 4188 ἐγγυ-

2186 4206 2510 4282 μνασθείσης
2546 4249 2564 4278 ,
2627 4202 2723 4258 καὶ
2799 4202 3074 4281 ἀπράκτου
3135 4203 3398 4276 μεινάσης
3465 4203 3549 4261 διὰ
3604 4204 3662 4259 τὸ
3717 4222 3819 4276 μη-

520 4324 601 4406 (3)_
655 4325 775 4406 Hoc
831 4327 1177 4406 miraculum
1240 4327 1390 4401 apud
1451 4328 1850 4406 Mabilloninm,
1882 4340 2017 4391 tom.
2074 4336 2321 4400 Inhuic
2349 4335 2618 4406 scriptori
2651 4350 2680 4392 a
2716 4335 2886 4393 nobis
2916 4335 3254 4393 attribuitur
3281 4337 3355 4394 ob
3392 4339 3660 4401 rationes,
3691 4342 3818 4406 quas

449 4398 856 4473 Analectorum,
892 4414 1020 4471 pag.
1054 4400 1115 4454 7i
1173 4411 1226 4473 et
1255 4398 1412 4473 s’eqq.
1453 4405 1796 4473 compendio
1824 4405 2104 4465 duntaxat

451 4472 717 4534 traditur,
747 4484 858 4527 nec
896 4473 1012 4539 hic,
1042 4472 1197 4542 quod
1251 4471 1542 4531 fastidiosa
1576 4471 1908 4537 prolixitate
1937 4476 2104 4535 labo-

449 4550 559 4618 ret,
610 4545 896 4618 integram
956 4543 1261 4618 dedissem,
1310 4544 1444 4618 nisi,
1502 4543 1651 4618 ut_id
1708 4545 1978 4618 facerem,
2012 4565 2103 4608 me

448 4611 774 4684 impulisset
825 4621 942 4668 tum
976 4617 1251 4677 auctoris.
1284 4616 1407 4684 qui,
1441 4624 1501 4671 ut
1557 4614 1796 4680 dictum,
1855 4611 2103 4679 Joannes

450 4683 987 4741 Thessalonicensis
1009 4695 1115 4751 est,
1147 4683 1479 4764 auctoritas,
1506 4689 1630 4743 tum
1664 4696 1926 4764 receptus
1949 4693 2101 4764 apud

449 4766 556 4812 nos
615 4764 986 4828 monumenta
1043 4762 1299 4828 antiqua,
1338 4757 1475 4814 dum
1525 4757 1830 4817 commode
1869 4757 2004 4821 ﬁeri
2041 4768 2099 4823 id

449 4832 658 4952 potest,
688 4826 833 4897 ipsis
876 4826 1420 4898 auctorum—verbis,
1451 4828 1891 4903 qualiacumque
1928 4837 2098 4895 etiam

492 4912 569 4952 ac
604 4908 738 4952 sint.
771 4899 1080 4952 exhibendi
1115 4914 1259 4952 mos.

492 4912 569 4953 asc
604 4900 738 4966 sint,
771 4899 1080 4957 exhibendi
1115 4914 1259 4956 mos.

525 4966 606 5037 (6)
655 4970 834 5045 Qaput
861 4970 993 5036 hoc,
1026 4987 1127 5028 seu
1159 4973 1368 5045 potius,
1402 4971 1553 5042 quod
1591 4971 1651 5028 in
1706 4987 1774 5031 eo
1805 4987 2094 5045 narratur,

451 5040 795 5098 miraculum
855 5040 1192 5112 sequentem
1255 5040 1499 5099 hunc'in
1561 5047 1753 5103 codice
1791 5060 1897 5103 ms.
1958 5040 2095 5107 olim

453 5112 1197 5188 Mazarinte_o._nun_citegto
1234 5112 1569 5188 Parisiensi,
1604 5119 1660 5171 in
1692 5130 1808 5188 quo
1836 5136 1865 5175 a
1899 5121 1994 5177 fol.
2027 5123 2101 5177 35

451 5201 650 5272 usque
686 5186 761 5247 ad
790 5184 1015 5272 _fol_.__39
1044 5185 1332 5272 excurril,
1364 5185 1602 5272 praefert
1655 5184 1888 5272 titulum
1924 5213 1939 5255 :
1977 5199 2099 5272 Περὶ

450 5263 696 5349 τοῦίὲτήν
755 5263 1063 5349 αἶμόῤῥοιαν
1093 5263 1338 5349 -ἒχοντοὲ
1364 5263 1666 5349 ’ἐπάρχοψ
1718 5269 1779 5330 id
1846 5281 1959 5349 est,
2008 5263 2097 5337 De

450 5292 543 5322 του
599 5292 696 5332 την
755 5292 1063 5342 αιμορροιαν
1118 5292 1338 5344 εχοντος
1400 5292 1535 5345 επαρ
1584 5292 1666 5342 ου,
1718 5292 1779 5330 ια
1846 5292 1959 5349 εει,
2008 5292 2097 5337 ue

439 5344 716 5422 pra/ecta,
742 5344 1035 5422 sanguinis
1072 5345 1295 5422 ﬂuctum
1325 5360 1503 5418 passo.
1538 5292 1746 5422 χᾒοῐνο
1775 5351 1930 5422 quod
1986 5356 2098 5411 mi—

450 5415 713 5473 raculum
739 5416 882 5471 illud
913 5427 1029 5471 non
1061 5439 1092 5473 e
1123 5415 1352 5475 laudato
1395 5422 1533 5476 olim
1565 5415 1903 5485 Mazarineo,
1938 5426 2037 5481 sed
2069 5442 2099 5482 e

449 5485 1398 5567 bibliothecaej'aticanaecodice
1457 5503 1565 5546 ms.
1622 5491 1727 5546 824
1766 5493 2097 5567 decerptum

448 5557 785 5639 habeamus,
819 5557 1037 5619 idcirco
1065 5561 1124 5616 id
1155 5560 1466 5639 inceditur
1490 5578 1547 5639 _e
1578 5564 1882 5639 posteriori
1913 5557 2098 5628 isthoc

448 5627 788 5706 litteratoria
820 5642 1212 5698 monumento,
1248 5635 1307 5690 in
1340 5648 1456 5706 quo
1489 5627 1624 5691 licét
1648 5635 1887 5693 Joannis
1919 5627 2097 5699 ‘i‘hes-

448 5701 827 5760 salonicensis
886 5708 1121 5762 nomine
1155 5719 1271 5763 non
1312 5701 1592 5778 signetur,
1636 5710 1845 5764 ιιιιιςιιῆ
1905 5720 2095 5771 tamen

2189 4412 2247 4467 in
2277 4406 2569 4465 adnotatis
2598 4421 2768 4478 supra
2803 4406 2913 4463 col.
2950 4406 3090 4463 1203
3126 4408 3180 4464 in
3212 4418 3336 4465 not.
3375 4411 3426 4473 l,
3460 4408 3689 4466 adduxi.

2261 4479 2339 4548 (7)
2373 4478 2561 4535 Fuerit
2595 4476 2732 4549 ergo
2769 4480 3088 4552 praefectus,
3118 4480 3186 4538 de
3216 4494 3333 4551 quo
3365 4480 3456 4535 hic
3486 4482 3687 4552 agitur,
3716 4476 3814 4552 mi-

2186 4547 2374 4615 litum,
2408 4559 2471 4623 ut
2500 4547 2892 4623 apparet,:per
2948 4547 3251 4623 Illyricum
3279 4547 3550 4623 magister
3582 4570 3597 4617 ;
3656 4547 3811 4621 quale

2187 4633 2375 4681 autem
2410 4621 2466 4677 id
2500 4622 2668 4678 fuerit
2699 4620 2975 4693 oiﬁcium,
3008 4620 3159 4693 apud
3210 4620 3570 4681 Panciro’um
3600 4624 3655 4678 in
3676 4620 3813 4676 con-

2182 4696 2418 4753 cinnato
2450 4693 2507 4750 in
2557 4693 2790 4763 Imperii
2823 4692 3132 4751 Orientalis
3169 4695 3437 4751 Notitiam
3470 4696 3810 4753 Commenta-

2183 4768 2292 4833 rio,
2325 4779 2453 4836 cap.
2504 4762 2574 4819 30
2611 4774 2667 4820 et
2696 4765 2789 4837 διν
2820 4766 3137 4835 expositam
3165 4766 3445 4831 invenies,
3482 4764 3810 4837 colligesque

2180 4839 2354 4895 etiam
2386 4848 2460 4893 ex
2509 4837 2578 4908 iis
2608 4849 2731 4906 quae
2781 4836 2987 4895 horum
3033 4852 3200 4908 capp.
3265 4840 3445 4908 priori
3482 4841 3529 4895 is
3586 4836 3810 4905 scriptor

2183 4907 2365 4973 affert.
2399 4907 2729 4977 praelectum
2762 4922 2867 4963 seu
2918 4907 3555 4978 magistr’um’militum,
3588 4910 3655 4965 de
3706 4916 3807 4976 quo

2182 4981 2296 5050 hic,
2326 4978 2577 5050 profecto
2620 4979 2892 5051 praetorii
2955 4978 3108 5051 Illyri
3145 4993 3262 5038 non
3326 4984 3599 5051 paruisse,
3631 4985 3809 5035 contra

2181 5067 2248 5108 ac
2270 5049 2383 5108 non
2409 5063 2579 5123 nemo
2598 5049 2755 5123 ferte
2777 5049 3090 5123 existimet,
3122 5054 3274 5123 quod
3299 5049 3609 5122 spectabile
3627 5060 3806 5107 eorum

2182 5124 2279 5193 qui
2335 5121 2440 5178 sub
2470 5121 2719 5194 praefecti
2763 5120 2991 5194 _Il|yrici
3024 5120 3352 5194 principatu
3408 5130 3587 5189 erant,
3618 5131 3807 5193 agmen

2182 5192 2552 5267 gubernasse,
2590 5193 2682 5249 hic
2713 5192 2973 5267 dicatur,
2996 5192 3114 5251 Nec
3159 5192 3462 5267 propterea
3492 5192 3679 5267 tamen
3709 5204 3804 5261 pu-

2183 5264 2420 5322 tandum
2444 5273 2685 5334 est,cum
2713 5264 3018 5322 Pancirolo
3038 5264 3318 5323 Joannem
3350 5266 3805 5324 Thessalonicen-

2180 5351 2301 5393 sem
2351 5337 2444 5392 hic
2472 5349 2749 5406 pugnare;
2790 5338 2863 5393 ita
2897 5338 3052 5393 enim
3088 5339 3373 5407 posterior
3432 5341 3524 5394 hic
3576 5336 3806 5407 scriptor

2179 5416 2362 5478 potest
2412 5403 2657 5478 intelligi
2687 5420 2750 5464 ut
2802 5406 3027 5474 milites,
3063 5403 3310 5486 quorum
3340 5409 3575 5486 agmini
3624 5403 3807 5486 priuis:

2179 5487 2334 5539 ctum
2366 5493 2399 5551 a
2436 5494 2515 5551 s_e_
2556 5488 2935 5551 memoratum
2975 5479 3270 5551 praefuisse
3299 5479 3536 5548 ait,'sub
3564 5479 3805 5550 praefecti

2179 5550 2423 5624 praetorii
2454 5548 2665 5624 Illyrici
2726 5548 3221 5624 principa'tu,gnon
3256 5553 3505 5624 parendo
3526 5548 3804 5624 sedeam-

2178 5620 2456 5683 morando
2485 5620 2781 5691 duntaxat,
2813 5620 3005 5689 fusse,
3037 5620 3421 5694 signiﬁcatum
3449 5622 3705 5681 voluerit.
