4100 6402
269 417 418 489 1221
1351 418 1411 488 s.
1457 406 1837 489 DEMETRII
1881 403 2282 486 MARTYRIS
2323 417 2544 486 ACTA.
3488 425 3641 492 1222

265 559 436 625 δόλως
479 558 783 620 ὑπενδοῦναι
821 561 918 630 τὴν
962 562 1128 640 πυρὰν
1157 568 1250 619 τοῦ
1300 561 1557 642 αἵματος,
1603 563 1675 625 ὠς
1720 559 1908 619 λοιπὸν

2017 560 2216 622 nentia
2248 561 2668 642 extenuatis,in
2703 562 2986 624 extremis
3010 563 3244 625 tandem
3267 565 3356 627 vir
3374 565 3631 647 jaceret,

265 649 325 706 ἐν
379 663 505 715 ταῖς
559 650 889 716 τελευταίαις
945 655 1155 709 κεῖσθαι
1198 653 1287 708 τὸν
1349 651 1504 730 Ξὶνδρα
1560 664 1754 715 πνοαῖς
1814 657 1910 718 τῆς

2022 651 2387 732 nexpectabo
2417 652 2662 715 sublatis
2696 652 2975 734 paulatim
3027 654 3247 729 oculis,
3279 659 3466 720 servis
3517 658 3639 720 suis

265 747 364 797 τοῦ
419 742 614 806 πάθους
679 738 1036 820 σφοδρότητος
1096 740 1551 823 καταχαλασάσης
1609 747 1706 809 τὴν
1751 740 1910 798 δύνα-

2017 741 2189 804 lixit:
2255 743 2348 806 Ad
2409 744 2652 805 domum
2707 744 2960 806 civitatis
3020 755 3240 809 nostrae
3285 750 3642 830 protectoris

266 852 386 904 μιν,
421 827 572 910 ἄφνω
613 830 732 895 τοὺς
777 829 1081 910 ὀφθαλμοὺς
1140 828 1323 909 διάρας
1368 832 1540 909 ἠρέμα
1598 830 1745 908 λέγει
1794 843 1915 893 τοῖς

2017 831 2294 894 sublatum
2322 852 2416 894 me
2446 833 2713 896 ferte.llli
2738 843 2936 896 autem
2964 854 3099 897 cum
3135 827 3350 898 timore
3382 857 3641 920 respon-

267 917 423 981 ἰδίοις
461 934 476 949 ⁸
523 922 894 984 Βαστάσαντες
924 920 1230 999 ἀπαγάγετέ
1263 942 1330 996 με
1363 923 1437 983 εἷς
1497 923 1586 978 τὸν
1639 922 1794 977 οἶκον
1824 927 1918 976 τοῦ

2017 922 2214 982 lentos
2243 922 2448 984 dicunt
2479 923 2534 984 ei
2569 945 2583 984 :
2638 924 2728 986 Ad
2787 923 2957 1003 cujus
3010 927 3364 1006 protectoris
3394 917 3637 991 domum

267 1009 575 1086 προστάτου
630 1014 726 1077 τῆς
797 1009 1006 1074 πόλεως
1089 1013 1270 1085 ἡμῶν,
1332 1014 1391 1069 Oi
1449 1008 1502 1066 δὲ
1563 1012 1697 1085 μετὰ
1754 1008 1917 1090 φόϐου

2017 1011 2174 1086 iubes
2206 1031 2314 1072 nos
2346 1021 2402 1074 te
2434 1014 2640 1076 ferre?
2700 1013 2853 1076 Dicit
2909 1014 3017 1088 eis,
3074 1015 3302 1092 Primi;
3333 1015 3497 1078 aiunt
3528 1019 3638 1099 illi,

269 1098 646 1177 ἀποκριθέντες
703 1099 948 1178 λέγουσιν
1011 1103 1152 1173 αὒτῷ
1183 1117 1199 1132 ⁶
1266 1101 1349 1162 Εἰς
1408 1101 1560 1156 ποίου
1620 1099 1919 1178 προστάτου

269 1187 430 1244 οἶκον
489 1187 723 1254 κελεύεις
766 1191 903 1264 ἡμῖν
961 1189 1267 1266 ἀπαγαγεῖν
1325 1204 1436 1262 σε;
1485 1188 1640 1267 Λέγει
1706 1193 1916 1266 αὐτοτς,

269 1284 378 1335 Τοῦ
433 1278 645 1350 πρώτω
678 1293 694 1310 ⁹
763 1282 808 1336 οἱ
866 1276 921 1336 δὲ
991 1280 1170 1358 φασὶν,
1261 1278 1478 1355 Πρώτου
1534 1283 1729 1352 τίνοςς
1794 1278 1918 1335 Εἰπὲ

267 1368 410 1440 ἡμῖν
469 1368 552 1444 τὸῌ
588 1366 780 1444 όνομα,
846 1366 1099 1431 δέσποτα,
1170 1369 1232 1425 ’0
1291 1366 1342 1423 δῖ
1404 1366 1676 1444 ἐμϐλέψας
1736 1367 1915 1430 αὺτοῖς

271 1454 421 1533 λέγει
456 1471 470 1487 ⁸
531 1442 709 1515 "Ea-ru)
765 1442 874 1537 ἐγὼ
930 1457 1014 1515 διὰ
1071 1459 1169 1525 τὴν
1223 1459 1376 1515 νόσον
1437 1442 1656 1515 ἔλαττον
1717 1464 1915 1537 φρονῶ,

273 1547 390 1610 πῶς
449 1547 534 1602 καὶ
590 1547 754 1622 ὑμεῖς
811 1547 1134 1626 ὑγιαίνοντες
1195 1547 1531 1628 ἀφρονεῖτες
1592 1549 1700 1604 Οὔκ
1769 1547 1916 1618 ἴστε,

273 1632 360 1691 ὅτι
389 1633 622 1700 πολλοὺς
655 1637 754 1714 μὲν
786 1637 904 1717 ἔχει
938 1638 1241 1712 προστάτας
1286 1639 1321 1704 ἡ
1353 1636 1505 1700 πόλις
1559 1639 1701 1713 παρὰ
1752 1639 1866 1709 Θεῷ
1903 1655 1918 1706 ς

275 1723 372 1781 ἕνα
428 1722 482 1780 δὲ
537 1731 600 1782 τὸ
657 1733 868 1806 πρῶτον
929 1728 1099 1784 αὐτῶν
1144 1725 1229 1782 διὰ
1275 1729 1504 1804 Χριστοῦ
1547 1725 1916 1804 ἐκληρώσατο,

273 1817 371 1871 τὸν
414 1816 501 1872 καὶ
546 1815 782 1892 ἐκθύμως
846 1817 932 1874 καὶ
1001 1820 1206 1894 θερμῶς
1266 1817 1680 1896 ὑπερμαχοῦντα
1755 1817 1920 1881 αὒτῆς

274 1906 354 1998 είς
385 1905 494 1981 ἀεῖ,
528 1905 589 1961 ὃν
617 1907 692 1970 ὡς
722 1919 914 1988 τεῖχος
944 1907 1372 1998 ἀκαταμάχητον
1395 1909 1454 1965 οὐ
1478 1907 1640 1982 μόνον
1671 1907 1707 1974 ἡ
1736 1903 1916 1978 πόλις,
1943 1944 1985 1998 Β

275 1993 418 2051 ἀλλὰ
447 1995 535 2052 καὶ
557 1997 591 2064 ἡ
623 2003 768 2053 πᾶσα
797 1997 954 2077 χώρα
986 1994 1322 2074 κεκλήρωται
1359 2017 1375 2071 ς

365 2083 467 2164 κεί
528 2083 868 2164 ’Λπαγάγετέ
912 2107 978 2160 με
1021 2092 1298 2164 τοιγαροῦν
1343 2087 1416 2150 εἷς
1475 2086 1568 2141 τὸν
1604 2085 1760 2142 οἶκον
1819 2086 1920 2142 αῦ-

278 2180 394 2236 τοῦ.
441 2157 511 2231 ﬂi1
570 2157 1138 2253 γὰρ-ἐπισκεψάμενος
1180 2157 1327 2232 ἐλεεῖ
1371 2195 1458 2251 με,
1495 2177 1529 2244 ἢ
1587 2176 1674 2231 καὶ
1736 2173 1923 2234 νελευ-

277 2264 484 2326 τῶντός
536 2284 638 2338 μου
711 2262 888 2320 ἐκεῖσε
965 2260 1274 2328 ἂποδέξεταί
1325 2284 1426 2336 μου
1485 2263 1582 2329 τῆν
1651 2264 1921 2340 πρόθεσιν,

279 2351 372 2407 καὶ
419 2350 472 2408 ἐν
529 2357 598 2426 τῇ,
640 2351 912 2428 μελλούσῃ
973 2352 1301 2428 παραστάσει
1343 2359 1436 2410 τοῦ
1482 2349 1707 2432 φοϐεροῦ
1738 2351 1924 2429 βῆμα-

280 2461 374 2503 τος
419 2447 512 2498 τοῦ
567 2448 795 2520 Χριστοῦ
851 2441 1178 2520 πρεσϐεύσας
1226 2440 1487 2508 ἒξελεϊταί
1535 2463 1602 2516 με
1655 2447 1750 2509 τῆς
1794 2445 1924 2499 αἷωσ

283 2531 396 2586 νίου
450 2530 746 2595 κολάσεως.
809 2532 870 2590 Οῐ
930 2530 984 2587 δὲ
1041 2534 1205 2588 ταῦτα
1264 2529 1611 2605 ἀκούσαντες,
1693 2537 1926 2598 συνῆκαν

283 2617 366 2676 ὅτι
421 2621 541 2698 περὶ
594 2629 688 2680 τοῦ
751 2620 1046 2700 ᾐγιοδώρου
1107 2628 1228 2678 ναοῦ
1271 2619 1415 2701 λέγει
1462 2628 1554 2678 τοῦ
1610 2620 1928 2687 πανενδόξου

278 2709 546 2787 μάρτυρος
635 2712 944 2789 Δημητρίου
977 2758 994 2784 ,
1056 2711 1142 2767 καὶ
1221 2710 1320 2778 τὴν
1379 2713 1645 2786 ταχίστην
1707 2710 1926 2790 ἄραντες

280 2798 561 2878 ἆπήγαγοι
619 2799 776 2857 αὒτὺν
821 2799 1022 2863 ἐκεῖσε,
1070 2800 1201 2857 Ποία
1254 2801 1426 2858 τοίνυν
1475 2801 1717 2877 γλῶσσα,
1765 2801 1925 2880 φιλό-

282 2909 500 2968 χριστοι
551 2886 812 2969 ἀδελφοὶ,
901 2888 1136 2968 ἐξισχύει
1201 2891 1262 2945 τὸ
1320 2889 1542 2968 μέγεθος
1601 2887 1927 2970 διασαφῆσαι

281 2985 380 3034 του
436 2978 755 3054 θαύματος;
809 2985 975 3043 Ποτος
1035 2977 1090 3034 δὲ
1148 2981 1264 3044 νοῦς
1337 2978 1474 3042 ὅλως
1534 2984 1926 3058 συνεπαρθῆναι

282 3067 386 3123 κᾶν
441 3080 565 3132 ταῖς
624 3067 847 3132 ἐννοίαις
903 3068 1181 3138 δυνήσεται
1225 3075 1294 3146 τῇ
1337 3067 1782 3148 πολυσπλάγχνῳ
1824 3091 1927 3144 με-

2002 1099 2322 1179 Cujusnam
2359 1102 2578 1182 primi?
2609 1103 2715 1165 Dic
2747 1102 2916 1164 nobis
2950 1123 3190 1179 nomen,
3227 1105 3507 1168 here.Hic
3529 1124 3641 1168 ve-

2004 1209 2068 1251 ro
2102 1208 2203 1251 eos
2229 1191 2478 1254 intuitus
2514 1192 2657 1253 dicit
2692 1211 2704 1252 :
2738 1191 2878 1253 Esto
2908 1214 2921 1256 :
2958 1213 3066 1273 ego
3099 1194 3173 1255 ob
3212 1195 3485 1256 morbum
3521 1197 3639 1258 mi-

2005 1297 2118 1340 nus
2148 1280 2398 1358 sapiam,
2431 1282 2731 1361 quomodo
2759 1291 2816 1343 et
2846 1301 2971 1363 vos,
3006 1293 3173 1344 recte
3197 1285 3642 1365 valentes,desi-

2006 1368 2191 1448 pitis?
2223 1369 2582 1446 Nescitisne,
2623 1371 2838 1432 multos
2864 1373 3018 1450 apud
3053 1372 3238 1434 Deum
3275 1383 3644 1453 protectores

2003 1457 2300 1520 civitatem
2334 1459 2772 1533 habere,unum
2799 1470 2996 1522 autem
3021 1480 3126 1541 per
3158 1463 3458 1524 Christum
3485 1464 3645 1526 obti—

2005 1548 2208 1608 nuisse
2239 1565 2443 1608 eorum
2505 1550 2763 1629 primum
2826 1549 2931 1630 (8),
2986 1550 3085 1632 qui
3117 1552 3382 1613 animose
3408 1571 3650 1634 semper

2003 1644 2183 1714 atque
2217 1637 2494 1699 alacriter
2524 1657 2630 1719 pro
2663 1658 2731 1700 ea
2765 1658 3059 1718 pugnam;
3111 1659 3289 1720 quem
3319 1649 3379 1701 ut
3412 1661 3645 1704 murum

2005 1725 2526 1806 inexpugnabilem
2562 1748 2678 1790 non
2712 1729 2903 1790 solum
2956 1729 3183 1804 civitas,
3223 1729 3326 1791 sed
3361 1738 3418 1792 et
3453 1731 3651 1793 omnis

2005 1819 2171 1894 regio
2204 1816 2412 1878 sortita
2445 1827 2536 1877 est
2557 1817 2588 1876 ?

2087 2073 2285 2136 ‘25.Me
2316 2075 2495 2154 igitur
2519 2075 2592 2136 ad
2626 2076 2868 2137 domum
2904 2076 3035 2156 ejus
3059 2077 3308 2143 deferte.
3343 2079 3452 2141 Vel
3486 2080 3647 2142 enim

2008 2164 2251 2225 visitans
2301 2164 2684 2227 miserebitur
2743 2167 2880 2242 mei,
2938 2167 3028 2228 vel
3059 2177 3222 2230 certe
3252 2187 3386 2230 cum
3421 2167 3646 2232 ibidem

2011 2254 2241 2330 obiero,
2277 2255 2534 2315 animam
2570 2273 2760 2316 meam
2793 2257 3076 2337 suscipiet
3105 2267 3166 2319 et
3190 2258 3250 2320 in
3285 2258 3479 2320 futura
3515 2260 3648 2321 hor-

2011 2345 2184 2406 rendi
2252 2343 2564 2406 tribunalis
2615 2343 2829 2407 Christi
2890 2348 3204 2426 praesentia
3267 2347 3650 2411 intercedens

2011 2443 2230 2495 aeterne
2263 2453 2358 2494 me
2389 2434 2603 2515 eripiet
2633 2435 2947 2516 supplicio.
3010 2437 3121 2510 Illi,
3185 2437 3350 2498 hisce
3405 2438 3648 2516 auditis,

2012 2523 2086 2584 de
2143 2523 2557 2602 gloriosissimi
2610 2525 2881 2605 martyris
2942 2524 3231 2588 Demetrii
3292 2527 3534 2608 templo,
3593 2524 3655 2588 in

2013 2632 2129 2694 quo
2162 2613 2374 2675 donaa
2405 2620 2609 2675 sancto
2641 2615 2913 2676 solebant
2960 2617 3240 2687 conferri,
3298 2616 3458 2697 loqui
3513 2636 3653 2679 eum

2011 2703 2457 2776 intellexerunt,
2513 2704 2948 2786 celerrimeque
2979 2706 3280 2767 sublatum
3317 2723 3385 2767 eo
3419 2706 3656 2770 detule-

2009 2801 2171 2854 runt.
2198 2792 2400 2864 Qualis
2423 2793 2596 2854 modo
2617 2793 2839 2873 lingua,
2876 2793 3095 2856 Christi
3121 2803 3388 2856 amantes
3417 2795 3652 2870 fratres,

2013 2881 2283 2943 miraculi
2331 2883 2801 2962 magnitudinem
2865 2885 3167 2961 explicare
3220 2884 3655 2963 poterit?Quae

2009 2990 2148 3032 vero
2178 2989 2368 3044 mens,
2402 2972 2491 3033 vel
2524 2973 2833 3052 cogitando
2874 2975 3076 3048 etiam,
3119 2975 3370 3037 multum
3407 2975 3647 3037 miseri~

2012 3062 2254 3123 cordem
2283 3062 2557 3144 martyris
2603 3067 2873 3124 virtutem
2911 3062 3108 3141 dignis
3140 3062 3414 3125 laudibus
3446 3071 3662 3145 poterit

284 3155 558 3237 γαλοφυΐα
617 3180 710 3215 του
763 3159 1076 3238 μάρτυροςς
1127 3157 1228 3217 "Ov
1283 3159 1384 3236 γὰρ
1443 3159 1504 3215 οὒ
1573 3156 1826 3238 πλοῦτος,
1874 3163 1927 3218 ού

2017 3151 2230 3214 elTerre
2254 3150 2484 3223 ?Quem
2512 3153 2669 3213 enim
2716 3171 2832 3213 non
2867 3152 3108 3231 divitiae,
3145 3172 3264 3214 non
3296 3172 3505 3232 genus,
3541 3174 3661 3218 non

285 3246 466 3326 γένος,
529 3245 589 3302 οὗ
648 3247 1010 3324 βοηθημάτων
1048 3295 1064 3326 ,
1141 3251 1235 3307 οῦκ
1292 3249 1536 3326 ἰατρικῆς
1625 3246 1927 3324 ἐπιστήμης

2017 3241 2540 3316 medicamentum,
2575 3261 2692 3303 non
2718 3242 2863 3303 artis
2895 3243 3165 3325 medicae,
3191 3261 3323 3320 qua
3345 3244 3660 3306 sanitatem

282 3316 659 3414 ἶαματοφόροί
687 3316 937 3409 ἐπίνόιαι,
978 3316 1102 3417 obii
1158 3343 1266 3393 τῶν
1323 3316 1632 3413 λεγομένων
1694 3316 1927 3416 περι-αμ-

2018 3331 2231 3393 alferre
2263 3331 2478 3411 solent,
2514 3331 2882 3411 adjumenta,
2917 3351 3059 3403 non.
3096 3316 3164 3394 ut
3209 3316 3410 3394 vocari
3440 3334 3656 3411 solent,

286 3425 473 3502 μάτων
529 3425 730 3493 πληθὺς
772 3425 1047 3506 ὠφελῆσαι
1101 3426 1197 3483 κᾶν
1257 3447 1308 3484 τι
1367 3427 1702 3507 βραχύτατον
1760 3427 1927 3508 ἴσχυ-

2017 3421 2412 3483 amuletorum
2448 3434 2663 3503 (neque
2690 3421 2848 3483 enim
2882 3422 3438 3502 consanguinei,qui
3461 3423 3663 3485 omnia

289 3535 405 3594 σεν,
439 3511 556 3574 οῦδὲ
585 3515 684 3594 γὰρ
741 3517 939 3573 τούτων
977 3516 1252 3597 ἐφείσαντο
1312 3522 1488 3573 πᾶσαν
1539 3517 1734 3595 πεῖραν
1793 3539 1927 3596 προ-

2017 3511 2076 3572 in
2111 3530 2180 3572 eo
2215 3509 2693 3592 experiebantur,
2749 3511 2913 3572 hisce
2975 3515 3174 3588 etiam,
3201 3520 3330 3574 utut
3361 3531 3487 3574 rem
3516 3531 3660 3595 pro-

287 3605 542 3684 σάγοντες
591 3604 734 3679 αὒτῷ
792 3609 839 3662 οἱ
884 3607 1014 3684 πρὸς
1073 3606 1227 3684 γένος
1285 3603 1368 3661 διὰ
1409 3606 1508 3674 τὴν
1552 3605 1799 3681 ἀπορίαν,
1833 3604 1927 3662 καΐ

2017 3600 2262 3662 hibitam
2299 3619 2431 3662 sese
2465 3601 2661 3662 facere
2693 3611 3037 3682 noscentes,
3072 3602 3146 3663 ob
3179 3601 3431 3664 sanandi
3468 3603 3659 3664 morbi

288 3693 595 3773 ἀπόγνωσιν
651 3701 742 3752 τοῦ
815 3695 1116 3768 νοσήματος
1144 3745 1159 3770 ,
1219 3695 1390 3751 καίτοι
1450 3694 1803 3770 γινώσκοντες
1861 3697 1927 3758 ὡς

2018 3689 2424 3751 difﬁcultatem
2448 3690 3051 3772 desperationemque
3089 3697 3427 3771 pepercere)
3457 3693 3664 3754 multi-

290 3783 744 3863 ἇπαγορευομένῳ
771 3785 1044 3864 πράγματι
1088 3785 1447 3864 ἐγχειροῦσιν,
1506 3785 1693 3838 τοῦτον
1752 3786 1780 3839 ὁ
1840 3806 1933 3852 μι-

291 3873 474 3951 μητὴς
533 3881 624 3930 τοῦ
678 3875 872 3932 οἶκείού
929 3873 1209 3954 δεσπότου,
1271 3877 1298 3929 ὁ
1351 3873 1719 3944 σωζοπολίτης
1767 3872 1934 3935 ὅντως

286 3963 377 4020 καὶ
454 3961 792 4042 ὑπερένδοξος
885 3965 1176 4044 ἀθλοφόρος
1244 3970 1473 4042 Χριστοῦ
1542 3965 1598 4019 ἐν
1685 3962 1936 4040 ἑ-λιγίστῳ

289 4055 427 4110 πάνυ
484 4061 668 4131 καιροῦ
723 4051 1047 4128 διαστήματι
1103 4056 1228 4133 ὑγιῆ
1277 4055 1369 4113 καὶ
1412 4052 1592 4133 ἀσινῆ,
1643 4053 1737 4109 καί
1781 4051 1930 4130 ἐρρω-

288 4143 452 4218 μένον
506 4142 866 4222 παρέστησεν,
926 4149 986 4204 οῦ
1045 4144 1205 4220 μόνον
1251 4141 1600 4222 σωματικῶς,
1657 4140 1796 4198 ἀλλὰ
1848 4142 1936 4198 καὶ

288 4236 404 4312 ψυχ
421 4237 569 4298 ικῶς,

372 4319 510 4396 κς”’.
574 4321 723 4381 Οὕτω
752 4325 840 4381 καὶ
885 4323 1143 4390 συνέσεως
1201 4323 1457 4391 πλησθεὶς
1498 4323 1526 4376 ὃ
1557 4319 1687 4398 ἀνὴρ
1718 4318 1804 4377 διὰ
1837 4326 1932 4388 τῆς

287 4421 382 4471 τοῦ
411 4411 671 4490 μάρτυρος
721 4412 973 4492 χάριτος,
1027 4415 1238 4471 πάντων
1297 4409 1786 4489 ἐκπεπληγμένων,
1849 4413 1934 4468 καὶ

2019 3778 2160 3838 tudo
2211 3779 2306 3838 vel
2354 3779 2666 3839 minimum
2729 3779 2906 3840 etiam
2955 3781 3166 3859 juvare
3230 3781 3438 3860 potuit,
3502 3781 3661 3843 hunc

2022 3866 2255 3928 Domini
2287 3866 2380 3927 sui
2410 3867 2699 3942 imitator,
2732 3869 2986 3930 civ|tatis
3011 3887 3150 3930 vere
3184 3869 3660 3944 servator,Chri-

2019 3957 2221 4037 stique
2262 3958 2655 4020 certaminum
2727 3959 2915 4019 victor
2975 3957 3326 4020 brevissimo
3377 3959 3664 4041 temporis

2019 4049 2236 4127 spatio,
2271 4065 2391 4109 non
2425 4048 2616 4109 solum
2650 4047 2982 4110 secundum
3043 4066 3285 4128 corpus,
3316 4051 3417 4110 sed
3478 4049 3663 4111 etiam

2018 4136 2349 4198 secundum
2387 4137 2647 4198 animam
2682 4155 2890 4199 sanum
2924 4156 2992 4199 ac
3023 4137 3278 4218 salvum,
3315 4137 3662 4219 viribusque

2016 4227 2354 4288 restitutum
2389 4226 2674 4288 reddidit.

2097 4316 2198 4380 26.
2232 4315 2321 4378 Ita
2355 4316 2576 4398 quippe
2613 4316 2922 4380 intellectu
2977 4335 3083 4399 per
3113 4317 3384 4398 martyris
3412 4321 3660 4396 gratiam

2020 4412 2107 4468 vir
2134 4407 2424 4488 repletus,
2459 4407 2738 4468 omnibus
2765 4408 3060 4487 perculsis
3111 4421 3170 4469 et
3223 4407 3662 4487 quodammodo

285 4503 484 4582 τρόπον
516 4503 632 4558 τινὰ
661 4501 1024 4570 ἐξεστηκότων
1053 4505 1139 4560 ἐπὶ
1199 4509 1266 4580 τῇ
1327 4499 1716 4580 ἀπροσδοκήτῳ
1774 4505 1927 4560 αὐτοῦ

2021 4517 2142 4578 prae
2201 4497 2574 4577 inexpectata
2633 4498 2944 4559 sanatione
3006 4498 3308 4578 hujusque
3355 4496 3662 4559 celeritate

289 4593 462 4671 ὑγεία,
495 4595 583 4649 καὶ
613 4593 690 4667 τῷ
715 4593 878 4673 τάχει
910 4595 1100 4668 αῦτῆς,
1127 4593 1254 4650 εἶπε
1311 4593 1441 4672 πρὸς
1484 4592 1602 4650 τοὺς
1648 4592 1927 4663 παρεστῶ-

2018 4597 2185 4649 extra
2214 4606 2280 4648 se
2310 4587 2514 4667 raptis,
2573 4605 2679 4648 ore
2727 4597 2932 4668 aperto
2986 4587 3221 4648 laudem
3255 4588 3402 4657 Deo,
3457 4603 3656 4647 rerum

289 4703 410 4757 τας,
469 4679 675 4747 ἀνοίξας
733 4684 794 4739 τὸ
865 4684 1038 4758 στόμα
1110 4685 1374 4747 εὐσταθῶς
1447 4679 1927 4758 ἐξομολογούμενος

2017 4680 2281 4740 omnium
2307 4675 2584 4751 Domino,
2609 4676 2885 4739 alacriter
2914 4675 3242 4739 attribuens
3274 4676 3418 4737 dixit
3449 4683 3658 4738 astan-

288 4777 368 4846 τῷ
424 4776 532 4827 τῶν
575 4769 716 4828 ὅλων
749 4772 994 4849 Δεσπότη
1027 4777 1143 4845 Θεῷ
1181 4786 1195 4801 ⁸
1231 4772 1320 4835 Τίς
1369 4769 1594 4840 λαλήσει
1639 4771 1734 4834 τὰς
1781 4769 1927 4827 δυνα-

2017 4767 2194 4828 tibus:
2226 4765 2753 4841 Dominivirtutes,
2794 4767 2896 4830 Dei
2921 4774 3191 4827 amantes
3213 4783 3280 4827 ac
3304 4764 3504 4826 dilecti
3536 4765 3655 4827 fra-

291 4861 468 4926 στείας
523 4867 611 4918 τοῦ
659 4861 868 4942 Κυρίου,
915 4860 1148 4942 φιλόθεοι
1195 4863 1283 4920 καὶ
1332 4859 1603 4938 ἂγατητοὶ
1655 4858 1871 4939 ἀδελφοί
1911 4881 1927 4937 ;

2019 4857 2302 4937 tres,quis
2323 4855 2600 4936 loquetur
2623 4863 2650 4919 ‘?
2673 4855 2782 4918 Vel
2808 4857 2943 4936 quis
2963 4872 3173 4916 omnes
3194 4855 3326 4934 ejus
3353 4854 3558 4917 laudes
3578 4854 3662 4916 fa-

290 4949 366 5006 ’Ἠ
404 4952 480 5018 τίς
511 4951 774 5016 ἀκουστὰς
807 4953 1023 5023 ποιήσει
1069 4951 1242 5015 πάσας
1286 4951 1383 5014 τὰς
1437 4948 1660 5013 αἰνέσεις
1722 4951 1878 5008 αὐτοῦ
1915 4968 1931 5024 ;

291 5041 380 5103 Τίς
440 5041 540 5122 γὰρ
581 5043 652 5107 ὡς
683 5042 869 5120 Κύριος
902 5043 930 5098 ὁ
961 5041 1089 5104 Θεὸς
1122 5042 1277 5116 ἡμῶν
1317 5041 1344 5096 ὁ
1388 5038 1444 5095 ἐν
1501 5037 1736 5114 ὑψηλοῖς
1793 5062 1929 5098 κατ-

295 5129 482 5205 οικῶν,
543 5129 639 5187 mi
667 5131 735 5188 τὰ
762 5130 991 5188 ταπεινᾶ
1034 5129 1234 5210 ἐφορῶν
1265 5128 1320 5185 ἐν
1350 5135 1426 5204 τῷ
1473 5128 1678 5206 οὖρανῷ
1735 5130 1822 5185 καὶ
1879 5129 1934 5185 ἐν

292 5223 361 5296 τῇ
389 5225 486 5298 γῇ,
521 5222 549 5277 ὁ
606 5219 1010 5298 ἐνδοξαζόμενος
1055 5219 1108 5277 ἐν
1164 5217 1338 5297 βουλῇ
1394 5217 1558 5296 ἁγίων
1616 5218 1788 5296 μέγας
1846 5220 1936 5276 καὶ

338 5295 341 5296 7
371 5295 413 5324 ‘V
440 5295 446 5297 ν
475 5311 486 5326 ⁸
814 5295 836 5315 ﬁ
855 5295 862 5297 ἡ
1076 5308 1091 5330 ν
1165 5295 1172 5297 ἡ
1315 5295 1343 5326 -υ
1416 5295 1452 5330 ’7
1484 5307 1493 5317 ⁸

293 5330 518 5389 φοοερος
575 5309 719 5367 ἐστιν
751 5329 768 5392 ς
836 5319 1015 5376 Οντως
1073 5331 1128 5365 εν
1183 5307 1352 5386 βουλῃ
1384 5311 1573 5365 ευθεων
1627 5329 1712 5364 και
1771 5330 1936 5364 συνα-

299 5405 480 5479 γωγῇ,
514 5399 725 5480 μεγάλα
753 5400 822 5457 τὰ
848 5400 976 5480 ἔργα
1005 5400 1192 5480 Κυρίου
1222 5415 1239 5433 ⁸
1292 5399 1503 5480 ἔπαισε,
1560 5398 1650 5456 καὶ
1711 5399 1761 5455 αἱ
1815 5411 1942 5479 χεῖ-

366 5557 450 5634 (8),
471 5557 620 5618 Hine
650 5559 875 5634 collige,
902 5558 1022 5633 jam
1054 5558 1188 5634 inde
1225 5574 1258 5616 a
1308 5557 1547 5634 Joannis
1576 5556 1945 5634 Thessaloni-
2025 5557 2104 5616 sis

2017 4945 2134 5009 ciet
2157 4945 2565 5018 auditasiQuis
2588 4947 2746 5008 enim
2773 4946 2926 5006 sicut
2945 4945 3231 5007 Dominus
3247 4945 3408 5006 Deus
3431 4953 3658 5022 noster,

2017 5036 2078 5097 in
2111 5037 2358 5098 excelsis
2380 5035 2654 5098 habitans
2686 5034 2933 5098 humilia
2965 5043 3023 5096 et
3052 5035 3113 5096 in
3145 5033 3314 5096 caelis
3339 5042 3395 5094 et
3421 5033 3480 5095 in
3503 5043 3663 5097 terra

2018 5125 2284 5207 respicit,
2317 5126 2419 5206 qui
2449 5125 2873 5189 honoriﬁcatus
2905 5124 2965 5184 in
3017 5122 3273 5187 concilio
3318 5133 3661 5186 sanctorum

2020 5234 2266 5296 magnus
2297 5225 2352 5277 et
2379 5215 2664 5277 terribilis
2695 5219 2834 5277 est?
2864 5215 3021 5277 Vere
3051 5215 3110 5275 in
3141 5212 3394 5276 consilio
3425 5223 3481 5275 et
3512 5232 3663 5276 con-

2019 5305 2365 5387 gregatione
2381 5305 2681 5386 justorum
2707 5322 2918 5384 magna
2940 5321 3124 5387 opera
3138 5302 3400 5366 Domini:
3426 5320 3666 5384 percus-

2029 5403 2104 5459 sit
2133 5404 2190 5458 et
2219 5413 2430 5458 manus
2461 5395 2590 5475 ejus
2620 5403 2998 5458 sanaverunt.
3024 5396 3234 5458 Sexies
3265 5401 3321 5455 te
3361 5411 3428 5455 ex
3468 5411 3662 5472 angu-

2161 5564 2402 5631 patrono
2448 5557 2709 5631 habitum
2763 5556 2937 5614 fuisse
2978 5563 3245 5631 sanctum
3274 5552 3658 5631 Demetrium,

291 5623 487 5689 censis
541 5640 707 5692 aetate
769 5623 876 5691 {ea
902 5623 1141 5690 'saeculo
1200 5631 1443 5702 septimo
1507 5629 1944 5702 veroslmileque
2026 5631 2125 5702 qui
2162 5623 2403 5701 proinde
2433 5629 2878 5702 etiamjamtum
2903 5627 3059 5685 cultu
3081 5625 3472 5702 ecclesiaStico
3493 5623 3663 5697 plane

295 5703 468 5778 etiam
507 5704 794 5778 sliqeanto
839 5707 1018 5778 prius,
1049 5718 1117 5761 ac
1164 5701 1330 5778 proin
1365 5701 1652 5778 j_am___lnde
1679 5701 1878 5778 saltem
1908 5716 1941 5760 a

294 5775 510 5836 secqu
551 5771 713 5838 se'xto
742 5771 856 5852 pro'
876 5771 1429 5855 primario—civitatis
1463 5771 1942 5838 Thessalonicen-

2023 5698 2240 5774 ihsigni
2273 5702 2442 5761 fuerit
2477 5698 2713 5759 indubia
2743 5699 2955 5759 ibidem
2983 5698 3242 5771 gavisus.
