4100 6444
290 437 447 512 1225

365 583 475 644 xﬂ'.
511 582 749 640 Πιστεύω
797 583 895 660 γὰρ
945 590 1022 657 τῷ
1076 586 1607 664 θαυματουργήσαντι
1670 593 1785 660 Θεῴ
1839 587 1984 645 διὰΑ

280 675 374 730 τὸν
417 672 710 752 ἀθλοφόροι)
757 673 916 731 αὒτοῦ
970 676 1042 735 εἰς
1088 675 1210 748 ἒμέ,
1251 675 1331 730 ὅτι
1385 676 1456 735 ὡς
1526 677 1625 742 τὴν
1682 677 1933 744 ἀπηλπι-

280 763 486 837 σμένην
530 764 684 818 νόσον
748 770 842 818 του
917 775 1168 836 σώματος
1229 761 1605 841 ἐφυγάδευσεν,
1652 765 1791 822 οὕτω
1846 768 1933 823 καὶ

282 852 380 918 τῆς
431 855 616 930 quo/ﬁ;
673 852 738 906 τὰ
798 852 1074 928 τραύματα
1119 853 1458 927 θεραπεύσει,
1510 855 1594 908 καὶ
1653 859 1712 912 οὔ
1771 857 1932 926 μόνον

279 941 615 1018 θεραπεύσει,
649 938 787 994 ἀλλὰ
816 941 905 994 καὶ
939 938 1152 1017 φυλάξει
1185 941 1282 1008 τῆς
1337 943 1410 1002 εἰς
1468 943 1529 997 τὸ
1587 943 1746 998 πάλιν
1805 944 1930 999 τού-

282 1051 389 1084 των
450 1027 706 1084 ἐπανόδου
739 1045 754 1060 ⁸
813 1027 1213 1108 φιλυπόστρατα
1273 1029 1371 1104 γὰρ
1416 1031 1480 1084 τὰ
1515 1037 1731 1086 τοιαῦτα
1762 1035 1929 1100 νοσή-

283 1117 430 1192 μάτᾱ
487 1130 603 1180 τοῖς
664 1118 742 1188 μὴ
801 1115 885 1171 διὰ
936 1123 1248 1196 προσευχῆς
1306 1117 1399 1172 καὶ
1448 1118 1720 1183 πολιτείας
1764 1121 1930 1199 ἁγνῆς

279 1209 382 1272 τὴν
441 1208 544 1262 ὑπὸ
603 1212 695 1263 τοῦ
756 1206 1058 1284 κρείττονος
1117 1206 1359 1284 φυλακὴν
1403 1209 1776 1282 κεκτημένοις.
1827 1209 1932 1266 Καὶ

283 1303 448 1352 ταῦτα
501 1297 688 1368 εἰπὼν,
745 1295 1025 1369 εὐξάμενος
1073 1295 1195 1352 καθ’
1237 1298 1394 1354 αὐτὸν
1456 1299 1543 1352 επὶ
1601 1300 1739 1354 πολὺ
1799 1301 1934 1373 μετὰ

285 1383 548 1463 δακρύων,
582 1383 797 1450 ἐξῆλθεν
830 1385 921 1439 σὺν
951 1396 1067 1447 τοτς
1098 1385 1256 1439 αὐτοῦ
1303 1387 1506 1462 χαίρων
1567 1387 1655 1441 καὶ
1709 1388 1932 1464 εὐχαρι-

288 1479 430 1530 στῶν
491 1481 566 1546 τῷ
622 1479 760 1546 Θεῷ,
822 1473 909 1527 καὶ
953 1473 1030 1546 τῷ
1090 1474 1279 1548 μεσίτῃ
1337 1478 1434 1542 τῆς
1491 1474 1715 1553 χάριτος
1782 1480 1937 1534 αὐτοῦ

285 1569 368 1635 τῷ
427 1562 558 1638 ἁγίῳ
621 1563 709 1618 καὶ
765 1559 1065 1634 πανενδόξῳ
1146 1562 1367 1640 μάρτυρι
1449 1565 1742 1640 Δημητρίῳ
1777 1581 1791 1599 ·
1854 1563 1934 1620 ὅτι

289 1653 436 1724 αὒτῷ
463 1649 652 1728 πρέπει
686 1657 832 1707 πᾶσα
867 1648 1010 1726 δὸξα,
1044 1651 1202 1728 τιμὴ,
1240 1653 1327 1706 καὶ
1357 1653 1714 1728 προσκύνησις
1742 1659 1828 1709 νῦι
1847 1656 1935 1710 καὶ

288 1740 395 1817 ἀεὶ,
421 1742 505 1796 καὶ
536 1741 606 1803 εἷς
639 1739 760 1802 τοὺς
794 1740 986 1801 αἰῶνας
1020 1746 1128 1794 τῶν
1154 1737 1383 1802 αἰώνων.
1421 1737 1618 1816 Ἀμήν.

1373 439 1434 510 S.
1481 447 1860 513 DEMETRII
1901 450 2300 515 MARTYRIS
2341 449 2563 516 ACTA.

3508 448 3662 522 1226

2085 589 2184 649 ‘29.
2223 588 2412 650 Credo
2472 587 2658 662 enim,
2715 587 2928 663 Deum,
2981 585 3067 649 uti
3123 606 3228 668 per
3278 588 3657 667 miraculum,

2017 677 2174 756 quod
2199 679 2257 739 in
2279 695 2374 738 me
2397 695 2503 756 per
2519 695 2690 737 suum
2715 676 3113 740 certaminum
3139 679 3418 741 victorem
3443 696 3659 759 opera-

2016 774 2111 826 tus
2144 775 2254 839 est,
2287 765 2560 827 morbum
2595 765 2866 846 corporis
2895 765 3282 843 desperatum
3315 767 3556 846 fugavit,
3578 767 3662 829 ita

2017 855 2192 914 etiam
2224 856 2440 915 animae
2468 855 2716 915 vulnera
2748 861 3127 931 curaturum,
3155 873 3266 920 nec
3297 863 3521 917 tantum
3553 874 3663 919 cu-

2014 953 2305 1016 raturum,
2341 947 2446 1005 sed
2481 962 2687 1004 eorum
2721 944 2898 1004 etiam
2924 943 3179 1004 reditum
3199 944 3658 1024 impediturum.

2016 1033 2091 1094 lis
2124 1032 2308 1105 enim,
2346 1031 2446 1105 qui
2495 1051 2601 1110 per
2630 1031 2960 1093 orationem
3007 1041 3360 1114 rectumque
3391 1033 3525 1094 vita:
3557 1033 3656 1093 in-

2015 1121 2280 1181 stitutum
2315 1123 2489 1182 aDeo
2523 1120 2679 1182 haud
2738 1130 3153 1200 proteguntur,
3213 1121 3415 1184 redire
3466 1121 3663 1184 solent

2019 1209 2205 1269 morbi
2241 1210 2581 1286 hujusmodi
2611 1209 2768 1289 (14).
2804 1210 2998 1290 Atque
3029 1229 3162 1272 cum
3197 1211 3345 1286 haec,
3397 1229 3533 1272 cum
3565 1210 3658 1272 la-

2017 1298 2236 1378 crymis
2271 1298 2424 1358 intra
2450 1316 2515 1358 se
2548 1298 2990 1361 ferventissime
3021 1318 3222 1380 orans,
3249 1299 3661 1376 dixisset,cum

2018 1388 2139 1447 suis
2170 1385 2344 1447 exivit
2374 1387 3012 1468 gaudens,gratiasque
3043 1406 3225 1467 agens
3253 1387 3402 1464 Deo,
3423 1388 3662 1450 beneﬁ—

2020 1475 2217 1556 ciique
2249 1474 2365 1535 sibi
2395 1475 2594 1536 collati
2641 1475 3042 1551 conciliatori,
3091 1486 3296 1539 sancto
3328 1484 3387 1539 et
3436 1476 3664 1557 glorio-

2020 1565 2254 1626 sissimo
2292 1566 2535 1645 martyri
2560 1564 2906 1642 Demetrio;
2941 1566 3083 1642 quia
3114 1565 3282 1628 illum
3318 1565 3491 1628 decet
3533 1583 3669 1626 0m-

2020 1653 2113 1714 nis
2142 1653 2355 1732 gloria,
2393 1654 2589 1715 honor
2614 1661 2673 1714 et
2704 1653 2972 1716 adoratio
3005 1673 3164 1716 nunc
3209 1662 3270 1717 et
3315 1671 3578 1735 semper,
3611 1660 3671 1716 et

2019 1744 2078 1802 in
2113 1742 2329 1803 saecula
2357 1742 2738 1804 saeculorum.
2776 1742 2987 1804 Amen.

2098 1847 2166 1904 II.

2098 1847 2166 1904 II.

863 1940 936 1996 Dc
973 1945 1126 2013 gesta
1166 1957 1200 1994 a
1237 1941 1437 1998 Sancto
1461 1941 1772 2015 prodigiosa
1790 1846 2490 2016 Igulaelmu'cmsibus
2528 1945 2584 2001 in
2612 1950 2758 2018 peste
2792 1959 2928 2002 cura
2958 1946 3092 2015 (15).

372 2041 446 2106 λ’,
506 2039 677 2115 Ἴσον,
734 2039 950 2120 ἀδελφοὶ
999 2040 1293 2118 ἀγαπητοὶ,
1373 2041 1701 2110 καθέστηκεν
1758 2041 1936 2118 ἄμμον

2101 2041 2200 2106 30.
2232 2043 2479 2104 Marium
2506 2061 2775 2117 arenam,
2812 2042 3012 2104 dilecti
3040 2044 3272 2119 fratres,
3307 2041 3663 2123 pluviaeque,

286 2132 570 2190 θαλασσών
599 2133 686 2186 καὶ
747 2136 1008 2207 σταγόνας
1045 2131 1196 2185 ὕετοῦ
1249 2130 1387 2185 κατὰ
1433 2133 1492 2186 τὸ
1538 2132 1935 2209 γεγραμμένον,

289 2225 556 2299 ἀριθμεῖν,
622 2221 657 2287 ἢ
717 2220 808 2281 τὰς
871 2221 1290 2296 Θαυματουργίας
1350 2218 1402 2274 ἐν
1458 2234 1796 2293 σωματικαῖς
1842 2222 1932 2278 vd-

288 2333 405 2373 σοις
491 2308 856 2386 γεγενημένας
939 2307 1230 2362 ἐκτίθεσθαι
1313 2315 1406 2364 τοῦ
1489 2307 1794 2366 καλλινίκου
1851 2313 1938 2367 καὶ

285 2397 626 2472 ὑπερενδὸξου
717 2398 977 2474 μάρτυρος
1064 2397 1376 2473 Δημητρίου
1411 2414 1425 2428 ⁸
1488 2399 1578 2453 καὶ
1635 2403 1694 2457 οὒ
1766 2397 1937 2469 δήπου

288 2487 434 2565 λέγω
483 2487 576 2551 τοίς
625 2486 788 2544 πάλαι
851 2486 886 2551 ἢ
942 2483 1214 2560 πρόπαλαι
1273 2487 1408 2540 κατᾶ
1451 2487 1662 2564 καιροὺς
1707 2487 1937 2567 ἐμφανισ-

291 2578 523 2656 σθείσας,
573 2575 690 2631 ἁλλ’
723 2573 836 2634 οὒὃέ
868 2574 962 2638 τὰς
995 2573 1076 2651 ἐφ’
1113 2577 1269 2648 ἧμῷν
1301 2575 1496 2649 αὒτῶν,
1549 2577 1718 2632 γαίτοι
1768 2579 1938 2655 ἁμαρ-

290 2664 480 2723 τωλῶν
541 2664 733 2736 ὅντων,
795 2663 1223 2727 ἐπιτελεσθείσας
1267 2661 1350 2718 διὰ
1407 2665 1507 2731 τὴν
1572 2664 1772 2744 ἄφατον
1839 2671 1938 2725 αὗ·-

291 2766 387 2814 τοῦ
443 2757 531 2812 καὶ
592 2753 858 2831 πατρικὴν
919 2756 1052 2830 πρὸς
1102 2753 1222 2815 τοὺς
1256 2751 1478 2816 πολίτας
1536 2753 1933 2835 φιλοστοργίαν.

293 2846 494 2904 Τούτου
551 2846 636 2900 καὶ
692 2851 786 2900 τοῦ
830 2841 1065 2920 ἔναγχος
1123 2841 1507 2919 γεγενημένου]
1538 2847 1938 2924 θαυματουργή-

293 2951 463 3011 ματος
493 2932 846 3007 ὶπιμνησθείς
891 2931 974 3011 ἐφ’
1007 2929 1158 3008 ἕτερα
1204 2931 1384 3008 τρέψω
1425 2933 1517 2987 τὸν
1576 2931 1762 3013 λόγον,
1807 2933 1938 3005 ὅπερ

294 3023 638 3090 ἀκούσαντες,
701 3022 758 3077 εὗ
800 3018 947 3100 οῖδα,
997 3018 1078 3075 ὅτι
1124 3017 1318 3099 σχεδὸν
1363 3021 1408 3076 οἱ
1452 3020 1646 3087 πάντες
1701 3023 1936 3102 ἐπιγνώ-

2020 2132 2348 2193 secundum
2382 2132 2539 2212 quod
2571 2132 2859 2212 scriptum
2896 2139 3010 2210 est,
3071 2140 3265 2210 guttas
3316 2149 3664 2208 numerare,

2018 2229 2118 2281 aut
2139 2220 2288 2282 facta
2311 2221 2371 2280 in
2396 2239 2719 2300 corporum
2747 2220 2972 2284 morbis
3022 2240 3056 2283 a
3085 2221 3349 2283 victoriis
3382 2221 3664 2283 decorate

2019 2309 2577 2388 gloriosissimoque
2599 2318 2856 2390 martyre
2871 2309 3176 2373 Demetrio
3198 2310 3482 2372 miracula
3495 2308 3670 2390 ωιροῖ

2022 2418 2188 2480 nere,
2222 2399 2471 2479 perinde
2498 2409 2626 2462 est:
2656 2418 2767 2463 nec
2797 2401 2877 2462 de
2903 2399 2975 2461 iis
3005 2401 3384 2481 loquor,qua3
3412 2399 3670 2480 antiquis

2020 2498 2121 2551 aut
2153 2489 2327 2550 etiam
2383 2488 2820 2568 antiquissimis
2876 2488 3245 2569 temporibus
3299 2489 3668 2551 manifestata

2021 2587 2180 2659 sunt,
2216 2579 2320 2640 sed
2349 2597 2461 2640 nec
2492 2579 2564 2640 de
2594 2577 2826 2659 iisquae
2848 2577 2958 2640 sub
2986 2579 3158 2641 nobis
3181 2578 3489 2659 ipsis,utut
3517 2598 3664 2659 pec-

2023 2667 2468 2748 catoribus,per
2498 2667 2866 2730 ineffabilem
2899 2667 3088 2749 ipsius
3129 2667 3508 2748 patriumque
3532 2686 3673 2746 erga

2022 2757 2180 2819 cives
2210 2775 2480 2819 amorem
2518 2765 2659 2819 sunt
2690 2767 2880 2836 gesta.
2906 2757 3000 2819 Ad
3026 2757 3141 2819 alia
3171 2775 3507 2818 sermonem
3537 2775 3675 2819 con-

2021 2855 2408 2927 vertam,cum
2435 2865 2774 2909 memorare
2804 2845 3158 2909 miraculum
3183 2865 3380 2926 nuper
3407 2854 3664 2926 gestum,

2021 2937 2177 3016 quod
2208 2935 2524 2997 audientes
2557 2953 2768 2996 omnes
2798 2935 2946 3012 fere,
2979 2943 3146 2998 recte
3176 2935 3333 3010 novi,
3367 2953 3660 3013 agnosce—

2025 3025 2122 3100 tis,
2182 3025 2709 3105 testimoniumque
2770 3024 2947 3086 simul
3008 3024 3242 3086 veritati
3295 3023 3667 3104 praebebitis.

297 3116 475 3187 σεσθε,
539 3116 624 3167 καὶ
681 3110 1153 3188 συμμαρτυρήσετε
1211 3114 1280 3185 τῇ
1359 3108 1603 3179 ἀληθείᾳ.
1679 3113 1785 3189 Πρὸ
1845 3114 1940 3191 γὰρ

2033 3115 2180 3176 Ante
2211 3132 2398 3174 annos
2431 3113 2591 3174 enim
2648 3113 3042 3193 paucissimos
3094 3111 3316 3187 evenit,
3349 3131 3459 3174 nec
3487 3110 3669 3176 ullius

296 3201 415 3258 λίαν
473 3199 764 3279 ὀλιγοστῶν
837 3199 968 3255 ἐτῶν
1039 3197 1351 3276 γεγένηται,
1410 3201 1500 3256 καὶ
1561 3198 1771 3263 οὐδενὸς
1835 3207 1940 3257 τῶν

2033 3221 2092 3264 ex
2128 3201 2432 3277 omnibus,
2470 3200 2707 3281 opinor,
2746 3201 3015 3262 auditum
3049 3200 3194 3281 fugit
3225 3221 3241 3276 ;
3275 3200 3442 3262 multi
3473 3210 3670 3263 autem

297 3292 512 3348 πάντων
566 3295 720 3364 οἶμαι
784 3288 884 3355 τὴν
944 3287 1111 3354 ἀκοὴν
1168 3286 1534 3366 διαπέφευγεν,
1571 3291 1617 3345 οἱ
1650 3289 1703 3345 δὲ
1741 3289 1937 3347 πολλοὶ

2033 3293 2200 3353 etiam
2236 3291 2609 3372 experientia
2667 3291 2944 3371 martyris
2991 3296 3050 3351 in
3099 3289 3394 3353 visitando
3428 3289 3671 3352 miseri—

297 3382 388 3438 καὶ
439 3381 590 3458 πείρα
646 3381 744 3445 τὴν
799 3378 1192 3442 ἐπισκεπτικὴν
1269 3383 1362 3432 τοῦ
1424 3377 1685 3457 μάρτυρος
1744 3379 1937 3459 φιλαν-

2033 3381 2288 3444 cordiam
2307 3380 2768 3459 cognovere,ve|
2788 3378 3399 3461 ipsimetbeneftcium
3416 3377 3668 3459 experti,

296 3469 532 3547 θρωπίαν
574 3467 904 3545 ἐπέγνωσαν,
954 3465 990 3532 ἢ
1048 3465 1194 3521 αὒτοὶ
1249 3467 1347 3531 τῆς
1418 3467 1716 3546 εὐεργεσίας
1762 3471 1945 3526 αἰσθό-

2033 3471 2120 3533 vel
2155 3469 2519 3531 domesticos
2551 3468 2864 3544 habentes,
2915 3469 3015 3550 qui
3070 3468 3478 3549 inexspectato
3510 3485 3674 3529 mor-

297 3581 475 3636 μενοι,
531 3556 566 3625 ἢ
612 3557 833 3618 όίκείους
883 3556 1102 3632 ἔχοντες
1149 3555 1269 3616 τοὺς
1309 3553 1360 3618 ἐξ
1393 3555 1794 3634 ἀπροσδοκήτου
1825 3557 1946 3616 δια-

2033 3569 2150 3623 tetn
2186 3577 2452 3621 evasere.
2488 3557 2638 3630 Quid
2689 3575 2827 3620 vero
2880 3575 3104 3635 moror,
3159 3576 3270 3620 nec
3303 3558 3670 3634 narratione,

296 3648 562 3728 φυγόντας
619 3648 710 3702 τὸν
769 3645 1016 3704 θάνατον.
1087 3644 1146 3700 Τί
1189 3642 1243 3697 δὲ
1304 3641 1514 3722 μέλλω,
1570 3647 1658 3701 καὶ
1705 3646 1764 3700 οὗ
1807 3654 1946 3703 ποιῶ

295 3745 367 3814 τῇ
426 3735 670 3814 διηγήσει
728 3733 1027 3800 καταφανὲς
1080 3733 1141 3788 τὸ
1197 3731 1512 3810 λεγόμενον,
1571 3733 1805 3809 μάλιστα
1857 3737 1945 3792 καὶ

299 3829 361 3883 τὸ
406 3825 615 3904 θαρῤεἴν
661 3823 807 3904 ἔχων
848 3826 920 3887 ὡς
980 3821 1075 3878 οὒκ
1117 3821 1512 3898 ἆπιστήσομαι,
1560 3825 1694 3902 πρὸς
1743 3823 1946 3888 εἰδότας

301 3913 682 3992 διαλεγόμενος
719 3932 735 3992 ς

387 4002 507 4063 λα’.
539 3986 676 4058 (Ἰστε
735 4002 928 4076 δήπου,
990 4001 1286 4080 ἀγαπητοὶ,
1334 4000 1432 4068 τήν
1488 4002 1587 4080 πρό
1639 4023 1780 4067 τινος
1829 4003 1946 4059 ὀλι-

303 4100 498 4174 γοστοϋ
554 4091 754 4171 χρόνου
814 4089 1072 4156 θεήλατον
1115 4089 1437 4146 ἐπελθοῦσαν
1474 4096 1540 4158 τῆ
1571 4089 1723 4148 πόλει
1757 4093 1941 4172 ὀργὴν,

309 4185 369 4239 05
400 4183 468 4250 τῇ
498 4181 651 4239 πόλει
699 4179 752 4237 δὲ
787 4178 972 4260 μόνον,
1018 4177 1156 4236 ἀλλὰ
1183 4181 1268 4235 καὶ
1299 4185 1367 4255 τῇ
1400 4179 1555 4259 χώρᾳ
1605 4181 1775 4256 πάσῃ,
1809 4181 1950 4257 λέγω

305 4271 372 4340 δὴ
419 4274 509 4328 τὸν
553 4271 742 4345 λοιμὸν
800 4273 1010 4325 ὲκεῖνον
1073 4271 1163 4324 τον
1221 4271 1509 4347 παμφάγον
1541 4271 1626 4326 καὶ
1658 4275 1947 4352 παντοφθό-

304 4383 397 4442 ρον
451 4362 546 4418 καὶ
632 4360 976 4439 ὑπέρμετρον,
1059 4360 1148 4414 τὸν
1226 4356 1520 4436 ὅπερϐάντα
1580 4361 1676 4434 μὲν
1738 4362 1947 4438 μεγέθει

304 4457 470 4508 κακοῦ
526 4451 620 4513 τὰς
678 4449 739 4504 ἐκ
800 4455 930 4504 Θεοῦ
992 4445 1230 4511 παιδείας
1263 4460 1382 4510 τοϊς
1430 4449 1644 4505 πώποτε
1674 4471 1949 4526 καταπεμ-

305 4541 545 4622 φθείσας,
605 4537 902 4607 ἡττηθέντα
971 4535 1026 4592 δὲ
1105 4537 1290 4612 μόνοις
1347 4550 1464 4602 τοῖς
1521 4544 1624 4593 τῶν
1673 4539 1949 4619 ἡμετέρων

2027 3649 2187 3731 quod
2219 3648 2376 3728 dico,
2405 3649 2786 3709 manifestum
2837 3647 3012 3727 facio,
3048 3647 3304 3709 maxime
3330 3665 3462 3708 cum
3495 3645 3678 3710 verba

2029 3739 2102 3799 ad
2135 3755 2237 3799 eos
2268 3742 2369 3816 qui
2391 3755 2518 3797 rem
2555 3743 2816 3798 noscunt
2845 3736 3094 3814 faciens,
3125 3737 3254 3799 fore
3280 3735 3677 3814 confidam,ut

2029 3826 2177 3888 fides
2208 3826 2356 3888 mihi
2387 3824 2548 3886 haud
2579 3824 2957 3904 denegetur?

2109 4005 2174 4065 3t
2195 4003 2422 4069 .Nostis
2446 4003 2874 4084 certe,dilecti,
2903 4002 3228 4084 illam,quae
3254 4003 3674 4070 brevissimum

2032 4093 2330 4176 quoddam
2387 4100 2526 4154 ante
2559 4100 2793 4172 tempus
2823 4091 3047 4156 civitati
3097 4093 3249 4174 (l6),
3307 4113 3425 4157 non
3479 4096 3675 4158 solum

2032 4193 2231 4246 autem
2267 4182 2510 4259 civitati,
2548 4181 2651 4243 sed
2715 4191 2771 4244 et
2797 4182 3025 4261 regioni
3079 4183 3373 4244 universa
3402 4184 3673 4265 obvenit,

2033 4275 2360 4335 immissam
2391 4290 2425 4332 a
2457 4271 2580 4334 Deo
2609 4271 3262 4353 pmnam,omnivoram
3285 4281 3481 4334 autem
3505 4273 3671 4340 illam

2035 4367 2355 4442 omniaque
2386 4368 2870 4440 corrumpentem
2923 4379 2990 4422 ac
3014 4360 3254 4422 modum
3278 4363 3669 4427 excedentem

2033 4461 2260 4533 pestem
2287 4451 2447 4524 dico,
2475 4467 2607 4530 quae
2639 4449 2779 4511 mali
2824 4449 3064 4531 quidem
3097 4451 3504 4528 magnitudine
3534 4473 3672 4517 om-

2033 4539 2214 4601 nibus
2244 4557 2504 4620 unquam
2536 4557 2568 4599 a
2595 4539 2716 4600 Deo
2741 4536 3027 4600 immissis
3053 4539 3541 4618 castigationibus
3562 4543 3676 4606 fuit

304 4627 545 4710 πράξεων
601 4639 1076 4710 παροργισμοτς...
1139 4625 1277 4683 Ἀπὸ
1347 4628 1446 4706 γὰρ
1509 4634 1613 4684 τῶν
1673 4629 1941 4709 βραχυτέ-

2033 4629 2328 4710 superior,
2353 4627 2544 4692 solum
2567 4637 2766 4689 autem
2804 4627 3107 4690 actionum
3141 4635 3480 4692 nostrarum
3519 4633 3677 4698 indi-

385 4793 499 4863 (tli)
529 4788 818 4863 Prolixam
843 4788 1000 4863 hanc
1020 4785 1340 4863 orationem
1371 4799 1404 4842 a
1439 4785 1718 4863 praefecto,
1750 4787 1818 4846 de
1842 4804 1956 4862 quo

314 4857 431 4928 hic.
465 4857 598 4920 cum
629 4859 855 4918 sanitati
885 4859 1082 4933 fuisset
1102 4857 1431 4933 prodigiose
1470 4857 1790 4933 restitutus,
1822 4857 1958 4933 p'ro-

316 4935 490 5010 latam
530 4933 729 5010 fuisse,
781 4931 1088 5010 verisimile
1114 4929 1281 5010 haud
1337 4939 1592 5010 apparet.
1628 4929 1841 5010 Quare'
1868 4934 1960 4988 vix

319 5004 700 5064 dubitandum
725 5012 834 5065 est,
861 5004 999 5073 quin
1018 4999 1165 5073 huic
1195 4999 1355 5073 illam
1386 4999 1958 5073 Joannes,oratorum

321 5091 482 5136 more
513 5076 778 5147 loquens,
815 5069 922 5144 pro
945 5072 1194 5147 arbitrio
1229 5069 1536 5147 adiurarit.
1572 5071 1739 5142 Apud
1773 5075 1961 5147 litabil-

321 5141 749 5216 loniumfapud
795 5141 966 5216 quem
1004 5142 1200 5202 tom.l
1249 5141 1501 5216 ignotast.
1555 5141 1663 5216 vet.
1714 5146 1958 5202 miracu-

320 5220 468 5292 lum,
503 5219 611 5292 hoc
636 5213 768 5292 cap.
807 5213 1237 5292 felatum,_pag.
1278 5213 1686 5292 73._e_t_se_q.__ab
1718 5220 1965 5292 Anasta-

321 5295 410 5350 sio
433 5285 778 5347 Bibliothe’c.
805 5289 974 5343 etiam
1007 5288 1273 5349 refertur,
1305 5285 1446 5340 nihil
1479 5286 1666 5341 simile
1693 5290 1963 5344 occurrit.

391 5363 516 5429 (15)
551 5361 670 5436 Hoc
699 5357 1085 5436 miraculum,
1123 5367 1240 5423 aut,
1280 5359 1325 5412 si
1370 5361 1568 5422 mavis,
1599 5369 1787 5436 caput
1819 5374 1968 5428 prae-

322 5447 476 5497 sens,
507 5447 621 5504 quo
661 5430 1096 5504 idcontinetur,
1130 5441 1310 5504 unum
1352 5437 1435 5484 est
1465 5441 1536 5504 ea
1597 5429 1663 5483 iis
1719 5443 1967 5504 quorum

320 5496 602 5562 duntaiat
654 5503 765 5573 (adi
814 5499 1302 5573 Commentarium
1354 5496 1627 5573 praevium
1681 5496 1840 5557 num.
1879 5503 1969 5572 19)

321 5570 889 5647 ιιοεωεηιοξοι-ιαυοι
925 5586 956 5627 e
996 5571 1192 5647 codice
1221 5572 1359 5647 olim
1418 5570 1742 5647 Mazarinaeo
1768 5570 1970 5647 graece

321 5642 606 5721 descripta
642 5642 920 5721 habemus
949 5661 962 5721 _;
1001 5643 1122 5721 haec
1166 5642 1307 5697 adeo
1361 5643 1584 5721 saltem,
1621 5653 1680 5700 ut
1711 5643 1880 5721 ﬁdem
1911 5647 1971 5702 iu

321 5713 750 5781 Commentario
797 5716 998 5784 praevio
1052 5715 1178 5769 loco
1226 5725 1360 5770 mox
1393 5713 1488 5770 cit.
1542 5713 1728 5772 datam
1762 5715 1974 5776 libere-

649 5816 910 5879 PATROL.
941 5813 1053 5877 Gn.
1090 5811 1295 5876 CXVI.

2037 4803 2190 4854 mus,
2223 4789 2418 4846 Graece
2447 4788 2619 4846 simul
2653 4797 2706 4845 et
2737 4788 2929 4847 Letiue
2979 4790 3072 4846 hic
3115 4791 3338 4858 damus,
3391 4798 3682 4856 narratio-

2038 4876 2170 4918 nem
2208 4860 2643 4932 reliquam,qnaa
2672 4859 2838 4926 locis,
2868 4870 3213 4987 punctorum
3242 4863 3682 4937 interpositione

2040 4933 2135 4987 hic
2166 4933 2472 4987 distinctis.
2512 4934 2569 4987 in
2619 4933 2816 4987 codice
2897 4933 3200 4987 lazarinaeo
3233 4935 3426 4987 Grmce
3457 4942 3682 4987 renari—

2040 4933 2135 4989 hic
2166 4933 2472 5008 distinctis,
2512 4934 2569 4988 in
2619 4933 2816 4990 codice
2855 4933 3200 5008 _Mazariuaao
3233 4933 3426 4994 ϐιωοό
3456 4942 3684 5008 reperi-

2039 5010 2163 5079 t_ur,_
2187 5005 2245 5059 in
2299 5001 2601 5067 Adnotata,
2661 5016 2789 5079 cap.
2853 5004 2988 5059 huic
3020 5004 3296 5079 subjecta,
3327 5001 3683 5079 compendio

2045 5075 2272 5144 Latino,
2321 5075 2701 5151 prput__apud
2757 5086 2862 5151 nos
2925 5075 3531 5151 exstat,_greitciente's,
3587 5089 3689 5142 aut

2046 5155 2221 5209 certe,
2281 5145 2418 5216 quid
2480 5144 2574 5201 illa
2633 5147 3019 5216 contineatur,
3069 5144 3280 5205 ibidem
3339 5144 3685 5212 indicantes.

2049 5218 2229 5290 Porro
2261 5217 2411 5290 idem
2458 5225 2632 5286 caput
2687 5219 3107 5290 seunarratio,
3161 5220 3270 5276 hoc
3302 5232 3592 5290 contenta,
3626 5226 3686 5282 in

2048 5287 2248 5344 codice
2295 5287 2616 5362 Mazarinaao
2665 5303 2695 5344 a
2745 5287 2842 5343 fol.
2876 5287 2946 5343 39
2980 5287 3140 5346 verSo
3172 5305 3355 5362 usque
3377 5295 3447 5350 ad
3484 5287 3586 5350 fol.
3613 5295 3679 5350 5t

2052 5371 2281 5435 versum
2338 5361 2686 5435 extenditur,
2744 5370 3192 5435 sequentemque
3258 5361 3415 5420 hunc
3463 5365 3690 5435 prafert

2055 5429 2288 5510 titulum
2327 5449 2339 5487 :
2381 5433 2500 5507 Περὶ
2543 5429 2635 5486 τοῦ
2663 5429 2968 5510 104105,“
2999 5429 3116 5507 est,
3145 5433 3233 5495 De
3261 5443 3447 5510 peste.

2125 5509 2236 5578 (16)
2271 5510 2409 5565 Cum
2465 5520 2665 5566 auctor
2721 5511 2794 5566 ad
2848 5509 3414 5574 Ttitssalouicenses.
3473 5518 3554 5572 uti
3613 5531 3687 5574 ex

2051 5581 2327 5657 orationis
2373 5591 2643 5637 contestu
2678 5583 2816 5657 satis
2858 5583 3059 5653 liquet.
3096 5597 3426 5657 sermonem
3457 5585 3689 5657 dirigat,

2053 5653 2337 5781 givit‘iitem
2369 5659 2520 5781 cette
2550 5667 2668 5710 non
2698 5654 3068 5724 atiam,quam
3095 5653 3687 5729 Thessalonicensem,

2096 5735 2149 5780 ιο
2213 5736 2407 5781 esmua
2442 5765 2453 5779 .

2096 5732 2149 5780 ιο
2173 5732 2453 5795 designat.

3335 5822 3412 5890 39
