4100 6414
505 401 655 471 1227
1865 403 2134 465 SUPPLE

2223 391 2512 468 ENTUM.
3697 412 3825 478 i228

500 544 722 622 gnitate
744 540 856 601 fuit
883 539 1130 600 inferior
1176 539 1297 616 (17.
1333 583 1343 594 .
1376 585 1388 599 .
1421 586 1434 600 .
1465 583 1477 596 .
1540 538 1588 598 Α
1623 538 1954 599 minoribus
1986 537 2134 599 enitr

2232 563 2334 614 ρων
2395 544 2668 618 μαστίγων
2723 541 3034 620 ἀρξάμενος,
3101 544 3224 599 εἶτα
3297 547 3382 600 καὶ
3436 547 3506 608 εἰς
3547 549 3636 609 τὰς
3680 547 3825 619 μέσας

505 632 702 712 pmnis
733 647 1000 700 exorsus,
1026 646 1091 688 ac
1145 625 1364 688 deinde
1416 626 1487 686 ad
1517 627 1740 687 medias
1773 646 2134 708 progressus,

2229 629 2517 704 ἐπαναϐὰς,
2569 633 2637 694 ὼς
2685 630 2827 686 εἶδεν
2877 633 3033 705 ἡμῶν
3092 634 3157 687 τὰ
3202 634 3466 708 τραύματα
3521 641 3612 702 τῆς
3665 639 3826 712 ψυχῆς

503 730 568 782 ut
596 717 812 781 anima;
845 726 1062 778 nostrae
1091 715 1342 776 vulnera
1373 716 1588 776 callum
1625 715 1926 777 obducere
1971 726 2146 796 atque

503 814 892 874 indurescere
923 809 1088 882 vidit,
1125 827 1237 869 nec
1267 809 1589 886 alligaturis
1612 808 1749 869 ullis
1781 810 2144 887 pharmacis-

503 920 617 983 que
648 901 884 974 cedere,
917 897 1244 959 secundum
1297 896 1534 976 Isaiam,
1589 898 1942 958 necessitate
1971 917 2142 959 com-

505 991 734 1071 pulsus,
768 989 851 1048 uti
885 987 1142 1066 optimus
1175 1004 1406 1059 eorum,
1441 987 1516 1046 de
1553 1005 1803 1065 quorum
1839 988 2143 1048 sanatione

502 1077 1513 1158 desperatur,medicus,eorumque
1543 1094 1672 1156 quae
1705 1095 1819 1135 non
1849 1077 2138 1149 vitientur,

499 1167 827 1244 exquisitus
858 1165 1181 1244 inspector,
1238 1165 1310 1224 ad
1369 1182 1681 1243 supremos
1740 1166 2144 1240 castigationis

501 1257 718 1336 gradus
768 1253 1062 1334 prorupit.
1123 1255 1390 1315 Primum
1441 1253 1680 1332 quidem
1735 1254 2141 1331 castigatione,

502 1364 629 1426 quae
663 1344 848 1406 Deum
882 1343 1078 1416 decet,
1114 1360 1221 1404 nos
1254 1341 1562 1417 erudiens,
1599 1342 1760 1403 velut
1805 1352 1992 1422 pater,
2028 1363 2147 1405 non

503 1432 816 1507 nobis,sed
841 1440 1012 1493 terrae
1036 1430 1355 1505 fructibus,
1381 1448 1450 1492 ac
1471 1430 1690 1491 deinde
1711 1432 1886 1492 etiam
1912 1433 2146 1493 anima-

507 1521 667 1583 libus
699 1523 918 1582 nostris
963 1520 1363 1599 corruptelam
1413 1521 1801 1597 supervenire
1853 1522 2144 1600 permisit.

587 1610 687 1671 32.
723 1611 801 1673 Ut
829 1628 968 1670 vero
1030 1627 1138 1670 nos
1192 1609 1384 1670 nihilo
1415 1608 1695 1670 meliores
1738 1609 1922 1670 factos
1973 1609 2144 1682 vidit,

505 1701 704 1780 pueris
739 1699 930 1760 adhuc
964 1697 1341 1773 lactantibus,
1378 1698 1569 1776 iisque
1598 1700 1694 1778 qui
1733 1699 1900 1760 valde
1949 1699 2146 1760 adhuc

495 1790 748 1868 juvenes
778 1797 967 1858 erant,
1003 1787 1230 1867 plagam
1265 1786 1502 1847 indidit.
1531 1785 1606 1848 Ut
1635 1795 1830 1847 autem
1869 1806 1979 1849 nec
2006 1789 2145 1850 huic

2228 719 2614 795 σκληρώσαντα
2683 722 2772 776 καὶ
2825 721 3228 796 ἂπεσκληκότα,
3282 726 3367 779 καὶ
3423 723 3556 798 μηδὲ
3627 725 3828 780 antarii-

2229 830 2383 881 σμοις
2443 810 2476 876 ἢ
2533 810 2874 886 μαλάγμασιν
2933 811 3151 867 εἴκοντα
3187 858 3202 884 ,
3264 834 3400 868 κατα.
3453 815 3544 868 τὸν
3597 813 3826 886 Ἠσαίαν,

2228 897 2526 975 ἀναγκαίως
2586 899 2660 962 ὠς
2717 900 2928 976 ἄριστος
3003 907 3107 955 τῶν
3195 901 3608 975 ἀπηλπισμένων
3673 905 3828 976 ἰατρὸς

2226 988 2311 1042 καὶ
2354 994 2459 1043 τῶν
2519 990 2752 1044 ἀθεάτων
2796 989 3039 1065 γνώστης
3083 988 3325 1067 ἀκριϐὴς,
3400 991 3483 1046 ἐπὶ
3545 992 3632 1053 τάς
3689 991 3827 1068 ἄκρας

2226 1077 2477 1152 ὥρμησεν
2525 1078 2834 1154 ἐπαγωγάς,
2911 1084 3122 1155 Πρῶτον
3195 1081 3293 1154 μὲν
3371 1081 3468 1156 γὰρ
3529 1083 3831 1159 χειραγωγία

2225 1169 2512 1242 Θεοπρεπεῖ
2546 1165 2807 1222 παιδεύων
2836 1169 2983 1240 ἡμᾶς
3031 1170 3105 1231 ὡς
3151 1181 3351 1246 πατὴρ,
3388 1169 3492 1247 οὐχ
3519 1172 3672 1242 ἡμῖν,
3716 1169 3832 1223 ἄλλά

2228 1268 2347 1317 τοῖς
2404 1259 2462 1310 ὲκ
2515 1256 2614 1332 γῆς
2666 1270 2917 1334 καρποῖς,
2973 1256 3099 1313 εἶτα
3155 1260 3241 1313 καὶ
3283 1270 3399 1322 τοῖς
3429 1259 3669 1327 κτήνεσιν
3698 1260 3831 1332 ἡμῶν

2230 1343 2476 1399 ἐπελθεῖν
2509 1344 2695 1423 ἀφίησι
2726 1347 2824 1412 τὴν
2855 1347 3074 1422 φθοράν.

2309 1609 2418 1686 λβ’,
2501 1622 2574 1675 Ως
2629 1610 2682 1667 δὲ
2755 1611 2920 1685 μηδὲν
2979 1626 3222 1691 κρεῖττον
3270 1612 3417 1678 ἡμᾶς
3477 1613 3834 1691 γεγενημένους

2229 1700 2391 1776 ἐώρα,
2437 1715 2554 1765 τοῖς
2602 1702 2949 1775 ὑπομασθίοις
2994 1705 3083 1759 καὶ
3140 1715 3259 1766 τοῖς
3320 1701 3514 1773 κομιδῆ
3560 1705 3706 1758 πασὶν
3745 1705 3835 1758 ἐπ-

2233 1785 2506 1844 ανεϐίϐασε
2550 1791 2646 1857 τὴν
2689 1789 2929 1867 πληγήν.
2983 1781 3072 1852 Ὠς
3125 1789 3178 1846 δὲ
3238 1792 3321 1846 καἱ
3393 1792 3556 1858 ταύτῃ
3615 1797 3677 1865 τῇ
3715 1797 3836 1866 τομῇ

501 1877 784 1940 incisioni
842 1877 1056 1938 cedere
1089 1875 1420 1936 animarum
1475 1884 1809 1936 nostrarum
1847 1885 2134 1938 tumorem

2229 1877 2306 1951 μὴ
2336 1880 2556 1934 ὑπεῖκον
2588 1877 2779 1956 διέγνω
2812 1881 2870 1934 τὸ
2911 1886 3016 1935 τῶν
3060 1884 3252 1959 ψυχῶν
3300 1882 3452 1954 ἡμῶν
3485 1878 3701 1954 οἴδημα,
3733 1881 3837 1935 τότε

501 1965 953 2045 cognovit,tunc
985 1982 1260 2043 magnum
1296 1974 1354 2024 et
1385 1982 1583 2024 acrem
1617 1973 1674 2025 et
1700 1965 2139 2028 intolerabilem

502 2055 684 2136 pestis
744 2063 1043 2116 cauterem
1108 2070 1215 2132 per
1269 2053 1512 2132 angelos
1563 2071 1702 2114 vere
1735 2054 1920 2115 malos
1965 2076 2143 2136 supra

499 2153 678 2206 totam
712 2144 1011 2206 civitatem
1043 2143 1240 2203 induci
1276 2141 1545 2221 permisit
1575 2143 1725 2222 (18).
1749 2191 1761 2204 .
1918 2142 2143 2206 Omnes

507 2250 776 2314 prorsus,
809 2231 1150 2313 incipiendo
1185 2230 1256 2293 ab
1287 2231 1357 2291 iis
1388 2231 1486 2312 qui
1523 2236 1688 2311 pueri
1722 2232 1914 2294 adhuc
1947 2244 2139 2313 erant,

501 2341 692 2404 usque
715 2322 785 2384 ad
811 2340 935 2402 eos,
971 2321 1069 2402 qui
1092 2321 1275 2381 virilis
1304 2321 1492 2381 relatis
1513 2329 1701 2392 erant,
1730 2322 2140 2401 rapiebantur,

502 2412 670 2488 solis,
714 2411 810 2492 qui
845 2411 1169 2472 senectutis
1197 2419 1488 2490 provectae
1518 2410 1652 2472 facti
1677 2409 1799 2489 jam
1826 2421 2011 2491 erant,
2041 2432 2141 2473 re-

507 2499 908 2562 manentibus.
946 2500 1035 2561 Ne
1089 2499 1246 2560 enim
1303 2499 1437 2578 quis
1493 2498 1746 2566 diceret,
1810 2503 2140 2564 naturalem

506 2590 871 2670 quampiam,
898 2607 1027 2668 quae
1061 2587 1590 2663 obvenisset,aeris
1618 2588 2036 2669 intemperiem
2062 2592 2141 2652 vi-

500 2677 780 2740 ventibus
807 2678 963 2738 luem
997 2675 1409 2750 attulisse,nec
1433 2675 1750 2738 Dominum
1785 2678 1910 2740 hrec
1937 2682 2139 2744 omnia

495 2766 733 2842 fecisse,
769 2766 926 2840 ideo,
992 2765 1095 2846 qui
1158 2765 1216 2826 in
1278 2771 1463 2827 aetatis
1514 2766 1833 2845 juventute
1889 2785 1958 2830 ac
1990 2770 2140 2832 ﬂore

500 2864 692 2931 erant,
728 2854 1027 2936 peribant,
1082 2861 1180 2937 qui
1235 2873 1374 2917 vero
1427 2872 1604 2917 senes
1637 2857 1928 2938 mortique
1959 2859 2138 2920 vicini

499 2957 694 3019 erant,
728 2944 1116 3008 servabantur
1145 2945 1292 3026 (19).
1333 2996 1345 3009 .
1383 2996 1394 3009 .
1435 2995 1448 3009 .

577 3035 1006 3114 33.Postquam
1033 3035 1213 3115 igitur
1229 3035 1321 3096 his
1341 3044 1520 3116 atque
1543 3037 1889 3115 hujusmodi
1913 3039 2139 3101 morbis

493 3125 801 3189 constricti
831 3125 904 3188 ad
940 3125 1264 3187 venerandi
1289 3144 1464 3205 quam
1498 3127 1777 3206 maxime,
1813 3138 1875 3187 nt
1911 3127 2134 3189 dictum

2227 1969 2315 2021 τὸν
2367 1967 2534 2043 μέγαν
2593 1969 2681 2023 καὶ
2750 1965 2933 2045 δριμὺν
2991 1971 3077 2024 καὶ
3138 1969 3456 2025 ἀνύποιστον
3533 1976 3622 2023 τοῦ
3672 1968 3838 2040 λοιμοῦ

2225 2060 2465 2133 καυτῆρα
2513 2053 2589 2110 δι’
2630 2056 2874 2134 ἀγγέλων
2923 2058 3089 2120 οὕτως
3143 2064 3392 2134 πονηρῶν
3439 2057 3727 2135 ἐπαχθῆναι
3782 2061 3838 2129 τῇ

2226 2145 2372 2220 πάσῃ
2427 2145 2770 2223 συνεχώρησε
2821 2145 3085 2207 πόλει....
3148 2147 3348 2209 Πάντες
3400 2144 3559 2224 ἄρδην
3610 2145 3707 2199 ἀπὸ
3759 2169 3838 2210 νη-

2230 2238 2349 2290 πίου
2406 2233 2600 2311 μέγρις
2671 2233 2870 2310 ἀνδρῶν
2928 2235 3301 2313 ἀνηρπάζοντο
3336 2283 3351 2309 ,
3409 2237 3581 2310 μόνων
3646 2240 3740 2288 τῶν
3792 2234 3837 2288 ἐν

2229 2325 2367 2400 γήρᾳ
2420 2324 2574 2396 βαθεῖ
2630 2322 3038 2398 πεπεδημένων.
3101 2324 3215 2380 Ἵνα
3278 2327 3380 2402 γὰρ
3439 2326 3515 2399 μή
3570 2347 3646 2386 τις
3687 2323 3836 2400 εἴποι,

2227 2413 2452 2489 φυσικήν
2497 2435 2612 2467 τινα
2666 2417 2959 2489 γενομένην
3034 2421 3126 2470 τοῦ
3183 2414 3334 2492 ἀέρος
3409 2413 3710 2491 δυσκρασίαν
3761 2414 3836 2478 τὴν

2226 2501 2417 2580 φθορὰν
2473 2513 2585 2566 τοῖς
2640 2509 2802 2572 ζῶσιν
2859 2501 3192 2578 ἐπενεγκεῖν,
3236 2505 3320 2558 καὶ
3379 2503 3452 2567 ὠς
3493 2503 3611 2582 οὒχὶ
3675 2503 3838 2578 Κύριος

2225 2590 2442 2656 ἐποίησε
2473 2590 2638 2646 ταῦτα
2688 2592 2884 2663 πάντα,
2946 2593 3132 2648 τούτου
3182 2594 3342 2672 χάριν
3386 2595 3449 2649 τὸ
3479 2592 3592 2648 νέον
3633 2593 3714 2647 καὶ
3755 2591 3838 2645 ἂν·

2223 2683 2342 2737 θοῦν
2375 2685 2471 2746 τῆς
2509 2679 2720 2747 ἡλικίας
2754 2681 3040 2760 ἐφθείρετο,
3078 2685 3139 2737 τὸ
3188 2681 3241 2736 δὲ
3290 2683 3520 2739 παλαιὸν
3575 2683 3658 2737 καὶ
3702 2681 3838 2758 ἐγγὺς

2223 2769 2524 2849 ἀφανισμοῦ
2555 2767 2880 2848 διετηρεῖτο.
2921 2818 2962 2833 ..

2302 3034 2414 3113 λγ’,
2471 3028 2617 3094 Ἐπεὶ
2675 3037 2764 3092 οὖν
2822 3038 3023 3094 τούτων
3083 3039 3169 3093 καὶ
3230 3043 3335 3094 τῶν
3395 3042 3648 3098 τοιούτων
3677 3039 3837 3118 ἔνοχοι

2221 3126 2540 3199 νοσημάτων
2593 3127 2664 3186 εἷς
2723 3127 2815 3181 τὸν
2881 3124 3172 3203 ἀγιόδωρον
3232 3129 3359 3183 ναὸν
3417 3136 3510 3185 τοῦ
3563 3129 3838 3186 πανσὲπτου

493 3215 886 3294 est,martyris
908 3214 1219 3294 templum,
1245 3215 1584 3276 sanationes
1613 3215 1835 3276 donare
1867 3216 2132 3292 solitum,

2223 3216 2538 3292 κατέφυγον,
2599 3218 2672 3276 ὡς
2732 3215 2970 3293 εἴρηται,
3027 3216 3310 3289 μάρτυρος,
3347 3225 3469 3274 τότε
3507 3220 3711 3284 καὶτῆς
3760 3221 3839 3272 τοῦ

494 3303 914 3384 confugerunt,
948 3313 1085 3363 tunc
1111 3313 1171 3363 et
1202 3302 1310 3363 Dei
1333 3303 1760 3363 misericordia
1783 3305 2138 3381 magnitudi-

494 3409 631 3452 nem
689 3401 748 3453 et
806 3392 1062 3454 eilicacis
1116 3390 1510 3452 certaminum
1558 3391 1797 3451 victoris
1859 3394 2138 3470 potentia;

492 3497 699 3540 curam
740 3488 875 3540 sunt
907 3481 1156 3560 experti.
1191 3478 1632 3560 Quouscunque
1683 3479 1839 3540 enim
1874 3487 2027 3559 ipse,
2074 3491 2138 3542 ut

493 3565 753 3628 filiorum
788 3585 993 3629 amans
1027 3576 1214 3648 pater,
1247 3567 1523 3628 noctibus
1553 3568 1804 3646 singulis
1829 3569 2130 3651 visitabat,

491 3655 534 3718 ii
558 3656 671 3736 ipsi
691 3657 885 3718 statim
913 3675 1084 3717 mane
1111 3665 1168 3718 et
1190 3657 1388 3717 cibum
1435 3657 1770 3738 capiebant,
1797 3669 1850 3718 et
1877 3661 2133 3740 propriis

491 3759 763 3820 praeterea
791 3752 1032 3822 pedibus
1058 3751 1426 3808 incedebant:
1453 3753 1547 3821 qui
1583 3755 1742 3822 prius
1783 3755 2131 3811 nutrimenta

489 3835 888 3913 fastidientes,
952 3837 1336 3917 pessimeque
1375 3836 1570 3898 allecti
1619 3856 1686 3898 ac
1738 3840 1972 3917 penitus
2015 3858 2133 3920 prae

493 3929 829 3987 morborum
873 3931 1266 4001 magnitudine
1299 3932 1517 3987 immoti
1552 3943 1960 4002 apparuerant,
1995 3949 2134 4004 pau-

491 4013 770 4075 cissimos
802 4017 977 4076 etiam
1013 4014 1170 4076 intra
1199 4015 1330 4077 dies
1363 4017 1490 4077 sani
1537 4015 1842 4096 mentique
1876 4019 2135 4082 restituti

492 4103 701 4163 domos
751 4121 886 4164 suas
945 4103 1166 4185 absque
1220 4113 1380 4166 metu
1433 4105 1600 4166 facile
1630 4107 2002 4186 repetebant,
2033 4127 2134 4168 se-

491 4190 828 4267 curitatem,
865 4193 1022 4272 quod
1073 4211 1106 4252 a
1167 4203 1422 4272 martyre
1474 4195 1704 4255 liberati
1741 4205 1962 4269 esseni,
2018 4197 2133 4258 ﬁde

494 4279 734 4359 dignam
765 4282 1081 4357 habentes,
1115 4281 1240 4344 fore
1272 4293 1336 4342 ut
1366 4283 1577 4344 iisdem
1606 4283 1840 4344 morbis
1862 4303 1980 4345 non
2005 4303 2133 4345 cor-

489 4370 1268 4451 riperentur.Quoscunque
1299 4390 1604 4448 vero,cum
1630 4381 1807 4432 noctu
1843 4374 2124 4447 visitaret,

2223 3311 2353 3359 Θεοῦ
2432 3303 2822 3380 φιλανθρωπίας
2899 3306 2960 3359 τὸ
3023 3304 3241 3381 μέγεθος
3316 3307 3408 3362 καί
3465 3313 3562 3375 τῆς
3620 3311 3838 3385 ἓνεργοῦς

2220 3399 2312 3447 τοῦ
2368 3391 2660 3470 ἀθλοφόρου
2690 3391 2961 3466 δυνάμεως
3022 3397 3082 3448 τὸ
3139 3393 3495 3467 κηδεμονικὸν
3549 3396 3836 3452 ἐπιδείκνυν-

2220 3502 2302 3539 το.
2341 3479 2536 3544 ’Ὅσους
2581 3483 2679 3558 γὰρ
2725 3481 2880 3544 αὖτὸς
2931 3483 3010 3562 ἐφ’
3071 3485 3300 3550 ἑκάστης
3360 3489 3572 3562 νυκτὸς,
3607 3490 3676 3550 ὡς
3705 3483 3840 3565 φιλό-

2221 3592 2346 3632 παις
2409 3570 2608 3648 πατὴρ,
2671 3570 3070 3646 ἐπεσκέπτετο,
3134 3573 3278 3635 εὒῡῦς
3357 3574 3518 3631 ἕωθεν
3575 3576 3710 3632 οὗτοι
3765 3571 3839 3628 καὶ

2218 3664 2416 3738 τροφῆς
2478 3659 2879 3734 μετελάμϐανον
2909 3710 2923 3734 ,
2971 3663 3058 3717 καὶ
3101 3665 3256 3718 ποσὶν
3315 3665 3530 3727 οἰκείοις
3588 3667 3657 3728 εἷς
3702 3670 3836 3720 τοῦτο

2217 3747 2596 3811 κατέσπευδον,
2660 3749 2728 3805 Οἳ
2817 3751 2934 3827 πρὶν
3018 3752 3316 3827 βρωμάτων
3391 3753 3704 3832 ἀνόρεκτοι,
3762 3749 3835 3804 καὶ

2217 3839 2430 3895 πάντων
2475 3837 2802 3917 δυσάρεστοι,
2838 3841 2924 3894 καὶ
2978 3841 3154 3906 πάντη
3213 3842 3456 3908 ἀκίνητοι
3515 3844 3591 3917 τῷ
3643 3841 3832 3918 μεγέθει

2218 3933 2324 3982 τῶν
2358 3929 2677 4002 νοσημάτων
2711 3929 2993 4006 ὁρώμενοι,
3028 3930 3113 3984 καί
3163 3928 3461 4007 ὀλιγοστῶν
3514 3933 3656 3995 ἐντὸς
3712 3932 3837 4004 ἡμε-

2219 4023 2324 4095 ρῶν
2382 4019 2550 4094 δγιεῖς
2584 4019 2666 4072 καὶ
2711 4017 3015 4094 ἀρτίφρονες
3066 4017 3310 4098 ἀτεχνῶς
3368 4021 3493 4084 τοὺς
3525 4022 3720 4076 ἑαυτῶν
3771 4015 3841 4071 οἴ-

2217 4118 2342 4170 κους
2372 4106 2673 4185 ἀπέτρεχον
2708 4105 2918 4184 ἄφοϐοι,
2974 4106 3235 4185 ἐχέγγυον
3287 4109 3581 4188 ἀσφάλειαν
3639 4109 3838 4188 ἔχοντες

2217 4197 2310 4251 τοῦ
2355 4197 2429 4270 μὴ
2473 4208 2592 4258 τοῖς
2638 4197 2820 4258 αύτοῖς
2878 4194 3078 4251 ἁλῶναι
3139 4196 3416 4270 παθήμασι
3481 4221 3541 4255 το
3574 4199 3709 4274 παρᾶ
3759 4201 3838 4251 τοῦ

2215 4283 2528 4348 πανενδόξου
2589 4286 2844 4358 μάρτυρος
2921 4286 3138 4348 τούτους
3219 4286 3598 4347 ἀπολελύσθαι.
3657 4287 3833 4348 ’Ὅσους

2213 4373 2267 4429 δὲ
2322 4375 2458 4430 κατὰ
2540 4375 2634 4436 τὰς
2720 4375 2907 4438 νύκτας
2996 4375 3448 4450 ἐπισκεπτόμενος
3522 4373 3830 4454 ὑπερέϐαινε,

487 4459 852 4540 praeteribat,
887 4460 1024 4521 illos
1055 4467 1252 4522 statim
1285 4462 1372 4522 vel
1398 4479 1557 4521 mors
1579 4461 1968 4540 rapiebat,vel
1992 4463 2128 4524 mali

2223 4463 2426 4526 τούτους
2487 4463 2520 4530 ἦ
2579 4468 2916 4541 παραχρῆμα
2966 4465 2992 4518 ὁ
3035 4465 3258 4526 θάνατος
3309 4465 3624 4546 ὑπεδέχετο,
3669 4467 3701 4532 ἢ
3747 4484 3833 4538 μα·

487 4548 880 4610 diuturnitate
913 4549 1256 4612 laborantes
1287 4551 1379 4612 vix
1443 4549 1674 4611 tandem
1725 4567 1833 4630 per
1863 4559 2120 4631 tempus,

486 4638 607 4699 imo
639 4655 715 4699 ne
747 4655 855 4717 per
888 4643 1119 4718 tempus
1151 4639 1416 4720 quidem,
1451 4640 1560 4700 nisi
1607 4648 1846 4720 martyr,
1883 4639 2125 4702 miseri-

561 4853 673 4923 (17)
701 4853 803 4909 Hic
860 4854 1031 4912 modo
1086 4855 1336 4912 Joannes
1368 4853 1808 4923 verbingrzecis
1840 4855 1899 4914 in
1934 4857 2129 4916 codice

488 4921 999 4997 olim_'hlazarinaao
1034 4926 1100 4982 de
1139 4941 1308 4997 prava
1354 4921 1948 4997 Thessalonicensium
1993 4930 2122 4994 vita,

486 4995 1092 5069 gravissimaque,quae
1124 4995 1198 5053 οι)
1227 4997 1371 5069 hanc
1402 4997 1630 5069 tandem
1661 4995 1776 5054 illis
1805 4999 2125 5069 obvenerit,

487 5069 822 5140 meritisque
845 5067 1041 5126 tamen
1077 5069 1265 5124 minor
1295 5067 1488 5140 fuerit,
1511 5067 1685 5140 divini
1706 5069 1968 5125 Numinis
2003 5067 2128 5126 vin;

486 5137 956 5211 dicta_nonnulla
1007 5140 1259 5211 disserit,
1308 5153 1374 5194 ac
1432 5138 1659 5211 deinde,
1697 5149 1754 5195 ut
1785 5142 1843 5196 in
1877 5141 1987 5197 illis
2020 5157 2128 5211 pu-

487 5209 715 5267 niendis
751 5211 852 5266 Dei
887 5209 1335 5266 misericordiam
1368 5209 1685 5266 mirandam
1718 5212 1885 5268 simul
1912 5209 2125 5269 aclau—

485 5279 1058 5354 dandamiostendat,
1099 5295 1162 5336 ea
1212 5282 1424 5349 statim,
1473 5295 1600 5352 qua
1622 5281 1723 5354 hic
1757 5282 1944 5354 Graece
1974 5299 2126 5354 pun-

484 5350 1233 5425 ctorum_interposition_em
1265 5365 1398 5408 mox
1449 5350 1760 5425 eicipiunt,
1805 5350 2121 5425 subjuhgit.

560 5423 671 5491 (18)
697 5422 946 5479 Joannes
978 5423 1086 5496 hoc
1142 5423 1305 5496 loco,
1343 5424 1571 5491 punctis
1620 5422 1924 5486 distincto.
1951 5422 2125 5496 quam

487 5496 698 5550 multas
730 5506 948 5564 strages
976 5493 1392 5550 Thessalonica:
1425 5496 1599 5563 pestis
1631 5493 2023 5552 miserandum
2056 5499 2112 5553 in

486 5565 719 5621 modum
752 5564 1044 5636 inﬂixerit,
1076 5579 1247 5636 quam
1280 5569 1583 5622 innumera
1617 5568 1813 5623 funera
1847 5569 2116 5633 attulerit,

483 5636 607 5709 fuse
645 5634 818 5692 simul
868 5650 932 5691 ac
971 5634 1243 5707 graphice
1276 5637 1545 5709 exponit;
1583 5647 1641 5696 ut
1673 5646 1858 5694 autem
1893 5640 2117 5709 plagam

483 5707 664 5776 illam,
698 5718 815 5766 non
847 5723 877 5766 e
906 5723 1076 5769 causa
1125 5707 1397 5775 naturali,
1453 5710 1556 5768 sed
1585 5724 1616 5769 θ
1651 5709 1842 5768 divina
1872 5707 2122 5770 vindicta

2211 4552 2458 4628 κρονοσία
2487 4553 2786 4627 κάμνοντας
2818 4552 2975 4626 μόλις
3038 4554 3139 4628 ὀψὲ
3186 4576 3314 4610 ποτε
3345 4552 3429 4609 διὰ
3460 4558 3657 4635 χρόνου
3693 4554 3719 4621 ἦ
3747 4553 3834 4606 άπ-

2212 4640 2423 4717 αλλαγὴ
2455 4648 2548 4698 τοῦ
2600 4643 2904 4716 νοσήματος
2959 4639 3173 4720 ἔφθανε,
3226 4641 3431 4717 μᾶλλον
3487 4643 3542 4699 δὲ
3595 4642 3706 4703 οὐδὲ
3757 4638 3828 4696 διὰ

2211 4855 2828 4916 Tbessalonicensibus
2858 4854 3162 4911 obvenisse
3192 4855 3471 4922 ostendat,
3498 4855 3688 4914 verbis
3712 4865 3834 4926 pro-

2210 4930 2368 4997 lixis,
2405 4927 2616 5000 quibus
2647 4926 2787 4984 illud
2820 4927 2979 5000 facit,
3005 4940 3066 4982 ea
3101 4927 3292 5000 etiam.
3327 4942 3448 4998 quae
3507 4925 3725 4998 punctis
3751 4925 3832 4980 in-

2212 4997 2503 5070 terpositis
2535 5013 2669 5054 mox
2706 5002 2798 5054 hic
2837 4997 3184 5070 subduntur,
3220 4997 3531 5070 interserit.

2283 5066 2397 5140 ('19)
2430 5070 2534 5136 Qui
2567 5085 2679 5127 non
2730 5067 2950 5126 morbis
3008 5076 3248 5140 tantum,
3281 5069 3381 5125 sed
3413 5066 3828 5140 spectrisetiatn

2211 5137 2398 5200 territi
2433 5142 2974 5199 Thessalonicenses
3023 5137 3094 5194 ad
3139 5137 3467 5197 sanctorum
3501 5139 3725 5210 templa,
3769 5148 3829 5192 ac

2211 5215 2499 5288 praecipue
2562 5213 2633 5288 ad
2688 5213 2872 5288 asdern
2919 5218 3116 5288 sancto
3182 5211 3470 5288 Demetrio
3519 5219 3826 5288 sacrasque

2211 5275 2478 5359 domibus
2532 5282 2655 5359 suis
2697 5284 2964 5359 fugerint,
3015 5281 3268 5359 Joannes
3302 5284 3506 5359 modo,
3549 5275 3825 5359 nonnullis

2210 5355 2417 5424 adhuc,
2443 5355 2657 5426 quibus
2687 5357 2879 5426 pestis
2919 5354 3253 5426 gravitatem
3287 5354 3824 5426 describerepergit,

2254 5423 2547 5493 rteissis,
2611 5423 2722 5496 hic,
2751 5423 3040 5494 explanat,
3074 5438 3140 5480 ac
3170 5423 3397 5486 deinde.
3435 5426 3531 5496 qui
3565 5423 3678 5496 illis
3710 5430 3826 5478 tan-

2241 5513 2326 5554 em
2367 5514 2397 5555 a
2447 5497 2652 5554 Sancto
2702 5495 2875 5553 fuerit
2907 5509 3268 5560 succursum,
3329 5495 3825 5566 per’verba,quai

2202 5579 2544 5640 punctorum
2595 5567 3090 5638 interpositionem
3152 5581 3284 5624 mox
3333 5565 3440 5624 hic
3505 5565 3814 5636 excipiunt,

2203 5649 2448 5698 enarrat.
