4100 6406
291 395 448 462 1229

1379 396 1440 463 S.
1486 401 1866 464 DEMETRII
1908 403 2308 466 MARTYRIS
2349 403 2572 467 ACTA.

3509 397 3668 468 1230

283 555 504 613 χρόνου,
540 535 584 589 εἰ
638 533 717 607 μὴ
766 531 1247 612 σπλαγχνισθεὶςὸ
1306 554 1506 612 μαρτυς
1539 537 1772 610 εὒμενως
1823 535 1924 593 ἐπ-

2030 536 2218 598 :ordia
2276 545 2491 616 metus,
2554 543 2904 614 aegrotatem
2979 531 3243 618 benigne
3314 536 3663 615 respiceret,

283 621 398 678 εἶδε
425 623 517 679 τὸν
547 623 874 699 κᾶρμνοντα.

366 710 473 773 λδ’,
530 709 683 767 Ἀλλ’
733 709 1003 787 ὁλιγοστοὶ
1062 711 1160 785 μὲν
1219 712 1356 779 ἦσαν
1413 714 1458 769 οἱ
1492 715 1666 770 αὐτόθι
1710 717 1784 778 ὡς
1833 715 1933 769 ἆν-

279 801 568 856 επίσκοποι
628 797 1069 871 τελευτῆταντες,
1106 799 1271 877 ὀλίγῳ
1314 798 1368 856 δὲ
1401 800 1608 860 πλείους
1653 804 1852 859 τούτων
1886 805 1933 860 οἱ

275 887 791 966 πολυχρονήσαντας
853 899 969 948 τοῖς
1029 889 1356 963 παθήμασιν.
1409 890 1545 945 Εἶτα
1587 890 1931 970 ἐπισκεφθέν-

276 999 366 1040 τες
429 980 501 1039 ὡς
546 977 748 1055 ὕτερον,
797 978 845 1031 οἱ
896 973 950 1030 δὲ
1000 977 1143 1055 ταχὺ
1197 983 1296 1043 τῆς
1354 979 1530 1054 ὑγείας
1573 981 1930 1057 τυγχάνοντες

277 1066 502 1144 ἀριθμὸν
560 1062 926 1141 ὑπερέϐαινον,
1005 1063 1167 1120 Ἀλλὰ
1241 1067 1317 1140 μή
1388 1088 1468 1128 τις
1536 1065 1821 1140 ἀδυναμίας
1892 1069 1928 1136 ἢ

277 1154 654 1233 ἆσπλαγχνίας
711 1153 748 1221 ἢ
805 1153 1258 1232 προσωποληψίας
1321 1153 1525 1219 ἀσεϐῶς
1579 1164 1672 1212 τοῦ
1702 1157 1928 1212 ἐπισκε-

280 1243 525 1320 ψαμένου
581 1244 1018 1320 καταψηφίζηται
1078 1244 1362 1323 μάρτυρος,
1391 1251 1496 1299 τῶν
1528 1242 1584 1300 δὲ
1636 1267 1928 1310 τηνικαῦτα

278 1332 608 1412 πασχόντων
649 1333 736 1387 καὶ
788 1338 865 1404 τῷ
920 1331 1106 1387 τούτου
1159 1337 1271 1404 ναῷ
1328 1333 1774 1412 προσφευφόντων
1833 1336 1927 1395 τὰς

279 1421 494 1500 πρᾶξεις
539 1421 839 1498 ἀναθρήσας
897 1420 974 1493 τῷ
1031 1426 1127 1494 νῷ,
1187 1422 1276 1478 καὶ
1328 1422 1392 1476 τὰ
1449 1422 1787 1498 προσήκοντα
1842 1423 1930 1478 καὶ

279 1509 508 1587 ἁρμόδια
568 1507 738 1580 δούλῳ
807 1510 1010 1586 γνησίῳ
1068 1509 1199 1565 Θεοῦ
1255 1509 1578 1588 φιλευσεϐῶς
1629 1510 1927 1588 λογισάμε-

278 1621 392 1670 νος,
471 1601 679 1676 εὗρήσει
764 1599 978 1662 πᾶντως
1050 1597 1341 1677 ἐπωφελῶς
1413 1601 1500 1654 καὶ
1571 1603 1644 1663 ὡς
1712 1601 1930 1678 προνοίᾳ

272 1689 465 1765 πρέπει
545 1689 678 1743 Θεοῦ
744 1689 830 1743 καὶ
889 1688 1011 1750 τοὺς
1071 1689 1216 1750 εὐθὺς
1301 1687 1743 1766 ἐλευθερωθέντας
1820 1697 1928 1745 τῶν

272 1781 592 1852 νοσημάτων
661 1779 996 1855 ὑγιασθῆναι,
1057 1778 1144 1832 καὶ
1210 1779 1332 1840 τοὺς
1401 1778 1798 1856 παρασυρέντας
1871 1779 1927 1834 ἐν

2019 625 2209 686 morbi
2242 627 2522 688 remissio
2554 624 2904 706 occupabat.

2098 715 2195 776 34.
2232 713 2452 777 Verum
2480 714 2825 795 paucissimi
2859 714 3005 787 illic,
3037 713 3194 775 velut
3223 715 3378 776 baud
3415 713 3663 795 visitati,

2019 804 2232 864 mortui
2263 812 2422 882 sunt,
2458 805 2644 865 multo
2692 811 2886 867 autem
2920 804 3255 884 pauciores,
3291 803 3389 884 qui
3422 802 3666 864 morbo-

2015 910 2148 952 rum
2177 893 2566 954 diuturnitate
2598 892 2922 955 conﬂictati
2955 892 3142 954 fuere.
3177 891 3290 964 Qui
3324 911 3500 972 porro
3530 891 3668 954 visi-

2016 987 2117 1040 tati
2139 983 2454 1044 sanitatem
2481 991 2684 1061 postea
2705 983 2902 1043 statim
2935 980 3310 1055 obtinebant,
3344 997 3664 1043 numerum

2014 1086 2352 1134 excessere.
2389 1070 2610 1133 Verum
2643 1090 2718 1132 ne
2751 1070 2888 1151 quis
2932 1071 3303 1150 impotentiae
3331 1070 3421 1130 vel
3457 1068 3665 1130 immi-

2014 1158 2362 1221 sericordiae
2393 1161 2484 1221 vel
2517 1178 2910 1241 personarum
2947 1161 3314 1240 acceptionis
3345 1167 3666 1239 martyrem

2012 1246 2343 1308 visitantem
2374 1248 2558 1329 impie
2589 1249 2854 1321 damnet,
2887 1267 3094 1311 eorum
3147 1250 3248 1324 qui
3307 1258 3446 1310 tunc
3499 1249 3661 1326 passi

2012 1344 2148 1394 sunt
2178 1345 2353 1416 atque
2382 1337 2455 1398 ad
2487 1338 2649 1399 illius
2680 1337 2968 1417 templum
3015 1337 3364 1416 confugere,
3397 1337 3665 1401 actiones

2015 1435 2218 1486 mente
2248 1426 2619 1507 expendeus,
2645 1445 2858 1507 eaque,
2881 1445 3015 1506 quae
3043 1445 3327 1505 germano
3357 1428 3463 1491 Dei
3495 1446 3668 1490 servo

2012 1514 2378 1574 conveniunt
2403 1533 2472 1577 ac
2505 1523 2867 1594 congruunt,
2895 1515 2993 1594 pie
3027 1515 3382 1594 recogitans,
3407 1517 3674 1580 inveniet

2013 1601 2282 1677 omnino,
2316 1613 2508 1677 recte,
2541 1613 2718 1684 atque
2748 1614 2813 1665 ut
2857 1604 2966 1665 Dei
3001 1605 3436 1682 providentiam
3471 1606 3666 1686 decet,

2011 1701 2071 1751 et
2101 1690 2258 1764 illos,
2279 1690 2380 1769 qui
2406 1692 2628 1753 morbis
2653 1693 2850 1753 statim
2879 1691 3116 1754 liberati
3141 1693 3406 1764 fuerunt,
3436 1702 3672 1756 sanatos

2013 1778 2226 1850 fuisse,
2253 1788 2311 1839 et
2340 1797 2465 1858 eos,
2502 1780 2604 1860 qui
2630 1779 2836 1841 morbo
2863 1779 2961 1841 diu
2989 1788 3289 1859 protracto
3316 1783 3471 1860 passi
3503 1793 3668 1860 sunt,

268 1867 485 1929 ταύταις
536 1867 886 1940 οἰκονομικῶς
945 1862 1310 1937 παιδευθῆναι,
1357 1868 1444 1923 καὶ
1501 1872 1622 1929 τοὺς
1684 1869 1920 1946 τάχιστα

2030 1866 2438 1928 :onvenienter
2481 1869 2539 1930 in
2571 1868 2739 1931 hisce
2786 1869 3025 1949 punitos
3055 1868 3261 1946 fuisse,
3297 1884 3356 1930 et
3405 1889 3533 1945 eos,
3568 1871 3672 1951 qui

271 1957 370 2012 τὸν
399 1955 513 2030 βίον
565 1953 935 2016 ἀπολιπόντας
988 1953 1358 2032 συμφερόντως
1403 1960 1556 2010 τοῦτο
1600 1959 1812 2030 παθεῖν,
1846 1958 1916 2018 ὡς

2030 1955 2332 2016 :elerrime
2366 1956 2544 2018 vitam
2597 1959 2879 2032 amisere,
2916 1957 3101 2019 fuisse
3149 1957 3234 2034 id,
3270 1961 3670 2039 quemadmo-

275 2044 618 2122 πανταχόθεν
670 2044 941 2120 φαίνεσθαι
1011 2047 1110 2108 τῆς
1168 2041 1432 2119 ἐνεργείας
1508 2051 1598 2100 τοῦ
1663 2045 1921 2122 μάρτυρος

275 2135 340 2190 τὸ
370 2130 588 2188 δυνατον
631 2133 718 2188 διαὶ
767 2132 1120 2208 προνοητικὸν
1167 2133 1257 2186 καὶ
1283 2130 1675 2210 φιλάνθρωπον,
1733 2136 1919 2206 Πόθεν,

277 2222 429 2300 φασὶ,
487 2221 652 2276 ταῦτα
708 2221 938 2301 πείθεις-
977 2221 1114 2294 ἡμᾶς
1170 2222 1259 2276 τὸν
1314 2221 1651 2298 ὑπερένδοξον
1711 2246 1924 2301 πεπρα-

293 2293 453 2390 γέναι
516 2310 874 2384 Δημήτριον;
918 2293 1035 2366 “οτίι
1095 2309 1194 2382 μὲν
1233 2310 1332 2388 γὰρ
1394 2293 1561 2388 μέγας
1621 2315 1763 2390 παρὰ
1821 2293 1936 2386 Θεῷ

291 2401 382 2455 καὶ
437 2396 673 2476 δυνατὸς,
709 2399 794 2454 καὶ
851 2395 1159 2476 φιλόπολις,
1202 2397 1569 2477 ὁμολογοῦμεν
1611 2400 1706 2457 καί
1763 2405 1932 2482 αὐτοὶ,

291 2489 695 2561 ὑποτοπαζομεν
754 2485 809 2541 δὲ
861 2485 1066 2561 μηδένα
1107 2498 1399 2554 τηνικαῦτα
1444 2495 1550 2544 τῶν
1582 2489 1758 2546 ἐκεῖσε
1815 2513 1934 2547 κει-

293 2576 468 2651 μένων
538 2577 827 2644 ἱαμοτικῶς
898 2575 1056 2632 αὒτὸν
1125 2576 1543 2653 ἐπισκέψασθαι,
1598 2577 1680 2635 διὰ
1737 2581 1798 2636 τὸ
1857 2581 1936 2654 μή

291 2665 576 2739 θεομῆνίαν
631 2664 871 2742 ἄντικρυς
929 2664 1072 2722 εἶναι
1123 2667 1183 2722 τὸ
1239 2667 1375 2722 κατὰ
1419 2668 1515 2735 τὴν
1573 2668 1732 2725 πόλιν
1779 2669 1936 2747 γινό-

294 2776 480 2834 μενον,
513 2753 602 2809 καί
661 2761 740 2827 τῷ
767 2755 846 2829 μὴ
891 2761 1245 2833 προσκροῦσαι
1276 2763 1350 2829 τῷ
1393 2757 1594 2824 ταότην
1657 2757 1936 2834 ἐκπεπομ-

293 2844 416 2924 φότι
448 2850 562 2918 Θεῴ
590 2844 698 2900 τῶν
733 2842 1006 2922 ἡμετέρων
1039 2841 1279 2921 πράξεων
1312 2844 1563 2924 τιμωρόν.

376 3021 479 3084 λε’,
538 3023 634 3080 Καὶ
665 3027 805 3102 πῶς,
837 3021 882 3078 ὦ
910 3020 1100 3100 ἀγαθοὶ
1152 3023 1241 3078 καὶ
1283 3021 1578 3098 ἀγαπητοὶ,
1623 3029 1709 3091 τῆς
1765 3025 1940 3102 ὑγείας

293 3112 443 3175 ἐντὸς
510 3109 722 3174 πλείους
767 3117 873 3167 τῶν
941 3110 1305 3184 ἀνακειμένων
1358 3109 1772 3182 ἀπροσδοκήτως
1817 3112 1943 3191 ἐγέ-

2007 2043 2144 2103 dum
2179 2043 2452 2124 decebat,
2483 2064 2710 2127 passos,
2745 2054 2806 2108 ut
2837 2046 3112 2126 martyris
3145 2047 3428 2126 potentia;
3463 2049 3669 2110 effica-

2009 2132 2098 2192 cia
2129 2141 2186 2193 et
2219 2134 2590 2212 providentia
2629 2143 2688 2197 et
2720 2136 3133 2198 misericordia
3163 2135 3384 2218 ubique
3417 2137 3660 2200 innote-

2017 2231 2232 2282 sceret.
2268 2221 2462 2304 Unde,
2489 2223 2681 2297 aiunt,
2709 2225 2883 2286 nobis
2917 2225 3264 2305 persuades,
3293 2226 3419 2288 haec
3448 2226 3668 2290 fecisse

2021 2311 2516 2388 gloriosissimum
2547 2313 2915 2376 Demetrium
2943 2314 2966 2374 ?
3008 2315 3161 2376 Eum
3195 2314 3355 2376 enim
3389 2333 3670 2394 magnum

2019 2399 2263 2479 quidem
2298 2409 2356 2462 et
2382 2411 2683 2482 potentem
2711 2403 2867 2481 apud
2896 2404 3082 2465 Deum
3105 2411 3163 2464 et
3181 2403 3431 2466 civitatis
3459 2422 3672 2466 aman-

2021 2496 2140 2548 tem
2191 2505 2326 2549 esse
2358 2489 2616 2552 fatemur
2666 2500 2725 2553 et
2756 2510 2864 2552 nos
2911 2492 3070 2569 ipsi;
3131 2494 3440 2555 nominem
3472 2501 3672 2555 autem

2026 2584 2166 2637 tunc
2197 2575 2423 2640 ibidem
2445 2579 2964 2662 decumbentium,
2987 2582 3244 2644 sanitate
3267 2581 3508 2661 tributa,
3534 2600 3674 2644 eum

2023 2665 2299 2726 visitasse
2349 2670 2745 2749 suspicamur,
2783 2670 2942 2750 quod
2997 2671 3079 2746 id,
3115 2670 3272 2748 quod
3332 2671 3394 2732 in
3443 2671 3677 2734 civitate

2022 2763 2276 2834 gestum,
2312 2753 2420 2817 Dei
2452 2758 2509 2817 in
2544 2758 2698 2819 banc
2747 2758 3028 2833 vindicta,
3061 2778 3193 2820 cum
3247 2759 3328 2840 ei,
3362 2760 3414 2820 si
3443 2760 3676 2822 isthanc

2021 2841 2392 2926 immisisset,
2425 2845 2730 2907 actionum
2764 2855 3104 2909 nostrarum
3137 2847 3421 2911 defensor
3451 2847 3670 2911 adver-

2022 2942 2256 2997 saturus
2287 2935 2442 2996 haud
2475 2935 2707 3009 fuisset,
2744 2935 2994 2997 minime
3023 2936 3343 2998 exstiterit.

2103 3024 2203 3087 35.
2237 3024 2310 3086 Et
2331 3023 2457 3102 qui,
2490 3043 2525 3086 o
2549 3024 2691 3086 boni
2713 3034 2894 3105 atque
2915 3023 3142 3105 dilecti,
3169 3025 3481 3089 sanitatem
3515 3025 3678 3089 intus

2025 3113 2512 3175 decumbentium
2545 3114 2715 3193 plure
2745 3113 3152 3194 inexspectato
3183 3113 3302 3174 sint
3339 3115 3673 3191 consecuti,

296 3223 473 3275 νοντο,
509 3200 626 3257 λίαν
677 3198 730 3255 δὲ
780 3200 1013 3278 βραχεῖς
1057 3206 1134 3274 τῷ
1163 3199 1367 3277 ἀριθμῷ
1409 3201 1783 3279 παρεσύρησαν
1825 3215 1938 3266 τοῖς

2031 3203 2347 3282 pauciores
2393 3210 2590 3264 autem
2625 3221 2875 3264 numero
2907 3221 3042 3262 cum
3102 3200 3329 3265 morbis
3356 3203 3678 3265 conﬂictati

298 3292 590 3365 νοσήμασι,
651 3288 840 3362 πολλῷ
896 3288 951 3344 δὲ
1023 3291 1221 3346 τούτων
1264 3287 1457 3355 ἥττους
1519 3291 1565 3346 οἱ
1608 3291 1708 3358 τὴν
1766 3293 1947 3371 ψυχὴν

297 3378 688 3456 ἀπορρήξαντες
761 3378 822 3434 ἐκ
918 3385 1010 3436 τοῦ
1071 3379 1503 3458 παρατυχόντος,
1567 3381 1651 3436 καὶ
1735 3382 1808 3444 ὡς
1889 3380 1951 3436 ἂν

297 3467 494 3533 συνέϐη
578 3471 640 3524 τὸ
714 3468 986 3543 ἐνσκῆψαν
1055 3468 1218 3532 πάθος
1297 3469 1333 3536 ἢ
1405 3474 1801 3547 κατακρατῆναι
1883 3476 1951 3538 τῆ

298 3557 519 3632 δδνάμει
576 3567 672 3616 τοῦ
730 3558 1081 3632 κάμνοντοςς
1139 3555 1310 3613 ’Λλλὰ
1377 3561 1586 3634 πρῶτον
1646 3560 1743 3632 μὲν
1782 3561 1844 3615 τὸ
1893 3560 1953 3616 ἐκ

297 3655 393 3704 τοῦ
423 3647 827 3726 παρατυχόντος
871 3645 1046 3723 λέγειν
1076 3669 1126 3702 τι
1176 3647 1407 3723 γίνεσθαι
1441 3651 1546 3702 τῶν
1594 3646 1774 3702 καλῶν
1833 3647 1949 3704 οὐδὲ

300 3742 630 3814 Χριστιανῶν
678 3736 843 3809 ἐστιν,
879 3734 1015 3794 ἀλλὰ
1057 3741 1162 3792 τῶν
1221 3733 1392 3790 ἀθέων
1443 3736 1528 3790 καὶ
1579 3735 1677 3803 τὴν
1736 3734 1948 3803 διοικη-

295 3827 453 3894 τικὴν
521 3832 614 3882 τοῦ
685 3826 850 3900 μόνου
919 3831 1052 3881 Θεοῦ
1107 3823 1359 3902 πρόνοιαν
1432 3823 1792 3900 ἀρνουμένων,
1863 3828 1950 3882 καὶ

301 3913 637 3988 αὐτομάτως,
697 3915 785 3970 καὶ
836 3915 908 3978 ὡς
977 3913 1163 3993 ἔτυχε,
1223 3913 1288 3968 τὰ
1345 3914 1518 3969 πάντα
1579 3911 1948 3978 διεξοδεύεσθαι

300 4003 644 4074 δοξαζόντων.
717 4004 853 4061 Εἶτα
903 4001 959 4058 δὲ
1015 4009 1154 4077 πῶς,
1189 4001 1384 4058 ε’ίπατέ
1441 4024 1555 4078 μοι,
1603 4005 1650 4059 οἱ
1708 4003 1805 4078 μὲν
1849 4002 1950 4068 ἔξω

299 4100 392 4150 τοῦ
435 4092 586 4171 ἁγίου
641 4099 766 4148 ναοῦ
815 4093 952 4148 κατὰ
995 4092 1118 4156 τοὺς
1161 4089 1315 4157 ἰδίους
1362 4091 1546 4156 οἴκους
1600 4093 1945 4165 νοσήσαντες,

300 4195 359 4240 οἳ
415 4183 610 4244 πάντες
645 4178 841 4261 σχεδὸν
899 4179 1250 4260 διεφθάρησαν
1303 4179 1446 4247 πλὴν
1499 4179 1715 4260 ὀλίγων,
1750 4183 1821 4246 ὡς
1863 4183 1950 4238 καὶ

298 4269 556 4349 ἀτάφους,
591 4271 666 4333 ὡς
725 4269 962 4348 εἴρηται,
1013 4282 1196 4344 μεῖναι
1241 4269 1362 4332 τοὺς
1394 4267 1652 4343 πολλοὺς,
1689 4271 1737 4325 οἰ
1766 4268 1820 4324 δὲ
1876 4271 1952 4344 τῷ

299 4360 592 4434 πανσέπτῷ
701 4357 906 4434 τεμένει
999 4365 1093 4415 τοῦ
1189 4356 1450 4436 μάρτυρος
1561 4359 1948 4438 προσφυγόντες

297 4447 531 4510 ἅπαντες
590 4445 784 4526 σχεδὸν
860 4445 1186 4514 διεσώθησαν
1217 4495 1231 4522 ,
1291 4447 1435 4514 πλὴν
1486 4445 1680 4524 ὀλίγων
1737 4453 1838 4504 τῶν
1897 4448 1952 4502 ἐν

302 4538 550 4616 προνοίας
635 4534 842 4609 παιδεία
903 4534 1360 4612 ὓποϐληθέντωνς
1435 4534 1582 4593 ’Ἔδει
1641 4537 1742 4616 γὰρ
1815 4538 1948 4594 κᾶν·

301 4629 494 4706 ταῦθα,
527 4624 683 4704 εἴπερ
714 4629 809 4685 οὒκ
852 4627 978 4682 αὐτὸ
1008 4622 1217 4696 ἰϐοῆθει
1263 4624 1618 4696 καταλλήλως
1653 4631 1721 4702 τῇ
1770 4629 1949 4702 πόλει,

302 4717 397 4774 τὸν
467 4717 656 4791 λοιμὸν
727 4715 1104 4790 ἐπισκήψαντα
1158 4715 1282 4778 τοὺς
1337 4714 1550 4778 πλείους
1625 4713 1949 4793 ἀπαλλάξαι,

303 4806 672 4885 βραχυτάτους
704 4803 758 4860 δὲ
789 4803 1135 4865 καταλιπεῖν.

390 4893 500 4958 λς’.
559 4895 630 4952 Τὺ
662 4891 717 4950 δὲ
771 4893 909 4950 κατᾶ
937 4894 1036 4970 μὲν
1090 4914 1184 4956 τας
1216 4891 1413 4970 ἀγορὰς
1474 4895 1560 4951 καὶ
1589 4894 1711 4958 τοὺς
1769 4894 1953 4959 οἴκους

2032 3291 2134 3352 diu
2155 3291 2695 3373 fuerint,longeque
2710 3292 2885 3353 etiam
2907 3291 3220 3371 pauciores
3249 3293 3508 3354 animam
3531 3310 3679 3354 casu

2036 3382 2368 3460 posuerint,
2391 3380 2733 3462 factumque
2764 3383 2938 3442 etiam
2972 3381 3142 3462 sit,ut
3173 3382 3476 3443 immissus
3509 3398 3678 3444 mor-

2035 3469 2146 3531 bus
2177 3470 2264 3532 vel
2287 3471 2852 3548 aegrotantisvirtute
2874 3470 3461 3533 vincereturYVerum
3489 3471 3679 3551 primo

2035 3559 2273 3638 quidem
2327 3579 2466 3622 casu
2501 3561 2704 3622 dicere
2733 3560 2974 3622 fortuito
3009 3561 3305 3622 bonorum
3351 3560 3678 3640 quidquam

2032 3648 2250 3708 factum
2279 3667 2432 3723 esse,
2456 3668 2574 3709 non
2598 3649 3072 3712 Christianorum
3098 3648 3319 3729 est,sed
3342 3648 3676 3729 atheorum,

2033 3736 2132 3814 qui
2165 3736 2730 3798 administratricem
2769 3739 2942 3798 unius
2977 3737 3082 3799 Dei
3117 3736 3548 3817 providentiam
3577 3755 3682 3798 ne-

2033 3835 2191 3902 gant,
2225 3827 2582 3907 omniasque
2614 3827 2840 3908 absque
2870 3828 3064 3890 alieno
3099 3827 3385 3907 impulsu,
3409 3836 3585 3907 atque
3615 3833 3683 3886 ut

2033 3933 2205 3976 casus
2253 3915 2387 3994 fert,
2423 3916 2661 3977 evenire
2692 3916 3034 3996 opinantur.
3085 3915 3315 3978 Deinde
3345 3933 3484 3976 vero
3533 3913 3682 3975 mihi

2033 4003 2236 4078 dicite,
2269 4003 2569 4084 quomodo
2614 4004 2723 4079 illi,
2759 4005 2864 4081 qui
2897 4014 3060 4066 extra
3089 4012 3357 4067 sanctum
3394 4001 3682 4083 templum

2034 4092 2094 4152 in
2120 4093 2379 4173 propriis
2409 4091 2687 4154 domibus
2719 4101 3100 4172 aagrotarunl,
3136 4111 3346 4154 omnes
3376 4093 3684 4172 fere,pau-

2036 4183 2120 4244 cis
2173 4182 2462 4261 exceptis,
2501 4182 2722 4245 mortui
2756 4183 2896 4262 sint,
2929 4181 3014 4242 ita
3060 4189 3146 4262 ut,
3179 4181 3683 4262 quemadmodum

2037 4273 2260 4332 dictum
2315 4280 2428 4351 est,
2465 4271 2637 4332 multi
2668 4279 2981 4334 manerent
3009 4270 3288 4350 insepulti
3324 4291 3341 4345 ;
3400 4269 3485 4330 illi
3515 4286 3680 4348 vero,

2037 4361 2138 4441 qui
2160 4361 2233 4421 ad
2254 4361 2658 4422 venerandum
2689 4361 2959 4440 martyris
2991 4360 3276 4440 templum
3310 4358 3684 4438 fugere,om-

2040 4469 2146 4510 nes
2176 4449 2320 4524 fere,
2355 4449 2641 4530 exceptis,
2679 4451 2779 4529 qui
2813 4468 3003 4530 pcenae
3033 4469 3066 4510 a
3101 4447 3484 4510 Providentia
3515 4445 3684 4506 fuere

2038 4537 2314 4618 subjecti,
2353 4539 2581 4614 paucis,
2614 4538 2835 4600 fuerint
2867 4537 3131 4600 servati?
3163 4535 3491 4617 Oportebat
3521 4532 3684 4595 enim

2037 4635 2094 4688 et
2120 4627 2240 4701 hic,
2273 4627 2386 4688 nisi
2417 4645 2741 4706 congruam
2775 4628 2876 4690 ille
2905 4627 3202 4690 attulisset
3233 4622 3690 4707 opem,ssevien-

2040 4725 2158 4779 tem
2192 4715 2253 4777 in
2287 4716 2580 4778 civitatem
2619 4726 2843 4796 pestem
2870 4716 3164 4798 plurimos
3194 4715 3514 4780 absumere
3546 4729 3686 4794 pau-

2036 4805 2428 4886 cissimosque
2459 4806 2654 4872 facere
2692 4806 2991 4869 residuos.

2119 4893 2215 4958 36.
2249 4893 2314 4955 Id
2346 4906 2543 4958 autem
2576 4895 2716 4975 illis,
2752 4895 2857 4972 qui
2886 4895 2947 4955 in
2979 4894 3125 4956 foris
3169 4903 3227 4957 et
3257 4891 3534 4955 domibus
3564 4887 3690 4952 suis

306 4983 476 5049 οὕτως
536 4983 800 5064 γενέσθαι,
836 4983 1018 5056 μόνοις
1072 4980 1128 5039 δὲ
1177 4995 1297 5046 τοῖς
1356 4981 1410 5036 ἐν
1466 4983 1543 5058 τῷ
1572 4985 1814 5061 παναγίῳ
1861 5006 1938 5042 τε·

2039 4989 2231 5058 erant,
2266 4982 2486 5046 factum
2523 5001 2680 5066 esse,
2708 4984 2850 5044 solis
2878 5001 3017 5046 vero
3045 4983 3186 5059 illis,
3212 4983 3316 5065 qui
3344 4981 3408 5043 in
3437 4981 3692 5043 sanctis-

306 5073 458 5151 μένει
520 5079 613 5130 τοῦ
669 5073 932 5151 μάρτυρος
991 5072 1070 5148 μὴ
1116 5078 1270 5128 τοῦτο
1327 5069 1618 5147 συμϐῆναι,
1663 5071 1802 5129 ἀλλὰ
1871 5083 1938 5131 κά

2041 5073 2190 5136 simo
2225 5073 2496 5152 martyris
2531 5073 2752 5153 templo
2787 5081 2977 5151 erant,
3015 5091 3130 5134 non
3167 5072 3334 5147 illud,
3369 5071 3476 5133 sed
3509 5073 3688 5134 etiam

305 5163 634 5237 τούναντίον,
677 5163 903 5240 ἐναργὴς
960 5159 1252 5241 ἀπόδειξις,
1306 5167 1490 5217 τοῦτον
1547 5159 1808 5228 δεσπότην
1867 5167 1938 5220 τοὶ

2041 5161 2428 5237 contrarium,
2469 5161 2807 5237 obvenisse,
2843 5173 3259 5241 argumentum
3291 5169 3383 5223 est
3411 5160 3692 5223 luculen-

305 5253 463 5311 οἴκου
517 5253 609 5320 τὴν
670 5253 829 5310 αὐτοῦ
895 5249 1262 5330 φιλάνθρωπον
1346 5248 1612 5328 ἐνέργειαν
1692 5249 1938 5317 ἐπιδείξα-

2045 5249 2363 5326 tum,illum
2399 5251 2612 5312 domus
2635 5250 2943 5313 dominum
2979 5251 3389 5315 misericordis
3413 5248 3694 5328 potentias

303 5347 447 5405 σθαι,
509 5341 623 5409 ’ἶνα
655 5339 710 5396 δὲ
753 5341 841 5396 καὶ
889 5347 974 5396 νῦν
1006 5340 1338 5414 πιστεύωμεν
1400 5336 1656 5419 ἅπαντες,
1687 5341 1760 5404 ὠς
1814 5363 1938 5416 προ-

2038 5361 2160 5406 suae
2183 5345 2492 5426 specimen
2519 5339 2782 5402 dedisse.
2800 5338 2875 5402 Ut
2899 5358 3074 5421 porro
3099 5360 3257 5402 nunc
3281 5355 3490 5426 omnes
3511 5337 3690 5398 etiam

304 5430 423 5503 νοίᾳ
481 5432 614 5487 Θεοῦ
660 5430 726 5487 τὰ
762 5429 936 5486 πάντα
987 5425 1278 5507 διαπίπτει,
1313 5430 1399 5484 καὶ
1443 5427 1589 5485 οὐδὲν
1620 5434 1723 5484 τῶν
1775 5427 1938 5486 καλῶι

2039 5424 2373 5506 credamus,
2409 5429 2686 5490 universa
2718 5429 2960 5491 evenire
2990 5427 3100 5490 Dei
3149 5424 3541 5510 providentia,
3576 5441 3690 5486 nec

306 5518 361 5584 ἑξ
435 5520 757 5597 αὗτοκράτου
843 5518 1051 5597 γίνεται,
1126 5517 1199 5580 ὥς
1280 5538 1418 5581 τινες
1472 5516 1790 5594 ληρωδοῦσι,
1860 5520 1938 5574 ται

2038 5523 2334 5586 honorum
2387 5517 2740 5598 quidquam,
2775 5519 2854 5578 uti
2903 5518 3082 5598 aliqui
3135 5525 3450 5594 nugantur,
3480 5519 3691 5593 sponte

307 5608 556 5671 τοιαύτας
606 5614 699 5664 106
728 5613 961 5686 πονηροῦ
1019 5607 1216 5666 ἓννοίας
1248 5605 1309 5661 ἐκ
1363 5607 1611 5684 πρέμνων
1642 5611 1813 5666 αὐτῶν
1859 5615 1938 5676 τῆι

2040 5632 2147 5674 sua
2171 5607 2464 5691 progigni,
2493 5609 2673 5681 Deus,
2700 5605 3046 5686 hujusmodi
3075 5603 3345 5666 malevoli
3367 5600 3692 5691 suggestio-

308 5699 468 5776 ἡμῶν
527 5695 740 5776 καρδίας
806 5700 834 5754 ὁ
889 5696 1017 5762 Θεὸς
1076 5694 1302 5771 ἐκκόψαι
1359 5695 1683 5777 βουλόμενος
1753 5697 1938 5768 ἤνοιξε

2041 5720 2152 5766 nes
2173 5689 2249 5766 ex
2275 5689 2426 5783 ipsis
2451 5695 2654 5759 cordis
2677 5695 2866 5759 nostri
2900 5693 3190 5778 stirpibus
3221 5692 3424 5759 volens
3455 5689 3692 5760 exscin-
