4100 6414
509 401 653 472 1231
1869 393 2215 464 SUPPLEM
2225 392 2522 465 ENTUM.
3703 399 3834 468 1232

510 543 677 616 dere,
710 541 888 603 unius
915 557 985 602 ex
1001 537 1225 601 ibidem
1249 541 1386 599 tunc
1407 535 1916 598 decumbentibus
1939 534 2122 596 menti

2241 535 2356 600 ἑνὸς
2413 533 2521 590 τῶν
2589 532 2769 590 ἐκεῖσε
2823 531 3115 599 τηνικαῦτα
3186 530 3440 606 κειμένων
3496 534 3610 597 τοὺς
3665 536 3835 615 ὃφθαλ.

508 631 714 693 oculos
743 631 998 711 aperuit,
1023 625 1332 706 noctisque
1358 633 1630 705 tempore
1652 625 1809 686 velut
1839 625 1900 685 in
1930 632 2127 686 exstas

2239 627 2370 700 μοὸς
2400 630 2494 680 τοῦ
2547 631 2658 699 νοῦ,
2691 624 2783 678 καί
2832 623 2966 678 κατὰ
3021 622 3182 678 νύκτα
3215 624 3287 685 ὡς
3341 623 3393 677 ὲν
3427 622 3656 680 ἐκστάσει
3707 629 3836 702 γινό-

510 720 611 782 hic
632 709 823 781 factus
839 717 1120 780 Sanctum
1145 714 1456 793 chlamyde
1479 714 1776 788 indutum,
1801 731 2129 792 roseamqw

2240 735 2396 788 μενος
2458 713 2596 790 ἑώρα
2625 713 2716 768 τὸν
2771 711 2919 788 ἅγιον
2949 709 3198 791 χλαμύδα
3258 712 3603 790 ἠμφιεσμένον
3634 715 3714 770 καὶ
3763 715 3836 770 εὐ-

511 827 582 871 ac
609 816 913 871 venustam
949 805 1160 868 faciem
1193 803 1609 886 praeferentem
1664 804 1827 877 vidit,
1856 813 1918 864 ut
1949 804 2008 864 in
2046 821 2130 882 po

2239 800 2388 870 ροδον
2461 803 2549 858 καὶ
2607 802 2793 881 χάριεν
2886 802 2946 856 τὸ
3003 801 3289 876 πρόσωπον
3345 800 3559 879 ἔχοντα,
3626 802 3693 866 ὣς
3742 825 3842 860 τινα

513 897 743 978 pulum,
778 915 896 958 non
950 911 1124 956 secus
1154 912 1221 954 ac
1253 893 1461 954 consul
1512 893 1781 974 quidam,
1812 901 2053 971 accepta
2083 891 2132 950 al

2240 891 2440 947 ὕπατον
2497 893 2636 968 παρὰ
2693 888 2956 966 βασιλέως
3014 888 3249 954 ἐξουσίαν
3307 888 3549 960 λαϐόντα,
3605 889 3841 966 διανεῖμαι

512 977 975 1067 imperatoribus
1033 989 1350 1064 potestate,
1399 981 1692 1044 beneﬁcia
1741 980 2130 1042 distribuerat

2241 981 2315 1052 τῷ
2374 977 2530 1054 δῆμῳ
2587 980 2682 1043 τας
2737 979 2966 1067 χάριτας
3045 980 3344 1057 ἒρχόμενον
3399 981 3484 1035 καὶ
3539 979 3723 1041 πάντας
3761 981 3842 1054 μὲν

513 1065 1295 1152 advenientem,omnesque
1327 1070 1599 1150 quidem,
1623 1071 1722 1152 qui
1748 1069 2130 1150 periclitaban

2241 1068 2596 1125 ἐπιϐλέποντα
2666 1069 2789 1131 τοὺς
2848 1066 3270 1142 κινδυνεύοντας,
3319 1069 3424 1124 τισὶ
3481 1065 3667 1134 δὲτὴν
3704 1081 3844 1148 χεῖρα

510 1172 630 1238 tur,
658 1162 1107 1243 respicientem,
1128 1159 1484 1240 quibusdam
1513 1177 1654 1221 vero
1687 1177 1925 1220 manum
1957 1157 2037 1218 im
2050 1177 2129 1236 po

2241 1157 2562 1237 ἐπιτιθέντα,
2621 1158 2710 1213 καὶ
2765 1159 2855 1213 τὸν
2928 1161 3151 1233 σταυρὸν
3208 1157 3615 1230 κατασημαίνειν
3669 1159 3843 1236 πειρώ-

509 1261 778 1328 nentem,
813 1268 1176 1330 crucemque
1198 1250 1546 1327 imprimere
1578 1257 2128 1328 satagentem;quos

2239 1268 2419 1320 μενον.
2480 1247 2636 1309 Τινὰς
2681 1243 2736 1301 δὲ
2791 1249 3000 1324 στυγνῷ
3060 1244 3331 1324 προσώπῳ
3379 1246 3466 1301 καὶ
3495 1244 3650 1320 μόνον
3697 1268 3842 1324 προσο

509 1342 647 1404 dam
677 1347 875 1402 autem
911 1338 1177 1401 subtristi
1206 1337 1383 1399 etiam
1408 1337 1571 1398 vultu
1604 1337 1882 1398 duntaxat
1911 1337 2118 1396 intuen

2239 1332 2526 1409 ϐλέποντα,
2560 1334 2768 1410 ὀλίγους
2829 1333 2882 1390 δὲ
2942 1336 3078 1393 πάνυ
3133 1336 3268 1409 μετὰ
3326 1333 3529 1402 ¹ιῑολλῆς
3584 1335 3843 1413 κατηφείας

509 1438 657 1506 tem,
692 1428 1085 1510 paucissimos
1132 1444 1270 1488 vero
1302 1428 1492 1489 multo
1521 1426 1730 1488 dolore
1779 1444 1848 1487 ac
1881 1424 2128 1486 mmstiti;

2239 1425 2326 1480 καὶ
2394 1422 2836 1499 σκυθρωπότητπ
2891 1421 3293 1502 ὑπερϐαίνοντα,
3355 1425 3427 1489 ὣς
3492 1421 3625 1499 μηδὲ
3688 1423 3842 1501 ἔνορᾷν

511 1525 999 1600 praetereuntem,
1030 1517 1113 1577 ita
1154 1523 1219 1577 ut
1250 1515 1386 1577 illos
1439 1533 1561 1596 pra;
1591 1533 1806 1593 magno
1835 1514 1912 1577 de
1942 1512 2130 1575 iisden

2242 1513 2426 1576 αὐνοὺς
2495 1511 2692 1569 ἐθέλειν
2752 1511 2836 1568 διὰ
2888 1513 2949 1569 τὸ
3004 1512 3141 1570 πολὺ
3209 1518 3310 1579 τῆς
3373 1515 3498 1592 πρὸς
3553 1514 3726 1577 αὐτοὺς
3761 1512 3844 1569 λύ-

513 1625 774 1670 ωωτοτε
803 1605 1024 1668 intueri
1053 1603 1212 1666 haud
1245 1603 1444 1666 vellet.

752 1625 774 1668 ε
803 1605 1024 1668 intueri
1053 1603 1212 1666 haud
1245 1603 1444 1666 vellet.
2241 1624 2371 1668 πης.

593 1697 697 1760 3'7.
727 1695 800 1758 Hi
830 1696 1008 1774 igitur
1037 1710 1212 1755 mane
1238 1692 1480 1774 quidem
1532 1699 1631 1754 aut
1659 1691 1831 1754 brevi
1865 1701 1995 1772 post
2026 1709 2158 1752 om-

2323 1689 2426 1761 λζ’.
2483 1694 2637 1749 Οὗτοι
2694 1692 2794 1767 μὲν
2851 1694 2940 1748 οὖν
2990 1689 3150 1748 ἕωθεν
3201 1691 3236 1759 ἢ
3287 1693 3422 1767 μετὰ
3475 1693 3642 1772 βραχὺ
3697 1692 3845 1758 πάντη

511 1785 656 1848 nino
685 1802 755 1846 ac
785 1791 952 1847 certo
981 1781 1412 1860 moriebantur,
1445 1781 1531 1843 illi
1558 1799 1724 1862 vero,
1755 1787 1855 1862 qui
1886 1781 2130 1843 subtrist

2242 1801 2299 1836 τε
2329 1781 2416 1836 καὶ
2447 1781 2659 1846 πάντως
2717 1781 3074 1860 ἀπέθνησκον,
3109 1783 3156 1836 οἱ
3212 1779 3268 1836 δὲ
3297 1783 3387 1838 καὶ
3440 1788 3640 1858 στυγνῷ
3665 1781 3848 1857 προσώ-

511 1873 780 1955 quamvis
833 1873 1019 1954 vultu,
1051 1871 1314 1934 salviﬁco
1374 1879 1572 1933 tamen
1624 1872 1892 1952 martyris
1941 1871 2130 1932 intuiti

2242 1892 2352 1943 πῳ,
2398 1869 2544 1944 ὅμως
2587 1867 2643 1925 δὲ
2702 1867 3115 1934 καταξιωθέντες
3165 1874 3264 1936 τῆς
3314 1877 3403 1927 τοῦ
3460 1871 3705 1948 μάρτυρος
3753 1891 3849 1926 σω-

510 1964 746 2026 fuerant
797 1963 1090 2038 honorati,
1124 1980 1244 2023 non
1278 1960 1603 2022 interibant
1643 1959 1912 2041 quidem,
1949 1959 2129 2021 morbi

2241 1958 2532 2034 τηριῶδους
2591 1956 2938 2033 εἰσϐλέψεως,
3001 1959 3061 2014 οὐ
3117 1957 3468 2036 διεφθείροντο
3527 1959 3644 2034 μὲν,
3696 1963 3744 2015 liv
3805 1957 3850 2014 δὲ

511 2059 711 2115 tamen
744 2052 846 2114 diu
876 2049 1298 2114 cruciabantur
1329 2068 1346 2126 ;
1381 2069 1584 2112 verum
1617 2069 1751 2111 cum
1783 2067 1917 2112 sese
1947 2049 2130 2111 visita

2238 2049 2315 2122 τῷ
2371 2049 2523 2105 πάθει
2585 2047 2884 2127 ἐχρόνιζον,
2922 2046 3041 2102 ἀλλ’
3097 2046 3366 2112 εὐέλπιδες
3424 2050 3558 2117 ἦσαν
3615 2049 3849 2105 ἀκούσαν-

509 2141 697 2216 tione,
727 2149 1010 2204 ututcum
1035 2147 1649 2215 mcerore,conventos
1669 2139 1913 2200 omnino
1945 2138 2128 2200 fuisse

2239 2159 2324 2201 τες
2389 2138 2530 2216 παρὰ
2559 2144 2650 2194 τοῦ
2707 2137 3031 2213 ἑωρακότος,
3066 2136 3148 2192 ὅτι
3203 2137 3343 2202 ὅλως
3404 2138 3499 2194 κᾶν
3532 2139 3662 2213 μετά
3701 2137 3849 2204 λύπης

511 2248 583 2292 ex
608 2230 844 2310 illo,qui
867 2229 1155 2292 visionem
1187 2227 1961 2302 habuerat,intellexissent,
1987 2246 2130 2308 spen

2243 2226 2542 2293 ἐπισκοπῆς
2624 2224 2948 2292 ἠξιώθησαν,
3035 2225 3349 2284 Ἐπίστευον
3408 2224 3462 2282 δὲ
3518 2235 3592 2300 τῷ
3669 2225 3850 2305 λέγοντι

512 2319 734 2382 bonam
752 2336 1108 2400 concepere.
1130 2317 1338 2379 Fidem
1363 2327 1557 2379 autem
1586 2316 1711 2378 haec
1733 2316 1955 2378 dicenti
1984 2317 2122 2379 adhi

2241 2323 2406 2372 ταῦτα
2450 2319 2510 2371 εκ
2539 2323 2631 2373 τοῦ
2687 2316 2807 2378 τοὺς
2847 2313 3166 2392 λεγομενους
3211 2339 3289 2389 μη
3341 2315 3704 2396 ἐπισκεφθὶιναι
3756 2339 3850 2372 πα-

513 2408 780 2471 buerunt
821 2427 892 2471 ex
924 2426 1018 2484 eo,
1051 2406 1209 2488 quod
1260 2424 1411 2486 quos
1469 2406 1738 2488 visitatos
1769 2406 1927 2468 haud
1980 2407 2132 2468 flliSSt

2243 2406 2500 2484 ραχρῆμα
2549 2403 2793 2477 τελευᾷν,
2851 2405 2942 2460 καὶ
2999 2404 3160 2460 πάλιν
3229 2406 3353 2467 τοὺς
3420 2403 3849 2479 ὑποδεικνυμένους

511 2507 828 2572 assereret,
853 2497 1016 2558 illico
1041 2503 1808 2574 morarentur.rursumque
1830 2495 1988 2575 quod
2011 2514 2128 2576 quo

2243 2495 2298 2549 ἐν
2353 2494 2626 2567 ἱλαρότητι
2685 2497 3232 2573 κατασφραγισθῆναι,
3294 2493 3454 2550 ἕωθεν
3510 2494 3621 2550 εὐθὺ
3674 2495 3733 2550 τὰ
3769 2499 3850 2559 τῆς

511 2587 577 2648 in
607 2586 900 2648 hilaritate
930 2585 1193 2663 signatos
1221 2584 1407 2646 fuisse
1442 2591 1738 2664 moneret,
1765 2584 1960 2646 statim
1988 2603 2130 2646 mani

2241 2583 2441 2661 ὑγιείας
2506 2581 2842 2661 ἐπιφέρεσθαι
2913 2583 3213 2657 σήμαντρα,
3280 2585 3356 2646 ὡς
3429 2579 3562 2657 μηδὲ
3616 2583 3728 2647 τοὺς
3788 2583 3853 2638 ἰα-

515 2675 842 2737 sanationis
871 2673 1040 2753 signa
1071 2673 1444 2754 praeferrent,
1477 2672 1560 2734 ita
1593 2679 1657 2734 ut
1699 2674 1771 2734 ad
1805 2672 1952 2734 tales
1981 2691 2134 2735 acce.

2241 2673 2391 2736 τοοὺς
2462 2669 2666 2746 τολμᾷν
2735 2671 2856 2734 τοὺς
2924 2672 3195 2736 τοιούτους
3266 2670 3457 2728 λοιπὸν
3523 2670 3852 2749 προσεγγίζειν

513 2764 661 2827 dere
681 2763 969 2844 deinceps
1000 2762 1218 2826 medici
1248 2781 1368 2824 non
1398 2761 2002 2836 auderent,timentes
2026 2780 2132 2843 pos

2242 2758 2474 2824 δεδιοτας
2521 2762 2658 2834 μετὰ
2697 2759 2797 2827 τὴν
2842 2758 3107 2839 σφραγῖδα
3162 2759 3256 2816 τοῦ
3307 2761 3568 2840 μάρτυρος
3620 2761 3853 2839 ἀνθρωπί-

507 2853 868 2934 impressum
902 2870 936 2914 a
974 2859 1231 2933 martyre
1258 2853 1494 2932 signum
1535 2851 1684 2915 artis
1713 2851 1991 2914 humanas
2024 2869 2120 2915 me

1727 2853 1991 2914 humanae
2024 2869 2155 2915 me-
2243 2873 2339 2918 νης
2370 2849 2571 2930 τέχνης
2601 2849 2966 2929 προσαγαγεῖν
2999 2849 3346 2924 βοηθήματα.

507 2941 706 3005 delam
743 2942 1058 3004 adhibere.

587 3032 689 3093 38.
742 3031 851 3095 llle
877 3039 1099 3109 autem,
1133 3032 1232 3112 qui
1262 3029 1464 3093 videre
1510 3035 1618 3093 ista
1647 3031 1870 3112 dignus
1919 3029 2156 3094 habitus

2320 3027 2436 3094 λη’.
2497 3029 2663 3092 Αὐτὸς
2712 3024 2789 3103 δὲ,
2825 3030 2852 3084 ὁ
2895 3033 3061 3084 ταῦτα
3116 3027 3460 3095 καταξιωθεὶς
3509 3028 3658 3102 ἰδεῖν,
3688 3028 3764 3091 εἷς
3801 3025 3854 3094 ἦν

505 3123 720 3194 fuerat,
753 3139 959 3183 eorum
991 3120 1096 3201 qui
1128 3120 1336 3181 morbo
1388 3120 1490 3183 diu
1523 3120 1966 3196 cruciabantur,
2000 3139 2120 3182 unu

2237 3123 2345 3174 τῶν
2404 3118 2765 3197 χρονισάντων
2821 3115 2876 3172 ἐν
2935 3123 3014 3190 τῷ
3069 3119 3361 3194 νοσήματι,
3393 3121 3478 3176 uol
3523 3139 3613 3184 τας
3660 3118 3854 3175 ἑκάστου

507 3220 656 3292 erat,
718 3210 1540 3308 atqueuniuscujusque-e
1610 3209 2119 3308 pr_azdic_tis_rebu

2237 3211 2342 3262 τῶν
2402 3206 2696 3308 εἰρημένων
2752 3205 3082 3308 πραγμάτων
3141 3204 3388 3272 ἐκϐάσεις
3433 3208 3592 3289 ἑώρα.
3637 3217 3753 3270 Τοῖς
3805 3225 3853 3262 τε

503 3291 754 3364 eventus
780 3299 1040 3361 videbat.
1071 3298 1128 3360 Is
1149 3299 1308 3360 enim
1340 3299 1568 3370 statim,
1591 3299 1693 3377 qui
1715 3297 1950 3360 sanitati
1979 3297 2116 3360 inex

2238 3297 2342 3372 γὰρ
2383 3294 2562 3359 ἐὐθὺς
2648 3291 3063 3370 ἀπροσδοκήτως
3144 3296 3496 3374 ῥωννυμένοις
3579 3297 3849 3376 συνέχαιρε,

501 3396 768 3470 spectato
799 3386 1293 3457 restituebantur,
1320 3385 1756 3466 congaudebat,
1778 3405 2024 3466 eosque,
2051 3405 2120 3467 qu

2236 3383 2355 3470 τούς
2412 3403 2470 3438 τε
2505 3381 2627 3458 παρ’
2687 3381 2803 3438 εὐθὺ
2863 3383 2953 3439 τὸν
3006 3385 3120 3457 βίον
3173 3383 3665 3467 ἀπολιμπάνοντας,
3696 3386 3735 3440 εἰ
3781 3383 3852 3438 καὶ

501 3468 802 3556 extemplo
834 3477 950 3537 vita
983 3474 1372 3550 excedebant,
1410 3475 1518 3536 etsi
1552 3474 1725 3554 pauci
1768 3475 2009 3555 quidam
2045 3494 2118 3556 pe

2235 3468 2405 3548 ὀλίγοι
2463 3471 2607 3534 τινὲς
2651 3473 2698 3528 o’.
2755 3478 2984 3529 τοιοῦτοι
3045 3474 3191 3532 ὦσαν
3233 3473 3316 3531 διὰ
3376 3477 3439 3532 τὸ
3483 3482 3572 3533 τού
3621 3475 3851 3554 μάρτυρος

502 3567 783 3644 martyris
816 3563 1242 3642 benignitatem
1288 3571 1488 3624 essent
1519 3563 1886 3642 hujusmodi,
1924 3572 2121 3627 natura

2234 3559 2471 3633 εὐμενὲς,
2506 3559 2652 3635 ὅμως
2709 3561 2846 3617 κατὰ
2901 3563 2963 3617 τὸ
3021 3561 3220 3641 πρέπον
3277 3570 3346 3640 τῇ
3399 3566 3549 3644 φύσει
3605 3563 3847 3642 ἐδάκρυσε,

499 3654 697 3717 tamen
729 3662 790 3716 ut
821 3670 1149 3731 congruum
1180 3661 1330 3731 erat,
1369 3651 1738 3732 deplorabat,
1773 3660 1951 3734 atque
1987 3655 2118 3715 illos

2233 3651 2353 3713 τούς
2409 3670 2467 3706 τε
2525 3649 2618 3704 σὺν
2673 3651 2816 3723 αὐτῷ
2875 3664 2994 3715 τοῖς
3053 3652 3270 3708 πάθεσιν
3329 3655 3726 3734 ἑγχρονίζοντας
3753 3663 3850 3714 τοῖς

499 3745 606 3822 qui
634 3761 837 3805 secum
872 3741 1066 3804 morbi
1099 3741 1492 3802 diuturnitate
1525 3740 1980 3821 premebantur,
2015 3761 2114 3804 ser

2231 3735 2414 3816 λόγοις
2471 3743 2851 3816 παρεμυθεῖτο,
2886 3740 2985 3801 τὴν
3045 3741 3320 3816 ὑπομονὴν
3381 3745 3594 3807 ἐντιθεὶς
3639 3744 3720 3799 καὶ
3759 3740 3849 3814 ἅμα

498 3832 775 3896 monibus
797 3830 1588 3911 consolabatur.patientiam
1613 3831 2117 3914 suadens,cumqu

2233 3829 2324 3884 σὺν
2406 3831 2589 3893 αὐτοῖς
2669 3830 3052 3904 κατακείμενος
3120 3830 3561 3898 ἀξιοπιστότατος
3637 3831 3850 3890 ἐφαίνετο

495 3941 616 3984 una
645 3941 777 3984 cum
815 3921 935 3982 illis
965 3919 1381 4000 decumberet,
1417 3919 1534 3982 ﬁde
1565 3919 1782 3996 dignus
1813 3919 2114 3984 videbatur

2236 3915 2556 3996 σύμϐουλος,
2610 3925 2702 3975 τοῦ
2735 3915 2847 3975 δεῖν
2905 3918 3022 3994 μετ’
3083 3923 3429 3998 εὐχαριστίας
3458 3924 3524 3978 τὰ
3571 3921 3850 4000 ἑπαγόμενα

497 4011 642 4073 dum
670 4029 802 4072 cum
828 4011 1151 4088 gratiarum
1185 4009 1419 4072 actione
1449 4009 1697 4071 ferenda
1722 4027 1853 4072 esse
1887 4012 2112 4074 immiss

2233 4007 2430 4087 φέρειν.
2509 4006 2705 4085 Ἔλεγε
2763 4008 2864 4086 γὰρ
2945 4022 3064 4072 τοῖς
3137 4012 3644 4089 συγκατακειμένοις
3705 4011 3847 4082 αὐτῷ·

499 4100 807 4162 suadebat.
843 4098 921 4161 Iis
951 4099 1134 4174 enim,
1170 4100 1270 4178 qui
1329 4117 1534 4161 secum
1567 4098 2030 4181 decumbebant,
2065 4101 2118 4163 di

2235 4095 2513 4173 Θαρῤεῖτε,
2574 4094 2811 4175 ἀδελφοί·
2873 4098 3114 4155 πιστεύω
3185 4099 3285 4177 γὰρ
3343 4105 3422 4176 τῷ
3473 4105 3607 4176 Θεῷ,
3651 4102 3727 4157 ὃτι
3777 4097 3849 4153 καὶ

498 4189 724 4252 cebat:
783 4188 1102 4269 Conﬁdite,
1139 4189 1401 4262 fratres;
1457 4188 1641 4251 credo
1691 4189 1850 4250 enim
1913 4189 2040 4251 fore
2089 4210 2117 4252 u

2231 4194 2337 4244 τῶν
2397 4190 2670 4267 ἁμαρτιῶν
2698 4188 2843 4264 ἡμᾶς
2895 4188 3162 4268 ἐλευθεροῖ
3190 4188 3271 4246 διὰ
3329 4195 3423 4250 τοῦ
3451 4197 3736 4273 χρονισμοῦ
3761 4190 3848 4245 τῶν

491 4277 654 4341 Deus
685 4297 792 4360 per
814 4278 1008 4342 morbi
1031 4278 1474 4340 diuturnitatem
1501 4277 1762 4359 peccatis
1780 4297 1886 4340 nos
1909 4278 2110 4341 liberet

2232 4279 2576 4357 νοσημάτων,
2628 4279 2713 4334 καὶ
2757 4277 2960 4336 έλέπων
3011 4281 3085 4342 ὡς
3129 4281 3460 4359 εὐχαρίστως
3508 4284 3641 4359 μετὰ
3686 4282 3846 4357 προθυ-

491 4367 850 4449 vidensque,
870 4369 1032 4448 quod
1065 4385 1196 4428 cum
1225 4366 1549 4446 gratiarum
1571 4367 1808 4428 actione
1840 4366 2105 4446 animiqu

2229 4367 2352 4440 μίας
2422 4368 2522 4433 τὴν
2565 4365 2803 4424 παιδείαν
2874 4371 3031 4426 αὐτοῦ
3095 4367 3359 4449 δεχόμεθο
3412 4375 3496 4429 καὶ
3562 4369 3843 4451 ἀγογγυστί,

493 4455 792 4516 alacritate
845 4472 914 4515 ac
971 4453 1103 4515 sine
1166 4455 1640 4516 murmuratione
1695 4454 2112 4530 castigationem

2227 4459 2286 4513 οὐ
2335 4455 2574 4533 βραδύνε⁹
2631 4466 2724 4516 τοῦ
2773 4455 3060 4514 ἀναλαϐεῖν
3109 4460 3202 4525 τὰς
3259 4460 3530 4528 ἀσθενείας
3579 4465 3745 4537 ἡμῶν,
3773 4457 3845 4512 κάῑ

491 4544 625 4631 ejus
656 4542 1425 4623 accipiamus,inﬁrmitates
1453 4550 1685 4604 nostras
1717 4545 1954 4613 sistere,
1984 4562 2110 4605 mor

2224 4545 2484 4619 βαστάσαι
2541 4547 2633 4608 τὰς
2680 4547 2863 4611 νόσους
2894 4549 3070 4622 ἡμῶν.
3128 4551 3278 4606 Διατί
3336 4553 3449 4625 οὖν,
3483 4551 3627 4631 ἔχεις
3669 4551 3837 4616 εἰπεῖν,

491 4600 721 4712 regis;
734 4600 1421 4693 Siiééiéh'dﬁiéédisii
1453 4600 1825 4721 signarat
1833 4600 1922 4707 {1},
1938 4600 2103 4714 ’τὲῌό

2224 4600 2253 4691 ἰ)
2302 4600 3041 4716 τοιοῦτος-ἀνήρνενε-έρόξισε
3056 4600 3163 4712 'th
3176 4600 3325 4713 νόσῳ
3339 4600 3449 4697 ⁷καί

490 4737 624 4794 nes,
659 4720 748 4782 vir
777 4721 1141 4801 huiusmodi,
1176 4721 1282 4799 qui
1329 4721 1465 4782 talis
1496 4719 1750 4811 visionis
1780 4720 1995 4800 dignus
2030 4741 2109 4803 ap

2223 4722 2451 4800 διέμεινε
2506 4727 2883 4801 κατακείμενος
2915 4725 2969 4780 ἐν
3001 4731 3080 4800 τῷ
3126 4728 3412 4805 πανσέπτῳ
3462 4719 3595 4811 ναῷ,
3627 4732 3652 4786 ὁ
3683 4723 3840 4784 τοιαύ-

491 4819 802 4891 paruerat,
865 4813 1235 4899 donumque,
1290 4819 1354 4872 ut
1402 4811 1485 4870 ita
1539 4809 1754 4899 dicam,
1817 4812 2110 4891 prophetia

2223 4836 2319 4882 της
2377 4815 2624 4878 θεοπτίας
2676 4814 2821 4880 ἄξιος
2879 4818 3081 4895 φανεὶς,
3146 4820 3235 4874 καὶ
3298 4809 3622 4899 προφητείας
3675 4813 3840 4894 σχεδὸν

488 4907 826 4979 acceperat,
863 4898 1074 4962 morbo
1105 4899 1206 4960 diu
1258 4899 1371 4960 fuit
1429 4897 1823 4974 excruciatus,
1851 4909 2028 4981 atque
2067 4921 2107 4962 a.

2223 4904 2396 4960 εἰπεῖν
2455 4901 2734 4979 δεξάμενος
2802 4907 3067 4984 χάρισμα⁹
3133 4905 3251 4966 οὐδὲ
3308 4897 3428 4988 γὰρ,
3492 4911 3536 4966 εἰ
3589 4905 3840 4985 ἁμαρτίαις

487 4988 731 5064 longum
779 4997 1015 5078 tempus
1051 4988 1271 5078 (neque
1305 4993 1487 5067 enim,
1523 4987 1572 5047 si
1629 4989 1888 5068 peccatis
1935 4989 2106 5053 fuisse

2224 4995 2376 5058 οὗτος
2436 4991 2804 5074 ἐπεφόρτιστο,
2836 5000 2930 5050 τοῦ
2975 4993 3289 5062 πανενδόξου
3345 4987 3607 5078 μάρτυρος
3665 4997 3841 5074 ἐγίνετο

487 5085 764 5155 onustus,
819 5077 1319 5157 gloriosissimum
1381 5085 1708 5157 martyrem
1768 5079 2033 5159 vidisset)
2078 5086 2139 5142 in
2220 5083 2465 5162 θεωρός;

483 5167 709 5246 templo
761 5166 1026 5228 maxime
1062 5164 1402 5227 venerando
1435 5165 1656 5227 mansit
1711 5165 2080 5231 decumbens
2111 5176 2139 5232 ?

561 5256 663 5318 39.
696 5255 1109 5328 Dictorumne,
1137 5253 1376 5344 dilecte,
1406 5255 1754 5337 meministi,
1782 5256 1932 5318 nihil
1979 5258 2139 5320 scili-

2303 5261 2406 5337 λθ’,
2470 5265 2540 5320 Οὐ
2602 5261 2782 5338 μᾶμνῃ
2811 5269 2919 5320 τῶν
2952 5263 3265 5342 εἰρημένων,
3300 5265 3570 5344 ἀγαπητὲ,
3599 5266 3670 5328 ὡς
3715 5257 3839 5318 οὐδεν

481 5352 576 5407 cet
620 5361 829 5406 eorum
863 5360 997 5424 quae
1027 5351 1186 5433 sunt,
1221 5361 1254 5404 a
1279 5343 1681 5433 seipsisesse,
1717 5345 1822 5407 sed
1854 5345 1960 5409 Dei
1991 5366 2097 5428 pro

2218 5357 2322 5408 τῶν
2383 5350 2606 5408 δεόντων
2638 5349 2691 5416 ἑξ
2741 5354 3041 5428 αὐτομάτου
3089 5343 3424 5430 καθίσταται,
3456 5355 3593 5412 ἀλλὰ
3641 5351 3837 5433 προνοίᾴ

476 5433 746 5524 videntis
775 5433 975 5524 omnia
1031 5432 1410 5524 gubernari?
1467 5431 1553 5524 Ne
1602 5435 1803 5514 igitur,
1839 5444 1901 5497 ut
1955 5454 2095 5518 supr

2220 5448 2349 5498 Θεοῦ
2406 5439 2665 5498 διοκεῖται
2691 5441 2752 5496 τὸ
2805 5447 2910 5498 πᾶν
2947 5461 2962 5517 ;
3015 5441 3131 5500 "In
3160 5444 3274 5521 οὖν,
3309 5447 3382 5511 ὡς
3427 5445 3628 5524 ἔγημεν
3675 5431 3839 5499 εἰπόν·

480 5521 760 5613 dirimus,
797 5521 1109 5602 quisquam
1163 5522 1462 5584 existimet
1512 5522 1663 5588 facta
1709 5543 1866 5600 esse,
1901 5531 1963 5586 ut
2010 5527 2099 5588 for

2218 5552 2326 5611 τες,
2362 5530 2438 5606 μὴ
2499 5529 2730 5605 νομίσειέ
2781 5551 2882 5610 τις,
2919 5533 2992 5596 ὡς
3048 5531 3228 5613 ἔνυχε,
3264 5521 3578 5612 γεγενῆσθαι
3615 5535 3672 5591 τὰ
3715 5553 3837 5606 προ-

476 5609 633 5688 tulit,
677 5627 819 5703 quae
876 5629 1058 5703 supra
1125 5613 1530 5692 exposuimus,
1590 5614 1747 5689 illos,
1810 5614 1968 5687 dico,
2027 5637 2095 5697 qu

2216 5609 2489 5701 ειρημὲνα,
2524 5618 2668 5696 λέγω
2721 5617 2785 5687 δὴ
2843 5609 2964 5684 τοὺς
3009 5643 3063 5678 τε
3121 5609 3491 5703 διαφθαρέντος
3521 5629 3702 5680 θᾶττον
3753 5624 3835 5674 θαι

475 5699 694 5763 mortui
750 5704 910 5778 sunt,
943 5699 1203 5767 celerius
1259 5701 1631 5786 discessisSc,
1688 5704 1959 5788 illosque,
2023 5725 2094 5788 qu

2216 5723 2346 5790 νεῖν,
2394 5711 2481 5766 καὶ
2536 5709 2656 5774 τοὺς
2714 5709 2950 5774 ἰαθέντας
3010 5712 3156 5775 εὐθὺς
3215 5713 3533 5789 ἀναστῆναι,
3597 5714 3680 5768 καὶ
3732 5710 3835 5770 τοὺς
