4100 6416
481 327 635 412 1235
1836 335 2482 396 SUPPLEMENTUM.
3682 328 3817 396 1236

476 480 641 543 enim
675 478 853 540 etiam
887 476 1118 553 gladius
1153 473 1388 552 fulgens
1411 477 1702 550 acuteque
1731 466 1803 528 ad
1838 464 2118 526 scinden-

2215 467 2308 520 Καὶ
2353 466 2452 540 γὰρ
2511 464 2690 541 ὥσπερ
2748 462 2889 541 Ξίφος
2953 463 3307 539 ἐξαστράπτον
3351 461 3438 518 καὶ
3494 468 3664 538 τομῶς
3693 463 3816 530 ἧκο-

477 571 618 632 dum
651 549 920 629 redditus
951 549 1325 640 damnatum,
1379 560 1479 640 qui
1511 549 1818 619 feriendus
1851 566 1961 627 est,
1997 571 2118 633 pra:

2205 553 2432 628 νημένον
2485 561 2552 629 τῇ
2633 551 2951 631 σφοδρότητι
3023 560 3122 608 ,τοῦ
3211 549 3374 630 φόϐου
3432 559 3816 629 περισκοποῦσιν

481 647 678 720 metus
701 654 1075 718 vehementia
1099 639 1375 728 calligine
1398 639 1928 727 occupansmeque
1947 653 2010 704 ut
2033 661 2118 702 so-

2205 645 2294 699 τὸν
2345 644 2660 718 κατάκριτον
2721 641 2987 716 μέλλοντα
3031 641 3333 718 κρούεσθιι,
3395 639 3512 697 οὑδὲ
3569 642 3656 704 τὰς
3705 643 3817 697 εἰω-

479 748 616 810 litas
645 746 705 806 in
739 743 1023 823 angustiis
1053 727 1523 820 supplicationes
1565 735 1743 797 faciat
1800 731 2118 823 permittit,

2205 732 2345 796 θυίας
2403 732 2658 806 ἱκετερίας
2735 736 2841 786 τῶν
2925 729 2981 787 ἰν
3051 730 3318 807 ἀνάγκαις
3383 727 3641 785 ὶνδίδωσιν
3696 732 3820 804 αὑτῷ

481 838 564 898 ita
585 835 760 897 etiam
784 821 1014 893 caelitus
1039 838 1285 908 accepta
1319 826 1594 906 martyris
1624 823 1814 903 gratia
1843 821 2124 900 spiritua-

480 925 619 986 liter
647 921 938 998 effulgens
966 915 1386 996 solarium,qui
1421 915 1613 976 lucem
1647 909 2124 983 afl‘erunt,radio-

481 1030 616 1075 rum
648 1011 914 1071 adinstar
935 1007 1177 1069 luminis
1196 1005 1480 1084 quasdam
1507 1001 1770 1082 speciem
1798 999 2124 1078 praeferen-

485 1110 576 1163 tes
602 1099 821 1162 diaboli
858 1095 1175 1176 potentias,
1211 1094 1393 1155 veluti
1434 1092 1716 1152 tenebras
1745 1107 1817 1150 ex
1849 1088 2123 1149 instituto

483 1189 828 1267 diligentes,
881 1186 1234 1264 longiusque
1287 1202 1320 1244 a
1353 1181 1550 1243 divino
1582 1178 1809 1240 lumine
1839 1186 2121 1248 remotas,

483 1277 738 1357 caligine
767 1275 1032 1336 involvit.

558 1355 787 1428 42.Sed
813 1381 945 1424 cum
973 1361 1489 1443 personm,quibus
1514 1375 1705 1428 mens,
1735 1375 1768 1416 a
1786 1355 2122 1443 daemonum

486 1454 869 1535 possessione
901 1441 1009 1532 per
1039 1448 1406 1510 invisibilem
1442 1445 1772 1508 beatissimi
1822 1441 2125 1535 divinique

487 1533 763 1623 martyris
794 1558 998 1602 curam
1033 1538 1306 1606 liberata.
1335 1537 1540 1608 rediit,
1578 1536 1776 1596 multa;
1803 1533 1919 1593 sint
1948 1541 2124 1623 atque

483 1619 729 1712 fere,vut
760 1630 844 1691 ita
873 1627 1090 1702 dicam,
1126 1629 1695 1704 innumerae,eas,ne
1727 1640 1922 1685 sermo
1954 1619 2122 1712 fasti-

483 1709 649 1781 dium
682 1725 868 1797 creet,
909 1725 1359 1797 praetereamus,
1392 1713 1463 1776 ad
1498 1714 1696 1792 aliam,
1732 1729 1864 1791 qua;
1892 1709 2124 1770 animos

2208 821 2641 898 ἀναπέμψασθαι,
2688 819 2851 882 οὕτως
2914 821 2949 887 ἡ
3013 820 3099 876 τοῦ
3153 823 3417 897 μάρτυρος
3474 819 3818 896 οὖρανόφοιτος

2209 911 2368 989 χάρις
2439 907 2855 986 ὑπερλάμπουσα
2911 914 3288 982 πνευματικῶς
3358 908 3447 964 καὶ
3488 913 3592 963 τῶν
3640 907 3817 963 σελασ-

2207 998 2381 1077 φόρων
2434 997 2675 1067 ἡλιακῶν
2730 998 2954 1055 ἀκτίνων
2995 997 3091 1062 τὰς
3147 995 3400 1075 ζοφώδεις
3451 1003 3542 1053 τοῦ
3599 994 3820 1053 διαϐόλου

2207 1085 2454 1160 δυνάμεις
2515 1085 2837 1166 ἐτύφλωσεν,
2901 1087 2973 1150 ὡς
3048 1086 3350 1164 προαιρέσει
3421 1085 3520 1151 τὴν
3583 1085 3820 1140 σκότωσιν

2207 1175 2585 1250 ἐκλεξαμένας,
2657 1177 2745 1231 καὶ
2802 1183 2893 1232 του
2962 1178 3146 1232 θεϊκοῦ
3200 1175 3379 1252 φωτὸς
3452 1173 3821 1238 ἀποικισθείσας

2208 1265 2558 1342 μακρότερον,

2287 1353 2409 1428 μβ¹.
2459 1349 2608 1410 Ἀλλ’
2667 1351 2850 1419 ἐπειδὴ
2900 1350 3077 1408 πολλὰ
3125 1355 3235 1425 καὶ,
3291 1352 3488 1430 σχεδὸν
3519 1355 3713 1423 εἰπεῖν,
3745 1353 3822 1406 ἀν-

2209 1444 2468 1520 αρίθμητοι
2529 1448 2635 1497 τῶν
2691 1441 2942 1497 ίαθέντων
3013 1442 3077 1497 τὰ
3135 1441 3423 1520 πρόσωπα,
3491 1439 3578 1503 οῖς
3631 1443 3658 1496 ὁ
3718 1449 3821 1500 νοῦς

2206 1531 2600 1609 ἐσωφρόνησεν,
2665 1529 3027 1608 ἐλευθερωθεὶς
3084 1531 3178 1596 της
3243 1533 3351 1586 τῶν
3421 1528 3681 1604 δαιμόνων
3733 1551 3822 1584 κα-

2206 1621 2584 1695 τακρατήσεως
2627 1620 2728 1675 ὑπὸ
2772 1624 2869 1686 τῆς
2927 1629 3022 1678 τοῦ
3083 1620 3542 1698 παμμαχαρίστου
3583 1619 3666 1674 καὶ
3717 1621 3822 1674 0e0-

2207 1711 2369 1786 φόρου
2425 1709 2684 1784 μάρτυρος
2737 1709 2964 1786 ἀοράτου
3032 1711 3370 1786 ιπιστασίας,
3432 1705 3516 1764 διὰ
3557 1709 3616 1762 τὸ
3672 1729 3822 1782 προσ-

485 1809 673 1887 magis
703 1795 944 1867 movere
977 1814 1110 1864 nata
1139 1804 1236 1882 sit,
1268 1803 1672 1863 narrationem
1708 1806 2118 1880 properantes.

2208 1797 2362 1865 κορές
2416 1804 2507 1853 τοῦ
2593 1796 2752 1875 λόγου
2841 1805 3004 1855 ταῦτα
3079 1797 3449 1876 παρέλθωμεν,
3530 1795 3606 1874 ἐφ’
3663 1797 3824 1872 ἑτέραν

483 1895 571 1959 Ne
593 1904 788 1958 tamen
817 1893 1220 1972 prodigiorum
1257 1890 1596 1970 hujusmodi
1639 1889 1884 1950 omnino
1917 1889 2126 1948 fiamus

483 1989 894 2062 immemores,
927 1999 1058 2058 age,
1091 1980 1247 2061 quod
1277 1997 1490 2041 recens
1521 1979 1741 2038 factum
1775 1976 1958 2048 est,in
1995 1991 2086 2034 me
2111 2009 2126 2022 -

484 2073 674 2146 dium,
737 2079 1013 2150 tanquam
1075 2070 1136 2129 in
1197 2068 1492 2147 superiori
1547 2076 1706 2128 veste
1752 2065 2123 2142 universum,

484 2161 642 2242 quod
668 2166 822 2220 intra
838 2157 1408 2226 latet,certaminum
1432 2155 1694 2216 victricis
1727 2153 2007 2233 potentiae
2035 2169 2126 2242 ar-

483 2241 830 2329 gumentum
865 2246 1238 2325 exhibentes,
1288 2246 1679 2307 adducamus.
1737 2243 1950 2306 Milites
1985 2241 2126 2320 qui-

484 2339 647 2412 dam,
711 2354 961 2398 numero
1022 2335 1244 2414 plures,
1307 2333 1706 2412 generosique
1752 2351 1820 2392 ac
1856 2332 2059 2400 fortes,
2094 2347 2127 2389 ο

484 2426 722 2504 legione
772 2443 878 2484 sua
935 2423 1277 2502 quempiam
1326 2423 1795 2502 apprehensum,
1829 2419 1953 2480 bini
1986 2417 2125 2497 qui-

485 2515 624 2576 dem
656 2513 860 2574 ambas
893 2512 1166 2591 patientis
1198 2529 1410 2572 manus
1459 2510 1965 2586 constringentes,
2000 2506 2125 2567 bini

484 2611 708 2676 autem,
744 2601 936 2681 capite
994 2601 1126 2678 ejus
1179 2608 1479 2678 correpto,
1538 2607 1785 2677 tantum,
1837 2605 2123 2676 quantum

486 2699 785 2771 poterant,
821 2707 897 2750 ne
931 2707 1035 2749 eos
1069 2688 1374 2749 morderet
1399 2687 1934 2768 impedientes,alii
1957 2703 2120 2758 vero,

484 2779 747 2842 medium
784 2777 1070 2841 tenaciter
1100 2785 1374 2839 tenentes
1409 2777 1854 2855 trudentesque,
1886 2775 1958 2836 ad
1990 2774 2120 2852 glo-

485 2868 801 2930 riosissimi
860 2866 1135 2945 martyris
1187 2865 1475 2944 templum
1543 2865 1630 2926 ire
1679 2865 2121 2944 compulerunt,

483 2957 771 3019 ducentes
827 2973 987 3031 eum,
1051 2955 1155 3035 qui
1217 2973 1350 3028 nec,
1404 2973 1522 3034 quo
1555 2954 1835 3027 ferretur,
1872 2951 2119 3026 sciebat,

481 3063 596 3107 nec
622 3045 952 3116 trudentes,
981 3053 1106 3104 utut
1135 3044 1252 3106 sibi
1278 3062 1456 3123 quam
1495 3044 1745 3104 maxime
1775 3042 2120 3113 familiares,

2207 1887 2733 1966 κατανυκτικωτέραν
2780 1885 3032 1965 διήγησιν
3083 1885 3429 1950 σπεύδοντες.
3483 1884 3598 1943 Ἵνα
3655 1884 3705 1940 δὲ
3757 1884 3824 1958 μὴ

2208 1975 2382 2040 πάντη
2462 1975 2559 2042 τῆς
2649 1977 2899 2042 τοιαύτης
2996 1977 3417 2052 θαυματουργίας
3500 1979 3823 2046 καταστῶμεν

2207 2064 2541 2138 ἀμνήμονες,
2585 2064 2730 2143 φέρε,
2765 2071 2840 2138 τῷ
2869 2067 3055 2120 νεωστὶ
3096 2066 3317 2141 γεγονὸς
3365 2065 3437 2128 εἷς
3496 2062 3652 2138 μέσον
3703 2062 3824 2139 ἀγά-

2207 2174 2411 2231 γωμεν,
2445 2155 2517 2218 ὡς
2560 2153 2612 2218 ἐξ
2665 2153 2826 2229 ἄκρου
2885 2153 2979 2220 τῆς
3040 2152 3148 2217 ὧας
3193 2153 3290 2219 τὴν
3338 2155 3471 2218 ὃλην
3512 2157 3607 2217 τῆς
3647 2154 3824 2226 κροκῆς

2207 2241 2498 2297 ὑπόστασιν
2555 2247 2654 2308 τῆς
2699 2241 3051 2321 ἆθλοφορικῆς
3105 2263 3210 2318 παρ
3225 2248 3479 2304 ιστῶντες
3551 2239 3822 2315 δυνάμεως,

2212 2329 2438 2393 Πλεὶους
2502 2331 2634 2396 τινὲς
2685 2338 3006 2408 στρατιῶται
3050 2330 3290 2408 γενναῖοί
3349 2352 3405 2386 τε
3470 2332 3556 2386 καὶ
3617 2327 3825 2402 ἀνδρεῖοι

2209 2419 2300 2474 ἕνα
2360 2421 2480 2475 τινὰ
2511 2421 2610 2484 τῆς
2645 2420 2808 2485 αὑτῆς
2841 2418 3106 2496 λεγειῦνος
3144 2419 3471 2497 κατέχοντες
3505 2418 3601 2474 ἀνὰ
3627 2416 3712 2474 δύο
3745 2414 3828 2488 μὲν

2209 2508 2445 2574 ἑκάστην
2501 2522 2668 2587 χεῖρα
2727 2517 2816 2566 τοῦ
2875 2510 3182 2588 πάσχοντος
3231 2507 3508 2586 ἐγκρατῶς
3571 2506 3826 2584 περισφίγο

2206 2617 2414 2672 γοντες,
2448 2594 2536 2652 δύο
2566 2596 2620 2652 δὲ
2663 2602 2760 2664 τῆς
2809 2597 2964 2655 αὑτοῦ
3013 2596 3252 2676 κεφαλῆς
3312 2596 3724 2670 ἀντειλημμὲνοι
3774 2595 3826 2646 τὸ

2206 2683 2414 2741 δάκνειν
2472 2687 2659 2751 αὐτοὺς
2717 2687 2834 2742 καθ’
2889 2687 3011 2742 ὅσον
3063 2687 3174 2743 οἷοί
3229 2707 3286 2742 τε
3316 2691 3455 2753 ἦσαν
3486 2686 3824 2762 ἀπείργοντες,

2209 2774 2362 2832 ἄλλοι
2416 2773 2472 2830 δὲ
2526 2780 2632 2830 τῶν
2686 2775 2862 2848 μέσων
2907 2772 3059 2851 ἀπρὶξ
3103 2772 3360 2839 λαϐόντες
3417 2776 3506 2832 καὶ
3554 2775 3826 2828 συνωθούνο

2206 2884 2292 2926 τες
2352 2862 2578 2939 βαδίζειν
2620 2864 2938 2942 ἠνάγκαζον,
2973 2865 3073 2930 τὴν
3105 2862 3198 2920 ἐπὶ
3231 2865 3323 2919 τὸν
3356 2866 3482 2920 ναὸν
3525 2869 3615 2918 τοῦ
3642 2879 3822 2915 πανεν-

2205 2950 2354 3018 δόξου
2436 2953 2698 3031 μάρτυρος
2784 2953 3004 3030 ἄγοντες
3063 2952 3159 3010 οὑκ
3230 2953 3412 3009 εἰδότα
3469 2960 3570 3008 που
3611 2948 3826 3028 φέροιτο,

2206 3040 2321 3100 οὑδὲ
2376 3043 2497 3105 τοὺς
2549 3041 2810 3106 ὠθοῦντας
2881 3041 3227 3119 γνωρίζοντα,
3301 3042 3481 3098 καίτοι
3565 3039 3675 3095 λίαν
3751 3037 3825 3092 ol-

481 3133 786 3207 noscebat,
816 3151 927 3194 nec
954 3133 1277 3214 quidquam
1304 3132 1552 3193 omnino
1583 3149 1742 3193 same
1775 3131 1992 3192 mentis
2025 3131 2118 3191 ha-

2205 3132 2374 3194 κείους
2406 3132 2795 3210 τυγχάνοντας,
2829 3128 2936 3188 οὐδ’
2969 3129 3106 3194 ὅλως
3140 3137 3246 3186 τῶν
3295 3136 3503 3210 φρενῶν
3559 3125 3745 3207 ἔχοντά
3783 3144 3826 3179 τι

482 3221 774 3373 “signa
795 3312 954 3371 enim
979 3308 1401 3370 malevolorum
1420 3309 1730 3386 spirituum
1771 3307 2123 3368 inhabitatio

481 3397 719 3460 ratione
741 3397 1090 3458 destitutum
1126 3397 1409 3457 effecerat
1436 3396 1818 3469 miserum,ut
1845 3395 2126 3456 animalia

479 3482 1165 3562 irrationalia,profectis
1184 3501 1218 3543 a
1241 3481 1544 3543 sentiendi
1567 3482 1839 3544 facultate
1866 3483 2126 3543 motibus

483 3572 832 3634 rationalem
861 3571 1044 3651 ipsius
1066 3590 1200 3632 sese
1222 3571 1669 3647 circumagendi
1687 3572 1976 3632 rationem
2000 3572 2119 3631 vino

480 3661 698 3741 centia,
733 3671 962 3722 tantum
1023 3659 1190 3720 illum
1255 3668 1636 3738 superarent,
1672 3670 1956 3740 quantum
1991 3661 2118 3739 viri,

479 3751 698 3811 mentis
722 3749 1458 3829 compotes,inordinatam
1494 3748 1842 3810 animalium
1875 3749 2120 3810 irratio-

473 3840 698 3900 nallum
730 3844 956 3900 vivendi
984 3846 1264 3901 rationem
1291 3844 1560 3899 rationali
1587 3842 2006 3914 gubernatione
2031 3857 2123 3898 ex-

477 3935 784 4006 superant.
819 3928 964 3989 Cum
995 3936 1191 3988 autem
1225 3927 1315 3988 vix
1356 3945 1465 3988 nec
1493 3929 1601 3988 nisi
1635 3945 1841 4005 magna
1867 3927 2119 3987 truden-

477 4015 625 4076 tium
645 4015 698 4075 vi
721 4015 793 4076 ad
820 4015 1105 4096 templum
1135 4018 1317 4076 miser
1339 4016 1552 4076 ductus
1582 4015 1813 4095 fuisset,
1848 4016 1905 4076 id
1933 4016 1987 4076 ei
2020 4015 2118 4076 in-

477 4103 646 4181 gredi
670 4123 786 4164 non
806 4103 1458 4177 dabatur,dmmonibus
1480 4104 1709 4165 insania
1729 4123 1837 4165 sua
1858 4112 1938 4165 ita
1959 4105 2121 4165 inva—

474 4191 858 4267 lescentibus,
896 4203 960 4254 ut
987 4192 1063 4253 ab
1095 4212 1166 4255 eo
1189 4194 1410 4255 milites
1443 4212 1654 4255 omnes
1687 4194 1957 4272 percussi
1979 4203 2118 4254 ante

474 4290 698 4351 portam
731 4298 842 4342 una
864 4299 995 4342 cum
1023 4298 1090 4341 eo
1114 4287 1280 4354 proni
1307 4285 1360 4340 in
1409 4295 1618 4342 terram
1653 4286 1943 4341 calerent.
1976 4286 2116 4340 Cum

471 4377 668 4429 autem
701 4380 919 4429 factum
954 4376 1113 4428 esset
1144 4386 1438 4442 murmur,
1477 4369 1750 4448 sacrique
1782 4368 1988 4447 templi
2025 4369 2114 4428 fa—

470 4455 618 4516 muli
649 4474 781 4516 cum
808 4456 942 4516 aliis
969 4455 1240 4535 pluribus
1263 4457 1884 4527 accurrissent,multa
1906 4456 1956 4516 vi
1981 4461 2114 4516 sub-

2206 3240 2374 3296 υγιες,

2287 3305 2412 3384 μγ’.
2449 3307 2600 3364 Οὕτω
2642 3308 2740 3384 γὰρ
2798 3309 2831 3374 ἡ
2877 3312 2985 3364 τῶν
3026 3313 3275 3386 πονηρῶν
3330 3307 3651 3384 πνευμάτων
3700 3301 3824 3358 ἐνοί-

2206 3416 2365 3460 κησις
2395 3397 2486 3452 τὸν
2518 3396 2744 3452 δείλαιον
2772 3395 2961 3463 ἔστησε
3015 3395 3236 3476 φροῦδον
3293 3399 3386 3456 τοῦ
3444 3397 3714 3473 λογισμοῦ,
3756 3391 3822 3448 ὡς

2206 3487 2454 3540 τοσοῦτον
2495 3485 2802 3565 ὑπερφέρειν
2861 3489 3018 3544 αὑτοῦ
3077 3487 3141 3542 τα
3203 3492 3313 3558 ζῶα
3379 3490 3448 3544 τὰ
3505 3484 3668 3561 ἄλογα
3715 3490 3819 3540 ταῖς

2208 3575 2544 3639 αἰσθητικαϊς
2602 3577 2796 3652 ὁρμαῖς
2881 3575 2982 3642 τὴν
3065 3574 3293 3654 λογικὴν
3353 3577 3555 3634 ἐκείνου
3617 3570 3820 3628 νικῶντι

2206 3663 2514 3741 περιφορὰν,
2563 3663 2687 3720 ὅσον
2733 3666 2781 3720 οἱ
2839 3665 3104 3744 σώφρονες
3165 3664 3346 3742 ἄνδρες
3405 3674 3474 3742 τῇ
3517 3663 3701 3740 λογικῇ
3739 3679 3819 3710 γυ·

2204 3749 2448 3828 ϐερνήσει
2492 3753 2585 3818 τὰς
2631 3755 2736 3809 τῶν
2810 3753 3020 3829 ἀλόγων
3075 3755 3228 3824 ζώων
3284 3755 3582 3832 ἀσυγκρίτῳ
3635 3748 3817 3810 διαίτης

2203 3838 2604 3917 ὑπερϐαλλούσῃ
2638 3840 2895 3917 καλλονῇ,
2935 3843 3148 3922 Ἀχθεὶς
3199 3841 3252 3898 δὲ
3313 3843 3472 3917 μόλις
3528 3843 3617 3899 καὶ
3666 3836 3816 3910 ἀνάγ-

2204 3951 2274 4004 κῃ
2333 3929 2509 4005 πολλῇ
2557 3933 2662 3986 τῶν
2718 3931 2994 3987 ὠθούντων
3037 3934 3065 3987 ὁ
3100 3931 3332 3993 δείλαιος
3367 3933 3448 3989 ὅτι
3478 3933 3566 3987 τὸν
3612 3929 3728 3982 ναὸν
3766 3923 3817 3977 οὗ

2206 4031 2567 4096 συνεχωρεῖτο
2615 4021 2970 4098 εἱσερχεσθαι,
3028 4021 3134 4077 τῶν
3179 4018 3468 4095 δαιμονίων
3516 4015 3814 4094 ἐνισχυσάν-

2205 4129 2309 4161 των
2364 4106 2530 4172 οὕτως
2566 4111 2738 4166 αὑτῶν
2767 4115 2835 4181 τῇ
2879 4110 3062 4187 μανίᾳ,
3097 4110 3171 4172 ὡς
3223 4109 3462 4174 ἅπαντας
3519 4110 3633 4170 τοὺς
3661 4103 3814 4176 ἐμπε-

2201 4194 2545 4273 πληγμένους
2605 4200 2745 4270 αὒτῷ
2789 4201 3119 4276 στρατιώτας
3182 4213 3398 4276 πρενεῐς
3459 4200 3557 4276 πρὸ
3607 4200 3694 4249 τοῦ
3733 4209 3813 4244 1w-

2200 4282 2370 4345 λῶνος
2403 4285 2494 4339 σὺν
2549 4284 2718 4359 ἑαυτῷ
2769 4286 3247 4365 (αταστρέψασθαι.
3303 4285 3533 4366 Θορύϐου
3574 4281 3625 4338 δὲ
3675 4297 3812 4366 γενο-

2201 4371 2360 4442 μένου
2414 4374 2502 4428 καὶ
2562 4375 2666 4430 τῶν
2726 4376 3003 4447 ὑπηρετῶν
3065 4383 3157 4432 τοῦ
3214 4377 3364 4454 ἁγίου
3419 4373 3661 4450 τεμένους
3733 4365 3810 4420 σὺν

2199 4458 2380 4522 ἄλλοις
2438 4461 2643 4518 πλείοσι
2717 4453 3269 4542 συνδεδραμηκότων,
3307 4466 3395 4541 βίᾳ
3472 4460 3644 4534 πολλῇ
3705 4453 3807 4509 διν

472 4543 653 4604 latum
686 4544 842 4605 intro
887 4545 1106 4633 ferunt,
1161 4555 1342 4621 atque
1387 4552 1446 4606 in
1500 4544 1663 4606 humi
1695 4553 1975 4633 stratum,
2011 4546 2111 4625 qui

2205 4546 2552 4613 ϐαστάσαντες
2611 4551 2745 4607 ε’ἷσω
2803 4553 3039 4633 φέρουσι,
3115 4555 3206 4610 καί
3267 4555 3538 4631 ῥίπτουσιν
3593 4548 3671 4603 ἐπὶ
3723 4545 3807 4603 τῆς

472 4639 713 4709 paratus
746 4633 802 4692 ei
833 4642 982 4702 erat,
1007 4631 1227 4693 lectum
1261 4633 1608 4712 conjiciunt,
1639 4651 1672 4692 a
1701 4632 1971 4712 pluribus
1994 4635 2111 4695 ite-

469 4735 626 4786 rum,
663 4738 840 4795 quam
873 4720 944 4781 ab
975 4730 1131 4797 octo,
1166 4724 1577 4784 constrictum.

548 4807 815 4879 44.Quid
848 4810 1026 4887 igitur
1060 4809 1197 4872 hinc
1230 4811 1623 4882 mirabor,aut
1652 4811 1789 4890 quid
1837 4814 2110 4891 martyris

469 4895 755 4958 laudabo?
772 4899 863 4959 An
889 4898 1353 4979 hospitalitatem
1377 4899 1491 4959 “Ian
1515 4898 1872 4978 simpliciter
1896 4905 2110 4962 huma-

469 4985 718 5048 nitatem
747 4985 772 5047 ?
801 5007 874 5048 an
910 4998 1244 5069 promptam
1278 4989 1337 5048 in
1371 4988 1780 5056 exaudiendis.
1814 5009 1848 5051 a
1895 4991 2111 5070 quibus

471 5091 605 5134 cum
641 5074 760 5136 fide
791 5075 1124 5147 invocatur,
1158 5077 1522 5156 facilitatem,
1559 5095 1666 5138 seu
1696 5079 1892 5156 potius
1918 5098 2111 5159 neque

467 5163 644 5224 etiam
679 5164 1004 5227 invocatam
1045 5182 1184 5243 erga
1216 5183 1318 5226 eos
1378 5165 1481 5242 qui
1539 5170 1593 5226 in
1627 5167 1912 5243 angustiis
1946 5177 2106 5242 sunt,

469 5250 1124 5316 misericordiamﬂiinc
1141 5255 1298 5313 enim
1326 5253 1558 5332 ipse,de
1573 5274 1688 5334 quo
1712 5275 1870 5317 nunc
1882 5275 2102 5328 sermo,

467 5359 684 5421 neque,
709 5344 757 5402 si
791 5344 1096 5421 voluisset,
1133 5361 1307 5421 opem
1334 5346 1656 5423 implorare
1683 5349 2101 5426 poterat,quod

466 5429 667 5507 lingua
688 5449 720 5491 a
744 5431 951 5491 morbo
975 5439 1129 5491 esset
1155 5432 1464 5509 ligata,seu
1491 5435 1684 5513 potius
1711 5436 1865 5514 quod
1893 5445 2108 5514 praeter

464 5519 757 5580 rationem
792 5525 966 5579 etiam
999 5519 1192 5598 ipsum
1226 5520 1375 5581 velle
1400 5540 1430 5581 a
1466 5522 1769 5583 malevolis
1795 5523 2104 5603 spiritibus

2195 4637 2598 4711 ἑτοιμασθείσης
2646 4642 2787 4712 αὑτῷ
2829 4647 3248 4722 χαμαιστρώτου
3293 4647 3470 4724 εὐνῆς,
3528 4637 3726 4696 πλείους
3776 4625 3805 4693 ἢ

2194 4727 2335 4782 ὀκτὼ
2366 4729 2528 4785 πάλιν
2571 4731 2730 4785 αὑτὸν
2763 4734 3222 4812 περισφίγγοντες,

2274 4815 2382 4890 μδ’.
2432 4819 2491 4876 Τί
2547 4819 2719 4875 τοίνυν
2762 4810 3072 4878 ἀπεντεὺθεν
3128 4823 3410 4899 θαυμάσω,
3467 4824 3516 4879 τί
3547 4820 3598 4876 δὲ
3628 4810 3806 4899 δοξάσω

2196 4907 2288 4962 τοῦ
2346 4907 2605 4986 μάρτυρος
2643 4927 2659 4983 ;
2692 4910 2763 4966 Τὸ
2789 4909 3058 4988 φιλόξενον
3093 4931 3109 4985 ;
3164 4895 3327 4969 Ἀλλὰ
3359 4895 3420 4970 rb
3473 4910 3649 4970 ἁπλῶς
3694 4895 3802 4978 φιλ·

2195 4995 2489 5073 ἄνθρωπον,
2551 4995 2688 5052 ἀλλὰ
2742 5000 2805 5054 τὸ
2857 4998 3166 5078 ταχυᾶκοον
3218 5005 3350 5078 πρὸς
3399 5004 3518 5064 τοὺς
3549 4988 3806 5054 ἓπικαλου·

2193 5084 2382 5156 μένους
2431 5085 2485 5140 ἐν
2528 5085 2741 5156 uiaret;
2806 5087 2876 5144 Ἦ
2939 5090 3146 5149 μᾶλλον
3199 5093 3263 5147 τὸ
3319 5091 3457 5166 μηδὲ
3506 5083 3803 5153 καὶούμενον

2193 5172 2366 5228 ἐλεεῖν
2419 5175 2536 5240 τοὺς
2579 5174 2633 5230 έν
2665 5175 2917 5253 ἀνάγκαις
2951 5198 2967 5258 ;
3015 5179 3178 5242 Οὗτος
3229 5182 3328 5258 γὰρ
3378 5179 3465 5252 δὴ,
3500 5178 3642 5235 οὗτος
3675 5171 3698 5223 δ
3726 5171 3800 5218 νῦν

2192 5264 2536 5337 προνείμενος
2589 5265 2666 5338 τῷ
2714 5263 2860 5343 λόγῳ
2904 5255 3020 5325 οὑδὲ
3072 5255 3396 5344 βουλόμενος
3455 5255 3798 5324 enuntiatae“

2190 5348 2403 5408 ἐδύνατο
2435 5350 2526 5407 διὰ
2570 5353 2628 5409 τὸ
2672 5351 2905 5411 δεδέσθαι
2938 5356 3034 5425 τήν
3078 5357 3324 5435 γλῶτταν
3352 5360 3453 5415 ὑπὸ
3482 5365 3572 5413 τοῦ
3599 5349 3799 5435 πάθους)

2189 5439 2394 5512 μᾶλλον
2423 5441 2476 5496 δὲ
2521 5445 2622 5518 πρὸ
2665 5450 2758 5500 τοῦ
2799 5443 2960 5524 λόγου
3003 5424 3103 5502 καὶ.
3134 5450 3262 5503 αὐτὸ
3306 5450 3367 5504 τὸ
3415 5444 3680 5524 βούλεσθαι
3707 5424 3796 5484 ὑπὸ

2187 5531 2290 5583 τιῦν
2351 5535 2598 5607 πονηρῶν
2651 5534 2967 5607 πνευμάτων
3024 5536 3371 5615 ἀφῃρημένος
3403 5556 3419 5572 ·
3471 5530 3585 5592 ἀλλ’
3637 5524 3796 5615 ὥσπιεῗ

465 5607 521 5668 ei
554 5617 680 5670 erat
710 5606 1031 5670 sublatum.
1067 5609 1289 5671 Verum
1323 5617 1386 5671 ut
1436 5609 1612 5685 Deus,
1665 5601 1860 5696 Moyse
1891 5612 2098 5690 etiam,

2205 5643 2212 5672 ι
2260 5621 2385 5686 Θεὸς
2423 5621 2510 5678 καὶ
2546 5628 2856 5687 σιωπῶντος
2912 5631 3001 5683 τοῦ
3033 5627 3320 5708 Μωυσέως,
3355 5626 3442 5684 ὅτε
3484 5625 3572 5681 τὸν
3599 5601 3794 5689 Ἰσραὴλ
