4100 6432
347 328 498 395 1237

1423 333 1482 397 S.
1530 335 1910 398 DEM-ETRII
1954 338 2356 403 MARTYRIS
2397 339 2620 404 ACTA.

3556 331 3713 406 i238

339 466 374 534 ἡ
419 488 477 524 τε
502 464 738 523 θάλασσα
785 465 882 524 καί
911 469 938 524 ὃ
969 469 1191 545 στρατὸς
1243 475 1350 526 τῶν
1387 471 1674 547 Αἰγυπτίων
1708 473 1778 533 εἰς
1824 469 1981 544 μέσον

2070 473 2208 534 dum
2262 475 2443 538 Israel
2477 489 2537 538 et
2585 491 2748 537 mare
2775 481 2834 537 et
2880 472 3240 557 Egytiorum
3293 467 3587 539 exercitus
3641 476 3708 538 in

339 555 666 636 συνέκλειον,
721 555 869 630 ὅμως
910 558 1168 635 ἀπεκρίθη
1219 559 1392 637 λέγων
1441 562 1572 638 πρὸς
1618 559 1796 621 αὐτὸν,
1867 582 1889 616 (ι
1926 564 1985 617 Τί

337 644 468 719 βοᾷς
512 645 643 722 πρός
676 667 742 718 με
778 665 794 720 ;
831 669 856 705 υ

421 738 532 808 με’.
596 732 831 790 ’Έϐλεπε
881 737 980 813 γὰρ
1034 742 1102 812 τῇ
1162 736 1620 816 καρδιογνωστικῇ
1677 740 1835 795 αὐτοῦ
1891 735 1986 793 δυ-

335 827 493 895 νάμει
525 822 624 888 τὴν
679 831 772 878 τοῦ
802 826 1078 902 προφήτου
1110 827 1294 902 ψυγὴν
1343 828 1416 890 εἰς
1447 826 1695 905 οὐρανοὺς
1755 828 1987 882 ἆνιπτα-

333 912 504 984 μένην
566 912 654 967 καὶ
710 916 1146 989 προσπίπτουσαν
1189 915 1330 987 αὐτῴ
1401 923 1593 992 νοερῶς
1647 915 1731 972 διὰ
1785 917 1885 984 τήν
1931 917 1990 974 ἐκ

332 1005 439 1066 τῆς
497 999 769 1066 θαλάσσης
822 1003 913 1058 καὶ
967 1010 1074 1058 τῶν
1130 1002 1404 1078 πολεμίων
1450 1005 1555 1061 ἀπό
1574 1026 1776 1082 γνωσιν.
1814 1005 1988 1071 Οὕτως

332 1091 362 1144 ὃ
427 1089 526 1155 τὴν
560 1089 613 1144 ἐν
675 1098 806 1148 Θεοῦ
836 1092 1136 1169 γνωστικὴν
1179 1094 1338 1171 χάριν
1397 1101 1474 1165 τῷ
1505 1095 1678 1165 οἰκείῳ
1719 1099 1814 1160 τῆς
1847 1117 1988 1172 μαρ-

334 1177 524 1256 τυρίας
577 1177 770 1254 αἵματι
831 1178 1046 1244 δικαίως
1089 1181 1550 1259 ἐμπορευσάμενος
1595 1184 1680 1239 καὶ
1731 1185 1983 1240 σιωπών-

330 1292 441 1326 των
498 1270 702 1338 ἀκοόει,
766 1272 860 1327 καί
918 1272 1123 1329 ἀκούων
1177 1276 1235 1328 οὒ
1290 1272 1612 1347 καταμελεϊ.
1663 1275 1827 1350 ’Υπὲρ
1886 1275 1985 1352 γὰρ

331 1362 434 1426 τῆς
501 1358 724 1414 ἐκείνων
767 1358 1054 1434 ἀδυναμίας
1124 1361 1160 1428 ἣ
1203 1361 1546 1428 ἀναισθησίας
1590 1364 1624 1430 ἡ
1683 1359 1984 1441 φιλανθρω-

334 1447 432 1504 πία
510 1449 609 1513 τὴν
666 1448 855 1504 ἔαυτοῦ
909 1450 1211 1506 καθικέτευε
1284 1453 1493 1528 ψυχὴν,
1554 1454 1582 1507 ὃ
1651 1451 1715 1518 δὴ
1774 1454 1860 1507 καὶ
1903 1451 1986 1506 ἐπὶ

332 1537 508 1610 τούτῳ
564 1538 640 1610 τῷ
692 1537 794 1610 νέῳ
849 1545 942 1594 τοῦ
995 1537 1258 1615 λεγεῶνος
1291 1541 1622 1617 ἐργαστηρίῳ
1675 1540 1981 1617 γεγένηται·

336 1624 508 1699 μηδὲν
565 1628 666 1702 γὰρ
724 1634 817 1682 τοῦ
871 1625 1252 1701 δαιμονιῶντος
1308 1627 1686 1708 πρεσϐευτικὸν
1755 1628 1984 1708 φθεγξα-

327 1714 496 1787 μένου
555 1715 719 1790 (μετὰ
751 1715 851 1792 γάρ
903 1719 996 1773 τοῦ
1043 1715 1310 1791 δύνασθαι,
1343 1721 1415 1781 ὡς
1469 1718 1707 1797 εἴρηται,
1740 1719 1986 1797 ἀφῄρητο

2071 565 2266 625 medio
2312 567 2595 627 tenebant
2646 565 2969 638 inclusum,
3003 564 3241 638 silente,
3271 563 3580 642 respondit
3607 576 3709 628 tas

2071 669 2209 712 men
2256 653 2464 714 dicens
2495 654 2564 715 ad
2599 671 2734 714 eum
2773 673 2788 713 :
2843 677 2865 709 ι
2903 651 3054 723 Quid
3083 651 3303 712 clamas
3333 651 3407 712 ad
3439 668 3535 714 me
3561 650 3596 701 6
3625 653 3651 714 ’ἰ
3681 677 3705 714 ι

2150 741 2250 804 45,
2285 740 2402 803 Sua
2432 743 2615 812 enim,
2650 759 2784 822 quae
2826 741 3007 803 corda
3036 740 3217 820 novit,
3251 739 3513 820 potentia
3563 761 3710 804 con-

2072 831 2270 908 spexit
2301 833 2604 911 prophetae
2632 832 2891 893 animam
2941 830 3120 892 caelos
3153 846 3357 890 versus
3408 830 3706 893 volantem

2073 928 2247 999 atque
2277 927 2412 981 ante
2441 921 2633 1000 ipsum
2667 927 2917 1000 prworta
2943 937 3014 980 ex
3049 919 3194 980 mari
3225 925 3286 980 et
3315 917 3579 981 inimicis
3601 919 3714 981 de-

2071 1011 2412 1086 speratione
2442 1009 2502 1068 in
2526 1009 2736 1088 spiritu
2769 1005 3458 1082 concidentem.lta,ille,
3489 1008 3592 1088 qui
3613 1027 3712 1070 co-

2070 1097 2422 1176 gnoscendi,
2458 1116 2591 1172 quze
2620 1099 2692 1158 ad
2741 1096 2926 1158 Deum
2959 1104 3254 1176 spectant,
3285 1096 3532 1174 gratiam
3568 1116 3711 1176 pro-

2070 1185 2199 1262 prio
2254 1186 2515 1264 martyrii
2574 1187 2663 1246 sui
2716 1184 3004 1263 sanguine
3050 1185 3209 1262 juste
3261 1184 3424 1252 emit,
3461 1184 3710 1248 silentes

2068 1274 2243 1333 etiam
2274 1275 2458 1345 audit,
2480 1291 2592 1336 nec
2623 1275 2873 1335 audiens
2896 1278 3146 1352 spernit.
3170 1272 3284 1333 Pro
3308 1290 3514 1332 eorum
3539 1273 3700 1334 enim

2067 1359 2416 1438 impotentia
2459 1380 2814 1422 sensuumve
2859 1361 3096 1421 defectu
3138 1359 3352 1422 anima;
3398 1360 3711 1440 ipsiusmet

2069 1449 2363 1527 supplicat
2423 1450 2854 1522 misericordia,
2893 1449 3047 1528 quod
3095 1451 3243 1510 etin
3295 1467 3443 1510 nova
3471 1449 3569 1511 illa
3616 1449 3710 1511 le-

2070 1537 2262 1613 gionis
2321 1537 2557 1600 officina
2615 1546 2706 1599 est
2760 1537 3005 1600 factum.
3087 1535 3246 1597 Nihil
3307 1537 3492 1610 enim,
3550 1537 3711 1616 quod

2069 1625 2557 1704 deprecationem
2615 1634 2807 1706 sonet,
2860 1643 3265 1704 energumeno
3319 1625 3478 1703 (cum
3538 1642 3712 1704 posse

2069 1714 2252 1792 enim,
2291 1725 2350 1774 ut
2399 1715 2620 1776 dictum
2656 1723 2766 1789 est,
2799 1714 2979 1776 etiam
3030 1713 3202 1787 velle,
3239 1714 3399 1790 quod
3457 1732 3627 1775 mens
3657 1714 3713 1775 ei

331 1805 424 1860 καὶ
476 1805 538 1860 τὸ
569 1803 846 1880 βούλεσθαι
897 1804 980 1860 διὰ
1009 1807 1070 1861 τὸ
1113 1807 1190 1880 μὴ
1221 1808 1364 1861 σώαν
1408 1807 1551 1862 εἶναι
1583 1807 1682 1872 τὴν
1725 1806 1980 1885 ἔννόιαν),

2070 1821 2212 1864 sana
2244 1822 2362 1863 non
2396 1813 2575 1878 esset,
2611 1803 2914 1882 amiserat)
2952 1806 3252 1882 loquente,
3285 1807 3413 1881 ipse
3461 1801 3712 1864 Sanctus

331 1891 496 1956 αὐτὸς
557 1893 585 1948 ὁ
639 1893 795 1969 ἅγιος
853 1892 988 1949 εἵσω
1044 1895 1380 1972 βροχυτάτου
1423 1895 1540 1950 λίαν
1605 1902 1790 1973 καιροῦ
1845 1898 1984 1951 σῶον

327 1981 424 2037 τὸν
453 1980 790 2056 στρατιώτην
817 1995 936 2044 τοῖς
967 1980 1116 2045 ἰδίοις
1148 1981 1442 2044 ἀπέδωκεν.

421 2058 534 2144 μς’.
598 2069 803 2149 Οὕτως,
877 2072 948 2136 ὡς
1001 2072 1239 2150 εἴρηται,
1285 2078 1391 2128 τῶν
1459 2070 1724 2148 δαιμόνων
1771 2071 1985 2129 ἀπελα-

329 2159 528 2216 θέντων
575 2160 756 2238 αὐτοῦ,
791 2161 864 2223 ὡς
929 2159 1065 2233 μηδὲ
1123 2164 1295 2239 ψόφον
1351 2161 1408 2218 ἐν
1466 2169 1542 2235 τῷ
1599 2160 1812 2233 ἐξιέναι,
1847 2160 1982 2236 μηδὲ.

328 2250 569 2326 κραυγήν
637 2270 753 2304 τινα
811 2250 1190 2329 πεποιηκέναι,
1248 2252 1484 2328 καθάπερ
1553 2249 1734 2313 ἄλλοις
1780 2252 1980 2307 είώθειυ

329 2358 451 2416 σαν,
514 2346 669 2395 τοῦτο
731 2342 830 2403 τῆς
889 2337 1323 2412 ὑπερϐαλλούσης
1372 2338 1641 2414 δυνάμεως
1669 2349 1764 2398 τοῦ
1820 2340 1980 2395 ἆθλο-

328 2428 492 2505 φόρου
551 2425 948 2499 ἐμποιησάσης,
1009 2426 1188 2505 ὥσπερ
1231 2430 1362 2484 αὐτὰ
1417 2435 1494 2502 τῷ
1541 2428 1754 2505 ἀμέτρῳ
1809 2428 1978 2507 φόϐῳ,

331 2518 480 2592 πρωϊ
543 2517 630 2571 καὶ
663 2514 823 2570 πάλιν
867 2515 1160 2572 ἐπέπιπτον
1213 2519 1349 2576 κατὰ
1391 2519 1451 2573 τὸ
1481 2518 1661 2581 εἰωθὸς
1715 2519 1760 2573 οἱ
1790 2521 1980 2573 οἰκεῖοι

329 2611 410 2678 τῷ
460 2605 752 2684 πάσχοντι,
788 2620 988 2683 χεῖρας
1033 2607 1190 2662 αὐτοῦ
1252 2607 1338 2662 καὶ
1378 2604 1554 2680 ὤμους
1599 2607 1685 2661 καὶ
1742 2606 1980 2679 κεφαλὴν

328 2692 428 2749 καί
481 2695 547 2750 τὰ
604 2694 802 2770 γόνατα
871 2696 1340 2772 περισφίγγοντας.
1402 2694 1462 2752 Ὀ
1507 2693 1560 2750 δὲ
1603 2695 1735 2771 πρὸς
1795 2695 1980 2759 αὐτοὺς

330 2779 618 2855 εἷσϐλέψας
700 2782 804 2861 οὐχ
879 2783 1190 2862 αίματώδει,
1263 2785 1438 2845 καθὼς
1516 2782 1810 2857 ἔμπροσθεν
1894 2786 1981 2838 καὶ

328 2872 709 2948 τεταραγμένῳ
784 2877 862 2944 τῷ
943 2871 1258 2952 βλέμματι,
1330 2871 1450 2927 ἀλλ’
1537 2875 1786 2930 εὐσταθεῖ
1866 2870 1982 2927 λίαν

328 2960 431 3025 tiu
487 2963 584 3027 τῆς
645 2965 833 3039 ψυχῆς
892 2959 1136 3037 γαλήνην
1185 2962 1512 3040 ἐμφαίνοντι,
1569 2959 1824 3027 ἔκπληξιν
1881 2961 1980 3015 αὒ-

328 3062 452 3112 τοϊς
509 3049 734 3104 ἐνεποίει
810 3055 1062 3128 χαρμονῇ
1147 3049 1510 3128 μεμιγμένηνο
1587 3051 1660 3112 ὡς
1732 3047 1787 3104 δὲ
1856 3049 1980 3104 ἑπι-

2067 1892 2221 1952 intra
2249 1891 2430 1953 breve
2459 1892 2776 1954 admodum
2806 1899 3039 1972 tempus
3069 1891 3193 1951 suis
3218 1908 3427 1951 sanum
3457 1891 3708 1953 militem

2065 1981 2349 2044 restituit.

2147 2071 2250 2131 46.
2303 2069 2688 2131 Daemonibus
2717 2068 2826 2141 sic,
2861 2075 2924 2129 ut
2952 2067 3172 2128 dictum
3222 2075 3333 2148 est,
3366 2086 3436 2130 ex
3465 2086 3536 2130 eo
3572 2070 3705 2147 eje-

2067 2158 2199 2232 ctis,
2262 2158 2345 2218 ita
2400 2168 2461 2219 ut
2519 2175 2650 2232 nec,
2705 2155 3206 2238 quemadmodum
3255 2156 3329 2218 ab
3385 2157 3518 2218 aliis
3574 2157 3706 2219 ﬁeri

2067 2248 2354 2321 soluerat,
2393 2248 2448 2308 in
2505 2247 2776 2308 exeundo
2835 2245 3174 2326 strepitum,
3221 2263 3334 2308 nec
3382 2246 3707 2308 clamorem

2065 2335 2251 2396 ullum
2287 2336 2505 2398 eximia
2537 2337 2930 2398 certaminum
2983 2334 3220 2396 victoris
3247 2335 3461 2396 virtute
3509 2335 3568 2395 id
3599 2335 3709 2395 im-

2068 2425 2374 2504 pediente,
2409 2443 2591 2505 osque
2637 2424 3076 2504 quodammodo
3123 2423 3199 2484 iis
3249 2441 3370 2503 prae
3416 2422 3710 2485 immenso

2067 2513 2279 2574 timore
2346 2514 2716 2587 occludente,
2782 2511 3086 2574 ediderint
3133 2530 3306 2573 mane
3361 2512 3575 2574 iterum
3635 2514 3710 2575 de

2067 2619 2235 2663 more
2295 2603 2354 2662 in
2414 2604 2739 2680 patientem
2790 2600 3132 2674 familiares,
3198 2619 3405 2662 manus
3465 2601 3596 2681 ejus
3653 2612 3712 2666 et

2065 2691 2348 2752 humeros
2390 2700 2448 2753 et
2477 2699 2652 2771 caput
2681 2699 2739 2753 et
2769 2708 2962 2767 genua
2991 2689 3488 2769 constringentes,
3523 2691 3712 2752 irrue-

2066 2777 2228 2841 bant.
2261 2779 2370 2841 Hic
2411 2789 2608 2841 autem
2647 2779 2780 2840 illos
2811 2797 2930 2839 non
2979 2786 3252 2858 cruento,
3288 2786 3348 2839 ut
3395 2787 3556 2857 ante,
3591 2787 3711 2841 tur-

2068 2868 2322 2947 bataque
2351 2868 2539 2942 vultu,
2573 2869 2678 2930 sed
2714 2866 3037 2942 tranquillo
3077 2866 3422 2945 admodum,
3457 2867 3710 2929 animae-

2067 2974 2183 3036 que
2212 2975 2412 3036 pacem
2443 2957 2860 3017 manifestante
2883 2955 3461 3034 intuitus,stuporem
3489 2956 3709 3033 gaudio

2068 3045 2306 3106 mistum
2343 3046 2414 3106 iis
2446 3046 2678 3124 injecit,
2712 3045 2859 3105 adeo
2920 3054 3004 3122 ut,
3035 3062 3167 3106 cum
3209 3043 3462 3104 maxima
3489 3061 3560 3105 ex
3591 3043 3710 3105 sibi

325 3138 465 3195 πολὺ
550 3135 968 3212 καθηδυνόμενοι
1040 3145 1108 3214 τῇ
1185 3139 1275 3210 θέᾳ
1337 3139 1403 3213 τῇ
1462 3139 1593 3213 πρὸς
1658 3137 1812 3193 αὐτον
1892 3143 1981 3192 τοῦ

2070 3134 2127 3194 in
2162 3134 2262 3194 illo
2294 3133 2490 3195 oblato
2523 3133 2870 3213 spectaculo
2901 3133 3202 3212 voluptate
3228 3139 3493 3212 accepta,
3529 3134 3705 3212 quid-

324 3225 605 3303 φθέξασθαί
662 3248 715 3282 τι
776 3229 1110 3301 ποσματικὸν
1167 3225 1510 3306 ἐπελάθοντο,
1543 3227 1816 3304 αὐτάρκως
1887 3226 1981 3288 τὰς

324 3316 531 3372 ἑαυτῶν
589 3319 772 3394 ψυχας
803 3314 887 3371 διὰ
940 3321 1040 3384 τῆς
1100 3317 1333 3395 ὁράσεως
1391 3320 1480 3371 καὶ
1537 3315 1706 3390 μόνης
1765 3315 1980 3393 εὔφραί-

328 3425 535 3476 νοντες,
578 3403 818 3483 ἔφθασεν,
857 3404 1014 3468 αὐτός
1062 3411 1128 3482 τῇ
1183 3408 1464 3482 Ῥωμαῖκῇ
1497 3404 1713 3483 γλώττῃ
1771 3405 1982 3482 ἐρωτῶν

325 3493 516 3558 αὖτοὺς
546 3491 984 3568 ἀπροσδοκήτως.

411 3581 522 3658 μζ’.
591 3585 672 3656 Τί,
735 3583 874 3662 φησὲ
955 3583 1239 3658 ἐμπίπτειν
1311 3583 1643 3662 ἐπιχειρεϊτέ
1711 3606 1803 3658 μοι
1889 3585 1978 3639 καὶ

324 3672 606 3751 κατέχειν,
657 3671 835 3750 ὤσπερ
889 3673 1008 3738 τοῦς
1067 3672 1122 3727 ἐν
1180 3673 1350 3751 χύχει
1395 3671 1602 3750 σφοδρῷ
1658 3671 1980 3751 σφενδονουο-

326 3763 520 3838 μένους
575 3762 706 3839 ὑπὲρ
737 3763 835 3828 τὴν
884 3761 1094 3836 κλίνην,
1127 3761 1162 3828 ἢ
1210 3763 1326 3824 τοὺς
1387 3759 1440 3815 ἐν
1467 3761 1726 3833 πνεύματι
1783 3759 1976 3834 δαιμο-

328 3850 424 3925 νίῳ
483 3847 924 3927 στρεϐλουμένους
955 3851 1021 3906 τὰ
1049 3850 1271 3920 σώματα
1305 3866 1321 3922 ;
1375 3851 1435 3906 Ui
1466 3848 1520 3904 δὲ
1577 3850 1664 3903 καὶ
1691 3849 1786 3915 τὴν
1840 3848 1978 3926 ἐρώ-

328 3961 488 4006 τησιν
565 3939 995 4014 καταπλαγέντες
1080 3942 1152 4003 ὡς
1239 3938 1482 4018 σώφρονα
1567 3938 1653 3993 καὶ
1709 3938 1806 4003 τὴν
1891 3945 1982 3995 τοῦ

331 4029 651 4107 πράγματος
709 4027 964 4098 ἀλήθειαν
1022 4030 1194 4084 εἰπεῖν
1253 4026 1629 4105 αἰσχυνόμενοι
1690 4026 1983 4103 ἂπακρίθη-

331 4141 434 4175 σαν
491 4119 683 4183 οὕτως⁹
722 4117 1036 4197 Κατέχομέν
1085 4139 1144 4174 σε
1187 4115 1333 4181 ὅπως
1393 4115 1619 4177 ἀναστὰς
1652 4114 1862 4193 ἐνδύσῃ⁷
1896 4115 1981 4170 οιαὶ

324 4206 642 4282 ἀπέλθωμεν
702 4208 776 4268 εἱς
824 4210 915 4263 τόν
971 4205 1128 4263 οἶκόν
1189 4228 1305 4264 σου.
1370 4197 1426 4263 Ὀ
1473 4203 1528 4260 δέ
1584 4207 1714 4282 πρὸς
1765 4205 1977 4267 αὐτούς·

327 4297 480 4358 Τίνος
536 4297 636 4374 γὰρ
706 4295 865 4375 χάριν
916 4295 1135 4354 ἐνταῦθα
1192 4295 1612 4372 παρεγενόμεθα,
1673 4295 1810 4368 μήτε
1855 4295 1978 4370 ἑορ-

325 4385 425 4452 τῆς
486 4383 678 4455 οὔσης,
735 4386 870 4458 μήτε
925 4383 1089 4440 ἄλλου
1141 4386 1284 4448 τινὸς
1344 4384 1797 4458 κατεπείγοντος;
1845 4381 1981 4438 οὕτω

323 4476 450 4554 γὰρ⁷
483 4476 556 4539 ὡς
615 4473 854 4551 εἴρηται,
905 4472 1272 4547 ἠλλοιωμένος
1337 4473 1601 4551 ἐτύγχανε
1654 4493 1746 4535 τας
1791 4461 2046 4550 φρέναςΒ

324 4576 387 4619 τὸ
460 4566 736 4642 πρότερον,
770 4564 844 4626 ὡς
906 4560 1047 4636 μηδὲ
1104 4561 1398 4637 διάλειμμα
1445 4562 1640 4640 ἔχοντα
1697 4560 1981 4638 διαγνωναι

325 4651 425 4708 κᾶν
475 4651 555 4708 ὅτι
614 4663 787 4713 νοσεῖ,
849 4653 908 4709 Oi
963 4649 1018 4706 δὲ
1091 4653 1207 4728 περὶ
1257 4653 1412 4706 αὐτὸν
1472 4649 1823 4725 ἐκπλαγέντες
1882 4650 1982 4716 τὴν

328 4738 665 4820 σφοδρότητα
731 4743 824 4795 τοῦ
902 4742 1089 4800 πάθους
1161 4742 1248 4795 καὶ
1319 4741 1812 4814 ὑπερθτυμασαντες
1884 4741 1982 4801 τὴν

322 4831 575 4908 θεοφόρον
634 4829 900 4906 ἐνέργειαν
931 4837 1024 4885 τοῦ
1083 4829 1343 4906 μάρτυρος
1396 4827 1761 4905 φιλάνθρωπον
1820 4826 1981 4881 εἶπον

323 4920 457 4996 πρὸς
519 4919 698 4980 αὐτόν,
753 4919 850 4973 Διὰ
903 4920 953 4974 τί
1012 4919 1110 4992 μὲν
1166 4916 1322 4984 ἦλθες
1381 4915 1708 4994 ἐνταῦθα,οὐ
1767 4916 1877 4993 χρή
1922 4936 1980 4969 σε

324 5015 415 5064 νῦν
469 5013 688 5084 μαθεῖν·
733 5008 1034 5087 εὐχαρίστει
1095 5005 1148 5060 δὲ
1204 5011 1280 5079 τῷ
1326 5008 1460 5078 eaq),
1514 5007 1602 5059 καὶ
1660 5001 1836 5074 δόξαζε
1889 5005 1979 5058 τὸν

323 5097 479 5175 ἅγιον
537 5101 694 5155 αὐτοῦ
740 5097 996 5172 μάρτυρα,
1030 5095 1109 5150 ὅτι
1168 5096 1227 5151 σὲ
1276 5096 1354 5166 μὴ
1413 5092 1607 5170 γνόντα
1636 5092 1763 5148 διότι
1819 5091 1977 5158 ἠλθες

324 5187 569 5267 ἐνταῦθα,
627 5193 715 5241 νῦν
794 5184 1114 5242 ἀποστέλλει
1195 5183 1537 5262 γινώσκοντα
1601 5182 1697 5248 τὴν
1757 5183 1829 5246 εἷς
1887 5183 1975 5237 τὸν

325 5277 482 5334 οἷκον
512 5272 788 5333 ἐπάνοδον.
830 5282 916 5348 Τῷ
944 5273 997 5329 δὲ
1031 5279 1147 5346 Θεῷ
1175 5276 1330 5348 ἡμῶν
1359 5275 1393 5341 ἡ
1416 5271 1560 5346 δόξα,
1591 5293 1646 5329 κ.
1679 5294 1728 5330 τ.
1765 5270 1820 5334 λ,

404 5443 438 5493 ϐ
465 5442 650 5506 Exod.
687 5459 808 5514 xxv,
844 5444 944 5504 15.

400 5549 514 5619 (22)
548 5549 686 5606 Cum
722 5547 1088 5612 miraculum,
1135 5547 1226 5604 hic
1267 5548 1529 5614 relatum,
1560 5545 1712 5603 baud
1759 5544 1977 5619 dudum

326 5617 650 5689 tunc,cum
683 5622 800 5676 haec
840 5621 1137 5684 scriberet,
1169 5620 1473 5682 accidisse,
1513 5619 1766 5675 Joannes
1796 5617 1979 5673 Thes-

2065 3241 2266 3304 quam,
2322 3224 2477 3302 quod
2533 3243 2670 3284 eum
2725 3229 3179 3300 interrogarent,
3236 3220 3530 3300 proferre,
3580 3221 3708 3284 solo

2066 3313 2241 3374 etiam
2290 3313 2417 3373 visu
2451 3313 2684 3373 animos
2743 3311 3109 3373 sufficienter
3138 3310 3505 3372 oblectantes
3533 3309 3708 3372 oble—

2065 3410 2293 3464 ctantes
2347 3401 2865 3480 obliviscerentur,
2897 3401 3026 3481 ipse
3070 3401 3231 3480 prius
3261 3399 3394 3461 illos
3444 3401 3712 3461 Romana

2065 3491 2264 3566 lingua
2294 3490 2700 3570 inexspectato
2728 3490 3126 3567 interrogarit.

2139 3580 2239 3641 47.
2267 3579 2444 3653 Quid,
2475 3580 2689 3659 inquit,
2712 3597 2807 3640 me
2835 3577 3146 3652 invadere,
3176 3596 3287 3640 nec
3318 3577 3705 3657 aliter,quam

2061 3669 2166 3746 qui
2217 3687 2337 3747 prw
2367 3669 2586 3746 algoris
2640 3669 3016 3730 vehementia
3043 3668 3103 3728 in
3148 3669 3302 3729 lecto
3335 3669 3586 3730 contorti
3618 3669 3714 3746 ja-

2062 3765 2198 3818 cent
2246 3756 2672 3835 corporibusve
2705 3758 2766 3817 iu
2815 3756 3186 3817 daemoniaco
3217 3757 3429 3836 spiritu
3481 3757 3708 3818 distor-

2067 3853 2344 3924 quentur,
2381 3845 2690 3906 continere
2743 3844 3096 3907 conamini?
3146 3845 3234 3906 Illi
3270 3863 3404 3907 vero
3457 3845 3713 3907 interro-

2062 3933 2323 4013 gatione,
2357 3941 2559 4012 utpote
2606 3952 2738 4013 quae
2766 3951 2925 3994 sanae
2955 3942 3113 3994 esset
3161 3938 3397 4008 mentis,
3435 3933 3712 4014 obstupe-

2065 4023 2220 4094 facti,
2257 4023 2464 4101 reique
2494 4023 2800 4084 veritatem
2835 4023 3037 4084 dicere
3069 4022 3516 4095 erubescentes,
3551 4023 3711 4085 hunc

2064 4111 2502 4189 reSponderunt
2534 4112 2590 4170 in
2616 4111 2882 4173 modum:
2912 4111 3264 4173 Detinemus
3289 4119 3712 4190 te,utsurgens

2063 4201 2334 4261 vestiaris
2348 4209 2524 4279 atque
2543 4200 2827 4262 abeamus
2842 4201 2903 4261 in
2922 4200 3162 4260 domum
3185 4200 3708 4264 tuamJllicautem

2067 4291 2182 4352 illis
2207 4289 2464 4370 reponit:
2500 4288 2573 4351 Ut
2597 4289 2735 4368 quid
2763 4308 2922 4370 vero,
2952 4308 3084 4351 cum
3111 4307 3222 4350 nec
3245 4289 3376 4349 dies
3395 4288 3584 4350 festus
3604 4290 3703 4365 sit,

2067 4398 2177 4441 nec
2196 4379 2350 4440 aliud
2369 4378 2688 4459 quidquam
2705 4380 3058 4457 urgeat,huc
3086 4377 3302 4458 nos(ita
3319 4377 3476 4438 enim
3509 4377 3702 4454 prius,

2067 4477 2129 4531 ut
2150 4469 2369 4529 dictum
2397 4477 2549 4544 est,a
2573 4476 2772 4529 mente
2793 4467 3081 4529 alienatus
3107 4473 3328 4540 erat,ut
3350 4483 3700 4546 neque,quo

2067 4577 2198 4620 sese
2231 4567 2517 4633 a‘grotare
2567 4566 2979 4636 cognosceret,
3014 4555 3399 4618 interstitium
3433 4554 3702 4636 haberet)

2061 4647 2442 4709 advenimus?
2465 4647 2552 4708 llli
2575 4647 2897 4726 autem,qui
2927 4663 3111 4727 prope
3131 4645 3297 4706 illum
3321 4643 3707 4710 erant,morbi

2063 4737 2438 4798 vehementia
2494 4734 2903 4815 obstupefacti,
2941 4733 3531 4814 misericordemque,
3577 4751 3709 4813 qua;

2065 4824 2330 4886 divinum
2361 4822 2504 4900 quid
2536 4824 2864 4903 praeferret,
2901 4823 3172 4903 martyris
3222 4823 3495 4883 virtutem
3529 4839 3706 4900 supra

2067 4915 2305 4975 modum
2336 4912 2700 4974 admirantes
2729 4912 3006 4974 dixerunt
3034 4913 3106 4974 ad
3141 4930 3274 4974 eum
3303 4930 3316 4975 :
3352 4913 3534 4985 Quam
3568 4911 3707 4990 qui-

2064 5004 2197 5064 dem
2235 5001 2309 5062 ob
2332 5019 2566 5062 causam
2601 5002 2718 5063 huc
2750 5001 3012 5077 veneris,
3045 5019 3163 5062 non
3195 5008 3435 5081 Oportet
3467 5007 3522 5060 te
3553 5003 3708 5062 scire

2064 5091 2241 5152 modo
2289 5091 2510 5168 gratias
2543 5099 2739 5152 autem
2792 5109 2899 5167 age
2948 5093 3096 5165 Deo,
3131 5098 3520 5170 sanctumque
3575 5089 3706 5168 ejus

2065 5188 2376 5259 martyrem
2431 5179 2624 5252 lauda,
2659 5179 2816 5259 quod
2868 5186 2944 5256 te,
2979 5198 3084 5240 cur
3132 5180 3248 5241 huc
3291 5179 3532 5242 veneris
3576 5196 3698 5239 non

2060 5277 2428 5343 noscentem,
2463 5271 2702 5331 domum
2757 5269 2932 5330 modo
2964 5269 3162 5331 redire
3212 5276 3581 5347 noscentem,
3618 5267 3705 5328 di-

2059 5363 2275 5421 mittat.
2310 5357 2456 5436 (2‘2).
2492 5357 2615 5420 Deo
2647 5367 2852 5419 nostro
2876 5359 3091 5440 gloria,
3124 5367 3237 5420 ect.

2062 5563 2166 5606 cur
2217 5547 2272 5603 id
2304 5553 2603 5604 revocetur
2634 5546 2692 5602 in
2745 5545 3008 5609 dubium,
3044 5559 3149 5600 nec
3203 5545 3372 5602 etiam
3405 5543 3704 5614 ambigen-

2063 5621 2198 5678 dum
2231 5619 2477 5688 videtur,
2508 5620 2648 5689 quin
2683 5617 2864 5690 sancti
2896 5616 3162 5690 Demetrii
3199 5615 3428 5685 virtute,
3461 5615 3541 5671 uti
3570 5617 3704 5690 qui-

327 5693 704 5754 salonicensis
759 5704 929 5762 supra
966 5705 1124 5747 num.
1190 5691 1258 5746 42
1292 5691 1524 5758 indicet,
1559 5703 1675 5746 non
1732 5695 1816 5746 est
1843 5703 1983 5746 sane
2065 5691 2191 5750 dam
2226 5692 2468 5762 scriptor
2494 5698 2800 5753 asseverat,
2836 5689 3005 5745 luerit
3041 5691 3346 5758 patratum.
