4100 6414
460 280 614 352 1239
1839 289 2104 350 SUPPLI

2198 290 2486 352 ENTUM.

1985 421 2209 481 CAPUT
2246 425 2312 480 V.

817 518 916 583 Qui
941 517 1128 576 Sancti
1157 517 1412 591 reliquias
1441 518 1756 589 postularit,
1791 531 1982 587 easque
2015 523 2184 573 tamen
2213 521 2364 579 haud
2400 521 2660 594 imperari
2690 520 2987 593 imperatur
3023 519 3307 579 Mamilius
3346 521 3479 591 (23).

535 615 848 695 Dilecti,ad
869 616 1059 694 magni
1083 615 1341 690 etiam,si
1366 614 1921 695 placet,deiferique
1949 633 2102 675 mar-

2265 620 2594 698 Ἀγαπητοὶ⁹
2632 621 2890 695 ἔλθωμεν,
2926 621 2969 675 εἰ
3024 618 3194 699 δοκεῖ,
3227 622 3293 676 τὰ
3341 621 3514 678 πολλὰ
3563 621 3814 700 παραδρα-

462 706 628 786 tyris,
663 703 1078 785 praetermissis
1108 704 1181 764 iis
1213 722 1345 784 quas
1373 703 1635 784 vulgaria
1677 712 1838 776 sunt,
1871 703 2104 783 appari-

2198 711 2409 788 ιιόντες⁷
2441 712 2528 767 καὶ
2581 713 2654 773 εἰς
2712 709 2967 770 ὀπτασίας
3022 730 3112 764 τοο
3166 710 3402 786 μεγάλου
3459 711 3544 766 καὶ
3588 713 3815 790 θεοφόρου

463 795 683 868 tiones,
718 792 992 854 eximiam
1047 794 1223 854 etiam
1271 811 1376 873 per
1427 811 1528 854 eas
1578 793 1904 871 magniﬁca:
1955 793 2104 854 illius

2198 799 2482 878 μάρτυρος,
2541 798 2832 863 δεικνύντες
2863 800 2950 854 καὶ
3009 796 3075 854 δι’
3138 799 3308 854 αὒτῶν
3359 799 3456 865 τὴν
3514 801 3814 876 ὅπερμεγέθη

459 881 905 961 iueﬁ'ahilisque
919 882 1202 962 potentiae
1221 882 1470 961 gloriam
1495 882 2104 954 ostendentes,venia—

2198 887 2348 954 δόξαν
2393 895 2487 955 νῆς
2544 888 3009 966 μεγαλοπρεπείας
3068 889 3227 944 αὐτοῦ
3285 888 3372 944 καὶ
3429 893 3524 954 τῆς
3575 887 3818 967 ἆνεκφρᾶ-

460 989 614 1034 mus.
650 969 943 1042 Quoniam
977 971 1137 1032 enim
1171 989 1407 1052 semper
1438 970 1970 1051 quidem,maxime
2000 989 2104 1031 au-

2200 999 2324 1034 στου
2380 977 2678 1052 δυνάμεως,
2737 976 2956 1042 Ἐπειδὴ
3009 977 3111 1054 γὰρ
3168 976 3552 1056 φιλομάρτυρες
3602 975 3817 1055 ἀκριϐεῖς

465 1069 582 1123 tem
615 1057 967 1121 idololatria:
996 1068 1288 1141 tempore,
1322 1059 1425 1141 qui
1484 1060 1775 1121 civitatem
1810 1059 1962 1120 hanc
1993 1062 2104 1122 Dec

2199 1089 2257 1124 τε
2313 1068 2399 1126 καὶ
2452 1067 2840 1146 ἀσφαλέστατοι
2894 1065 2974 1121 ἀεὶ
3032 1066 3155 1144 μὲν,
3201 1065 3435 1140 μάλιστα
3488 1064 3542 1120 δὲ
3604 1067 3649 1121 οἱ
3699 1067 3820 1122 κατὰ

462 1148 741 1211 dilectam
775 1148 1514 1226 incoluerunt,Christiani
1546 1149 1802 1210 accurati
1835 1156 2104 1209 constan-

2199 1159 2290 1213 τὸν
2358 1163 2457 1223 τῆς
2529 1155 2910 1230 εἰδωλομανίας
2964 1155 3147 1230 καίρὸν
3217 1157 3316 1221 τὴν
3372 1153 3589 1232 θεοφιλῆ
3645 1156 3819 1220 ταύτην

465 1235 801 1317 tissimique
825 1247 1148 1318 martyrum
1173 1247 1469 1301 amatores
1499 1238 1758 1312 fuerunt,
1785 1256 1904 1316 prae
1931 1246 2104 1317 metu,

2201 1245 2596 1312 Θεσσαλονίκην
2683 1246 2951 1305 οἰκοῦντες
3051 1245 3352 1321 Χριστιανοί
3437 1245 3822 1312 καθειστήκεσαν

460 1346 538 1409 ne
567 1335 908 1389 sanctorum
940 1327 1222 1408 martyrio
1246 1335 1668 1388 coronatorum
1694 1343 1946 1404 corpora
1980 1325 2104 1386 ido-

2198 1336 2287 1389 καὶ
2342 1333 2444 1389 δέει
2509 1333 2601 1389 τοῦ
2659 1333 2735 1408 μὴ
2791 1334 2857 1388 τὰ
2910 1333 3059 1406 τίμια
3100 1332 3325 1406 σώματα
3379 1339 3485 1387 τῶν
3529 1332 3822 1409 μαρτυρούν-

458 1408 804 1483 lolatrarum
863 1417 1047 1479 furori
1080 1418 1624 1495 committerentur,
1658 1417 1833 1478 tacite
1891 1415 1996 1477 illa
2047 1434 2104 1478 at

2198 1444 2302 1477 των
2383 1423 2547 1499 ἆγίων
2605 1435 2722 1485 τοῖς
2796 1428 2902 1477 τῶν
2959 1419 3356 1499 εἰδωλολατρῶν
3436 1419 3698 1498 προδοῦναι
3748 1425 3821 1476 θυ-

463 1508 812 1590 mysteriose
867 1506 926 1567 in
969 1514 1126 1566 terra
1155 1505 1618 1580 absconderant,
1657 1505 1804 1566 adeo
1839 1514 1899 1565 ut
1930 1523 2104 1584 usque

2199 1524 2365 1590 μοῖς,
2445 1511 2724 1590 ἐχεμύθως
2814 1517 2979 1567 ταῦτα
3049 1513 3135 1567 καὶ
3216 1509 3596 1588 μυστηριωὸως
3657 1511 3705 1565 έν
3759 1515 3820 1586 γῇ

461 1597 526 1659 in
575 1614 836 1679 praesens
867 1603 1102 1674 tempus
1138 1613 1210 1656 ex
1244 1594 1315 1656 iis
1373 1595 1472 1675 qui
1508 1594 1848 1674 martyrium
1907 1594 1968 1656 in
2005 1595 2104 1656 hac

2198 1601 2559 1673 κατετίθεσας,
2634 1603 2706 1666 ὡς
2781 1598 2918 1672 μηδὲ
2981 1599 3143 1679 μέχρι
3203 1609 3290 1658 νῦν
3367 1605 3646 1676 τηλαυγῶς
3719 1622 3818 1671 μη-

462 1686 802 1766 subierunt,
836 1683 1058 1746 nullius
1089 1701 1356 1762 prorsus,
1393 1692 1784 1763 praeterquam
1842 1682 2104 1744 celeber-

2200 1686 2346 1752 δενὸς
2403 1694 2508 1746 τῶν
2568 1689 2620 1744 ἐν
2684 1689 2818 1756 αὒτῆ
2878 1689 3324 1766 μαρτυρησάιτων
3384 1687 3680 1767 ἇγιοδόχως
3731 1688 3822 1756 θή-

461 1775 630 1836 ῑίωω
660 1793 727 1837 ac
776 1771 1169 1835 sanctissima;
1200 1771 1444 1850 virginis
1499 1773 1782 1836 Matronae
1835 1771 1984 1850 (24),
2017 1789 2104 1833 sa-

2201 1800 2296 1843 κας
2357 1778 2680 1855 γνωσθῆναι,
2742 1777 2863 1834 ὅποι
2921 1779 3245 1857 τυγχάνοιεν
3302 1775 3822 1854 ἀποκείμεναι,πλήν

463 1880 632 1925 crum
687 1860 1116 1940 conditorium,
1179 1879 1298 1940 quo
1360 1859 1614 1940 depositi
1666 1859 1926 1934 fuerunt,
1958 1869 2104 1922 certe

2199 1867 2295 1934 τῆς
2376 1869 2705 1942 σεμνοτάτης
2797 1869 2884 1925 καὶ
2965 1867 3225 1944 παναγίας
3295 1867 3553 1946 παρθένου
3617 1870 3824 1945 Ματρώ-

464 1961 765 2014 noscatur.
1353 2037 1366 2046 I
1626 2037 1637 2046 -
1672 2037 1684 2046 .

2201 1979 2319 2024 νης.

541 2039 796 2104 46.Cum
821 2040 949 2101 hinc
973 2038 1084 2118 piae
1113 2037 1423 2100 memoriae
1451 2037 1762 2102 Mani-ilius
1792 2039 2104 2117 imperator

2282 2044 2364 2120 μ’.
2425 2055 2597 2104 Ταῦτα
2668 2045 2849 2117 μαθὼν
2903 2047 2930 2100 ὁ
2983 2045 3080 2111 τῆς
3142 2043 3388 2110 εὐσεϐοῦς
3446 2044 3628 2110 λέξεως
3694 2052 3828 2104 Μαυ-

463 2129 770 2192 didicisset
819 2127 968 2202 (25),
1003 2145 1071 2188 ac
1119 2127 1331 2203 partim
1366 2126 1635 2206 quidem,
1675 2145 1889 2190 verane
1933 2137 2104 2195 esset,

2200 2134 2362 2212 ρίκιος
2417 2137 2446 2190 ὃ
2485 2130 2757 2209 βασιλεὺς,
2806 2135 2896 2190 καὶ
2948 2143 3100 2192 τοῦτο
3160 2134 3258 2208 μὲν
3315 2133 3417 2200 την
3469 2137 3575 2189 τῶν
3617 2133 3828 2190 πολιτῶν

463 2237 598 2298 quae
626 2215 1076 2290 celebrabatur,
1110 2215 1328 2276 civium
1391 2233 1530 2294 erga
1565 2225 1854 2295 martyres
1887 2215 2104 2276 sollici-

2200 2224 2328 2300 περὶ
2403 2223 2522 2287 τοὺς
2585 2222 2846 2299 μύρτυρας
2901 2224 3184 2298 βοωμένην
3262 2220 3534 2296 ἀκρίϐειαν
3606 2225 3814 2298 πειράσα

3675 290 3812 359 1240

463 2307 628 2381 tudo,
657 2306 918 2386 experiri
951 2305 1148 2377 vellet,
1186 2304 1398 2384 partim
1431 2314 1630 2366 autem
1662 2305 1862 2367 divino
1892 2304 2116 2383 glorio-

464 2395 688 2458 sissimi
755 2393 1023 2475 martyris
1081 2392 1392 2466 Demetrii,
1455 2393 1614 2472 quod
1672 2393 1856 2454 multa
1917 2391 1992 2453 de
2049 2411 2119 2453 eo

463 2484 689 2564 scripta
719 2501 852 2546 esse
898 2481 1242 2553 audivisset,
1271 2501 1474 2546 amore
1503 2489 1657 2544 esset
1682 2491 2012 2562 correptus,
2045 2481 2118 2542 ad

465 2591 628 2644 eum,
656 2573 754 2653 qui
789 2580 929 2633 tunc
957 2570 1208 2632 civitatis
1239 2570 1793 2633 Thessalonicensis
1837 2570 2117 2649 populum

465 2669 664 2742 pastor
721 2659 1163 2734 moderabatur,
1219 2661 1404 2721 sacris
1461 2678 1607 2721 usus
1652 2659 1943 2740 apicibus,
1981 2667 2116 2718 tan-

463 2769 641 2831 quam
675 2749 806 2830 pius
838 2750 1168 2825 imperator
1203 2749 1396 2829 petiit,
1434 2758 1493 2809 ut
1538 2768 1570 2810 e
1603 2747 1936 2811 Christiferi
1968 2766 2118 2808 mar-

465 2840 608 2920 tyris
666 2839 956 2901 Demetrii
1018 2837 1290 2918 reliquiis
1349 2837 1574 2918 aliqui-.1
1633 2837 1770 2909 sibi,
1832 2835 2115 2898 auxilium

461 2927 604 2990 idde
628 2946 735 3008 per
764 2928 942 2990 tidem
977 2928 1034 2988 in
1066 2927 1223 2988 bello
1255 2926 1530 2988 obtinere
1564 2926 1951 3004 desideranti,
1985 2927 2117 2985 mit-

461 3025 708 3079 teretur.
741 3017 830 3078 Ad
887 3035 1089 3097 quem,
1126 3015 1231 3093 qui
1289 3015 1858 3095 archiepiscopalem
1908 3015 2113 3076 cathe-

463 3105 629 3167 dram
667 3105 920 3168 feliciter
950 3109 1298 3186 occupabat,
1326 3103 1620 3167 Eusebius
1655 3105 1772 3183 (26)
1807 3105 1932 3185 ipse
1953 3107 2112 3167 enim

463 3195 806 3278 praedictam
838 3195 1218 3274 imperatoris
1252 3194 1600 3275 petitionem
1631 3195 1968 3273 acceperat)
2007 3195 2114 3255 hu-

458 3284 722 3365 jusmodi
756 3303 896 3344 usus
928 3293 1018 3344 est
1040 3283 1255 3344 litteris
1290 3300 1304 3345 :

545 3373 647 3436 49.
673 3371 802 3434 Non
824 3372 926 3450 ita,
949 3371 1294 3451 imperator,
1329 3369 1833 3446 quemadmodum
1859 3381 2022 3434 certe
2053 3373 2112 3432 in

2200 2308 2546 2386 βουλόμενος,
2606 2311 2651 2364 εἰ
2705 2308 2934 2387 πέφυκεν
2991 2309 3218 2387 ἀληθὴς,
3273 2319 3432 2368 τοῦτο
3484 2307 3537 2366 δὲ
3590 2311 3672 2365 καὶ
3723 2309 3828 2380 θείῳ

2205 2397 2358 2473 ἔρωτι
2425 2397 2644 2477 ληφθεὶς
2701 2397 2793 2453 τοῦ
2851 2397 3168 2462 πανενδοξου
3224 2400 3490 2475 μάρτυρος
3548 2399 3828 2475 Δημητρίου

2203 2484 2287 2542 διὰ
2363 2488 2424 2543 τὸ
2485 2489 2693 2543 ἀκούειν
2754 2489 3181 2566 καταγεγράφθαι
3255 2487 3434 2542 πολλὰ
3489 2491 3611 2565 περὶ
3666 2491 3823 2565 αὐτοῦ,

2202 2577 2277 2639 ὡς
2335 2575 2649 2656 φιλευσεϐὴς
2701 2575 2945 2650 βασιλεύς
2997 2576 3238 2652 ᾐτήσατο
3293 2578 3458 2640 θείαις
3515 2577 3828 2656 χρησάμενος

2201 2666 2434 2744 κεραίαις
2505 2668 2636 2743 πρὸς
2688 2667 2780 2722 τὸν
2829 2673 3121 2732 τηνικαῦτα
3191 2668 3284 2722 τὸν
3352 2668 3662 2744 Χριστιανὸν
3714 2664 3827 2720 λαὸν

2200 2760 2297 2821 τῆς
2341 2754 2770 2811 Θεσσαλονικέων
2827 2755 3180 2826 ποιμαίνοντα
3237 2753 3474 2833 πόλεως,
3528 2756 3662 2811 ὥστε
3709 2775 3828 2828 πεμ-

2199 2847 2393 2922 φθῆναι
2446 2848 2588 2916 αὐτῷ
2638 2843 2890 2918 λείψανον
2944 2865 2992 2899 τι
3042 2844 3134 2900 τοῦ
3175 2845 3537 2922 Χριστοφόρου
3586 2845 3823 2921 μάρτυρος

2202 2934 2509 3010 Δημητρίου
2561 2934 2733 2989 πίστει
2762 2933 2860 2999 τὴν
2910 2932 2962 2997 ἐξ
3016 2931 3173 2990 αὐτοῦ
3219 2935 3542 3012 συμμαχίαν
3591 2932 3826 3009 βουλομέ-

2198 3029 2271 3076 wh
2326 3022 2727 3100 καρπώσασθαι.
2784 3023 2920 3099 Πρὸς
2977 3023 3033 3077 ὃν
3086 3024 3113 3077 ὁ
3172 3023 3444 3099 μακάγιος
3495 3022 3820 3102 ἀρχιερατεύ-

2199 3133 2295 3174 σας
2350 3109 2597 3174 Εὐσέϐιος
2644 3111 2828 3190 (αὐτὸς
2882 3113 2982 3188 γὰρ
3011 3110 3076 3178 ἧν
3137 3114 3163 3167 ὁ
3225 3113 3323 3176 τὴν
3354 3110 3699 3188 προλεθεϊστιν
3748 3117 3825 3166 τοῦ

2196 3199 2457 3275 βασιλέως
2517 3198 2797 3275 δεξάμενος
2830 3199 3075 3278 αἴτησιν)
3126 3198 3357 3258 τοιοῖσδέ
3389 3222 3525 3256 τισιν
3575 3201 3823 3280 ἐχρήσατο

2197 3289 2528 3366 γράμμασιν.

2277 3377 2390 3452 μθ’.
2451 3381 2567 3456 Οὐχ
2597 3377 2782 3450 οὕτως,
2815 3380 2861 3432 ὧ
2895 3380 3134 3454 βασιλεῦ,
3181 3376 3276 3443 τῆς
3300 3379 3577 3456 θεοφιλοῦς
3634 3387 3823 3436 Θεσσα-

467 3461 599 3523 aliis
616 3459 965 3538 regionibus
985 3459 1400 3534 usuvenit,Deo
1424 3459 1656 3520 dilectae
1681 3459 2104 3523 Thessalonica

2198 3465 2414 3534 λονίκης
2471 3466 2537 3521 τὰ
2587 3467 2885 3544 θρέμματα,
2923 3468 3157 3544 καθάπερ
3211 3467 3399 3541 ἀμέλει
3451 3472 3549 3526 κὰν
3591 3471 3705 3531 ταῖς
3734 3466 3822 3522 ἄλ-

463 3549 690 3611 alumni
712 3557 1076 3623 sanctorum,
1105 3549 1205 3628 qui
1235 3547 1578 3628 martyrium
1611 3547 1946 3621 subierunt,
1981 3569 2104 3611 cor-

2198 3555 2312 3621 λαις
2365 3556 2568 3635 χώραις
2625 3557 2834 3613 εἰώθασι
2885 3563 2990 3612 τῶν
3035 3558 3444 3635 μαρτυρούντων
3496 3560 3656 3636 ἁγίων
3701 3557 3820 3612 ἆνα-

465 3657 609 3719 pora
631 3639 919 3720 palam,ut
937 3656 1145 3700 eorum
1171 3649 1413 3717 aspectu
1431 3646 1490 3700 et
1515 3646 1668 3700 tactu
1685 3637 2104 3700 insensibiliter

2198 3643 2389 3717 φανδὸν
2472 3646 2668 3702 τιθέναι
2753 3647 2820 3702 τὰ
2899 3646 3146 3722 σώματα,
3217 3656 3289 3709 ως
3359 3648 3684 3718 ἀναισθήτως
3747 3646 3825 3701 καὶ

461 3745 533 3790 ac
580 3728 865 3790 continuo
917 3728 989 3790 ad
1023 3727 1300 3808 pietatem
1347 3729 1577 3788 animas
1607 3727 1886 3807 excitent,
1919 3728 2104 3790 solent

2198 3740 2436 3814 συνεχῶς
2494 3741 2562 3810 τῇ
2611 3735 2702 3807 ea;
2734 3736 2932 3792 τούτων
2990 3737 3076 3790 καὶ
3132 3742 3201 3810 τῇ
3260 3737 3370 3814 ἀφῇ
3416 3740 3547 3816 πρὸς
3576 3734 3820 3794 εὗσέϐειαν

461 3835 762 3898 exponere
793 3838 810 3893 ;
839 3817 943 3880 sed
977 3826 1184 3880 contra
1215 3816 1392 3878 ﬁdem
1417 3817 1477 3878 in
1501 3817 1781 3878 cordibus
1802 3817 1923 3876 suis
1944 3817 2104 3878 intel-

2198 3828 2288 3893 τοὶς
2342 3830 2522 3908 ψυχὰς
2553 3827 2903 3905 διεγείρωσεν’
2971 3827 3030 3884 ἐκ
3080 3825 3133 3883 δέ
3187 3829 3486 3886 τούναντίου
3516 3831 3611 3898 τὴν
3665 3828 3820 3884 πίστιν

461 3906 798 3969 lectualiter
845 3916 1173 3980 servantes,
1208 3924 1531 3987 rerumque
1562 3906 1905 3985 hujusmodi
1936 3924 2104 3986 aspe-

2198 3924 2388 3995 νοερῶς
2420 3906 2498 3972 -έν
2530 3930 2651 3980 ταῖς
2711 3918 2910 3972 ἑαυτῶν
2968 3914 3201 3995 καρδίαις
3255 3915 3576 3995 ἱδρύσαντες,
3603 3919 3686 3974 καὶ
3737 3917 3820 3982 τὴν

461 4004 621 4084 ctum
677 4013 797 4076 prae
827 3996 1046 4076 pietate
1078 3995 1296 4057 eximia
1355 4004 1721 4084 metuentes,
1748 3998 1857 4070 eis,
1895 4005 1954 4056 ut
1987 3997 2104 4058 Deo

2198 4008 2453 4075 αἰσθητὴν
2507 4008 2614 4063 τῶν
2642 4006 2895 4062 τοιούτων
2946 4005 3093 4078 θέαν,
3143 4004 3210 4062 δι’
3265 4006 3688 4084 ὑπερϐάλλουσαν
3738 4006 3819 4061 εόο

463 4083 755 4163 placeant,
793 4084 934 4146 ﬁdei
986 4085 1300 4146 sinceritas
1329 4084 1604 4146 sutﬁcere
1636 4083 1968 4146 existimata
1997 4093 2104 4151 est.

2198 4095 2410 4152 λάόειαν
2483 4094 2848 4174 ὁῤῥωδεύντες,
2901 4095 3088 4174 ἀρκεῖν
3158 4097 3256 4171 μὲν
3327 4083 3512 4162 autut;
3580 4099 3651 4159 εἰς
3716 4099 3820 4152 θεα-

462 4179 771 4252 Martyrum
789 4188 978 4238 autem
1013 4180 1230 4250 lipsana
1256 4181 1326 4236 ita
1358 4194 1494 4236 sene
1524 4180 1877 4237 abscondere
1903 4180 2104 4237 debere

2198 4185 2436 4263 ρέσκειαν
2488 4187 2548 4241 τὸ
2580 4184 2858 4262 εἰλικρινὲς
2918 4185 3172 4257 ἐνομίσθη
3223 4190 3325 4252 τῆς
3372 4189 3621 4251 πίστεως.
3658 4185 3726 4243 Τὰ
3771 4181 3818 4238 δὲ

461 4273 836 4346 putarunt,ut
854 4265 999 4326 nulli
1022 4265 1266 4326 omnino
1292 4275 1685 4346 prmterquam
1714 4264 1784 4324 iis
1809 4263 1979 4343 ipsis,
2004 4265 2104 4343 qui

2198 4275 2296 4331 τῶν
2370 4275 2647 4352 μαρτύρων
2710 4274 2934 4348 λείψανα
3010 4275 3343 4352 κατακρύψαι
3398 4273 3512 4331 δεῖν
3585 4276 3818 4349 ᾠήθησαν

530 4396 644 4466 (23)
701 4397 863 4466 Quod
915 4400 1022 4455 hoc
1075 4397 1256 4467 capite
1299 4408 1589 4461 narratur,
1625 4406 1740 4460 aut,
1797 4397 1842 4451 si
1876 4397 2101 4467 __mavis,

456 4468 566 4524 hoc
598 4465 789 4538 ipsum
818 4477 990 4538 caput
1020 4485 1050 4524 e
1082 4465 1187 4526 ms.
1225 4471 1437 4539 pariter
1469 4468 1668 4524 codice
1697 4468 1834 4523 olim
1874 4465 2104 4539 Maseri-

456 4553 603 4603 nmo.
627 4537 794 4611 nunc
832 4537 990 4611 regio
1031 4537 1356 4605 Parisiensi,
1394 4540 1451 4596 in
1485 4555 1599 4611 quo
1631 4554 1658 4592 a
1692 4553 1823 4611 pag.
1873 4537 1964 4600 55,
2000 4552 2099 4594 seu

453 4612 644 4681 potius
673 4609 788 4681 (bis
817 4608 970 4666 enim
1007 4612 1127 4666 haec
1158 4625 1260 4680 per
1286 4608 1544 4668 errorem
1576 4608 1767 4681 inillo
1798 4613 2098 4681 notantur)

455 4678 485 4735 ξι
528 4695 655 4751 pag.
706 4680 774 4734 56
805 4695 988 4751 usque
1018 4682 1086 4738 ad
1135 4678 1265 4757 pag.
1298 4681 1368 4736 58
1424 4678 2097 4757 extenditur,integrum

455 4764 633 4821 penes
685 4764 789 4807 nos
829 4759 1011 4809 exstat
1055 4755 1406 4821 exscriptum
1465 4752 1721 4822 sequenti
1774 4751 1826 4804 in
1889 4751 2096 4822 capite,

455 4835 626 4889 quem
657 4829 710 4876 et
741 4824 796 4877 in
832 4822 980 4893 dicto
1011 4823 1208 4879 codice
1237 4825 1480 4893 pratert,
1515 4821 1682 4878 titulo
1715 4821 2055 4892 insignitum
2084 4842 2096 4873 :

455 4895 578 4969 Περὶ
634 4893 734 4960 τῆς
769 4892 1026 4960 αἰτήσεως
1076 4897 1183 4951 τῶν
1236 4892 1504 4968 λειψάνων
1553 4894 1644 4951 τοῦ
1696 4894 1976 4971 μάρτυρος,
2015 4893 2100 4954 De

445 4972 810 5046 postulatione
836 4973 1189 5046 reliquiarum
1219 4974 1490 5043 martyris.

522 5042 632 5112 (24)
670 5044 749 5100 De
798 5045 904 5100 hac
933 5041 1126 5102 sancta
1181 5041 1432 5114 martyre
1461 5043 1530 5100 ad
1585 5041 1733 5098 diem
1770 5043 1835 5098 15
1895 5042 2096 5109 Martii,

450 5123 803 5188 quo_exstat_
845 5115 1244 5188 Martyrologio
1277 5115 1534 5188 Romano
1565 5114 1860 5188 inscripta,
1905 5125 2096 5169 actum

449 5184 598 5256 adud
632 5200 745 5241 non
784 5184 901 5256 jam
939 5184 1044 5252 est,
1099 5184 1448 5256 ibidemque,
1487 5187 1765 5253 virginem
1796 5199 1925 5256 eam
1978 5197 2094 5240 non

447 5255 705 5321 fuisse,a
769 5255 1046 5314 Bollando
1103 5259 1158 5312 in
1220 5255 1504 5320 historica.
1547 5271 1715 5325 quam
1777 5255 1846 5310 de
1895 5256 2096 5311 eodem

447 5327 766 5394 contexuit,
796 5327 1326 5399 Syllogeitanquam
1361 5327 1716 5399 probabilius
1742 5341 1904 5383 num.
1930 5326 1962 5380 8
1996 5327 2101 5384 fuit

443 5400 825 5468 propositum.
885 5398 1046 5465 Quod
1080 5400 1275 5468 nescio
1326 5413 1399 5455 an
1437 5401 1506 5454 ab
1545 5413 1612 5453 eo
1673 5399 1874 5467 Operis
1913 5401 2094 5452 nostri

442 5467 740 5524 conditore
770 5469 980 5523 factum
1014 5467 1234 5532 luisset,
1267 5470 1312 5524 si
1361 5469 1907 5532 luculentissimum,
1939 5468 2093 5537 quod

484 5553 548 5595 ro
579 5548 792 5610 sanctas
820 5539 975 5610 illius
1010 5543 1278 5610 martyris
1310 5541 1643 5609 virginitate
1671 5541 1765 5598 bic
1813 5539 2089 5610 occurrit,

473 5611 704 5678 cannis,
736 5609 1268 5668 Thessalonicensis
1325 5612 1537 5669 saeculo
1579 5613 1818 5684 septimo
1871 5609 2096 5667 archie-

2190 4407 2437 4478 piscopi.
2455 4408 2857 4478 testimonium
2896 4405 3185 4463 habuisset
3217 4418 3599 4478 perspectum.

2259 4473 2371 4546 (25}
2428 4477 2525 4533 Hic
2563 4480 2634 4534 ab
2664 4491 2816 4535 anno
2845 4478 2950 4534 582
2982 4478 3052 4534 ad
3105 4473 3320 4534 ann'um
3352 4473 3536 4549 usque
3592 4477 3708 4536 602.
3743 4473 3813 4530 uti

2186 4545 2333 4619 inter
2363 4549 2620 4606 eruditos
2652 4550 2820 4606 modo
2850 4551 3140 4612 convenit.
3176 4551 3397 4619 imperii
3429 4545 3678 4605 hebenas
3706 4560 3813 4603 mo-

2184 4618 2416 4676 deratus
2473 4631 2598 4695 est_;
2658 4629 2734 4683 ut,
2770 4621 2922 4695 quod
2956 4621 3067 4695 hic
3099 4635 3230 4678 mox
3263 4618 3335 4676 de
3392 4621 3704 4695 postulatis,
3727 4629 3814 4695 per

2183 4704 2314 4746 eum
2348 4694 2527 4748 sancti
2567 4691 2832 4768 [gemetrii
2889 4691 3155 4768 reliquiis
3187 4702 3476 4755 narratur,
3511 4706 3622 4768 nec
3661 4691 3813 4768 citius

2182 4774 2355 4886 quam
2389 4777 2540 4818 anno
2570 4762 2696 4842 582,
2730 4777 2836 4819 nec
2893 4764 3078 4819 serius
3108 4777 3280 4834 quam
3336 4778 3490 4819 anno
3521 4762 3624 4818 602
3678 4762 3813 4816 acci-

2227 4847 2335 4886 lSSG
2366 4846 2603 4886 necesse
2631 4842 2722 4886 Sll.

2227 4837 2335 4887 isse
2366 4846 2603 4890 necesse
2631 4837 2722 4888 sit.

2254 4903 2366 4972 (26)
2396 4903 2548 4960 Nihil
2581 4907 2824 4973 uspiam,
2862 4905 3014 4974 quod
3069 4904 3229 4961 adita:
3261 4904 3330 4960 ab
3369 4904 3477 4960 hor-
3523 4900 3807 4959 Thessalo-

2182 4974 2433 5030 nicensis
2491 4975 2770 5032 cathedra;
2829 4990 3044 5031 annum
3105 4975 3506 5040 determinem,
3569 4974 3812 5028 insanire

2184 5045 2462 5101 hactenus
2519 5048 2713 5109 licuit;
2759 5052 2904 5103 hanc
2935 5054 3124 5103 tamen
3187 5046 3373 5110 illum,
3407 5045 3660 5103 Mauritio
3716 5045 3807 5098 im-

2185 5125 2420 5187 perante
2480 5133 2578 5174 seu
2619 5133 2684 5173 eo
2755 5128 3026 5186 tempore.
3077 5118 3227 5188 quod
3271 5119 3341 5173 ab
3399 5132 3551 5174 anno
3597 5117 3712 5188 7582
3749 5110 3810 5188 ad

2185 5185 2401 5244 annum
2428 5203 2610 5258 usque
2647 5188 2754 5243 602
2784 5185 3061 5250 excurrit.
3094 5185 3305 5256 reipsa.
3345 5192 3422 5243 uti
3458 5189 3550 5242 hic
3587 5185 3807 5258 Joannis

2183 5261 2436 5334 narratio
2493 5252 2692 5334 exigit,
2731 5261 3124 5334 tenuisse_._vel
3175 5252 3242 5334 ex
3291 5274 3370 5334 _eo
3434 5259 3634 5328 liquet.
3668 5252 3808 5334 quod

2181 5333 2387 5402 scripta
2449 5331 2517 5385 ad
2579 5330 2764 5402 illum,
2797 5331 2911 5402 jam
2971 5330 3537 5386 Thessalonicensem
3597 5330 3806 5402 archie;

2182 5392 2814 5473 piscopum._Grcgorii'
2853 5401 3033 5473 Magni
3093 5403 3208 5472 (adi
3264 5403 3548 5473 Labbeum
3589 5409 3719 5473 tom.
3770 5392 3810 5448 V

2179 5469 2382 5526 Concil.
2449 5471 2555 5528 col.
2636 5469 2794 5539 1—293)
2856 5469 3038 5528 exstet
3102 5469 3367 5541 epistola.
3429 5471 3734 5526 indictione
3791 5477 3807 5518 ι

2178 5551 2389 5607 notata.
2447 5558 2590 5612 quae,
2653 5555 2712 5602 ut
2750 5542 3003 5602 calculos
3041 5544 3258 5602 ineunti
3323 5543 3552 5614 patebit,
3606 5550 3805 5596 annum

2176 5614 2281 5669 598
2311 5615 2589 5685 designat.
