4100 6400
295 328 452 396 1245
1381 326 1443 389 s.
1482 321 1870 388 DEMETRII
1915 321 2318 386 MARTYBIS
2358 322 2580 386 ACTA.
3520 303 3674 382 1246

291 467 546 536 ἀκούσας,
579 463 822 545 ἠχθὲπθη
867 463 966 539 μὲν
1021 462 1152 540 πρὸς
1208 462 1299 517 τὸν
1348 457 1694 535 πρεσϐύτερον
1755 455 1941 528 (ἐδόκει

2029 455 2225 516 throni
2280 453 2660 545 ademptione
2711 469 2808 514 me
2865 453 3207 545 contristes.
3268 451 3376 545 Ille
3425 452 3672 545 audiens

290 559 393 634 γὰρ
442 541 1021 624 αὑτὸνηπλάττεσθαι),
1062 550 1286 607 ἀπέλυσε
1341 547 1402 605 δὲ
1462 551 1616 605 αὑτὸν
1678 547 1941 624 αὐστηρά⁴

2029 545 2370 625 presbytero
2396 543 2635 623 quidem
2662 559 2820 623 (eum
2847 549 3004 605 enim
3037 541 3671 634 ﬁngererexistimabatl

289 633 464 719 τερον,
528 644 832 724 φανερώσας
891 641 1100 712 λοιπὸν,
1147 641 1234 696 καὶ
1290 640 1379 694 τὸν
1436 639 1636 694 σκοπὸν
1691 636 1848 694 αὑτοῦ
1877 637 1944 692 εἰ·

2029 634 2410 707 succensuit;
2445 636 2638 715 ipsum
2697 647 2896 696 autem
2928 635 3222 696 austerius
3253 633 3506 712 dimisit,
3539 641 3674 724 tan-

288 735 432 808 πὼν,
500 719 597 791 Καὶ
654 719 814 788 πόθεν
873 729 1106 794 κελεύεις
1165 727 1378 796 δοθῆναι
1437 727 1496 782 τὸ
1569 723 1820 782 ἐλλεῖπον
1874 730 1944 802 τῇ

2029 723 2162 783 dem
2197 723 2399 796 etiam,
2433 723 2761 808 intentione
2790 741 2900 784 sua
2943 723 3263 802 declarata,
3297 721 3506 784 dicens
3539 742 3554 783 :
3606 719 3678 784 Et

2033 811 2211 884 unde,
2253 812 2407 892 quod
2461 811 2714 891 ponderi
2741 805 2983 889 argenti
3031 815 3222 890 deest,
3254 810 3384 873 dari
3437 810 3620 873 facias
3647 817 3677 874 τ

2027 900 2308 964 Aliumne
2359 900 2600 963 modum
2635 901 2886 965 subesse
2941 902 3096 965 nosti
3128 902 3154 964 ?
3185 901 3290 964 Dic
3325 921 3339 959 :
3373 901 3424 962 si
3477 909 3674 962 autem

2026 1009 2146 1052 non
2173 991 2421 1053 subesse
2450 1009 2729 1072 reponas,
2765 1011 2841 1055 ne
2866 1000 3112 1068 temere,
3140 993 3199 1052 in
3232 991 3459 1054 alienas
3489 988 3674 1052 tribu-

2025 1079 2276 1142 lationes
2306 1080 2777 1162 philosophatus,
2804 1081 3093 1162 judicium
3126 1081 3303 1144 feras.

373 1178 474 1239 νε’.
537 1179 599 1237 '0
671 1177 725 1233 δὲ
798 1177 931 1253 ἀνὴρ
995 1174 1393 1254 συγκεχυμένος
1476 1170 1712 1240 ἐξῆλθεν·
1795 1171 1940 1230 οὔπω

2103 1170 2202 1232 55.
2237 1168 2342 1232 Vir
2374 1177 2570 1232 autem
2603 1170 2885 1232 confusus
2917 1170 3095 1232 exivit
3127 1189 3142 1230 :
3181 1170 3436 1232 necdum
3482 1169 3670 1241 enim,

287 1270 392 1346 γὰρ
433 1268 502 1336 ἦν
559 1268 702 1341 αὖτῷ
765 1265 1008 1335 λαλήσας
1079 1267 1107 1322 6
1176 1263 1328 1342 ἅγιος
1384 1265 1446 1320 τὺ
1518 1261 1602 1318 δεῖ
1670 1261 1936 1340 γενέσθαι,

2029 1257 2166 1338 quid
2188 1257 2318 1319 ﬁeri
2341 1261 2920 1338 oporteret,Sanctus
2955 1259 3008 1320 ei
3030 1259 3281 1332 dixerat,
3305 1258 3410 1322 sed
3446 1265 3672 1320 tantum

287 1357 431 1414 ἀλλὰ
484 1355 646 1432 μόνον
694 1356 757 1411 τὸ
801 1352 1019 1420 λυθῆναι
1074 1354 1164 1409 τὸν
1212 1353 1393 1429 θρόνον
1438 1350 1752 1428 ἀπέτρεπενο
1804 1349 1943 1406 κάν-

2029 1347 2304 1409 thronum
2337 1348 2562 1409 destrui
2595 1347 3004 1426 prohibuerat,
3029 1357 3208 1429 atque
3249 1348 3388 1410 hinc
3423 1346 3673 1428 presby-

286 1449 468 1503 τεῧθεν
557 1447 585 1501 6
682 1441 1030 1521 πρεσϐύτερος
1113 1441 1485 1506 ἁναξιόπιστος
1571 1438 1942 1513 ένδοκιμάζετο

2029 1446 2111 1498 ter
2137 1453 2338 1497 suasor
2369 1441 2707 1498 censebatur
2728 1441 2842 1497 ﬁde
2874 1441 3168 1514 indignus.
3197 1441 3468 1499 Sanctum
3495 1441 3673 1506 enim,

288 1533 608 1611 σύμϐουλος.
671 1535 744 1592 Τὸ
803 1533 899 1608 μέν
943 1533 1043 1609 γὰρ
1101 1531 1180 1605 μὴ
1229 1531 1448 1604 ἆρθῆναι
1504 1530 1596 1585 τὸν
1644 1528 1826 1604 θρόνον
1884 1527 1944 1583 ἐκ

2029 1542 2105 1586 ne
2158 1526 2406 1586 thronus
2434 1543 2468 1587 e
2518 1525 2650 1588 loco
2702 1526 3032 1600 tolleretur,
3070 1527 3365 1606 imperare
3413 1523 3674 1594 dicebat,

288 1632 386 1682 τοῦ
438 1623 600 1681 τόπου
659 1622 811 1698 ἔλεγε
843 1620 1073 1677 κελεύειν
1101 1622 1194 1676 τὸν
1238 1619 1413 1676 ἅλιον·
1476 1619 1635 1675 πόθεν
1680 1616 1732 1673 δὲ
1760 1619 1796 1685 ἡ
1853 1622 1944 1673 τοῦ

2029 1613 2191 1675 unde
2244 1622 2440 1676 autem
2501 1613 2798 1676 cibarium
2861 1617 3269 1696 perﬁceretur,
3301 1614 3504 1676 dicere
3558 1631 3679 1674 non

287 1711 540 1787 κιϐωρίω
615 1710 998 1788 συμπλήρωσις
1074 1708 1320 1788 γένηται,
1381 1709 1476 1764 οὒκ
1536 1707 1664 1786 εἶχε
1742 1703 1940 1784 λέγειν.

2029 1701 2306 1766 habebat.
2340 1705 2488 1766 Cum
2521 1713 2722 1766 autem
2758 1705 3056 1767 mensium
3097 1705 3341 1766 circiter
3368 1703 3576 1764 decem
3621 1711 3679 1767 et

287 1805 386 1864 Ὠς
445 1801 501 1858 δὲ
533 1803 652 1878 περί
706 1823 808 1857 που
851 1805 1037 1874 μηνῶν
1095 1798 1220 1854 δέκα
1273 1798 1358 1853 καὶ
1389 1797 1530 1853 ὀκτώ
1559 1795 1832 1873 ὑπέρθεσις
1890 1793 1944 1849 ἐν

2029 1799 2162 1852 octo
2193 1790 2399 1852 dilatio
2443 1791 2504 1852 in
2536 1809 2604 1853 re
2654 1793 2805 1854 facta
2833 1793 3061 1861 fuisset,
3099 1811 3212 1854 nec
3257 1793 3470 1853 modus
3499 1791 3674 1862 alius,

285 1899 366 1966 τῷ
423 1892 695 1969 πράγματι
752 1889 966 1969 γέγονε,
1016 1889 1104 1945 καί
1145 1888 1341 1965 τρόπος
1384 1885 1544 1950 ἄλλος
1591 1892 1686 1940 οὐκ
1721 1883 1941 1962 ἀνεφαί-

2029 1879 2130 1959 qui
2151 1879 2644 1969 suppleret,quod
2669 1881 3239 1963 deerat,appareret,
3263 1881 3676 1960 archiepisco-

284 2004 412 2039 νετο
454 1968 776 2058 ἀναπγηρῶν
818 1979 881 2034 τὸ
909 1975 1187 2049 ἒλλετπον,
1219 1975 1413 2041 ἔστησε
1441 1973 1628 2030 λοιπὸν
1661 1975 1688 2029 6
1748 1972 1941 2052 ἀρχιε-

2029 1986 2139 2048 pus
2159 1968 2315 2058 apud
2341 1987 2406 2031 se
2429 1969 2670 2031 tandem
2707 1969 2876 2050 id,de
2897 1990 3014 2052 quo
3037 1971 3676 2058 deliberarat,omnino

283 2071 402 2149 ρέὺς
460 2067 585 2147 παρ’
620 2069 788 2140 ἑαυτῷ
838 2067 1050 2130 πάντως
1112 2067 1172 2121 τὸ
1221 2061 1634 2140 βεϐουλευμένον
1687 2063 1937 2134 ποιῆσαι,

2029 2057 2295 2149 εξεθίιυὶ,
2336 2075 2447 2120 nec
2489 2066 2673 2120 totum
2704 2061 2992 2140 templum
3025 2078 3095 2122 ex
3124 2079 3195 2122 eo
3226 2059 3406 2140 quod,
3431 2077 3573 2149 quae
3600 2057 3673 2119 ad

282 2145 380 2216 καί
429 2160 508 2234 μὴ
542 2145 907 2234 -παραϐλέπειο
973 2154 1112 2211 οὕτω
1153 2151 1411 2231 ἄσχημον
1467 2150 1590 2208 ὅλον
1646 2153 1737 2208 τὸν
1789 2152 1934 2222 ναὸν,

2029 2145 2187 2207 illius
2244 2156 2518 2209 ornatum
2572 2157 2934 2230 spectarent,
2971 2149 3353 2230 perfectionis
3409 2148 3679 2210 defectus

284 2247 373 2303 διὰ
427 2248 490 2302 τὸ
531 2243 714 2301 σϐέσαι
770 2245 832 2300 τὸ
873 2248 972 2310 τῆς
1034 2243 1194 2300 αὐτοῦ
1253 2241 1536 2316 εὐκοσμίας
1593 2238 1936 2318 ἀπλήρωτον,

2029 2235 2398 2318 obscuraret,
2457 2237 2536 2298 ita
2591 2237 2940 2301 indecorum
2997 2258 3274 2312 cernere,
3349 2236 3674 2300 constituit.

285 2335 421 2393 Τότε
504 2333 571 2401 δὴ
628 2334 818 2389 λοιπὸν
887 2331 1095 2388 εὐδοκία
1175 2333 1309 2387 Θεοῦ
1383 2331 1470 2386 καὶ
1529 2331 1557 2385 6
1628 2325 1940 2392 πανένδοξος

2029 2323 2195 2386 Tunc
2217 2335 2412 2387 autem
2439 2327 2546 2389 Dei
2570 2326 2986 2389 benevolentia
3007 2328 3470 2408 gloriosissimus
3497 2327 3676 2388 etiam

281 2423 577 2504 ἀθλοφόρος
636 2420 812 2488 ἤνοιξε
858 2421 954 2488 τὴν
999 2433 1165 2500 χεῖρα
1196 2421 1295 2487 τὴν
1337 2418 1583 2497 ἄφθονον,
1632 2419 1718 2474 καὶ
1767 2417 1935 2473 ὀπτά.

2029 2415 2420 2476 certaminum
2454 2416 2645 2477 victor
2699 2435 2936 2478 manum
2969 2417 3368 2479 abundantem
3418 2416 3675 2496 aperuit,

281 2535 432 2570 νεται
502 2513 564 2568 τὸ
624 2511 793 2589 ερίτον
860 2517 939 2584 τῷ
1009 2507 1345 2587 πρεσϐυτέρῳ
1409 2507 1602 2585 λέγων·
1669 2505 1944 2563 Ἀπελθὼν

2029 2504 2330 2584 tertioque
2357 2505 2706 2584 presbytero
2733 2507 3032 2586 apparuit,
3058 2507 3304 2568 dicens:
3340 2504 3562 2568 Abiens
3581 2505 3679 2566 dic

279 2602 521 2669 λάλησον
591 2607 668 2674 τῷ
739 2599 1040 2672 ἓπισκόπῴ.
1117 2599 1204 2665 Μὴ
1292 2596 1564 2674 ὀλιγώρει,
1624 2595 1784 2652 πλέον
1853 2597 1944 2652 σοῦ

2031 2593 2355 2674 episcopo:
2389 2595 2481 2656 Ne
2513 2596 2780 2656 animum
2825 2596 3256 2676 desponderas,
3290 2593 3478 2674 magis
3507 2593 3678 2674 mihi,

285 2691 446 2768 μὲλαι
505 2712 597 2766 μοι
629 2692 748 2765 περὶ
789 2689 882 2746 τοῦ
912 2688 1066 2745 οῗκου
1114 2709 1218 2762 μου
1247 2689 1335 2744 καὶ
1364 2691 1462 2752 τῆς
1507 2685 1740 2759 πόλεως,
1776 2683 1944 2760 μηδὲν

2037 2699 2211 2761 quam
2247 2681 2374 2758 tibi,
2412 2683 2629 2745 domus
2678 2703 2810 2746 mea
2841 2692 2902 2746 et
2931 2685 3140 2747 civitas
3170 2702 3329 2748 cura;
3372 2691 3483 2764 est,
3517 2682 3678 2745 nulla

279 2779 610 2858 μεριμνέσῃς
621 2825 635 2839 .

2029 2771 2104 2832 de
2139 2789 2205 2832 re
2243 2771 2326 2834 sis
2358 2772 2672 2834 sollicitus.

363 2867 472 2932 νς¹.
529 2868 704 2926 Ταῦτα
761 2868 789 2922 6
841 2864 1190 2946 πρεσϐύτερος
1241 2864 1494 2935 ἀκούσας,
1541 2862 1722 2940 δρόμῳ
1776 2875 1944 2942 ταχεῖ

2107 2860 2206 2923 56.
2240 2859 2379 2922 Haec
2409 2879 2546 2922 cum
2577 2861 2907 2942 presbyter
2927 2860 3475 2942 audivisset,celeri
3497 2860 3677 2922 simul

284 2957 378 3012 σὺν
439 2954 618 3022 πολλῆ
649 2961 793 3034 χαρᾷ
851 2955 1102 3029 μηνυθεὶς
1156 2959 1234 3027 τῷ
1291 2954 1730 3032 ἂρχιεπισκόπῳ,
1763 2953 1941 3029 ἀνήγ-

2029 2965 2203 3011 cursu
2237 2958 2295 3009 et
2325 2949 2510 3012 multa
2541 2951 2764 3031 laetitia,
2801 2969 2936 3012 cum
2966 2951 3419 3031 archiepiscopo
3448 2968 3678 3011 renun-

287 823 427 899 ὑλκῇ
455 830 548 878 τοῦ
579 823 802 900 ἆργύρου
837 837 852 895 ;
915 817 1080 881 Οἶδας
1114 817 1194 874 ὅτι
1251 816 1465 873 ὕπεστιθ
1510 813 1670 878 ἄλλος
1701 813 1893 892 τρόπος
1928 828 1944 887 ;

293 911 449 970 Εἰπέ
501 913 544 967 εἰ
587 908 642 966 δὲ
701 910 760 966 οὔ
817 908 1019 988 λέγεις³
1051 909 1130 984 μὴ
1190 907 1470 984 κατάκρινε
1513 909 1816 984 προπετῶς,
1850 926 1944 982 φι-

288 999 534 1081 λοσοφῶν
575 1001 652 1062 εἷς
681 999 774 1065 τὰς
804 997 1083 1076 ἀλλοτρίας
1108 995 1334 1073 θλίψεις,

285 3044 463 3123 γειλεν
548 3047 714 3116 αὐτῷ,
777 3045 866 3100 καὶ
951 3042 1334 3121 εὐηγγελίσατο
1413 3041 1701 3120 ἀμέριμνον
1786 3043 1942 3098 αὑτὸν

287 3133 584 3206 διαμένειν,
634 3133 906 3212 Δακρύσας
957 3135 1047 3188 οὖν
1105 3135 1134 3188 6
1191 3133 1642 3211 ἀρχιεπίσκοπος,
1673 3130 1770 3187 καί
1829 3153 1943 3186 πα-

288 3223 582 3300 ταπλαγεὶς
641 3222 740 3289 τάν
797 3221 1123 3288 τηλικαύτῆν
1182 3229 1275 3279 τοῦ
1333 3221 1624 3298 ἀθλοφόρου
1674 3220 1944 3297 συγκατά-

291 3310 442 3369 ϐασίν
473 3334 527 3368 τε
588 3313 674 3368 καὶ
733 3312 1008 3389 πρόνοιαν,
1046 3313 1134 3368 καὶ
1183 3311 1468 3374 πιστεύσας
1529 3310 1582 3381 ἐζ
1643 3308 1772 3376 ὅλης
1814 3331 1947 3386 καρ-

290 3399 402 3462 δίας
461 3407 528 3477 τῇ
599 3400 891 3480 ὑποσχέσει
947 3405 1128 3479 αοότοῦ,
1179 3399 1247 3468 ἢν
1307 3400 1561 3478 πρότερον
1631 3398 1729 3454 οὒκ
1755 3399 1947 3477 ἐφανέ-

292 3512 406 3568 ρου,
441 3487 525 3546 διὰ
560 3491 622 3546 τὸ
672 3511 740 3566 με
793 3497 932 3568 ζονι,
968 3490 1152 3563 οἶμαι,
1186 3489 1384 3566 ἀγωνίᾳ
1436 3491 1529 3550 τὰς
1561 3489 1744 3567 ψυχὰς
1789 3489 1950 3562 ἡμῶν

291 3578 683 3652 δοκιμάζεσθαι·
763 3579 941 3658 βραχύ
971 3600 1020 3635 τι
1078 3577 1172 3634 τοῦ
1218 3574 1572 3655 πρεσϐυτέρου
1630 3575 1945 3642 ὑπεξεὶθόν-

281 3687 400 3738 τος,
464 3669 550 3724 καὶ
627 3673 820 3743 μικρᾶς
883 3665 1024 3742 ὥρας
1104 3665 1558 3744 περιπλευσάσης,
1622 3663 1766 3742 λέγει
1825 3677 1944 3726 τοῖς

280 3756 511 3823 πλησίον
587 3758 874 3814 ἀκούσασιν
934 3762 1041 3813 τῶν
1107 3762 1398 3822 τηνικαῦτα
1467 3753 1733 3832 ῥηθέντων
1801 3754 1945 3831 παρὰ

214 3873 229 3882 υ
279 3853 375 3903 τοῦ
446 3845 798 3923 πρεσϐυτέρου
854 3845 1133 3922 ῥημάτων·
1203 3845 1478 3918 Μείνωμεν
1536 3841 1736 3921 ὀλίγον,
1795 3840 1948 3898 ἀδελ-

282 3935 392 4014 φοί·
449 3933 683 4010 ἀψευδὴς
713 3935 813 4011 γὰρ
876 3936 1032 4003 ἢτοῦ
1083 3931 1378 4010 ἀθλοφόρου
1405 3931 1723 4011 ὑπόσχεσις.
1785 3929 1946 3989 Οὔπω

285 4022 341 4079 δὲ
403 4022 597 4104 σχεδὸν
629 4026 692 4080 τὸ
749 4023 895 4101 ῥῆμα
954 4023 1325 4101 πεπληρώκει,
1358 4023 1446 4077 καί
1491 4043 1576 4084 τις
1631 4024 1731 4077 τῶν
1789 4019 1946 4077 αὐτοῦ

286 4133 474 4191 φησιν,
537 4104 595 4170 Ὀ
638 4113 815 4188 κύριος
864 4117 1050 4178 Μηνᾶς
1099 4111 1323 4166 ’ἵσταται
1366 4111 1536 4183 κάτω,
1569 4110 1656 4165 καὶ
1698 4109 1764 4165 τὰ
1810 4108 1945 4164 ὑπέ-

285 4222 413 4279 τερα
474 4199 614 4278 ἴχνη
688 4199 1123 4257 κατασπάσασθαι
1196 4197 1466 4274 βούλεται,
1541 4198 1757 4276 φάσκων
1847 4196 1949 4270 ἰδίᾳ

285 4289 460 4346 θέλειν
511 4303 868 4366 προσανοῐσαι
941 4287 1074 4362 ὑμῖν
1137 4304 1276 4344 τινα·
1340 4285 1425 4343 διὰ
1480 4294 1635 4343 τοῦτο
1691 4288 1790 4365 γὰρ
1858 4280 1946 4343 καὶ

284 4385 368 4452 τῷ
422 4400 642 4451 παροντι
701 4384 868 4458 καιρῷ
929 4375 1261 4444 ἐληλυθέναι⁹
1328 4378 1394 4445 ἦν
1454 4375 1508 4433 δὲ
1553 4376 1664 4455 ὥρα
1724 4376 1944 4451 πέμπτη

282 4468 381 4534 τῆς
413 4469 637 4562 niueae.

2026 3037 2209 3100 tiatus
2260 3037 2489 3110 fuisset,
2545 3039 2598 3100 ei
2657 3040 2912 3120 exposit,
2975 3040 3302 3118 edixitque,
3338 3047 3401 3100 ut
3455 3038 3681 3119 absque

2031 3145 2176 3190 cura
2235 3136 2521 3191 maneret.
2577 3130 2930 3210 Lacrymans
2971 3129 3144 3208 igitur
3194 3127 3681 3208 archiepiscopus

2030 3234 2100 3277 ac
2160 3216 2335 3278 talem
2388 3217 2780 3278 certaminum
2843 3217 3081 3279 victoris
3136 3217 3560 3279 demissionem
3623 3225 3682 3278 et

2031 3323 2232 3366 curam
2287 3305 2607 3381 admirans,
2642 3315 2884 3383 totoque
2938 3325 3008 3368 ex
3066 3306 3249 3368 corde
3298 3305 3684 3386 promissioni

2033 3396 2186 3474 ejus,
2215 3413 2389 3474 quam
2426 3396 2613 3475 prius,
2645 3403 2712 3456 ut
2756 3396 2992 3476 majori,
3026 3405 3190 3476 puto,
3222 3395 3437 3456 animae
3467 3404 3684 3458 nostra;

2033 3484 2330 3546 anxietate
2352 3483 2770 3564 probarentur,
2807 3486 2999 3565 palam
3033 3485 3193 3547 haud
3230 3485 3471 3558 fecerat,
3501 3485 3683 3546 fidem

2030 3573 2346 3646 adhibens,
2393 3572 2753 3654 praesbytero
2805 3575 3044 3654 paulum
3109 3593 3346 3654 egresso
3396 3573 3682 3656 brevique

2031 3670 2304 3742 tempore
2326 3663 2552 3741 elapso,
2577 3663 2994 3742 praesentibus,
3023 3663 3123 3739 qui
3147 3662 3348 3735 verba,
3369 3679 3401 3724 a
3425 3660 3681 3741 presby-

2030 3758 2156 3810 tero
2212 3761 2349 3811 tunc
2402 3751 2582 3829 dicta,
2619 3752 2986 3832 audiverant,
3016 3751 3200 3812 dixit:
3261 3749 3683 3830 Exspectemus

2030 3838 2355 3920 paulisper,
2389 3839 2601 3900 fratres
2633 3861 2648 3916 ;
2679 3858 2816 3900 vera
2856 3841 3013 3901 enim
3047 3848 3137 3901 est
3167 3839 3554 3900 certaminum
3592 3839 3676 3900 vi-

2029 3928 2205 3988 ctoris
2239 3928 2576 4006 promissio.
2627 3928 2896 3991 Necdum
2931 3937 3124 3989 autem
3160 3927 3282 3988 fere
3331 3945 3672 3989 sermonem

2028 4016 2380 4097 absolverat,
2415 4026 2590 4097 atque
2638 4017 2854 4098 aliquis
2885 4037 2918 4079 e
2965 4017 3308 4080 domesticis
3356 4017 3486 4097 ejus
3536 4017 3669 4080 ait:

2030 4107 2319 4168 Dominus
2373 4108 2623 4168 Mennas
2681 4107 2836 4168 infra
2895 4116 3032 4178 stat,
3061 4115 3374 4188 vestraque
3433 4105 3678 4186 vestigia

2031 4195 2157 4254 vult
2197 4194 2500 4274 amplecti,
2533 4195 2839 4256 affirmans
2883 4214 3016 4256 sese
3048 4195 3220 4256 vobis
3251 4214 3352 4254 sua
3401 4193 3672 4273 quaedam

2033 4283 2185 4345 velle
2216 4283 2435 4344 offerre
2470 4305 2486 4360 ;
2523 4283 2657 4345 ideo
2691 4284 2850 4346 enim
2882 4283 3157 4360 praesenti
3210 4295 3484 4364 tempore
3519 4283 3676 4364 (erat

2029 4379 2228 4436 autem
2263 4372 2381 4436 dici
2407 4374 2554 4434 liora
2583 4373 2810 4454 quinta)
2847 4391 2980 4435 sese
3012 4372 3270 4436 venisse.

380 4557 470 4626 ιζ’.
533 4545 624 4616 ”ος
677 4553 909 4612 ἀνελθὼν
957 4554 1100 4633 λέγει
1149 4561 1226 4629 τῷ
1283 4555 1714 4634 ἀρχιεπισκόπῳσ
1752 4553 1938 4612 Ἐπει-

2105 4551 2204 4614 57.
2238 4551 2350 4624 Qui
2382 4571 2514 4612 cum
2572 4550 2962 4628 ascendisset,
2996 4551 3142 4613 dixit
3169 4550 3620 4630 archiepiscopo
3658 4571 3672 4610 :

282 4643 352 4711 δὴ
387 4643 560 4701 πολλὰ
630 4645 894 4723 χρεωστῶ
950 4644 1028 4717 τῷ
1086 4641 1384 4716 πανενδὸξῳ
1445 4645 1665 4721 μάρτυρι
1741 4651 1940 4717 Δημη-

280 4733 435 4808 τρί’ρ,
497 4731 760 4796 πολλάκις
841 4754 907 4808 με
979 4735 1039 4788 ὲκ
1117 4730 1369 4788 κινδύνων
1450 4733 1540 4788 καὶ
1611 4731 1771 4790 αὑτοῦ
1850 4739 1943 4788 τοῦ

279 4824 510 4879 θανάτου
565 4820 865 4898 ῥυσαμένῳ,
912 4819 1195 4882 πλεονάκις
1252 4819 1481 4896 ὥρμησα
1554 4820 1614 4876 ἐκ
1670 4825 1768 4887 τῆς
1840 4821 1942 4876 ὑπὸ

281 4918 418 4968 Θεοῦ
473 4908 800 4988 δωρηθιίσης
863 4933 953 4984 μοι
1005 4910 1306 4988 περιουσίας
1363 4909 1578 4983 μέτριόν
1625 4932 1677 4965 τι
1735 4931 1942 4977 προσα-

278 5011 476 5077 γαγεῖν
553 5005 631 5071 τῷ
697 4998 986 5071 πανσέπτῳ
1061 5001 1219 5057 αὐτοῦ
1283 5004 1406 5070 δαῷ,
1469 4997 1556 5054 καὶ
1636 4998 1946 5073 ἧσθανόμην

277 5090 420 5146 κατα
451 5088 638 5168 ψυχὴν
679 5087 861 5167 ὥσπερ
904 5089 1022 5144 τινὰ
1081 5084 1447 5142 συλλαλοῦντὰ
1504 5108 1621 5165 μοι,
1653 5086 1733 5142 ὅτι
1791 5085 1944 5142 Ἀνά·

280 5199 490 5254 μεινον,
554 5180 648 5235 οὐκ
717 5175 828 5233 ἔστι
913 5175 1120 5254 καιρός.
1194 5177 1433 5252 Ζήμερον
1511 5172 1590 5252 δὲ,
1653 5175 1947 5250 παμμακά-

277 5287 430 5346 ριστε
488 5266 685 5343 Πάτερ,
733 5266 838 5322 ἀπὸ
893 5269 1040 5342 πρωῒ
1086 5265 1256 5344 μέχρι
1317 5263 1515 5330 ταύτης
1559 5268 1657 5328 τῆς
1711 5262 1849 5340 ὥρας
1895 5265 1942 5322 οἱ

277 5357 534 5431 λογισμοί
584 5376 650 5430 με
723 5359 1011 5411 συνωθοῦσι
1071 5352 1345 5431 λέγοντες,
1398 5352 1478 5408 ὅτι
1539 5352 1852 5430 Προσάγαγε
1910 5355 1944 5409 ἃ

280 5443 552 5508 πολλάκις
610 5443 920 5523 ἐπηγγείλω
962 5449 1040 5515 τῷ
1099 5442 1401 5523 ἀθλοφόρῳ,
1463 5439 1544 5500 ὅτι
1617 5447 1704 5497 νῦν
1760 5444 1945 5518 καιρὸς

280 5531 690 5610 εὔπρόσδειιτος,
750 5535 932 5589 καὶτὸ
963 5533 1128 5607 δῶρον
1187 5532 1239 5587 έν
1273 5531 1479 5610 ἀργύρῳ
1535 5529 1673 5610 ἤτω,
1719 5533 1805 5588 καὶ
1864 5532 1942 5606 μὴ

280 5623 341 5680 ἐν
397 5625 608 5703 χρυσῷ,
672 5621 871 5696 Δέομαι
926 5621 1016 5680 οὗν
1046 5621 1136 5689 τῆς
1192 5621 1495 5698 ἁγιωσύνης
1527 5643 1642 5700 σου,
1677 5621 1754 5696 μὴ
1805 5620 1944 5678 ἀπο-

2027 4638 2169 4703 Cnm
2203 4639 2635 4718 gloriosissimo
2667 4644 2903 4720 martyri
2933 4643 3249 4715 Demetris,
3269 4641 3370 4721 qui
3399 4659 3493 4700 me
3518 4658 3676 4720 saepe

2025 4747 2098 4791 ex
2153 4729 2431 4809 periculis
2461 4738 2640 4810 atque
2672 4733 2794 4810 ipsa
2830 4739 3022 4791 morte
3059 4730 3303 4808 eripuit,
3338 4729 3520 4790 multa
3567 4729 3676 4790 de-

2026 4817 2528 4890 beam,modicum
2554 4820 2692 4898 quid
2712 4839 2744 4875 e
2766 4819 2918 4880 datis
2940 4819 3084 4880 mihi
3107 4822 3278 4882 aDeo
3304 4819 3676 4881 facultatibus

2029 4907 2252 4985 templo
2271 4907 2402 4986 ejus
2431 4925 2608 4986 quam
2634 4911 2891 4969 maxime
2913 4908 3250 4969 venerando
3281 4909 3498 4970 offerre
3521 4927 3680 4987 saepe

2028 4995 2569 5075 desideravi,atque
2591 4998 2846 5078 aliquem
2875 4997 3035 5058 velut
3059 4997 3130 5058 ad
3164 4997 3680 5078 animam,Exspe-

2029 5094 2124 5146 cta
2179 5083 2457 5164 quoniam
2491 5091 2726 5163 tempus
2777 5097 3175 5166 opportunum
3210 5105 3327 5147 non
3383 5094 3496 5166 est,
3529 5085 3678 5147 mihi

2031 5173 2332 5234 dicentem
2384 5173 2566 5236 sensi.
2601 5171 2794 5235 Hodie
2844 5192 3004 5247 vero,
3038 5174 3384 5237 beatissime
3414 5177 3611 5253 Pater,
3644 5193 3680 5235 ε

2028 5282 2202 5324 mane
2223 5281 2409 5343 usque
2424 5263 2495 5323 ad
2519 5263 2672 5324 lianc
2697 5265 2902 5324 horam
2929 5264 3322 5343 cogitationes
3341 5284 3436 5326 me
3457 5265 3676 5344 impel-

2031 5351 2158 5413 lunt
2186 5352 2490 5416 dicentes:
2516 5349 2659 5424 Quae
2687 5371 2846 5434 saepe
2875 5355 3270 5416 certaminum
3302 5353 3508 5416 victori
3532 5371 3676 5432 pro-

2030 5441 2408 5522 misisti,quia
2439 5459 2597 5502 nunc
2630 5451 2863 5523 tempus
2890 5443 3256 5524 acceptabile
3288 5450 3398 5517 est,
3425 5443 3538 5521 fer,
3565 5442 3675 5502 do-

2026 5548 2293 5615 numque
2341 5538 2502 5590 tuum
2557 5528 2617 5591 in
2661 5541 2930 5611 argento,
2965 5550 3076 5594 nec
3123 5532 3184 5592 in
3217 5549 3361 5593 auro
3407 5531 3506 5593 sit.
3556 5529 3676 5593 Oro

2025 5620 2202 5702 igitur
2233 5619 2600 5683 'sanctitatem
2637 5628 2819 5698 tuam,
2846 5639 2920 5684 ne
2951 5630 3179 5684 avertas
3213 5639 3447 5683 servum
3483 5630 3670 5697 tuum,
