4100 6408
273 410 299 477 1
313 406 432 480 249

1352 410 1414 480 S.
1461 411 1840 484 DEME’I‘RII
1884 404 2286 478 MARTYRIS
2327 404 2548 476 ACTA.

3490 402 3644 478 1250

270 551 424 626 άγιον
481 551 635 604 οἷκον
713 553 806 604 τοῦ
886 548 1189 606 πανσέπτου
1265 551 1576 634 ἀθλοφόρου,
1639 555 1754 632 εὗρε
1826 553 1916 609 τὸν

2021 545 2398 609 :ertaminum
2419 546 2658 608 victoris
2673 546 2929 609 maxime
2942 547 3266 610 venerandi
3281 546 3520 609 domum
3541 548 3641 612 hic

270 641 556 720 εἰρημένου
601 639 897 718 ἔμπροσθεν
953 648 1058 697 τῶν
1101 642 1368 721 ἀργυρέων
1402 649 1566 723 θυρῶν
1615 647 1710 704 τοῦ
1741 645 1918 702 ἐκεῖσε

269 729 568 808 λεγομένου
621 727 890 806 κιίωρίου,
938 729 1118 809 ἀχατδῆ
1179 735 1266 789 καὶ
1326 733 1522 814 σχεδον
1566 736 1783 814 ἄπνουν,
1823 735 1917 790 καί

269 822 380 878 τῶν
437 818 802 896 νεκρωθέντων
877 817 1025 875 οὐδὲν
1082 817 1422 899 διαφέροντα.
1497 814 1590 887 εΩς
1650 822 1703 880 δὲ
1761 827 1920 880 τεθο-

271 907 474 990 ρύϐητο
518 909 635 986 περὶ
678 913 769 962 τοῦ
813 907 965 986 φίλου
1009 909 1036 963 6
1069 909 1202 988 ἀνὴρ
1253 913 1590 992 συμπάσχων
1651 913 1746 970 καί
1784 934 1917 969 πεν-

269 1002 379 1056 θῶν
433 1000 519 1054 ἐπὶ
570 1001 647 1070 τῷ
703 993 962 1071 συμϐάντι
1021 997 1190 1078 μάλα,
1271 1000 1427 1072 μόλις
1492 1003 1626 1076 μετὰ
1676 1002 1922 1067 πλείονας

271 1087 418 1166 ὥρας
476 1088 548 1151 εἷς
596 1087 782 1142 ἑαυτὸν
846 1084 1013 1142 ὶλθὼν
1079 1089 1106 1143 6
1156 1091 1526 1171 Ὀνησιφόρος,
1584 1094 1671 1148 καὶ
1729 1091 1922 1170 γνωρί-

272 1197 373 1239 σας
429 1177 521 1231 τὸν
575 1174 928 1252 ἀναγνώστην
985 1176 1056 1241 ὡς
1123 1176 1274 1256 φίλον
1331 1182 1552 1258 γνήσιον
1612 1185 1921 1258 πενθοῦντα,

275 1267 369 1322 καὶ
423 1264 757 1344 πεφυρμένον
799 1274 916 1328 τοῖς
961 1261 1174 1344 δάκρυσι
1217 1263 1365 1345 λέγει
1409 1271 1540 1348 πρὸς
1586 1271 1766 1344 αὐτὸν,
1829 1269 1927 1324 Διὰ

275 1355 342 1410 τὸ
385 1352 589 1420 συμϐάν
633 1375 746 1428 μοι,
792 1351 938 1431 κύριέ
1005 1375 1108 1428 μου
1178 1354 1419 1434 Εὒσέϐιε,
1486 1357 1722 1436 δακρύεις
1762 1377 1778 1433 ;
1823 1363 1928 1415 Τοῦ

278 1441 339 1500 δὲ
396 1443 838 1521 κατανεύσαντος,
897 1440 1014 1498 οὔδέ
1086 1445 1186 1522 γὰρ
1237 1444 1468 1513 λαλῆσαι
1532 1446 1616 1503 διὰ
1674 1447 1776 1513 τὴν
1826 1445 1922 1502 λύ-

280 1553 395 1598 πην
445 1527 738 1609 ἐξίσχυσεν,
797 1527 942 1608 λέγει
995 1530 1161 1605 αὐτῷ.
1221 1535 1328 1591 Οὐκ
1378 1533 1605 1614 ὀφείλεις
1666 1533 1925 1612 δαγρόειν,

280 1619 406 1676 ἀλλ’
441 1621 486 1676 εί
543 1618 753 1699 ἀγαπᾷς
799 1639 887 1696 με,
936 1619 1114 1698 ὄρυξον
1161 1635 1454 1704 μνημεῖον,
1489 1626 1578 1681 καὶ
1631 1630 1806 1694 ζῶντα
1863 1643 1929 1698 με

283 1709 629 1789 καταχωσον.

367 1797 470 1864 ξα’.
535 1798 638 1857 Τοῦ
683 1800 738 1856 δὲ
794 1798 1240 1880 διαταραχθέντος
1295 1804 1380 1860 επὶ
1429 1806 1506 1877 τῷ
1534 1801 1812 1882 παραδόξῳ
1840 1806 1932 1857 τοῦ

2002 643 2162 698 esset
2191 635 2882 716 ingressus,praedictum
2909 637 3140 698 invenit
3163 644 3302 699 ante
3333 645 3644 717 argenteas

2002 725 2224 786 ibidem
2256 726 2622 798 exsistentis,
2660 735 2724 786 ut
2754 725 3242 800 vocatur,ciborii
3263 726 3479 804 januas
3508 746 3644 789 mu-

2003 822 2124 876 tum
2156 833 2223 876 ac
2253 815 2380 877 fere
2410 817 2745 877 exanimem
2804 815 3070 892 nihilque
3121 834 3153 876 a
3188 816 3436 878 mortuis
3465 816 3646 878 diffe-

2003 911 2256 964 rentem.
2295 902 2437 966 Cum
2471 913 2669 965 autem
2725 903 3018 980 vir,amici
3081 904 3641 982 commiserescens,

2005 991 2200 1072 deque
2226 1010 2314 1072 re,
2349 1010 2481 1073 quae
2512 993 2832 1066 acciderat,
2869 993 3100 1069 dolens,
3164 1003 3322 1056 esset
3351 993 3646 1078 turbatus,

2007 1097 2162 1159 {egre
2193 1081 2516 1142 admodum
2571 1091 2699 1162 post
2751 1083 2952 1160 plures
3001 1085 3178 1145 horas
3236 1081 3648 1165 Onisephorus

2007 1172 2078 1231 ad
2110 1188 2177 1230 se
2205 1187 2498 1232 reversus.
2558 1171 2990 1252 lectoremque,
3041 1181 3103 1233 ut
3133 1172 3458 1251 genuinum
3491 1173 3646 1234 ami-

2009 1277 2144 1320 cum
2170 1259 2597 1321 lamentantem
2626 1260 3021 1342 lacrymisque
3071 1261 3354 1324 fcedatum
3401 1262 3647 1342 conspi-

2011 1355 2176 1409 catus
2207 1346 2355 1408 dixit
2386 1348 2455 1408 ad
2493 1367 2627 1409 eum
2666 1369 2680 1411 :
2714 1348 2802 1411 Ob
2837 1350 3002 1424 idne,
3040 1350 3194 1430 quod
3233 1350 3378 1412 mihi
3407 1352 3647 1428 accidit,

2013 1438 2091 1496 mi
2121 1435 2362 1496 domine
2387 1436 2634 1518 Eusebi,
2672 1438 3058 1520 lacrymaris?
3088 1439 3296 1501 Eidem
3321 1448 3517 1501 autem
3543 1459 3652 1502 ca-

2013 1526 2135 1605 pite
2186 1533 2404 1606 (neque
2434 1526 2593 1588 enim
2631 1545 2750 1608 prae
2781 1528 2988 1590 dolore
3039 1527 3202 1609 loqui
3249 1529 3510 1609 poterat)
3541 1548 3652 1590 an-

2014 1613 2224 1676 nuenti
2253 1615 2401 1676 dixit
2434 1637 2448 1674 :
2498 1617 2840 1696 Lacrymari
2873 1617 3029 1678 haud
3062 1617 3271 1697 debes,
3307 1617 3436 1692 sed,
3484 1619 3532 1678 si
3561 1636 3658 1681 me

2014 1722 2200 1783 amas,
2233 1704 2578 1784 sepulcrum
2613 1705 2773 1783 fode,
2807 1711 3126 1786 vivumque
3155 1724 3250 1768 me
3274 1706 3488 1786 sepeli.

2097 1793 2316 1856 61.1llo
2345 1812 2484 1855 vero
2515 1813 2623 1874 per
2653 1795 2869 1856 mirum
2891 1814 3231 1857 sermonem
3252 1795 3485 1856 turbato
3510 1795 3655 1856 tris-

284 1887 474 1969 λόγου,
546 1889 634 1944 καὶ
718 1893 1035 1968 σκυθρωπῶς
1113 1892 1424 1972 είρηκότος,
1503 1881 1654 1955 Τίνος
1741 1891 1924 1971 χάριν,

2021 1881 2173 1972 lique
2204 1883 2363 1944 vultu
2395 1883 2632 1944 dicente
2671 1904 2684 1944 :
2719 1885 3037 1964 Cujusnam
3071 1885 3156 1946 rei
3188 1885 3394 1964 gratia,
3429 1882 3658 1946 frater?

283 1976 531 2056 ἀδελφές
576 1978 786 2043 ἐκεῖνος
843 1979 1184 2059 ἀπεκρίνατο,
1248 1981 1326 2038 ὅτι
1399 1981 1696 2059 Περιέπεσα
1755 1979 1931 2060 σφάλ-

286 2087 439 2142 ματι,
486 2065 590 2140 οἴῳ
661 2065 798 2140 μηδὲ
855 2070 1116 2145 μειρακίῳ
1173 2068 1238 2136 δὴ
1304 2077 1426 2127 νιοῦν
1469 2068 1933 2148 περιπεπτωκέναι

286 2156 422 2212 ποτέ
477 2155 745 2220 πιστεύεις
790 2155 876 2232 ἂν,
908 2157 997 2236 ὑφ’
1029 2157 1089 2213 οὗ
1121 2160 1206 2214 καί
1255 2160 1501 2236 μεγάλως
1553 2160 1644 2215 τὸν
1705 2157 1936 2237 ἀθλοφό-

289 2266 382 2324 ρον
425 2242 724 2326 παρώξυνα,
785 2249 858 2310 ὡς
919 2244 1052 2322 μηδὲ
1104 2249 1391 2326 πρόσωπόν
1466 2269 1533 2324 με
1605 2251 1697 2304 τοῦ
1752 2246 1939 2302 λοιποῦ

293 2334 447 2414 ἔχειν
503 2336 568 2391 τὰ
613 2334 861 2414 πρόπυλα
923 2343 1018 2392 τοῦ
1064 2345 1190 2394 ναοῦ
1243 2341 1403 2396 αὐτοῦ
1449 2337 1743 2418 θεωρῆσαι,
1804 2337 1935 2411 μήτι

289 2443 353 2501 γε
413 2423 488 2498 τῷ
528 2425 664 2501 ἁγίῳ
719 2428 876 2484 αὐτοῦ
933 2425 1020 2480 καὶ
1097 2426 1414 2503 ἡγιασμένῳ
1471 2426 1704 2505 κιϐωρίῳ
1762 2447 1935 2501 προσ-

292 2517 516 2588 ψαῦσαι.
575 2520 678 2572 Τοῦ
733 2510 789 2570 δὲ
874 2513 1214 2591 ἀναγνώστου
1298 2515 1592 2582 τηνικαῦτα
1651 2513 1938 2572 καταστεί-

293 2598 486 2668 λαντος
541 2602 640 2670 τὴν
689 2601 902 2669 πολλὴν
945 2606 1104 2662 αὐτοῦ
1143 2603 1365 2680 ἂθυμίαν
1407 2605 1495 2661 καὶ
1539 2605 1797 2683 σύγχὺσιδ
1855 2600 1942 2658 διὰ

291 2696 402 2747 τῶν
444 2691 658 2770 πραέων
715 2692 804 2748 καὶ
847 2695 1238 2771 παραινετικῶν
1294 2697 1454 2752 αὐτοῦ
1514 2693 1794 2772 ῥημάτων,
1854 2692 1944 2747 καὶ

292 2780 481 2844 πείσας
540 2780 916 2860 ἀφηγήσασθαι
986 2782 1048 2837 τὸ
1112 2780 1341 2862 συμϐὰν,
1386 2782 1552 2848 οὕτως
1609 2780 1804 2860 ἤρξατο
1847 2780 1942 2836 λέ-

293 2891 413 2947 γειν
446 2888 461 2903 ο
508 2869 706 2949 Οἶσθα,
754 2869 1197 2951 προσφιλέστατε,
1243 2872 1342 2939 τὴν
1393 2873 1695 2944 συνήθειαν,
1760 2869 1944 2947 ὅτιπερ

297 2957 386 3014 δεῖ
415 2959 625 3024 πάντως
653 2972 848 3036 κηροῖς
881 2959 1322 3036 καταλάμπεσθαι
1359 2963 1421 3018 τὸ
1463 2958 1612 3016 ἔνδον
1653 2966 1747 3018 τοῦ
1775 2961 1941 3038 ἡγια-

295 3046 495 3124 σμένου
522 3049 710 3105 τούτου
737 3047 983 3119 κιϐωρίου
1016 3071 1032 3123 ;

2017 1971 2069 2032 is
2125 1971 2481 2051 respondit:
2544 1973 2692 2045 Quia
2747 1973 2808 2032 in
2861 1973 3170 2054 delictum,
3206 1973 3368 2053 quali
3395 1983 3656 2036 mentem

2017 2080 2127 2122 nec
2149 2062 2355 2141 juveni
2409 2061 2729 2140 aliquando
2783 2063 2965 2124 fuisse
3023 2071 3477 2144 conspurcatam
3519 2081 3658 2124 cre-

2018 2152 2148 2228 das,
2185 2151 2497 2232 prolapsus
2543 2172 2704 2234 sum,
2749 2172 2864 2234 quo
2898 2159 3072 2214 etiam
3107 2154 3497 2214 certaminum
3529 2153 3656 2215 vic~

2021 2249 2210 2302 torem
2247 2260 2605 2321 magnopere
2639 2241 2883 2318 irritavi,
2917 2242 3066 2304 adeo
3118 2251 3180 2304 ut
3230 2242 3508 2317 frontem,
3543 2260 3662 2323 quo

2024 2329 2228 2411 templi
2260 2333 2389 2408 ejus
2418 2331 2771 2393 vestibulum
2803 2331 3110 2412 aspiciam,
3148 2331 3365 2392 nedum
3389 2342 3662 2393 sanctum

2023 2419 2292 2499 ejusdem
2326 2439 2393 2482 ac
2423 2430 2718 2481 sacratum
2752 2419 3044 2483 ciborium
3098 2420 3404 2500 attingam,
3439 2421 3514 2482 de
3543 2438 3665 2481 cae-

2025 2519 2152 2570 tero
2186 2509 2340 2572 haud
2395 2509 2672 2573 habeam.
2729 2510 2874 2573 Cum
2931 2519 3130 2572 autem
3179 2509 3389 2588 lector,
3445 2526 3658 2591 magna

2022 2598 2154 2677 ejus
2183 2598 2523 2678 dejectione
2564 2598 2750 2660 animi
2809 2597 3387 2680 conturbationeque
3417 2597 3664 2661 mitibus

2025 2687 2152 2748 suis
2203 2688 2745 2769 adhortatoriisque
2795 2687 2991 2750 verbis
3049 2697 3190 2751 tunc
3243 2705 3552 2769 repressa,
3607 2687 3664 2750 ei

2026 2777 2229 2850 etiam,
2264 2784 2328 2838 ut
2359 2779 2514 2855 quod
2544 2777 2841 2840 acciderat
2878 2786 3199 2853 narrasset,
3247 2778 3554 2852 suasisset,
3585 2777 3668 2838 ita

2025 2866 2230 2928 dicere
2278 2866 2506 2947 incepit
2538 2889 2551 2926 :
2586 2865 3196 2942 Consuetudinemne,
3230 2864 3662 2940 amantissime,

2025 2973 2142 3036 qua
2171 2964 2467 3018 sacratum
2499 2955 2647 3017 illud
2677 2955 2968 3018 ciborium
3018 2956 3212 3018 cereis
3242 2955 3403 3018 intro
3432 2953 3664 3016 illumi-

2027 3046 2154 3106 nari
2188 3053 2443 3126 oportet,
2481 3045 2634 3108 nosti
2657 3051 2686 3108 ?

377 3104 488 3213 Eﬂ'.
541 3135 702 3212 Οἶδα,
758 3104 939 3216 φησίν.
1002 3104 1100 3195 lla!
1155 3145 1310 3196 τοῦτο
1368 3137 1424 3195 δὲ
1482 3141 1576 3196 οὒκ
1624 3139 1864 3218 ἀγνοεῖς,
1913 3140 1935 3194 6

2665 3104 2836 3216 illud,
2859 3136 3004 3198 dixit
3024 3133 3457 3215 Onesiphorus,
3488 3131 3663 3213 igno-

296 3224 647 3306 Ὀνησιφόρος
704 3225 826 3306 ἔφη,
881 3229 952 3290 ὡς
1009 3227 1231 3292 ἕκαστος
1273 3227 1396 3285 καθ’
1439 3228 1466 3284 ὅ
1497 3228 1560 3284 ἂν
1591 3229 1699 3308 ἔχῃ
1742 3228 1942 3302 προθέ-

296 3335 456 3394 σεως,
493 3316 707 3394 μικροὺς
741 3315 775 3383 τὶ
809 3315 1076 3394 μεγάλους
1127 3318 1305 3374 αὐτόθι
1357 3319 1640 3398 προσφέρει
1691 3320 1886 3394 διήρους
1925 3334 1941 3392 ;

301 3404 401 3462 Καὶ
449 3405 477 3459 6
532 3403 907 3486 ἆναγνώστης,
961 3404 1188 3473 Ἀληθὲς
1261 3407 1348 3463 καὶ
1406 3415 1584 3470 τοῦτο.
1640 3407 1786 3486 Ἐγὼ
1829 3408 1940 3478 οὖν,

294 3494 481 3573 φησὶν,
558 3496 631 3558 ὡς
713 3495 1113 3574 παραμονᾶριος
1176 3498 1398 3571 νομίσας
1457 3518 1945 3576 χρηματικωτερον

297 3595 598 3660 περιποιεῖν
656 3605 706 3639 τι
763 3585 851 3640 καὶ
893 3589 970 3657 τῷ
1041 3585 1175 3662 ἁγίῳ
1236 3587 1320 3640 καὶ
1380 3584 1619 3661 ἐμαυτῷ,
1651 3586 1717 3641 τὰ
1769 3584 1944 3652 ἀληθῆ

299 3674 402 3752 γὰρ
459 3672 584 3752 ἐρῶ,
646 3673 742 3730 ἐπὶ
798 3674 892 3731 καὶ
955 3674 1163 3732 ἅπαντα
1220 3677 1432 3753 γνωστὰ
1488 3683 1565 3750 τῷ
1625 3679 1763 3752 Θεῷ,
1829 3678 1946 3742 τοὺς

301 3764 403 3840 μὲν
461 3761 726 3842 μεγάλους
805 3771 912 3822 τῶν
985 3765 1428 3844 προσφερομένων
1512 3768 1702 3846 κηφῶν
1767 3789 1945 3837 παρα·-

301 3853 498 3932 χρῆμα
555 3849 852 3934 ἑσῖέννυον,
913 3852 1158 3934 λεπτοὺς-
1196 3852 1250 3909 δὲ
1306 3854 1420 3911 ἀντ’
1480 3857 1652 3912 αὐτῶν
1697 3853 1792 3912 καί
1847 3878 1944 3928 μι-

299 3929 458 4019 κροὺς
509 3941 774 4022 ἐπήγνυον
817 3929 1076 4004 καίεσθαι.
1136 3929 1313 4023 Ὣφθη
1375 3966 1466 4020 μοι
1523 3944 1612 4000 οὖν
1653 3946 1708 4002 ἒν
1759 3943 1944 4008 ὕπνοις

2024 3243 2143 3300 ras,
2179 3234 2242 3286 ut
2271 3227 2545 3306 quisque,
2574 3225 2908 3287 secundum
2940 3225 3100 3306 quod
3139 3224 3414 3285 habuerit
3446 3242 3668 3305 propo-

2027 3313 2230 3389 situm,
2285 3332 2499 3394 parvos
2554 3315 2643 3376 vel
2695 3333 2942 3394 magnos
2973 3333 3179 3377 cereos
3206 3313 3383 3374 isthic
3409 3314 3666 3378 oﬂ‘erat?

2027 3403 2113 3466 Ac
2141 3403 2326 3465 lector
2363 3426 2375 3462 :
2411 3403 2650 3466 Etillud
2676 3421 2879 3465 verum
2911 3413 3023 3466 est.
3059 3403 3179 3481 Ego
3211 3403 3414 3479 igitur,
3449 3403 3666 3484 inquit,

2030 3500 2094 3552 ut
2126 3493 2332 3574 templi
2376 3503 2601 3574 custos,
2654 3492 2858 3556 utilius
2889 3493 3026 3575 quid
3064 3503 3123 3554 et
3153 3492 3371 3553 Sancto
3403 3499 3461 3553 et
3521 3491 3668 3554 mihi

2029 3581 2199 3661 (vera
2229 3582 2414 3657 enim,
2451 3602 2583 3645 cum
2621 3592 2678 3645 et
2709 3587 2832 3648 Deo
2864 3591 3075 3645 cuncta
3104 3582 3220 3643 sint
3251 3590 3412 3658 nota,
3448 3581 3668 3661 praedi-

2030 3670 2205 3747 cabo)
2235 3681 2722 3752 comparaturum
2776 3691 2872 3734 me
2918 3682 3106 3752 ratus,
3141 3675 3398 3750 majores
3428 3671 3671 3751 quidem

2030 3777 2341 3822 cereorum
2365 3760 2702 3823 oblatorum
2737 3762 2933 3823 statim
2958 3761 3450 3837 exstinxi,eorum
3471 3768 3671 3822 autem

2029 3849 2162 3910 loco
2193 3857 2403 3912 tenues
2453 3859 2510 3912 et
2555 3868 2765 3931 parvos
2813 3848 3255 3914 comburendos
3285 3847 3492 3912 deﬁxi.
3522 3848 3674 3911 Mihi

2030 3938 2210 4016 igitur
2239 3939 2535 4019 peccatori
2557 3943 2809 4003 Sanctus
2854 3939 2914 4001 in
2941 3939 3166 4000 somnis
3197 3946 3290 4000 est
3313 3936 3500 4010 visus,
3531 3936 3669 3999 dui-

303 4033 334 4087 6
387 4030 538 4110 ἆίγιος
594 4038 671 4107 τῷ
723 4031 1048 4112 ἁμαρτωλῷ,
1095 4034 1185 4090 καί
1231 4055 1362 4112 φησι
1428 4039 1487 4111 τῇ
1526 4035 1742 4112 γλυκείᾳ
1794 4041 1935 4113 φωνῇ

2029 4026 2204 4108 cique
2234 4029 2547 4091 immensae
2569 4029 2696 4108 ejus
2727 4026 3106 4090 demissionis
3137 4045 3280 4088 voce
3309 4024 3476 4102 dixit,
3502 4030 3669 4089 One-

301 4119 403 4188 τῆς
461 4119 689 4200 ἀμέτρου
744 4123 904 4179 αὐτοῦ
960 4120 1426 4202 συγκαταϐασεως,
1492 4120 1710 4204 Ἀδελφέ
1779 4121 1935 4192 Ὀνη-

2031 4116 2272 4198 siphore
2302 4117 2506 4194 frater,
2543 4137 2665 4180 non
2699 4118 2893 4198 placet
2950 4116 3122 4190 mihi,
3173 4115 3327 4198 quod
3362 4116 3665 4196 operaris:

302 4210 510 4290 σιφόρε,
541 4209 637 4266 οὒκ
679 4210 890 4290 ἆρὲσκει
923 4212 1073 4286 μοιὸ
1123 4211 1320 4289 ἐργάζῃ
1361 4229 1374 4244 ⁸
1439 4209 1686 4290 οὐδὲγὰρ
1741 4213 1935 4291 μυρίαις

2031 4225 2229 4288 neque
2261 4207 2445 4288 enim,
2479 4217 2543 4269 ut
2575 4207 2753 4269 unius
2809 4208 3021 4268 animae
3069 4206 3250 4286 salus,
3285 4205 3518 4268 inﬁnita
3545 4205 3677 4268 auri

301 4297 506 4378 λίτραις
552 4299 755 4379 χρυσοῦ
797 4301 1179 4376 θεραπεύομαι,
1231 4303 1303 4363 ὡς
1349 4307 1473 4376 μιᾶς
1519 4299 1702 4380 ψυχῆς
1763 4321 1935 4368 σωτη-

2031 4295 2299 4375 pondera
2327 4295 2474 4357 mihi
2507 4297 2780 4377 placent;
2832 4294 3113 4357 nescisne
3142 4312 3296 4369 rem,
3335 4311 3465 4374 qua:
3496 4293 3674 4356 offer-

301 4387 410 4467 ρίᾳ,
446 4388 481 4458 ἢ
512 4388 606 4445 οὒκ
637 4387 788 4454 οἶδας
818 4389 898 4446 ὅτι
949 4392 1010 4446 τὸ
1059 4389 1485 4471 προσφερόμενον
1529 4396 1773 4468 πρᾶγμα,
1823 4390 1935 4447 ὅσοι

2034 4393 2152 4461 tur,
2179 4392 2467 4466 quantum
2502 4385 2830 4448 ministerio
2852 4403 2962 4446 suo
2992 4384 3243 4464 fungens
3265 4383 3540 4471 visuique
3560 4381 3635 4471 ob
3652 4415 3676 4432 -

300 4476 545 4552 ἒπιμένει
588 4476 910 4557 λειτουργῶν
971 4479 1057 4535 καὶ
1104 4481 1446 4560 φαινόμενον,
1499 4486 1748 4537 τοσοῦτον
1781 4502 1935 4560 παρος

2032 4456 2444 4556 Ῑοοὶειήιαηθι,
2483 4483 2706 4536 tantum
2735 4482 2994 4550 sanctos,
3027 4456 3220 4554 ut'pro
3252 4488 3346 4547 co,
3381 4456 3481 4552 qui
3509 4470 3674 4534 illam

303 4572 415 4647 ρμᾷ
444 4567 564 4632 τοὺς
596 4567 777 4647 ἁγίους
811 4565 1114 4647 πρεσϐεύειν
1143 4569 1274 4648 ὑπὲρ
1309 4579 1402 4628 τοῦ
1449 4567 1899 4648 προσενέγκαντος
1933 4591 1935 4644 ς

2037 4562 2270 4639 obtulit,
2303 4563 2700 4640 intercedant,
2734 4581 2977 4625 movere
3008 4561 3172 4638 (37)?

386 4655 494 4736 ξγ’.
543 4655 648 4714 Ἔα
695 4657 786 4714 οὖν
847 4659 914 4714 τὰ
957 4658 1361 4738 προσφερόμενα
1403 4665 1510 4716 τῶν
1554 4659 1750 4736 κηρίων
1800 4659 1935 4716 καίε-

2115 4652 2213 4714 63.
2249 4653 2469 4716 Cereos
2501 4653 2702 4733 igitur,
2735 4653 2838 4734 qui
2868 4652 3218 4725 oti‘eruntur,
3246 4650 3459 4713 ardere
3487 4649 3674 4733 sinas,

301 4747 426 4805 σθαι
485 4745 647 4827 ἄχρις
704 4747 768 4803 ἃν
826 4745 988 4814 ἄλλος
1044 4748 1402 4827 προσαγάγοι.
1447 4747 1596 4826 Ἐγὼ
1642 4746 1698 4804 δὲ
1731 4750 1758 4805 ὁ
1785 4747 1935 4806 τάλαι

2034 4740 2228 4804 donec
2261 4741 2423 4804 illius
2451 4741 2716 4806 accedat.
2745 4740 2867 4820 Ego
2893 4750 3090 4804 autem
3123 4739 3308 4803 miser
3329 4740 3678 4822 expergefa-

303 4834 656 4918 διυπνισθείς,
690 4839 786 4894 καὶ
838 4835 1190 4916 λογισάμενος
1246 4838 1342 4901 τὰς
1393 4837 1624 4913 ἐμαυτοῦ
1667 4838 1935 4918 ἁμαρνίας1

2033 4838 2165 4893 ctus
2185 4851 2438 4914 moxque
2458 4843 2706 4914 peccata
2728 4832 3315 4912 recogitans,vanam
3340 4845 3437 4893 me
3457 4831 3680 4894 vidisse

303 4923 532 5002 ἐνόμισα
574 4927 862 5006 φαντασίαν
901 4925 1190 5006 ἑωρακέναι
1220 4941 1237 4957 ⁸
1289 4924 1590 5004 ἁμαρτωλῷ
1656 4927 1780 5005 γὰρ,
1841 4948 1935 5007 φα·

2033 4920 2355 5001 imaginem
2371 4921 3071 4984 existimabam.Sanctus
3090 4921 3682 5002 enim,aiunt,pecca-

383 5058 496 5130 (37)
522 5061 589 5118 In
619 5059 846 5132 magnis
873 5060 1206 5121 Graecorum
1238 5059 1476 5128 Menaeis,
1506 5060 1563 5117 in
1588 5061 1954 5132 quibus,quaa
2035 5067 2182 5124 opus
2231 5054 2566 5111 succiditur.
2615 5073 2638 5104 ι
2703 5052 2960 5110 Rederus
2995 5062 3186 5109 autem
3229 5051 3290 5109 in
3331 5052 3606 5111 adornata
3645 5066 3680 5112 ι

383 5145 408 5181 Β
437 5132 508 5181 da
538 5131 904 5181 Onesinhom
932 5135 1104 5181 etiam
1144 5140 1477 5181 narrantur-
1511 5131 1636 5181 loco
1685 5134 1823 5181 huic
1863 5146 1954 5181 ισθ-
2037 5139 2182 5181 sese.
2213 5139 2349 5181 uuae
2378 5139 2552 5181 nenes
2582 5139 2689 5181 nos
2736 5139 2841 5180 ms.
2896 5133 3080 5181 exstat
3112 5123 3312 5181 Latina
3339 5124 3679 5181 Menaeorum

307 5130 408 5189 blc
437 5132 508 5190 de
538 5130 904 5206 Onesiphoro
932 5135 1104 5192 etiam
1144 5140 1477 5201 narrantur,
1510 5130 1636 5189 loco
1685 5134 1823 5189 huic
1845 5130 1954 5189 're-
2037 5139 2182 5192 sese,
2213 5139 2349 5198 quae
2378 5139 2552 5196 penes
2582 5139 2689 5181 nos
2736 5139 2841 5180 ms.
2896 5133 3080 5181 exstat
3112 5130 3312 5181 Latina
3339 5130 3679 5182 Menam-um

303 5203 677 5278 spondentia,
708 5218 838 5276 quae
860 5217 982 5278 una
1011 5217 1142 5261 cum
1173 5203 1442 5278 adornata
1465 5218 1529 5278 Ae
1569 5217 1661 5278 me
1691 5203 1956 5278 versione
2037 5198 2308 5278 versione
2331 5198 2408 5255 ita
2437 5197 2496 5278 ip
2529 5193 2685 5278 hunc
2712 5195 2945 5278 illqrum
2977 5196 3192 5278 locum,
3213 5208 3332 5278 _nec
3367 5196 3680 5278 immeritg,

304 5265 514 5332 [latina
543 5265 992 5342 bue'tfanstero,
1033 5275 1329 5348 sequentia
1362 5273 1433 5332 ad
1462 5272 1535 5330 ιθ
1574 5273 1838 5332 Octobris
1868 5275 1954 5331 le-
2037 5269 2096 5325 in
2129 5270 2389 5396 margine
2421 5269 2689 5350 observat
2719 5284 2736 5324 :
2767 5266 2920 5324 «Non
2953 5267 3175 5323 videtur
3213 5266 3325 5324 hoc
3355 5278 3426 5323 ex
3456 5265 3571 5322 ﬁde
3599 5265 3682 5320 di—

307 5357 537 5396 mmtnr
569 5368 584 5396 ε
646 5347 771 5396 Ἐπὶ
826 5347 961 5396 πολὺ
1023 5349 1110 5396 καὶ
1164 5352 1270 5396 τῶν
1319 5346 1614 5396 λαμπάδων
1665 5347 1947 5396 -λιιιιένωυ,
2034 5347 2212 5396 οιοω.
2295 5353 2397 5396 eus
2422 5353 2579 5395 enim
2608 5346 2870 5396 accentat
2900 5336 3294 5396 oblata.nrout
3317 5339 3390 5393 ab
3419 5334 3679 5394 oﬂeren-

307 5357 584 5424 guntur:
646 5347 771 5405 Ἐπὶ
826 5347 961 5405 πολὺ
1023 5344 1134 5404 καί
1164 5352 1270 5404 τῶν
1319 5346 1614 5422 λαμπάδων
1665 5347 1950 5425 ἡμμένων,
2034 5347 2212 5397 ctum.
2245 5344 2397 5397 Deus
2422 5344 2579 5395 enim
2608 5346 2870 5420 acceptat
2900 5344 3294 5420 oblata,prout
3317 5344 3390 5393 ab
3419 5344 3679 5394 oneren-

306 5425 398 5482 ἐπὶ
457 5426 616 5486 πλέον
674 5427 902 5485 ἱλεοῦται
958 5429 1047 5484 καὶ
1129 5429 1189 5484 τὸ
1248 5435 1406 5484 Θεῖον
1468 5435 1545 5502 τῷ
1610 5428 1947 5506 προσάγοντι,
2036 5409 2189 5506 [13³35
2222 5407 3679 5506 ,ᾒρῖηῇ-ΕΞἮἚΡῙῘἾΙ

303 5509 498 5564 θᾶττον
556 5509 609 5564 δὲ
698 5509 1143 5589 ἀφαιρουμένων,-
1190 5507 1652 5589 ,ὑποτέμνεταιμη
1751 5507 1953 5564 ἐκείνου

304 5587 371 5668 τρ
401 5587 580 5646 ἔλαιον
609 5587 670 5646 τὰ
695 5585 914 5668 πρεςγμα
950 5609 961 5620 ·
1021 5585 1287 5668 LMultis
1319 5587 1700 5668 lampadibus
1728 5604 1952 5668 accen-

307 5666 415 5740 sis.
465 5669 616 5740 Deus
674 5663 966 5740 copiosius
1017 5663 1274 5740 illi,_qul
1313 5663 1633 5740 eas__oﬂert,
1664 5665 1956 5740 ﬂtpropi-

306 5737 468 5808 tius;
509 5737 766 5798 celerius
815 5747 1008 5799 autem
1074 5737 1297 5808 ablatis,
1362 5737 1518 5797 illius
1551 5737 1955 5798 misericordiae

2034 5497 2186 5544 cere.
2219 5477 2614 5540 etiamsi'dona
2647 5483 2796 5539 t'urto
2823 5480 3241 5538 subducantur.
3283 5499 3304 5527 ν
3332 5477 3500 5543 Hinc,
3533 5479 3677 5548 quid

2035 5553 2106 5611 do
2140 5555 2381 5612 Joannis
2439 5563 2621 5623 textu,
2667 5552 2857 5624 cujus
2904 5549 3207 5608 occasione
3242 5551 3358 5607 haec
3408 5549 3676 5615 observo,

2033 5625 2399 5684 statuendum
2427 5625 2521 5694 sit,
2559 5621 2723 5682 facile
2741 5621 3009 5696 colliges.
