4100 6406
273 373 439 439 1253
1363 361 1424 438 S.
1471 361 1850 436 DEMETRII
1895 356 2304 432 MARTYRIS
2343 355 2569 432 ACTA.
3502 369 3664 438 1254‘

275 509 415 578 ὅλην
456 509 642 590 χώραν
691 508 1009 590 συνέχοντος
1061 507 1146 566 διὰ
1179 510 1238 566 τὸ
1270 517 1478 588 πρῶτον
1522 509 1620 584 μὲν
1663 507 1760 574 τὴν
1803 503 1921 560 ὶσὸ-

2015 497 2270 579 hincque
2294 513 2426 582 post
2444 519 2650 563 eorum
2673 501 3006 564 discessum
3033 503 3220 566 fames
3241 503 3434 566 valida
3451 504 3654 569 civita-

274 604 503 674 ψάμμον
557 600 765 666 ἐκείνην
817 605 922 656 τῶν
981 597 1258 678 βαρϐάρων
1329 599 1534 666 πληθὺν
1594 597 1802 654 ἅπαντα
1857 593 1921 649 τὰ

2015 599 2127 653 lem
2160 592 2336 654 simul
2367 609 2435 653 ac
2481 601 2659 654 totam
2689 593 2997 672 regionem
3033 603 3355 674 premeret,
3391 594 3650 674 primum

273 688 433 752 ἐκτὸς
495 695 591 756 τῆς
650 688 860 750 πόλεως
906 685 1353 768 καταδεδηχέναι,
1406 690 1480 750 ὡς
1525 691 1609 744 καὶ
1653 692 1758 742 τῶν
1788 693 1921 763 χοῦν

2015 683 2250 762 quidem
2283 682 2437 761 quod
2473 682 2573 744 illa
2603 681 2996 745 barbarorum
3061 684 3400 759 multitudo,
3453 701 3656 749 areum

270 776 537 845 ἐκπλῆξαι
600 784 697 844 τῆς
762 779 865 854 γῆς
925 779 1063 833 κατὰ
1116 780 1178 833 τὸ
1226 777 1614 856 γεγραμμένον·
1653 776 1839 831 ἔπειτα
1869 771 1921 828 δὲ

2015 770 2383 850 similis,quze
2406 777 2572 832 extra
2593 771 2888 834 civitatem
2914 781 3106 843 erant,
3135 772 3432 836 omniaita
3451 782 3517 836 ut
3537 792 3652 838 nec

268 871 361 923 καὶ
392 867 748 945 φημισθέντος
781 867 1122 945 ἁπανταχοῦ,
1184 869 1258 924 ὡς
1304 870 1338 935 ἡ
1390 867 1543 929 πόλις
1597 865 1760 937 ἑάλω,
1811 885 1921 938 μη-

2015 867 2184 921 terrae
2214 860 2878 940 pulverem,secundum
2906 861 3062 942 quod
3095 863 3380 942 scripturn
3415 869 3528 939 est,
3556 864 3653 926 in-

270 954 398 1012 δὲνα
453 963 561 1012 τῶν
593 957 646 1013 ἐν
709 955 913 1020 πλοίοις
967 956 1377 1034 ἐμπορευμένων
1427 955 1643 1013 ἃνταῦθα
1678 960 1921 1030 κατᾶραι,

2015 957 2226 1010 tactum
2259 948 2594 1029 reliquerit,
2629 949 3010 1022 devastasset,
3039 950 3259 1013 deinde
3291 952 3664 1032 vero,quod,—

271 1043 518 1108 κίνδυνος
561 1043 825 1112 ἱσοπαλὴς
886 1051 963 1118 τῷ
1013 1043 1235 1120 πολέμῳ
1277 1047 1411 1120 μετὰ
1441 1047 1540 1112 τὴν
1569 1044 1770 1102 ἐκεῖθεν
1801 1040 1921 1096 διά-

2015 1056 2142 1099 cum
2178 1037 2399 1118 ubique
2429 1037 2722 1100 civitatem
2755 1049 2984 1118 captam
3018 1057 3152 1103 esse
3193 1047 3353 1103 esset
3382 1040 3653 1121 divulga-

276 1155 444 1190 σωσιν
473 1137 613 1197 αὖθις
649 1133 948 1212 ἐπήρτητο,
982 1133 1198 1190 πάντων
1233 1135 1366 1210 ὁμοῦ
1395 1142 1470 1208 τῷ
1527 1134 1670 1209 λιμῷ
1728 1129 1921 1211 σχεδὸν

2015 1135 2343 1205 lum,nemo
2369 1145 2572 1188 eorum
2596 1128 2698 1208 qui
2724 1129 2968 1207 navigiis
2996 1137 3386 1192 mercaturam
3403 1128 3649 1206 faciunt,

275 1223 638 1302 φθειρομένων
665 1222 810 1280 οἴκοι
834 1244 891 1278 τε
919 1223 1006 1277 καὶ
1035 1220 1285 1297 δημοσίᾳ.

2015 1216 2126 1277 huc
2156 1217 2506 1295 respiceret,
2549 1216 2882 1294 periculum
2930 1215 3086 1279 bello
3117 1218 3342 1298 aequale
3373 1225 3506 1300 post
3535 1216 3654 1280 ob-

277 1319 506 1372 tentam
537 1330 604 1373 ex
639 1311 754 1374 hoc
778 1310 1274 1393 incolumitatem,
1308 1310 1582 1374 omnibus
1613 1307 1787 1372 simul
1838 1306 1994 1370 fame
2023 1315 2082 1368 et
2107 1303 2270 1366 domi
2302 1316 2362 1367 et
2413 1305 2652 1386 publice
2680 1305 2805 1368 fere
2848 1306 3259 1386 pareuntibus,
3291 1325 3498 1370 rursus
3524 1306 3648 1370 im-

276 1399 602 1480 pendebat.
3661 1465 3664 1469 _

364 1487 461 1554 Ec'.
495 1487 646 1546 Ἀλλ’
706 1492 734 1547 δ
791 1488 1070 1568 φιλόπολις
1118 1493 1207 1548 καὶ
1237 1490 1600 1572 φιλάνθρωπος
1657 1491 1751 1548 καὶ
1814 1489 1921 1545 πά-

2090 1483 2446 1560 66.Verum,
2465 1489 2564 1565 qui
2597 1483 2849 1546 civitatis
2899 1503 3106 1547 amans
3135 1495 3194 1548 et
3223 1485 3564 1550 misericors
3589 1495 3652 1552 et

278 1600 384 1646 σης
429 1578 678 1654 ἔμπλεως
729 1579 1077 1657 ἂγαθότητος,
1133 1583 1160 1636 ὁ
1215 1578 1550 1659 ὕπερένδοξος
1609 1578 1921 1659 ἇθλοφόρος,

2015 1575 2172 1637 omni
2209 1574 2478 1637 bonitate
2507 1573 2717 1654 plenus
2749 1573 3337 1652 est,gloriosissimus
3367 1577 3654 1641 certami-

278 1671 377 1726 οὐκ
428 1665 700 1732 ἐνύσταξεν
762 1669 856 1725 ἰπὶ
939 1674 1007 1745 τῇ
1078 1671 1343 1748 συμφορᾷ,
1403 1667 1520 1726 οὔδε
1576 1669 1921 1744 κατημέλησε

2015 1683 2153 1727 num
2187 1663 2374 1725 victor
2430 1662 2752 1726 calamitati
2799 1663 2953 1724 haud
3003 1663 3368 1741 indormivit,
3400 1683 3513 1728 nec
3543 1685 3656 1732 nos

273 1763 384 1814 τῶν
449 1757 668 1814 οἰκετῶν
728 1757 911 1831 αὐτοῦ,
971 1758 1142 1814 καίτοι
1189 1757 1410 1822 ἀναξίων
1441 1757 1607 1814 ὄντων
1657 1759 1812 1833 ἡμῶν
1844 1757 1921 1814 διὰ

2015 1772 2211 1818 servos
2241 1772 2406 1826 suos,
2460 1761 2590 1813 utut
2623 1750 2696 1812 ob
2750 1752 3189 1815 multitudinem
3223 1771 3430 1814 eorum
3460 1773 3592 1836 quae
3618 1775 3654 1819 a

271 1847 338 1902 τὸ
395 1845 594 1913 πλῆθος
655 1850 764 1901 τῶν
815 1844 1368 1922 πεπλημμελημένων
1398 1848 1534 1920 ἡμῖν
1578 1846 1783 1925 φειδοῦς
1839 1848 1921 1902 καὶ

2015 1843 2181 1904 nobis
2198 1849 2371 1903 erant
2399 1842 2849 1921 peccata,venia
2871 1850 2929 1901 et
2950 1842 3475 1905 commiseratione
3499 1845 3655 1907 indi-

275 1935 630 2010 συμπαθείας,
696 1936 783 1991 καὶ
845 1933 910 2003 δὴ
971 1937 1228 2016 Στεφάνῳ
1281 1937 1383 1991 τινὶ
1444 1935 1742 2010 ναυκλήρῳ,
1801 1937 1918 2016 φόρ-

2015 1951 2174 2010 gnos,
2214 1931 2491 2011 neglexit,
2524 1949 2592 1992 ac
2624 1930 2926 2010 Stephano
2961 1931 3197 1992 cuidam
3230 1934 3655 2016 nauclero,qui

275 2045 372 2080 τον
429 2023 793 2102 ἐπιφερομένῳ
841 2028 986 2080 σίτου
1029 2025 1124 2081 καί
1187 2024 1302 2080 λίαν
1345 2023 1533 2103 πολὺν,
1569 2026 1654 2081 καὶ
1701 2025 1784 2080 ἐπὶ
1828 2026 1921 2093 τὴν

2015 2022 2334 2082 maximum
2373 2019 2656 2080 frumenti
2708 2037 2858 2080 onus
2903 2019 3176 2096 vehebat,
3229 2023 3652 2104 civitatumque

281 2110 527 2189 βασιλίδα
584 2120 691 2169 τῶν
764 2113 976 2170 πόλεων
1058 2113 1274 2170 πλέοντι
1333 2115 1616 2170 ὀπτάνεται
1669 2116 1804 2172 κατὰ
1867 2117 1921 2172 τὲ

2015 2111 2276 2190 reginam
2314 2108 2438 2189 (42)
2492 2126 2699 2171 versus
2760 2109 3091 2190 navigabat,
3152 2110 3224 2170 ad
3276 2110 3486 2174 insula:
3516 2112 3650 2175 Chii

280 2202 444 2280 μέρος
505 2202 632 2258 Χίου
681 2205 778 2270 τῆς
837 2204 1000 2272 νήσω
1059 2203 1114 2258 ἐν
1171 2203 1345 2281 ἡμέρᾳ
1396 2202 1704 2282 τηλαυγῶς,
1761 2206 1817 2260 ἒν
1883 2209 1921 2279 ᾧ

2015 2200 2240 2280 plagam
2273 2198 2429 2281 (43),
2464 2198 2692 2274 habitu,
2727 2217 2842 2280 quo
2875 2200 2931 2259 in
2963 2199 3330 2278 imaginibus
3367 2201 3648 2281 pingitur,

278 2295 372 2346 καὶ
425 2292 680 2370 γράφεται
739 2293 986 2371 σχήματι
1041 2291 1095 2348 ἐν
1142 2305 1264 2356 ταῖς
1319 2293 1506 2372 εἶκόσι,
1544 2292 1793 2368 μέλλοντι
1827 2295 1921 2361 τὴν

2015 2297 2336 2369 assumpto,
2373 2290 2532 2350 clare
2562 2288 2622 2349 in
2654 2288 2753 2350 die
2805 2297 3072 2368 apparet,
3123 2308 3259 2351 cum
3294 2290 3343 2350 is
3374 2291 3652 2354 dextrum

282 2378 454 2445 δεξιάν
509 2385 610 2447 τῆς
667 2383 796 2448 νηὸς
855 2381 1045 2448 ὀθόνην
1093 2381 1333 2438 ἀνέλκειν
1391 2387 1476 2438 καὶ
1508 2381 1677 2438 ἐπὶτὸ
1724 2383 1924 2454 Βυζάν-

280 2491 422 2544 τιον,
457 2471 531 2533 ὡς
591 2469 828 2547 εἴρηται,
879 2485 1254 2548 ποντοπορεῖν.
1295 2471 1574 2547 Παραστὰς
1607 2471 1696 2527 οὖν
1752 2471 1806 2527 ἐν
1849 2480 1925 2546 τῷ

277 2559 452 2631 πλοίῳ
479 2562 617 2637 φησί
658 2563 736 2632 τῷ
793 2560 1048 2638 Στεφάνῳ
1085 2579 1101 2595 ⁸
1139 2559 1412 2618 ’Ἄκουσον
1447 2582 1548 2636 μου
1591 2562 1676 2617 καὶ
1721 2563 1782 2617 τὸ
1811 2562 1924 2640 ἀρι-

272 2649 470 2726 στερὸν
500 2646 702 2722 ὕψοσον
733 2647 982 2726 ἄρμενον,
1015 2653 1102 2707 καὶ
1149 2649 1378 2707 πλεῦσον
1426 2652 1500 2714 εἰς
1534 2649 1924 2719 Θεσσαλονίκην

276 2737 628 2817 ἂχειμᾶστως
658 2739 746 2794 καὶ
775 2737 859 2794 διὰ
889 2739 1112 2819 τάχους.

359 2823 457 2896 σίζ’.
523 2827 719 2906 Χρῄζει
779 2827 879 2905 γὰρ
932 2835 1026 2884 τοῦ
1092 2827 1307 2905 εἴδους,
1367 2830 1454 2886 καὶ
1527 2828 1704 2895 καλῶς
1775 2828 1922 2911 ἔχεις

271 2914 494 2995 πρᾶξαι,
553 2915 666 2990 ἅμα
720 2917 896 2992 κάμοῦ
953 2916 1425 2998 προλαμϐάνοντος
1487 2941 1544 2976 σε
1615 2920 1754 2980 ἐκεῖ.
1821 2921 1924 2979 Τοῦ

273 3002 330 3060 δὲ
387 3007 460 3068 ὡς
501 3004 554 3062 ἐν
617 3007 860 3064 ἐκστάσει
914 3011 1200 3086 γεγονότος
1243 3007 1328 3065 διὰ
1371 3011 1432 3067 τὸ
1490 3007 1780 3088 παράδοξον
1826 3013 1922 3076 τῆς

271 3095 396 3158 θέας
439 3101 534 3153 τοῦ
589 3096 874 3175 μάρτυρος,
937 3099 1027 3154 καὶ
1086 3099 1244 3172 μόλις
1295 3101 1426 3178 πρὸς
1477 3102 1634 3159 αὐτὸν
1693 3098 1922 3179 φθεγξα-

274 3184 464 3259 μένου,
511 3184 591 3241 δτι
640 3183 998 3266 Ἥκοόσαμεν,
1045 3184 1299 3264 δέσποτα,
1360 3191 1460 3257 τὴν
1506 3187 1664 3246 πόλιν
1714 3190 1925 3257 ἒκείνην

2011 2378 2172 2439 navis
2204 2379 2397 2440 velum
2457 2378 2777 2452 levaturus,
2830 2377 3294 2459 Byzantiumque
3325 2397 3554 2458 versus,
3589 2388 3656 2442 ut

2009 2468 2231 2529 dictum
2267 2475 2378 2543 est,
2414 2467 2793 2546 navigaturus
2843 2474 3022 2529 esset.
3078 2474 3300 2530 Astans
3353 2469 3536 2546 igitur
3589 2470 3656 2533 in

2009 2556 2140 2617 navi
2173 2557 2319 2618 dicit
2349 2556 2650 2637 Stephano
2685 2573 2700 2618 :
2737 2555 2889 2620 Audi
2924 2574 3045 2630 me,
3096 2563 3156 2618 et
3185 2556 3494 2620 sinistrum
3524 2558 3656 2622 leva

2007 2646 2222 2720 velum,
2267 2645 2710 2727 tranquilleque
2737 2652 2798 2708 et
2825 2645 3110 2708 velociter
3159 2643 3652 2712 Thessalonicam

2006 2754 2238 2815 navnga.

2085 2826 2186 2889 67.
2220 2823 2542 2887 Frumento
2573 2825 2734 2887 enim
2767 2825 3014 2903 indiget,
3045 2825 3342 2908 facileque
3363 2827 3422 2889 id
3455 2827 3665 2893 facere-

2007 2923 2198 2996 potes,
2234 2932 2304 2976 eo
2339 2932 2432 2976 me
2465 2915 2642 2976 simul
2672 2915 3052 2996 praecedente
3085 2924 3163 2977 te.
3199 2915 3343 2979 Cum
3373 2924 3573 2980 autem
3604 2918 3656 2981 is

2009 3005 2162 3065 mira
2187 3008 2458 3084 martyris
2489 3003 2717 3066 visione
2739 3005 2921 3067 veluti
2947 3011 3114 3067 extra
3137 3022 3204 3066 se
3231 3013 3438 3087 raptus
3467 3014 3651 3085 esset,

2009 3111 2285 3174 aegreque
2315 3093 2398 3153 illi
2455 3093 2704 3155 dixisset
2736 3114 2749 3156 ε
2794 3093 3162 3170 Audivimus,
3198 3094 3464 3176 domine,
3498 3096 3654 3158 civi-

2011 3190 2186 3244 tatem
2221 3181 2382 3243 illam
2415 3201 2449 3244 a
2480 3182 2749 3244 barbaris
2783 3191 3013 3262 captam
3049 3200 3208 3260 esse,
3243 3191 3300 3246 et
3331 3184 3430 3264 qui
3461 3203 3532 3247 eo
3563 3187 3655 3250 ire

272 3275 375 3330 ὑπὸ
431 3272 708 3352 βαρϐάρων
771 3280 1197 3356 κατασχεθῆναι,
1259 3279 1348 3335 καὶ
1407 3279 1520 3344 πῶς
1577 3278 1697 3336 ἐκεῖ
1727 3301 1794 3354 με
1825 3301 1921 3336 κε-

2015 3291 2108 3332 me.
2131 3271 2311 3352 jubes
2333 3271 2363 3332 ?
2393 3273 2802 3335 Certaminum
2860 3274 3052 3335 victor
3106 3274 3415 3353 respondit
3446 3290 3461 3337 :
3494 3273 3656 3339 Vere

275 3360 448 3425 λεύεις
508 3364 802 3442 γενέσθαις
853 3366 879 3421 ὁ
929 3365 1220 3448 ἀθλοφόρος
1263 3367 1578 3447 ἀπεκρίνατο
1607 3384 1621 3398 ⁸
1681 3367 1921 3436 Ἀληθῶς

2015 3364 2164 3442 apud
2200 3362 2475 3424 homines
2505 3371 2673 3444 capta
2703 3371 2814 3442 est,
2852 3371 2909 3423 at
2940 3381 3056 3424 non
3089 3363 3244 3443 apud
3277 3365 3490 3426 Deum.
3515 3362 3655 3428 Om-

274 3453 420 3530 παρὰ
476 3453 770 3532 ἀνθρώποις
832 3453 1067 3534 ἐλήφθη,
1123 3456 1246 3513 ἀλλ’
1277 3460 1337 3514 οὐ
1373 3459 1514 3536 παρὰ
1541 3463 1680 3532 Θεῷ.
1744 3461 1921 3518 Πάντα

2015 3454 2107 3513 nia
2138 3454 2296 3514 enim
2351 3453 2475 3514 Deo
2505 3461 2644 3514 sunt
2675 3452 3008 3533 possibili).
3065 3453 3212 3515 Illuc
3269 3470 3411 3531 ergo
3448 3454 3656 3534 naviga

276 3546 377 3620 γὰρ
427 3539 617 3599 δυνατὰ
674 3548 751 3616 τῷ
804 3551 942 3618 Θεῷ.
1001 3543 1154 3602 Ἐκεῖ
1207 3546 1295 3603 οὗν
1355 3546 1608 3623 πλεῠσον,
1653 3549 1741 3604 καὶ
1798 3559 1920 3614 ταῖς

275 3632 467 3688 ὁλκάσι
521 3645 642 3696 ταῖς
707 3635 1046 3697 ὑπαντώσαις
1107 3656 1188 3690 σοι
1247 3637 1507 3716 μήν-πον,
1568 3638 1804 3700 ὅτὶτοτς
1835 3639 1918 3693 οἱ-

273 3735 524 3799 κτιρμοτς
555 3729 644 3780 τοῦ
700 3722 831 3780 θεοῦ
884 3723 1246 3800 Θεσσαλρνίκη
1293 3726 1578 3784 σέσωσται.
1617 3727 1714 3784 Καὶ
1756 3733 1920 3783 ταῦτα

275 3811 441 3867 εἰπὼν
501 3811 763 3879 κατῆλθεν
821 3813 882 3870 ἐκ
941 3821 1032 3871 τοῦ
1103 3813 1290 3872 πλοίου
1349 3816 1421 3878 εἰς
1476 3815 1574 3882 τὴν
1624 3814 1918 3894 θάλασσαν,

272 3901 583 3978 περιπατῶν
645 3900 732 3958 ἐπὶ
791 3909 888 3960 τοῦ
945 3901 1156 3977 ὕδατος,
1237 3902 1411 3983 λέγων
1470 3911 1545 3979 τῷ
1614 3905 1870 3983 Στεφάνῳ
1903 3925 1917 3938 ·

277 3987 412 4050 Ἰδοὺ
455 3990 652 4058 ταύτην
698 3989 951 4069 πλεῦσον,
1006 3994 1078 4057 ὡς
1142 3996 1266 4072 ὁρᾷς
1329 4015 1396 4067 με
1463 3994 1924 4073 προπορευόμενόν

277 4101 397 4138 σου.

362 4168 471 4237 ξη’.
536 4171 632 4228 Καὶ
689 4169 764 4228 δὼ
820 4177 1157 4252 παραχρῆμα
1219 4172 1248 4228 ὃ
1317 4171 1587 4253 Στέφανος
1645 4172 1925 4238 διαναστὰς

277 4258 380 4325 τὴν
436 4256 607 4326 ἄλλην
650 4261 838 4327 ὀθόνην
883 4269 976 4318 τοῦ
1018 4260 1203 4320 πλοίου
1258 4259 1554 4336 ἆνείὶκυσε,
1592 4259 1686 4318 καΐ
1730 4259 1924 4319 ἔπλευ-

278 4367 371 4404 σεν
413 4349 501 4404 ἒπὶ
546 4349 966 4424 Θεσσαλονίκην,
1024 4349 1186 4430 μέχρι
1247 4348 1453 4407 πολλοῦ
1507 4349 1771 4427 θεώμενος
1831 4353 1922 4409 τὸν

281 4433 594 4504 πανένδοξον
651 4435 887 4517 μάρτυρα
971 4440 1108 4496 κατὰ
1165 4447 1256 4496 τοῦ
1326 4439 1588 4517 πελάγους
1652 4438 1920 4505 ὁδεύοντα,

279 4523 452 4582 Ἀλλᾶ
482 4527 570 4584 καὶ
618 4523 811 4592 ἄλλους
871 4526 1150 4592 πλείστους
1203 4527 1562 4592 ἅναπλέοντας
1594 4531 1621 4585 δ
1653 4531 1922 4610 Στέφανος

2005 3541 2374 3622 navibusque
2406 3540 2516 3604 tibi
2549 3541 3012 3604 occurrentibus
3060 3542 3290 3612 nuntia,
3327 3540 3656 3605 Thessalo-

2006 3630 2198 3690 nicam
2257 3631 2367 3693 Dei
2424 3631 2835 3693 misericordia
2891 3632 3172 3693 salvatam
3231 3649 3391 3694 esse.
3425 3633 3649 3710 Atque,

2004 3717 2098 3778 his
2129 3717 2325 3792 dictis,
2359 3736 2392 3780 e
2419 3720 2550 3780 navi
2573 3720 2632 3780 in
2662 3737 2824 3780 mare
2855 3718 3194 3793 descendit,
3229 3736 3409 3798 supra
3438 3735 3652 3800 aquam

2007 3805 2146 3868 dum
2179 3807 2464 3883 ambulat,
2499 3807 2796 3888 Stephano
2822 3807 3029 3869 dicens
3062 3826 3076 3870 :
3113 3807 3262 3870 Ecce
3294 3806 3656 3890 eadem,qua

2009 3913 2104 3957 me
2136 3905 2501 3978 praeeuntem
2534 3896 2718 3974 vides,
2757 3897 2848 3959 via
2880 3899 3111 3976 naviga.

2089 4163 2190 4228 68.
2212 4165 2404 4245 Atque
2433 4164 2773 4244 Stephanus
2797 4163 2998 4227 statim
3023 4181 3276 4244 surgens
3299 4163 3462 4226 aliud
3487 4163 3656 4228 navis

2007 4254 2166 4317 velut
2187 4254 2400 4316 levavit
2419 4253 3032 4332 Thessalonicamque
3075 4253 3384 4334 navigavit,
3416 4253 3646 4333 glorio-

2006 4344 2311 4406 sissimum
2345 4351 2660 4425 martyrem
2689 4344 2790 4406 diu
2823 4361 3003 4424 supra
3038 4362 3201 4406 mare
3231 4350 3474 4406 euntem
3505 4360 3646 4404 cer-

2007 4452 2177 4495 nens.
2214 4434 2332 4496 Sed
2366 4442 2424 4495 et
2451 4435 2596 4496 alios
2629 4433 3188 4513 praeternavigantes
3218 4451 3350 4494 cum
3385 4430 3644 4512 Stepha-

2008 4542 2118 4585 nus
2141 4521 2894 4598 vidisset,Thessalonicam
2916 4522 3024 4584 Dei
3051 4521 3269 4585 auxilio
3297 4539 3430 4584 esse
3449 4519 3646 4582 salva-

275 4615 602 4691 θεασάμενος
661 4616 875 4698 ἔκραζεν
944 4619 1130 4683 αὐτοῖς
1189 4619 1323 4676 κατὰ
1399 4619 1500 4687 τὴν
1555 4621 1920 4696 παραγγελίαν

2015 4623 2121 4675 tam
2148 4613 2220 4673 iis
2239 4613 2570 4675 secundum
2596 4613 2989 4675 certaminum
3010 4614 3248 4676 victoris
3278 4617 3646 4694 praeceptum

272 4712 371 4763 τοῦ
425 4675 741 4787 ἀθλοφόρου,
793 4675 873 4774 ἷῦς
937 4710 973 4777 ἡ
1031 4675 1187 4771 πόλις
1247 4675 1530 4788 συμμαχέίᾳ

2015 4701 2300 4773 clamavit,
2331 4709 2516 4783 utque
2545 4703 2618 4763 ad
2650 4701 3130 4781 illam,couverso
3159 4675 3650 4782 cursu,appelle-

273 4817 502 4872 σωσται,
561 4798 651 4854 καὶ
707 4797 885 4855 ἔπεισε
943 4799 1410 4876 μετἀστρέψαντας
1470 4803 1543 4863 είς
1587 4799 1751 4866 αὒτὴν
1794 4821 1921 4859 κατ-

2015 4797 2135 4852 rent
2166 4790 2519 4853 suasitﬂaac
2549 4790 2674 4873 ille,
2699 4811 2833 4853 cum
2866 4799 3003 4855 ante
3034 4810 3244 4855 omnes
3275 4789 3643 4868 advenisset,

271 4891 423 4967 ἆραι.
481 4884 646 4952 Αὐτὸς
704 4889 808 4967 πρὸ
867 4888 1077 4948 πάντων
1133 4887 1298 4945 ἐλθὼν
1341 4894 1508 4946 ταῦτά
1553 4887 1782 4954 πολλοῖς
1811 4893 1918 4946 τῶν

2015 4879 2206 4943 multis
2227 4879 2479 4944 civitatis
2499 4880 2779 4960 narravit,
2782 4882 3127 4961 juramento
3150 4881 3419 4963 ipsisque
3441 4879 3646 4963 operi-

2076 5107 2189 5177 (43)
2223 5103 2415 5164 Insula
2454 5106 2574 5177 haec
2619 5105 2677 5161 in
2729 5104 2876 5162 mari
2913 5101 3124 5174 Egeo,
3157 5101 3330 5177 hodie
3360 5101 3650 5177 Archipe-

2005 5174 2342 5250 lago,'baud
2373 5176 2699 5250 proculab‘
2720 5177 2878 5234 lonia
2911 5178 3164 5250 sinuque
3196 5175 3495 5250 Smyrnae
3527 5174 3649 5250 sita

2003 5245 2108 5314 esi,
2143 5252 2218 5308 ita
2253 5255 2335 5310 ut.
2367 5245 2467 5319 Qui
2500 5248 2634 5305 inde
2663 5245 3222 5319 Constantinopolim
3249 5245 3480 5319 cogitat.
3511 5245 3648 5319 dex-

2005 5330 2148 5378 tram
2185 5316 2405 5385 versus,
2455 5323 2550 5390 qui
2601 5333 2736 5375 vero
2789 5316 3250 5390 Thessalonicam
3287 5316 3536 5388 navigat,
3568 5318 3651 5390 si-

273 5106 428 5164 inter
456 5121 673 5165 annum
705 5108 811 5167 582
841 5115 898 5167 et
923 5122 1141 5168 annum
1189 5109 1315 5176 603,
1376 5109 1461 5168 uti
1509 5108 1568 5166 in
1620 5109 1923 5170 Adnotatis

273 5191 412 5258 cap._
452 5180 544 5236 isti
577 5179 894 5258 subdendis
925 5180 1163 5248 docebo,
1194 5181 1472 5258 evenerit,
1516 5195 1633 5253 quo
1662 5192 1922 5254 tempore

275 5250 528 5330 circiter,
567 5265 696 5322 quin
734 5253 828 5330 hic
881 5265 1012 5309 mox
1041 5262 1351 5310 narrantur
1371 5250 1716 5330 dictamque
1743 5250 1918 5330 εἰρο-

274 5317 862 5397 ᾷὶιὶοηοιηςρτ-οιὶωο
913 5336 1215 5394 excepere.
1267 5317 1637 5390 acciderint,‘
1671 5317 1920 5397 quisdue

275 5389 432 5448 haud
470 5389 775 5451 difﬁculter
805 5400 1034 5451 statuet.

347 5463 462 5536 (42)
493 5464 601 5521 Per
631 5465 898 5522 civitatem
923 5466 1157 5536 reginam
1186 5466 1367 5536 apud,
1393 5467 1704 5536 scriptores
1761 5465 1916 5524 Grae-

270 5547 377 5592 cos
412 5535 902 5609 Constantinopolis
924 5535 1039 5593 non
1070 5552 1204 5594 raro
1221 5535 1596 5609 intelligitur,
1630 5539 1802 5607 idque
1825 5539 1918 5595 hic

269 5607 614 5681 nominatim
674 5607 831 5681 apud
879 5607 1154 5666 Joannem
1207 5607 1354 5675 ﬁeri,
1407 5607 1478 5666 e‘x
1514 5611 1586 5668 iis
1625 5623 1754 5681 quae
1784 5623 1918 5668 mox

268 5677 620 5749 subdantur.
654 5677 1022 5740 manifestum
1059 5684 1166 5738 est.

2003 5402 2241 5450 nistram
2275 5386 2492 5447 versus'
2516 5404 2753 5447 cursum
2815 5389 3016 5448 debeat
3072 5387 3338 5460 dirigere,
3371 5386 3654 5460 quemad-

2003 5465 2238 5520 modum
2271 5479 2300 5519 e
2331 5463 2732 5534 geographicis
2789 5461 3113 5534 insularum
3166 5455 3533 5530 A'rchipélagi
3567 5466 3652 5514 ta-

2005 5535 2155 5593 bulis
2186 5531 2466 5603 inspectis
2502 5531 2772 5604 patescet.
2810 5533 2934 5588 Haec
2962 5531 3034 5589 ad
3065 5543 3286 5596 eorum.
3334 5542 3464 5602 qua)
3514 5539 3653 5594 mox

2005 5607 2100 5663 bio
2121 5605 2474 5672 subduntur,
2501 5604 2948 5678 intelligentiam
