4100 6414
454 348 619 433 1259

1813 346 2465 427 SUPPLEMENTUM.

3678 344 3842 424 i260

448 504 581 561 tore
649 494 1033 577 Theodosio,
1094 502 1300 559 contra
1372 492 1703 574 Eugenium
1777 500 2089 575 tyrannum

2183 494 2527 573 ὲπετώθαζον,
2602 492 2717 549 ἐπεὶ
2773 493 2967 568 βοηθὸς
3042 491 3276 569 ἐγεγόνει
3351 497 3427 566 τῷ
3483 491 3705 570 μεγάλῳ
3748 493 3841 549 καὶ

446 587 674 650 bellum
726 586 984 667 gerenti,
1040 584 1356 648 auxiliator
1420 584 1647 659 fuisset)
1720 583 1871 662 (52),
1932 582 2096 643 illum

448 676 647 757 igitur,
683 684 748 738 ut
798 676 1020 738 dictum
1076 681 1191 749 est,
1225 673 1659 754 exclamabant,
1692 672 1897 735 lancea
1947 690 2097 732 con-

447 765 674 828 fossum
737 767 912 847 vique
985 763 1275 844 occisum,
1340 763 1570 843 prolato
1643 762 1818 825 etiam
1896 770 2098 821 sancto

450 857 719 936 martyris
749 855 1019 931 nomine,
1051 871 1230 917 naves
1260 871 1471 915 omnes
1515 853 1577 914 in
1611 851 2099 915 Thessalonicam

448 943 794 1009 abduxisse.

529 1123 632 1186 73.
663 1123 812 1186 Cum
835 1129 1033 1185 autem
1054 1122 1150 1183 vir
1170 1122 1297 1184 haec
1320 1139 1435 1183 una
1465 1138 1598 1182 cum
1624 1120 1713 1181 eis
1744 1121 1843 1199 qui
1870 1119 1923 1182 ei
1947 1119 2093 1180 ade-

444 1220 603 1289 rant,
635 1211 984 1286 audivisset,
1020 1209 1249 1272 ﬁrmius
1282 1209 1552 1291 quidem,
1587 1209 1883 1271 somnium
1917 1226 2090 1271 suum

442 1319 795 1382 vocemque,
819 1316 996 1381 quam
1022 1299 1314 1373 audierat,
1340 1315 1483 1360 vera
1511 1315 1644 1360 esse
1673 1297 2047 1358 existimabat
2076 1316 2091 1371 ;

441 1391 749 1454 veritatem
777 1398 979 1452 autem
1004 1406 1123 1449 non
1149 1387 1524 1464 discernens,
1555 1386 1659 1449 sed
1685 1386 1903 1467 Illyrici
1938 1403 2091 1465 prae-

442 1481 631 1543 fectos
655 1477 964 1541 hominem
995 1495 1193 1557 suum,
1230 1475 1620 1549 Demetrium,
1647 1484 1709 1536 ut
1756 1474 2094 1536 verosimile

443 1576 594 1645 erat,
615 1567 1007 1641 nominatum,
1037 1565 1140 1646 qui
1172 1573 1537 1626 mercatores
1562 1582 1773 1624 omnes
1803 1581 2095 1625 occuren-

447 1666 538 1719 tes
562 1658 844 1720 suasione
864 1654 1093 1729 sua,vel
1119 1654 1292 1715 etiam
1326 1652 1683 1715 necessitate
1704 1650 2097 1714 Thessaloni-

442 1763 571 1809 cam
601 1743 901 1826 proﬁcisci
932 1750 1195 1823 cogeret,
1232 1742 1471 1804 misisse
1504 1742 1871 1823 suspicatus,
1899 1742 2095 1803 statim

2183 592 2355 657 πιστῷ
2403 581 2621 660 βασιλεῖ
2670 581 2930 656 Θεοδοσίῳ
2979 580 3102 637 κατ’
3161 581 3405 659 Εὖγενίου
3436 583 3531 636 σοό
3585 583 3844 660 τυράννου

2183 671 2621 750 στρατευσαμένῳ
2731 672 2862 748 πρὸς
2961 668 3224 750 πόλεμον)
3311 670 3576 727 κᾶνταυθα
3660 672 3838 726 τοίνυν

2184 760 2373 835 ἐϐόων,
2435 764 2507 822 ὡς
2566 759 2800 838 εἴρηται,
2836 758 2916 815 ὅτι
2969 761 2997 814 ὁ
3051 757 3469 839 λογχόπληκτος
3527 759 3613 815 καὶ
3655 761 3844 836 βιαιο·

2182 851 2404 914 θάνατος
2466 850 2698 922 ἐκεῖνος,
2745 848 3057 926 προσθέντες
3106 849 3195 903 καὶ
3237 850 3298 905 τὸ
3354 847 3502 926 ἅγιον
3548 851 3637 904 τοῦ
3695 850 3843 923 μάρ-

2182 960 2335 1017 τυρος
2386 937 2576 1012 ὄνομα,
2635 938 2841 1002 ἐκεῖνος
2905 938 3082 1015 φασὶν,
3144 937 3353 993 ἅπαντα
3409 938 3476 994 τὰ
3537 936 3707 993 πλοῖα
3767 939 3846 1000 εἰς

2183 1028 2577 1094 Θεσσαλονίκην
2608 1028 2962 1103 ἀπέστρεψεν.

2258 1118 2367 1196 ογ’.
2433 1110 2489 1175 Ὀ
2546 1116 2599 1173 δὲ
2665 1116 2799 1195 ἀνὴρ
2845 1118 3047 1174 τούτων
3106 1116 3338 1179 ἀκούσας
3395 1117 3531 1191 μετὰ
3600 1116 3688 1173 καὶ
3732 1122 3847 1173 τῶν

2179 1206 2441 1265 συνόντων
2472 1210 2615 1281 αὒτῷ
2658 1206 3013 1284 ἐπεσφράγισε
3067 1205 3164 1280 μὲν
3194 1208 3268 1269 ὡς
3324 1204 3505 1272 ἀληθῆ
3537 1206 3630 1262 τὸν
3691 1205 3843 1262 ὄνει-

2178 1318 2265 1372 ρον
2311 1300 2491 1374 αὐτοῦ,
2527 1298 2614 1353 καὶ
2663 1296 2729 1362 ὴν
2760 1294 2954 1362 ἤκουσε
3012 1303 3216 1373 φωνην,
3253 1293 3629 1372 μῆδιαοιρίνας
3687 1294 3743 1350 δὲ
3776 1298 3841 1351 τὸ

2179 1384 2392 1460 ἄληθες,
2429 1382 2549 1440 ἀλλ’
2596 1385 2941 1448 ὑποτοπάσας
3000 1385 3119 1449 τοὺς
3176 1384 3450 1463 ὑπάρχους
3504 1391 3599 1440 τοῦ
3654 1382 3839 1441 ἰλλυ-

2178 1477 2325 1552 ρικοῦ
2370 1473 2644 1552 ἄνθρωπον
2714 1471 2850 1528 ’ίδιον
2897 1471 3106 1528 στεῖλαι
3184 1474 3496 1550 Δημήτριον
3560 1475 3633 1536 ὡς
3693 1474 3840 1534 εἰκὸς

2182 1563 2597 1639 ὀνομαζόμενον,
2645 1564 2764 1626 τοὺς
2823 1562 3325 1641 προστυγχάνοντας
3380 1561 3644 1636 ἐμπόρους
3706 1584 3844 1619 πει-

2181 1656 2267 1708 θοῖ
2326 1652 2361 1719 ἢ
2392 1653 2488 1707 καί
2544 1652 2752 1729 ἀνάγκη
2812 1652 2907 1718 τὴν
2964 1650 3051 1706 ἐπὶ
3083 1649 3473 1717 Θεσσαλονίγην
3528 1649 3844 1706 στέλλεσθαι

2182 1740 2514 1818 βιοζόμενον,
2592 1740 2872 1819 γράμμασι
2972 1740 3307 1819 παραχρῆμα
3380 1740 3646 1818 κέχρηται
3705 1742 3846 1816 πρὸς

444 1834 516 1898 ad
573 1833 743 1895 illum
778 1832 881 1912 qui
909 1840 1070 1926 tunc
1102 1840 1228 1893 erat
1258 1831 1522 1913 praefecti
1575 1849 1829 1926 munere
1880 1829 2089 1911 Illyrici

2183 1833 2272 1888 τὸν
2330 1838 2620 1897 τηνικαῦτα
2682 1831 2780 1896 τὴν
2840 1829 3079 1908 ἔπαρχον
3135 1829 3604 1908 ἑγκεχειρισμένον
3660 1829 3846 1910 ἀρχὴν

440 1927 831 1998 principatum
857 1924 1294 1989 administrans,
1325 1923 1528 1981 litteris
1547 1921 1723 1989 dedit,
1754 1922 2093 1995 iniustitiam

445 2010 1150 2090 inclamans,nomenque
1173 2007 1648 2078 illius,Demetrii
1673 2006 2096 2087 nimirum,qui

439 2104 517 2166 ab
567 2121 664 2177 eo,
699 2110 765 2163 ut
794 2119 978 2164 naves
1008 2108 1275 2179 cogeret,
1310 2101 1529 2163 missus
1588 2110 1737 2173 erat,
1774 2098 2090 2178 adjiciens.

435 2189 559 2256 Nec
578 2192 676 2254 hic
699 2191 943 2273 quievit,
969 2190 1075 2252 sed
1096 2197 1155 2253 et
1184 2190 1257 2253 ad
1279 2189 1475 2264 illum,
1504 2188 1607 2269 qui
1632 2206 1767 2251 eum
1790 2188 1850 2248 in
1881 2187 2094 2250 Chium

437 2280 1027 2361 miserat,Abydique
1052 2279 1449 2361 principatum
1481 2277 1814 2352 obtinebat,
1839 2277 2092 2356 litteras,

440 2371 663 2453 quibus
691 2369 1136 2432 Thessalonicae
1156 2368 1448 2449 praesides
1478 2365 2094 2441 criminabatur,scri-

439 2459 577 2541 psit,
637 2458 694 2520 ei
751 2464 952 2536 etiam,
991 2476 1124 2537 quae
1171 2457 1242 2519 ad
1303 2465 1498 2518 actum
1548 2464 1606 2517 et
1658 2472 1878 2516 nomen
1929 2453 2095 2515 missi

438 2546 726 2610 Demetrii
777 2553 1145 2627 spectarent,
1209 2553 1349 2607 nota
1393 2545 1641 2620 faciens,
1706 2563 1824 2625 quo
1881 2544 1953 2623 is,
2009 2543 2097 2604 ira

438 2644 804 2712 commotus,
828 2635 1177 2716 imperatori
1208 2635 1322 2697 ista
1353 2634 1741 2713 signiﬁcaret,
1767 2650 2097 2713 rursusque

439 2727 771 2807 imperator
838 2724 1059 2789 Christi
1125 2741 1333 2787 amans
1413 2723 1816 2805 increpatoria
1871 2722 1947 2784 de
2019 2722 2095 2783 iis

439 2815 717 2879 mandata
748 2812 1107 2896 praesidibus
1139 2813 1330 2876 daret.

526 2906 622 2967 74.
656 2903 914 2966 Tantum
945 2911 1141 2965 autem
1173 2921 1205 2965 e
1252 2902 1361 2966 Dei
1394 2902 1771 2965 ordinatione
1798 2903 1906 2964 bac
1936 2902 1994 2963 in
2025 2919 2092 2964 re

2179 1930 2274 1979 τοῦ
2338 1918 2635 1998 Ἰλλυρικοό
2692 1916 2972 1975 καταϐοῶν
3042 1919 3137 1985 τὴν
3190 1915 3417 1997 ἀδικίαν,
3451 1919 3695 1996 προσθεὶς
3753 1920 3848 1975 καὶ

2178 2012 2239 2066 τὸ
2286 2007 2454 2084 ὄνομα
2506 2016 2597 2066 τοῦ
2653 2008 2982 2088 πεμφθέντος
3042 2005 3196 2074 δῆθεν
3253 2006 3372 2085 παρ’
3417 2011 3576 2066 αὐτοῦ
3625 2018 3841 2080 Δημη-

2180 2099 2322 2178 τρίου
2366 2099 2452 2154 ἐπὶ
2509 2103 2578 2174 τῇ
2633 2100 2738 2153 τῶν
2803 2096 3003 2154 πλοίων
3076 2097 3446 2176 ἀναγκαστικῆ
3502 2103 3843 2173 προστροπῇ,

2180 2188 2286 2246 Οὒκ
2336 2187 2578 2262 ἠμέλησε
2633 2187 2709 2261 δὲ,
2776 2185 2914 2243 ἀλλὰ
2960 2188 3045 2243 καὶ
3104 2193 3178 2260 τῷ
3230 2185 3493 2242 στείλαντι
3552 2186 3710 2242 αυτὸν
3783 2189 3847 2242 ἓν

2183 2282 2312 2349 Χίῳ,
2347 2276 2432 2332 καὶ
2494 2276 2586 2342 τῆς
2637 2274 2856 2332 Ἀϐύδου
2909 2275 3303 2352 προκαθημένῳ
3357 2275 3664 2353 γεγράφηκε
3716 2273 3843 2331 δια-

2179 2363 2393 2421 ϐάλλων
2446 2366 2565 2428 τοὺς
2624 2365 2894 2444 ὶπάρχους
2943 2363 3357 2439 Θεσσαλονίκης,
3406 2366 3663 2441 γνωρίσας
3699 2365 3847 2439 αὒτῷ

2180 2456 2245 2510 τὰ
2300 2454 2436 2511 κατὰ
2467 2455 2664 2510 γεπτὸν
2695 2454 2791 2508 καί
2822 2456 2880 2509 τὸ
2925 2454 3092 2528 ὄνομα
3141 2462 3231 2511 rufi
3258 2453 3588 2533 πεμφθέντος
3637 2465 3845 2529 Δημη-

2180 2543 2345 2621 τρίου,
2406 2545 2477 2608 ὡς
2551 2543 2760 2599 ἰκτῖνον
2845 2543 3122 2609 κινηθέντα
3176 2548 3323 2618 θυμῷ
3392 2544 3609 2619 βασιλεῖ
3677 2551 3849 2599 ταῦτα

2178 2631 2551 2713 προσαδοῖξαι,
2624 2634 2715 2689 γαὶ
2784 2632 3011 2708 βασιλέα
3095 2633 3254 2690 πάλιν
3324 2634 3414 2689 τὸν
3495 2632 3848 2712 φιλόχριστον

2177 2721 2598 2790 ἐπιπληκτικατς
2657 2723 2789 2790 πρὸς
2849 2723 2968 2785 τοὺς
3036 2721 3307 2804 ἔπᾶριους
3368 2721 3640 2779 κελεύσεσι
3691 2726 3848 2802 χρή-

2180 2815 2366 2870 σασθαι
2397 2812 2514 2890 περὶ
2545 2810 2767 2870 τούτων.

2255 2898 2357 2964 οδ’.
2414 2908 2587 2959 Ταῦτα
2621 2897 2676 2956 δὲ
2729 2899 2779 2965 ἐξ
2811 2898 3100 2979 ὁμολογίας
3148 2906 3281 2957 Θεοῦ
3324 2901 3570 2981 ταραχὴν
3628 2902 3838 2958 τοσαύ-

436 2994 546 3059 fuit
579 2993 903 3064 turbatum,
930 3001 996 3053 ut
1017 2991 1140 3054 Deo
1173 2992 1414 3073 placens
1443 2991 1860 3072 gloriosissimi
1892 2998 2089 3054 certa-

2183 3012 2273 3058 την
2334 2986 2562 3066 ἐδέξατο,
2597 2988 2752 3055 ’ίναη
2805 2990 3086 3067 θεάριστος
3136 2989 3358 3068 πρόνοια
3388 2993 3477 3047 καὶ
3534 2989 3840 3071 φιλάνθρω-

437 3084 666 3146 minum
690 3082 941 3146 victoris
970 3080 1343 3162 providentia
1375 3081 1841 3161 misericorsque
1871 3099 2013 3143 cura
2032 3081 2089 3140 in

2183 3102 2276 3143 πος
2334 3077 2626 3153 κηδεμονία
2684 3086 2775 3135 τοῦ
2846 3077 3166 3144 πανενδὸξου
3225 3079 3520 3160 ἆθλοφόρου
3590 3085 3843 3161 κηρυχθῇ

437 3172 659 3235 ﬁnibus
679 3171 1046 3251 vulgaretur,
1075 3171 1469 3249 universaque
1494 3182 1652 3232 terra
1673 3177 2089 3244 nosceret,ne-

2183 3168 2231 3223 ἐν
2277 3181 2391 3231 τοῖς
2451 3166 2663 3244 πέρασι,
2699 3168 2784 3224 καὶ
2837 3173 2947 3246 γνῷ
2980 3175 3127 3225 πᾶσα
3175 3170 3209 3237 ἡ
3244 3169 3554 3245 οἰκουμένη,
3588 3169 3668 3226 ὅτι
3724 3168 3842 3229 οὐδὲ

434 3280 553 3343 que
610 3240 946 3342 parentem,
982 3240 1237 3321 ﬁliorum
1282 3240 1609 3332 amantem,
1642 3259 1725 3321 ita
1773 3240 2089 3337 aliquando

2183 3258 2360 3321 ιοκεὺς
2439 3240 2688 3334 φιλόπαις
2778 3240 2884 3312 τῶΙν
2923 3240 2929 3242 ὴ
2968 3259 3201 3335 γνησίων
3263 3240 3405 3315 υἱῶν-
3466 3240 3842 3335 ἐπεμελήσατο

432 3356 721 3427 genuinos
742 3352 895 3410 ﬁlios
913 3361 1236 3417 curasse,ut
1259 3351 1504 3409 multum
1523 3352 1855 3409 misericors
1880 3353 2089 3409 Deum-

2183 3345 2312 3402 οὕτω
2364 3346 2519 3425 ποτὲ,
2570 3348 2641 3407 ὼς
2698 3349 2755 3404 οὗ
2803 3344 3281 3429 πολύσπλάγχνος,
3331 3349 3418 3405 καὶ
3471 3351 3843 3428 χριστομίμη-

435 3455 554 3519 que
575 3435 820 3499 imitans
842 3434 1121 3517 martyris
1141 3435 1457 3497 clementia
1481 3434 1657 3497 nobis
1680 3435 2089 3516 peccatoribus

2183 3456 2261 3499 to;
2345 3444 2436 3493 τοῦ
2521 3435 2780 3514 μάρτυρος
2866 3434 3231 3515 φιλανθρωπία
3314 3444 3421 3493 τῶν
3501 3438 3841 3515 ἀμαρτωλῶν

433 3529 686 3606 ejusque
714 3523 903 3586 servis
934 3532 1067 3604 post
1097 3523 1283 3585 Deum
1337 3525 1664 3605 prospexit,
1700 3524 2086 3605 periculoque

2183 3527 2328 3599 ἡμῶν
2382 3526 2469 3579 καὶ
2521 3521 2721 3580 δούλων
2780 3526 2936 3582 αὖτοῦ
3012 3527 3146 3599 μετὰ
3216 3528 3346 3583 Θεὸν
3392 3528 3685 3603 προενόησε
3746 3525 3840 3585 καῖ

431 3613 782 3694 hujusmodi
812 3630 925 3674 nec
957 3611 1294 3691 cogitantes
1326 3612 1557 3674 evulsit.
1596 3610 1736 3675 Haec
1770 3614 1881 3694 ipsi
1913 3613 2087 3676 nobis

2183 3612 2483 3680 τηλικούτου
2568 3611 2825 3688 κινδύνου,
2914 3613 3081 3689 μηδὲν
3163 3617 3319 3691 ἡμῶν
3387 3618 3840 3696 μεριμνησα-ιτων

427 3701 750 3782 multisque
796 3700 929 3763 aliis
960 3709 1297 3777 narrarunt,
1334 3701 1758 3781 gloriosissimi
1792 3703 2080 3783 praefecti,

2183 3704 2489 3763 ῖιπὲστανσε.
2555 3705 2709 3761 Αὐτοὶ
2768 3706 2905 3778 ἡμῖν
2958 3712 3123 3760 ταῦτα
3181 3708 3267 3761 καὶ
3337 3706 3540 3784 ἑτέροις
3600 3706 3834 3771 πολλοῖς

424 3792 769 3872 juramento
789 3798 1224 3863 asseverantes,
1256 3791 1432 3852 nobis
1455 3791 1697 3872 quidem
1723 3792 2083 3867 coram,vir0

2183 3793 2215 3848 ii
2287 3790 2547 3857 ἐνδοξότοι
2618 3791 2852 3872 ὕπαρχοι
2935 3790 3287 3873 διηγήσαντο,
3365 3796 3639 3860 πείσαντες
3715 3795 3839 3872 μεθ⁹

432 3888 630 3942 autem
662 3880 723 3941 in
767 3880 967 3941 insula
1001 3878 1148 3943 Chio
1177 3879 1505 3942 constituto
1538 3898 1642 3960 per
1674 3880 2083 3962 litteras,ipsi-

430 3986 547 4051 que
573 3984 751 4049 porro
772 3967 1122 4045 imperatori
1143 3969 1524 4031 convenienti
1536 3970 1873 4051 jurataque,
1909 3980 1973 4031 ut
2002 3970 2092 4031 di-

432 4067 594 4121 ctum
625 4065 737 4133 est,
771 4056 1084 4137 relatione,
1119 4074 1153 4119 a
1194 4058 1359 4120 nullo
1387 4060 1458 4121 ad
1492 4059 1648 4120 istud
1696 4077 2087 4140 quemquam,

431 4155 831 4229 praeterquam
856 4147 917 4208 in
943 4147 1130 4209 solam
1165 4148 1454 4230 Siciliam,
1479 4148 1582 4227 qui
1615 4168 1727 4212 nec
1747 4150 1968 4229 adhuc,
1994 4149 2091 4211 di-

433 4236 673 4317 cebant,
696 4254 975 4299 reversus
997 4245 1176 4316 esset,
1205 4237 1312 4300 sed
1346 4256 1458 4301 nec
1482 4240 1724 4300 omnino
1757 4239 2086 4313 hominem,

436 4324 553 4388 sibi
573 4325 1039 4401 ministrantem,
1070 4325 1173 4406 qui
1198 4324 1536 4389 Demetrius
1555 4325 1889 4407 appellatus
1906 4332 2085 4403 esset,

428 4414 702 4491 haberet,
745 4432 778 4476 e
814 4415 1091 4477 mandato
1144 4415 1535 4496 imperatorio
1577 4414 1823 4475 missum
1878 4412 2083 4475 fuisse.

516 4504 610 4567 75.
672 4504 782 4567 Ast
807 4510 1003 4584 ipsum
1064 4504 1317 4567 civitatis
1346 4501 1902 4567 Thessalonicensis
1954 4511 2089 4582 post

2176 3880 2366 3960 ὅρκων,
2428 3883 2570 3956 ἡμᾶς
2620 3882 2717 3956 μὲν
2765 3882 3002 3957 αὒτοψεὶ,
3039 3886 3130 3938 τὸν
3187 3882 3241 3939 δὲ
3272 3884 3326 3938 ἐν
3378 3885 3489 3958 Χίῳ
3532 3884 3690 3964 ἄνδρα
3749 3884 3838 3942 διὰ

2174 3972 2531 4050 γραμμάτων,
2590 3974 2677 4029 καὶ
2754 3976 2912 4032 αὐτὸν
2995 3970 3049 4029 δὲ
3132 3973 3356 4051 βασιλέα
3439 3974 3506 4030 δι’
3568 3976 3838 4054 ἀναφορᾶς

2174 4062 2505 4141 πρεπούσης,
2567 4064 2637 4126 ὡς
2711 4060 2945 4139 εἴρηται,
3005 4064 3091 4119 καὶ
3166 4063 3461 4144 ὲνωμότου,
3515 4067 3588 4129 ὡς
3658 4064 3838 4130 οὐδείς

2175 4149 2424 4230 πέπομφέ
2482 4172 2600 4207 τινα
2633 4150 2717 4207 ἐπὶ
2765 4153 2954 4227 τούτῳ,
2993 4150 3134 4220 πλὴν
3164 4152 3218 4208 ἐν
3268 4155 3409 4230 μόνη
3439 4152 3655 4227 Σικελίᾳ
3696 4157 3839 4211 κατὰ

2174 4239 2415 4295 κέλευσιν
2474 4238 2788 4315 βασιλικήν⁶
2852 4241 2909 4304 ὃς
2982 4239 3097 4297 οὖδέ
3171 4243 3493 4322 ὕπεστρεψεν
3548 4242 3649 4323 ἔτι,
3699 4243 3836 4322 ἔφα-

2173 4350 2293 4401 σαν,
2332 4326 2452 4384 ἀλλ’
2514 4326 2629 4384 οὐδὲ
2698 4328 2839 4393 ὅλως
2902 4328 3018 4411 ἔχει
3076 4329 3345 4405 ἅνθρωποι
3379 4335 3520 4407 σῦτῷ
3576 4331 3838 4411 ἐξυπηρε-

2170 4418 2425 4498 τούμενον
2464 4420 2773 4498 Δημήτριον
2805 4422 3365 4498 προσονομαζόμενον.

2252 4496 2350 4569 οε’,
2414 4506 2562 4563 Ἀλλ’
2596 4495 2676 4565 ὅτι
2729 4512 2756 4564 ὁ
2786 4495 3049 4576 δεσπότης
3096 4513 3231 4586 μετὰ
3290 4513 3420 4568 Θεὸν
3470 4515 3564 4581 τῆς
3618 4495 3831 4588 μόλεως

429 4594 622 4657 Deum
645 4591 1486 4671 dominum,gloriusissimum
1514 4592 1738 4657 Christi
1766 4599 2082 4671 martyrem

2183 4594 2588 4675 Βεσσαλονίκης,
2651 4600 2678 4653 ὁ
2738 4598 2936 4676 μάρτυς
3000 4601 3089 4655 τοῦ
3149 4606 3377 4680 Χριστοῦ
3439 4605 3748 4681 Δημήτριος
3803 4606 3831 4658 ὁ

429 4680 830 4755 Demetrium,
865 4698 1002 4742 cum
1047 4683 1341 4744 civitatem
1396 4700 1568 4744 suam
1601 4681 1758 4741 fame
1802 4681 2083 4742 afﬂictam

432 4770 707 4850 vidisset,
742 4768 907 4831 illius
934 4770 1118 4833 fuisse
1164 4771 1501 4853 miserlum,
1536 4787 1798 4851 curaque
1845 4788 1973 4848 sua,
2011 4788 2085 4831 ne

434 4876 648 4923 omnes
676 4858 914 4940 penitus
939 4868 1342 4941 morerentur,
1376 4860 1647 4923 eﬁecisse
1683 4858 1825 4939 (53).
1859 4858 2081 4922 Verum

431 4951 566 5024 quid
598 4952 674 5009 ad
709 4952 925 5025 majora
965 4964 1336 5026 properantes
1366 4952 1624 5011 minimis
1653 4952 1808 5011 hisce
1841 4953 2088 5009 inhaere-

433 5041 757 5101 mus?Esse
783 5043 1088 5102 enimvero
1112 5053 1168 5101 et
1191 5038 1290 5101 illa
1314 5056 1525 5119 magna
1546 5048 1605 5101 et
1633 5039 1803 5111 mira,
1830 5037 2082 5099 manife-

504 5170 618 5240 (52)
648 5171 732 5228 Ad
763 5170 833 5227 ιι
861 5171 1022 5229 Junii
1056 5170 1229 5235 diem,
1266 5184 1381 5241 quo
1412 5172 1594 5229 sancti
1624 5170 1859 5228 Joannis
1891 5170 2083 5238 Bapti-

435 5249 537 5301 stae
587 5244 876 5300 nativitias
909 5243 965 5298 in
1018 5239 1422 5313 Martyrologio
1449 5242 1704 5300 Romano
1741 5241 2083 5313 celebratur.

434 5321 625 5385 actum
655 5313 806 5385 apud
835 5327 944 5385 nos
973 5314 1044 5369 de
1078 5312 1187 5370 hoc
1217 5322 1417 5371 sancto
1468 5313 1827 5371 Praecursore
1859 5312 2082 5369 Domini

426 5381 545 5455 jam
605 5381 733 5453 est}
767 5397 837 5440 ex
889 5384 961 5439 iis
988 5391 1176 5455 autem
1227 5397 1355 5453 quae
1383 5385 1593 5442 ibidem
1644 5386 1701 5442 in
1741 5385 2083 5455 concinnato

431 5453 503 5511 de
558 5470 626 5513 eo
684 5453 1107 5512 Commentario
1140 5455 1413 5513 historico
1466 5470 1625 5513 num.
1675 5455 1776 5513 106
1813 5463 1870 5511 et
1924 5454 2085 5511 binis

431 5542 591 5598 seqq.
637 5541 667 5583 e
714 5524 1028 5581 Sozomeno
1069 5527 1125 5584 in
1162 5527 1414 5584 medium
1453 5527 1694 5585 adducta
1752 5536 1910 5593 sunt,
1941 5540 2084 5582 con-

430 5596 758 5661 ﬁrmantur,
792 5610 914 5666 quae
970 5593 1065 5653 hic
1122 5597 1275 5666 apud
1310 5599 1593 5656 Joannem
1644 5608 1954 5657 narrantur
2013 5600 2083 5654 do

430 5612 758 5661 armantur,
792 5612 914 5666 quae
970 5612 1065 5653 nic
1122 5612 1275 5668 apud
1310 5612 1593 5656 Joannem
1644 5612 1954 5657 narrantur
2013 5612 2079 5654 au

425 5667 594 5744 jactls
643 5683 671 5724 a
705 5666 963 5727 daatnone
1000 5669 1057 5725 in
1090 5667 1372 5728 Joannem
1414 5670 1725 5743 Baptistam
1780 5666 2079 5737 conviciis,

2169 4683 2502 4759 πανὲνδοξος,
2567 4689 2720 4752 αῧτὸς
2791 4686 3232 4764 λαηλατουμένην
3290 4688 3432 4765 λιμῷ
3502 4692 3599 4758 τὴν
3672 4696 3835 4750 αὐτοῦ

2167 4771 2324 4831 πόλιν
2413 4776 2737 4851 θεασάμενος
2825 4779 3158 4853 κατηλέησε,
3219 4781 3307 4835 καὶ
3393 4781 3491 4846 τὴν
3578 4780 3835 4858 πρόνοιαν

2165 4873 2258 4923 τοῦ
2314 4864 2385 4931 κὴ
2444 4865 2645 4931 πάντας
2712 4865 2870 4945 ἄρδην
2929 4867 3213 4925 ἀποθανεῖν
3266 4868 3583 4939 ἐποιήσατο,
3658 4867 3836 4927 Ἀλλὰ

2168 4954 2218 5009 τί
2304 4955 2421 5033 πιρῖ
2497 4956 2565 5010 τὰ
2638 4957 2852 5030 μείζόνα
2939 4956 3259 5038 σπεύδοντες
3339 4972 3456 5020 τοῖς
3521 4958 3839 5038 ἓλαχίστοις

2169 5044 2382 5105 τούτοις
2428 5041 2870 5127 ὲνδιατρίόομεν;
2937 5033 3054 5103 "Ott
3108 5047 3206 5124 μὲν
3236 5048 3335 5126 γὰρ
3391 5033 3668 5105 καὶταῦτα
3724 5070 3837 5124 με-

2164 5177 2320 5249 quod
2351 5179 2447 5236 hic.
2468 5179 2792 5256 Theodosio
2814 5181 3176 5256 imperatori,
3197 5185 3474 5242 adversus
3501 5183 3834 5256 Eugenium

2166 5256 2499 5327 tyrannum,
2533 5252 2690 5323 quod
2729 5268 2882 5313 anno
2900 5252 3021 5311 7394
3075 5256 3285 5321 evenit,
3319 5256 3536 5314 bellum
3582 5252 3834 5327 gerenti,

2166 5330 2320 5378 esset
2344 5322 2578 5381 auxilio}

2234 5391 2345 5461 (53)
2380 5394 2615 5465 Multum
2647 5396 2940 5455 enimvero
2997 5396 3245 5455 Joannes
3274 5397 3833 5465 Thessalonicensis,

2164 5469 2229 5539 ut
2268 5464 2597 5539 prodigiose
2622 5483 2653 5524 a
2689 5468 2898 5525 Sancto
2926 5466 3383 5527 Tbessalonibus
3428 5470 3577 5527 fame
3611 5464 3836 5539 pressis
3912 5471 3929 5493 ⁹

2165 5536 2371 5616 iterum
2413 5537 2589 5616 fuisse
2645 5553 3013 5616 succursum,
3061 5540 3341 5616 ostendat,
3424 5542 3531 5597 hoc
3612 5536 3836 5610 pariter

2164 5609 2346 5689 capite
2378 5609 2463 5689 ad
2496 5608 2656 5689 hunc
2725 5626 2906 5681 usque
2939 5612 3126 5668 locum
3184 5613 3424 5683 laborat,
3453 5626 3578 5677 nec,
3611 5608 3676 5670 ut
3725 5627 3836 5688 ap-

2163 5686 2343 5748 paret,
2376 5678 2587 5737 inielici
2619 5678 2859 5753 prorsus
2889 5695 3186 5742 successu.
