4100 6414
444 372 597 451 1263
1799 363 2452 435 SUPPLEMENTUM.
3665 363 3816 434 1264

439 513 896 583 ascendentium
916 513 1180 592 effugere
1204 528 1322 573 non
1346 507 1752 590 potuerant,in
1774 508 2078 586 pavimen-

2170 521 2289 587 γετν
2331 509 2427 571 τὰς
2490 508 2594 564 τῶν
2661 505 2985 563 ἀνελθόντων
3046 506 3350 584 μιαιφονίας
3410 507 3503 562 οὒκ
3558 505 3815 586 ἴσχυσαν,

440 617 565 671 tum
599 601 1352 685 dejicerent,Barbarorum
1378 607 1577 660 autem
1601 597 1662 659 in
1682 615 1908 658 morem
1933 617 2072 658 con-

2170 597 2457 665 λεηλατετν
2519 595 2572 652 δὲ
2627 594 2910 673 βαρϐάρων
2940 594 3096 661 δίκην
3138 596 3261 668 τοὺς
3324 593 3686 675 όμοδιαίτους,
3729 605 3823 655 καὶ

441 683 787 760 tubernales
816 711 957 754 suos
1005 699 1062 752 et
1111 697 1306 765 notos,
1343 696 1423 763 et,
1469 695 1533 748 ut
1561 685 1809 748 credere
1842 687 1929 748 fas
1962 696 2074 765 est,

2170 688 2490 766 γνωρίμους,
2547 687 2636 742 καὶ
2697 687 2770 747 ὡς
2822 686 2963 749 ετκέις
3018 697 3302 763 συγγενεῖς
3333 685 3419 740 καὶ
3471 683 3589 740 καθ’
3644 685 3821 741 ἅπαν-

442 791 723 866 cognatos
751 780 1523 866 exspoliarent,praterque
1547 776 1673 866 hac
1695 775 1894 837 omnia
1923 776 2078 857 ipsae

2170 799 2232 832 τα
2312 783 2477 833 ταῦτα
2561 776 2650 831 καὶ
2720 775 2816 837 τὰς
2904 775 3073 837 οἰκίας
3132 775 3293 836 αὗτὰς
3350 772 3667 852 πυρπολεῖν,
3728 775 3826 831 ἳνα

441 861 653 937 domos
684 871 1099 941 incenderent,
1133 874 1217 942 ut,
1245 865 1747 946 quemadmodum
1783 866 2078 944 conjicere

2173 863 2309 939 μηδὲ
2355 867 2402 921 0i
2445 862 2713 939 τριϐέντες
2745 867 2818 928 ὡς
2851 864 3018 942 εἰκὸς,
3053 863 3140 918 καὶ
3172 861 3224 918 ἐν
3258 863 3504 941 πτωχείᾳ
3532 863 3632 929 τὴν
3679 864 3825 934 ζωὴν

442 964 604 1038 licet,
631 977 828 1041 neque
859 959 946 1022 illi
976 960 1076 1039 qui
1122 956 1304 1019 attriti
1349 955 1625 1029 fuissent,
1653 953 1872 1020 victum
1909 956 2082 1016 etiam

443 1051 840 1116 mendicando
872 1057 1233 1130 quarentes,
1267 1047 1540 1108 laterent.

521 1141 626 1205 78.
660 1139 844 1202 Erant
875 1138 1080 1218 igitur,
1118 1146 1185 1198 ut
1215 1135 1440 1198 dictum
1473 1143 1584 1213 est,
1607 1135 1809 1196 omnia
1840 1135 1895 1195 in
1933 1143 2084 1196 trac-

441 1231 600 1294 tibus
629 1229 749 1291 illls
799 1228 930 1289 loca
979 1224 1369 1288 damoniacis
1425 1223 1546 1285 illis
1579 1223 1844 1286 cadibus
1875 1225 2082 1303 direp-

442 1321 825 1398 tionibusque
877 1316 1077 1398 plena,
1113 1324 1172 1377 et
1221 1313 1555 1376 secundum
1597 1311 1755 1393 quod
1792 1313 2082 1390 scriptum

442 1417 556 1491 est,
583 1407 886 1488 spelunca
917 1407 1235 1468 latronum.
1273 1402 1366 1466 Uti
1407 1411 1603 1464 autem
1635 1402 1765 1463 loco
1802 1403 2082 1482 quopiam

440 1499 689 1560 incenso
749 1495 1113 1570 ﬂammaque
1167 1492 1452 1554 adversus
1502 1510 1606 1552 eos
1663 1491 1763 1570 qui
1821 1508 1972 1570 aqua
2031 1491 2083 1552 ei

438 1587 753 1656 resistunt,
783 1583 1165 1663 pravalente,
1199 1581 1343 1662 ipsa
1375 1580 1553 1642 etiam
1586 1578 1800 1641 domus
1831 1581 2087 1641 circum-

436 1675 637 1757 jecta,
704 1671 850 1734 fumi
901 1670 1280 1733 vehementia
1335 1668 1678 1742 calefacta,
1734 1667 1960 1730 titionis
2013 1669 2085 1730 ad

445 1765 637 1826 instar
665 1763 1032 1839 nigrescunt,
1065 1765 1244 1840 atque
1276 1765 1337 1819 ut
1371 1777 1546 1838 parva
1579 1757 1751 1818 etiam
1807 1757 2085 1838 quapiam

442 1871 622 1916 causa
653 1868 840 1932 eaque
872 1850 1028 1911 haud
1090 1849 1502 1928 inexspectata
1548 1855 1695 1908 acta
1743 1847 2085 1908 accendan-

446 1951 565 2018 tur,
602 1940 993 2018 paratissima
1024 1937 1307 2011 evadunt,
1341 1937 1424 1999 ita
1453 1936 1631 1999 etiam
1665 1955 1875 1998 omnes
1915 1936 1972 1997 in
2006 1937 2084 1998 ll-

441 2031 628 2114 lyrico
660 2029 932 2092 civitates
983 2027 1314 2109 pervadens
1363 2026 1652 2088 malorum
1689 2026 2084 2089 Orientalium

442 2121 602 2183 fama
629 2119 854 2199 aliquas
887 2117 1129 2198 quidem
1165 2115 1425 2178 avaritia
1456 2114 1882 2196 cupiditatibus
1913 2115 2087 2177 obte-

446 2208 737 2284 nebravit,
789 2207 1224 2283 intestinaeque
1255 2206 1316 2267 in
1349 2203 1497 2285 ipsis
1531 2205 1788 2265 tribuum
1823 2205 2087 2284 virgultis

447 2300 720 2360 flammas
747 2295 1048 2377 accendit,
1105 2295 1321 2357 deinde
1372 2313 1516 2356 vero
1560 2303 1621 2356 et
1672 2293 2025 2355 custoditam
2054 2313 2086 2355 a

443 2387 801 2469 martyribus
831 2384 1460 2447 Tbessalonicensium
1510 2383 1889 2464 metropolim
1945 2383 2086 2445 fini-~

446 2479 728 2540 timorum
761 2474 1027 2537 facinora
1057 2492 1366 2535 rumorum
1399 2472 1561 2533 auris
1606 2469 2082 2541 circumdabant,

2171 960 2510 1032 ποριζόμενοι
2541 951 2885 1013 διαλάθωσιν.

2324 1131 2341 1160 ι
2413 1122 2443 1148 τ
2682 1131 2699 1152 κ
3130 1130 3154 1150 ν
3445 1131 3457 1150 1
3805 1128 3821 1151 9

2250 1153 2317 1198 οη
2355 1180 2368 1194 ,
2437 1139 2583 1188 Ησαν
2640 1153 2736 1205 μεν
2794 1131 2909 1211 οὖν,
2967 1132 3042 1193 ὡς
3101 1151 3339 1210 ειρηται,
3389 1151 3584 1192 παντες
3617 1131 3666 1186 οἱ
3697 1153 3798 1188 κατ

2167 1221 2350 1278 ἐκεῖνα
2409 1222 2474 1276 τὰ
2521 1222 2754 1296 κλίματα
2787 1222 2960 1299 χῶροι
2991 1219 3088 1287 τῆς
3120 1217 3436 1294 δαιμονικῆς
3473 1221 3671 1286 ταύτης
3715 1220 3819 1274 ἆν-

2167 1309 2478 1381 δροκτασίας
2525 1311 2610 1366 καὶ
2667 1308 2958 1376 λεηλασίας
3003 1306 3282 1382 ἀνάπλεοι,
3334 1310 3424 1364 καὶ
3452 1309 3589 1365 κατὰ
3624 1311 3686 1364 τό
3717 1330 3819 1386 γε-

2168 1399 2472 1477 γραμμένον
2529 1397 2768 1468 σπήλαια
2822 1397 3060 1473 λῃστῶν,
3117 1397 3322 1474 ’Ὠσπερ
3380 1395 3434 1452 δὲ
3491 1418 3633 1461 τινος
3688 1420 3826 1468 πυρ-

2171 1487 2498 1554 ποληθέντος
2557 1487 2746 1560 τόπο),
2807 1489 2894 1543 καὶ
2947 1492 3044 1553 τῆς
3124 1485 3322 1565 φλογὸς
3378 1488 3819 1564 κατακρατούσης

2170 1577 2275 1633 τῶν
2333 1575 2772 1656 ἀπομαχομένων
2804 1582 2879 1650 τῷ
2921 1573 3067 1632 ὕδατι
3114 1577 3165 1631 αἱ
3207 1574 3356 1653 πέριξ
3386 1575 3545 1631 οἰκίαι
3576 1583 3643 1651 τῇ
3676 1597 3821 1655 σφο-

2172 1664 2387 1744 δρότητι
2445 1665 2855 1743 θερμαινόμεναι
2901 1674 2994 1723 τοῦ
3038 1671 3261 1734 καπνοῦ,
3305 1665 3457 1720 αὗταί
3506 1685 3562 1719 τε
3622 1664 3820 1740 μελιζ-

2170 1776 2346 1809 νονται
2382 1753 2542 1814 δαλοῦ
2585 1752 2760 1828 δίκην,
2806 1756 2894 1810 καὶ
2939 1755 3071 1832 πρὸς
3117 1750 3312 1828 ἄναψιν
3356 1753 3697 1828 ἑτοιμόταται
3729 1755 3821 1828 γί-

2114 1865 2372 1926 Βνονται,
2444 1851 2570 1919 μιᾶς
2628 1866 2771 1906 τινος
2839 1845 2926 1900 καὶ
2995 1843 3253 1922 βραχείας
3317 1843 3656 1922 προφάσεως,
3719 1847 3822 1899 καὶ

2172 1934 2364 1999 ταύτης
2421 1931 2850 2009 προσδοκησίμου
2902 1929 3256 2010 δρασσόμεναι
3293 1951 3306 1964 ·
3371 1931 3508 1988 οὕτω
3578 1933 3664 1988 καὶ
3722 1934 3824 1993 τὰς

2172 2023 2287 2095 περὶ
2347 2024 2408 2078 τὸ
2453 2021 2742 2100 Ἰλλυρικὸν
2794 2024 3004 2085 ἁπάσας
3049 2019 3232 2078 πόλεις
3283 2023 3317 2088 ἡ
3350 2027 3455 2076 τῶν
3490 2020 3862 2078 ἀνατολικῶν·

2172 2112 2328 2189 φήμη
2395 2110 2778 2187 διανεμηθεῖσα
2841 2118 3018 2167 κακῶν
3047 2158 3064 2190 ,
3123 2111 3265 2174 τινας
3324 2109 3420 2186 μὲν
3481 2110 3824 2190 κατεζόφωσε

2170 2213 2288 2262 τοῖς
2348 2205 2445 2269 τῆς
2523 2200 2866 2279 φιλαργυρίας
2939 2204 3152 2280 θυμοῖς,
3221 2201 3306 2254 καὶ
3366 2201 3458 2260 τὰς
3533 2199 3823 2276 ἐμφυλίους

2171 2288 2372 2368 φλόγας
2410 2293 2464 2345 ἒν
2511 2290 2698 2354 αὐταῖς
2746 2303 2862 2354 τοῖς
2922 2289 3164 2370 φυλικοϊς
3218 2289 3501 2368 φρυγάνοις
3553 2289 3759 2364 ἀνῆψεν
3799 2307 3816 2323 ⁸

2172 2376 2274 2444 ἤδη
2319 2378 2373 2434 δὲ
2436 2379 2523 2434 καὶ
2577 2381 2674 2444 τὴν
2753 2376 3254 2458 μαρτυροφύλακτον
3311 2383 3416 2432 τῶν
3487 2378 3822 2436 Θεσσαλονι-

2172 2467 2306 2523 κέων
2360 2467 2693 2544 μητρόπολιν
2765 2467 3085 2524 ἀνεκύκλουν
3168 2479 3288 2528 ταῖς
3361 2465 3543 2543 αὔραις
3596 2469 3660 2523 τα
3709 2476 3823 2524 τῶν

444 2565 868 2644 cbaritatisque
900 2563 1112 2642 fulgor,
1141 2581 1315 2644 quem
1351 2561 1670 2642 Apostolus
1708 2561 1770 2622 in
1801 2559 2078 2641 Epistolie

2175 2569 2575 2637 πλησιοχωρων
2636 2555 3180 2635 δραματουργήματα,
3241 2557 3328 2612 καὶ
3387 2561 3446 2611 τὸ
3500 2562 3598 2623 τῆς
3673 2557 3822 2635 ἆγᾶ-

445 2655 685 2718 beatum
717 2653 966 2729 vocavit,
1021 2651 1260 2716 invidia
1317 2651 1590 2731 ingressu
1647 2668 1958 2732 repressus
1991 2651 2084 2712 ni-

443 2743 780 2826 grescebat.
1490 2739 1493 2741 ’

521 2921 620 2986 79.
663 2918 1068 2986 Miserandum
1127 2918 1188 2980 in
1244 2916 1487 2981 modum
1550 2917 1754 2981 vtdere
1783 2928 1909 2981 erat
1935 2937 2085 2981 con-

2172 2668 2280 2713 πης
2326 2650 2497 2704 αὒτῶν
2547 2645 2836 2726 τηλαυγὲς,
2885 2645 2916 2701 ’ὁ
2947 2649 3031 2702 καὶ
3063 2649 3089 2702 '0
3125 2644 3457 2710 Ἀπόστολος
3490 2643 3560 2702 δι’
3592 2646 3818 2704 ἐπιστοο

2170 2733 2280 2791 λῶν
2314 2734 2627 2808 ἐμακάρισε,
2674 2741 2744 2812 τῇ
2784 2741 2872 2792 τοῦ
2902 2735 3091 2815 φθόνου
3142 2732 3479 2814 παρεισδύσει
3539 2757 3820 2815 κατακρα-

2169 2824 2325 2890 τηθὲν
2352 2823 2682 2898 ἐμελαίνετο.

2313 2912 2331 2936 ι
2396 2902 2426 2928 τ
2744 2913 2755 2934 ι
3115 2915 3139 2926 υ
3427 2916 3454 2927 η-
3614 2915 3625 2932 I
3750 2920 3780 2932 φ

2251 2917 2351 2978 οθ,
2422 2921 2494 2970 Ην
2550 2935 2606 2970 τε
2664 2912 2886 2991 βλεπειν
2926 2911 3173 2979 ὶλεεινως
3231 2935 3522 2982 τηνικαυτα
3575 2937 3674 2983 την
3716 2939 3822 2984 της

441 3009 662 3074 cordia
693 3009 1070 3090 metropolim
1104 3006 1499 3070 dissensionis
1550 3025 1713 3070 mare
1763 3015 1904 3070 tunc
1957 3008 2078 3071 fac-

2170 3003 2556 3090 δμοφροσύνης
2598 3001 2933 3082 μητρόπολιν
2989 3000 3261 3060 Θάλασσαν
3319 3000 3594 3083 διχονοίας
3652 3027 3822 3082 γεγεο

439 3108 582 3162 tam.
618 3099 805 3161 Nemo
861 3089 923 3159 in
977 3105 1278 3179 posterum
1336 3097 1530 3159 amico
1581 3101 1742 3159 vultu
1773 3104 1826 3172 (ο
1860 3096 2078 3158 malum

2170 3092 2429 3167 νημένην·
2467 3089 2645 3158 Οὒδεὶς
2691 3092 2880 3149 λοιπον
2910 3094 3071 3170 ὑγιῶς
3118 3095 3193 3166 τῷ
3235 3091 3466 3160 πλησίον
3516 3092 3816 3172 προσέϐλε-

434 3190 908 3269 inexspeclatum
939 3187 981 3266 !)
1018 3187 1352 3265 proximum
1388 3185 1777 3262 intuebatur;
1806 3185 2078 3248 morbum

2170 3202 2286 3256 πεν,
2334 3181 2379 3238 ὣ
2420 3189 2511 3238 τοῦ
2571 3180 2969 3261 ἀπροσδοκήτου
3029 3180 3245 3240 κακοῦί
3308 3181 3424 3240 οὐδὲ
3500 3186 3819 3261 συγγενικὸς

2170 3273 2213 3292 ﬂ,
2300 3271 2315 3292 ὶ
2440 3271 2452 3287 \
2560 3271 2575 3292 9
2723 3270 2748 3291 -Ι
2768 3275 2779 3292 Ι
3037 3270 3048 3292 '
3199 3271 3214 3292 ,
3359 3272 3372 3292 Ι
3516 3275 3529 3292 ὶ
3547 3271 3568 3292 Γ
3686 3274 3699 3292 Ι

436 3287 664 3352 autem,
701 3276 800 3357 qui
833 3276 1109 3350 irruerat,
1160 3275 1257 3335 lux
1309 3274 1625 3353 congenita
1655 3292 1868 3336 sanare
1921 3274 2078 3336 haud

2170 3271 2356 3344 θεσμὸς
2401 3271 2499 3336 τὴν
2557 3270 2933 3345 ἐπισκήψασαν
2990 3270 3145 3328 νόσον
3199 3271 3456 3348 ἰατρεύειν
3516 3271 3810 3353 ἒξισχύων,

437 3374 689 3450 poterat.
717 3364 939 3427 Verum
971 3362 1478 3444 quemadmodum
1506 3362 1856 3424 abscondita
1886 3363 1946 3424 in
1983 3383 2078 3442 pa-

2170 3358 2317 3450 'AVM'
2371 3359 2554 3450 ῶσπερ
2612 3359 2669 3416 ἐν
2737 3359 2954 3439 ἀχύρων
3023 3360 3214 3437 σωρεία
3273 3360 3403 3440 φλὸξ
3467 3364 3813 3440 κεκρυμμὲνη

433 3446 664 3516 learum
697 3470 909 3514 acervo
944 3453 1181 3512 ﬂamma
1211 3451 1336 3511 solo
1371 3451 1696 3530 prapedita
1725 3452 1885 3511 fumo
1916 3451 2078 3512 iners

2170 3449 2312 3524 μόνῳ
2367 3446 2720 3529 διασμύχεται
2785 3455 2862 3522 τῷ
2919 3457 3107 3524 καπνῷ
3147 3452 3440 3528 τυφομένη,
3474 3454 3560 3508 καὶ
3619 3459 3814 3529 μικρᾶς

435 3549 658 3616 manet,
688 3559 982 3622 parvaque
1016 3539 1316 3621 palearum
1341 3539 1918 3614 incumbentium,ut
1943 3559 2077 3601 om-

2170 3537 2411 3607 ἑπιθυμετ
2468 3536 2890 3604 διασκαλεύσεως
2964 3545 3074 3596 τῶν
3146 3540 3501 3615 ἐπικειμένων
3562 3541 3809 3622 ἀχύρων,

435 3632 642 3694 nivora
673 3631 758 3691 vis
789 3629 918 3709 ejus
953 3629 1203 3691 excitata
1236 3629 1436 3689 omnia
1470 3627 1809 3708 adjacentia
1839 3630 2078 3691 combu-

2170 3629 2235 3692 εἷς
2295 3629 2353 3683 τὸ
2423 3629 2522 3695 τὴν
2602 3628 2766 3694 αὖτῆς
2836 3629 3127 3708 παμφάγον
3213 3631 3386 3707 ὁρμὴν
3443 3628 3812 3710 διεγερθεῖσαν

433 3729 526 3784 rat
557 3729 732 3800 atque
763 3719 823 3780 in
855 3719 1121 3781 cinerem
1153 3716 1404 3794 redigat,
1432 3718 1696 3781 motione
1726 3718 1973 3797 indiget,
2004 3721 2078 3781 ita

2170 3718 2332 3775 πάντα
2413 3715 2711 3793 διακαῦσαι,
2807 3721 2893 3775 καὶ
2977 3720 3382 3798 κατατεφρῶσαι
3436 3720 3502 3775 τὰ
3562 3723 3814 3799 περικεί-

436 3811 664 3891 civitas,
696 3807 805 3870 sub
839 3808 1109 3871 damone
1165 3807 1385 3882 abdita,
1440 3817 1713 3870 mutuum
1766 3809 2077 3871 interitum

2170 3827 2298 3881 μετα
2337 3824 2350 3837 ⁸
2396 3805 2560 3871 οὕτως
2619 3809 2654 3875 ἡ
2711 3807 2865 3870 πόλις
2917 3809 3018 3863 ὑπὸ
3048 3817 3141 3866 τοῦ
3170 3806 3414 3883 δαίμονος
3457 3808 3686 3874 ὕπουλος
3721 3811 3819 3867 οὓ-

435 3900 524 3962 sic
557 3897 945 3980 parturiebat,
980 3907 1042 3959 ut
1075 3898 1252 3959 etiam
1299 3897 1371 3958 ad
1407 3897 1708 3978 palearum
1741 3899 2075 3980 exemplum

2170 3917 2268 3959 τως
2321 3893 2475 3953 ὤδινε
2538 3897 2630 3964 τὴν
2702 3897 2820 3954 κατ’
2883 3895 3132 3963 ἀλλήλων
3197 3895 3498 3976 διαφθορὰν,
3566 3901 3650 3955 καὶ
3710 3924 3814 3974 μι-

435 4007 638 4070 parva,
669 4006 785 4068 quo
817 3987 1010 4048 cades
1044 3994 1273 4047 mutuas
1326 3987 1664 4061 suscitaret,
1723 4006 2077 4065 ensemque,

2170 3991 2290 4062 κρᾶς
2335 3987 2407 4049 ὡς
2451 3985 2538 4041 cui
2582 3993 2673 4041 τοῦ
2731 3984 3154 4065 παραδείγματος
3200 3994 3306 4044 τῶν
3371 3988 3587 4068 ἀχύρων
3630 3988 3814 4047 ἐδεῖτο

436 4077 539 4158 qui
567 4076 871 4138 interitum
905 4077 1204 4156 utrimque
1251 4075 1513 4151 afferret,
1549 4076 1838 4142 adversus
1867 4097 2078 4141 omnes

2170 4076 2476 4152 προφάσεως
2559 4077 2631 4138 εἷς
2691 4077 2754 4130 τὸ
2841 4074 3201 4154 ἆναῤῥιπίσαι,
3263 4079 3350 4133 καὶ
3411 4080 3545 4133 κατὰ
3595 4079 3816 4135 πάντων

435 4167 754 4240 emitteret,
791 4183 967 4226 causa
998 4165 1316 4244 indigeret.

2170 4164 2426 4240 Ξστράψαι
2456 4164 2556 4231 τὴν
2585 4162 2986 4244 ἀλληλοφθόρον
3019 4168 3319 4245 μάχαιραν,

513 4255 614 4320 80.
647 4255 721 4318 At
745 4272 908 4334 vero,
943 4254 1180 4316 civitate
1211 4255 1290 4315 ita
1321 4254 1476 4316 male
1509 4255 1907 4336 aﬂ'ecla,quod
1934 4275 2074 4335 spe-

2241 4253 2302 4311 π¹
2367 4252 2518 4310 Ἀλλ’
2564 4253 2653 4310 οὖν
2685 4253 2824 4310 οὕτω
2854 4263 3019 4312 κακοῦ
3062 4253 3229 4313 διακει
3291 4256 3301 4274 ’
3475 4263 3498 4274 ”
3625 4258 3664 4314 ’λ

2316 4303 2330 4317 ,
3236 4279 3404 4331 μενης
3438 4281 3534 4324 της
3568 4281 3635 4314 πο
3677 4281 3809 4335 εως,

433 4354 625 4408 ratum
661 4343 817 4405 haud
879 4343 1096 4424 fuerat,
1131 4343 1257 4404 fieri
1289 4343 1761 4421 gloriosissimus
1793 4347 2074 4406 certami-

2170 4342 2310 4402 σῦδὲν
2354 4343 2460 4399 τῶν
2493 4343 2854 4418 ἐλπιζομένων
2913 4344 3152 4422 γενέσθαι
3211 4349 3237 4402 ὁ
3287 4345 3600 4413 πανένδοξος
3648 4349 3813 4406 ἀθλο-

431 4452 574 4498 num
615 4432 838 4496 Christi
891 4433 1080 4496 victor
1132 4433 1456 4505 concessit,
1505 4431 1704 4514 itaque
1751 4432 1890 4494 dum
1924 4435 2075 4496 mala

2170 4437 2316 4514 ρόρος
2375 4441 2467 4489 τοῦ
2530 4441 2758 4510 Χριστοῦ
2811 4434 3213 4513 συνεχώρησεν,
3272 4433 3392 4492 ἀλλ’
3437 4437 3603 4503 οὕτως
3644 4437 3698 4494 ἐν
3731 4447 3812 4515 τῷ

435 4523 796 4614 molirentur
827 4521 1164 4614 populi,ira
1195 4521 1504 4614 exstincta
1534 4520 1844 4614 sunt.Cum
1877 4523 2075 4604 itaque

2170 4522 2494 4580 Βουλεύεσθαί
2538 4522 2604 4578 τὰ
2648 4525 2787 4580 κακὰ
2843 4524 2966 4587 τοὺς
3024 4521 3226 4600 δήμους
3285 4524 3706 4594 συνεσϐἐσθησαν
3758 4533 3808 4586 οἱ

428 4611 852 4690 inexspectata
871 4610 1094 4670 irarum
1119 4609 1391 4671 sedatior:
1402 4610 1451 4670 is
1473 4609 1732 4671 celerem
1755 4602 2073 4674 adventum

2170 4613 2332 4687 ὶυμοί,
2379 4602 2576 4674 ’ἱκανὸς
2624 4613 2722 4681 μὲν
2769 4613 2861 4668 οὖν
2905 4617 2993 4669 καὶ
3035 4615 3095 4669 τὸ
3146 4614 3330 4692 ἀθρόον
3394 4616 3487 4683 τῆς
3536 4616 3807 4694 ἀπροσδο-

428 4700 506 4763 iis
531 4700 633 4780 qui
663 4698 883 4761 mentis
913 4697 1106 4760 forent
1149 4708 1480 4780 compotes,
1538 4718 1883 4780 comparare
1915 4713 2077 4765 esset

2170 4702 2326 4772 ιιήτου
2377 4706 2483 4756 τῶν
2535 4703 2708 4779 ὁργ·ῖ›ν
2762 4703 3144 4766 καταπαύσεως
3174 4717 3291 4765 τοῖς
3326 4711 3445 4760 νοῦν
3476 4705 3663 4784 ἔχουσι
3695 4728 3808 4763 πα-

430 4788 762 4864 sufﬁciens,
797 4805 918 4849 non
975 4806 1152 4850 secus
1208 4807 1276 4850 ac
1322 4787 1524 4850 divina
1557 4790 1824 4870 quadam
1872 4793 2071 4872 provi-

429 4880 622 4940 dentia
657 4877 1079 4951 ineﬂabilisque
1101 4888 1434 4937 sanctorum
1454 4880 1900 4947 obumbrati0,id
1923 4883 2068 4942 fecit.

431 4966 544 5040 Qui
578 4967 735 5026 enim
768 4964 930 5026 solus
960 4965 1144 5026 corda
1187 4967 1427 5036 creavit,
1463 4984 1554 5041 ea,
1591 4973 1654 5026 ut
1683 4985 1921 5048 aquam,
1953 4988 2071 5050 quo

426 5053 1081 5128 volu'erit,inflectit.Ne
1107 5072 1246 5116 vero
1271 5073 1475 5116 eorum
1500 5055 1600 5136 qui
1623 5055 1697 5118 de
1727 5057 1891 5120 hisce
1922 5077 2069 5120 con-

429 5143 565 5206 silia
615 5141 952 5220 conferunt,
1008 5141 1228 5205 dubius
1272 5142 1502 5204 haereat
1554 5145 1816 5221 animus,
1869 5147 2071 5210 audite

425 5232 588 5312 quod
644 5232 861 5294 factum
914 5240 1051 5309 est;
1109 5231 1334 5305 audite,
1369 5251 1596 5311 quaso,
1633 5253 1746 5297 nec
1775 5235 1969 5298 solum
1994 5238 2068 5300 ad

424 5321 870 5396 admirandum,
899 5320 1004 5382 sed
1050 5328 1112 5383 et
1161 5321 1235 5382 ad
1285 5320 1647 5384 laudandum
1683 5343 1870 5405 usque
1903 5345 2068 5388 mar-

425 5421 612 5496 tyrem
646 5410 1059 5491 cogitationem
1093 5412 1345 5473 excitate
1372 5432 1388 5490 ;
1416 5413 1560 5493 quin
1609 5414 1729 5476 imo
1753 5415 1892 5496 quid
1925 5435 2062 5495 gra-

423 5509 547 5564 tum
574 5509 634 5563 et
656 5507 966 5580 acceptum
990 5501 1385 5562 certaminum
1411 5501 1616 5565 victori
1641 5503 2066 5584 sit,diligenter

419 5588 851 5667 examinantes,
886 5587 944 5649 id
977 5588 1174 5671 ipsum
1207 5597 1266 5652 et
1288 5609 1397 5652 vos
1417 5607 1490 5652 ex
1515 5598 1631 5652 tota
1660 5591 1858 5655 anima
1882 5594 2064 5658 virtu-

2158 4792 2442 4869 ραστῆσαι,
2506 4791 2578 4852 ὡς
2637 4790 2750 4847 θεία
2797 4813 2872 4856 τις
2918 4793 3160 4872 πρόνοια,
3216 4794 3515 4874 καὶνᾶγίων
3577 4794 3807 4874 ἄῤῥητος

2157 4879 2456 4943 ἒπισκίασις
2513 4881 2575 4935 τὸ
2619 4887 2858 4939 τοιοῦτον
2897 4881 3268 4958 κατώρθωσεν,
3314 4873 3371 4942 Ὀ
3431 4885 3531 4962 γὰρ
3592 4883 3807 4949 πλάσας

2156 4970 2461 5043 καταμόνας
2516 4970 2609 5030 τὰς
2661 4967 2900 5049 καρδίας,
2990 4971 3170 5050 τρέπει
3249 4973 3442 5037 ταύτας
3519 4975 3593 5038 ὡς
3667 4973 3810 5052 ὕδωρ

2154 5057 2286 5116 ὅπου
2341 5059 2429 5114 καὶ
2471 5056 2742 5134 βούλεται,
2801 5058 2915 5115 ’Ἱνα
2970 5056 3024 5115 δὲ
3080 5061 3159 5135 μὴ
3204 5059 3519 5141 διαμφοδίζῃ
3550 5070 3656 5119 τῶν
3690 5065 3812 5144 περὶ

2157 5155 2316 5205 ταῦτα
2371 5147 2772 5224 βουλευομένων
2823 5151 2852 5205 ὁ
2896 5159 3044 5228 νοῦς,
3107 5150 3370 5208 ἀκούσατε
3402 5151 3462 5208 τὸ
3493 5152 3806 5231 γενόμενον,

2153 5239 2437 5310 ἀκούσατε,
2498 5237 2820 5318 παρακαλῶ,
2864 5240 2952 5296 καὶ
2997 5239 3075 5314 μῆ
3131 5262 3294 5314 μονον
3337 5238 3440 5303 ἕως
3470 5243 3564 5298 τοῦ
3590 5244 3810 5318 θαυμά-

2155 5349 2264 5400 σαι,
2333 5328 2421 5383 καὶ
2486 5325 2833 5406 δοξολογῆσαι
2908 5329 3000 5386 τὸν
3061 5330 3298 5408 μάρτυρα
3332 5377 3350 5403 ,
3401 5330 3502 5397 τὴν
3574 5329 3812 5390 διάνοιαν

2151 5415 2454 5496 διαγείρητε
2487 5434 2502 5450 ⁸
2553 5415 2690 5473 ἀλλὰ
2733 5418 2800 5472 τὸ
2845 5419 3050 5487 αἱρετὸν
3098 5420 3187 5475 καὶ
3219 5419 3372 5500 φίλον
3403 5427 3478 5493 τῷ
3525 5420 3812 5501 ἀθλοφόρῳ

2149 5505 2660 5574 κατασκοπήσαντες
2714 5503 2968 5584 ἀκριϐῶς,
3038 5509 3165 5566 αὐτὸ
3217 5509 3306 5564 καὶ
3362 5509 3517 5584 ὑμεῖς
3573 5508 3623 5575 ἐξ
3670 5509 3810 5579 ὅλης

2148 5600 2332 5676 ψυχῆς
2377 5595 2465 5649 καὶ
2525 5591 2790 5671 δυνάμεως
2853 5596 2989 5655 κατὰ
3047 5596 3149 5664 τὴν
3182 5596 3388 5654 ἔννοιαν
3417 5597 3809 5680 περισφίγξαν-
