4100 6402
299 361 454 430 1265

1389 366 1450 431 S.
1496 365 1876 430 DEMETRII
1919 364 2320 428 MARTYRIS
2361 362 2580 430 ACTA.

3515 354 3668 430 1266

293 522 412 579 τες,
463 501 691 570 ὑπήκοοι
749 497 1015 576 ἀκριϐεῖς,
1044 501 1132 558 καὶ
1188 499 1272 558 διὰ
1323 508 1477 560 τοῦτο
1532 502 1743 579 γνήσιοι
1800 496 1926 578 φίλοι

2024 501 2202 577 teque
2243 497 2697 579 amplectentes,
2731 495 3096 560 adamussim
3145 495 3498 560 obedientes
3525 513 3667 577 ger-

291 594 393 658 τῆς
425 589 769 664 ἀγαθωσύνης
801 589 960 646 αὐτοῦ
1002 589 1377 670 ἀναδειχθῆτε.

374 679 472 736 πα’
534 680 652 736 Ἵνα
680 680 779 758 γὰρ
832 679 909 755 μὴ
967 679 1250 758 ἀμφοδίζῃ,
1288 683 1359 747 ὼς
1404 681 1642 761 εἴρηται,
1672 685 1780 736 τῶν
1830 675 1948 756 περὶ

289 775 459 824 ταῦτα
510 767 906 845 βουλευομένων
977 770 1005 824 ὁ
1063 777 1203 836 νοῦς,
1266 772 1487 849 πότερον
1557 767 1866 843 αὐτομάτως
1909 767 1944 833 ἡ

290 863 400 914 τῶν
459 856 789 924 τηλικούτων
847 857 1024 913 κακῶν
1064 860 1220 938 φορὰ,
1255 859 1378 917 ὅσον
1428 859 1576 916 οὔπω
1630 855 1944 935 προσδοκω-

289 947 452 1021 μένη,
484 947 890 1025 κατεκοιμίσθη,
955 948 988 1015 ἢ
1042 948 1183 1012 τίνος
1231 949 1448 1027 προνοίᾳ
1507 953 1662 1005 τοῦτο
1711 944 1943 1023 γεγένη-

284 1054 397 1091 ται’
475 1037 560 1091 καὶ
631 1034 822 1109 πάλιν,
884 1035 977 1092 *ίνα
1037 1037 1116 1111 μὴ
1165 1035 1619 1117 διαμφιϐάλληται
1667 1041 1735 1111 τῇ
1802 1035 1940 1098 τίνος

283 1122 539 1200 πρεσϐεία
620 1128 650 1193 ἡ
737 1126 891 1189 πόλις
963 1126 1024 1182 ἐκ
1109 1134 1214 1184 τῶν
1298 1125 1474 1201 πυλῷν
1539 1132 1632 1182 τοῦ
1715 1124 1939 1182 θανάτου

283 1212 617 1284 ἀνεσπάσθη,
663 1217 814 1294 (bella
867 1216 968 1270 τινὶ
1026 1215 1142 1272 καθ’
1194 1214 1386 1280 ὕπνους
1457 1218 1650 1271 νεωστὶ
1699 1213 1760 1270 ἐκ
1829 1217 1928 1278 τῆς

285 1291 542 1368 Ἐλλάδος
601 1309 670 1378 τῇ
726 1291 1086 1381 Θεσσαλονίκῃ
1142 1303 1559 1382 ἐπιδημήσαντι,
1620 1302 1770 1380 ἀνδρί
1828 1324 1927 1358 κο-

281 1392 450 1470 σμίῳ,
503 1395 591 1449 καὶ
647 1399 754 1449 τῶν
823 1403 1114 1460 τηνικαῦτα
1166 1400 1260 1450 τοῦ
1331 1393 1622 1470 Ἰλλυρικοῦ
1677 1392 1930 1470 ἐπάρχων

279 1494 556 1558 συγγενεῖ,
632 1482 858 1559 πρώτως
947 1485 1016 1559 τῇ
1093 1482 1246 1540 πόλει
1331 1482 1756 1561 προσπλύσαντι,
1844 1481 1932 1536 καὶ

283 1570 426 1646 μηδὲ
485 1573 549 1627 τὰ
581 1574 864 1647 κινούμενα
915 1571 970 1628 ἐν
1025 1576 1160 1648 αὐτῇ
1211 1573 1297 1628 καὶ
1327 1571 1629 1646 λαλούμενα
1659 1569 1932 1647 ἀπογινώ-

279 1682 490 1739 σκοντι,
522 1662 740 1733 τοιαύτη
800 1683 873 1726 τις
925 1661 1045 1737 ὄψις
1079 1663 1313 1738 ὀνείρων.
1376 1660 1531 1719 Εἷδεν
1583 1660 1765 1718 ἑαυτὸν
1797 1659 1932 1714 ἀναν

281 1747 530 1806 ϐαίνοντα
576 1750 668 1806 ἔπῖ
729 1750 826 1818 τήν
884 1752 1070 1828 πηγὴν
1120 1755 1221 1807 τῶν
1279 1750 1540 1828 ἰαμάτων,
1574 1749 1715 1825 κέγω
1765 1747 1829 1815 δὴ
1872 1739 1934 1804 τὸ

2031 588 2310 668 manique
2345 605 2450 668 per
2477 587 2537 648 id
2567 586 2843 648 bonitatis
2874 587 3004 667 ejus
3024 586 3198 650 amici
3228 585 3588 668 appareatis.

2109 675 2209 737 81.
2244 675 2331 738 Νο
2361 677 2546 749 enim,
2581 687 2649 738 ut
2689 675 2910 738 dictum
2943 684 3054 753 est,
3088 694 3298 738 eorum
3355 675 3458 758 qui
3491 675 3565 739 de
3592 674 3670 737 iis

2027 765 2381 840 deliberant,
2435 766 2656 828 dubius
2705 765 2929 828 haereat
2982 767 3237 842 animus,
3298 765 3671 830 malorumne

2027 854 2370 934 hujusmodi
2428 873 2665 936 cursus,
2715 856 2818 937 qui
2876 863 3101 918 tantum
3157 874 3279 920 non
3321 861 3667 935 expectatus

2024 944 2510 1026 obvenit,spoute
2537 948 2760 1021 sua,?an
2795 945 3126 1026 cujuspiam
3160 944 3531 1026 providentia
3556 962 3664 1006 ac-

2022 1032 2238 1094 ciderit
2265 1053 2280 1102 ς
2313 1052 2379 1094 ac
2409 1033 2608 1094 denuo
2638 1051 2714 1095 ne
2742 1033 2995 1114 dubitet,
3028 1035 3340 1116 cujusnam
3372 1033 3664 1095 interces-

2021 1122 2192 1184 sione
2224 1141 2256 1184 e
2282 1121 2490 1184 mortis
2508 1124 2690 1202 portis
2713 1123 2916 1185 civitas
2947 1123 3124 1186 fuerit
3151 1123 3389 1195 educta,
3421 1121 3662 1184 cuidam

2013 1210 2071 1271 in
2097 1229 2330 1291 somno,
2353 1213 2451 1290 qui
2483 1212 2968 1274 Thessalonicam
2995 1231 3028 1276 e
3057 1211 3280 1277 Graecia
3302 1230 3516 1274 recens
3547 1209 3661 1274 adv

2011 1307 2276 1378 venerat,
2308 1299 2431 1360 viro
2458 1301 2724 1361 modesto
2756 1320 3106 1383 eorumque,
3136 1303 3238 1379 qui
3267 1308 3411 1362 tunc
3442 1295 3660 1380 Illyrici

2014 1387 2278 1468 praefemi
2299 1396 2773 1468 erant,cognato,
2802 1408 2936 1451 cum
2973 1390 3232 1469 primum
3262 1389 3334 1450 ad
3367 1389 3659 1451 civitatem

2013 1475 2362 1555 appulisset,
2388 1495 2499 1538 nec
2531 1495 2662 1557 quae
2689 1477 2749 1538 in
2782 1495 2852 1540 ea
2887 1479 3122 1541 turbata
3149 1483 3352 1542 essent
3381 1495 3450 1538 ac
3479 1477 3658 1552 dicta,

2018 1572 2330 1644 perspecta
2382 1565 2655 1640 haberet.
2688 1566 3031 1646 bujusmodi
3091 1570 3459 1630 somniorum
3518 1566 3662 1627 visio

2015 1658 2306 1734 apparuit.
2361 1653 2638 1736 Seipsum
2698 1657 2760 1717 in
2811 1657 3189 1720 curationum
3243 1657 3494 1730 fontem,
3529 1654 3663 1718 dico

2016 1752 2212 1804 autem
2267 1743 2327 1804 in
2362 1744 2764 1806 venerandum
2800 1747 3056 1809 maxime
3112 1745 3507 1808 certaminum
3537 1743 3668 1806 vic-

276 1848 372 1898 106
425 1839 720 1920 ἀθλοφόρου
776 1842 1079 1898 πάνσεπτον
1134 1839 1376 1918 τέμενος,
1429 1837 1570 1896 ὲθάδι
1619 1837 1767 1912 νύμῷ
1823 1843 1926 1893 τῶν

2019 1831 2162 1891 toris
2193 1832 2507 1911 templum,
2538 1851 2610 1896 ex
2643 1851 2810 1896 more
2845 1853 3050 1897 eorum
3083 1834 3186 1915 qui
3216 1833 3440 1896 civitati
3471 1831 3664 1893 adna-

278 1927 693 2000 προσπλεόντων
751 1936 820 2006 τῇ
869 1929 1048 2010 πόλει,
1092 1927 1186 1985 ἅτε
1243 1927 1310 1996 δὴ
1357 1930 1444 1984 καὶ
1488 1927 1644 1992 αὐτὸς
1705 1927 1926 2005 πρώτως

274 2016 538 2074 εἰσϐαλὼν
569 2018 700 2094 αὖτῇ
711 2062 725 2078 .

357 2105 474 2184 πβ’.
538 2107 677 2166 Εἶτα
705 2107 952 2165 εἰσελθὼν
991 2107 1146 2175 δῆθεν
1193 2108 1249 2164 ἒν
1305 2113 1381 2180 τῷ
1442 2111 1576 2186 ναῷ,
1609 2109 1705 2164 καί
1765 2128 1928 2183 προσ·

275 2194 584 2275 ευξαμενος,
619 2199 715 2268 ὁρᾷ
755 2199 818 2253 τὸ
873 2198 1174 2275 ίερόσκευον
1217 2197 1418 2269 ἐκεῖνο,
1471 2197 1562 2252 καὶ
1613 2193 1927 2274 περικαλλὲς

273 2283 656 2364 δημιούργημα
711 2286 844 2342 κατὰ
887 2286 1048 2362 μέσον
1091 2296 1183 2345 τοῦ
1232 2293 1360 2344 ναοῦ
1397 2287 1529 2357 πρὸς
1572 2299 1690 2348 τοῖς
1749 2283 1929 2350 λαιοῖς

273 2374 532 2451 πλευροῖς
597 2374 940 2455 ἐφιδρυμένυν
1000 2375 1248 2454 ὲξαγώνῳ
1308 2377 1576 2454 σχήματι,
1636 2376 1804 2430 κίοσιν
1875 2373 1930 2439 ἓξ

270 2465 361 2520 καὶ
421 2467 624 2543 τοίχοις
681 2465 996 2543 ἰσαρίθμοις,
1031 2464 1085 2531 ἐξ
1142 2465 1366 2546 ἀργύρου
1420 2463 1638 2538 δοκίμου
1688 2465 1777 2521 καὶ
1808 2462 1928 2520 δια-

272 2553 649 2632 γεγλυμμένου
719 2577 1016 2633 μεμορφωμ
1027 2555 1166 2630 ένον,
1215 2557 1302 2613 καὶ
1352 2555 1449 2623 την
1491 2555 1689 2634 ὀροφὴν
1748 2553 1927 2609 ὡσαύ-

269 2663 397 2717 τως,
461 2643 569 2700 ἀπὸ
613 2649 721 2699 τῶν
779 2641 1058 2721 ἑξαγώνων
1116 2643 1356 2723 πλευρῶν
1425 2643 1752 2722 κυκλορικῶς
1826 2643 1927 2698 ἆν-

271 2733 534 2811 ίσχουσαν
599 2734 688 2790 καὶ
757 2735 830 2795 εἰς
903 2734 1028 2807 μίαν
1103 2732 1436 2812 στρογγύλην
1498 2735 1570 2796 ὡς
1641 2731 1702 2789 ἐκ
1765 2730 1926 2795 ποδὸς

264 2820 646 2899 ἀπολήγουσιν
705 2820 961 2896 σύνδεσιν,
1023 2825 1254 2901 σφαῖραν
1313 2845 1370 2880 τι
1439 2822 1694 2900 ἀργυρέαν
1753 2821 1922 2899 μεγέ-

263 2914 387 2974 θους
445 2910 505 2966 οὒ
563 2918 753 2988 μικροῦ
808 2911 1064 2991 φέρουσαν
1120 2911 1341 2990 ἄνωθεν,
1375 2910 1462 2991 ὑφ’
1507 2911 1573 2979 ἣν
1617 2912 1692 2972 ὡς
1744 2911 1924 2987 κρίνου

264 2999 486 3076 βλαστοὶ
557 3001 849 3074 θαυμάσιοι
915 3003 1282 3080 περιέχονται,
1329 3002 1404 3054 ὧν
1474 3001 1687 3057 πάντων
1747 2998 1927 3055 ἐπάνω

263 3091 328 3146 τί.
388 3089 524 3146 κατὰ
556 3096 647 3146 106
703 3091 928 3148 θανάτου
980 3093 1224 3168 πεπηγὸς
1283 3091 1534 3168 τρόπαιον
1565 3085 1920 3163 ὰκτινοϐολεῖ,

261 3184 341 3252 τῷ
398 3179 494 3254 μὲν
555 3179 794 3258 ἀργυρέῳ
870 3177 1304 3258 δημιουργήματι
1361 3181 1456 3243 τὰς
1526 3186 1618 3236 τοῦ
1678 3181 1924 3254 σώματος

2012 1920 2239 2004 vigent,
2276 1921 2652 2000 ingrediente
2699 1922 2851 2002 (erat
2899 1923 3057 1986 enim
3107 1931 3168 1986 et
3222 1922 3353 2004 ipse
3402 1920 3660 2003 primum

2011 2001 2072 2068 in
2099 2009 2252 2070 hanc
2282 2010 2556 2091 veniens)
2591 2001 2932 2091 conspexit.

2088 2098 2186 2160 82.
2222 2099 2452 2162 Deinde
2475 2119 2614 2163 vero
2645 2120 2779 2163 cum
2812 2102 2872 2164 in
2907 2102 3196 2182 templum
3227 2107 3390 2164 esset
3419 2105 3654 2178 ingres-

2011 2205 2132 2262 sus,
2193 2198 2564 2269 orassetque,
2625 2190 2772 2252 vidit
2813 2209 3047 2253 sacrum
3112 2190 3256 2253 illud
3328 2188 3667 2271 pulcherri-

2013 2297 2300 2355 mumque
2356 2297 2530 2360 opus,
2598 2280 2658 2341 in
2719 2280 2918 2342 medio
2969 2280 3176 2362 templi
3233 2279 3308 2342 ad
3357 2279 3659 2340 sinistram

2012 2369 2200 2446 ﬁgura
2257 2370 2636 2448 sexangulari
2697 2377 2986 2444 erectum,
3022 2369 3320 2432 columnis
3351 2386 3453 2430 sex
3516 2367 3660 2429 toti-

2016 2459 2275 2539 demque
2327 2459 2614 2521 lateribus
2643 2477 2676 2521 e
2733 2460 2981 2541 probato
3009 2460 3363 2540 sculptoque
3410 2465 3661 2538 argento

2014 2547 2364 2627 formatum,
2399 2548 2796 2630 similiterque
2847 2558 2906 2612 et
2949 2549 3269 2629 fastigium,
3304 2546 3661 2626 sexangula-

2010 2638 2180 2699 ribus
2230 2638 2291 2698 in
2325 2637 2577 2700 circuitu
2609 2638 2896 2701 lateribus
2954 2639 3288 2719 sutiultum,
3320 2647 3382 2700 et
3407 2638 3578 2715 quasi
3628 2655 3664 2701 ιι

2012 2726 2137 2788 basi
2189 2726 2250 2788 in
2285 2727 2604 2790 rotundam
2643 2728 3049 2807 colligaturam
3080 2728 3409 2803 destinens,
3441 2743 3661 2806 argen-

2010 2825 2290 2898 teamque
2339 2817 2766 2896 magnitudinis
2796 2818 2952 2879 haud
2987 2834 3181 2898 parvas
3227 2817 3520 2898 sphaeram
3553 2833 3658 2878 su-

2011 2907 2216 2987 perius
2263 2906 2490 2979 ferens,
2523 2907 2633 2969 sub
2687 2924 2806 2987 qua
2867 2907 3036 2987 mira,
3096 2906 3258 2968 velut
3306 2904 3656 2980 cucurbitae,

2009 2995 2276 3074 germina
2329 2997 2736 3071 continentur,
2770 3013 2948 3074 supra
2978 3014 3112 3076 quas
3147 2995 3353 3056 omnia
3396 2994 3656 3056 defixum

2009 3084 2294 3148 adversus
2367 3092 2621 3147 mortem
2695 3093 3008 3166 tropaeum,
3067 3084 3315 3156 viviﬁca,
3379 3084 3534 3159 dico,
3587 3101 3657 3146 ac

2008 3174 2349 3236 veneranda
2386 3173 2497 3237 Dei
2552 3183 2609 3236 et
2640 3173 2967 3238 Servatoris
3015 3174 3205 3238 nostri
3253 3191 3419 3248 crux,
3453 3172 3661 3236 radios

262 3253 416 3343 ὄψεις
477 3253 875 3346 παρασκευάζον
935 3253 1350 3342 ἐκπλήττεσθαι,
1408 3275 1476 3345 τῇ
1525 3266 1579 3324 δὲ
1642 3273 1735 3324 τοῦ
1792 3274 1924 3345 Χρι-

2018 3264 2366 3344 ejaculatur,
2418 3272 2697 3342 argentea
2753 3264 2995 3344 quidem
3049 3273 3347 3326 structura
3390 3261 3660 3342 corporis

259 3364 392 3415 c106
453 3359 634 3427 νοήσει
663 3358 787 3421 τοὺς
846 3363 946 3425 τῆς
977 3357 1210 3421 διανοίας
1269 3357 1569 3436 ὀφθαλμοὺς
1602 3371 1715 3422 τοῖς
1761 3359 1926 3433 ούρα-

2018 3353 2218 3416 oculos
2275 3353 2522 3434 percelli
2569 3353 2818 3427 faciens,
2871 3353 3088 3417 Christi
3119 3362 3317 3415 autem
3375 3351 3657 3415 conside-

259 3448 390 3508 νίοις
456 3447 792 3526 καταυγάζον
891 3448 1247 3528 χαρίσμασιν,
1320 3450 1348 3504 ὁ
1434 3448 1691 3528 ζωποιὸς,
1761 3447 1922 3528 φημὶ,

2018 3443 2246 3505 ratione
2295 3441 2639 3506 caelestibus
2669 3442 2876 3522 gratiis
2931 3443 3148 3505 mentis
3178 3444 3385 3506 oculos
3432 3442 3662 3504 illumi-

257 3536 359 3594 καῖ
417 3537 591 3612 τίμιος
663 3546 756 3595 τοῦ
830 3543 961 3597 Θεοῦ
1030 3540 1116 3595 καὶ
1188 3542 1444 3617 Σωτῆρος
1514 3539 1671 3612 ἡμῶν
1758 3558 1923 3593 σταυ-
2009 3551 2180 3595 nans.

256 3647 374 3705 ρος.

338 3714 459 3792 πγ’.
521 3723 686 3774 T0610
737 3713 804 3784 δὴ
841 3717 901 3772 τὸ
948 3715 1280 3795 θεοδώρητον
1309 3714 1594 3795 τέχνασμα
1635 3715 1769 3772 κατὰ
1797 3716 1918 3779 τοὺς

256 3804 454 3866 ὕπνους
512 3806 540 3860 ὁ
570 3805 704 3882 ἀνὴρ
763 3803 817 3860 ἐν
846 3812 924 3879 τῷ
981 3810 1089 3880 ναῷ
1117 3805 1440 3879 θεασάμενος
1493 3805 1556 3860 τὸ
1599 3803 1724 3882 παρ’
1781 3806 1917 3875 ἡμῖν

255 3892 587 3968 καλούμενον
675 3894 999 3971 ἆγιὰσμένον
1083 3893 1350 3972 κιϐώριον,
1426 3893 1677 3968 ἐπηρώτα
1764 3892 1917 3961 δῆθεν

257 3989 380 4046 τοὺς
440 3981 692 4056 πλησίον,
727 3983 786 4040 Τί
843 3990 1021 4063 τοῦτο,
1075 3983 1313 4061 ἀδελφοὶ,
1349 3984 1409 4040 τὸ
1465 3983 1920 4057 καινοθαύμαστον

257 4071 494 4144 ποίημα,
531 4073 667 4128 κατὰ
705 4073 768 4128 τὸ
825 4071 996 4147 μῆκος
1056 4081 1148 4129 τοῦ
1205 4081 1332 4130 ναοῦ
1390 4071 1551 4146 μέσον
1609 4070 1916 4153 ἐφίδρυται;

2087 3701 2190 3779 83.
2225 3712 2349 3772 Hoc
2371 3717 2568 3772 autem
2595 3710 2878 3773 divinitus
2897 3710 3099 3773 datum
3119 3711 3265 3772 artis
3295 3728 3468 3790 opus,
3499 3711 3660 3790 quod

2007 3818 2241 3861 sacrum
2268 3799 2423 3879 apud
2457 3817 2564 3860 nos
2595 3799 2888 3861 cibarium
2931 3809 3194 3876 vocatur,
3230 3799 3316 3860 vir
3342 3801 3402 3861 in
3434 3799 3658 3880 templo

2005 3908 2141 3951 cum
2185 3889 2452 3965 vidisset,
2486 3906 2591 3950 eos
2615 3890 2718 3968 qui
2762 3906 2946 3969 prope
2975 3897 3168 3970 erant,
3200 3888 3466 3969 rogabat,
3501 3887 3656 3961 Quid

2003 3978 2175 4052 illud,
2211 3978 2440 4041 fratres.
2478 3996 2692 4038 novum
2742 3978 3079 4039 mirandum
3111 3997 3261 4060 opus
3289 3979 3364 4039 ad
3396 3977 3657 4040 mediam
3710 3988 3733 4005 '

2005 4068 2206 4148 templi
2243 4067 2464 4148 (neque
2516 4068 2700 4147 enim,
2737 4066 2851 4128 nisi
2885 4085 3096 4146 magna
3144 4085 3322 4130 causa
3354 4067 3650 4145 subesset,

258 4162 321 4217 οὔ
376 4161 475 4238 γὰρ
505 4160 568 4216 ἂν
627 4161 826 4227 ταύτην
879 4159 1082 4242 εἰλήφει
1137 4163 1234 4229 τὴν
1281 4160 1471 4237 νώραν,
1518 4163 1564 4216 εἰ
1607 4165 1685 4236 μὴ
1745 4163 1920 4238 μεγά-

2027 4177 2197 4219 ocum
2233 4157 2398 4218 illum
2431 4157 2780 4236 accepisset;
2816 4156 3246 4234 longitudinem
3279 4165 3369 4219 est
3411 4166 3654 4220 exstru-

256 4247 362 4315 λης
405 4252 550 4312 τινὸς
601 4249 790 4318 ἠξίωτο
832 4252 930 4318 τῆς
962 4251 1299 4329 προφάσεως,
1348 4250 1462 4307 Tch
1493 4249 1546 4305 δὲ
1604 4251 1911 4331 φησάντων,

2018 4254 2194 4309 :tum‘?
2224 4246 2346 4310 lllis
2368 4254 2564 4308 autem
2590 4245 2928 4307 dicentibus
2955 4267 2968 4316 ;
3005 4244 3155 4318 Quia
3175 4245 3400 4308 ibidem
3425 4246 3652 4322 glorio-

257 4341 333 4404 ὡς
396 4335 612 4396 Ἐκεῖσε
675 4340 819 4416 παρὰ
874 4345 978 4394 τῶν
1052 4339 1291 4417 πατέρων
1346 4339 1647 4413 ἠκούσαμεν
1705 4344 1916 4397 κεῖσθαι

2018 4338 2305 4399 sissimum
2356 4337 2750 4398 certaminum
2801 4337 3085 4398 victorem
3148 4336 3536 4410 Demetrium,
3585 4344 3649 4397 ut

255 4430 569 4502 θεοπρεπῶς
639 4425 974 4506 ὕπερένδοξον
1031 4427 1322 4506 ἀθλοφόρον
1389 4427 1720 4507 Δημήτριον,
1781 4429 1913 4487 Ἐττ⁹

2018 4427 2282 4489 Sanctum
2338 4427 2537 4496 decet,
2565 4425 2792 4504 jacere,
2828 4443 2862 4486 e
2908 4423 3236 4503 majoribus
3261 4424 3595 4486 audivimus
3628 4447 3644 4500 ;

258 4518 512 4595 εθύμουν,
544 4518 646 4596 ἔφη
692 4519 721 4572 ὁ
778 4517 933 4594 ἀνὴρ,
981 4522 1079 4584 τῆς
1139 4519 1275 4574 κατὰ
1333 4520 1393 4575 τὸ
1445 4517 1588 4575 ἔνδον
1653 4519 1912 4597 ὁράσεως.

2018 4517 2364 4592 lesiderem,
2401 4515 2549 4578 dixit
2598 4515 2707 4588 vir,
2738 4532 2874 4592 quas
2899 4515 3054 4575 intra
3102 4523 3262 4588 sunt,
3291 4513 3518 4576 videre.
3553 4514 3648 4576 Illi

259 4608 322 4665 Οἱ
399 4605 454 4662 δὲ
513 4605 850 4663 ὑπεδείκνυον
907 4606 1051 4680 αἶ)τῷ
1121 4608 1209 4663 τὸν
1274 4610 1402 4682 πρὸς
1461 4621 1583 4670 ταῖς
1637 4609 1912 4686 ἆργυρέαις

2018 4618 2196 4669 ιυιεηι
2227 4606 2541 4677 famulum,
2561 4605 2662 4686 qui
2689 4613 2827 4666 ante
2851 4610 3164 4683 argenteas
3186 4605 3405 4684 januas
3427 4603 3640 4685 stabat,

257 4699 438 4772 θῦραις
495 4696 780 4768 ἱστάμενον
831 4697 1104 4772 ὑπηρέτην
1160 4701 1238 4770 μη
1295 4697 1417 4753 ἀνευ
1445 4698 1628 4754 τούτου
1685 4719 1918 4774 φασκον-

2018 4697 2056 4757 ei
2112 4696 2522 4768 ostenderunt,
2556 4712 2920 4775 quemquam
2971 4712 3041 4754 ea
3091 4711 3226 4774 quae
3276 4693 3433 4755 intra
3487 4702 3645 4766 sunt.

255 4806 349 4848 τες
371 4785 489 4841 οἷόν
525 4806 583 4841 τε
607 4786 750 4842 εἷναί
781 4807 898 4842 τινα
949 4789 1054 4843 των
1109 4784 1222 4842 ἔδον
1276 4800 1490 4865 τυχεῖν·
1536 4789 1582 4860 ᾧ
1607 4789 1696 4843 καὶ
1746 4808 1916 4862 προσ-

2018 4786 2270 4847 ibtinere
2301 4784 2527 4865 absque
2582 4784 2688 4844 illo
2743 4801 2918 4861 posse
2963 4791 3298 4864 negantes;
3345 4783 3420 4845 ad
3465 4801 3646 4863 quem

257 4875 428 4931 ελθὼν
495 4879 522 4932 ὁ
595 4875 728 4952 ἀνὴρ
780 4873 924 4943 ἠξίου
983 4873 1262 4953 ἀνοιγῆναι
1323 4877 1503 4950 αὐτοῦ,
1551 4880 1917 4952 προσκυνῆσαι

2018 4876 2176 4936 etiam
2236 4875 2321 4937 vir
2347 4874 2668 4947 accedens,
2705 4871 2844 4947 sibi,
2880 4871 3130 4933 adorare
3176 4872 3568 4950 prmatitaque
3614 4890 3652 4934 a

255 4961 568 5041 βουλομένῳ
624 4966 711 5021 καὶ
769 4966 1086 5042 ἁγιασθῆναι
1133 4965 1202 5032 τῆ
1259 4964 1580 5044 θεοπαρόχῳ
1625 4973 1718 5023 τοῦ
1768 4965 1914 5038 μνή-

257 5075 428 5130 ματος
459 5054 666 5133 χάριτι.

347 5139 454 5200 τπδ’.
511 5151 615 5200 T06
643 5141 697 5199 δὲ
758 5141 1110 5208 διανοίξαντος
1141 5144 1234 5207 τὰς
1294 5144 1472 5222 θύρας,
1508 5157 1676 5219 μηπω
1733 5143 1910 5200 εἴσελ-

257 5232 367 5290 θὼν
417 5233 445 5287 ὁ
488 5231 647 5309 ἆνεὶιρ,
681 5231 825 5289 εἶδεν
858 5231 954 5305 μὲν
1009 5235 1069 5288 τὸ
1110 5235 1198 5289 καὶ
1239 5235 1379 5308 ἡμῖν
1411 5235 1680 5310 ὁρώμενον
1737 5234 1905 5311 ἀργύ-

252 5343 376 5401 ρεον
434 5322 572 5378 κατὰ
628 5324 686 5378 τὸ
744 5321 905 5394 μέσον
975 5321 1245 5399 ἱδρυμένον
1315 5322 1495 5400 ὥσπερ
1564 5321 1904 5403 σκιμπόδιον,

253 5421 354 5468 τοῦ
385 5411 520 5466 κατὰ
577 5412 635 5467 τὸ
685 5412 811 5489 πρὸς
857 5410 1097 5491 κεφαλῆς
1155 5412 1314 5490 μέρος
1370 5413 1549 5491 θρόνον
1596 5414 1713 5469 τινὰ
1759 5412 1905 5487 λαμ-

1998 4963 2118 5025 Deo
2153 4965 2521 5025 monumenti
2548 4967 2737 5043 gratia
2765 4961 3131 5023 sanctiﬁcari
3157 4961 3400 5041 volenti,
3425 4961 3648 5042 aperiri

1993 5053 2330 5208 peg‘ft‘l‘um
2353 5151 2549 5206 autem
2575 5142 2628 5204 is
2643 5142 2858 5222 januas
2879 5139 3234 5222 aperuisset,
3269 5139 3358 5201 vir
3378 5139 3645 5204 nondum

1995 5234 2302 5312 ingressus
2337 5233 2481 5294 vidit
2509 5231 2778 5313 quidem,
2809 5230 2916 5308 qui
2945 5239 3004 5292 et
3032 5249 3067 5292 a
3105 5230 3280 5292 nobis
3309 5229 3476 5292 visus
3505 5229 3638 5306 fuit,

1990 5324 2160 5405 quasi
2213 5323 2492 5386 lectulum
2538 5331 2885 5401 argenteum
2921 5321 2979 5381 in
3031 5319 3226 5382 medio
3253 5325 3641 5399 exstructum,

1991 5414 2172 5492 hujus
2200 5414 2271 5475 ad
2305 5431 2434 5476 eam
2468 5431 2602 5492 quae
2629 5412 2700 5474 ad
2733 5421 2909 5491 caput
2947 5419 3060 5484 est,
3096 5417 3323 5489 partem
3359 5409 3639 5470 thronum

253 5500 392 5576 πρὸν
448 5498 508 5554 ἐκ
565 5501 784 5579 χρυσίου
835 5502 923 5556 καὶ
985 5498 1142 5557 λίθων
1212 5501 1518 5562 πολυτελῶν
1581 5524 1906 5559 κατεσκευα-

2018 5504 2505 5584 lucmpiam,auro
2523 5499 3354 5584 aplendidum,praetiosisque
3376 5516 3408 5558 e
3431 5496 3643 5575 lapidi-

255 5588 481 5664 σμένον,
541 5591 628 5644 καὶ
693 5590 786 5644 τὸν
847 5587 1154 5654 πανένδοξον
1196 5590 1488 5670 ἀθλοφόρον
1551 5601 1642 5649 τοῦ
1686 5600 1910 5672 Χριστοῦ

2018 5613 2102 5653 ius
2135 5607 2488 5666 paratum,ac
2513 5593 2990 5668 gloriosissimum
3021 5594 3402 5650 certaminum
3429 5589 3640 5646 Christi

262 5678 574 5758 Δημήτριον
631 5677 968 5759 ἐφεζόμενον,
1028 5677 1197 5743 οὕτως
1247 5679 1415 5756 ὄποίῳ
1470 5685 1716 5762 σχήματι
1773 5681 1910 5742 κατὰ

2018 5682 2278 5746 ιίοιονοηι
2333 5680 2702 5746 Demetrium
2771 5679 2895 5761 tali,
2952 5679 3108 5762 quali
3169 5681 3229 5742 in
3285 5673 3641 5760 imaginibus
