4100 6418
479 370 632 446 1267

1838 381 1926 444 ει]
1939 379 2487 442 PPLEMENTUM.

3707 377 3844 444 l268

480 512 844 595 depingitur,
871 509 1069 576 habitd
1105 509 1416 575 sedentem
1450 531 1466 587 ;
1497 509 1568 574 ad
1601 529 1732 574 eam
1765 520 2126 590 autem,qute

2231 511 2302 574 τας
2361 511 2567 573 εἰκόνας
2598 507 2942 588 ἐγγράφεται,
2975 510 3110 564 κατά
3165 505 3218 564 δὲ
3280 510 3342 566 τὸ
3401 509 3530 587 πρὸς
3561 523 3674 575 τοῖς
3730 512 3845 567 ποσῖ

482 603 559 664 ad
618 602 823 665 lectuli
853 603 1036 682 pedes
1089 610 1202 672 est,
1240 610 1463 681 partem
1521 602 1799 663 thronum
1854 601 2130 672 alterum,

484 692 866 774 Splendidum
901 692 1139 771 quidem
1165 701 1222 752 et
1255 691 1450 771 illum,
1486 700 1676 753 totum
1705 701 1901 751 autem
1937 709 2003 749 ex
2047 707 2140 748 ar-

491 789 668 859 gento
699 781 982 856 solidum,
1017 781 1073 841 in
1105 779 1265 860 quod
1299 778 1609 840 mulierem
1655 779 1992 858 quampiam
2024 779 2136 837 de-

488 870 917 943 centissimam,
983 868 1230 948 visuque
1286 868 1622 947 pulchram,
1656 867 1970 947 splendide
2027 884 2137 928 nec

486 959 788 1040 superﬂue
869 958 1172 1031 vestitam,
1217 958 1526 1019 sedentem
1595 955 1830 1018 videbat
1889 956 2138 1036 lixisque

491 1046 681 1109 oculis
730 1047 788 1106 in
823 1054 1140 1125 martyrem
1191 1046 1544 1106 intuentem.
1578 1045 1687 1108 Vir
1717 1044 1842 1105 haec
1894 1045 2138 1123 conspi-

489 1144 652 1197 catus
724 1136 956 1214 ingredi
1026 1134 1466 1214 quodammodo
1542 1134 1760 1204 timuit,
1825 1141 2138 1213 martyrem

493 1223 775 1286 nimirum
809 1242 943 1285 cum
985 1223 1079 1304 pia
1112 1223 1372 1299 quadam
1406 1223 1709 1303 nobilique
1740 1221 1958 1284 femina
1989 1223 2137 1283 soli-

489 1313 707 1375 tarium
741 1313 960 1374 ibidem
988 1313 1209 1390 degere
1239 1311 1601 1391 suspicatus.

573 1402 677 1466 85.
736 1401 882 1464 Cum
915 1409 1110 1462 autem
1163 1401 1287 1475 ille,
1322 1400 1384 1460 in
1433 1401 1611 1461 animi
1661 1401 2141 1462 consternatione

494 1499 660 1554 extra
683 1498 1179 1569 stans,maneret,
1208 1488 1474 1550 mulieris
1509 1489 1900 1569 martyrisque
1923 1490 2140 1550 decore

495 1577 960 1660 obstupefactus,
993 1578 1118 1639 loco
1143 1596 1393 1656 surgens
1420 1577 1633 1639 mulier
1664 1578 1828 1640 exire
1850 1597 1883 1640 e
1913 1578 2140 1639 ciborio

494 1668 841 1742 conabatur,
873 1669 1097 1748 impetu
1129 1676 1324 1729 autem
1354 1668 1608 1728 maximo
1632 1685 1883 1744 surgens
1906 1680 1962 1729 et
1993 1687 2142 1728 mar-

497 1766 588 1838 tyr
617 1775 793 1818 manu
847 1757 1007 1817 illam
1041 1757 1286 1818 retinuit
1336 1765 1776 1837 retractamque
1807 1757 1865 1818 in
1928 1760 2141 1818 throno

2215 602 2307 654 τοῦ
2361 597 2624 676 κραϐέτου
2668 600 2826 675 μέρος
2875 598 3052 672 ἕτερον
3108 597 3288 673 θρόνον
3348 597 3592 676 λαμπρὸν
3642 601 3732 674 μὲ)
3773 603 3850 656 καὶ

2219 689 2396 764 αὐτὸν,
2465 687 2514 752 ἐξ
2599 689 2823 765 ἀργύρου
2903 686 2957 742 δὲ
3019 688 3190 744 πάντα
3261 690 3628 764 συγκείμενον,
3683 688 3761 766 ἐφ’
3812 692 3852 762 ᾧ

2216 777 2579 852 κατεζομένης
2651 781 2745 854 ὁρᾷ
2807 776 3038 854 γυναῖκά
3112 798 3229 832 τινα
3288 777 3714 854 εὐπρεπεστάτην
3777 782 3856 835 καὶ

2219 867 2445 938 κοσμίαν
2514 865 2711 940 ἱδέσθα,
2766 870 3110 943 σεμνοφανῶς
3167 868 3256 921 καί
3324 864 3614 943 ἀπερίττιος
3672 866 3855 946 ἠμφιε-

2219 954 2447 1028 σμένην,
2505 956 2592 1010 καὶ
2647 955 2828 1016 ἀτενὲς
2891 956 3020 1030 πρὸς
3082 955 3173 1009 τὸν
3249 956 3489 1032 μάρτυρα
3558 955 3854 1031 βλεπούσαν,

2221 1050 2399 1100 Ταῦτα
2454 1042 2574 1099 ἰδὼν
2607 1046 2634 1100 6
2693 1045 2825 1122 ἀνὴρ
2856 1040 3137 1110 ηὐλαϐήθη
3195 1044 3377 1121 ὥσπερ
3437 1044 3687 1100 εἰσελθεῖν
3735 1047 3855 1102 ὕπο-

2221 1134 2464 1200 τοπήσας
2534 1134 2625 1188 τὸν
2681 1135 2918 1212 μάρτυρα
2978 1134 3113 1205 μετα
3167 1153 3308 1195 τινος
3378 1131 3534 1199 δῆθεν
3603 1131 3856 1191 θεοσεϐοῦς

2223 1221 2308 1276 καὶ
2337 1219 2584 1298 λαμπρὰς
2617 1223 2864 1300 γυναικὸν
2895 1219 3132 1291 ἱδιάζειν.

2301 1397 2408 1457 πε’.
2477 1391 2568 1463 Ὠς
2626 1399 2679 1455 δὲ
2739 1399 3042 1474 μεμένηκεν
3084 1401 3139 1456 ἐν
3191 1400 3453 1470 ἐκπλήξει
3514 1400 3714 1461 ἐκεῖνος
3769 1399 3856 1464 ’ἐξω

2221 1488 2521 1562 ἱστάμενος,
2555 1497 2621 1562 τῇ
2681 1489 2963 1564 εὐπρεπείᾳ
2993 1496 3092 1557 τῆς
3150 1492 3400 1567 γυναικὸς
3446 1491 3534 1545 καὶ
3592 1492 3678 1545 τοῦ
3729 1489 3856 1564 μάρ-

2231 1598 2376 1653 τυρος
2481 1576 2926 1653 ἐκθαμϐούμενος,
3001 1580 3268 1636 ἀναστᾶσα
3372 1579 3526 1646 δῆθεν
3612 1582 3646 1647 ἡ
3743 1581 3859 1654 γονὴ

2225 1665 2475 1743 ἐπειρᾶτο
2543 1665 2732 1732 ἐξιέναι
2796 1671 2884 1724 τοῦ
2954 1667 3221 1747 κιϐωρίου,
3307 1659 3483 1745 Ὀρμῇ
3539 1667 3593 1723 δὲ
3658 1670 3862 1746 μεγίστῃ

2226 1751 2505 1820 διαναστὰς
2560 1759 2646 1812 καὶ
2678 1759 2705 1812 6
2765 1759 2964 1832 μάρτυς
3024 1758 3292 1836 κατέσχεν
3325 1759 3493 1823 αὐτὴν
3531 1759 3623 1822 τῆς
3672 1759 3862 1836 χειρὸς,

493 1865 604 1910 suo
635 1862 845 1908 rursus
869 1846 1102 1919 locavit,
1131 1846 1361 1907 dicens:
1397 1847 1513 1907 Per
1542 1845 1864 1907 Dominum
1898 1865 1972 1906 ne
2006 1847 2140 1908 hinc

2231 1847 2322 1899 καὶ
2375 1842 2598 1908 ἑλκύσας
2633 1844 2794 1902 πάλιν
2847 1847 2932 1902 ἐπὶ
2975 1852 3067 1902 τὸν
3095 1850 3278 1924 θρόνον
3334 1849 3500 1913 αὐτῆς
3530 1848 3729 1916 καθέξει
3782 1849 3866 1901 αὐ-

493 1954 670 1999 exeas
721 1936 1148 2016 relinquasque
1201 1934 1546 2009 civitatem;
1596 1936 1651 1996 ei
1685 1935 1845 1996 enim
1903 1954 2146 2016 semper

492 2026 761 2107 quidem,
800 2031 1054 2086 maxime
1087 2033 1283 2086 autem
1318 2025 1596 2105 praesenti
1629 2032 1901 2104 tempore
1933 2043 2143 2086 neces—

492 2115 649 2178 saria
671 2113 911 2177 es.Cum
942 2122 1136 2175 autem
1163 2114 1288 2174 haec
1313 2115 1403 2174 vir
1425 2114 1772 2184 audivisset,
1802 2113 2142 2175 mulierem-

493 2224 607 2282 que
655 2209 716 2266 in
748 2210 956 2266 throno
1006 2222 1114 2264 suo
1164 2220 1363 2264 rursus
1413 2207 1728 2273 sedentem,
1761 2207 2144 2278 similiterque

495 2295 977 2368 gloriosissimum
1011 2293 1386 2349 certaminum
1417 2292 1698 2349 Victorem
1734 2296 1788 2349 in
1819 2297 2023 2349 throno
2044 2308 2143 2349 au-

492 2397 597 2442 reo
628 2378 892 2457 vidisset,
917 2377 1078 2439 exire
1101 2377 1192 2438 vel
1219 2377 1360 2456 quid
1383 2376 1653 2457 proloqui
1680 2396 1863 2438 ausus
1889 2397 2005 2438 non
2028 2388 2138 2449 est,

493 2472 626 2552 sed,
675 2471 820 2532 foris
849 2470 1186 2532 reverentia
1232 2469 1513 2547 exhibita,
1545 2469 1748 2550 abivit,
1781 2471 1890 2531 hoc
1945 2470 2141 2531 solum

494 2559 571 2622 ab
603 2559 872 2621 adstante
906 2559 1187 2619 nimirum
1223 2558 1442 2620 famulo
1474 2557 1826 2620 sciscitatus:
1863 2559 1965 2620 Dei
2001 2561 2142 2621 mihi

494 2665 604 2730 per
634 2648 821 2710 Deum
861 2670 874 2710 :
912 2665 1185 2724 quaenam
1216 2647 1314 2707 illa
1348 2647 1566 2707 mulier
1597 2647 1726 2708 sola
1755 2667 1888 2708 cum
1925 2648 2142 2712 Sancto

494 2737 763 2800 sedens?
811 2737 916 2800 ille
946 2745 1140 2797 autem
1201 2736 1556 2815 respondit:
1603 2735 1770 2797 Tune
1819 2738 1980 2798 solus
2011 2755 2141 2798 eam

494 2825 785 2908 ignoras?
835 2827 1047 2890 Omnis
1098 2825 1304 2887 civitas
1356 2843 1484 2886 eam
1549 2827 1733 2899 novit,
1783 2844 2143 2908 semperque

497 2919 674 2980 etiam
728 2915 1000 2978 eamdem
1035 2933 1168 2976 cum
1224 2923 1476 2994 martyre
1507 2915 1754 2978 versari.
1792 2914 1896 2977 [lle
1945 2926 2140 2977 autem

495 3005 809 3084 respondit
842 3026 856 3066 :
895 3003 1114 3067 Verum
1162 3021 1296 3084 ego,
1334 3005 1689 3084 peregrinus
1739 3024 1874 3066 cum
1911 3005 2050 3085 sim,
2084 3006 2143 3067 id

499 3097 730 3176 ignoro.
791 3095 1040 3176 Propter
1089 3094 1440 3156 charitatem
1493 3114 1567 3156 ne
1597 3095 1888 3172 invideas,
1922 3097 2026 3157 sed
2089 3108 2146 3158 et

490 3204 711 3249 nomen
758 3185 902 3246 mihi
935 3185 1223 3247 edissere.

577 3275 677 3339 86.
730 3273 1014 3337 Famulus
1043 3283 1240 3334 autem
1275 3272 1586 3352 respondit
1621 3291 1634 3334 :
1686 3271 1824 3334 Haec
1857 3283 1944 3334 est
1987 3283 2151 3335 recta

499 3381 701 3426 rerum
736 3382 842 3444 per
877 3362 1195 3424 Dominum
1229 3361 1524 3422 ordinatio
1552 3363 1697 3436 (59),
1727 3380 1903 3442 quam
1931 3364 2090 3424 Deus
2117 3382 2149 3424 a

497 3453 686 3514 multo
719 3461 988 3530 tempore
1019 3451 1414 3510 certaminum
1447 3450 1652 3510 victori
1687 3451 2010 3513 commisit.
2043 3450 2148 3513 llic

496 3551 692 3603 autem
728 3540 888 3601 illam
923 3539 1205 3619 custodit,
1230 3538 1393 3598 nullo
1431 3539 1607 3599 modo
1640 3557 1769 3601 eam
1801 3539 1938 3600 hinc
1985 3542 2147 3603 exire

494 3630 726 3700 sinens,
757 3627 1262 3712 quemadmodum
1308 3637 1365 3688 et
1398 3635 1454 3688 tu
1488 3627 1706 3690 vidisti.
1758 3627 1894 3690 Haec
1927 3629 2146 3691 famulo

495 3725 775 3786 nimirum
834 3723 1142 3803 loquente,
1176 3722 1624 3802 expergefactus
1655 3731 1742 3784 est
1775 3723 1900 3798 vir;
1936 3740 2142 3784 eorum

494 3824 718 3890 autem,
753 3833 884 3894 qua:
907 3813 1021 3876 sibi
1049 3814 1174 3874 visa
1196 3814 1450 3892 fuerant,
1483 3812 1640 3892 quod
1674 3831 1805 3893 quae
1833 3815 1890 3873 in
1915 3813 2146 3874 civitate

496 3913 654 3968 mota
677 3904 891 3976 solent,
923 3911 1124 3982 utpote
1150 3901 1498 3983 peregrinus
1521 3905 1833 3981 exsistens,
1866 3921 1982 3962 non
2009 3922 2150 3964 nos-

427 3993 448 4008 ⁶
494 4003 609 4068 set,
636 3993 784 4054 nihil
816 3993 1180 4069 intelligens,
1207 3991 1508 4072 praefecto,
1538 3991 1633 4070 qui
1662 3993 1953 4070 sanguine
1984 3993 2059 4064 ei,
2089 4003 2151 4052 ut

494 4085 719 4146 dictum
744 4091 854 4155 est,
885 4083 1242 4162 conjunctus
1271 4090 1420 4155 erat,
1461 4080 1742 4144 narravit.
1778 4085 1920 4142 Cum
1949 4091 2144 4143 autem

494 4191 607 4236 nec
631 4171 917 4253 hic,quod
933 4171 1119 4232 visum
1146 4171 1530 4245 fuerat,recte
1556 4171 2148 4250 perciperet,ipsum-

496 4271 619 4326 met
672 4262 772 4344 qui
808 4261 865 4323 id
915 4261 1165 4334 viderat,
1201 4262 1388 4320 virum
1448 4266 1818 4336 assumptum
1852 4261 1922 4319 ad
1986 4261 2142 4338 pium

494 4353 845 4431 quemdam,
872 4351 973 4432 qui
1027 4349 1336 4410 familiaris
1369 4349 1422 4410 ei
1457 4358 1606 4420 erat,
1645 4349 2004 4409 monachum
2045 4349 2147 4409 ad-

492 4441 969 4523 ducit,huicque,
997 4458 1128 4520 quae
1150 4439 1272 4500 viro
1291 4438 1549 4500 revelata
1573 4437 1850 4510 fuissent,
1878 4439 2138 4517 exponit,

2228 1933 2328 1999 τὴν
2381 1934 2568 2006 εἰπὼν,
2605 1936 2703 1990 Διὰ
2760 1937 2850 1990 τὸν
2914 1936 3102 2011 Κύριον
3159 1937 3236 2009 μὴ
3274 1935 3494 2010 ὲξὲλθῃς
3558 1935 3714 2006 ἔνθεν,
3749 1933 3866 2008 μηδέ

2230 2022 2366 2100 ἀφῇς
2424 2025 2516 2089 τὴν
2562 2022 2738 2079 πόλιν·
2799 2025 2957 2102 χρεία
3012 2025 3113 2102 γάρ
3167 2025 3260 2080 σού
3305 2026 3449 2080 ἐστιν
3485 2025 3564 2080 ἀεὶ
3621 2026 3738 2098 μὲν,
3770 2026 3866 2096 μέ-

2229 2111 2383 2167 λιστα
2437 2109 2492 2166 δὲ
2547 2112 2601 2167 ἐν
2660 2117 2735 2185 τῷ
2792 2114 3012 2190 παρόντι
3072 2121 3261 2191 καιρῷ.
3303 2116 3367 2170 Ὀ
3427 2113 3482 2169 δὲ
3537 2115 3668 2187 ἀνὴρ
3721 2121 3865 2168 ταῦτα

2230 2200 2456 2264 ἀκούσας
2515 2203 2602 2257 καὶ
2650 2203 2972 2276 θεασάμενος
3037 2206 3384 2258 καθεσθεῖσαν
3429 2203 3590 2260 πάλιν
3620 2204 3716 2267 τὴν
3770 2225 3860 2278 γυο

2231 2303 2391 2345 νᾱῖκα
2468 2290 2552 2346 ἐπὶ
2605 2298 2698 2348 τοῦ
2771 2292 2956 2367 θρόνου
3029 2296 3218 2365 αὐτῆς,
3264 2294 3355 2348 καὶ
3418 2295 3510 2348 τὸν
3574 2291 3861 2355 πανένδοξον

2229 2378 2516 2456 ἀθλοφόρον
2575 2381 2772 2455 ὁμοίως
2803 2381 2856 2436 ἰν
2909 2389 2978 2454 τῷ
3020 2381 3253 2460 χρυσέῳ,
3291 2383 3488 2459 θρόνῳ,
3524 2385 3618 2438 οὐκ
3647 2378 3861 2454 ὲτόλμή-

2229 2489 2318 2523 σεν
2375 2468 2628 2541 ἐξελθεῖν,
2662 2470 2696 2537 ἢ
2752 2468 3067 2550 φθέγξασθαί
3114 2493 3189 2543 τι,
3224 2470 3346 2526 ἀλλ’
3405 2471 3590 2536 ἔξωθεν
3648 2491 3857 2546 προσκυ-

2227 2558 2393 2625 νήσας
2455 2558 2743 2637 ἀνεχῶρει,
2778 2566 2933 2616 τοῦτο
2991 2561 3153 2630 μονον
3199 2560 3475 2638 ἐρωτήσας
3531 2583 3618 2615 τον
3673 2557 3865 2636 ἐφιστά-

2225 2668 2385 2705 μενον
2445 2647 2598 2714 δῆθεν
2627 2649 2923 2724 ὑπηρέτην·
2989 2649 3113 2704 Εἰπέ
3157 2673 3249 2722 μοι
3309 2653 3444 2726 πρὸς
3475 2657 3567 2706 τοῦ
3623 2655 3765 2715 Θεοῦ,
3796 2646 3860 2706 τίς

2223 2739 2258 2803 ἡ
2306 2736 2440 2812 γυνη
2497 2739 2532 2803 ἡ
2565 2739 2701 2811 μετὰ
2756 2745 2848 2794 τοῦ
2879 2737 3030 2814 ἁγίου
3086 2739 3226 2812 μόνη
3286 2740 3662 2813 καθεζομένης
3717 2729 3770 2792 Ὀ
3817 2734 3862 2790 δὲ

2226 2826 2509 2902 ἀπεκρίθη·
2573 2827 2646 2882 Σὺ
2677 2827 2840 2900 μόνος
2903 2827 3120 2902 ἀγνοεῖς
3173 2827 3396 2899 αὐτήνς
3463 2835 3611 2884 Πᾶσα
3641 2831 3674 2896 ἡ
3730 2824 3864 2885 πόλις

2230 2912 2398 2995 αὐτὴν
2454 2913 2754 2989 ἐπίσταται,
2790 2917 2878 2972 καὶ
2936 2915 3016 2972 ὅτι
3070 2915 3150 2974 ἀεὶ
3183 2918 3259 2989 τῷ
3306 2917 3530 2995 μάρτυρι
3593 2913 3858 2989 σ·›νδωίγει.

2232 2992 2289 3058 ’0
2348 3001 2403 3057 δὲ
2433 3019 2617 3080 φησιν·
2684 3003 2834 3060 Ἀλλ’
2885 3005 2996 3081 ἐγὼ
3035 3003 3177 3070 ξένος
3208 2992 3492 3086 ὑπάρχων.
3532 3006 3724 3082 ἀγνοῶ,
3772 3002 3856 3055 Δια

2230 3091 2327 3157 τὴν
2385 3092 2603 3169 ἀγάπην
2647 3093 2736 3149 οῦν
2803 3093 2881 3168 μὴ
2926 3095 3217 3170 φθονήσῃς,
3265 3093 3408 3152 ἀλλὰ
3465 3097 3559 3151 οιᾶν
3602 3095 3660 3149 τὸ
3711 3091 3858 3162 ὄνομα

2168 3189 2207 3238 C
2233 3181 2430 3258 φράσον
2461 3203 2582 3256 μου.

2317 3269 2458 3343 λς’.
2499 3263 2556 3328 Ὀ
2604 3268 2657 3325 δὲ
2685 3271 2954 3344 ὑπηρέτης
3011 3271 3292 3350 ἀπεκρίθη,
3343 3275 3491 3340 Αὕτη
3536 3273 3650 3328 ἐστι
3701 3271 3734 3336 ἡ
3786 3288 3860 3321 xv-

2234 3360 2318 3434 ρία
2373 3358 2603 3431 εὐταξία,
2655 3361 2720 3427 ἢν
2786 3365 2813 3413 ὁ
2859 3363 2990 3424 Θεὸς
3045 3364 3148 3438 πρὸ
3191 3363 3396 3419 πολλοῦ
3469 3371 3546 3437 τῷ
3615 3357 3861 3436 ἀθλοφάρφ

2233 3449 2646 3524 παρακατέθετο,
2709 3451 2872 3510 Αὐτὸς
2943 3447 2998 3505 δὲ
3067 3452 3263 3517 ταύτην
3335 3450 3580 3527 διατηρεῖ
3647 3449 3720 3521 μὴ
3772 3446 3859 3499 ἑῶν

2233 3536 2399 3602 αὐτὴν
2475 3535 2614 3592 ἔνθεν
2673 3537 2904 3603 ἐξελθεῖν
2979 3539 3040 3595 τξι
3116 3538 3358 3612 σύνολον,
3425 3541 3604 3617 ὥσπερ
3661 3537 3747 3592 καὶ
3809 3533 3860 3586 σὺ

2232 3624 2454 3683 ἐθεάσω.
2533 3627 2706 3684 Ταῦτα
2764 3635 2855 3684 τοῦ
2911 3628 3176 3704 ὑπηρέτου
3234 3627 3388 3695 δῆθεν
3451 3623 3858 3696 λαλήσιιιντος,ὁ

2233 3714 2366 3781 ἀνὴρ
2424 3714 2638 3780 ἕξυπνθις
2687 3715 2926 3795 γέγονεν·
2993 3716 3142 3773 οὐδὲν
3193 3715 3246 3773 δὲ
3300 3721 3472 3782 συνεὶς
3531 3725 3635 3773 τῶν
3688 3712 3856 3791 ὀφθέν-

2234 3826 2340 3859 των
2398 3808 2561 3879 αὐτῷ,
2596 3805 2680 3861 διὰ
2711 3810 2771 3862 τὸ
2816 3807 2950 3881 μηδὲ
2980 3809 3045 3862 τὰ
3091 3806 3144 3861 ἐν
3179 3813 3242 3882 τῇ
3300 3807 3456 3864 πόλει
3489 3825 3766 3874 τηνικαῦτα
3793 3821 3859 3855 κι-

2233 3895 2458 3966 νούμενα
2518 3897 2822 3972 γινώσκειν,
2880 3896 2972 3952 ἅτε
3032 3896 3176 3961 ξένος
3235 3899 3546 3976 τυγχάνων,
3595 3893 3859 3968 διηγήσατο

2230 3991 2396 4039 ταῦτα
2452 3985 2529 4057 τῷ
2586 3984 2812 4064 ἐπαρχῷ
2870 4000 3118 4062 συγγενεῖ
3177 3987 3334 4042 αὐτοῦ
3395 3986 3736 4050 καθεστηκότι
3796 3979 3858 4038 ὼς

2231 4071 2466 4147 εἴρηται.
2525 4065 2582 4130 Ὀ
2631 4073 2682 4128 δὲ
2725 4075 2862 4149 μηδὲ
2923 4078 3078 4138 αὐτὸς
3135 4074 3360 4154 ἀκριϐῶς
3430 4075 3755 4142 κατανοήσας
3808 4067 3858 4119 τὸ

2231 4163 2439 4237 ὁραθὲν,
2500 4159 2675 4218 λαϐὼν
2733 4167 2890 4221 αὐτὸν
2949 4166 3038 4220 τὸν
3098 4163 3257 4242 ἄνδρα
3318 4166 3377 4220 τὸ
3421 4170 3756 4237 θεασάμενον,
3786 4156 3859 4210 ἄν·

2231 4272 2340 4306 εσιν
2390 4253 2462 4312 εἰς
2495 4255 2609 4308 τινα
2667 4256 2912 4332 μοναχὸν
2965 4252 3164 4331 εὐλαϐῇ
3222 4257 3422 4322 συνήθη
3478 4255 3618 4321 αὐτῴ
3668 4243 3855 4324 τυγχά-

2231 4361 2408 4419 νοντα,
2472 4344 2559 4397 καί
2627 4342 2892 4420 διηγεῖται
2955 4347 3098 4416 αὐτῴ
3170 4345 3234 4400 τὰ
3303 4352 3382 4417 τῷ
3461 4343 3602 4419 ἀνδρὶ
3670 4341 3854 4395 ἀποκα-

2229 4427 2506 4506 λυφθέντα,
2571 4433 2657 4488 καὶ
2726 4435 2858 4510 πρὸς
2934 4437 3150 4507 μείζονα
3216 4439 3314 4500 τῆς
3389 4433 3636 4500 ἀληθείας
3695 4427 3850 4482 πίστιν

491 4507 760 4613 δίσυθίιό
794 4507 1082 4610 majorem
1114 4529 1379 4590 veritatis
1409 4529 1615 4598 fidem,
1645 4537 1706 4586 ut
1737 4507 2011 4606 ipsemet,
2037 4507 2140 4607 qui

2233 4519 2385 4575 ,ιύτὸν
2452 4523 2542 4576 τὸν
2611 4520 2784 4578 ἰδόντα
2845 4525 3125 4597 ἐνωμόνως
3190 4522 3555 4599 ὁμολογοῦντα
3612 4518 3851 4594 παρέστη-

491 4622 782 4682 visionem
806 4619 1118 4697 habuerat,
1137 4616 1534 4698 jurejurando
1558 4616 1709 4675 hanc
1731 4617 2139 4698 confiteretur,

497 4709 710 4774 effecit.
741 4709 893 4771 Dicit
923 4707 1010 4768 eis
1059 4708 1384 4768 monachus
1411 4726 1424 4766 :
1453 4703 1823 4765 Benedictus
1851 4711 1927 4765 sit
1958 4707 2137 4781 Deus,

495 4798 789 4880 datusque
822 4796 894 4858 ab
926 4815 996 4860 eo
1031 4797 1207 4858 nobis
1237 4796 1602 4856 intercessor
1632 4809 1700 4854 ac
1732 4803 1968 4856 curator
1997 4814 2140 4857 sau-

491 4888 794 4950 ctissimus
826 4897 1044 4968 martyr
1070 4886 1436 4948 Demetrius.

572 4982 670 5039 87.
705 4977 966 5058 Etenim,
998 4987 1061 5040 ut
1103 4977 1336 5055 civitas,
1371 4973 1763 5036 certaminum
1797 4973 2020 5036 victore
2049 4993 2140 5038 re-

489 5073 643 5126 ctam
678 5065 784 5128 Dei
816 5066 1285 5142 ordinationem,
1322 5072 1384 5123 ut
1433 5079 1545 5122 nec.
1577 5061 1799 5141 templo
1832 5081 1940 5123 suo
1972 5074 2142 5123 exeat

489 5172 602 5217 nec
632 5155 930 5218 civitatem
989 5155 1309 5234 relinquat,
1340 5152 1495 5231 apud
1529 5169 1593 5211 se
1625 5151 1944 5230 retinente,
1979 5153 2134 5212 inte-

487 5245 657 5308 stinae
703 5246 872 5324 illud,
908 5245 1065 5324 quod
1120 5242 1411 5321 impendit
1449 5240 1955 5320 formidatumque
2007 5242 2136 5321 fuit,

483 5334 795 5398 seditionis
812 5335 1146 5415 periculum
1175 5331 1331 5392 haud
1355 5330 1617 5410 amplius
1635 5331 2136 5407 timeat,futurum

483 5441 640 5505 esse,
665 5425 778 5506 ipsi
803 5425 995 5485 veraci
1031 5426 1176 5502 Deo,
1203 5420 1457 5483 Domino
1492 5430 1696 5482 nostro
1725 5421 1865 5480 .lesu
1899 5421 2138 5483 Christo

551 5585 691 5728 559)
725 5583 940 5650 Εὐταξία
966 5582 1168 5646 Graece
1196 5582 1352 5643 idem
1387 5582 1665 5662 est,quod
1698 5579 1907 5642 Latine
1933 5590 2134 5647 rectus

591 5683 658 5728 o:
690 5682 874 5728 auare
897 5683 1005 5728 ego
1038 5665 1188 5726 duos
1211 5664 1388 5724 hasce
1413 5681 1588 5726 voces
1621 5662 1858 5725 Graacas
1893 5668 2130 5728 Κυριακή

479 5662 876 5746 ονὰο;“ιιιισι·ο
897 5683 1005 5742 ego
1038 5665 1188 5746 duos
1211 5664 1388 5724 hasce
1413 5681 1588 5746 voces
1621 5662 1858 5746 Graecas
1890 5668 2130 5746 supini.

479 5741 727 5822 Εὖταξίαξ
756 5741 1087 5828 periphrasi
1139 5750 1314 5808 etiam
1347 5744 1617 5826 quapiam
1654 5741 1940 5804 claritatis
1989 5760 2129 5823 ergo

2227 4629 2337 4670 cev.
2373 4609 2528 4683 Λέγει
2580 4611 2765 4676 αὐτοῖς
2799 4615 2826 4668 6
2888 4614 3154 4692 μοναχάς⁹
3195 4598 3496 4689 Εὐλογήτὸς
3548 4615 3574 4666 ὁ
3607 4607 3748 4682 θεδςν
3778 4598 3851 4692 {ui

2225 4700 2253 4754 6
2311 4696 2558 4775 δωρῆθεὶς
2613 4703 2749 4774 ἡμῖν
2805 4703 2929 4779 παρ’
2987 4687 3145 4760 αὐτοῦ
3197 4687 3524 4778 πρεσϐευτὴς
3570 4700 3652 4754 καὶ
3717 4687 3850 4756 κηδε·

2226 4788 2343 4862 μὼν
2377 4791 2405 4844 6
2437 4789 2693 4867 πανάγιος
2737 4791 2932 4866 μάρτυς
2985 4793 3318 4868 Δημήτριος,

2304 4967 2414 5036 πζ’.
2477 4969 2714 5025 Πιστεύω
2747 4970 2847 5045 γὰρ
2906 4972 3047 5041 αὐτῷ
3103 4974 3181 5041 τῷ
3211 4966 3444 5041 ἀληθινῷ
3503 4967 3614 5036 Θεῷ
3643 4961 3713 5032 τῷ
3765 4963 3846 5010 Κν-

2224 5056 2318 5133 ρίῳ
2373 5057 2528 5129 ἡμῶν
2587 5055 2766 5124 Ἰησοῦ
2822 5059 3061 5135 Χριστῷ,
3109 5057 3193 5112 ὅτι
3246 5056 3342 5112 οὐκ
3387 5057 3461 5114 ἔτι
3519 5049 3844 5134 φοϐτιθῆπεται

2221 5147 2256 5212 ἡ
2319 5145 2473 5209 πόλις
2505 5148 2596 5202 τὸν
2657 5147 3028 5224 ἐπηρτημένον
3079 5146 3266 5203 τοῦτον
3296 5149 3383 5202 καὶ
3441 5141 3844 5224 προσδοκώμενον

2221 5239 2319 5300 τῆς
2375 5234 2628 5314 ἒμφυλίου
2699 5219 2939 5298 στάσειυς
2995 5235 3232 5292 κίνδυνον
3290 5243 3382 5292 τοῦ
3425 5219 3703 5310 ἀθλοφόρον
3762 5219 3845 5314 τὴν

2221 5323 2400 5400 κυρίαν
2505 5326 2743 5390 εὐταξίαν
2831 5325 2952 5402 παρ’
3061 5326 3234 5398 ἑαυτῷ
3317 5323 3676 5400 κατασχόντος
3767 5309 3844 5402 ’ξὸν

2220 5415 2345 5469 ναὸν
2403 5413 2560 5470 αὐτοῦ
2617 5414 2870 5489 ἐξελθεῖν,
2921 5412 3059 5490 μηδὲ
3125 5416 3225 5482 τὴν
3297 5414 3454 5471 πόλιν
3527 5397 3842 5466 καταλιπεῖν.

2219 5589 2376 5646 usus.
2430 5576 2627 5646 Latine
2676 5577 3094 5646 interpretatus
3146 5589 3295 5638 sum,
3350 5571 3512 5629 Recta
3549 5577 3719 5624 rerum
3759 5568 3844 5630 P"

2219 5645 2502 5702 Dominum
2537 5645 2827 5704 ordinatio.
