4100 6404
1323 366 1384 429 S.
1430 366 1809 429 DEMETRII
1857 367 2259 432 MARTYRIS
2296 370 2518 433 ACTA.

256 361 399 434 1269
1323 366 1384 429 S.
1430 366 1809 429 DEMETRII
1857 367 2259 432 MARTYRIS
2296 370 2518 433 ACTA.
3463 369 3619 459 1270

252 512 417 562 Ταῦτα
447 499 677 563 ἀκούσας
710 502 737 556 ὁ
782 497 1043 579 ἔπαρχος,
1090 500 1176 556 καὶ
1231 504 1280 558 οἱ
1330 503 1421 558 σὺν
1466 506 1608 575 αὐτῷ
1655 508 1852 569 συνῆκα

1940 505 2177 566 .cr‘edo.
2238 503 2579 581 Praefectus,
2644 524 2781 569 cum
2839 506 2968 570 haec
3024 505 3281 591 audiret,
3312 506 3476 590 iique
3506 508 3610 592 qui

251 591 419 657 καλῶς
475 588 801 667 διακριθέντα
873 591 962 647 τὸν
1026 589 1249 670 ὄνειρον,
1317 592 1403 650 καὶ
1446 590 1767 673 διεφήμισαν
1823 614 1852 648 τ

1968 610 2101 654 cum
2163 610 2233 654 eo
2275 601 2467 670 erant,
2522 602 2687 657 recte
2736 612 2871 659 esse
2916 588 3605 677 expositum’somniuin,

249 686 461 758 πρᾶγμα
514 682 570 735 ὲν
602 685 668 755 τῇ
724 677 905 758 πόλει,
955 680 1036 735 οιαὶ
1082 687 1150 756 τῇ
1194 681 1377 760 χάριτι
1416 689 1510 738 τοῦ
1542 686 1766 759 Χριστοῦ
1798 703 1852 737 κα

1965 680 2411 758 intellexerunt,
2473 701 2724 766 remque
2782 687 2842 748 iu
2899 684 3133 748 civitate
3200 686 3603 767 divﬁlgarunt,

250 777 395 841 Θεοῦ,

246 859 555 937 ἆπείραστος
607 859 642 925 ἡ
703 856 857 921 πόλις
902 864 995 914 τοῦ
1042 860 1276 916 τοιούτου
1314 859 1551 916 κινδύνου
1580 859 1874 935 μεμένηκε,

245 949 409 1007 καίτοι
453 947 538 1004 ἐπὶ
596 946 802 1024 ἐτέρους
876 945 962 1003 δύο
1022 950 1289 1013 ἒνιαυτοὺς
1336 951 1521 1027 μυρίας
1566 949 1694 1012 ὅσας
1738 971 1873 1027 προ⁶

243 1036 419 1116 φάσεις
472 1035 965 1100 ἆνασκαλεύσαντος
1008 1044 1101 1094 τοῦ
1161 1036 1354 1117 ἐχθροῦ
1410 1038 1502 1096 ἐπὶ
1548 1047 1622 1113 τῷ
1652 1039 1749 1105 τὴν
1783 1042 1877 1096 εὖ·

240 1124 410 1189 ταξίαν
462 1121 719 1198 διακόψαι
763 1130 863 1191 τῆς
914 1124 1143 1204 πόλεως,
1195 1124 1314 1192 ἥτις
1364 1126 1621 1201 διέμεινεν
1654 1126 1873 1205 ἐρριζω-

240 1214 369 1288 μένη
448 1212 533 1270 διὰ
619 1220 872 1288 Χριστοῦ,
957 1217 1031 1278 ὡς
1108 1216 1208 1271 ὑπὸ
1279 1222 1376 1283 τῆς
1450 1225 1544 1275 τοῦ
1611 1217 1875 1294 μάρτυρος

237 1301 407 1367 δεξιᾶς
477 1301 851 1382 φυλαττομένῃ
913 1310 981 1379 τῇ
1035 1303 1210 1363 πόλει.
1275 1309 1361 1379 Τῷ
1419 1305 1473 1361 δὲ
1547 1311 1662 1378 Θεῷ
1719 1308 1874 1380 ἡμῶν

234 1392 269 1459 ἦ
297 1390 412 1456 δόξα
470 1393 558 1447 καὶ
598 1392 660 1447 τὸ
704 1392 894 1471 κράτος
955 1394 1027 1459 εἷς
1086 1394 1206 1458 τοὺς
1252 1396 1445 1461 αἰῶνας
1503 1398 1608 1453 τῶν
1641 1394 1869 1453 αἰώνων.

234 1481 426 1555 Ἀμήν,

489 769 577 825 καί
657 771 786 858 τοῦ-
840 766 1156 834 πανενδόξου
1229 770 1492 849 μάρτυρος
1574 771 1849 845 Δημητρίο

1964 770 2301 852 Christique
2331 779 2390 835 et
2418 772 2527 836 Dei
2560 773 2977 853 gloriosissimi
3010 777 3286 858 martyris
3319 766 3603 841 Demetrii

1961 858 2247 920 cbaritate
2277 860 2482 923 civitas
2514 862 2783 942 periculo
2816 865 3185 946 huiusmodi,
3211 873 3340 927 utut
3364 866 3602 930 duobus

1959 949 2129 1009 annis
2157 949 2291 1011 aliis
2321 949 2586 1012 inﬁnitas
2617 969 2826 1033 prope,
2864 973 2983 1035 quo
3028 962 3251 1017 rectam
3298 953 3401 1017 Dei
3432 955 3599 1018 ordi-

1959 1036 2285 1118 nationem,
2321 1058 2452 1119 quae
2495 1039 2739 1116 civitati,
2791 1044 2967 1106 veluti
3009 1061 3115 1124 per
3146 1045 3415 1125 martyris
3444 1044 3600 1107 dex-

1958 1134 2106 1187 tram
2140 1127 2472 1211 custoditis,
2506 1130 2825 1194 irradicata
2856 1150 2963 1213 per
2990 1132 3294 1196 Christum
3335 1133 3595 1209 inhaesit,

1957 1214 2191 1305 civitate
2222 1218 2571 1296 expelleret,
2607 1221 2950 1283 occasiones
2980 1221 3223 1285 inimico
3246 1222 3607 1305 suscitante,
3660 1246 3661 1249 η

1955 1301 2245 1364 intentata
2274 1308 2602 1386 permansit
2636 1306 2792 1387 (60).
2824 1312 2944 1372 Deo
2976 1317 3179 1373 nostro
3215 1310 3295 1375 sit
3318 1310 3507 1392 gloria
3539 1319 3599 1373 et

1955 1391 2146 1453 virtus
2174 1393 2232 1454 in
2264 1395 2481 1456 saecula
2511 1396 2887 1460 saeculorum.
2920 1399 3135 1463 Amen.

1733 1614 1959 1674 CAPUT
1997 1617 2088 1674 XI.

433 1713 515 1770 De
569 1714 790 1786 Illyrici
836 1716 1111 1786 praefecto,
1164 1716 1262 1789 qui
1312 1713 1572 1773 Sanctum
1633 1714 2027 1787 blasphemarit
2092 1723 2252 1790 atque
2302 1719 2371 1775 ab
2425 1733 2486 1775 eo
2542 1718 2752 1776 idcirco
2806 1720 2918 1790 fuit
2966 1719 3185 1792 punitus
3239 1720 3377 1790 (6|).

303 1829 427 1898 πη¹.
475 1830 698 1898 Ἐπειδὴ
729 1831 781 1888 δὲ
813 1832 1007 1911 Πέτρος
1037 1837 1123 1890 καὶ
1184 1833 1413 1913 Παῦλος,
1475 1836 1522 1890 οἱ
1564 1836 1670 1891 τῶν
1725 1834 1852 1889 ἀπο-

2028 1834 2129 1900 88.
2167 1835 2312 1897 Cum
2344 1853 2487 1898 sane
2539 1838 2748 1898 Petrus
2808 1844 2867 1898 et
2898 1836 3146 1910 Paulus,
3192 1834 3592 1917 apostolorum

229 1919 425 1977 στόλων
482 1920 767 1998 ἁκρότατοι
817 1926 912 1979 οὐκ
969 1925 1363 2001 εὒεργετοῦντες
1422 1922 1584 1997 μόνον
1635 1924 1719 1979 καὶ
1765 1924 1865 1979 ἰώ-

227 2029 368 2083 μενοι
417 2010 519 2076 τὴν
580 2009 634 2066 ἐν
678 2014 861 2074 αὐτοῖς
918 2012 1219 2091 ἓνεφάνιζον
1277 2013 1438 2091 χάριν
1496 2022 1589 2071 τοῦ
1619 2012 1864 2085 Πνεύμα-

227 2118 334 2171 τος,
394 2098 533 2158 ἀλλὰ
593 2099 685 2156 καὶ
729 2101 1119 2179 τιμωρούμενοι
1163 2102 1283 2163 τοὺς
1343 2101 1511 2167 ἀξίους
1565 2100 1859 2176 κολάσεως,

227 2187 313 2244 καί
370 2194 842 2268 καταφρονητικῶς
901 2191 1018 2267 περὶ
1091 2192 1152 2246 τὸ
1228 2194 1376 2247 θεῖον
1433 2187 1860 2270 διαγινομένους,

224 2277 290 2339 ὡς
312 2276 510 2356 Πέτρος
556 2277 653 2342 μὲν
694 2278 941 2335 Ἀνανίαν
971 2277 1066 2334 καί
1121 2279 1427 2358 Σάπφειραν
1483 2281 1572 2335 καὶ
1616 2279 1859 2355 Σίμωνα,

225 2363 447 2442 Ἐλύμαν
506 2365 560 2422 δὲ
617 2367 822 2429 Παῦλος
867 2370 955 2423 τὸν
1009 2366 1183 2444 μάγον
1234 2370 1320 2425 καὶ
1352 2368 1597 2432 πλείονας
1641 2367 1859 2449 ἄλλους,

223 2454 357 2535 φέρε,
417 2456 551 2514 κάπὶ
608 2456 701 2512 τοῦ
756 2462 858 2513 τῶν
918 2456 1233 2514 ἀποστόλων
1288 2457 1658 2534 γνησιωτάτου
1703 2457 1861 2535 θρέμ-

222 2566 399 2621 ματος,
466 2552 561 2602 τοῦ
619 2543 958 2626 πανενδόξου,
1018 2544 1187 2624 λέγω,
1232 2546 1495 2625 μάρτυρος
1539 2545 1762 2626 ἴδωμεν,
1815 2549 1859 2603 εἰ

222 2634 497 2711 γεγένηταί
543 2656 593 2690 τι
646 2641 913 2694 τοιοῦτον.
978 2635 1076 2691 Διᾶ
1118 2637 1220 2712 γὰρ
1282 2636 1381 2702 τὴν
1437 2634 1636 2703 ἄφατον
1700 2636 1861 2693 αὐτοῦ

218 2722 540 2788 ἀιεξικακίαν
599 2724 683 2780 καὶ
739 2726 838 2791 τὴν
903 2726 1232 2797 θεομίμητον
1291 2724 1597 2803 ἀγαθότητα
1654 2724 1855 2805 δυσχε-

217 2811 293 2889 ρὲς
357 2815 498 2888 ἡμῖν
566 2811 784 2889 γέγονεν
856 2812 1209 2890 ὁμοιότροπόν
1260 2834 1312 2869 τι
1392 2815 1656 2885 ζητήσασι
1736 2815 1857 2884 περὶ

217 2902 361 2958 αὑτὸν
417 2900 678 2979 ἐξευρεῖν,
751 2907 914 2958 πᾶσιν
991 2900 1149 2958 αὐτοῦ
1207 2910 1636 2981 συγχωροῦντος,
1697 2904 1768 2968 ὡς
1828 2905 1855 2960 ὁ

216 2992 333 3054 Θεὸς
366 2996 442 3064 τῷ
477 2991 686 3065 κόσμῳ,
727 2991 791 3046 τὰ
823 2989 997 3047 πολλὰ
1030 2992 1463 3064 παραπτώματα.

284 3080 389 3139 πθ¹.
444 3078 601 3136 Ἀλλ’
648 3079 761 3136 ἐπεὶ
813 3079 1035 3141 ἕκαστος
1084 3080 1215 3155 πρὸς
1267 3080 1365 3147 τὴν
1411 3083 1853 3155 ἐμπιστευθεῖσαν

1953 1923 2276 2004 principes,
2312 1943 2430 1986 non
2462 1926 2655 1987 solum
2708 1924 3141 1988 benefaciendo
3183 1924 3594 2006 sanandoqne,

1947 2013 2052 2073 sed
2083 2024 2138 2074 et
2162 2014 2547 2094 castigatione
2577 2014 2789 2094 dignos
2820 2033 3168 2091 numenque
3213 2021 3593 2095 spernentes,

1946 2110 2010 2161 ut
2037 2103 2326 2163 Ananiam
2361 2103 2602 2184 quidem
2636 2113 2694 2165 et
2716 2104 3027 2184 Saphiram
3061 2112 3119 2166 et
3149 2105 3449 2167 Simonem
3474 2102 3592 2166 Pe-

1946 2197 2071 2254 trus
2102 2192 2230 2270 (6'2)
2269 2192 2528 2273 Elymam
2563 2202 2758 2255 autem
2819 2210 3053 2272 magum
3091 2192 3360 2273 aliosque
3391 2192 3603 2273 plures

1945 2281 2164 2342 Paulus
2199 2281 2342 2361 (63),
2374 2281 2702 2363 puniendo,
2739 2278 3020 2363 Spiritus,
3075 2300 3208 2363 quae
3256 2282 3343 2344 eis
3372 2281 3585 2356 inerat,

1943 2370 2187 2446 gratiam
2249 2370 2721 2451 manifestarent,
2782 2390 2913 2451 age,
2963 2389 3106 2433 num
3156 2378 3216 2433 et
3251 2388 3286 2432 a
3334 2370 3592 2433 maxime

1942 2459 2199 2536 genuino
2242 2460 2651 2535 apestolorum
2684 2459 2950 2536 alumno,
2987 2459 3452 2539 gloriosissimo,
3487 2459 3586 2521 in-

1943 2564 2144 2625 quam,
2180 2556 2456 2628 martyre,
2517 2546 2716 2629 simile
2767 2548 2909 2628 quid
2962 2557 3199 2628 gestum
3250 2548 3347 2622 sit,
3380 2548 3586 2611 videa-

1944 2653 2096 2698 mus.
2134 2636 2368 2698 Etenim
2403 2645 2644 2718 propter
2699 2637 3064 2700 ineffabilem
3096 2656 3262 2700 suam
3296 2638 3590 2699 malorum

1944 2724 2335 2796 tolerantiam,
2370 2735 2548 2808 atque
2580 2744 2697 2807 qua
2724 2729 2913 2789 Deum
2947 2726 3232 2804 imitatur,
3267 2727 3593 2790 bonitatem

1939 2812 2134 2875 simile
2163 2813 2304 2894 quid
2333 2813 2406 2876 de
2437 2834 2506 2877 eo
2537 2815 2807 2895 reperire
2835 2814 3008 2877 nobis
3040 2814 3451 2896 quaerentibus
3478 2816 3587 2877 fuit

1938 2900 2206 2975 difﬁcile,
2264 2921 2396 2964 cum
2458 2902 2641 2964 multa
2693 2903 2996 2979 omnibus,
3032 2914 3097 2964 ut
3128 2903 3289 2966 Deus
3326 2903 3578 2979 mundo,

1937 2990 2153 3052 delicta
2182 2991 2509 3054 condonet.

2017 3080 2115 3142 89.
2146 3082 2366 3143 Verum
2396 3099 2526 3142 cum
2574 3081 2829 3162 quisque
2861 3099 2966 3161 pro
3008 3079 3367 3143 tolentorum
3399 3080 3583 3144 animi

214 3166 344 3242 αὒτῷ
370 3170 482 3226 τῶν
512 3173 611 3234 τῆς
645 3166 872 3233 διανοίας
926 3169 1200 3224 ταλάντων
1245 3168 1543 3249 ποσότητα,
1605 3172 1694 3227 καὶ
1752 3173 1851 3235 τὴν

1940 3169 2267 3249 quantitate
2295 3170 2411 3232 sibi
2435 3170 2660 3232 credita
2686 3176 2749 3234 et
2776 3170 3185 3251 operationem
3215 3186 3247 3231 a
3271 3172 3391 3233 Deo
3413 3187 3586 3247 roge-

212 3253 444 3334 ἕργασίαν
496 3270 838 3335 παραιτεῖται
899 3258 1039 3333 παρὰ
1084 3257 1239 3329 Θεοῦ,
1272 3259 1358 3314 καὶ
1400 3272 1518 3323 τοῖς
1579 3259 1676 3334 μὲν
1722 3258 1852 3316 ἔικε-

1943 3267 2060 3338 tur,
2092 3276 2160 3320 ac
2190 3258 2656 3338 simplicioribus
2684 3258 2925 3340 quidem
2958 3257 3128 3319 venia
3159 3267 3221 3320 ut
3253 3256 3578 3339 plurimum

211 3346 489 3425 ραιοτέρως
566 3346 860 3424 συγγνώμη
946 3346 1170 3412 πλείστη
1224 3348 1547 3426 παρέχεται,
1616 3361 1734 3412 τοῖς
1799 3348 1853 3405 δὲ

209 3434 643 3512 πανοδργοτὲροις
703 3432 787 3491 ἐπ’
845 3435 1134 3514 αὐτοφώρῳ
1182 3440 1279 3501 τῆς
1342 3435 1718 3511 πλημμελείας
1781 3439 1854 3503 ὡς

207 3524 268 3578 τὰ
325 3523 504 3580 πολλὰ
562 3526 648 3580 καὶ
699 3526 734 3591 ἡ
797 3524 1126 3589 ἓπεξέλευσις
1188 3524 1411 3603 γίνεται,
1488 3526 1708 3591 εἰκότως
1766 3526 1849 3583 ἐπ’

207 3610 342 3692 ἄνδρί
404 3614 670 3692 μεγίστην
728 3614 877 3693 ἔχειν
932 3617 1037 3669 τῶν
1098 3620 1300 3693 φρενῶν
1362 3615 1695 3689 νομιζομένῳ
1750 3618 1852 3682 τὴν

204 3700 407 3779 δύναμιν
440 3750 460 3776 ,
530 3701 920 3782 παραπλησίως
990 3701 1045 3758 δὲ
1122 3704 1330 3769 νηπίοις
1386 3701 1665 3783 σφαλέντι,
1727 3705 1851 3779 μίαν

202 3792 281 3848 καὶ
336 3794 543 3860 ταύτην
615 3790 770 3868 μόλις
836 3793 976 3869 παρὰ
1034 3799 1124 3848 τοῦ
1189 3791 1481 3869 ἀθλοφόρου
1550 3793 1850 3869 γενομένην

204 3879 463 3948 ἐκδίκησιν
546 3880 850 3949 δυνηθέντες
919 3885 1275 3956 καταμαθεῖν,
1377 3894 1499 3945 ταῖς
1574 3880 1847 3938 εὗλαϐέσιν

205 3970 342 4045 ὑμῶν
400 3973 595 4035 ἀκοαῖς
657 3972 1061 4051 παραθήσομεν,
1137 3972 1528 4050 προτρέποντες
1587 3971 1697 4044 ἅμα
1763 3981 1847 4028 καί

204 4068 627 4140 παρεγγυῶντες,
689 4061 767 4133 μὴ
808 4066 876 4136 τῇ
940 4059 1230 4138 ἁγαθότητι
1285 4061 1389 4116 τῶν
1438 4061 1599 4138 ἁγίων
1656 4060 1846 4136 βουλο-

204 4148 382 4220 μένους
440 4149 831 4230 κατορχετσθαί
888 4154 985 4215 τῆς
1047 4150 1216 4207 αὐτῶν
1262 4151 1592 4223 θεομιμήτου
1638 4173 1846 4228 μακρο-

202 4238 404 4319 θυμίας,
452 4238 592 4296 ἐιλλὰ
636 4239 782 4312 πάσῃ
827 4238 1038 4317 φυλακῇ
1086 4252 1272 4316 τηρεῖν
1324 4240 1457 4294 κατὰ
1507 4241 1567 4295 τὸ
1599 4260 1843 4319 γεγραμα-

204 4325 352 4398 μένον
383 4332 591 4407 πρῶτον
624 4329 723 4402 μὲν
770 4329 861 4389 τὰς
914 4328 1112 4384 ἑαυτῶν
1162 4325 1374 4400 καρδίας
1411 4346 1429 4363 ⁸
1463 4329 1505 4382 εἰ
1535 4326 1589 4383 δὲ
1635 4334 1713 4403 μὴ
1747 4329 1842 4386 κᾶν

202 4418 317 4489 γοῦν
347 4421 407 4475 τὸ
437 4416 523 4475 διὰ
551 4417 804 4495 γλώσσης
839 4415 1139 4494 ἐξενεγκεῖν
1185 4439 1233 4472 τι
1295 4418 1440 4494 ῥῆμα
1502 4418 1842 4498 βλασφημίας

201 4501 235 4570 ἢ
261 4504 556 4585 ἀφροσύνης
593 4506 856 4586 ἐχόμενον
871 4554 884 4568 .

280 4596 345 4670 ζ’.
388 4596 682 4654 Ἀκούσατε
728 4598 827 4673 γὰρ
872 4597 945 4659 εἷς
990 4594 1122 4660 ὅσην
1181 4593 1478 4674 ὑπερϐολὴν
1526 4599 1692 4670 θυμοῦ
1753 4599 1841 4654 τὸν

201 4682 530 4763 ὓπερένδοξον
590 4685 828 4764 μάρτυρα
882 4684 1041 4764 λόγος
1110 4686 1521 4763 παραφροσύνης
1573 4685 1837 4759 ἐκίνησεν,

200 4773 271 4835 ὡς
325 4779 423 4832 καὶ
471 4780 568 4842 τῆς
628 4775 861 4854 ἐμφύτου
918 4774 1252 4852 ἡμερότητος
1306 4774 1485 4852 ὥσπερ
1543 4776 1838 4846 ἐκλαθόμε-

202 4883 286 4918 νον
340 4865 674 4945 παραχρῆμα
731 4866 830 4932 τὴν
864 4863 1132 4932 ἐκδίκησιν
1177 4869 1253 4938 τῷ
1301 4865 1637 4941 ἡμαρτηκότι
1669 4887 1838 4938 προσ-

267 4981 385 5053 (60)
424 4983 552 5040 Hzec
610 4984 800 5042 omnia
849 4984 1122 5048 Joannes,
1163 4992 1223 5040 ut
1255 4981 1716 5039 Thessalonicam
1748 4984 1839 5040 in-

201 5056 418 5124 testinis
467 5058 637 5112 etiam
680 5054 927 5112 motibus
984 5053 1176 5112 Sancti
1238 5054 1555 5124 patrocinio
1593 5055 1842 5112 evasisse

201 5120 452 5195 liberam,
493 5127 763 5188 suadeat;
799 5141 994 5182 verum
1028 5141 1157 5182 cum
1191 5120 1406 5183 omnia.
1439 5139 1561 5195 quae
1594 5126 1749 5181 hunc
1779 5129 1840 5182 in

205 5191 371 5252 tian
410 5196 592 5259 aﬂert,
627 5199 723 5253 uni
786 5198 899 5253 fere
956 5198 1273 5253 innitantur
1304 5191 1527 5255 visioni.
1564 5197 1683 5252 viro
1717 5198 1838 5253 cui-

204 5264 327 5339 dam
360 5269 581 5330 oblatae,
619 5268 858 5337 ﬁerique
884 5278 1074 5338 queat,
1101 5279 1161 5325 ut
1186 5270 1326 5332 hac,
1357 5282 1469 5323 non
1503 5282 1639 5339 vera
1665 5281 1843 5339 appa-

202 5337 349 5400 ritio,
381 5339 481 5394 sed
515 5339 705 5397 illusio
733 5337 1028 5403 duntaxat.
1081 5339 1271 5404 fuerit,
1303 5339 1594 5395 studiosus
1630 5337 1831 5402 lector,

201 5408 478 5480 quidquid
507 5413 671 5467 etiam
726 5412 832 5466 hac
883 5413 939 5467 in
976 5413 1135 5480 paria
1165 5418 1445 5475 statuerit,
1484 5408 1636 5466 haud
1671 5409 1835 5468 facile

201 5488 311 5535 non
343 5482 725 5552 retragantem
760 5481 1015 5538 hebc’bil.

269 5558 379 5626 (61)
408 5560 589 5634 Caput
621 5562 938 5634 hoc,iquod
978 5562 1091 5628 hic,
1127 5570 1298 5632 prout
1345 5561 1492 5633 apud
1539 5574 1645 5619 nos
1676 5576 1707 5618 e
1738 5576 1836 5619 co-

202 5625 322 5689 dice
368 5625 505 5690 oliui
564 5625 894 5692 Maurian
952 5625 1301 5704 descriptum
1353 5625 1554 5700 e'xstat,
1606 5634 1838 5692 lectoris

1937 3347 2322 3422 concedatur,
2358 3348 2750 3411 astutioribus
2808 3355 3012 3410 autem
3057 3352 3114 3408 in
3148 3346 3419 3409 criminis
3468 3346 3579 3409 de-

1938 3437 2342 3514 prehensione
2372 3437 2550 3499 etiam
2586 3437 2846 3500 vindicta
2897 3454 3072 3519 quam
3107 3434 3437 3516 saepissime
3466 3433 3579 3496 ob-

1935 3527 2151 3606 veniat,
2212 3526 2425 3587 merito
2476 3526 2538 3588 in
2592 3526 2810 3602 virum,
2867 3525 2967 3606 qui
3014 3522 3329 3587 maximam
3365 3522 3582 3586 mentis

1935 3614 2049 3676 vim
2077 3615 2299 3677 habere
2332 3615 2805 3694 existimabatur,
2844 3632 3160 3694 puerorum
3193 3621 3389 3676 autem
3415 3631 3582 3675 more

1936 3702 2245 3784 peccabat,
2298 3703 2557 3765 vindicta
2611 3704 2809 3779 unica,
2844 3704 3075 3783 hacque
3106 3720 3286 3782 aegre,
3318 3720 3353 3762 a
3377 3708 3578 3762 certa-

1935 3792 2160 3853 minum
2196 3793 2418 3854 victore
2478 3793 2663 3855 fuisse
2696 3791 3199 3866 animadversum,
3234 3789 3578 3872 perdiscere

1934 3881 2224 3956 valentes,
2265 3881 2377 3961 piis
2409 3882 2617 3944 vestris
2638 3882 2696 3943 id
2727 3879 2975 3944 auribus
3005 3877 3576 3961 proponemus,hor-

1933 3979 2123 4033 tantes
2156 3971 2337 4032 simul
2394 3983 2571 4051 atque
2624 3971 3041 4046 admonentes,
3102 3987 3180 4030 ne
3235 3976 3573 4031 sanctorum

1931 4060 2295 4139 benignitate
2326 4060 2545 4135 lactati,
2582 4059 2957 4132 earumdem,
2981 4076 3111 4140 quae
3168 4059 3359 4121 Deum
3384 4054 3575 4118 imita-

1927 4158 2043 4230 tur,
2082 4150 2587 4230 longanimitatem
2620 4147 2982 4210 contumelia
3032 4147 3410 4222 afﬁciamus;
3464 4146 3571 4208 sed

1927 4240 2113 4314 omni,
2147 4238 2475 4299 secundum
2508 4238 2661 4319 quod
2696 4238 2982 4317 scriptum
3016 4244 3127 4311 est,
3161 4234 3428 4297 custodia
3450 4253 3578 4296 ser-

1925 4346 2155 4401 vemus,
2193 4328 2443 4408 primum
2469 4328 2711 4408 quidem
2737 4325 2919 4388 corda
2942 4333 3179 4397 nostra;
3213 4324 3306 4385 sin
3346 4322 3569 4397 minus,

1926 4437 2003 4480 ne
2040 4435 2141 4479 ore
2172 4418 2382 4479 saltem
2416 4416 2834 4497 blasphemum
2860 4416 3016 4497 quod
3048 4413 3410 4496 insipiensve
3436 4431 3575 4475 ver-

1929 4507 2066 4569 bum
2104 4506 2500 4585 proferamus.

2005 4597 2106 4656 90.
2132 4596 2351 4658 Audite
2380 4593 2644 4668 enim,ad
2668 4602 2946 4674 quantam
2972 4594 3076 4655 ira:
3098 4591 3567 4671 magnitudinem

1923 4685 2420 4765 gloriosissimum
2442 4693 2762 4765 martyrem
2784 4682 3106 4746 dementiae
3128 4681 3373 4744 verbum
3409 4700 3572 4743 com-

1926 4775 2201 4849 moverit,
2240 4783 2301 4836 ut
2332 4772 2840 4854 statim,ingenitaa
2868 4772 3028 4834 velut
3056 4772 3392 4833 clementia:
3410 4769 3567 4833 obli-

1928 4874 2042 4945 tus,
2069 4865 2123 4926 ei
2149 4870 2246 4945 qui
2280 4872 2577 4945 peccarat,
2609 4862 2930 4927 vindictam
2964 4860 3270 4924 inﬂixerit.
3306 4857 3413 4923 Vir
3441 4859 3570 4941 qui.

1918 4986 2105 5044 oculis
2141 4984 2508 5055 subiicimus,
2537 4999 2568 5041 a
2609 4984 2708 5041 fol.
2739 4983 2810 5055 82
2841 4998 3026 5055 usque
3054 4983 3124 5040 ad
3177 4982 3276 5040 toi.
3332 4995 3567 5039 versum

1921 5056 1992 5114 85
2048 5058 2105 5112 in
2149 5054 2516 5114 monumento
2572 5056 2679 5112 isto
2739 5054 3020 5113 litterario
3062 5060 3417 5116 recensetur.
3474 5068 3568 5110 se-

1923 5130 2117 5199 queuti
2155 5128 2339 5184 isthoc
2370 5128 2538 5197 paulo
2577 5126 2847 5199 breviori,
2882 5141 3053 5197 quam
3107 5126 3198 5181 hic
3241 5131 3437 5199 noster
3466 5126 3564 5192 sit,

1924 5195 2094 5261 titulo
2125 5195 2400 5259 εσθαι]ιή
2438 5215 2452 5260 Σ
2502 5200 2624 5277 Περὶ
2654 5206 2745 5277 τοῦ
2774 5195 3268 5277 βλασφημήσαντος
3297 5195 3563 5275 ἐπάρχου,

1923 5281 2003 5336 De
2046 5280 2326 5350 pne/“ecta,
2385 5278 2482 5348 qui
2537 5276 2957 5350 blasphampvit;
3029 5285 3210 5350 exstat
3266 5288 3438 5346 porro
3497 5280 3569 5350 et

1918 5345 2067 5422 apud
2119 5345 2508 5422 Mabillonium
2542 5345 2678 5422 tom.
2715 5349 2733 5403 Ι
2770 5348 3019 5422 Veterum
3048 5345 3318 5422 AniumL
3330 5359 3458 5415 pag.
3491 5345 3563 5401 82

1918 5415 1974 5552 ἓξ
2002 5435 2313 5548 εφαρῖυρῐρὶιι
2341 5418 2708 5478 Anastasium
2742 5418 3250 5479 Bibliothecarium
3280 5415 3563 5487 Compen-

1960 5509 2014 5550 ιο
2075 5512 2103 5545 e
2134 5510 2161 5548 a
2298 5535 2308 5546 .

1960 5495 2014 5550 io
2043 5495 2308 5548 relatum.

1991 5562 2099 5626 l6?)
2134 5564 2235 5619 Adi
2270 5565 2444 5619 Actus
2482 5560 2893 5633 apostolorum.
2926 5575 3049 5631 cap.
3082 5575 3123 5616 ν
3153 5569 3205 5619 et
3244 5570 3366 5621 vni.

1991 5634 2103 5703 (63)
2132 5633 2272 5691 Vldd
2297 5633 2526 5692 eosdem
2557 5635 2751 5701 Actus,
2783 5645 2908 5704 cap.
2940 5643 3042 5692 xu.
