4100 6422
520 395 665 461 1271

513 621 646 685 brio
671 617 1378 693 manenti,fuerit,dicere
1397 614 1716 697 oporteat?)
1738 614 2154 693 praefectorum

515 711 709 790 gentis
755 708 999 789 Illyricae
1031 706 1430 788 principatum
1485 711 1719 774 tenens,
1771 702 2158 762 nihilominus

518 799 760 882 quidem
787 800 1038 859 maxima
1055 814 1188 858 sese
1211 794 1437 876 pollere
1460 791 1850 870 intelligentia
1867 791 2157 870 glorians,

518 881 817 968 supraque
849 889 1249 966 propinquos,
1302 882 1486 945 veluti
1533 899 1714 960 supra
1742 881 2161 960 superfwturee

518 981 747 1059 portus,
778 993 912 1037 sese
934 975 1014 1048 (id
1048 973 1377 1050 enim,cum
1413 981 1471 1032 et
1504 971 1862 1031 tentationes
1886 979 1952 1030 ut
1977 968 2155 1047 pluri-

1868 387 2518 450 SUPPLEMENTUM.

513 532 652 596 dam
677 529 848 612 (quid
877 529 1036 592 enim
1069 527 1226 607 quod
1262 543 1480 588 nomen
1521 524 1670 595 ei,in
1703 531 1921 586 aeterno
1948 510 2157 602 oppro-

2247 525 2528 598 τρίψασθαι
2569 535 2582 550 ⁶

3716 383 3854 451 1272

2658 521 2757 587 τὴν
2842 521 2941 597 γὰρ
2999 524 3104 574 τῶν
3160 519 3415 598 ὑπάρχων
3469 520 3559 575 τοῦ
3611 520 3855 599 Ἰλλυριῶν

2241 615 2416 676 ἔθνους
2465 613 2640 690 ἀρχὴν
2674 608 2758 665 δια
2791 611 2973 688 χειρὸς
3006 608 3156 689 ’έχων
3187 609 3320 685 ἁνήρ
3372 631 3450 673 τις
3509 612 3579 684 (τί
3637 613 3729 688 γὰρ
3780 615 3858 670 καὶ

2241 705 2472 778 τοῦνομα
2506 701 2679 778 λέγειν
2712 699 2797 756 ἐπ’
2832 696 3118 774 ὀνειδισμῷ
3165 701 3458 770 αὶωνίζοντι
3492 700 3534 778 ς)
3579 700 3712 766 πλην
3741 701 3861 758 αλλὰ

2242 800 2367 871 γοῦν
2426 791 2682 868 φρόνησιν
2742 789 3001 867 μεγίστην
3050 788 3202 868 ἔχειν
3242 789 3616 868 καυχώμενος,
3662 793 3860 847 καὶτῶν

2243 881 2410 943 πέλας
2490 879 2669 954 ὥσπερ
2747 875 3122 934 ἐπικνωδάλων
3197 877 3646 955 κατεπαιρόμενος
3700 882 3864 951 (τοῦτο

2243 971 2342 1048 γὰρ
2399 969 2556 1042 οἶμαι
2613 968 2777 1041 αύτῷ,
2843 969 2930 1024 καὶ
2989 966 3086 1032 τῆς
3131 965 3432 1044 ἀφροσύνης
3463 966 3517 1022 ἐν
3546 964 3749 1043 γλώττῃ
3778 967 3863 1033 τὴν

519 1056 682 1128 mum
716 1083 820 1146 per
840 1063 1184 1144 superbiam
1212 1069 1473 1122 nostram
1501 1059 1701 1120 induci
1739 1059 2154 1130 didicerimus,

2245 1058 2571 1135 βλασφεμίαν
2627 1057 2885 1113 ἀπέτεκεν
2922 1104 2936 1130 ,
3015 1057 3131 1112 Επεὶ
3225 1057 3313 1111 καὶ
3385 1057 3509 1118 τοὺς
3565 1056 3864 1130 πειρασμυὺς

519 1155 598 1227 ei,
633 1144 868 1233 Opinor,
905 1162 962 1214 et
1005 1152 1344 1214 dementem
1372 1151 1429 1210 in
1455 1167 1560 1210 ore
1581 1147 2013 1228 blasphemiam
2049 1166 2155 1226 po-

2245 1151 2311 1214 ὼς
2357 1149 2419 1205 τὰ
2477 1144 2651 1202 πολλὰ
2698 1145 2784 1202 διὰ
2827 1147 2926 1213 τὴν
2987 1145 3351 1222 ὑπερηφανίαν
3403 1147 3556 1219 ἡμῶν
3600 1146 3862 1222 ἐπάγεσθαι

518 1245 659 1324 suit)
697 1245 976 1314 efferens,
1009 1240 1365 1323 quibusdam
1403 1257 1470 1300 ex
1501 1237 1576 1299 iis
1605 1237 1707 1318 qui
1739 1238 1994 1299 celebris
2021 1236 2157 1297 civi-

2246 1236 2684 1314 μεμαθήιιαμεν),
2744 1235 2893 1298 τινὰς
2937 1237 3044 1290 τῶν
3103 1240 3203 1302 τῆς
3262 1233 3473 1298 πόλεως
3504 1235 3665 1312 ῥητῆς
3705 1257 3866 1313 πραγο

518 1322 656 1395 tatis
682 1322 1184 1393 administrationi
1222 1335 1542 1408 praeerant,
1585 1327 1916 1407 accessitis,
1954 1334 2157 1406 postu-

2248 1329 2467 1402 ματείας
2525 1325 2936 1402 προϊσταμένων
2993 1322 3481 1399 μεταστειλάμενος
3530 1323 3716 1399 ἀπῄτει
3761 1325 3864 1380 τινὰ

516 1422 680 1496 lavit,
715 1432 780 1482 ut
819 1420 1083 1497 quadam
1117 1418 1190 1479 ab
1225 1417 1300 1477 iis
1331 1415 1624 1478 ordinatio
1660 1415 1852 1477 ﬁeret.

2247 1416 2371 1493 παρ’
2398 1415 2570 1471 αὐτῶν
2597 1418 2835 1492 γενέσθαι
2881 1412 3161 1481 διοίκησιν.

601 1511 833 1572 91.lllis
855 1517 1050 1569 autem
1076 1507 1150 1568 de
1173 1505 1453 1586 praecepti
1489 1505 1771 1584 gravitate
1793 1504 2157 1578 dolentibus,

2331 1502 2452 1581 ζα’,
2500 1511 2615 1562 Τῶν
2671 1503 2724 1559 δὲ
2783 1506 2845 1560 τὸ
2905 1505 3154 1582 φορτικὸν
3184 1512 3276 1561 τοῦ
3304 1503 3661 1580 ἐπιτάγματος
3693 1502 3864 1560 ἀποδυ-

520 1617 707 1679 seque
736 1597 795 1658 id
827 1597 1024 1658 facere
1057 1613 1174 1656 non
1201 1611 1376 1674 posse
1408 1611 1542 1654 cum
1569 1593 1848 1672 lacrymis
1871 1593 1942 1654 ad
1975 1611 2157 1671 genua

2247 1594 2510 1672 ρομένων,
2568 1595 2654 1650 καὶ
2700 1594 2778 1665 μὴ
2821 1593 2941 1650 οἶόν
2992 1615 3050 1650 τε
3111 1594 3256 1650 εἶνάι
3287 1600 3444 1649 τοῦτο
3476 1594 3719 1669 πράττειν
3747 1595 3866 1665 μετᾶ

520 1685 1186 1758 contestantihus,nullo
1217 1682 1393 1745 modo
1421 1682 1472 1742 is
1496 1681 2157 1762 cessit,impossibilita-

2246 1681 2484 1759 δακρύων
2560 1683 3012 1761 γονυπετούντων,
3072 1682 3336 1740 οὐδοτιοῦν
3410 1683 3614 1746 ἐκεῖνος
3670 1681 3869 1739 ἐνεδίδου

522 1786 641 1838 tem
667 1777 851 1856 ipsos,
886 1793 952 1835 re
1002 1774 1187 1846 facili,
1223 1773 1270 1832 si
1303 1771 1904 1846 vellent,exsistente,
1941 1772 2157 1849 ﬁngere

2248 1773 2464 1852 φάσκων
2523 1771 2840 1828 πλάττεσθαι
2915 1773 3127 1839 αὖτοὺς,
3186 1795 3247 1828 το
3307 1770 3582 1850 ἀδύνατον,
3645 1774 3870 1852 εὒχεροῦς

519 1846 1024 1929 asseveranslllis
1046 1871 1241 1922 autem
1274 1859 1725 1933 dicentibus,-—-
1759 1868 1920 1920 certe
1957 1846 2157 1920 modus

2247 1846 2340 1918 τοῦ
2396 1860 2707 1939 πράγματος
2765 1863 3180 1933 καθεστηκότος,
3250 1860 3408 1939 εἴπερ
3474 1846 3872 1924 έθέλοιενῗέΐῶν

520 1955 695 2027 alius,
723 1964 784 2016 ut
822 1951 1278 2030 magnificentia:
1308 1959 1443 2023 tuae,
1471 1949 1647 2010 nobis
1685 1949 2019 2010 volentibus
2056 1968 2157 2028 po-

2249 1948 2304 2006 δὲ
2349 1951 2658 2030 φησάντων,
2694 1983 2766 1996 --
2801 1953 2873 2012 ὡς
2909 1952 3013 2008 Οὗκ
3042 1950 3184 2007 ἔστιν
3218 1952 3411 2028 ἑτέρως
3446 1953 3715 2020 πεισθῆναι
3743 1953 3873 2025 ὑμῶν

520 2043 768 2106 tentiam
794 2061 912 2102 non
941 2038 1837 2120 suppetere,suadeamus,haud
1863 2045 2157 2116 superest,

2247 2039 2348 2101 τὴν
2391 2037 2728 2115 ἐνδοξότητα,
2787 2037 2970 2114 ὅτιπερ
3028 2042 3088 2096 οὒ
3141 2039 3385 2097 θέλουσιν
3445 2043 3582 2114 ἡμῖν
3628 2043 3685 2096 τὸ
3731 2040 3872 2096 δύνα-

521 2132 638 2194 nisi
655 2129 1104 2213 perterrihilem
1131 2126 1789 2206 incomparabilemque
1811 2127 2157 2205 gloriosissi-

2250 2133 2366 2186 σθαι
2427 2129 2732 2205 πρόσεστιν,
2797 2130 2840 2184 εἰ
2895 2129 2972 2203 μὴ
3047 2129 3527 2208 πληροφορούντων
3597 2130 3744 2204 ἡμῶν
3793 2132 3871 2186 τὸν

522 2221 604 2283 mi
633 2225 902 2300 martyris
928 2216 1212 2280 Demetrii
1265 2216 1589 2297 potentiam
1617 2217 1961 2296 prazclarum
1995 2216 2157 2276 thro-

2249 2216 2626 2296 ὑπέρλαμπρον
2694 2219 2843 2290 ὑμῶν
2914 2218 3096 2294 θρόνον
3177 2218 3262 2274 ἐπὶ
3345 2221 3448 2285 τῆς
3504 2221 3719 2298 φρικτῆς
3796 2219 3870 2273 καὶ

521 2328 666 2373 num
690 2307 1740 2377 vestrumveritatisconvincamus,-—
1771 2305 2050 2366 inimicus
2067 2324 2157 2385 pet

2251 2304 2631 2384 ἀπαραὸλήτου
2703 2304 2976 2381 δυνάμεως
3064 2307 3155 2364 τοῦ
3239 2306 3556 2373 πανενδόξου
3632 2310 3868 2384 μάρτυρος

520 2399 686 2461 illum
722 2401 932 2479 (neque
965 2396 1122 2457 enim
1181 2396 1310 2474 ipse
1365 2411 1675 2455 enormem
1707 2392 2157 2472 blasphemiam,

2255 2396 2583 2473 Δημητρίου,
2619 2429 2695 2440 -—
2738 2399 2765 2452 ὁ
2811 2396 3002 2475 ἐχθρὸς
3034 2395 3104 2452 δι’
3149 2397 3305 2454 αὐτοῦ
3336 2397 3517 2478 φωνην
3548 2398 3762 2476 ἀφῆκεν,
3809 2400 3869 2454 Οὐ

520 2489 720 2550 verbis
753 2505 1128 2570 expressam,
1165 2485 1438 2566 proferre
1467 2485 1901 2559 velim)vocem
1927 2483 2157 2546 emisit:

2250 2487 2350 2564 γὰρ
2408 2484 2526 2541 ἔχω
2599 2484 2776 2563 λέγειν
2862 2487 3017 2550 αὐτὸς
3099 2485 3328 2565 ἄμετρον
3397 2487 3493 2554 τὴν
3555 2486 3868 2563 βλασφημίαν

521 2579 642 2640 illis
676 2579 860 2652 enim,
901 2575 1075 2636 veluti
1110 2575 1168 2635 in
1201 2575 1460 2634 verenda
1509 2574 1594 2633 rei
1629 2591 1734 2653 per
1756 2572 2157 2652 juramentum

2252 2573 2623 2654 ἠμφιεσμένην
2658 2594 2673 2608 ·
2764 2575 2978 2631 ἐκείνων
3049 2576 3148 2653 γὰρ
3179 2621 3196 2647 ,
3251 2577 3324 2640 ὡς
3385 2578 3442 2631 ὲν
3499 2575 3870 2654 ὑπερϐαλλούσῃ

521 2666 894 2748 probatione,
929 2664 1322 2726 certaminum
1377 2661 1621 2723 victoris
1648 2661 1922 2722 timorem
1955 2663 2011 2722 in
2044 2681 2157 2723 me-

2247 2664 2405 2741 ὃρκου
2462 2662 2817 2742 πληροφορίᾳ,
2878 2666 2940 2720 τὸ
2996 2661 3218 2744 φῶερὸν
3297 2673 3392 2722 τοῦ
3454 2665 3735 2744 ἀθλοφόροι)
3789 2687 3872 2720 πα·

520 2756 684 2818 dium
721 2753 1185 2826 adducentihus,
1231 2753 1311 2812 ita
1345 2750 1656 2831 praafectus
1687 2751 2002 2830 respondit
2032 2757 2157 2822 (ve-

2248 2753 2593 2832 ραγαγόντων
2653 2755 2726 2818 εἷς
2781 2754 2968 2827 μέσον,
3031 2754 3198 2818 οὕτως
3258 2757 3286 2812 ὀ
3359 2755 3606 2834 ἔπαρχος
3677 2755 3870 2822 ἁπεκρί-

522 2862 683 2917 rum,
717 2841 1292 2904 miericordissinie
1340 2840 1560 2903 Christi
1594 2847 1836 2919 martyr,
1872 2842 2157 2919 pI'OpitiuI

2251 2863 2376 2898 νατο
2402 2859 2416 2872 ⁸
2464 2841 2613 2920 (ἄλλ’
2658 2842 2818 2908 ἵλεώς
2862 2865 2952 2917 μοι
2993 2852 3170 2920 γενοῦ,
3235 2843 3705 2922 φιλανθρωπότατε
3747 2845 3870 2920 μάρ-

520 2933 666 2994 mihi
682 2939 785 3007 sis;
807 2931 1196 3011 blasphemiae
1218 2930 1376 2992 enim
1395 2928 2017 3008 magnitudinem,non
2033 2931 2157 2990 dico

2249 2953 2340 2994 τυς
2375 2934 2620 3010 Χριστοῦ.
2658 2933 2730 2988 Ού
2759 2933 2902 3012 φέρω
2960 2932 3086 3010 γάρ,
3145 2936 3205 2993 ού
3265 2933 3416 3011 λέγω
3467 2949 3581 3000 τοῖς
3636 2934 3868 3013 χεῖλεσιν,

523 3021 832 3095 labiis,sed
868 3039 979 3082 nec
1026 3021 1246 3081 litteris
1276 3019 1527 3098 exprimi
1559 3019 1728 3092 fere;
1761 3017 1937 3079 aliter
1966 3029 2157 3080 autem

2251 3019 2372 3077 ἀλλ’
2426 3018 2542 3079 οὐδὲ
2597 3022 2902 3098 γράμμασιν
2960 3020 3253 3102 ἐγχαράξαι
3309 3029 3415 3090 τῆς
3470 3023 3794 3100 βλασφημίας
3818 3023 3870 3077 τὸ

520 3111 620 3191 qui
658 3110 1142 3192 circumloquens
1175 3097 1597 3188 cogitationem
1629 3107 1949 3186 aperiam?)
1980 3107 2157 3168 Frau-

2253 3111 2478 3188 μέγεθος
2519 3133 2531 3144 ·
2596 3097 2790 3188 ἑτέρως
2843 3109 2898 3166 δὲ
3107 3097 3479 3190 ηπεριφράσαςῂ
3513 3097 3732 3180 δηλώσω
3784 3112 3867 3178 τὴν

519 3200 656 3262 dem
685 3200 842 3260 enim
877 3199 1196 3280 quamdam
1256 3216 1413 3272 esse,
1463 3196 1633 3272 dixit,
1667 3197 2157 3276 gloriosissimum

2250 3199 2456 3255 ἔννοιαν
2491 3199 2534 3279 ς)
2585 3199 2736 3278 ἔλεγε
2781 3201 2880 3278 γὰρ
2919 3204 3278 3278 σομπαιγνίαν
3330 3204 3456 3259 τινὰ
3513 3217 3626 3265 τοῖς
3656 3200 3868 3260 πολίταις

523 3298 848 3368 martyrem
881 3287 1110 3350 civibus
1141 3292 1404 3366 suis.per
1434 3304 1570 3347 eum
1597 3293 1820 3346 certam
1845 3287 1932 3346 rei
1955 3304 2157 3346 occur-

2248 3287 2407 3343 αὒτοῦ
2466 3302 2739 3366 συνεργεῖν
2825 3290 2918 3344 τὸν
3007 3287 3342 3365 ὑπερένδοξον
3435 3313 3687 3369 μαρτυρα,
3766 3287 3868 3343 κατ’

517 3378 706 3439 rentis
740 3378 916 3438 ﬁdem
952 3377 1151 3437 facere
1200 3373 1558 3448 volentibus,
1595 3373 2034 3435 adminiculari.
2070 3374 2157 3435 Illi

2246 3379 2402 3435 αὐτοῦ
2462 3376 2826 3455 πληροφορεϊν
2883 3377 3230 3454 βουλομένοις
3293 3381 3392 3435 τοῦ
3464 3379 3868 3459 προστυγχάνον-

512 3465 1077 3546 vero,blaspliemite
1099 3463 1570 3542 magnitudinem
1600 3481 1717 3524 non
1751 3463 2157 3538 ferentes,ob—

2245 3487 2356 3526 τος.
2411 3469 2470 3524 Οἱ
2516 3464 2591 3538 δὲ,
2647 3468 2707 3522 τὸ
2767 3467 2926 3545 ἄκρον
2970 3468 3064 3534 τῆς
3121 3467 3471 3547 βλασφημίας
3525 3473 3625 3549 οὐχ
3676 3468 3868 3527 ὑπομεί-

519 3554 730 3616 turatis
761 3555 1025 3634 auribus,
1063 3554 1358 3615 exierunt.

599 3645 700 3708 92.
734 3643 870 3705 Post
900 3645 1048 3705 duos
1081 3661 1216 3704 vero
1249 3641 1559 3716 dies,forte
1619 3651 1816 3703 autem
1873 3662 1981 3704 nec
2013 3643 2162 3703 duos

518 3734 749 3815 plenos,
785 3742 970 3796 totum
1003 3732 1111 3792 viri
1148 3749 1365 3812 corpus
1415 3729 1488 3791 ab
1543 3731 1810 3792 humeris
1837 3733 1908 3792 ad
1943 3731 2157 3811 pedum

519 3842 707 3905 usque
737 3821 1172 3886 extremitatem
1210 3821 1419 3882 morbo
1453 3822 1803 3898 gravissimo
1835 3831 1924 3881 est
1954 3840 2161 3883 corre—

518 3913 795 3995 ptum,ita
829 3923 894 3974 ut
930 3930 1040 3973 nec
1072 3911 1145 3971 ab
1189 3911 1332 3972 artis
1384 3911 1634 3972 medica
1667 3911 1875 3991 peritis
1922 3910 2166 3972 morbus

517 4013 1030 4082 cognosceretur;
1093 4018 1351 4081 cumque
1385 4018 1624 4062 menses
1652 4001 1892 4062 circiter
1921 4011 2055 4062 octo
2103 4001 2162 4060 in

519 4091 798 4170 praedicto
861 4091 1067 4152 morbo
1099 4093 1413 4150 omnivoro
1449 4091 1858 4166 perdurasset,
1897 4090 2157 4162 tandem,

515 4181 798 4242 adhibitis
831 4180 1309 4260 quibuscumque
1347 4179 1626 4258 medelis,
1665 4179 2001 4256 meliusque
2033 4183 2162 4257 ipso

514 4270 955 4351 quodammodo
987 4268 1451 4350 habente,desiit
1479 4268 1536 4328 in
1571 4270 1628 4328 id
1664 4285 1857 4348 pana,
1885 4278 1946 4328 ut
1971 4270 2164 4328 media

518 4360 697 4422 totius
721 4361 987 4439 corporis
1015 4366 1178 4439 parte
1203 4367 1360 4420 esset
1383 4357 1747 4431 debilitatus,
1778 4360 1855 4418 ita
1879 4365 1940 4417 ut
1962 4358 2162 4436 specie

513 4454 742 4526 quidem
780 4455 972 4510 omnia
1000 4451 1484 4514 membra.eﬂectu
1507 4461 1696 4508 autem
1730 4464 1964 4505 manum
1989 4464 2162 4506 unam

2243 3576 2442 3624 ναντες,
2476 3555 2730 3630 βύσαντες
2762 3558 2824 3612 τὰ
2852 3560 2965 3613 ὦτα
2989 3557 3230 3634 ἐξῄεσαν,

2327 3645 2446 3721 4βὀ
2497 3647 2643 3702 Μετᾶ
2702 3645 2755 3702 δὲ
2814 3646 3020 3724 ἡμέρας
3079 3645 3190 3726 δύο,
3230 3648 3376 3727 τάχα
3446 3648 3499 3704 δὲ
3527 3646 3641 3705 ούδέ
3670 3647 3866 3721 πλήρεις

2245 3732 2356 3805 δύο,
2417 3737 2478 3790 τὸ
2536 3741 2639 3791 πᾶν
2683 3742 2842 3808 σῶμα
2882 3741 2975 3792 τοῦ
3029 3733 3213 3813 ἂνδρὸς
3272 3734 3553 3794 ἆπᾶἱνωθεν
3602 3737 3754 3811 ὤμων
3780 3733 3864 3796 ἕως

2248 3821 2422 3900 ἄκρων
2471 3821 2645 3880 ποδῶν
2707 3825 2847 3899 νόσῳ
2903 3822 3179 3901 δεινοτάτῃ
3240 3827 3549 3907 κατεσχέθη
3598 3825 3776 3902 οὕτως,
3805 3825 3866 3886 ὡς

2248 3910 2384 3986 μηδέ
2441 3911 2828 3990 διαγνωσθῆναι
2861 3915 2920 3969 τὸ
2952 3920 3108 3987 σῶμα
3139 3915 3282 3992 παρὰ
3330 3921 3440 3971 τῶν
3493 3921 3591 3984 τῆς
3647 3915 3865 3983 ἰατρικῆς

2246 4001 2532 4080 ἐμπείρων,
2591 4002 2680 4068 ὴαὶ
2725 4002 2898 4077 μῆνας
2946 4003 3062 4080 περί
3119 4026 3219 4060 που
3279 4005 3425 4061 ὀκτὼ
3457 4005 3512 4062 ἐν
3561 4012 3636 4078 τῷ
3685 4001 3864 4080 προλε-

2247 4091 2428 4171 χθέντι
2487 4093 2761 4171 παμφάγῳ
2844 4090 3152 4157 διατελέσας
3211 4095 3503 4169 νοσήματι,
3558 4093 3703 4156 τέλος
3754 4089 3867 4148 πολ-

2246 4179 2353 4236 λῶν
2410 4178 2549 4236 ὅσων
2605 4181 2928 4258 γενομένων,
2990 4183 3077 4237 καὶ
3159 4182 3285 4259 ῥᾷον
3365 4183 3549 4262 ὥσπερ
3592 4179 3865 4262 ἐσχηκότος

2245 4273 2424 4343 cii-5106,
2464 4271 2536 4334 εἷς
2572 4277 2726 4328 τοῦτο
2773 4269 3026 4336 κατέληξε
3075 4271 3141 4325 τὰ
3199 4276 3297 4338 τῆς
3353 4272 3543 4351 ὀργῆς,
3578 4275 3649 4336 ὡς
3679 4274 3734 4328 τὸ
3761 4268 3866 4342 ἥμι·

2243 4380 2305 4413 συ
2348 4359 2507 4436 μέρος
2570 4369 2665 4418 κού
2721 4358 2844 4414 ὅλου
2902 4359 3154 4433 σώματος
3213 4360 3508 4437 πάρεθῆναι
3542 4409 3557 4433 ,
3612 4363 3681 4421 ὡς
3737 4359 3864 4437 ἔχειν

2243 4448 2341 4520 μὲν
2397 4448 2554 4504 αὒτὸν
2609 4453 2675 4524 τῇ
2729 4447 2819 4520 θέᾳ
2879 4448 3050 4504 πάντα
3119 4448 3185 4505 τὰ
3244 4447 3410 4529 μέλη,
3470 4457 3538 4526 τῇ
3571 4449 3622 4506 δξ
3657 4445 3862 4524 ἐνεργείᾳ

515 4546 573 4599 et
605 4538 918 4599 humerum
954 4555 1160 4611 unum,
1197 4535 1575 4614 pectorisque
1607 4542 1666 4594 ct
1717 4533 1936 4593 ventris
1977 4533 2156 4593 dimi-

2245 4537 2367 4608 μίαν
2426 4549 2612 4616 χεῖρα,
2659 4539 2745 4594 καὶ
2801 4540 2955 4611 ὦμον
2997 4536 3113 4616 ἕνα,
3173 4539 3260 4593 καὶ
3315 4541 3539 4607 στήθους
3570 4540 3654 4593 καὶ
3684 4533 3859 4592 κοιλίας

515 4626 707 4697 dium,
745 4625 1022 4685 similiter
1053 4633 1110 4684 et
1141 4626 1335 4684 femur
1365 4642 1549 4683 unum
1590 4631 1647 4685 et
1677 4640 1830 4701 genu
1857 4632 1916 4682 et
1946 4623 2155 4700 pedem

517 4715 799 4776 duntaxat
855 4713 1149 4787 haberet;
1197 4731 1332 4773 cum
1397 4720 1572 4792 perro
1633 4719 1891 4792 quatuor
1922 4730 2158 4772 menses

513 4802 689 4884 alios,
751 4822 866 4884 quo
929 4802 982 4863 ei
1044 4801 1400 4882 impleretur
1453 4819 1666 4875 annus,
1701 4801 1779 4862 ita
1812 4801 2152 4874 mansisset,

513 4910 632 4953 non
667 4893 830 4972 prius
859 4891 1253 4953 certaminum
1315 4889 1584 4961 victoris,
1645 4899 1776 4950 utut
1808 4891 2154 4951 misericor-

513 4979 769 5060 dissimi,
806 4979 1140 5041 visitatione
1171 4980 1388 5058 dignus
1419 4989 1507 5040 est
1531 4979 1972 5059 liabitus.quam
2008 4981 2156 5040 mul-

517 5068 593 5130 tis
621 5069 894 5150 laery'nis
953 5069 1013 5129 in
1076 5069 1414 5130 venerando
1474 5087 1649 5148 quam
1701 5069 1965 5130 maxime
1996 5068 2154 5129 illius

516 5159 740 5239 templo
774 5167 972 5221 mente
1000 5167 1121 5218 tota
1154 5165 1311 5217 esset
1337 5157 1672 5231 confessus,
1709 5175 1844 5218 sese
1875 5176 2154 5238 peccasse

510 5251 689 5325 eique
719 5249 1044 5329 spondere,
1081 5249 1208 5310 fore
1240 5256 1302 5308 ut
1351 5247 1516 5310 illius
1571 5246 1817 5328 quidem
1856 5265 1972 5308 non
2006 5265 2152 5309 con-

511 5338 893 5400 temnendam
953 5337 1274 5416 potentiam
1327 5347 1702 5416 agnosceret,
1736 5336 2010 5396 insanum
2042 5355 2153 5398 au—

509 5436 626 5490 tem
665 5427 912 5489 verbum
953 5426 1298 5506 huiusmodi
1323 5427 1636 5506 deinceps,
1669 5443 1782 5487 nec
1809 5443 1916 5486 ore.
1949 5427 2148 5497 etiam,

504 5517 774 5598 proferre
809 5516 1080 5580 auderet.
1118 5519 1264 5597 Deo,
1299 5525 1417 5578 etc.

2242 4625 2302 4681 τὰ
2340 4628 2528 4701 ἠμίσυ,
2588 4626 2684 4683 καῖ
2746 4628 2919 4702 μηρὸν
2978 4626 3231 4691 ὡσαύτως
3291 4625 3404 4700 ἕνα,
3467 4631 3556 4684 καὶ
3609 4627 3726 4704 γόνυ
3779 4624 3858 4677 nl

2243 4713 2396 4774 πόδα.
2459 4717 2554 4773 Καὶ
2613 4714 3022 4790 διαμεμενηκὼς
3067 4715 3234 4779 οὕτως
3303 4715 3388 4771 ἐπὶ
3452 4722 3627 4790 μῆνας
3679 4713 3858 4790 ἑτέρους

2239 4803 2518 4884 τέσσαρας,
2577 4806 2648 4870 ὡς
2726 4804 3073 4882 πληρωθῆναι
3136 4803 3280 4877 αὒτῷ
3349 4806 3442 4860 τὸν
3504 4806 3759 4872 ἐνιαυτὸν,
3810 4798 3859 4853 οὗ

2239 4893 2490 4972 πρότερον
2571 4894 2905 4969 ἐπισκέψεως
2986 4903 3078 4952 τοῦ
3175 4893 3468 4972 ἀθλοφόροι)
3553 4889 3853 4957 κατηξιώθη,

2239 4984 2409 5040 καίτοι
2467 4982 2968 5062 φιλανθρωποτάτου
3035 4983 3402 5062 ὑπάρχοντος,
3484 4985 3602 5060 πρὶν
3652 4985 3686 5048 ἢ
3739 4975 3858 5051 μετὰ

2237 5069 2472 5150 δακρύων
2522 5071 2739 5128 πολλῶν
2790 5072 2845 5128 ἐν
2904 5073 2980 5146 τῷ
3044 5074 3201 5127 αὐτοῦ
3253 5073 3543 5144 πανσέπτῳ
3599 5077 3703 5142 ναῷ
3730 5066 3856 5126 πάση

2239 5159 2452 5238 δυνάμει
2537 5160 2987 5238 ἐξωμολογήσατο
3073 5160 3378 5217 ἐπταικέναι
3472 5163 3561 5217 καὶ
3618 5157 3857 5223 συνθήκας

2235 5255 2406 5307 θεῖναι
2471 5252 2599 5328 πρὸς
2685 5250 2842 5307 αὐτόν
2877 5269 2888 5281 ·
2963 5250 3325 5329 ἐπεγνωκέναι
3400 5250 3500 5323 μὲν
3557 5251 3653 5314 τὴν
3721 5247 3860 5300 αὐτου

2235 5343 2668 5420 ἀκαταφρόνητον
2712 5338 2956 5413 δύναμιν,
3009 5362 3086 5414 μη
3131 5338 3402 5414 τολμῆσαι
3457 5338 3512 5394 δὲ
3571 5340 3629 5394 τὸ
3685 5331 3856 5390 λοιπὸν

2235 5417 2530 5508 ἀφροσύνης
2586 5429 2732 5505 ῥημα
2789 5436 3025 5485 τοιοῦτον
3085 5426 3222 5500 μηδὲ
3276 5428 3369 5484 κᾶν
3401 5426 3487 5482 διὰ
3519 5426 3756 5505 γλώττης
3786 5417 3858 5481 ig’

2235 5531 2496 5596 ενεγκεϊν,
2529 5525 2615 5589 Τῷ
2643 5515 2696 5573 δὲ
2731 5525 2870 5598 Θεῷ,
2907 5539 2963 5577 κ.
2997 5541 3049 5578 τ.
3083 5517 3138 5578 λ.
