4124 6430
489 349 643 419 1279

1837 361 1924 423 SU
1936 359 2292 422 PPLEMEN
2297 358 2488 421 TUM.

3686 357 3830 426 1280

486 507 752 572 numque
784 491 1046 559 Victoris
1077 496 1388 576 templum,
1421 495 1565 558 solis
1611 496 1681 557 iis
1713 495 1811 577 qui
1843 513 1877 558 ο
1910 492 2117 555 minis-

2204 515 2318 566 τας,
2375 495 2463 550 καὶ
2513 495 2604 551 τὸν
2661 494 2786 550 ναὸν
2854 502 2947 552 τοῦ
3019 491 3313 574 ἂθλοφόρου
3373 496 3830 576 καθησυχᾶσαντα,

484 580 638 642 terio
691 582 823 663 ejus
880 597 1072 666 erant,
1141 587 1466 668 paucisque
1524 586 1700 648 etiam
1764 583 2122 665 quibusdam

486 671 751 749 praedicti
785 674 914 749 viri,
948 694 1096 755 quos
1128 675 1282 737 ultro
1340 676 1436 738 hic
1466 675 1799 738 retinuerat
1849 673 2126 753 genuinis

483 760 696 822 amicis
726 761 879 825 intra
931 764 1409 840 remanentibus,
1471 765 1737 847 quietum
1771 764 2018 839 videret,
2054 760 2128 822 iis

483 847 584 928 qui
618 849 675 910 in
709 852 932 930 templo
964 863 1342 933 supererant,
1377 861 1579 934 utpote
1619 872 1746 916 rem
1801 871 1930 934 quae
1959 852 2122 914 acci-

484 936 655 1000 derat
711 951 1085 1022 perspectam
1147 944 1395 1019 habens,
1431 944 1619 1006 dixit:
1676 942 1852 1018 Ecce,
1889 942 2119 1004 Christo

482 1043 554 1086 ac
579 1028 703 1090 Deo
727 1029 975 1109 juvante
1006 1033 1562 1113 gloriosissimoque
1613 1043 1867 1114 martyre
1898 1050 2122 1113 coope-

481 1126 672 1198 rante,
709 1128 771 1181 et
800 1119 954 1200 ignis
985 1123 1312 1185 exstinctus
1345 1132 1454 1197 est,
1487 1132 1546 1184 et
1571 1123 1719 1184 nihil
1753 1141 1956 1184 eorum
1989 1140 2123 1201 qua;

479 1204 551 1266 ad
595 1205 790 1270 locum
845 1211 1002 1273 hunc
1053 1222 1344 1290 spectant,
1393 1213 1642 1276 interiit.
1677 1212 1910 1291 Templi
1944 1211 2123 1290 igitur

480 1303 678 1374 portas
710 1298 1057 1363 claudentes
1113 1304 1312 1384 quiete
1359 1310 1697 1382 argentum,
1732 1301 1892 1380 quod
1925 1301 2121 1363 fusum

481 1392 591 1459 est,
628 1387 915 1465 colligite.
951 1390 1170 1453 Iterum
1195 1393 1388 1472 enim,
1419 1402 1586 1455 recte
1620 1393 1772 1462 novi,
1801 1391 1915 1453 loci
1947 1391 2121 1470 hujus

478 1472 664 1536 decor
708 1495 814 1556 per
849 1492 1123 1544 sanctum
1181 1490 1495 1562 martyrem
1554 1480 1949 1557 excitabitur;
1983 1499 2119 1542 cum

481 1571 675 1625 autem
728 1565 839 1641 illi,
873 1569 1170 1632 obseratis
1202 1573 1407 1648 portis.
1437 1579 1494 1632 et
1524 1579 1837 1650 argentu-n
1874 1570 2120 1649 collige-

478 1661 632 1724 rent,
697 1663 756 1715 et
812 1656 884 1718 ab
945 1663 1255 1720 exustione
1313 1667 1653 1740 purgarent,
1717 1657 2119 1720 Barbarorum

480 1740 812 1823 phalangis,
848 1747 1222 1828 civitatisque
1244 1750 1540 1811 exercitus
1571 1747 1953 1809 tumultuarie
1985 1767 2117 1809 con-

2205 1747 2606 1823 μακράιιουστος

2207 583 2386 656 μόνων
2444 587 2552 642 τῶν
2607 583 2704 651 τῆς
2765 582 3054 661 ὑπηρεσίας
3113 587 3272 645 αὐτοῦ
3317 582 3464 641 ἔνδον
3520 584 3832 660 ἆπομεινάν-

2206 695 2337 752 των,
2396 674 2485 729 καὶ
2527 696 2686 730 τινων
2743 672 2938 750 ὀλίγων
2983 675 3070 730 καὶ
3104 676 3340 752 γνησίων
3395 675 3561 754 φίλων
3603 682 3691 731 τοῦ
3719 697 3836 752 προ·

2206 761 2491 840 λεχθέντος
2523 761 2734 840 ἀνδρὸς,
2785 763 2873 824 οὒς
2918 763 3076 828 αὒτὸς
3108 765 3281 822 ἑκοντὶ
3312 764 3741 845 παρακατέσχεν,
3770 766 3837 828 ὡς

2208 848 2357 914 εἰδὼς
2416 853 2476 907 τὸ
2526 852 2835 929 γενόμενον,
2898 852 3026 908 εἷπε
3069 865 3189 918 τοῖς
3231 857 3287 910 'sv
3328 861 3404 928 τῷ
3448 861 3558 926 ναῷ
3597 851 3836 932 παραμέ-

2206 962 2381 997 νουσιν
2414 959 2430 976 ο
2480 940 2612 998 Ἰδοὺ
2669 952 2762 1000 τοῦ
2820 941 3046 1019 Χριστοῦ
3087 944 3180 999 καὶ
3221 953 3315 1003 τοῦ
3358 950 3490 1001 Θεοῦ
3541 943 3837 1018 βοηθήσαν-

2205 1052 2318 1104 τος,
2381 1033 2469 1087 καὶ
2525 1033 2618 1087 τοῦ
2704 1029 3022 1097 πανενδόξου
3097 1033 3358 1111 μάρτυρος
3429 1034 3840 1110 συνεργήσαντος

2206 1126 2290 1176 καὶ
2334 1122 2393 1175 τὸ
2437 1127 2537 1197 πῦρ
2594 1118 2840 1193 ἐσϐέσθη,
2898 1123 2987 1177 καὶ
3045 1121 3187 1178 οὕδὲν
3232 1128 3340 1178 τῶν
3371 1120 3609 1179 ἐντεῦθεν
3639 1120 3834 1184 ἆπῶλε,

2208 1208 2519 1274 Κλείσαντες
2561 1213 2649 1266 οὖν
2715 1218 2806 1266 τοῦ
2862 1221 2988 1269 ναοῦ
3043 1213 3138 1274 τὰς
3196 1214 3379 1287 θύρας,
3439 1214 3556 1286 μεθ’
3616 1213 3833 1290 ἡσυχίας

2203 1301 2294 1355 τὸν
2339 1299 2672 1378 χωνευθὲντα
2731 1299 3013 1366 συλλέξατε
3073 1301 3296 1380 ἄργυρον
3330 1319 3344 1333 ⁸
3413 1301 3575 1357 πάλιν
3631 1302 3726 1378 γὰρ
3785 1303 3836 1356 εὗ

2201 1387 2321 1446 οἴδα
2365 1388 2446 1444 ὅτι
2504 1391 2538 1457 ἡ
2600 1389 2888 1466 εὐπρέπεια
2931 1397 3023 1445 τοῦ
3053 1392 3219 1447 τόπου
3251 1392 3438 1450 τούτου
3468 1389 3553 1446 διὰ
3581 1400 3672 1450 τοῦ
3699 1390 3836 1468 ἁγίου

2203 1479 2459 1556 μάρτυρος
2504 1479 2860 1548 ἀναστήσεται
2898 1495 2912 1510 °
2975 1486 3078 1536 τῶν
3135 1479 3190 1536 δὲ
3250 1479 3694 1560 ἀσφαλισαμένων
3749 1480 3834 1544 τὰς

2202 1569 2382 1644 θύρας,
2443 1569 2528 1623 καὶ
2587 1567 2953 1646 συλλεγόντων
3028 1572 3116 1626 τὸν
3194 1569 3440 1648 ἄργυρον,
3503 1571 3589 1626 καὶ
3643 1569 3707 1626 τὰ
3744 1575 3833 1635 τῆς

2205 1663 2467 1734 πυρκαϊᾶς
2547 1655 3023 1735 διακαθαιρόντων,
3096 1659 3352 1736 ἐγείρεται
3397 1659 3546 1726 δεινὴ
3606 1661 3704 1735 βοὴ
3761 1659 3839 1715 καὶ

2695 1753 2793 1814 τῆς
2879 1751 2983 1804 τὼν
3055 1746 3332 1828 βαρϐάρων
3423 1748 3694 1828 φάλαγγος
3761 1748 3840 1802 καὶ

481 1831 879 1907 gradientium
914 1838 1139 1899 clamor
1168 1839 1361 1918 gravis
1389 1847 1446 1901 et
1477 1837 1576 1919 qui
1625 1838 1831 1918 procul
1875 1837 2117 1899 audire-

2205 1835 2295 1890 τοῦ
2353 1844 2576 1913 στρατοῦ
2632 1839 2729 1904 τῆς
2788 1838 2997 1902 πόλεως
3044 1837 3095 1903 ἐξ
3154 1837 3502 1918 αὗτοσχεόίου
3553 1837 3837 1915 συρρηγνυ-

483 1927 600 1994 tur,
629 1923 919 1988 excitatus
948 1937 1058 1990 est.

565 2010 704 2074 lOl.
738 2011 882 2076 Cum
945 2035 1084 2078 vero
1141 2018 1242 2099 qui
1274 2017 1335 2078 in
1368 2018 1593 2098 templo
1624 2025 1820 2090 erant,
1857 2017 2121 2078 clamore

481 2109 680 2161 essent
704 2103 945 2180 turbati,
979 2125 1167 2188 eaque
1187 2127 1317 2188 quae
1349 2125 1468 2188 pra)
1495 2107 1771 2170 manibus
1793 2105 2118 2182 habebant,

477 2190 869 2270 negligerent,
927 2197 1216 2259 mirabilis
1272 2199 1364 2259 vir
1421 2198 1520 2258 ille
1580 2197 1726 2259 dixit
1779 2197 1910 2258 eis:
1972 2194 2113 2269 Vos,

480 2275 716 2366 fratres,
750 2301 898 2362 opus
932 2295 1188 2348 vestrum
1235 2287 1430 2366 facile,
1479 2287 1832 2366 nullumque
1863 2285 1937 2346 de
1971 2289 2117 2348 Bar-

480 2365 643 2430 baris
671 2389 1012 2438 sermonem
1047 2377 1283 2439 habete.
1342 2365 1424 2438 Ex
1457 2395 1526 2438 eo
1583 2365 1765 2444 enim,
1804 2377 1958 2455 quod
2011 2393 2120 2455 ego

474 2456 621 2520 illud
656 2460 1034 2542 divulgarim,
1071 2465 1368 2529 turbatum
1402 2465 1665 2526 auditum
1702 2464 1959 2544 habetis,
1984 2465 2116 2526 edi-

474 2553 720 2636 tumque
745 2556 920 2613 modo
945 2554 1296 2628 clamorem,
1323 2561 1421 2636 qui
1457 2554 1613 2616 unde
1645 2554 1834 2617 factus
1863 2554 2115 2628 sit,nes-

475 2635 633 2714 citis,
667 2640 1064 2704 Barbarorum
1117 2635 1394 2706 similiter
1444 2662 1598 2724 esse,
1636 2662 1668 2705 e
1701 2651 2118 2724 prmooncepta

477 2727 761 2813 opinione
813 2732 1186 2795 existimatis.
1218 2731 1347 2796 Non
1383 2734 1462 2794 ita
1491 2742 1714 2813 autem,
1744 2752 1860 2794 non
1894 2738 1972 2794 ita
2001 2742 2112 2796 est.

476 2812 596 2894 Ego
627 2819 812 2886 enim.
845 2832 1200 2902 suggerente
1261 2832 1538 2904 martyre.
1600 2812 1993 2884 Barbarorum
2027 2823 2114 2884 fa-

478 2923 660 2979 mam,
696 2918 758 2970 ut
789 2911 926 2972 hinc
976 2913 1206 2976 turbam
1239 2914 1568 2993 abigerem,
1604 2931 1847 2994 vosque,
1883 2931 2016 2993 quas
2045 2911 2120 2974 ad

475 2996 679 3075 templi
714 3000 942 3063 cultum
975 3005 1481 3083 securitatemque
1536 3010 1906 3082 spectarent,
1951 3011 2118 3063 tran-

472 3084 657 3163 quille
688 3092 1002 3167 curaretis,
1051 3093 1543 3157 conﬁnxi.Sacrae
1593 3101 1791 3154 autem
1822 3092 1968 3153 mdis
2000 3091 2118 3153 nti-

2205 1947 2403 2000 μενων.

2284 2015 2390 2092 ρα’,
2429 2006 2520 2078 Ὠς
2551 2013 2605 2071 δὲ
2639 2015 3139 2095 κατεθορυόήθησαν
3166 2020 3212 2073 οἱ
3257 2017 3311 2073 ἐν
3363 2023 3440 2089 τῷ
3491 2023 3600 2090 ναῷ
3639 2021 3706 2091 τῇ
3745 2015 3838 2092 βοῇ

2204 2107 2293 2162 καὶ
2350 2111 2457 2161 τῶν
2501 2103 2556 2160 ἐν
2599 2108 2755 2184 χερσί
2799 2106 3170 2181 κατημέλησε,
3211 2107 3355 2185 Λέγει
3410 2107 3596 2170 αὐτοῖς
3644 2107 3671 2161 ὃ
3717 2109 3836 2162 θαυ-

2205 2195 2397 2268 μάσιος
2483 2194 2689 2256 ἐκεῖνος
2760 2197 2942 2270 ἀνήρ·
3017 2195 3230 2274 Τμεϊς,
3289 2194 3530 2274 ἀδελφοὶ,
3593 2197 3655 2252 τὸ
3698 2195 3836 2272 ἔργον

2202 2285 2351 2360 ὑμῶν
2400 2298 2631 2358 ποιεῖτε,
2692 2286 2780 2341 καὶ
2832 2284 3034 2358 μηδένα
3085 2284 3244 2364 λόγον
3287 2285 3446 2364 ἔχετε
3489 2287 3608 2363 περὶ
3637 2281 3831 2361 βαρϐα-

2203 2397 2306 2450 ρων
2346 2393 2356 2402 “
2406 2375 2466 2431 ἐκ
2508 2375 2609 2453 γὰρ
2649 2382 2739 2430 τοῦ
2809 2376 2904 2450 Εμὲ
2962 2375 3119 2432 τοῦτο
3181 2373 3467 2442 διαῦοῆσαι
3519 2374 3831 2452 τεταραγμέ-

2202 2487 2301 2531 νην
2346 2463 2501 2544 ἔχετε
2546 2467 2643 2530 τὴν
2687 2465 2880 2537 ἀκοὴν,
2928 2466 3015 2521 καὶ
3072 2465 3172 2532 τὴν
3232 2473 3318 2522 νῦν
3368 2465 3506 2541 βοὴν
3551 2466 3645 2521 οὒκ
3672 2460 3832 2520 οἵδατ¹

2199 2553 2316 2610 ὅθεν
2371 2553 2740 2632 γεγενημένην
2786 2556 3004 2620 εἰκότως
3055 2553 3140 2611 διὰ
3188 2556 3285 2623 τὴν
3334 2554 3611 2632 πρόληψιν
3640 2551 3832 2630 βαρϐά-

2199 2664 2302 2721 ρων
2335 2643 2479 2700 εἶναι
2530 2644 2790 2717 νομίζετε.
2829 2645 2935 2701 ῡῦιι
2987 2643 3098 2700 ’ἔστι
3155 2643 3210 2699 δὲ
3261 2642 3458 2715 οὕτως,
3507 2647 3602 2701 οὒκ
3656 2642 3788 2698 ἔστιν
3817 2657 3829 2670 ⁸

2199 2733 2308 2810 ἐγὼ
2349 2733 2468 2812 γὰρ,
2516 2735 2610 2788 τοῦ
2653 2733 2802 2810 ἁγίου
2847 2733 3111 2811 μάρτυρος
3145 2731 3541 2810 ὑποϐαλόντος,
3595 2733 3692 2799 τὴν
3740 2735 3835 2786 τῶν

2200 2818 2476 2899 βαρϐάρων
2533 2823 2721 2899 φήμην
2793 2821 3209 2896 ἀνεπλασάμην,
3265 2825 3338 2885 ὡς
3398 2821 3462 2877 ἂν
3525 2817 3835 2878 διασκεδάσω

2201 2912 2291 2967 τὸν
2334 2909 2504 2989 ὄχλον
2544 2914 2805 2984 ἱντεῦθεν,
2840 2913 2932 2967 καί
2968 2909 3084 2985 μεθ’
3130 2913 3362 2991 ἡσυχίας
3416 2913 3577 2986 ὅμεϊς
3625 2912 3687 2966 τὰ
3731 2907 3834 2986 περὶ

2200 3001 2296 3067 τὴν
2349 3000 2616 3074 κόσμησιν
2672 3002 2759 3056 καὶ
2815 3002 2914 3068 τὴν
2973 3000 3266 3080 ἀσφάλειαν
3312 3008 3404 3057 τοῦ
3471 3008 3596 3058 ναοῦ
3651 3020 3833 3074 μεριμο

2202 3091 2427 3159 νήσητε,
2488 3092 2548 3147 Οἱ
2594 3089 2649 3146 δὲ
2707 3098 2800 3147 τοῦ
2858 3091 3006 3168 ἁγίου
3065 3092 3224 3150 οἴκου
3267 3090 3588 3168 λειτουργοὶ,
3651 3090 3735 3145 καὶ
3789 3087 3830 3143 cl

473 3174 668 3252 nistri,
703 3181 951 3261 virique,
983 3183 1088 3260 qui
1122 3184 1246 3245 haec
1278 3184 1535 3262 dixerat,
1569 3181 1744 3243 amici
1789 3201 1904 3243 uno
1939 3182 2115 3243 veluti

2204 3180 2340 3258 φίλοι
2387 3179 2479 3235 τοῦ
2523 3182 2684 3236 ταῦτα
2744 3182 3019 3255 εἰρηκότος
3072 3178 3257 3259 ἀνδρὸς
3315 3181 3387 3244 ὡς
3448 3179 3504 3246 ἐξ
3555 3181 3665 3244 ἑνὸς
3711 3177 3828 3234 στό-

471 3282 574 3326 ore
605 3265 883 3334 dixerunt
920 3291 934 3334 :
969 3272 1127 3334 Deus
1158 3273 1348 3334 sancti
1397 3271 1931 3352 gloriosissimique
1963 3289 2117 3331 mar-

474 3353 616 3430 tyris
649 3353 940 3419 Demetrii
969 3359 1292 3421 benedicat
1318 3369 1375 3421 et
1407 3362 1463 3420 in
1497 3359 1671 3420 bonis
1703 3357 1997 3438 producat
2026 3359 2114 3418 vi-

473 3449 590 3502 tam
621 3455 806 3524 tuam,
841 3448 1100 3526 primum
1140 3448 1382 3528 quidem
1420 3449 1576 3528 quod
1600 3465 1771 3509 sacra
1803 3464 1937 3507 vasa
1968 3456 2115 3508 tem-

469 3529 674 3610 plique
698 3535 1078 3596 securitatem
1101 3545 1163 3598 ut
1187 3537 1492 3617 genuinus
1510 3536 1881 3598 Christianus
1903 3535 2112 3597 sedulo

471 3620 722 3694 curaris,
757 3621 978 3686 deinde
1011 3643 1148 3687 vero
1178 3625 1336 3706 quod
1369 3626 1598 3687 animas
1629 3634 1889 3698 nostras,
1924 3624 2115 3685 ﬁctio-

472 3726 548 3769 ne
581 3717 678 3770 tua
709 3729 779 3773 ex
814 3731 949 3774 vero
983 3715 1372 3792 manifestata,
1433 3715 1613 3776 veluti
1646 3733 1714 3778 ex
1770 3714 2008 3776 inferno
2040 3714 2114 3777 ad

469 3797 670 3862 lumen
699 3801 1033 3868 reduxeris.

553 3979 690 4042 102.
727 3979 870 4044 Cum
918 3983 1076 4045 enim
1137 4004 1277 4047 vera
1325 3993 1380 4046 te
1412 3983 1487 4045 de
1516 3980 1796 4047 Barbaris
1827 3983 2108 4058 clamare,

468 4068 970 4145 existimaremus,
1005 4075 1194 4135 oculis
1213 4074 1413 4151 (testis
1439 4073 1514 4134 sit
1544 4072 1777 4142 veritas)
1817 4091 2012 4149 neque
2043 4090 2114 4134 ea

472 4176 604 4237 qua)
636 4177 753 4238 pra:
780 4161 1056 4224 manibus
1088 4173 1276 4229 erant.
1316 4173 1434 4224 tota
1468 4171 1688 4232 mente,
1718 4181 1849 4242 quae
1869 4162 1940 4222 ad
1976 4161 2109 4223 bel—

470 4245 591 4306 lum
647 4249 1039 4312 existimatum
1088 4252 1458 4331 spectabant,
1516 4251 1906 4313 videbamus:
1957 4269 2115 4311 nunc

470 4345 664 4397 autem
699 4358 906 4402 omnes
943 4341 1014 4402 iis
1043 4342 1262 4422 quibus
1295 4342 1628 4414 studemus,
1694 4358 1934 4401 manum
1989 4339 2115 4399 ala-

469 4427 653 4488 criter
681 4427 1154 4492 admovebimus.
1189 4430 1339 4492 Dum
1390 4450 1528 4492 vero
1579 4450 1714 4492 cum
1759 4427 1963 4508 templi
1997 4429 2114 4488 mi-

2197 3289 2365 3341 ματος
2423 3269 2584 3324 εἷπον
2619 3285 2633 3300 ⁶
2711 3272 2772 3326 Ὃ
2829 3270 2960 3333 Θεὸς
3012 3277 3106 3326 τοῦ
3175 3271 3325 3347 ἁγίου
3388 3269 3478 3326 καὶ
3536 3265 3828 3330 πανένδόξου

2197 3357 2458 3433 μάρτυρος
2524 3363 2832 3437 Δημητρίου
2891 3358 3179 3436 εὖλογήσαι
3255 3361 3342 3416 καὶ
3415 3357 3674 3426 πληθῦναι
3737 3353 3826 3421 τήν

2196 3447 2340 3516 ζωήν
2394 3469 2486 3502 σου
2554 3447 2608 3502 ἓν
2663 3448 2886 3524 ἀγκθοῖς
2918 3465 2932 3480 ⁰
2999 3454 3210 3525 πρῶτον
3257 3449 3356 3523 μὲι
3401 3447 3486 3505 ὅτι
3531 3455 3634 3504 τῶν
3687 3447 3826 3523 ἱερῶν

2198 3538 2395 3592 σκευιῦν
2473 3536 2568 3593 καί
2641 3537 2738 3604 τῆς
2811 3537 3100 3617 ἀσφαλείας
3182 3545 3273 3595 τοῦ
3331 3547 3458 3597 ναοῦ
3512 3541 3586 3602 ὡς
3639 3533 3828 3596 τέλειος

2200 3627 2510 3703 Χριστιανὸς
2568 3627 2817 3704 μεγάλως
2877 3628 3190 3707 ἐφρόντισας
3229 3644 3243 3658 ⁸
3326 3631 3448 3685 εἶτα
3508 3627 3563 3684 δὲ
3621 3625 3698 3682 ὅτι
3751 3621 3828 3678 καὶ

2197 3715 2288 3777 τὰς
2391 3717 2656 3794 ἡμετέρας
2731 3725 2817 3773 νῦν
2881 3718 3060 3796 ψυχὰς
3127 3720 3205 3782 ὡς
3277 3717 3331 3783 ἐξ
3417 3716 3544 3789 ᾅδου
3602 3717 3672 3776 si;
3727 3716 3827 3792 φῶς

2198 3804 2596 3883 ἆνεζώγρησας,
2657 3809 2900 3881 μηνύσας
2961 3807 3079 3865 κατ’
3145 3806 3339 3874 ἄληθες
3387 3813 3490 3874 τῆς
3539 3811 3638 3874 σῆς
3681 3821 3828 3880 προσ·

2195 3896 2491 3963 ποιήσεως.

2275 3983 2354 4060 Pp,
2409 3986 2734 4058 Νομίσαντες
2787 3987 2886 4064 γὰρ
2943 3983 3185 4062 ἂψευδῶς
3237 4007 3293 4041 σε
3366 3986 3486 4063 περὶ
3545 3989 3648 4040 τῶν
3702 3983 3823 4059 βαρ·

2194 4071 2369 4151 ϐάρων
2429 4071 2738 4149 διαδοῆσαι,
2796 4079 2994 4152 μάρτυς
3080 4078 3110 4143 ἦ
3175 4073 3420 4148 ἀλήθεια,
3490 4072 3605 4132 οὒδὲ
3662 4073 3720 4128 τὰ
3780 4069 3826 4124 ἐν

2197 4165 2380 4242 χερσὶν
2414 4164 2665 4242 ἑωρῶμεν
2708 4165 2829 4230 τοῖς
2873 4165 3198 4244 ὀφθαλμοῖς,
3256 4163 3366 4239 ὅλῳ
3411 4171 3491 4238 τῷ
3523 4167 3608 4218 νο³ι
3638 4163 3702 4218 τὰ
3725 4158 3829 4235 περὶ

2193 4256 2285 4309 τὸν
2342 4253 2580 4326 πόλεμον
2638 4255 3036 4332 φανταζόμενον
3076 4271 3089 4284 ·
3153 4257 3242 4310 καὶ
3303 4263 3390 4312 νῦν
3445 4251 3497 4308 δὲ
3553 4251 3684 4328 μετὰ
3715 4267 3826 4325 προ·

2195 4345 2378 4418 θυμίας
2440 4342 2670 4408 ἅπαντες
2727 4347 2832 4399 τῶν
2879 4342 3320 4416 ἐσπουδασμένων
3382 4341 3819 4414 ἀντιληῴόμεθν

2195 4431 2268 4495 ὠς
2337 4428 2392 4484 δὲ
2447 4431 2538 4485 σὺν
2597 4444 2714 4496 τοῖς
2773 4431 3060 4509 ὑπηρέταις
3117 4439 3212 4489 τοῦ
3278 4438 3402 4488 ναοῦ
3461 4432 3551 4488 καὶ
3620 4430 3664 4484 οἱ
3717 4420 3824 4499 μετ’

467 4514 673 4576 nistris
701 4524 758 4576 et
789 4517 849 4579 lti
881 4520 983 4598 qui
1006 4538 1138 4582 cum
1161 4540 1232 4582 eo
1264 4519 1724 4600 erant,juvenes
1756 4518 1870 4580 ﬁda
1888 4506 2114 4577 alacri-

2204 4519 2399 4576 ἰκείνου
2449 4521 2694 4596 νεώτεροι
2775 4506 2941 4596 πιστῇ
3001 4522 3261 4600 προθυμίᾳ
3321 4521 3439 4596 περὶ
3504 4519 3601 4586 τὴν
3641 4518 3822 4590 κάθαρ-

475 4609 593 4664 tate
615 4605 686 4664 ad
709 4623 780 4668 ea
804 4627 935 4688 qua:
957 4608 1166 4670 adusta
1203 4618 1390 4688 erant,
1430 4606 1733 4687 purganda
1763 4624 1952 4684 eaque
1985 4625 2116 4686 quae

2204 4630 2280 4663 σιν
2337 4614 2441 4663 τῶν
2489 4608 2854 4688 κεκαυμένων,
2917 4609 3014 4666 καί
3075 4616 3174 4676 την
3219 4607 3450 4676 ἐκϐολὴν
3493 4615 3600 4665 τῶν
3659 4605 3820 4668 ἀπην-

473 4691 536 4752 in
566 4693 858 4757 carbones
888 4698 1129 4760 redacta
1161 4710 1328 4760 crant
1351 4697 1656 4760 eﬂ‘erenda
1677 4714 1920 4775 operam
1945 4714 2112 4757 suam

2204 4699 2551 4776 θρακωμένων
2623 4696 2966 4769 ἐπεϐοήθουν,
3044 4703 3300 4774 μειζόνως
3372 4699 3662 4774 ᾐσθάνοντο
3732 4695 3819 4755 τῆς

476 4785 793 4855 conterret,
867 4786 1002 4849 belli
1081 4789 1404 4852 clamorem
1460 4787 1728 4867 apertius
1787 4803 2114 4866 percepere

2204 4787 2326 4862 βοῆς
2369 4797 2463 4845 τοῦ
2504 4785 2760 4861 πολέμου,
2833 4791 2921 4844 καὶ
2970 4790 3089 4845 τινὰ
3149 4795 3245 4854 τῆς
3299 4786 3623 4866 βαρϐαρικῆς
3675 4802 3817 4879 κραυ-

477 4875 874 4952 quaatlamque
896 4896 1000 4956 per
1015 4889 1317 4942 assuetum
1337 4878 1601 4940 auditum
1624 4874 1949 4937 barbaricae
1968 4876 2117 4936 voci-

2204 4876 2302 4952 γῆς
2347 4889 2552 4951 σημεῖα
2602 4875 2687 4931 διὰ
2729 4877 2828 4943 τῆς
2874 4874 3052 4941 ἐθάδος
3111 4879 3280 4945 ἀκοῆς
3354 4877 3724 4955 ίπεγίνωσκον.
3773 4874 3819 4922 Ὀ

475 4962 784 5025 ferationis
818 4965 984 5045 signa
1011 4987 1341 5047 cognovere
1374 4969 1520 5045 ('73).
1549 4964 1655 5026 Ille
1705 4975 1927 5039 autem,
1981 4983 2114 5026 cum

2204 4962 2255 5020 δὲ
2307 4968 2394 5021 καὶ
2453 4965 2612 5022 πάλιν
2671 4966 2854 5026 αὖτοὺς
2898 4964 3485 5044 θορυϐουμένουςίδὼν,
3539 4964 3619 5037 Τί,
3652 4957 3818 5040 φησὶν,

477 5052 588 5113 hos
635 5071 844 5118 rursus
897 5055 1161 5119 turbatos
1193 5058 1419 5119 videret
1453 5076 1466 5118 :
1501 5054 1674 5128 Quid,
1708 5053 1814 5133 ait,
1849 5063 2117 5116 amentes

2204 5052 2419 5112 ἵστασθε
2502 5061 2592 5112 τοῦ
2676 5053 2830 5132 ἔργου
2896 5055 3368 5132 καταμελήσᾶντες
3419 5054 3607 5127 ἓνεοί;
3664 5047 3818 5107 Εἶπον

478 5142 666 5215 statis,
701 5145 902 5224 operis
923 5146 1144 5208 nullam
1168 5164 1369 5206 curam
1397 5144 1728 5206 habentes?
1761 5143 1890 5205 Dixi
1923 5143 2115 5218 vobis,

479 5234 764 5311 templum
808 5244 1011 5296 curate
1059 5235 1408 5314 nullumque
1437 5235 1534 5296 .de
1565 5233 1723 5295 bello
1773 5251 2115 5294 sermonem

478 5320 716 5385 habete.
752 5322 901 5386 Illud
933 5341 1067 5402 ego,
1103 5332 1167 5384 ut
1199 5332 1334 5384 ante
1362 5324 1507 5400 dixi,
1559 5323 1797 5384 fictione
1839 5322 2020 5394 ultro,
2056 5330 2118 5383 ut

549 5479 662 5550 (73)
689 5480 833 5538 Tum
882 5481 1121 5553 scilicet,
1153 5498 1286 5540 cum
1335 5483 1659 5540 incendium
1691 5484 1797 5540 hoc
1829 5496 1956 5553 cap.
1994 5497 2116 5540 me-

478 5561 761 5608 moratum
795 5553 1003 5613 evenit.
1037 5570 1137 5611 seu
1170 5555 1380 5613 saeculo
1435 5565 1597 5613 sexto
1647 5563 1982 5612 senescente
2017 5568 2114 5611 se—

476 5623 774 5704 quentisve
801 5624 964 5684 initio
1007 5625 1470 5694 Thessalonicam
1529 5641 1712 5706 usque
1760 5627 1947 5686 Sclavi
1999 5641 2111 5686 non

2200 5143 2351 5217 ὑμῖν,
2411 5151 2506 5200 τοῦ
2560 5153 2688 5202 ναοῦ
2730 5145 3068 5222 φροηίσατε,
3123 5145 3219 5202 καί
3277 5146 3397 5223 περὶ
3455 5149 3547 5200 τοῦ
3603 5136 3820 5209 πολέμου

2201 5231 2404 5306 μηδένα
2450 5232 2609 5311 λόγον
2671 5232 2854 5313 ἔχετε,
2919 5234 3064 5312 Ἐγὼ
3125 5244 3335 5308 τοῦτον,
3396 5234 3470 5296 ὠς
3524 5229 3818 5308 προείρηκῆ

2201 5320 2564 5402 διευιρήμησα,
2641 5321 2985 5400 πλασάμενος
3057 5325 3230 5382 ἑκοντὶ
3286 5322 3371 5381 διὰ
3444 5323 3504 5379 τὸ
3576 5318 3820 5392 ἠρεμῆσαι

2200 5481 2472 5555 rarojam
2511 5487 2902 5555 excurrerant.
2964 5483 3247 5555 editisque
3307 5497 3411 5554 pro
3473 5491 3651 5555 more.
3685 5465 3820 5555 ξιξυᾴ

2200 5545 2486 5612 Barbaros
2517 5552 2648 5610 illos
2700 5563 2948 5623 recepto,
2983 5545 3234 5614 clamore
3277 5545 3648 5612 celeberrimo
3684 5545 3820 5602 illius

2198 5625 2440 5684 civitatis
2471 5625 2688 5688 incolas
2721 5633 3065 5690 terrueram.
