4124 6412
293 359 439 440 1281

1378 353 1440 433 s.
1489 355 1877 434 ΒΕΜΕΤΒΙΙ
1918 353 2323 431 MARTYRIS
2362 345 2584 430 ACTA.

3518 361 3673 436 1282

283 517 379 566 τοῦ
433 504 600 586 ὄχλου
661 507 756 563 τὸν
822 506 986 563 οἰκον·
1065 511 1153 561 νῦν
1211 503 1299 561 οὖν
1366 503 1779 584 ἄμεριμνοῦντες
1835 507 1940 560 τῶν

2048 497 2210 562 edem
2263 517 2296 561 a
2328 498 2546 580 populo
2580 497 2777 561 deseri
2829 491 3114 574 facerem,
3146 500 3437 576 adhibita,
3470 503 3668 566 divul-

284 597 342 654 ἐν
373 599 558 678 χερσὶν
587 598 661 659 ὡς
705 593 881 653 δοῦλοι
912 602 1004 653 τοῦ
1033 594 1324 675 ἁθλοφύρου
1367 593 1711 672 φροντίσατε.

370 773 480 854 ργ’,
543 764 636 838 Ὠς
698 772 751 830 δὲ
807 772 1032 852 ἤρξαντο
1097 771 1257 832 παλιν
1302 772 1761 852 ἀναθαρσήσαντες
1832 773 1945 829 τού-

285 887 399 931 τοις
457 877 574 929 τοῖς
633 864 866 941 ῥήμασιν
923 863 989 919 τὰ
1042 863 1169 941 περί
1224 865 1317 919 τὸν
1348 864 1472 919 ναὸν
1527 863 1822 944 συλλέγειν,
1857 863 1946 920 καὶ

283 957 560 1027 καθαίρειν
631 954 727 1009 καὶ
799 950 1188 1024 διαϐαστάζειν,
1244 954 1332 1009 καὶ
1402 955 1502 1020 τὴν
1570 951 1688 1027 μεθ’
1757 952 1944 1019 ὕδατος

280 1049 388 1124 γῆν
449 1042 755 1121 διασαροῦν,
791 1042 924 1110 ἧκόν
976 1061 1115 1106 τινες
1164 1041 1607 1120 ἀναγγέλλοντες,
1641 1045 1714 1106 ὠς
1760 1044 1945 1121 χάριτι

284 1142 520 1214 Χριστοῦ
572 1141 666 1190 τοῦ
737 1140 870 1190 Θεοῦ
925 1133 1078 1208 ἡμῶν
1166 1130 1502 1211 ἐδιώχθησαν
1557 1136 1602 1189 οἱ
1671 1131 1941 1211 πολέμιοι,

283 1229 393 1282 τῶν
475 1221 655 1280 πυλῶν
754 1223 1261 1300 καταθραωνθὲντες
1352 1218 1688 1299 ἐπιδραμεῖν·
1764 1226 1800 1293 ἡ
1884 1220 1940 1277 δὲ

285 1313 573 1392 συμμαχίᾳ
631 1317 722 1368 τοῦ
752 1310 1046 1390 ἀθλοφόρου
1097 1312 1184 1367 καὶ
1229 1313 1369 1387 μόνη
1400 1313 1461 1366 τὸ
1512 1317 1615 1367 πᾶν
1647 1318 1740 1369 τοῦ
1785 1310 1942 1367 πολέ.

287 1424 392 1478 μου
449 1401 772 1480 κατόρθωσε,
846 1399 1056 1477 πρῶτον
1127 1400 1225 1474 μὲν
1283 1400 1355 1463 ὠς
1438 1402 1528 1455 τὸν
1601 1402 1726 1456 ναὸν
1785 1402 1944 1457 αὐτοῦ

287 1490 552 1555 συνάξασα
597 1489 718 1553 τοὺς
777 1493 878 1556 τῆς
949 1487 1182 1566 πόλεως,
1231 1486 1642 1566 προϐαλλομένη
1716 1491 1807 1546 τὸν
1851 1489 1944 1564 ἐμ-

287 1580 540 1659 πρησμὸν
585 1579 670 1656 (οὐ
725 1578 825 1655 γὰρ
881 1577 944 1632 ἃν
1013 1575 1189 1642 ἄλλως
1251 1578 1387 1652 μετὰ
1431 1576 1628 1644 σποδῆς
1690 1578 1820 1655 ἀωρὶ
1864 1600 1947 1634 νυ-

288 1671 414 1735 κτὸς
461 1669 522 1725 ἐκ
564 1675 670 1724 τῶν
725 1668 921 1724 κλινῶν
965 1665 1315 1746 διηγείροντο,
1350 1668 1392 1722 εί
1453 1668 1530 1740 μὴ
1577 1669 1639 1723 τὸ
1696 1670 1813 1742 περὶ
1857 1669 1945 1724 τὸν

287 1759 414 1816 ναὸν
486 1755 645 1820 σέϐας
715 1755 832 1833 μετ’
907 1755 1214 1827 ἐκπλήξεως
1282 1756 1468 1820 αὐτοὺς
1552 1754 1944 1835 διατοστησεν)’

2027 587 2200 667 gari;
2235 607 2395 650 nunc
2425 588 2605 667 igitur
2655 588 2800 650 nihil
2834 588 3098 662 solliciti,
3131 607 3262 671 qua:
3320 610 3441 670 pm
3493 594 3677 655 mani-

2029 677 2140 739 bus
2169 688 2328 749 sunt,
2352 677 2532 740 veluti
2557 677 2950 740 certaminum
2975 677 3234 741 Victoris
3255 681 3672 755 servi,curate.

2110 768 2248 830 103.
2303 769 2450 830 Cum
2511 786 2687 848 porro
2742 768 2956 829 iterum
3011 767 3205 830 verbis
3257 770 3377 831 illis
3406 771 3675 834 animum

2029 857 2558 938 recipientes,quae
2580 858 2654 919 ad
2682 857 2974 937 templum
3003 866 3366 937 spectarent,
3392 860 3681 940 colligere

2029 955 2087 1007 et
2137 964 2388 1027 purgare
2425 960 2481 1007 et
2527 957 2922 1027 comportare,
2954 966 3224 1028 aquaque
3273 949 3680 1028 pavimentum

2029 1038 2321 1098 mundare
2343 1035 2689 1116 coepissent,
2709 1044 3006 1098 venerunt
3034 1037 3270 1117 quidam
3293 1038 3478 1117 gratia
3497 1038 3680 1101 Chri—

2029 1125 2102 1185 sti
2151 1124 2256 1187 Dei
2291 1125 2476 1188 nostri
2522 1125 2822 1200 inimicos,
2855 1125 2956 1208 qui
3015 1127 3072 1187 in
3111 1138 3314 1206 portas
3345 1129 3681 1208 irrumpere

2025 1215 2153 1275 ausi
2187 1215 2443 1290 fuerant,
2477 1233 2612 1276 esse
2639 1215 2871 1294 fugatos
2920 1217 3373 1299 annuntiantes;
3409 1217 3685 1280 certami-

2027 1322 2166 1366 num
2197 1315 2401 1366 autem
2447 1303 2702 1365 Victoris
2728 1305 3010 1366 auxilium
3043 1305 3225 1388 idque
3271 1307 3464 1368 solum
3497 1308 3569 1368 ad
3600 1307 3680 1369 fe-

2026 1393 2198 1456 licem
2227 1392 2446 1454 exitum
2483 1391 2706 1455 bellum
2743 1393 3115 1474 perduxisse,
3145 1395 3403 1476 primum
3438 1396 3683 1477 quidem

2028 1481 2190 1558 quod
2223 1481 2296 1543 ad
2331 1482 2617 1563 templum
2654 1501 2826 1543 suum
2857 1482 3119 1546 civitatis
3150 1484 3397 1560 incolas,
3433 1486 3686 1547 excitato

2030 1577 2296 1635 incendio
2321 1579 2460 1648 (non
2485 1578 2776 1643 enim,nisi
2806 1593 2901 1636 eos
2937 1580 3224 1636 veneratio
3255 1593 3387 1649 erga
3411 1579 3688 1652 templum

2032 1680 2165 1723 cum
2221 1662 2710 1723 consternatione
2753 1663 3048 1741 conjucla,
3085 1664 3422 1739 excitasset,
3456 1663 3687 1744 impor-

2032 1760 2180 1812 tuno
2213 1751 2409 1813 noctis
2442 1759 2708 1831 tempore
2739 1751 3092 1814 festinanter
3121 1769 3152 1813 e
3183 1752 3353 1814 lectis
3382 1753 3688 1815 surrexis-

288 1848 414 1906 εἶτά
471 1869 529 1904 τε
587 1847 766 1925 ὥσπερ
814 1847 888 1910 εἷς
933 1845 1222 1925 παράταξιν
1271 1846 1487 1910 τούτους
1535 1847 1819 1925 ἀθροίσασα
1866 1867 1946 1924 τε,

2048 1842 2194 1921 sent)
2227 1839 2497 1920 congerit
2525 1841 2784 1916 ;deinde
2811 1859 2974 1916 vero,
3003 1841 3185 1921 quod,
3214 1859 3347 1903 cum
3381 1860 3484 1904 eos
3513 1841 3693 1904 veluti

289 1940 380 1995 καὶ
477 1937 834 2007 συσκεάσοσα,
921 1936 1242 2015 ἐμπγήσασα
1330 1936 1548 2013 θάρσους
1633 1934 1717 1992 διὰ
1821 1942 1946 2010 μιᾶς

291 2025 568 2106 ἀνθρώπου
631 2031 814 2106 φωνῆς
887 2024 988 2091 ἔξω
1049 2024 1230 2084 πυλῶν
1274 2027 1506 2103 ὁρμῆσαι
1577 2031 1948 2106 καινοπρεπῶς

288 2117 675 2194 παρεσκεύασε,
726 2117 809 2172 καὶ
867 2115 1028 2194 μέχρι
1103 2122 1194 2171 τοῦ
1254 2121 1342 2169 νῦν
1403 2113 1493 2192 ἀφ’
1542 2115 1812 2194 ἑωσφόρου
1869 2112 1942 2176 δὶς

292 2207 382 2262 καὶ
441 2207 548 2284 τρὶς
589 2208 676 2262 καὶ
740 2204 1026 2269 πλεονάκις
1087 2205 1517 2283 συγκρούσαντας
1578 2205 1800 2271 νικητὰς
1864 2202 1948 2259 διὰ

290 2297 394 2362 τῆς
444 2296 664 2370 μνήμης
724 2296 882 2351 αὐτοῦ
924 2293 1019 2361 τῆς
1065 2301 1151 2349 νῦν
1214 2292 1341 2370 παρ’
1383 2295 1518 2370 ἡτμν
1589 2293 1949 2369 ἐπιτελουμέ-

291 2407 392 2452 νης
436 2385 558 2446 τοὺς
591 2383 749 2449 ἰδίους
795 2381 1008 2445 δούλους
1041 2380 1317 2447 ἀνέδειξεν.

375 2471 476 2550 ρδ’.
540 2466 634 2537 Ὠς
663 2471 718 2529 δὲ
767 2475 932 2530 ταῦτα
963 2473 1009 2528 οἱ
1063 2470 1404 2548 ἐξηγούμενοι
1435 2473 1622 2546 αὐτοψὶ
1668 2471 1950 2529 θερίσασθαι

293 2561 667 2642 διεμαρτύρουν
725 2563 872 2637 τότε,
919 2563 1008 2618 καί
1081 2559 1375 2636 διώμνυνιο
1442 2562 1554 2630 (τὸν
1620 2562 1721 2642 γὰρ
1779 2561 1952 2619 ἐκονοτὶ

295 2653 628 2729 ψευσάμενον
679 2651 856 2715 ἄλλως
892 2653 984 2708 οὐκ
1043 2650 1298 2729 ἔπειθον),
1329 2653 1356 2707 6
1410 2652 1701 2726 θαύμασιος
1749 2651 1953 2716 ἐκεῖνος

295 2741 452 2821 ανὴρ,
487 2744 549 2799 οὗ
577 2743 612 2808 ἡ
662 2739 846 2819 καρδία
903 2739 1180 2821 ἐψεύδετο,
1209 2742 1294 2798 καὶ
1350 2743 1414 2797 τὸ
1463 2741 1636 2816 στόμα
1680 2741 1778 2809 την
1821 2741 1956 2812 ἀλή-

294 2833 442 2888 θειαν
501 2830 889 2910 ἂπεφθέγγετο,
952 2829 1020 2886 δι’
1089 2832 1148 2886 οὗ
1217 2831 1246 2886 6
1326 2831 1484 2902 Θεὸς,
1547 2830 1750 2890 ἐκείνου
1819 2830 1957 2888 ἄλλα

294 2919 756 3000 προθυμουμένου,
798 2920 954 2999 ἕτερα
1009 2925 1079 2995 τῇ
1137 2917 1290 2976 πόλει
1350 2921 1590 2998 σωτήρια
1647 2921 1952 3000 ἐχαρίζετο,

2032 1930 2106 1992 ad
2137 1930 2487 1991 conﬂictum
2525 1939 2944 2007 congregasset
2990 1939 3406 2011 parassetque,
3439 1931 3692 1993 audacia

2031 2019 2310 2099 impletos
2339 2037 2444 2100 per
2467 2038 2640 2080 unam
2668 2019 2929 2082 hominis
2959 2037 3164 2081 vocem
3196 2038 3362 2082 more
3385 2019 3632 2082 insolito
3658 2039 3694 2082 e

2033 2110 2216 2189 portis
2272 2109 2475 2186 egredi
2512 2109 2738 2181 fecerit,
2777 2127 3100 2189 servosque
3151 2127 3311 2183 suos,
3348 2111 3422 2171 ab
3468 2125 3689 2172 aurora

2033 2217 2192 2260 nunc
2227 2217 2414 2278 usque
2461 2198 2553 2260 bis
2586 2208 2794 2278 terque
2841 2217 2910 2260 ac
2939 2216 3096 2279 smpe
3147 2218 3281 2261 cum
3317 2200 3484 2262 hoste
3539 2217 3687 2260 con-

2034 2305 2296 2366 gressos,
2332 2288 2585 2350 victores
2637 2287 2700 2347 in
2732 2305 2837 2349 sua
2869 2306 3000 2368 qua:
3029 2288 3184 2368 apud
3234 2307 3342 2350 nos
3367 2307 3528 2351 nunc
3555 2288 3684 2368 agi-

2036 2386 2150 2448 tur,
2188 2376 2762 2438 commemoratione
2795 2377 3080 2440 effecerit.

2119 2465 2256 2528 104.
2309 2465 2454 2527 Cum
2505 2474 2730 2546 autem,
2770 2465 2873 2547 qui
2933 2485 3003 2528 ea
3059 2464 3405 2548 narrabant,
3437 2466 3688 2528 suismet

2035 2555 2224 2618 oculis
2255 2556 2457 2618 isthmc
2486 2573 2621 2617 sese
2644 2556 2892 2630 ,vidisse,
2919 2565 3060 2618 tunc
3092 2563 3480 2637 testarentur,
3513 2562 3694 2636 atque

2035 2650 2211 2707 etiam
2237 2648 2462 2726 (neque
2493 2646 2652 2706 enim
2699 2645 2892 2720 illum,
2925 2647 3029 2727 qni
3061 2645 3259 2708 studio
3292 2645 3482 2708 fuerat
3515 2663 3690 2708 men-

2038 2737 2171 2810 titu,
2204 2737 2378 2798 aliter
2425 2737 2882 2814 convincebant)
2931 2740 3228 2815 jurarent,
3263 2734 3553 2798 mirabilis
3601 2735 3694 2796 vir

2037 2825 2140 2886 ille
2167 2827 2338 2906 cujus
2357 2843 2464 2886 cor
2495 2825 2899 2888 mentiebatur
2920 2843 3108 2906 osque
3137 2824 3452 2887 veritatem
3486 2824 3690 2905 profo-

2037 2913 2230 2996 rebat,
2265 2932 2440 2994 quem
2494 2912 2674 2993 Deus,
2708 2915 2825 2977 alia
2853 2914 2958 2977 illo
3021 2913 3371 2988 meditante,
3404 2914 3521 2976 alia
3549 2914 3692 2976 civi-

295 3011 326 3067 6
379 3009 496 3073 νέος
545 3006 788 3088 Ἀϐραὰμ
831 3011 860 3065 6
919 3009 1252 3085 ψευσάμενος
1280 3009 1349 3084 τῇ
1397 3007 1544 3065 πόλει
1581 3009 1702 3074 τοὺς
1759 3006 1956 3089 βαρϐά-

2048 3004 2145 3066 lati
2195 3004 2470 3066 salutaria
2503 3002 2884 3083 largiebatur,
2921 3021 3109 3066 novus
3140 3002 3438 3066 Abraham
3471 3003 3694 3066 civitati

297 3119 444 3179 ρους,
511 3098 610 3166 τὴν
667 3095 721 3153 δὲ
784 3099 1049 3175 σωτηρίαν
1091 3097 1236 3155 ἄκων
1305 3099 1438 3174 αὐτῇ
1493 3096 1830 3174 προξενήσων
1874 3096 1956 3154 διὰ

2048 3098 2321 3156 Barbaros
2343 3099 2634 3160 mentitus.
2668 3098 2716 3154 ei
2740 3107 2929 3154 autem
2971 3113 3071 3168 per
3103 3107 3410 3168 martyrem
3449 3098 3694 3155 salutem

295 3194 392 3246 τοῦ
435 3187 701 3266 μάρτυρος
745 3189 818 3250 ὡς
865 3187 1071 3253 ἐκεῖνος
1101 3188 1223 3253 τοὺς
1282 3185 1479 3250 παῖδας
1529 3184 1773 3262 ἐψεύδετο
1823 3188 1956 3262 μετὰ

2048 3202 2157 3246 nec
2176 3185 2441 3264 cogitans
2467 3182 2916 3258 conciliaturas,
2944 3183 3027 3244 uti
3049 3182 3314 3263 ille,sese
3337 3181 3529 3244 statim
3559 3201 3693 3244 cum

298 3277 394 3334 τοῖ’)
448 3277 632 3334 Ἰσαὰκ
699 3277 1070 3358 ὑπόστράφεψ
1122 3280 1266 3341 εὐθὺς
1335 3277 1731 3356 ὑποσχόμενος,
1779 3282 1845 3354 τῇ
1905 3275 1956 3332 δὲ

2048 3272 2204 3335 Isaac
2225 3291 2602 3336 reversurum
2633 3273 3011 3355 promittens,
3036 3291 3243 3334 servos
3258 3290 3397 3334 suos
3429 3271 3697 3352 decipie-

296 3363 518 3446 γλώττῃ
592 3365 752 3424 αὐτοῦ
822 3365 999 3445 ψωρῖς
1068 3364 1366 3436 συνδήσεως
1465 3368 1526 3422 τὸ
1597 3367 1956 3444 γενησόμενον

2048 3364 2164 3444 bat,
2199 3363 2397 3443 lingua
2424 3369 2651 3437 autem,
2685 3361 2842 3443 quod
2874 3362 3136 3423 futurum
3171 3369 3320 3436 erat,
3356 3379 3466 3423 nec
3498 3362 3698 3423 sciens

297 3456 686 3536 προεφήτευεν,
734 3457 884 3519 οὗτος
943 3453 1008 3524 δὴ
1051 3457 1080 3511 6
1124 3456 1258 3534 ἀνὴρ
1301 3455 1532 3520 ἀκούσας
1580 3457 1646 3512 τὰ
1689 3454 1956 3531 συμϐάντα

2048 3453 2437 3534 prophetabat
2465 3453 2618 3534 (74),
2641 3452 2746 3515 ille
2781 3452 2985 3534 itaque
3009 3453 3117 3522 vir.
3147 3470 3284 3513 cum
3316 3469 3450 3530 quae
3478 3450 3699 3513 civitati

299 3551 373 3622 τῇ
414 3543 567 3602 πόλει
611 3543 817 3620 ὕμνησε
876 3569 953 3620 τῳ
985 3553 1102 3620 Θεῲ
1143 3547 1234 3602 καὶ
1276 3552 1353 3619 τῷ
1384 3544 1659 3626 ἀθλοφόρω
1713 3553 1805 3602 οὖν
1842 3559 1956 3611 τοῖς

2048 3543 2410 3622 acciderant,
2447 3543 2798 3617 audivisset,
2837 3560 2954 3604 una
3014 3561 3146 3603 cum
3182 3541 3256 3602 iis
3310 3541 3412 3619 qui
3470 3539 3696 3602 ibidem

301 3640 559 3714 παροῦσιν
589 3635 768 3692 αὐτόθι
829 3633 1023 3714 λέγων’
1083 3635 1238 3711 Κύριε
1283 3637 1310 3690 6
1355 3635 1486 3698 Θεὸς
1530 3638 1556 3689 6
1605 3640 1954 3712 προαιώιιος,

2048 3632 2505 3708 aderant,Deum
2541 3633 3061 3712 certaminumque
3084 3631 3384 3693 Victorem
3417 3627 3698 3692 laudabat

301 3726 333 3782 6
405 3722 808 3805 παντοκράτωρ,
855 3728 882 3781 6
949 3729 1056 3782 τῶν
1108 3725 1338 3804 κρυφίων
1393 3724 1665 3801 γνώστης,
1712 3727 1798 3779 καὶ
1851 3731 1956 3779 τῶν

2048 3721 2284 3782 dicens:
2326 3722 2579 3783 Domine
2611 3720 2788 3792 Deus,
2819 3740 2852 3781 ο
2878 3728 3122 3793 mterne,
3152 3739 3184 3780 ο
3229 3719 3632 3799 omnipotens,
3665 3738 3700 3780 ο

302 3811 517 3883 ἀδήλων
574 3812 911 3890 ἐπιστήμων,
973 3816 1000 3870 6
1043 3812 1442 3892 ἀνεξιχνίαστος
1499 3811 1552 3866 ἐν
1611 3812 1955 3890 εὐεργεσίαις,

2048 3809 2526 3871 absconditorum
2553 3810 2824 3870 conditor
2847 3810 3342 3888 occultorumque
3375 3809 3698 3888 inspector,

303 3901 688 3969 ἀκατάληπτος
760 3903 815 3959 ἐν
885 3903 1268 3985 φιλανθρωπίᾳ,
1318 3901 1376 3958 οὗ
1445 3904 1480 3970 ἡ
1553 3899 1721 3977 βουλὴ
1780 3900 1956 3980 ἔργον,

2048 3919 2082 3960 o
2138 3898 2199 3959 in
2231 3898 2540 3960 beneﬁciis
2595 3898 3045 3977 investigabilis.
3083 3917 3115 3959 ο
3166 3897 3226 3958 in
3288 3895 3700 3959 misericordia

302 3993 486 4050 καὶτὸ
546 3999 711 4068 νεῦμα
762 3994 1076 4073 πράγματος
1125 3989 1489 4066 ἀποτέλεσμα,
1524 3991 1586 4046 σὺ
1632 3997 1845 4070 καλεῖς,
1878 3993 1965 4046 καὶ

303 4081 481 4140 πάντα
544 4083 866 4140 ὐπακούουσί
935 4105 1019 4140 σοι
1092 4083 1296 4161 τρόμῳ,
1359 4078 1541 4156 διατί;
1587 4078 1668 4136 ὅτι
1726 4081 1791 4136 τὰ
1835 4079 1967 4154 σύμ-

303 4190 481 4229 παντα
558 4169 718 4229 δοῦλα
762 4173 854 4248 σὰ,
903 4175 930 4230 6
980 4172 1284 4248 καταμόνας
1327 4169 1534 4234 πλάσας
1607 4171 1698 4235 τὰς
1754 4167 1966 4246 καρδίας

301 4263 488 4336 ἡμῶν,
524 4263 609 4318 καὶ
639 4261 928 4320 ποικίλλων
973 4263 1133 4328 αὐτὰς
1195 4262 1324 4340 πρὸς
1376 4261 1404 4316 ὃ
1452 4266 1564 4340 χρὴ
1608 4266 1700 4317 τοῦ
1743 4281 1964 4338 προκει-

306 4351 470 4428 μένου
501 4351 687 4431 χάριν.

392 4439 491 4519 ρε⁹.
552 4442 612 4498 Εἰ
668 4441 770 4521 γὰρ
826 4441 917 4498 καὶ
959 4442 1022 4498 τὸ
1071 4437 1409 4505 αὐτεξούσιον
1452 4437 1692 4518 ἐχαρίσω
1753 4437 1962 4512 αὐτοῖς,

2047 3986 2877 4069 incumprehensibilis,cujus
2899 3988 3166 4048 voluntas
3190 4006 3362 4068 opus,
3397 3995 3699 4067 nutusque

2046 4077 2135 4140 rei
2168 4077 2439 4158 effectus,
2473 4085 2533 4139 tu
2562 4094 2758 4153 vocas,
2783 4077 3104 4157 omniaque
3135 4075 3243 4138 tibi
3274 4095 3407 4138 cum
3441 4084 3702 4139 tremore

2048 4166 2358 4248 obediunt,
2393 4175 2705 4248 propterea
2733 4166 2892 4244 quod
2954 4166 3082 4247 tibi,
3113 4167 3210 4248 qui
3272 4166 3434 4228 solus
3488 4166 3704 4228 creasti

2049 4258 2228 4320 corda
2250 4266 2449 4319 nostra
2479 4275 2689 4338 eaque,
2719 4265 2893 4336 prout
2923 4256 3024 4317 ﬁni
3060 4256 3359 4336 proposito
3391 4257 3698 4332 convenit,

2049 4348 2352 4422 immutas,
2384 4346 2586 4408 omnia
2615 4345 2735 4406 sint
2764 4344 3057 4424 subjecta.

2132 4436 2271 4500 405.
2309 4437 2434 4499 Etsi
2467 4435 2625 4498 enim
2654 4443 2712 4496 et
2742 4434 2995 4496 liberum
3029 4433 3344 4497 arbitrium
3379 4432 3453 4496 iis
3472 4432 3554 4496 sis
3579 4432 3702 4496 lar-

306 4529 432 4587 ἀλλ’
489 4529 545 4585 ἐν
594 4543 720 4595 ταῖς
772 4531 1098 4607 οἰκονομίαις
1145 4536 1251 4586 τῶν
1294 4527 1610 4608 εὐεργεσιῶν
1652 4550 1744 4585 σου
1801 4525 1956 4595 πηδα·

2053 4526 2232 4607 gitus,
2267 4526 2328 4586 in
2377 4534 2614 4587 tuorum
2649 4532 2849 4586 tamen
2901 4524 3331 4586 beneﬁciorum
3382 4523 3702 4604 dispensa-

305 4617 556 4699 λιουχετς
615 4621 775 4684 αὐτὰς
848 4595 979 4700 πρὸς
1035 4621 1096 4676 τὸ
1159 4595 1446 4698 συμφέρων,
1496 4623 1684 4676 ὁποῖον
1740 4618 1826 4674 καί
1885 4622 1956 4672 νῦπ

2056 4595 2365 4690 iione'eos,
2376 4621 2548 4696 prout
2576 4613 2838 4694 expedit,
2868 4613 3218 4690 moderaris,
3239 4613 3414 4676 sicuti
3437 4595 3497 4676 ei
3519 4631 3701 4692 nunc,

309 4707 395 4766 ἐπ’
458 4710 576 4785 ἐμοὶ
638 4712 716 4784 τῷ
779 4709 883 4784 νέῳ
942 4707 1190 4784 Βαλαὰμ,
1255 4708 1498 4765 Δέσποτά
1551 4730 1675 4788 μου,
1745 4707 1974 4786 εἰργάσω

311 4798 620 4878 ἀμαρτωλῷ
673 4801 762 4856 καὶ
817 4798 1218 4878 ἀπεριμερίμνφ
1260 4794 1380 4853 κατ’
1440 4796 1650 4854 ἐκεῖνον
1705 4797 1977 4875 ὑπάρχον-

311 4907 392 4968 τι,
425 4887 509 4944 διὰ
560 4889 660 4958 τὴν
697 4890 922 4965 μνήμην
963 4895 1056 4946 τοῦ
1106 4885 1420 4951 πανὶνδόξου
1465 4888 1728 4966 μάρτυρος
1784 4886 1975 4942 οἰκτει-

315 4975 488 5056 ρήσας
545 4981 646 5046 την
675 4978 994 5036 ταπείνωσιν
1035 4976 1218 5056 ἡμῶν,
1251 4974 1346 5032 καί
1397 4975 1495 5044 τὴν
1526 4973 1659 5043 ὅλην
1711 4973 1975 5039 διασώσας

312 5065 480 5124 πόλιν
549 5065 603 5132 ἐξ
665 5065 1070 5145 ἀπροσδοκήτου
1119 5068 1207 5122 καὶ
1262 5063 1626 5144 ἀγνοουμένης
1695 5062 1976 5144 αἰχμαλω-

313 5155 458 5220 σίαςο
522 5155 703 5234 ὥσπερ
758 5159 859 5235 γὰρ
899 5159 1108 5214 ἐκεῖνον
1164 5152 1302 5212 ἄλλα
1343 5154 1626 5236 προφέρειν
1667 5152 1752 5210 διὰ
1806 5152 1980 5232 γλώτ-

312 5264 414 5314 της
460 5243 784 5323 βουλόμενον
822 5246 975 5325 ἕτερα
1031 5245 1420 5325 προσεύχεσθαι
1463 5246 1552 5300 καὶ
1603 5241 1847 5322 εὐλογεῖν
1884 5244 1976 5301 τὸν

311 5334 444 5391 λαὸν
504 5357 599 5392 σου
669 5333 754 5392 διὰ
808 5345 904 5395 τοῦ
958 5334 1110 5414 ἁγίου
1186 5335 1489 5412 Πνεύματος
1547 5333 1969 5414 παρεσκεύασας,

311 5423 456 5482 θ’ἇτω
512 5425 675 5501 κάμὲ,
707 5427 797 5481 τὸν
855 5425 1068 5492 ἀνάξιον
1098 5423 1285 5482 δοῦλᾶν
1337 5445 1452 5498 σου,
1485 5422 1622 5480 ἀλλᾶ
1673 5423 1972 5500 βουλευσά-

315 5535 476 5593 μενον
525 5513 610 5572 διὰ
660 5520 758 5582 τῆς
818 5517 1008 5594 φήμης
1060 5519 1166 5572 τῶν
1216 5513 1524 5592 ἀλλογενῶν
1570 5511 1968 5594 διαπράξασθαι.

402 5683 532 5769 (74)
564 5683 678 5747 Adl
711 5683 929 5747 librum
961 5683 1234 5760 Genesis,
1264 5700 1397 5766 cap.
1432 5699 1579 5746 xxn.

2057 4704 2139 4767 mi
2174 4705 2452 4780 Domine,
2487 4703 2548 4766 in
2593 4721 2687 4765 me
2715 4721 2866 4765 novo
2923 4702 3188 4783 Balaam,
3223 4711 3536 4784 peccatore
3593 4720 3709 4765 nec

2055 4813 2153 4856 res
2199 4792 2272 4856 ad
2329 4794 2460 4873 ejus
2513 4793 2817 4874 exemplar
2875 4792 3320 4872 considerante,
3354 4791 3708 4855 humilitatis

2058 4893 2276 4946 nostra;
2314 4892 2558 4964 propter
2587 4882 3003 4963 gloriosissimi
3035 4882 3304 4962 martyris
3355 4882 3707 4944 memoriam

2059 4973 2362 5049 misertus,
2397 4973 2818 5053 civitatemque
2858 4979 3036 5034 totam
3072 4989 3142 5033 ex
3174 4971 3581 5051 inexspectata
3606 4971 3711 5034 in-

2059 5062 2413 5144 cognitaque
2443 5063 2784 5142 captivitate
2825 5061 3110 5136 liberans,
3145 5061 3362 5124 fecisti.
3398 5059 3494 5124 Uti
3543 5059 3707 5124 enim

2059 5152 2379 5229 illum,alia
2405 5152 2643 5231 profere
2663 5151 2864 5230 lingua
2882 5150 3329 5232 volentem,alia
3353 5152 3582 5233 precari
3609 5169 3709 5232 po-

2062 5243 2387 5327 pulumque
2410 5248 2576 5303 tuum
2610 5259 2715 5323 per
2735 5240 3020 5322 Spiritum
3053 5249 3323 5302 sanctum
3347 5239 3712 5303 benedicere

2058 5333 2304 5413 coegisti
2350 5331 2502 5414 (75),
2535 5331 2615 5392 ito
2649 5340 2708 5392 et
2735 5349 2832 5393 me
2885 5329 3195 5410 indignum
3227 5346 3465 5392 servum
3517 5336 3709 5403 tuum,

2055 5425 2170 5486 alia
2192 5441 2298 5504 per
2327 5423 2795 5501 alienigenarum
2821 5420 3330 5485 denuntiationem
3365 5419 3562 5481 facere
3587 5433 3712 5480 mea

2056 5514 2368 5589 ditantem,
2396 5511 2754 5575 beneﬁcium
2786 5529 2965 5593 supra
2988 5509 3226 5572 modum
3261 5508 3453 5587 majus
3481 5505 3710 5570 civitati

2138 5677 2262 5758 (75)
2298 5675 2534 5740 Videsis
2565 5675 2779 5738 librum
2812 5670 3235 5751 Nnmer.,cap.
3270 5683 3411 5730 χχιιι
3443 5675 3503 5733 et
3533 5684 3710 5750 seqq.
