4124 6422
442 331 597 426 1283
1790 342 2444 422 SUPPLEMENTUM.
3667 348 3823 427 12'in

433 516 783 579 comparare
806 497 1131 579 providisti.
1166 494 1278 557 Ubi
1319 495 1737 569 enitn,dictum
1764 503 2070 573 argentum

2160 497 2370 568 μείζονα
2430 492 2547 551 καθ’
2605 493 2909 571 δπερϐολὴν
2979 496 3081 563 τὴν
3169 497 3468 575 εὐεργεσίαν
3532 504 3603 574 τῇ
3664 498 3823 555 πόλει

439 612 557 653 non
583 591 857 672 periisse,
880 592 1303 668 insignumque
1329 588 1477 650 adeo
1508 590 1801 653 civitatem
1837 608 1871 650 e
1901 587 2073 649 servi

2165 586 2596 651 μνηστεύσασθαι
2652 585 3008 661 προενόησας.
3075 586 3184 643 Ποῦ
3242 587 3343 663 γὰρ
3414 585 3534 642 ἴσον
3595 586 3819 665 ἄργυρον

438 688 560 744 tute
587 671 766 761 atque
794 671 923 761 ipsa
967 685 1157 740 morte
1189 696 1321 739 esse
1374 689 1668 758 ereptam,
1704 679 1932 753 aequale
1962 677 2073 739 sit!

2164 672 2325 749 ῥητὸν
2374 673 2471 746 μὲν
2502 671 2813 743 ἀπολέσθαι,
2848 676 2936 729 καὶ
2984 674 3140 731 πόλιν
3200 674 3529 742 τηλικαύτην
3587 676 3649 733 ἐκ
3702 675 3820 733 Sat:-

2165 761 2307 823 λείας
2337 760 2621 856 καὶῃαῦτοῦ
2648 765 2872 818 θανάτου
2899 762 3147 838 ῥηθῆναι
3186 783 3202 841 ;

518 859 654 922 106.
680 857 729 921 0
759 858 867 938 tui,
888 857 1278 919 certaminum
1291 856 2073 953 Victorisintercessio,tua-

2247 839 2380 928 ρς’.
2442 839 2493 905 ἶὶ
2522 853 2623 918 τῆς
2667 846 2945 927 πρεσϐείας
2995 851 3090 908 τοῦ
3118 839 3408 929 ἀθλοφόροι)
3436 876 3551 953 ρσου
3582 856 3668 908 καὶ
3719 853 3819 921 τῆς

436 967 570 1028 que,
609 936 883 1028 Domine,
915 947 1131 1008 eximia
1180 947 1519 1027 benignitas
1553 946 1567 1009 !
1622 946 1871 1008 Animus
1917 963 2073 1007 meus

2166 936 2563 1016 ἀνυπερϐλήτου
2620 961 2734 1019 σου,
2775 941 2951 1018 Κύριε,
2984 939 3317 1018 ἀγαθότητος
3355 941 3369 1004 !
3436 936 3493 1001 Ὀ
3551 944 3667 1004 νοῦς
3712 963 3818 1015 μου

433 1025 742 1117 argentum
803 1025 1197 1109 custodiebat,
1263 1025 1462 1115 lingua
1531 1047 1727 1099 autem
1786 1036 2073 1096 civitatem

2166 1030 2257 1084 τὸν
2301 1026 2522 1106 ἄργυρον
2576 1025 2886 1107 διεφύλαττε
2935 1032 3023 1085 καὶ
3077 1031 3113 1098 ἡ
3157 1030 3375 1107 γλῶσσά
3427 1053 3529 1104 μου
3558 1032 3657 1098 τὴν
3704 1033 3814 1087 πό-

431 1115 847 1207 servabat,una
864 1135 991 1187 erat
1012 1125 1179 1187 verbi
1210 1125 1464 1206 prolatio
1486 1125 1852 1205 affectusque
1873 1122 1934 1185 in
1962 1124 2073 1185 duo

2166 1118 2250 1173 λιν
2320 1115 2559 1188 διέσωζε,
2609 1120 2703 1207 ,ιία
2756 1120 2789 1185 ἡ
2862 1121 3136 1197 προσφορὰ
3192 1129 3286 1180 τοῦ
3341 1119 3527 1199 λόγοδ,
3574 1122 3659 1177 καὶ
3716 1122 3817 1184 τὰς

430 1205 720 1280 beneﬁcia
739 1215 1154 1277 misericordia
1181 1205 1281 1277 tua
1300 1222 1390 1276 est
1418 1215 1655 1294 partita.
1679 1213 1761 1276 De
1785 1213 2073 1275 industria

2162 1207 2426 1284 ἐνεργείας
2486 1208 2559 1269 εἰς
2602 1205 2691 1263 δύο
2743 1208 3041 1285 εὐεργεσίας
3083 1211 3117 1276 ἡ
3176 1212 3246 1271 σὴ
3312 1209 3672 1289 φιλανθρωπία
3727 1208 3816 1265 δι-

431 1312 673 1386 proptei-
691 1304 977 1383 templum
1003 1312 1169 1366 tuum
1188 1323 1319 1365 sum
1342 1303 2073 1382 mentitus,dictorumque

2161 1298 2404 1375 ἔσχισεν.
2471 1294 2811 1370 Ἐψευδομην
2844 1297 2981 1352 ἑκὼν
3039 1294 3124 1352 διὰ
3165 1300 3257 1354 τὸν
3316 1300 3438 1355 ναόθ
3483 1321 3600 1372 σου,
3633 1301 3721 1355 καὶ
3779 1301 3816 1365 ἡ

432 1384 650 1457 veritas
694 1393 1016 1466 civitatem,
1050 1393 1362 1471 ignorante
1411 1410 1530 1465 me,
1582 1391 1857 1453 servavit.
1916 1390 2073 1465 Tibi,

2160 1384 2382 1453 ἀλήθεια
2444 1391 2550 1440 τῶν
2598 1384 2927 1462 λεγομένων,
2962 1384 3278 1462 ἀγνοοῦντος
3331 1391 3485 1464 ἐμοῦ,
3516 1390 3614 1455 τὴν
3656 1387 3820 1444 πόλιν

428 1481 683 1546 Domine
733 1484 914 1562 Deus,
947 1482 1165 1560 gratias
1193 1481 1424 1560 agimus
1473 1490 1533 1541 et
1561 1480 1702 1561 quid
1757 1479 1883 1555 tibi,
1919 1480 2073 1560 quod

2161 1472 2486 1553 διεφύλαξεν.
2549 1473 2980 1553 Εὐχαριστοῦμέν
3033 1496 3142 1550 σοι,
3180 1476 3425 1535 Δέσποτα
3456 1480 3484 1533 ὁ
3538 1479 3694 1549 Θεὸς,
3726 1474 3821 1535 καὶ

428 1572 655 1634 donare
683 1571 927 1649 dignum
952 1568 1581 1651 sit,oﬂ'eramus,dubii
1608 1571 1934 1632 haeremus.
1957 1569 2073 1632 Sed

2161 1562 2455 1651 ἀξιόχρεών
2523 1585 2573 1619 τι
2655 1563 3007 1651 προσενέγκαι
3091 1586 3176 1621 σοι
3262 1566 3583 1643 ἀπορῶμεν,
3657 1565 3812 1624 Ἀλλ’

426 1680 563 1724 cum
582 1678 783 1723 rerum
802 1660 1068 1721 omnium
1091 1658 1378 1720 Dominus
1394 1650 1502 1733 isis,
1533 1659 1822 1739 nihilque,
1850 1668 1912 1720 ut
1938 1677 2073 1721 cor-

2162 1650 2345 1717 ἐπειδή
2401 1652 2613 1707 πάντων
2666 1650 2958 1722 δεσπόζεις,
2994 1655 3079 1709 καὶ
3111 1652 3257 1710 οὐδὲν
3305 1652 3443 1733 δέχῃ
3472 1657 3548 1719 ὡς
3600 1651 3813 1733 καρδίας

429 1751 506 1812 da
535 1749 737 1812 debite
762 1756 949 1829 grata,
980 1748 1224 1828 recipis,
1262 1766 1405 1810 ecce
1435 1767 1506 1810 ea
1536 1766 1732 1810 coram
1765 1758 1823 1810 te
1855 1766 2070 1810 secun-

2162 1740 2217 1797 ἕν
2295 1742 2534 1807 εὐθύτητι
2597 1740 3037 1819 εὖχαριστούσας,
3102 1740 3211 1799 ἰδοὺ
3283 1745 3472 1802 ταύτας
3544 1743 3813 1823 ἐκχέομεν

426 1838 569 1899 dum
599 1837 757 1918 quod
792 1837 854 1897 in
887 1836 1142 1898 Psalmis
1169 1836 1598 1916 praescribitur,
1625 1836 2073 1911 eﬂundimus,ut

2162 1830 2389 1885 ἐνωπιόν
2469 1853 2563 1888 σου
2618 1852 2753 1887 κατα
2822 1832 2883 1887 τὸ
2958 1832 3313 1910 παράγγελμα
3380 1839 3440 1888 τὸ
3509 1832 3808 1908 ψαλμικὸν,

425 1934 508 2001 tu,
539 1926 749 2006 majori
779 1926 976 1987 adhuc
1010 1925 1426 1987 misericordia
1471 1927 1755 1998 exhibita,
1789 1945 1920 1996 nos,
1956 1945 2073 1988 non

2161 1920 2307 1983 ὅπως
2380 1920 2440 1974 σὺ
2496 1919 2572 1974 ἔτι
2631 1923 2718 1975 καὶ
2773 1918 2978 1994 μᾶλλον
3039 1921 3370 1998 οἰκτειρήσας
3452 1920 3810 2001 διαφυλάττῃς

422 2015 614 2077 solum
645 2034 678 2076 ti
708 2015 849 2076 feris
894 2014 1036 2095 illis,
1063 2014 1375 2077 hominum
1405 2015 1654 2077 formam
1691 2015 2072 2097 habentibus,

2160 2012 2324 2084 ἡμᾶς,
2355 2010 2415 2066 οὗ
2472 2010 2634 2083 μόνον
2693 2008 2754 2065 ἐκ
2782 2010 2885 2065 τῶν
2937 2009 3400 2089 ἀνθρωπομόρφων
3432 2014 3628 2088 θηριων
3678 2013 3812 2068 τού-

421 2104 525 2166 sed
551 2104 734 2167 multo
761 2104 954 2184 potius
984 2123 1016 2165 a
1041 2104 1458 2184 spiritualibus
1489 2105 1783 2186 hostibus,
1807 2108 1906 2184 qui
1940 2106 2074 2166 ani-

425 2211 553 2255 mas
591 2201 822 2256 nostras
856 2192 917 2255 in
946 2194 1292 2256 servitutem
1325 2195 1599 2273 redigere
1640 2195 1924 2257 continuo
1954 2206 2076 2258 stu-

424 2287 589 2362 dent,
632 2282 955 2358 custodias,
987 2285 1126 2365 quia
1158 2291 1217 2344 tu
1253 2293 1313 2344 et
1365 2285 1763 2364 spiritualium
1798 2293 1855 2347 et
1888 2286 2076 2347 sensi-

426 2371 633 2433 bilium
684 2371 977 2452 omnium,
1010 2381 1215 2452 utpote
1264 2382 1614 2435 cunctorum
1674 2374 1978 2456 conditor,
2011 2394 2075 2437 es

423 2460 739 2535 Dominus,
771 2473 951 2541 atque
987 2462 1061 2522 ad
1098 2472 1156 2523 te
1187 2462 1369 2523 virtus
1400 2471 1458 2523 et
1497 2472 1775 2542 potestas,
1813 2482 1923 2525 nec
1956 2483 2072 2526 non

420 2549 635 2612 Patriis
660 2560 722 2612 et
741 2550 877 2613 Filii
904 2559 965 2611 et
986 2548 1242 2629 Spiritus
1272 2558 1459 2613 sancti
1491 2570 1739 2631 regnum
1766 2562 1996 2632 spectat
2013 2555 2073 2615 in

424 2639 641 2702 secula
668 2638 857 2701 Amen
890 2638 1210 2713 (76;.Hunc
1235 2640 1294 2701 in
1309 2642 1550 2702 modum
1582 2660 1616 2702 a
1635 2641 1759 2703 viro
1781 2644 1930 2704 actis
1953 2642 2074 2706 Deo

425 2745 756 2808 magnoque
784 2737 989 2791 nostro
1025 2730 1429 2810 intercessori,
1454 2730 1888 2809 gloriosissimo
1921 2751 2076 2795 inar-

422 2819 554 2897 tyri,
586 2816 818 2898 gratiis,
843 2835 1074 2890 omnes,
1100 2817 1286 2880 Deum
1314 2819 1623 2882 laudantes
1643 2822 1885 2883 domum
1908 2821 2072 2884 abie-

420 2915 592 2984 runt;
628 2910 769 2989 quia
797 2907 914 2988 ipsi
947 2908 1229 2970 convenit
1255 2908 1446 2987 gloria
1479 2923 1537 2971 et
1562 2911 1754 2972 honor
1783 2920 1844 2973 et
1871 2911 2067 2993 impe-

417 2997 771 3073 rium,niinc
795 3006 852 3059 et
872 2997 930 3059 in
952 2997 1185 3060 inﬁnita
1206 2999 1420 3062 saecula
1443 3002 1820 3065 saeculorum.
1844 3002 2064 3067 Amen.

2158 2123 2288 2181 των,
2324 2101 2462 2157 ἀλλὰ
2515 2100 2651 2158 πολὺ
2694 2103 2948 2180 πρότερον
2977 2102 3085 2157 ἀπὸ
3132 2108 3240 2158 τῶν
3270 2103 3476 2169 νοητῶν
3537 2102 3815 2178 πολεμίων

2160 2197 2266 2246 τῶν
2324 2192 2418 2254 τὰς
2475 2192 2658 2270 χυχὰς
2715 2193 2871 2264 ἡμῶν
2929 2190 3010 2246 ἀεὶ
3068 2190 3405 2265 βουλομένων
3463 2192 3813 2271 αἰχμαλωτί-

2157 2279 2285 2353 ξειν,
2319 2280 2399 2336 ὅτι
2456 2282 2543 2335 καί
2576 2287 2679 2336 τῶν
2733 2286 2942 2345 νοητῶν
2987 2283 3073 2336 καὶ
3122 2281 3386 2347 αἰσθητῶν
3411 2281 3658 2337 ἁπάντων
3716 2281 3811 2338 δε-

2157 2376 2396 2442 σπόζεις,
2430 2370 2502 2432 ὡς
2555 2375 2660 2425 τῶν
2716 2368 2856 2424 ὅλων
2905 2372 3129 2448 ποιητή,
3160 2372 3248 2426 καὶ
3296 2378 3390 2427 σοῦ
3432 2370 3544 2427 ἐστι
3573 2374 3635 2429 τὸ
3674 2372 3808 2451 κρά-

2154 2480 2269 2532 τος,
2304 2466 2392 2515 και
2434 2461 2469 2525 ἡ
2518 2456 2746 2531 ἐξουσία,
2782 2460 2869 2514 καὶ
2919 2460 2981 2514 τὸ
3026 2457 3291 2534 βασίλειον
3335 2470 3427 2517 τοῦ
3458 2463 3659 2540 Πατρὸς
3718 2464 3810 2519 καὶ

2157 2558 2251 2607 τοῦ
2284 2549 2403 2603 ι’ίοῦ
2455 2548 2542 2604 καὶ
2588 2554 2680 2604 τοῦ
2727 2548 2880 2625 ἁγίου
2932 2550 3235 2621 Πνεύμττος
3285 2550 3358 2614 είς
3413 2551 3532 2613 τοὺς
3585 2550 3809 2615 αἰῶνας.

2160 2635 2360 2711 ’Δμήν,
2426 2635 2576 2695 Οὕτω
2632 2634 2698 2703 δὴ
2756 2643 2848 2693 τοῦ
2903 2634 3087 2712 ἀνδρὸς
3145 2639 3211 2693 τὰ
3275 2637 3659 2718 εὐχαριστήρια
3728 2642 3811 2714 τῷ

2160 2733 2276 2799 Θεῷ
2334 2728 2419 2782 καὶ
2451 2731 2524 2798 τῷ
2567 2724 2788 2804 μεγάλῳ
2840 2727 2995 2800 ἡμῶν
3048 2724 3343 2804 πρεσϐευτῇ
3402 2735 3478 2800 τῷ
3508 2727 3811 2803 πανινδόξῳ

2157 2818 2696 2894 προσανυμνήσαντος
2750 2816 2994 2892 μάρτυρι,
3058 2815 3286 2881 ἅπαντες
3343 2818 3417 2881 εἰς
3475 2817 3655 2881 οἴκους
3714 2821 3808 2875 τὸν

2156 2908 2287 2963 Θεὸν
2344 2904 2646 2976 δοξάζοντες
2678 2905 3056 2983 ἀνεχώρησαν,
3089 2905 3168 2961 ὅτι
3216 2907 3374 2963 αὐτοῦ
3427 2907 3633 2975 ἐστινὴ
3682 2908 3810 2973 δόξα

2151 2994 2250 3053 καὶ
2293 2996 2329 3062 ἡ
2358 2996 2492 3070 τιμὴ
2521 2996 2613 3050 καὶ
2642 2995 2702 3050 τὸ
2749 2994 3040 3073 βασίλειον,
3076 2996 3165 3050 νῦν
3193 2997 3281 3051 καὶ
3330 2997 3402 3061 εἰς
3435 2997 3553 3062 τοὺς
3582 2996 3809 3053 ἀτελευ-

2149 3087 2342 3156 τήτους
2393 3086 2586 3150 αἰῶνας
2615 3086 2720 3140 τῶν
2752 3084 2980 3143 αἰώνων.
3018 3085 3211 3151 Ἀμὴν.

1900 3225 2129 3285 CAPUT
2165 3224 2313 3282 XIII.

419 3311 519 3383 Qui
557 3314 833 3375 Avarilus
865 3314 1150 3390 improviso
1187 3316 1641 3391 Thessqlonicam_
1667 3320 2096 3391 aggredieniibus
2134 3325 2365 3382 Sanctus
2396 3314 2680 3391 restiterit,
2715 3314 2922 3391 langue
2954 3310 3316 3370 nihilominus
3357 3314 3546 3371 deinde
3573 3314 3670 3375 abs
3696 3316 3813 3375 illis

1338 3388 1518 3444 obma
1569 3389 1644 3444 ad
1690 3386 1929 3448 gamma:
1959 3398 2247 3468 angustias
2283 3394 2450 3465 fuerit
2491 3388 2703 3445 νεάαοία
2732 3386 2874 3456 (17)-

482 3499 885 3579 lO7.Tempus
907 3517 1051 3562 sane
1074 3499 1311 3561 tandem
1336 3509 1513 3576 est,et
1531 3504 1854 3566 venerandi
1890 3506 2063 3570 maxi-
2088 3516 2130 3567 c

421 3609 510 3651 me
527 3592 891 3664 civitatisque
914 3595 1161 3650 amantis
1184 3595 1449 3666 martyris
1483 3597 2072 3673 miraculorum,quod

417 3680 594 3758 longe
626 3684 714 3740 est
766 3677 1131 3759 praecipuum
1165 3678 1656 3760 reliquorumque
1702 3681 1885 3747 veluti
1916 3704 2073 3747 sum-

421 3767 698 3843 marium,
731 3766 1034 3845 tangendi,
1062 3765 1211 3828 illud
1242 3776 1436 3831 autem
1471 3768 1630 3852 dico,
1660 3772 1818 3852 quod
1857 3772 1918 3836 in
1952 3774 2075 3837 bel-

417 3856 634 3931 lorum,
669 3875 806 3937 quae
839 3854 1285 3918 Thessalonicae
1312 3877 1568 3938 unquam
1602 3860 1910 3940 obvenire,
1946 3882 2072 3927 ina-

417 3945 578 4009 ximo
626 3946 888 4008 dilucide
941 3945 1179 4022 effulsit,
1218 3966 1446 4028 nosque
1495 3968 1529 4009 a
1586 3950 1922 4030 periculosa
1978 3954 2075 4017 illa

417 4034 862 4126 incvitabilique
888 4036 1204 4099 obsidione
1234 4037 1639 4119 inexspectato
1673 4040 1969 4126 liberavit,
1989 4053 2075 4107 at-

418 4143 558 4207 que,
594 4134 659 4188 ut
688 4124 771 4189 ita
800 4126 1019 4201 dicam,
1058 4145 1091 4188 a
1119 4127 1367 4189 mortuis
1393 4133 1517 4191 lere
1547 4124 2073 4197 resuscitavit.rMi-

420 4215 606 4278 randa
627 4213 785 4278 enim
806 4214 1432 4298 illa,incredibilisque
1455 4236 1523 4280 ac
1546 4237 1760 4300 magna
1783 4224 2066 4300 narratio,

489 4348 618 4425 (76)_
651 4348 828 4408 Nemo
873 4358 981 4425 est,
1033 4350 1136 4420 qui
1187 4364 1302 4409 non
1342 4352 1552 4425 videat,
1585 4354 1735 4409 banc
1786 4356 2069 4425 prolixam

416 4421 728 4478 admodum
773 4422 1113 4490 orationem,
1152 4436 1289 4490 qua,
1325 4427 1422 4490 qui
1486 4424 1739 4482 hostium
1769 4421 1839 4482 ad
1875 4440 2070 4485 muros

419 4490 966 4549 Thessalonicenses
991 4494 1445 4562 inexspectatum
1470 4494 1777 4553 adventum
1803 4495 2067 4557 finxerat.

418 4566 631 4641 gratias
669 4562 787 4619 Deo
818 4577 883 4641 ac
909 4570 1105 4620 sancto
1134 4562 1426 4641 Demetrio
1448 4579 1569 4641 una
1601 4582 1756 4641 cuni
1780 4568 1889 4624 sibi
1924 4582 2072 4641 prae-

419 4635 676 4690 sentibus
711 4636 909 4704 egerit,
945 4648 1049 4705 pro
1107 4634 1348 4691 arbitrio
1376 4651 1405 4692 a
1439 4635 1657 4694 Joanne
1695 4634 2075 4698 Thessal'oni-

419 4708 605 4779 censi,
636 4714 931 4779 oratorum
982 4706 1044 4761 in
1065 4718 1294 4779 Amorem
1328 4708 1423 4763 hic
1472 4707 1741 4779 loquente
1772 4725 1899 4768 esse
1929 4726 2074 4770 con-

420 4774 632 4833 ﬁctam.
688 4774 889 4849 Verum
943 4775 1085 4849 quid
1137 4776 1207 4833 de
1237 4779 1406 4848 iacto,
1431 4774 1586 4849 quod
1640 4781 1813 4839 veluti
1872 4786 2076 4842 virtute

419 4846 703 4927 superiori
738 4846 1202 4927 patratu'mucap.
1239 4846 1502 4927 praesenti
1525 4865 1563 4927 _a
1608 4851 1831 4927 Joanne
1860 4869 2068 4927 propo-

419 4917 594 4995 nitur,
621 4917 1007 4976 cenSendum?
1037 4917 1177 4995 Cum
1203 4917 1345 4977 nihil
1380 4924 1641 4995 omnino,
1666 4925 1821 4995 quod
1851 4917 2065 4984 natura:

420 4992 573 5046 vires
621 5003 933 5063 cursumve
984 4991 1237 5055 excedat,
1293 4991 1725 5063 complectatur,
1760 5005 1844 5053 est
1904 5010 2061 5063 sane,

416 5075 529 5138 cur
551 5073 667 5138 non
697 5074 888 5138 nemo,
912 5062 1235 5120 Sanctnsne
1262 5062 1439 5138 adid
1466 5065 1794 5138 prodigiose
1818 5081 2069 5127 concur-

417 5132 578 5203 rerit,
609 5130 677 5203 in_
702 5133 942 5190 dubium
977 5143 1222 5196 revocet,
1254 5135 1359 5193 etsi
1408 5130 1822 5196 interim'raris
1867 5139 2070 5199 admo-

416 5201 570 5259 dum
593 5201 700 5274 adj'
729 5204 878 5260 nctis
909 5203 983 5261 sit
1016 5206 1305 5262 vesmum.

490 5292 605 5362 ('77)
640 5292 820 5368 Cap_u_t_
847 5290 1181 5368 licccodiqe
1223 5306 1416 5353 nostro
1447 5294 1675 5368 signato
1718 5298 1759 5364 +
1790 5315 1896 5356 ms.
1948 5301 2071 5367 193,

421 5363 477 5418 in
515 5378 627 5434 quo
676 5380 704 5417 e
738 5363 1102 5444 Bibliotheca:
1134 5363 1415 5444 Vaticana
1456 5363 1650 5425 codice
1682 5363 1782 5426 797
1819 5363 2073 5444 desetin

422 5445 539 5491 tum
578 5445 778 5497 exstiti,
812 5435 1008 5491 lectori
1061 5437 1404 5495 exhibemus
1436 5458 1450 5505 ;
1484 5449 1665 5496 exstat
1697 5454 1745 5497 et
1790 5444 1846 5499 iii
1879 5435 2074 5501 codice

417 5506 557 5580 olim
590 5508 920 5580 Mazaiinmo
943 5522 972 5563 a
1007 5505 1105 5563 fol.
1141 5508 1211 5563 96
1237 5523 1421 5580 usque
1451 5511 1519 5567 ad
1552 5512 1648 5568 fol.
1682 5526 1914 5570 versum
1949 5516 2070 5572 104.

421 5578 763 5652 Ambosbic
809 5579 980 5652 hosce
1010 5580 1261 5650 codices,
1295 5578 1470 5652 quod,
1506 5583 1562 5636 ni
1615 5586 1782 5652 ratio,
1815 5587 1871 5641 in
1901 5587 2074 5644 Com-

420 5650 705 5721 mentario
767 5651 982 5723 praetio
1048 5665 1208 5710 num.
1272 5650 1343 5707 28
1408 5652 1677 5726 allegata,
1740 5650 2070 5727 obstitisset,

2240 3507 2339 3586 ρξ’,
2404 3502 2593 3581 Καιρὸς
2643 3497 2698 3555 δὲ
2751 3496 2963 3578 λοιπὸν,
2995 3519 3083 3553 και
3132 3520 3224 3554 του
3281 3497 3812 3578 κεφαλαιωδεστάτου

2157 3605 2261 3654 τῶν
2316 3594 2597 3665 Θαυμάτων
2651 3589 2882 3664 ἅψασθαι
2940 3587 3035 3642 τοῦ
3076 3586 3377 3644 πανσέπτου
3436 3591 3524 3646 καὶ
3570 3590 3807 3670 φιλοπό-

2156 3685 2297 3749 λιδος
2343 3684 2629 3763 μάρτυρος,
2660 3677 2803 3757 λέγω
2846 3675 2911 3745 δὴ
2972 3683 3062 3733 τοῦ
3120 3678 3256 3733 γατὰ
3284 3680 3373 3734 τὸν
3417 3680 3669 3757 μέγιστον
3700 3684 3811 3739 τῶν

2159 3778 2376 3833 πώποτε
2433 3770 2733 3852 γενομένων
2790 3769 2859 3844 τῇ
2922 3763 3282 3843 Θεσσαλονίκῃ
3344 3768 3594 3844 πολέμων
3652 3792 3811 3848 περι-

2157 3871 2335 3937 φανῶς
2386 3861 2817 3937 ἐπιλάμψαντον,
2871 3856 2959 3912 καὶ
3029 3854 3125 3924 τῆς
3194 3855 3535 3920 κινδανώδους
3599 3860 3810 3928 ἐκείνης

2158 3927 2244 4013 λαὶ
2330 3951 2647 4032 ἀδιαφύκτου
2742 3946 3048 4022 πολιορκίας
3076 3993 3092 4022 ,
3177 3943 3590 4023 ἀπροσδοκήτως
3662 3948 3811 4025 ἡμᾶς

2155 4043 2535 4109 διασώσαντος,
2587 4039 2675 4095 καὶ
2733 4034 2928 4115 σχεδὸν
2987 4036 3158 4092 εἰπεῖν
3206 4035 3265 4090 ἐκ
3309 4043 3505 4115 νεκρῶν
3564 4038 3810 4110 ἀναστή-

2154 4155 2369 4197 σαντος.
2416 4138 2581 4191 Τοῦτο
2641 4129 2740 4206 γὰρ
2796 4127 2857 4181 τὸ
2898 4126 3223 4200 θὰυμαστὸν,
3286 4128 3374 4181 καὶ
3425 4127 3809 4207 ἀπιστοφανὲς,

2153 4226 2240 4281 καὶ
2324 4222 2462 4301 μέγα
2545 4218 2857 4295 διηγήματα
2958 4216 3284 4293 ποραστήσει
3382 4215 3689 4297 τηλαυγῶς,
3762 4221 3811 4274 εἰ

2153 4348 2539 4425 quantumiad
2588 4344 2933 4425 alia_omnia_
2981 4344 3100 4425 jam
3136 4345 3262 4425 data
3304 4359 3589 4425 acporro
3619 4347 3810 4425 danda

2153 4416 2330 4497 liuius
2365 4440 2396 4481 a
2426 4424 2648 4497 Joanne
2690 4416 3201 4497 _'l‘be_ssa_lo_nicensi
3231 4416 3590 4497 concinnata;
3645 4421 3818 4477 lucu-

2155 4487 2434 4554 brationis
2473 4491 2657 4564 capita
2690 4487 2844 4547 haud
2894 4488 3066 4564 dubie
3098 4492 3617 4564 iecissem,_seduto
3667 4506 3814 4549 con-

2156 4568 2284 4631 tuli.
2324 4559 2830 4637 eosque'comperi
2890 4562 2948 4616 in
3010 4559 3355 4637 lectionibus
3385 4561 3635 4637 invicem
3690 4576 3811 4637 non

2154 4651 2289 4697 raro
2347 4632 2627 4695 divérsos.
2668 4632 2881 4690 Harum
2929 4641 3127 4688 notatu
3160 4632 3340 4703 magis
3376 4632 3581 4703 dignas
3632 4633 3720 4690 vel
3749 4639 3812 4691 in

2157 4711 2453 4767 Adnotatis
2484 4710 2578 4764 hic
2609 4705 3005 4776 sequentibus,
3040 4703 3088 4758 si
3121 4703 3413 4773 longiores
3445 4716 3584 4769 sint,
3616 4704 3730 4771 vel,
3760 4710 3815 4762 si

2157 4778 2536 4856 breviusculie
2553 4786 2798 4856 tantum,
2818 4777 2884 4856 in
2914 4776 3253 4856 paginarum
3287 4779 3550 4856 margine
3578 4776 3652 4856 ob
3670 4790 3818 4856 θρα..

2158 4856 2244 4911 los
2291 4866 2461 4923 pono.
2497 4853 2681 4923 Atque
2731 4849 2785 4904 id
2814 4848 2890 4904 ita
2937 4855 3281 4923 pimsio,_ut,
3318 4852 3364 4902 si
3406 4848 3620 4923 codicis
3674 4849 3816 4923 olim

2155 4918 2465 4981 Mazarinei
2500 4918 2799 4989 lectiones,
2830 4919 2983 4988 quod
3015 4927 3067 4989 et
3126 4918 3459 4989 plerumque
3490 4918 3577 4989 ῆι,
3609 4922 3816 4976 melio-

2148 5010 2242 5052 res
2271 4994 2481 5062 sint,lis
2504 4994 2672 5050 etiam
2707 4990 3024 5047 versionem
3048 4988 3309 5062 Laiinam
3350 4988 3812 5058 accommodem,

2151 5068 2348 5125 Graeco
2376 5061 2629 5134 interim,
2658 5068 2758 5135 qui
2792 5062 2931 5118 huic
2964 5061 3297 5135 respondet,
3314 5064 3531 5118 codicis
3558 5064 3741 5135 nostri
3769 5062 3819 5130 1-

2153 5154 2259 5197 ms.
2296 5136 2398 5193 l93
2443 5131 2622 5204 teXtu,
2654 5131 2784 5192 iitut
2840 5136 3010 5189 etiam
3039 5131 3283 5189 subinde
3326 5135 3623 5195 mendoso,
3662 5133 3817 5191 inte-

2195 5226 2258 5267 ro
2316 5210 2539 5267 ieticto.
2573 5210 2821 5263 I’liBSt‘DS
2872 5217 3038 5273 porro
3081 5217 3249 5273 caput
3299 5204 3356 5259 in
3416 5205 3614 5263 codice
3669 5207 3819 5264 olim

2210 5284 2512 5348 azarineeo,
2549 5294 2603 5335 in
2636 5294 2770 5348 quo,
2807 5286 2861 5331 ut
2907 5276 3025 5346 jam
3058 5278 3197 5341 αἰεί,
3230 5286 3433 5338 exstat,
3474 5292 3818 5347 sequentem

2159 5352 2316 5414 hunc
2350 5353 2589 5413 brevem
2623 5348 2943 5411 admodum
2981 5350 3215 5426 prazlert
3244 5348 3476 5408 titulum
3505 5370 3520 5409 :
3559 5354 3680 5426 Περὶ
3711 5356 3813 5418 τῆς

2157 5436 2401 5512 πολιορκί
2407 5455 2462 5499 ας
2475 5439 2571 5500 τῆς
2587 5431 2815 5512 πόλεως,
2828 5430 2911 5489 De
2928 5430 3200 5489 civitatis
3216 5429 3814 5512 obsidione;verbuiii

2159 5515 2226 5579 is,
2260 5508 2402 5585 quid
2430 5527 2558 5582 cap.
2592 5508 2850 5585 subjecto
2882 5521 3177 5585 memorias
3210 5511 3691 5585 proda_tur,_naud
3719 5525 3824 5568 sa-

2160 5588 2252 5651 tis,
2278 5579 2293 5585 '
2320 5587 2400 5642 uti
2459 5579 2865 5653 consideranti
2911 5579 3139 5653 patebit,
3182 5582 3437 5649 exponit,
3473 5579 3725 5653 hincque
3763 5585 3821 5642 ei

2156 5650 2359 5723 otium,
2391 5670 2564 5729 quem
2596 5655 2693 5715 hic
2713 5650 2923 5715 cernis,
2958 5650 3305 5711 substitueie
3336 5656 3426 5711 est
3457 5650 3665 5715 Visum.
