4124 6414
302 373 457 447 1285

1381 381 1442 450 S.
1489 384 1866 454 DEMETRII
1921 380 2324 453 MARTYRIS
2363 376 2584 452 ACTA.

3529 359 3684 453 11386

293 516 393 574 καί
464 515 633 591 μηδὲν
704 516 836 574 ἄλλο
906 516 1286 599 προελέλεκτο,
1334 530 1427 580 τοῦ
1494 522 1789 604 ἀθλοφόροι)
1844 524 1942 591 τὴν

2031 521 2263 585 etiamsi
2321 521 2470 585 nihil
2520 519 2683 584 aliud
2729 528 2888 584 esset
2944 519 3338 601 praemissum,
3395 518 3673 582 eximiam

293 604 696 683 ἀνυπέρϐλητον
753 605 995 681 δύναμιν,
1052 609 1132 663 καὶ
1224 611 1285 665 τὸ
1372 615 1471 677 τῆς
1556 612 1947 693 φιλανθρωπίας

294 696 456 752 αὒτοῦ
511 696 865 771 θεομίμητον,
914 698 1001 753 καὶ
1058 700 1119 753 τὸ
1192 700 1308 777 περὶ
1351 701 1451 767 τὴν
1495 702 1648 758 πόλιν
1707 700 1948 780 κηδεμο-

294 784 469 846 νικόν,

377 874 496 951 ρη¹.
545 875 645 931 Τοῦ
693 871 746 928 δὲ
804 874 903 953 γὰρ
955 875 1115 955 χάριν
1174 876 1261 932 καὶ
1326 876 1632 938 τελευταῖον
1684 903 1780 949 της
1812 903 1945 959 συγ-

292 968 502 1043 γραφῆς
577 962 703 1019 αὒτὸ
759 963 1085 1044 συντέταχα,
1142 965 1213 1027 ὡς
1274 965 1337 1021 ἂν
1380 967 1775 1047 ἀπερισπάστου
1847 976 1945 1037 τῆς

293 1051 465 1119 ἆκοῆς
525 1054 675 1128 ὑμῶν
750 1049 1232 1132 διαφυλαχθείσης,
1304 1057 1392 1113 καὶ
1456 1064 1524 1134 τῇ
1584 1058 1784 1138 μελέτη
1840 1066 1947 1116 τῶν

293 1139 593 1218 εἰρημένων
650 1140 749 1209 τῆς
807 1142 1027 1217 μνήμης
1085 1156 1207 1206 ταῖς
1264 1142 1516 1210 διανοίαις
1573 1149 1720 1223 ὑμῶν
1791 1171 1946 1225 περι-

293 1231 582 1303 σωθείσης,
647 1232 1036 1310 παρασκευάσω
1092 1233 1187 1298 τὰς
1235 1232 1450 1311 καρδίας
1507 1236 1719 1293 πάντων
1791 1236 1945 1303 ἀνεξ-

295 1318 576 1384 αλείπτους
636 1320 730 1383 τὰς
786 1325 887 1387 τῆς
945 1321 1286 1401 εὖχαριστίας
1345 1323 1641 1402 ὁμολογίας
1682 1329 1741 1384 οὗ
1783 1328 1947 1402 μόνον

296 1414 353 1468 ἑν
408 1412 593 1492 σαρχὶ,
628 1410 767 1467 ἀλλὰ
812 1411 907 1468 καὶ
940 1414 1076 1488 μετὰ
1126 1414 1225 1481 τὴν
1257 1412 1430 1481 ἔξοδον
1480 1419 1610 1496 πρὸς
1642 1420 1732 1475 τὸν
1782 1417 1944 1484 ἀλεξί-

296 1522 463 1557 κακον
547 1502 635 1557 καὶ
734 1501 1079 1581 σωσίπατριν⁶
1166 1502 1457 1584 ἀθλοφόρον
1557 1504 1946 1588 διαφυλάττειν,

296 1588 436 1646 οὕτω
479 1609 537 1645 τε
575 1592 944 1666 (αρπωσασθαι
998 1592 1153 1667 ὑμᾶς,
1191 1593 1269 1667 μὴ
1323 1594 1422 1661 τὴν
1481 1594 1535 1650 ἐν
1585 1602 1661 1671 τῷ
1688 1597 1787 1673 βίῳ
1824 1597 1952 1652 τού-

2031 611 2428 674 certaminum
2456 609 2712 673 Victoris
2735 608 3059 692 potentiam
3081 615 3136 671 et
3161 608 3468 690 illius,qua
3489 607 3674 671 Deum

2033 699 2802 782 imitatur,misericordiam
2829 717 3157 782 curamque
3180 717 3286 779 pro
3305 697 3672 777 civitate(78)

2031 790 2367 852 luculenter
2394 790 2696 852 ostendet.

2118 879 2250 943 108.
2283 876 2456 943 Hunc
2486 887 2685 943 autem
2711 880 2766 940 in
2802 879 2982 940 tinem
3012 885 3070 940 et
3103 878 3216 940 hoc
3249 877 3486 940 tandem
3518 877 3675 940 scri-

2034 968 2253 1049 ptionis
2288 967 2619 1048 composui,
2655 979 2720 1030 ut
2750 966 2953 1029 auditu
2985 977 3186 1029 vestro
3220 987 3338 1028 non
3367 964 3673 1049 distracto,

2031 1056 2448 1139 dictorumque
2499 1057 2788 1119 memoria
2838 1056 3294 1137 cogitationibus
3326 1056 3536 1118 vestris
3568 1070 3695 1138 per

2034 1146 2478 1209 meditationem
2506 1150 2817 1227 impressa,
2851 1145 3036 1208 corda
3068 1146 3486 1228 omnium,quo
3520 1152 3675 1207 assi—

2030 1236 2175 1298 duas
2196 1236 2345 1315 grati
2394 1236 2576 1297 animi
2606 1236 3018 1297 confessiones
3053 1255 3171 1297 non
3203 1235 3392 1297 solum
3428 1236 3487 1296 in
3534 1253 3675 1297 car-

2031 1343 2128 1399 ne,
2164 1325 2269 1387 sed
2295 1334 2352 1387 et
2383 1332 2513 1405 post
2540 1323 2762 1385 obitum
2792 1343 2929 1402 erga
2960 1325 3317 1386 clementem
3352 1324 3677 1404 patriaeque

2031 1421 2362 1475 servantem
2397 1412 2792 1476 certaminum
2824 1411 3127 1476 Victorem
3153 1414 3540 1490 conservatis,
3570 1431 3677 1494 pa-

2036 1510 2166 1564 rata
2198 1502 2473 1576 efﬁciam,
2529 1502 2728 1582 itaque
2771 1521 2898 1577 vos,
2960 1522 3078 1563 non
3109 1501 3300 1563 solum
3333 1502 3392 1562 in
3422 1502 3532 1563 hac
3562 1501 3681 1564 vita

2038 1593 2314 1671 martyris
2370 1592 2787 1673 patrocinium,
2850 1592 2954 1655 sed
3011 1600 3069 1653 et
3117 1590 3422 1653 faciendas
3474 1591 3547 1653 ab
3607 1608 3679 1654 eo

294 1701 373 1754 τῳ
416 1678 736 1754 προστασίαν
796 1678 960 1753 μόνον
989 1686 1083 1737 τοῦ
1136 1682 1422 1760 μάρτυρος,
1456 1682 1592 1741 ἀλλὰ
1624 1687 1709 1742 καὶ
1742 1687 1834 1750 τὰς
1899 1688 1942 1741 ει

2034 1682 2189 1761 apud
2237 1681 2533 1761 judicem,
2596 1681 2790 1762 decipi
2853 1700 2968 1743 non
3031 1682 3359 1761 valentem,
3395 1681 3683 1743 asanctis

294 1774 374 1842 τῷ
450 1764 655 1847 φοϐερῷ
710 1768 914 1844 βήματι
987 1772 1078 1825 τοῦ
1165 1774 1391 1848 Χριστοῦ
1473 1772 1748 1852 πρεσϐείας
1822 1775 1942 1854 ὑπὲρ

2034 1770 2158 1832 suis
2187 1769 2557 1851 interpellari
2611 1781 2941 1845 amantem,
3012 1770 3415 1851 precibusque
3442 1788 3677 1851 eorum,

294 1858 454 1931 ἡμῶν
512 1855 639 1935 παρ’
700 1855 858 1913 αὒτοῠ
909 1859 1041 1936 πρὸς
1089 1859 1179 1915 τὸν
1233 1859 1660 1941 ἀπαραλόγιστον
1717 1884 1942 1942 γενησο-

2035 1869 2098 1920 ut
2127 1857 2314 1920 Deum
2347 1859 2539 1934 decet,
2597 1867 2984 1935 annuentem,
3038 1860 3096 1921 in
3158 1858 3409 1921 terribili
3461 1857 3697 1920 Cltristi'

294 1946 463 2024 μένας
529 1947 715 2025 κριτὴν
756 1948 845 2005 τὸν
908 1947 1158 2027 φιλοῦντα
1211 1951 1352 2026 παρὰ
1410 1953 1516 2008 τῶν
1573 1953 1736 2031 ἁγίων
1795 1958 1942 2014 αὒτοὶ

2035 1948 2319 2011 tribunali
2356 1967 2460 2030 pro
2493 1948 2667 2011 nobis
2695 1949 3161 2012 intercessiones
3193 1947 3535 2012 obtineatis.

295 2038 583 2115 αἰτεῖσθαι,
640 2038 726 2093 καὶ
771 2037 866 2100 τὰς
913 2039 1086 2097 αὐτῶν
1130 2037 1373 2104 ἀξιώσεις
1417 2043 1725 2121 θεοπρεπῶς
1779 2067 1946 2124 χαρι-

293 2126 543 2200 ζόμενον,

379 2214 484 2294 ρθ¹.
559 2214 780 2294 Λέγεται
852 2218 973 2295 περί
1042 2240 1189 2282 τινος
1267 2219 1581 2297 πράγματος
1665 2221 1945 2289 ἠξιωκέναι

295 2304 408 2362 τῶν
467 2306 759 2374 τηνικαῦτα
818 2313 924 2362 τῶν
998 2305 1238 2387 Ἀὄάρων
1318 2310 1614 2387 ἡγούμενον
1668 2313 1945 2370 στείλαντα

296 2391 541 2471 πρέσϐεις
597 2396 729 2472 πρὸς
812 2396 904 2450 τὸν
965 2397 1062 2462 τῆς
1134 2394 1382 2461 εὖσεϐοὗς
1440 2398 1668 2471 λήξεως,
1736 2402 1825 2458 καὶ
1881 2403 1946 2458 τὰ

295 2483 567 2568 σκῆπτραΔ
603 2485 703 2551 τῆς
750 2486 1026 2559 Ῥωμαίων
1070 2485 1250 2566 ἀρχῆς
1307 2488 1611 2568 κατέχοντα
1653 2492 1772 2547 τότε
1805 2498 1947 2551 Μαι.)-

294 2574 487 2654 ρίκιον.
550 2562 643 2640 Ὠς
698 2572 752 2631 δὲ
806 2562 1231 2655 ἠστόχητοντῖῆς
1276 2562 1559 2655 αἰτήσεως,
1621 2580 1754 2659 ὀργῇ
1804 2584 1941 2638 ἅκα-

291 2660 547 2742 τασχέτῳ
590 2663 842 2744 φλεχθεὶς
886 2667 973 2720 καὶ
1028 2665 1106 2739 τῷ
1136 2667 1528 2745 παρακούσαντι
1576 2668 1745 2745 μηδὲν
1781 2672 1944 2739 ποιῆ-

294 2773 387 2808 σαι
417 2750 729 2827 δυνάμενος,
777 2752 976 2833 τρόπον
1031 2752 1261 2829 ἐπινοεῖ,
1315 2752 1384 2812 δι’
1413 2758 1475 2814 οὗ
1511 2758 1747 2833 μάλιστα
1801 2764 1944 2835 αὖτῷ

295 2838 552 2907 ὁδυνῆσαι
604 2841 671 2897 τὰ
728 2841 957 2920 μέγιστα
1005 2843 1357 2921 ὑπετόπαζεν,
1395 2843 1525 2921 ὅπερ
1574 2848 1640 2916 ἧν
1690 2850 1778 2906 καὶ
1830 2872 1942 2906 πα-

291 2928 544 2998 νᾶὶηθες.
580 2932 873 3001 Σκοπήσας
902 2932 1004 3013 γὰρ
1053 2934 1127 2996 ὡς
1180 2934 1393 3002 ἀπάσης
1438 2935 1648 3001 πόλεως
1698 2938 1836 2995 κατά
1888 2961 1944 2996 τε

294 3019 536 3097 Θρᾴκην,
588 3023 676 3077 καὶ
720 3026 824 3077 πᾶν
891 3022 950 3078 τὸ
994 3021 1309 3101 Ἰλλυρικὸν,
1356 3026 1390 3093 ἡ
1435 3026 1788 3107 θεοφύλακτος
1840 3032 1945 3085 τῶν

295 3108 730 3166 Θεσσαλονικέων
809 3111 1144 3188 μητρόπολις
1204 3110 1612 3188 ὑπερϐαλόντως
1690 3116 1943 3199 ὑπερέχει

291 3198 508 3274 πλούτῳ
567 3220 625 3255 τε
701 3199 929 3276 ποικίλῳ
963 3249 980 3281 ,
1033 3201 1129 3258 καὶ
1185 3201 1476 3280 ἀνθρώποις
1529 3205 1797 3272 εὖθεάτοις
1855 3209 1941 3265 καὶ

294 3301 562 3360 συνετοῑς,
624 3289 710 3345 καὶ
778 3291 1338 3367 Χριστιανικωτάτοις,
1392 3295 1480 3349 καὶ
1522 3293 1707 3359 ἁπλῶς
1768 3298 1942 3355 εἰπεῖν

293 3378 448 3455 γνοὺς
493 3380 564 3466 ὡς
609 3377 664 3434 ἐν
693 3377 880 3466 καρδίᾳ
935 3379 1197 3456 βασιλέως
1255 3394 1435 3439 κεῖται
1479 3385 1513 3453 ἡ
1571 3385 1941 3466 προλεχθετσα

292 3465 631 3556 μητρόπολις
688 3465 772 3526 διὰ
815 3469 876 3524 τὸ
932 3467 1165 3544 λάμπειν
1211 3470 1586 3554 ἁπανταχόθεν
1643 3465 1779 3540 τοῖς
1812 3500 1941 3556 προ-

288 3554 579 3637 τερήμασι,
629 3559 716 3614 καὶ
796 3557 877 3613 ὅτι
956 3560 1154 3627 ταύτης
1211 3567 1317 3617 τῶν
1381 3560 1801 3642 ἀπροσδοκήτων
1856 3554 1939 3623 ήτι

293 3647 592 3727 παθούσης,
641 3650 744 3727 οὔχ
800 3647 962 3716 ἧττον
1011 3671 1110 3715 της
1160 3652 1267 3705 τ’ὗν
1325 3651 1526 3707 τέκνων
1586 3659 1797 3731 σφαγῆς
1830 3652 1943 3711 ὀδο-

293 3735 438 3812 νήσῃ
482 3738 571 3791 τὸν
614 3736 673 3792 τὰ
724 3734 1002 3814 ρωμαϊκὸν
1058 3739 1252 3815 κράτος
1303 3739 1720 3821 ἀνεστεμμένον,
1783 3744 1946 3801 καλεῖ

293 3823 427 3895 πρὸς
475 3823 661 3880 ἑαυτὸν
714 3823 812 3890 τὴν
843 3824 1054 3881 ἅπασαν
1112 3831 1218 3881 τῶν
1251 3825 1586 3885 Σκλαϐινιῶν
1629 3832 1939 3909 θρησκείαν,

292 3913 384 3969 καὶ
440 3911 676 3982 θηριώδη
736 3912 907 3992 φυλὴν
982 3914 1245 3991 (ὑπέκειτο
1322 3916 1422 3994 γὰρ
1477 3921 1621 3993 αὖτῷ
1675 3920 1736 3975 τὸ
1797 3918 1943 3984 ἔθνος

290 4001 486 4079 ἅπαν),
548 4003 634 4059 καὶ
694 4003 989 4080 προσμίξας
1051 4006 1238 4069 αὐτοῖς
1300 4007 1390 4062 καὶ
1448 4005 1760 4086 ἆλλογενεϊς
1798 4033 1945 4075 τινας

290 4087 599 4179 βαρϐάρους
641 4099 954 4170 στρατεῦσαι
1014 4094 1216 4158 πάντας
1261 4095 1399 4152 κατὰ
1456 4105 1554 4163 τῆς
1611 4100 1945 4179 θεοφρουρή-

290 4201 387 4238 του
418 4178 810 4248 Θεσσαλονίκης
842 4182 1293 4259 παρεκελεύσατο.

374 4282 507 4373 (78)
537 4284 742 4373 Codeit
771 4286 1336 4373 olim_Mazarinaeus
1368 4292 1481 4354 hoc
1505 4292 1635 4355 loco
1665 4291 1810 4373 legit
1842 4296 1940 4353 Καὶ

290 4366 359 4424 τὸ
384 4370 485 4433 τῆς
518 4367 637 4446 περὶ
684 4367 799 4452 τὴν.
846 4367 1001 4452 πόλιν
1044 4368 1369 4452 ,κηδεμονίας
1416 4366 1755 4452 ἀσόγκριτονῖ
1786 4374 1938 4437 adeo

290 4454 382 4507 ut.
408 4458 541 4525 cum
584 4445 753 4525 verba
786 4446 910 4525 haec
943 4446 1138 4506 Latine
1184 4445 1410 4525 Sonent,
1454 4473 1475 4504 α
1507 4445 1684 4525 Ᾰιιῂιιο
1714 4445 1935 4512 incom-

293 4515 612 4588 parabilem
644 4516 715 4573 de
749 4516 980 4577 civitate
1008 4533 1229 4585 curam,
1277 4541 1300 4573 ι
1337 4515 1531 4582 Graeco
1563 4515 1771 4584 e'odicis
1802 4538 1939 4584 nos-

293 4584 587 4680 _Ams.
614 4588 725 4680 '193
754 4592 952 4680 textui,
970 4590 1713 4680 solummodosuperaddat
1741 4596 1939 4680 adjee-
1958 4615 2005 4669 ο

292 4656 477 4744 tivum
532 4660 874 4744 &ati~.xp_ttoc,
916 4656 1460 4744 Aincomparabt'lis',
1493 4656 1940 4732 constructione

288 4736 505 4821 Crassis
541 4736 870 4821 admodum
906 4736 1177 4821 familiari
1232 4736 1586 4821 substantive
1617 4756 1939 4821 acceptum,

290 4808 667 4901 substantive
697 4810 1014 4888 κηδεμονία,
1035 4829 1210 4891 cura,
1242 4816 1399 4896 quod
1425 4818 1530 4880 abs
1564 4837 1633 4881 eo
1663 4808 1936 4897 amciter,

293 4892 539 4962 genitivi
569 4904 709 4948 casu
738 4905 1034 4962 expresso.

368 4958 489 5030 (79)
515 4963 653 5020 Cum
705 4958 1001 5021 ladritius
1054 4964 1127 5022 ab
1166 4978 1319 5024 anno
1349 4966 1454 5023 582
1486 4968 1556 5027 ad
1587 4984 1805 5028 annum
1842 4985 1943 5027 us-

292 5044 413 5112 que
453 5033 582 5112 δοξ,
622 5035 703 5112 uti
736 5033 883 5092 inter
920 5035 1178 5112 eruditos
1209 5038 1381 5112 modo
1422 5043 1714 5112 convenit,
1766 5044 1942 5112 impe-

291 5104 385 5161 rio
413 5104 732 5174 praefuerit,
764 5109 1184 5166 consectarium
1240 5108 1378 5166 hinc
1434 5111 1610 5169 simul
1641 5104 1709 5170 et
1730 5126 1799 5171 ex
1830 5104 1942 5170 hoc

294 5178 504 5246 capitis
533 5178 832 5255 presean
866 5179 993 5255 loco
1033 5178 1118 5255 ﬁt,
1164 5184 1228 5236 ut
1256 5180 1530 5255 Avarum,
1564 5183 1634 5241 de
1673 5198 1784 5255 qua
1833 5184 1942 5242 hoc

293 5258 449 5329 ουρ..
497 5257 702 5305 contra
755 5247 1221 5329 Thessalonicam
1248 5247 1561 5329 egpeditio,
1616 5247 1773 5313 certo
1818 5268 1937 5329 non

293 5318 488 5396 serius
526 5332 699 5396 quam
730 5332 884 5376 anno
914 5318 1040 5386 602,
1072 5334 1187 5396 nec
1213 5318 1402 5396 citius,
1434 5318 1605 5396 quam
1649 5339 1803 5383 anno
1831 5325 1940 5382 582

290 5389 588 5467 acciderit.
622 5390 830 5467 verum
863 5403 1104 5467 eventus
1153 5392 1313 5451 illius
1371 5389 1649 5467 epocbam
1696 5398 1837 5453 intra
1871 5397 1942 5455 ad

290 5464 417 5532 not.
448 5460 520 5517 86
551 5462 729 5519 multo
764 5463 1037 5532 proprius
1064 5460 1597 5525 determinabimus.

364 5531 623 5608 (80)__Etsi
675 5531 915 5608 quidem
965 5533 1358 5608 Theophanes,
1397 5537 1728 5608 Simocatta,
1758 5540 1942 5597 Zona-

289 5612 387 5678 ras
419 5604 635 5678 aliique
665 5602 997 5678 Graecorum
1031 5602 1292 5667 historici
1323 5611 1536 5678 passim
1587 5602 1741 5668 ohvi'i
1772 5627 1834 5668 ea
1882 5612 1938 5669 in

292 5671 561 5750 Mauritio'
593 5676 977 5750 suppeditent,
1003 5689 1075 5750 ex
1117 5671 1339 5750 quibus
1357 5691 1493 5738 tunc
1524 5683 1773 5740 Avarum
1806 5682 1937 5739 duci

289 5757 396 5806 seu
424 5745 570 5822 regi,
603 5745 717 5821 qui
762 5747 1018 5823 Chagani
1077 5745 1336 5821 nomine,
1371 5753 1644 5814 omnibus
1701 5767 1940 5831 prorsus

2114 2216 2515 2280 109.Av:trum
2544 2226 2685 2280 tunc
2713 2216 2993 2297 temporis
3029 2217 3148 2278 dux
3180 2215 3427 2295 legatos,
3463 2224 3678 2279 utrem

2029 2306 2367 2387 quampiam
2397 2315 2648 2387 peteret,
2683 2306 2757 2369 ad
2789 2306 2901 2388 piae
2934 2307 3267 2385 memoriae,
3317 2305 3415 2387 qui
3444 2316 3497 2368 et
3540 2314 3703 2367 tunc-

2028 2396 2434 2458 Bomanorum
2479 2397 2718 2478 imperii
2767 2407 3005 2478 sceptra
3039 2395 3300 2472 tenebat,
3337 2394 3677 2458 Mauritium

2030 2484 2266 2547 misisse
2298 2495 2573 2548 narratur
2604 2484 2913 2566 (79).Cum
2945 2496 3145 2547 autem
3179 2504 3212 2546 a
3244 2485 3540 2566 postulato
3571 2501 3681 2546 suo

2028 2571 2391 2649 aberrasset,
2446 2575 2534 2636 ira
2562 2575 2774 2639 effreni
2828 2574 3136 2651 incensus,
3172 2573 3373 2655 eique,
3406 2573 3508 2654 qui
3538 2591 3677 2636 cum

2028 2663 2316 2727 exaudire
2348 2664 2803 2738 noluerat,nihil
2835 2666 3033 2728 facere
3064 2663 3544 2736 valens,modum
3578 2679 3677 2725 ex-

2028 2752 2327 2835 cogitavit,
2364 2774 2480 2835 quo
2513 2758 2836 2836 praecipue,
2873 2764 2934 2816 ut
2989 2754 3244 2816 maximo
3277 2770 3414 2816 eum
3470 2751 3680 2817 dolore

2026 2840 2583 2918 atticeret,futurum
2610 2841 3056 2925 suspicabatur;
3082 2841 3247 2924 quod
3273 2850 3329 2903 et
3352 2849 3478 2903 erat
3500 2846 3680 2904 veris-

2026 2930 2263 2992 simum.
2300 2929 2445 2994 Cum
2478 2932 2661 3008 enim,
2698 2931 2977 2994 omnibus
3011 2941 3068 2994 et
3124 2930 3184 2992 in
3240 2928 3497 2992 Thracia
3526 2930 3679 2994 etin

2027 3018 2261 3101 Illyrico
2293 3020 2631 3083 civitatibus
2655 3020 3007 3083 custoditum
3042 3039 3073 3083 a
3121 3018 3244 3082 Deo
3289 3016 3679 3083 Thessaloni-

2026 3109 2296 3172 censium
2329 3112 2708 3191 metropolim
2741 3119 2799 3173 et
2830 3110 3052 3173 divitiis
3086 3107 3337 3171 diversis
3368 3115 3425 3169 et
3446 3108 3679 3173 solerti-

2028 3200 2133 3258 bus
2157 3201 2703 3274 perspicacibusque
2725 3217 2790 3259 ac
2813 3199 3324 3259 Cbristianissimis
3346 3199 3679 3258 hominibus

2026 3302 2207 3365 supra
2238 3285 2478 3348 modum
2539 3286 2833 3361 eminere,
2886 3292 3086 3365 atque,
3133 3291 3200 3346 ut
3240 3283 3421 3346 verbo
3452 3282 3672 3366 dicam,

2025 3379 2352 3448 praedictam
2379 3377 2761 3451 metropolim,
2804 3379 2957 3453 quod
2983 3377 3372 3450 praerogativis
3393 3377 3511 3435 suis
3532 3392 3677 3451 qua-

2024 3481 2258 3525 versum
2285 3463 3005 3545 splenderet,imperatori
3037 3462 3206 3525 cordi
3234 3479 3397 3544 esse,
3432 3464 3678 3545 ipsaque

2025 3551 2497 3633 inexspectatum
2532 3554 2671 3635 quid
2706 3554 3125 3634 patiente,non
3162 3552 3364 3614 minus
3394 3571 3570 3633 quam
3600 3552 3678 3616 de

2031 3641 2288 3702 ﬁliorum
2312 3642 2602 3724 caede,qui
2623 3642 2889 3705 Romana
2903 3641 3174 3722 potentia
3192 3642 3509 3704 redimitus
3523 3653 3671 3721 erat,

2029 3746 2161 3790 esse
2184 3730 3419 3807 cruciandum,observasset,Sclavinorum
3446 3740 3673 3794 sectam

2029 3835 2269 3880 omnem
2294 3819 2737 3902 immanemque
2781 3832 3019 3900 gentem
3053 3819 3241 3900 (natio
3273 3820 3435 3883 enim
3467 3828 3586 3882 tota
3617 3820 3676 3883 ei

2032 3906 2274 3970 suberat
2309 3909 2433 3989 (80)
2466 3909 2538 3971 ad
2562 3927 2627 3971 se
2656 3909 3181 3992 arcessit,illisque
3213 3909 3463 3973 aliarum
3496 3911 3672 3973 etiam

2030 3998 2292 4078 gentium
2318 3998 2606 4061 Barbaros
2627 3998 3222 4075 immiscens,omnes
3248 3999 3535 4063 adversus
3577 4017 3676 4064 cu-

2030 4086 2328 4257 ;toldilttzta
2342 4106 2380 4258 ρ
2409 4088 2532 4152 Deo
2556 4087 3045 4153 Thessalonicam
3077 4107 3241 4152 arma
3266 4089 3541 4171 arripere
3561 4090 3670 4173 ju-

2072 4196 2106 4239 e
2151 4195 2182 4238 a
2374 4221 2387 4237 .

2072 4195 2207 4239 ODaI
2235 4195 2328 4239 (δι
2350 4195 2387 4239 l.

2022 4287 2306 4357 supremis
2335 4286 2519 4358 gentis
2549 4285 2707 4343 illius
2738 4286 2983 4345 ducibus
3013 4284 3671 4358 communi,distingue-

2024 4357 2585 4431 batur,_t(_ederatum
2619 4358 2816 4425 tuisse,
2845 4369 2941 4417 aut
2972 4360 3141 4416 etiam
3172 4372 3241 4417 ex
3275 4366 3438 4430 parte
3460 4357 3666 4431 subje-

2023 4438 2169 4486 ctam
2202 4428 2537 4486 Selavorum
2568 4430 2883 4501 nationem,
2920 4444 3034 4487 non
3068 4428 3357 4486 Immerito
3388 4428 3668 4501 colligas;

2022 4501 2173 4557 hanc
2203 4512 2390 4557 tamen
2427 4509 2603 4558 totam
2659 4500 2731 4557 ab
2792 4502 3042 4559 Avarum
3100 4502 3266 4557 ducis
3296 4500 3547 4571 imperio
3570 4500 3673 4560 de?-

2024 4571 2292 4644 pendisse
2320 4586 2420 4629 seu
2453 4572 2741 4629 subditam
2764 4574 2818 4629 ei
2851 4583 2986 4644 tunc
3018 4572 3214 4644 fuisse,
3246 4575 3515 4642 nuspiam
3544 4574 3670 4630 edi-

2022 4641 2196 4708 cunt;
2231 4651 2293 4701 ut
2347 4644 2543 4700 auxesi
2600 4643 3035 4702 verosimillime
3090 4641 3187 4700 hic
3217 4641 3458 4702 usus’sit
3493 4644 3671 4705 Joan-

2022 4728 2147 4779 nes,
2180 4712 2718 4773 Thessalonicensis
2742 4716 3235 4787 archiepiscopus.

2091 4822 2212 4895 (8t).
2232 4822 2318 4881 Ab
2340 4825 2590 4895 Avarum
2613 4822 2764 4881 duce
2787 4838 2890 4881 seu
2911 4823 3181 4895 Chagano
3207 4836 3365 4880 arma
3394 4823 3452 4880 in
3472 4823 3663 4883 Thes-

2024 4893 2363 4964 salonicam,
2423 4893 2701 4960 Mauritio,
2762 4894 2988 4962 imperii
3023 4893 3278 4952 habenas
3308 4895 3668 4963 moderante,

2025 4975 2175 5023 mota
2204 4965 2397 5038 fuisse,
2443 4967 2761 5038 nec_apud
2792 4964 3203 5038 Theophanem
3232 4978 3340 5021 nec
3378 4967 3537 5038 apud
3557 4968 3667 5025 Ζοο

2025 5051 2224 5094 naram
2259 5036 2470 5093 aliosve
2506 5036 2653 5094 u'los
2709 5036 3012 5094 historicos
3060 5039 3351 5093 memoriae
3383 5037 3672 5108 proditum

2025 5109 2300 5177 invenio;
2330 5121 2529 5164 verum
2561 5120 2692 5164 cum
2722 5109 2833 5165 sub
2865 5108 3127 5166 Mauritio
3148 5110 3361 5165 Avares
3391 5123 3458 5166 ac
3487 5109 3671 5168 Sclavi

2024 5179 2510 5251 {requentirssitnm
2548 5182 2629 5236 uti
2678 5179 2832 5250 apud
2867 5177 3101 5237 eosdem
3141 5179 3446 5238 historicos
3474 5180 3672 5240 videre

2023 5248 2183 5320 licet,
2213 5250 2272 5307 in
2302 5250 2531 5323 imperii
2566 5248 2745 5307 terras
2781 5251 3118 5322 irruperint,
3156 5263 3284 5323 nec,
3316 5252 3455 5323 quin
3488 5252 3672 5323 pluri-

2026 5336 2114 5378 ma
2149 5336 2278 5393 quas
2326 5322 2397 5378 ab
2437 5321 2549 5378 illis
2607 5330 2745 5379 tunc
2777 5320 2932 5393 gesta
2989 5324 3169 5391 tuere,
3200 5320 3429 5379 silentio
3458 5320 3529 5380 ab
3578 5320 3670 5379 hi-

2023 5393 2251 5449 storicis
2291 5393 2562 5450 omnibus
2623 5395 2734 5449 sint
2796 5394 3095 5464 praeterita,
3156 5393 3533 5451 dubi‘andum
3575 5396 3670 5459 sit,

2024 5475 2249 5520 narrata
2285 5466 2393 5520 hoc
2422 5466 2604 5533 capite
2628 5465 2882 5521 Avarum
2911 5464 3185 5521 adversus
3205 5464 3671 5523 Thessalonicam

2022 5535 2312 5607 extteditio
2347 5548 2449 5604 pro
2479 5535 2647 5607 dubia
2699 5536 3158 5592 commentitiave
3192 5534 3427 5602 idcirco,
3457 5539 3609 5607 quod
3639 5552 3673 5596 a

2024 5606 2408 5676 scriptoribus
2439 5606 2567 5663 aliis
2602 5608 2751 5663 haud
2781 5617 3288 5672 commemoratur,
3326 5606 3522 5667 haberi
3553 5623 3672 5666 non

2023 5676 2224 5752 debet,
2248 5679 2496 5734 maxime
2521 5691 2654 5752 cum
2689 5678 2811 5735 dies
2843 5686 3083 5752 septem,
3121 5685 3259 5734 teste
3312 5677 3455 5752 intra
3519 5680 3672 5752 ipso-

2023 5754 2142 5809 met
2191 5747 2438 5821 Joanne,
2502 5748 2786 5809 duntaxat
2847 5747 3121 5815 tenuerit,
3180 5749 3475 5827 possitque
3527 5747 3693 5814 adeo
