4124 6466
327 465 475 536 1301
1408 470 1467 536 S.
1517 470 1894 537 DEMETRII

2027 469 2337 537 LRTYBIS
2378 471 2597 538 ACTA.
3543 464 3699 542 1302

319 604 513 670 ἀίω-σός
587 626 680 660 σου
783 603 1264 681 μνημονευομένων
1349 608 1910 685 θαυματουργημάτων

2051 604 2194 667 nulli
2222 606 2573 669 miraculum
2590 623 2851 689 praesens
2870 603 3189 672 habebitur
3204 606 3692 674 secundum.Etsi

319 696 365 751 εἰ
416 696 514 775 γὰρ
561 696 647 752 καὶ
702 693 843 760 ἄξιοι
894 696 1058 769 ἡμεῖς
1114 697 1216 763 τῆς
1263 695 1518 773 τιμωρίας
1553 693 1635 752 διὰ
1664 697 1757 763 τὰς
1788 698 1930 774 ἁμαρ

2049 695 2208 758 enim
2265 698 2338 760 ob
2397 705 2638 778 peccata
2688 705 2892 759 nostra
2931 695 3097 777 digni
3129 716 3305 780 paena
3337 717 3447 763 nos
3475 699 3686 780 simus,

316 784 432 851 τίας
472 786 652 859 ἡμῶν,
705 781 841 839 ἀλλά
890 783 1024 840 πολὺ
1052 782 1215 841 πλέον
1245 783 1394 851 ἄξιος
1427 786 1487 842 σὸ
1531 787 1629 854 τῆς
1661 785 1937 865 φιλανθρωι

2049 786 2231 848 multo
2258 787 2440 866 magis
2471 794 2668 848 tamen
2692 793 2747 849 te
2771 784 2846 848 ob
2871 786 3248 849 clementiam
3272 796 3434 851 tuam
3458 788 3690 852 miseri-

313 874 439 938 πίας
499 872 583 930 aia
640 873 740 940 τὴν
801 872 1199 954 εὐσπλαγχνίαν
1261 896 1354 931 σου
1389 890 1403 905 ·
1469 872 1550 931 διὸ
1594 875 1672 950 μὴ
1715 874 1937 955 ὅπερίδῃη

2044 874 2244 936 cordia
2278 875 2471 938 decet.
2508 875 2887 958 Quapropter
2918 894 2994 937 ne
3017 894 3147 959 nos,
3176 876 3681 960 bone,despicias,

312 963 484 1037 ἡμᾶς,
520 963 708 1043 ἀγαθὲ,
741 960 816 1017 ὅτι
852 965 938 1019 καὶ
968 967 1098 1040 πρὸς
1133 964 1191 1021 σὲ
1224 965 1315 1020 τὸν
1374 965 1535 1039 μόνον
1593 965 1685 1026 τὰς
1742 963 1937 1021 ἒλπίδαι

2042 965 2183 1041 quia
2213 966 2284 1026 ad
2317 979 2374 1028 te
2404 964 2597 1028 solum
2620 982 2758 1047 spes
2783 973 3016 1028 nostras
3045 967 3367 1031 ereximus.
3403 968 3682 1044 Domine,

311 1052 628 1127 ὓψώσαμεν,
717 1052 894 1130 Κύριε,
968 1049 1194 1125 οἴδαμεν
1262 1051 1499 1119 ἀναξίους
1590 1053 1728 1121 ημᾶς
1802 1054 1937 1111 ὄντας

2040 1051 2317 1132 indignos
2342 1073 2459 1115 non
2479 1053 2744 1136 esse,qui
2767 1053 3260 1119 intercessionem
3280 1054 3679 1139 obtineamus,

309 1144 411 1206 τῆς
472 1137 751 1218 πρεσϐείας
796 1139 1013 1220 τυχεῖν,
1058 1139 1195 1196 ἀλλά
1247 1148 1398 1198 τοῦτο
1429 1140 1653 1217 δεόμεθα
1682 1145 1777 1208 τὰς
1834 1143 1937 1222 Sail

2039 1144 2441 1221 agnoscimus;
2479 1161 2680 1204 verum
2711 1143 2769 1204 id
2803 1161 3186 1223 rogamus,ne
3218 1163 3323 1226 pro
3348 1144 3520 1208 nobis
3551 1137 3684 1210 cer-

306 1230 468 1304 ἡμῶν
497 1229 696 1294 ἱκεσίας
736 1237 823 1286 τού
865 1227 1161 1309 ἆθλοφόρου
1200 1252 1295 1286 σου
1345 1231 1424 1305 μὴ
1482 1230 1721 1309 γενέσθαι
1780 1231 1957 1311 ἀπρά-

306 1340 464 1380 κτους
520 1317 603 1374 διὰ
659 1321 720 1374 τὸ
804 1318 1006 1385 πλῆθος
1092 1326 1199 1375 τῶι
1272 1319 1547 1397 ἡμετέρων
1607 1320 1956 1399 παροξυσμῶν

311 1405 561 1487 (οἴδαμεν
618 1409 718 1485 γάρ
765 1407 919 1463 αυτὸν
975 1409 1048 1470 ὡς
1096 1406 1470 1488 εὔσπλαγχνον
1526 1408 1799 1484 κηδεμόνα
1860 1410 1955 1474 τάς

304 1496 440 1574 ὑπὲρ
472 1498 623 1571 ἡμῶν
652 1494 860 1566 δεήσεις
895 1519 979 1554 σοι
1009 1496 1365 1568 ἀνατείνοντα)
1401 1518 1414 1532 ·
1478 1497 1611 1555 ἀλλά
1644 1499 1721 1572 μὴ
1753 1499 1954 1577 ἀκούσῃ

308 1584 453 1656 παρῶ
483 1608 602 1659 σου,
636 1588 664 1643 ὸ
697 1588 854 1666 Θεὸς,
904 1586 1034 1664 ὅπερ
1089 1594 1164 1658 τῷ
1219 1587 1445 1662 Ἱερεμίᾳ
1473 1587 1594 1644 τότε
1639 1588 1953 1670 ἀπεκρίθης,

307 1675 391 1732 ὅτι
429 1698 457 1730 α
508 1676 596 1743 Μὴ
626 1677 927 1754 προσεύχου
984 1676 1102 1753 περὶ
1145 1682 1238 1732 τοῦ
1288 1674 1420 1733 λαοῦ
1462 1678 1668 1752 τούτου,
1733 1680 1792 1735 οὗ
1853 1678 1954 1756 γάρ

2043 1229 2326 1290 tamiuum
2362 1229 2620 1292 Victoris
2674 1230 2834 1312 (eum
2891 1231 3072 1309 enim,
3129 1241 3335 1314 utpote
3366 1242 3678 1314 patronum

2040 1317 2690 1399 clementem,dirigere
2716 1321 2785 1382 ad
2818 1329 2875 1382 te
2906 1339 3016 1402 pro
3058 1320 3232 1383 nobis
3264 1340 3475 1404 preces
3504 1324 3675 1386 novi-

2041 1413 2194 1483 mus)
2225 1408 2687 1490 supplicationes
2720 1416 2965 1490 propter
3010 1410 3390 1492 iniquitatum
3438 1421 3680 1476 nostra-

2037 1513 2169 1556 rum
2207 1496 2650 1559 multitudinem
2681 1496 2908 1578 absque
2960 1498 3173 1561 eﬂ‘ectu
3204 1501 3345 1574 sint,
3377 1501 3484 1563 sed
3515 1520 3591 1564 ne
3620 1501 3680 1564 id

2036 1585 2194 1666 quod
2218 1585 2492 1648 Jercmiae
2523 1594 2646 1648 tum
2693 1586 3081 1667 respondisti,
3135 1611 3162 1644 α
3197 1590 3288 1652 Ne
3320 1607 3429 1670 pro
3462 1591 3682 1673 populo

2037 1672 2228 1735 ἱειιιοε
2255 1693 2540 1750 ores,non
2564 1674 2724 1738 enim
2760 1676 3071 1738 exaudiam
3096 1684 3155 1740 te
3175 1675 3322 1759 7-8,»
3350 1696 3382 1740 ιι
3404 1672 3677 1762 te,Deus,

305 1765 689 1841 εἰσακούσομαί
735 1787 852 1843 σου,
908 1788 936 1819 ι
999 1766 1098 1840 μὴ,
1147 1764 1368 1842 βασιλεῦ
1400 1765 1703 1847 ἐπουράνιε,
1765 1767 1849 1823 ὅτι
1908 1768 1937 1823 ε⁴

2034 1762 2258 1838 audiat,
2298 1781 2393 1838 ne,
2431 1764 2689 1829 caelestis
2726 1763 3080 1847 Imperator,
3115 1765 3253 1847 quia
3282 1768 3390 1830 etsi
3422 1768 3678 1830 aliorum

305 1856 396 1911 καὶ
454 1861 583 1912 πᾶσι
639 1868 757 1918 τοῖς
796 1853 979 1916 ἄλλοις
1040 1867 1231 1920 κακοῖς
1290 1856 1472 1935 ἔνοχοι
1518 1858 1937 1932 καθεστήκαμεν,

2035 1852 2296 1912 omnium
2329 1861 2704 1935 peccatorum
2731 1852 2817 1915 rei
2840 1852 3248 1923 simus,Deum
3272 1863 3470 1918 tamen
3491 1857 3675 1919 alium

304 1943 456 2019 ὅμως
505 1944 659 2010 ἐκτὸς
720 1965 814 2003 σου
878 1946 1005 2001 Θεὸν
1066 1941 1228 2000 ἄλλον
1285 1944 1380 2001 οὒκ
1430 1942 1678 2025 οἴδαμεν,
1711 1944 1848 2002 ἀλλά
1890 1946 1937 2002 τί

2033 1949 2195 2003 extra
2233 1951 2292 2003 te
2323 1930 2481 2005 ltaud
2514 1943 2924 2018 novimus,sed
2959 1962 3176 2006 nomen
3209 1955 3399 2021 tuum,
3427 1946 3586 2029 quod
3617 1955 3679 2008 et

305 2034 475 2112 ὄνομά
530 2057 627 2093 σου
686 2036 1016 2110 ὀνομάζομεν
1076 2037 1181 2115 ἀεὶ,
1226 2035 1256 2092 ὃ
1317 2037 1402 2093 καὶ
1459 2035 1812 2103 ἐπικέκληται
1867 2036 1937 2117 ἐρ

2034 2029 2369 2093 invocatum
2405 2039 2491 2094 est
2518 2049 2698 2114 super
2728 2050 2860 2107 nos,
2894 2032 3132 2095 assidue
3161 2034 3553 2115 appellamus.
3589 2036 3675 2097 Ne

301 2127 472 2199 ἡμᾶς,
534 2126 612 2199 μη
671 2127 962 2195 νικήσωσιν
1024 2129 1074 2182 αἶ
1133 2125 1348 2201 ἀνομίαι
1396 2126 1554 2201 ἡμῶν
1612 2127 1708 2194 τὴν
1740 2128 1813 2190 εἶς
1857 2128 1948 2183 τὸν

303 2215 543 2292 μάρτυρα
572 2236 666 2271 σου
705 2213 934 2274 εὔνοιαν.

387 2301 533 2379 ρκη’.
595 2304 683 2371 Μὴ
740 2302 987 2380 λυπήσῃς
1048 2305 1137 2360 τὸν
1194 2303 1324 2382 ὒπὲρ
1385 2311 1480 2362 τοῦ
1537 2305 1800 2380 ὀνοματος
1858 2315 1950 2365 σού

302 2391 537 2472 λόγχαις
585 2393 850 2473 σφαγέντα
880 2390 965 2448 διὰ
993 2394 1052 2451 τὸ
1100 2392 1300 2461 πλῆθος
1346 2397 1452 2450 τῶν
1510 2394 1786 2472 ἡμετέρων
1843 2416 1947 2451 κα-

301 2488 437 2562 κῶν,
493 2482 573 2538 ὅτι
628 2483 692 2540 τά
745 2482 883 2539 κατά
931 2482 1130 2560 μέτρῳ,
1181 2485 1217 2552 ἡ
1248 2481 1302 2540 δὲ
1332 2484 1486 2562 πηγῆ
1517 2489 1615 2551 τῆς
1646 2482 1947 2564 φιλανθρω-

302 2572 425 2635 πίας
482 2595 575 2629 σου
619 2571 855 2649 ἄπειρος,
912 2574 1001 2628 καὶ
1045 2580 1232 2647 μεῖζον
1278 2574 1473 2641 ταύτης
1503 2574 1665 2654 χάριν
1697 2575 1786 2630 καὶ
1813 2578 1946 2633 θαυ-

302 2661 514 2736 μαστὴν
601 2663 695 2719 οὒκ
765 2659 911 2741 ἔχεις
991 2658 1167 2720 δοῦναι
1245 2669 1323 2737 τῷ
1394 2661 1670 2743 ἀθλοφὸρῳ
1730 2685 1845 2736 σου,
1910 2663 1947 2733 ἢ

300 2747 630 2828 δωρούμενος
716 2753 860 2823 αὐτῷ
944 2748 1102 2806 πόλιν
1192 2751 1281 2807 καὶ
1384 2749 1526 2816 ἔθνος
1616 2751 1947 2828 Χριστιανῶν

297 2838 629 2897 ἐπταικότων
686 2860 793 2897 σοι.
828 2837 960 2897 Τότε
1010 2840 1168 2919 χάρις
1200 2853 1316 2906 τοῖς
1346 2839 1518 2920 φίλοις
1556 2839 1770 2918 μεγάλη
1802 2863 1945 2922 παρ-

295 2928 509 3009 έχεται,
540 2933 644 3008 οὔχ
673 2927 799 2985 ὅταν
841 2926 973 3005 ὑπὲρ
1031 2927 1188 2995 ἀξίων
1241 2932 1335 2986 τοῦ
1381 2928 1664 2998 ἐλεηθῆναι
1722 2934 1943 2995 ποιῆται

293 3020 395 3079 τὴν
429 3017 639 3098 δέησιν,
672 3016 791 3074 ἀλλ’
833 3016 921 3074 ὅτε
954 3021 981 3075 ὸ
1023 3019 1209 3097 κριτὴς
1239 3021 1395 3084 αὐτὸς
1440 3021 1559 3086 τοὺς
1610 3017 1713 3087 ἤδη
1768 3042 1942 3077 κατα-

292 3106 638 3187 κεκριμένους
698 3106 1055 3185 ἐλευθερώσας
1111 3110 1424 3188 χαρίσηται,
1465 3110 1563 3165 Διά
1623 3116 1772 3166 τοῦτο
1828 3109 1937 3190 χά-

292 3220 439 3277 ρισαι
494 3199 639 3274 ἡμᾶς
697 3202 862 3273 αὐτῷ,
930 3197 1173 3256 Δέσποτα
1260 3199 1475 3279 Χριστὲ,
1535 3199 1626 3256 καί
1682 3201 1745 3255 τὸ
1802 3197 1939 3266 ἅπαξ

290 3295 473 3361 τοῦτο,
509 3285 600 3344 ’ίνα
658 3285 755 3354 της
798 3289 1110 3365 θεουργικῆς
1159 3288 1301 3365 παρὰ
1354 3287 1651 3361 ἀνθρώποις
1682 3286 1939 3349 ἀδυνάτου

289 3377 560 3455 σωτηρίας
617 3378 874 3458 τυχόντες
923 3376 1255 3453 ὁμοθυμαδὸν
1307 3378 1591 3441 συστάντες
1620 3380 1678 3435 ἓν
1708 3380 1785 3454 τῷ
1828 3384 1938 3453 ναῷ

290 3469 474 3540 αὐτοῦ,
525 3467 708 3546 φωνὴν
766 3466 1014 3530 αἰνέσεως
1065 3471 1159 3524 κα“ι
1216 3465 1653 3545 ἐξομολογήσεως
1694 3470 1936 3543 θύσωμεν

288 3579 370 3629 τῳ
434 3563 735 3635 παρορῶντι
817 3557 1038 3631 ἀνομίας
1113 3555 1206 3612 καί
1286 3555 1650 3635 ὑπερϐαίνοντι
1705 3557 1934 3636 ἀδικίας,

285 3647 378 3703 καὶ
434 3645 710 3718 θαυμαστά
768 3651 1006 3702 ποιοῦντι
1063 3645 1150 3701 καὶ
1207 3643 1605 3725 ἀνεξιχνίαστα,
1669 3644 1847 3708 ἔνδοξα
1875 3667 1930 3702 τε

286 3734 378 3790 καὶ
409 3733 634 3814 ἐξαίσια,
667 3735 741 3791 ὧν
772 3735 867 3791 οὒκ
895 3733 1038 3790 ἔστιν
1067 3733 1310 3812 ἀριθμός.

372 3821 509 3901 ρκθ’.
574 3832 748 3882 Ταῦτα
806 3828 883 3897 τῷ
932 3820 1211 3897 ἱνδιαθὲτῳ
1257 3820 1404 3900 λόγῳ
1434 3822 1628 3885 πάντες
1662 3820 1878 3898 ἔκραζον
1913 3840 1927 3854 ·

281 3914 350 3970 τὸ
406 3913 507 3992 γὰρ
553 3914 874 3993 προφορικὸν
926 3914 961 3981 ἡ
1026 3912 1234 3989 ἀνάγκη
1292 3912 1388 3981 τῆς
1455 3912 1767 3992 ἀμηχανίας
1819 3913 1931 3970 ἀπ·-

282 3998 492 4064 ἑϐυσεν.
557 3992 615 4060 Ὀ
697 4000 750 4057 δὲ
811 4001 1033 4079 ἐρευνῶν
1092 4003 1187 4065 τὰς
1245 4000 1460 4075 καρδίας
1519 4002 1782 4072 ἐπήκουσε
1837 4008 1931 4059 τοῦ

278 4101 587 4166 στεναγμοῦ
643 4097 750 4147 τῶν
806 4088 1216 4165 πεπεδημένων,
1277 4092 1373 4148 καί
1431 4091 1523 4157 τὰς
1585 4091 1784 4158 ἱκεσίας
1839 4094 1933 4149 τοῦ

278 4178 577 4259 ἀθλοφόρου
620 4178 903 4255 δεξάμενος
938 4178 1243 4259 ἔπώμϐρισε
1272 4186 1341 4257 τῇ
1384 4179 1539 4238 πόλει
1592 4181 1742 4238 ὑετὸν
1787 4183 1928 4259 ἀγα-

281 4270 533 4335 θότητος.
600 4267 750 4326 Ἀλλ’
804 4269 941 4334 ’ίσως
1002 4270 1168 4347 ἐρεῖς,
1227 4269 1389 4326 Πόθεν
1442 4269 1602 4338 δῆλον
1636 4292 1652 4344 ;
1688 4271 1774 4334 Τίς
1816 4269 1931 4327 εἶδε

280 4360 441 4432 Θεὸν,
503 4359 536 4428 ἢ
586 4360 663 4423 τίς
694 4358 919 4427 ἤκουσεν
964 4358 1124 4415 αὒτοῦ
1168 4359 1264 4425 τὴν
1310 4360 1578 4437 σωτηρίαν
1608 4361 1929 4440 ὑποσχομέ-

279 4470 397 4523 νου,
460 4447 539 4505 ὅτι
599 4445 993 4505 διαϐεϐαιοῦται
1023 4455 1092 4525 τῇ
1122 4448 1277 4506 πόλει
1307 4446 1606 4516 ὑετισθάναι
1642 4469 1659 4529 ς
1723 4448 1927 4507 ’Ἄκου-

2034 2120 2379 2201 iniquitates
2415 2128 2634 2183 nostrae
2663 2129 2824 2183 tuam
2873 2138 3013 2201 erga
3062 2131 3377 2203 martyrem
3408 2122 3676 2187 benevo-

2033 2208 2274 2271 lentiam
2310 2221 2696 2292 exsuperent.

2114 2298 2253 2362 1‘28.
2316 2298 2401 2360 Ne
2450 2317 2585 2362 eum
2643 2298 2744 2382 qui
2805 2317 2911 2381 pro
2971 2300 3215 2363 nomine
3295 2309 3396 2363 tuo
3447 2300 3681 2365 lanceis

2031 2386 2141 2450 fuit
2174 2389 2427 2464 occisus,
2463 2389 2538 2451 ob
2574 2395 2953 2471 peccatorum
2982 2397 3318 2452 nostrorum
3352 2390 3676 2454 multitudi-

2033 2495 2168 2537 nem
2204 2478 2543 2554 contristes,
2575 2477 2715 2560 quia
2746 2487 2987 2559 peccata
3026 2479 3212 2561 ﬁnita,
3246 2479 3676 2544 misericordia)

2032 2573 2146 2628 tuae
2176 2566 2308 2628 fons
2357 2568 2645 2649 infinitus,
2700 2569 2929 2650 hacque
2962 2570 3269 2648 majorem,
3307 2588 3438 2650 quae
3470 2581 3528 2632 et
3561 2571 3671 2633 ad-

2034 2656 2301 2719 miranda
2363 2657 2461 2734 sit,
2522 2657 2769 2737 gratiam
2821 2668 2923 2720 tuo
2972 2659 3368 2720 certaminum
3419 2658 3672 2737 Victori,

2030 2764 2207 2827 quam
2228 2746 2464 2808 civitate
2485 2747 2563 2819 ei,
2597 2746 3331 2828 Christianorumque,qui
3356 2749 3417 2810 in
3446 2755 3503 2810 te
3533 2768 3678 2829 pec-

2030 2843 2261 2917 carunt,
2296 2843 2472 2914 gente
2502 2834 2896 2914 donata,dare
2926 2854 3045 2897 non
3077 2836 3443 2917 potes.'l‘unc
3466 2857 3676 2919 magna

2026 2924 2238 2987 amicis
2269 2924 2459 3002 gratia
2491 2924 2865 3003 conceditur,
2901 2943 3021 2986 non
3052 2925 3292 3006 quando
3326 2945 3537 2989 eorum
3575 2926 3675 3008 qui

2028 3013 2445 3076 misericordia
2474 3012 2635 3094 digni
2668 3023 2829 3085 sunt,
2885 3013 3230 3085 miseretur,
3281 3014 3386 3076 sed
3427 3015 3669 3098 quando

2023 3102 2354 3184 ipsejudex
2379 3103 2504 3182 jam
2538 3101 2970 3165 condemnatos
3000 3100 3274 3165 absolvit.
3317 3102 3664 3185 Propterea,

2024 3192 2258 3257 Christe
2281 3195 2675 3274 Domine,nos
2698 3193 2805 3274 ipsi
2830 3191 3123 3270 da,idque
3145 3190 3430 3256 duntaxat
3449 3197 3660 3272 semel,

2026 3291 2090 3345 ut
2120 3283 2473 3365 salute.quze
2497 3282 2649 3365 apud
2676 3282 2950 3343 hcmines
2974 3280 3364 3361 impossibilis
3388 3284 3662 3359 est,divi-

2022 3373 2186 3435 nitus
2209 3372 2544 3454 obtenta,in
2571 3372 2793 3452 templo
2820 3371 2950 3450 ejus
2973 3379 3197 3433 stantes
3225 3371 3417 3434 laudis
3436 3373 3666 3436 confes-

2020 3462 2330 3544 sionisque
2349 3480 2553 3524 vocem
2582 3461 2636 3524 ei
2659 3462 2757 3543 qui
2784 3460 3127 3543 iniquitates
3151 3470 3382 3524 nostras
3401 3465 3664 3544 praeterit

2019 3561 2199 3634 atque
2232 3552 2555 3632 injustitias
2586 3551 2907 3628 condonat,
2943 3548 3360 3631 mirabiliaque
3383 3561 3442 3614 et
3470 3553 3664 3616 inves-

2017 3639 2697 3720 tigabilia,gloriosaque
2729 3648 2780 3700 ct
2821 3639 3397 3721 immensa.quorum
3432 3661 3551 3705 non
3574 3652 3665 3705 est

2017 3747 2179 3790 nume
2202 3747 2327 3804 rus,
2362 3728 2524 3808 facit,
2558 3727 2921 3790 unanimiter
2950 3728 3295 3790 oneramus.

2097 3816 2236 3881 129.
2274 3816 2412 3879 Haec
2442 3836 2653 3880 omnes
2697 3835 2842 3879 voce
2871 3817 3108 3878 interna
3140 3816 3523 3897 clamabant;
3554 3839 3660 3884 ore

2016 3907 2179 3969 enim
2213 3906 2480 3987 proferre
2508 3925 2709 3969 rerum
2734 3907 3007 3986 angustia
3028 3905 3534 3988 impediebat.Qui
3558 3929 3659 3972 au-

2017 4008 2135 4058 tem
2159 3998 2341 4058 cortla
2360 3995 3162 4077 scrutatur,compeditorum
3181 4004 3464 4076 gemitum
3484 4018 3661 4064 exau~

2013 4088 2179 4169 divit,
2220 4088 2737 4169 certaminumque
2770 4086 3032 4149 Victoris
3083 4105 3294 4168 preces
3320 4091 3661 4172 suspiciens

2015 4177 2400 4258 benignitatis
2433 4177 2625 4258 pluvia
2675 4176 2978 4240 civitatem
3029 4177 3321 4256 irrigavit.
3351 4181 3429 4242 At
3460 4181 3660 4243 forsan

2014 4266 2200 4340 dices,
2224 4265 2396 4330 Unde
2428 4267 2484 4327 id
2520 4265 2899 4328 manifestum
2924 4264 2956 4325 ‘I
2985 4264 3129 4338 Quis
3158 4265 3346 4328 Deum
3378 4268 3544 4351 vidit,
3564 4270 3660 4334 vel

2013 4356 2147 4437 quis
2164 4365 2397 4428 eum,ut
2418 4354 2640 4417 civitati
2668 4353 2894 4435 pluisse
2917 4356 3509 4428 asseveres,salntem
3536 4360 3659 4439 pol-

2013 4445 2295 4508 licentem
2327 4445 2597 4508 audivit?
2628 4443 3066 4518 Audi,dilecte;
3092 4447 3282 4507 Deum
3308 4446 3504 4508 nullus
3535 4466 3655 4509 un-

280 4559 397 4609 σον,
456 4537 703 4616 ἀγαπητέ
733 4553 748 4569 ⁸
818 4539 947 4594 Θεὸν
1026 4535 1188 4604 οὖδεὶς
1243 4537 1444 4617 ἑώρακε
1499 4539 1743 4609 πώποτε,
1804 4537 1920 4596 ἀλλ’

2027 4553 2187 4615 luam
2223 4534 2386 4614 vidit,
2418 4534 2520 4595 sed
2556 4552 2752 4612 neque
2789 4550 2987 4595 vocem
3022 4534 3126 4596 Dei
3155 4535 3486 4597 secundum
3518 4537 3655 4598 sub-

318 4625 397 4660 ”:
572 4627 585 4646 κ
796 4633 818 4643 -
982 4627 998 4650 ν
1083 4627 1095 4647 ν
1292 4626 1304 4645 ν
1376 4625 1405 4660 ι.
1548 4646 1561 4661 .
1765 4627 1785 4659 ι
1868 4631 1893 4642 -

278 4640 400 4686 ουοε.
450 4649 630 4706 φωνην
690 4634 822 4683 Θεου
879 4649 979 4683 κατ
1044 4627 1224 4684 ουσίαν
1283 4649 1515 4694 ακηκοεν
1622 4627 1681 4685 ἐκ
1734 4625 1788 4684 δε
1822 4650 1927 4684 των

278 4716 450 4793 ἔργων
510 4718 668 4775 αὖτοὺ
721 4723 827 4772 τῶν
877 4738 933 4772 τε
985 4718 1120 4773 κατά
1152 4714 1384 4773 διάνοιαν
1416 4718 1570 4792 ἡμῶν
1603 4718 1928 4793 συνισταμέ-

278 4828 411 4880 νων,
472 4806 562 4863 καὶ
623 4812 728 4862 τῶν
786 4806 1048 4873 αἰσθητῶν
1101 4804 1360 4862 δείκνυται
1434 4820 1553 4872 τοῖς
1609 4805 1926 4887 φιλομαθέσι

278 4898 369 4952 καὶ
425 4908 665 4959 συνετοΐς
711 4894 745 4962 ἦ
803 4917 860 4950 τε
909 4894 1177 4974 λεγομένη
1235 4896 1367 4973 ὀργ·ἲ⁸
1423 4905 1516 4955 τοῦ
1574 4902 1706 4954 Θεοὺ
1750 4899 1836 4953 καὶ
1890 4898 1926 4965 ἡ

278 4984 419 5041 κατά
473 4985 623 5065 φύσιν
703 4984 995 5063 ἀγαθότης.
1087 4987 1471 5062 Παραστήσατε
1554 4982 1619 5056 δή
1681 5008 1772 5061 μοι
1832 4986 1926 5052 τὰς

277 5074 444 5136 ἀκοὰς
502 5074 673 5148 ὑμῶν,
720 5080 1036 5151 παρακαλῶ,
1091 5075 1242 5151 κάγὼ
1280 5071 1606 5152 διεγγυῶμαι
1653 5087 1771 5135 τοῖς
1830 5098 1926 5133 πι-

280 5175 434 5228 στοῖς
492 5162 786 5240 ἀκροαταῖς
839 5162 1066 5242 ἐνεργῶς
1151 5160 1426 5228 ἀποδεῖξαι
1495 5164 1586 5219 καί
1637 5165 1930 5244 μονονουχὶ

280 5254 491 5331 βοῶντα
540 5253 604 5308 τὰ
659 5252 950 5331 πράγματα
1008 5254 1084 5317 ὡς
1139 5252 1339 5330 ἀθρόως
1394 5253 1488 5309 τὸν
1535 5251 1682 5309 ἔλεον
1734 5255 1762 5310 ὁ
1794 5255 1925 5318 Θεὸς

280 5345 368 5400 ἰπὶ
398 5343 494 5409 τὴν
524 5342 682 5401 πόλιν
723 5341 1078 5421 ἀνώμϐρισεν,

362 5431 468 5509 ρλ’.
534 5433 695 5497 Εὐθὺς
753 5433 853 5510 γΞιρ
911 5434 1032 5498 τοὺς
1106 5431 1528 5512 νενεκρωμένους
1612 5433 1768 5497 ὄντας
1840 5435 1927 5491 καὶ

278 5524 436 5601 ψυχῇ
465 5523 554 5577 καὶ
586 5522 822 5598 σώματι,
853 5522 1092 5587 ἅπαντας
1136 5523 1197 5579 ἐκ
1226 5528 1331 5580 τῶν
1379 5521 1659 5600 δρωμένων
1715 5521 1925 5596 δεινῶν,

278 5613 366 5667 καὶ
422 5608 882 5689 προσδοκωμένων
949 5612 1236 5692 χειρόνων,
1316 5611 1733 5692 ἀπροσδοκήτως
1789 5611 1926 5669 ἀνα-

275 5703 537 5778 θαρσῆσαι
592 5701 707 5778 περὶ
770 5701 868 5769 τὴν
926 5703 1110 5780 τρίτην
1159 5700 1369 5780 ἡμέραν
1424 5706 1524 5771 τῆς
1582 5700 1924 5785 πολιορκίας,

358 5807 449 5858 ⁷·8
479 5807 703 5881 Jerem.
736 5825 836 5888 VII,
871 5809 971 5880 16.

2010 4625 2282 4686 stantiam
2307 4624 2529 4686 audivit
2552 4644 2567 4701 ;
2591 4642 2663 4686 ex
2702 4623 2985 4704 operibus
3007 4631 3205 4685 autem
3229 4622 3416 4704 ipsius
3437 4633 3495 4686 et
3523 4644 3656 4707 quas

2013 4721 2216 4775 mente
2240 4712 2681 4791 cognoscimus,
2709 4723 2765 4774 et
2787 4731 2920 4790 qua:
2951 4712 3232 4774 sensibus
3261 4713 3651 4798 percipimus,

2012 4802 2298 4866 studiosis
2331 4802 2602 4866 discendi
2632 4801 3230 4882 intelligentibusque
3256 4804 3575 4866 innotescit
3596 4812 3657 4868 et

2013 4890 2143 4972 Dei,
2179 4910 2316 4971 quae
2338 4892 2500 4954 dicta
2530 4891 3000 4967 est,vindicta,et
3024 4890 3353 4952 secundum
3383 4901 3651 4956 naturam

2013 4980 2524 5060 benignitas.Mihi
2540 4981 3245 5063 proinde,moneo,aures
3265 4988 3489 5044 vestras
3508 5001 3655 5064 prte-

2013 5070 2354 5152 bele,atque
2381 5089 2488 5151 ego
2520 5070 2823 5154 promitto,
2850 5068 3125 5131 fidelibus
3146 5068 3519 5134 auditoribus
3547 5091 3653 5135 os-

2013 5169 2320 5221 tensurum
2383 5178 2478 5222 me
2509 5177 2665 5240 esse,
2694 5177 2793 5221 res
2842 5158 3022 5220 etiam
3057 5159 3491 5241 propemodum
3524 5162 3649 5225 cla-

2011 5268 2196 5322 mare,
2255 5268 2434 5330 supra
2494 5249 2790 5312 civitatem
2849 5248 3163 5311 confestim
3221 5248 3653 5313 misericordia)

2009 5338 2265 5422 pluviam
2298 5339 2487 5402 Deum
2523 5338 2830 5401 effudisse.

2097 5428 2231 5493 130.
2267 5428 2479 5493 Statim
2503 5427 2662 5490 enim
2695 5428 2831 5490 illos
2860 5445 3094 5509 omnes,
3131 5429 3233 5508 qui
3282 5442 3405 5508 pm
3454 5427 3647 5510 malis,

2010 5537 2142 5600 qua:
2172 5520 2461 5598 viderant,
2494 5517 2941 5600 pejorihusque,
2969 5535 3102 5599 qua;
3134 5514 3558 5589 formidabant,
3591 5525 3652 5579 et

2008 5610 2211 5671 anima
2233 5617 2292 5670 et
2312 5625 2568 5689 corpore
2599 5605 2855 5670 emortui
2882 5604 3192 5678 erant,sub
3218 5603 3454 5666 tertiam
3478 5604 3649 5667 obsi-

2010 5698 2213 5766 dionis
2233 5697 2394 5763 diem
2418 5717 2485 5761 ac
2509 5697 2685 5762 citius
2705 5695 3033 5773 animos,ut
3052 5701 3112 5759 et
3131 5692 3405 5759 riderent
3424 5702 3484 5757 et
3504 5693 3649 5759 irri-
