4124 6408
350 381 369 448 1
383 382 500 450 305

1448 386 1510 452 S.
1566 386 1943 451 DEMETRII
1988 386 2389 451 MARTYBIS
2431 386 2651 451 ACTA.

3563 376 3583 439 t
3599 366 3717 441 306

341 543 523 603 χερσιν
579 519 902 602 ἐψηλάφησα
947 524 1080 580 κατὰ
1122 524 1184 580 τὸ
1249 522 1563 581 ἀνατολικὸν
1622 526 1719 591 τῆς
1775 522 1970 584 πόλεως

2072 524 2205 586 tatis
2238 534 2404 607 parte
2433 536 2494 587 et
2524 523 2599 587 ab
2632 522 2902 588 hostibus
2930 536 3099 606 gesta
3128 533 3185 587 et
3208 544 3242 588 a
3270 522 3398 588 solo
3427 521 3551 585 Deo
3582 521 3711 584 dis-

339 613 524 692 μέρος,
556 612 616 670 ἔκ
645 634 703 668 τε
734 620 837 669 τῶν
876 611 1147 684 πολεμίων
1186 612 1539 691 γεγενημένα,
1593 616 1676 670 καὶ
1718 616 1819 671 ὑπὸ
1870 614 1977 689 μό·-

337 725 423 759 von
455 710 583 759 Θεοῦ
639 699 1092 772 διεσκεδασοὲντα,
1153 702 1245 758 καί
1295 711 1458 759 ταῦτα
1515 705 1746 781 μερικῶς
1777 703 1973 782 διηγή-

332 813 493 866 σομαι
550 797 629 865 τῷ
685 791 765 867 μὴ
814 791 1119 858 ἆποκνῆσαι
1174 796 1250 866 τῷ
1319 793 1484 865 μήκει
1542 793 1633 849 τοῦ
1690 792 1854 871 λόγου
1883 793 1978 859 τὴν

328 881 616 958 προθυμίαν
647 887 751 938 τῶν
783 881 1056 959 ἆκροατώδ
1090 881 1557 961 προμηθούμενος.

408 969 551 1048 ρλγ’.
588 971 800 1036 Σκοπὸς
840 971 940 1049 γάρ
971 993 1061 1046 μοι
1110 973 1275 1047 μόνον
1326 973 1661 1046 παραστῆσαι
1707 977 1775 1049 τῇ
1820 970 1977 1052 φιλο-

326 1059 431 1132 θὲῳ
475 1060 613 1136 ἂκοῇ
661 1063 732 1123 ὼς
777 1062 837 1117 bc
891 1068 1044 1131 Θεοῦ,
1078 1063 1165 1118 καὶ
1195 1063 1287 1119 οὒκ
1318 1060 1536 1118 ἄλλοθεν
1579 1064 1614 1124 ἡ
1646 1064 1879 1140 σωτηρίᾳ
1911 1067 1980 1140 τῇ

325 1149 482 1206 πόλει
539 1150 661 1206 τότε
740 1148 1070 1231 γεγένηται,
1153 1154 1241 1208 καὶ
1299 1148 1553 1229 διεγεῖραι
1599 1152 1691 1216 τὰς
1746 1150 1979 1219 διανοίας

324 1239 577 1296 ἁπάντων
630 1240 761 1318 πρὸς
813 1239 955 1295 θείαν
1020 1239 1326 1314 κατάνυξιν,
1385 1243 1475 1298 καὶ
1529 1241 1811 1313 θεάρεστον
1854 1240 1976 1307 ἔξο-

326 1327 656 1405 μολύγησιν,
716 1329 805 1385 καὶ
857 1330 1201 1407 εὐχαριστίαν
1249 1335 1345 1387 τοῦ
1388 1329 1680 1409 ἀθλοφόρου
1737 1329 1971 1398 διενεκῆ.

328 1416 575 1493 Εἴπομεν
607 1419 680 1482 ὡς
710 1423 780 1495 τῇ
811 1417 1001 1497 πρώτῃ
1030 1418 1207 1496 ἡμέρᾳ
1258 1418 1354 1487 τῆς
1407 1419 1712 1497 πολιορκίας
1770 1420 1861 1478 καὶ
1909 1425 1979 1498 τῇ

323 1504 540 1585 δεοτὲρᾳ
600 1506 694 1569 τὰς
752 1507 947 1586 τροφάς
1006 1527 1065 1562 τε
1120 1506 1270 1563 αὒτοὶ
1348 1508 1650 1585 συνήγαγον
1702 1510 1750 1564 οἱ
1805 1506 1975 1564 πολέ-

322 1618 465 1671 μιοι,
525 1596 614 1652 καὶ
670 1596 808 1653 κατὰ
862 1594 959 1663 τῆς
1007 1595 1217 1661 πόλεως
1261 1594 1437 1653 πολλὰ
1493 1598 1580 1653 καὶ
1624 1594 1843 1676 φοϐερὰ,
1889 1597 1977 1654 καὶ

312 1684 541 1765 διάφορα
594 1684 919 1762 ηὖτρέπισαν
968 1686 1168 1764 ὄργανα
1204 1706 1219 1724 ·
1268 1692 1336 1759 cf.
1392 1684 1448 1743 δὲ
1491 1685 1669 1764 ἡμέρᾳ
1696 1693 1767 1762 τῇ
1796 1688 1973 1765 τρίτῃ,

314 1774 616 1856 καὶμέχρι
659 1780 766 1831 τῶν
833 1774 969 1831 ἑπτὰ
1030 1773 1191 1853 (πέρα
1251 1775 1351 1853 γὰρ
1423 1776 1620 1832 τούτων
1662 1773 1975 1855 πολιορκεῖν

2062 617 2271 695 sipnta,
2330 616 2457 677 hinc
2509 613 2839 692 sigillatim,
2893 634 2968 677 ne
3028 614 3325 678 sermonis
3371 611 3713 693 prolixitztte

2061 705 2402 766 auditorum
2467 704 2833 767 desiderium
2880 703 3057 768 taedio
3105 704 3359 768 afficiam
3391 700 3707 775 sollicitus,

2064 792 2381 858 enarrabo.

2148 972 2279 1035 133.
2320 973 2458 1037 Mihi
2488 975 2651 1037 enim
2703 974 2988 1038 duntaxat
3030 984 3120 1039 est
3172 975 3566 1058 propositum,
3600 994 3711 1037 au-

2061 1059 2210 1123 ditui
2243 1061 2429 1126 Deum
2461 1063 2713 1140 amanti,
2738 1065 2992 1129 salutem
3025 1085 3094 1129 ex
3128 1069 3270 1147 Deo,
3299 1085 3409 1128 nec
3437 1065 3706 1139 aliunde,

2060 1149 2295 1214 civitati
2329 1164 2467 1216 tunc
2488 1154 2828 1228 obvenisse,
2856 1155 3236 1219 manifestum
3267 1156 3711 1233 efﬁcere,men-

2064 1247 2269 1322 tesque
2298 1245 2565 1306 omnium
2597 1245 2671 1306 ad
2701 1245 2965 1311 divinam
2986 1246 3512 1327 compunctionem
3538 1244 3700 1308 Deo-

2059 1348 2171 1406 que
2189 1336 2507 1407 placentem
2523 1340 2948 1400 confessionem
2961 1344 3027 1398 a'c
3043 1351 3168 1399 cont
3180 1344 3373 1400 inuam
3390 1340 3706 1413 gratiarum

2058 1420 2381 1496 actionem,
2438 1424 2834 1488 certaminum
2886 1423 3112 1489 Victori
3144 1424 3501 1498 faciendam,
3537 1424 3707 1488 exci-

2063 1518 2207 1570 tare.
2245 1509 2443 1574 Prima
2467 1531 2536 1579 ac
2555 1514 2817 1576 secunda
2840 1513 3169 1577 obsidionis
3191 1516 3290 1578 die
3312 1514 3475 1596 ipsos
3497 1513 3705 1575 inimi~

2060 1616 2163 1661 cos
2194 1608 2252 1660 et
2306 1599 2523 1663 victum
2584 1602 2900 1681 collegisse
2959 1612 3019 1665 et
3070 1605 3356 1667 adversus
3402 1604 3707 1665 civitatem

2061 1687 2246 1750 multa
2263 1708 2331 1750 ac
2356 1691 2646 1753 terribilia
2666 1692 3036 1774 diversaeque
3064 1695 3284 1776 speciei
3310 1694 3708 1756 instrumenta

2060 1795 2277 1859 praepan
2297 1797 2430 1842 asse
2461 1779 2765 1859 diximus;
2800 1785 2978 1844 tertia
3005 1793 3203 1846 auten:
3240 1783 3428 1855 die,et
3459 1780 3531 1844 ad
3562 1800 3703 1861 sep-

315 1864 508 1927 αὒτοὺς
567 1864 665 1932 τὴν
724 1862 880 1921 πόλιν
942 1866 970 1920 ὁ
1027 1861 1343 1929 πανένδοξος
1403 1865 1601 1942 μάρτυς
1636 1864 1695 1920 οὗ
1725 1864 1970 1945 συνεχώ-

2063 1875 2175 1928 tem
2202 1885 2394 1948 usque
2419 1877 2573 1949 (post
2608 1870 2718 1932 hos
2757 1871 2916 1932 enim
2940 1871 3236 1934 civitatem
3263 1870 3396 1934 illos
3427 1869 3707 1932 obsidere

316 1951 506 2033 ρησεν)
566 1958 845 2031 προσῆγον
904 1951 1069 2027 ἄρδην
1126 1966 1245 2013 τοῖς
1321 1954 1528 2033 τείχεσι
1587 1954 1820 2034 ἅπαντα,
1880 1956 1970 2020 τὰς

2063 1956 2513 2029 gloriosissimus
2536 1975 2752 2033 martyr
2776 1962 2929 2020 haud
2959 1963 3267 2031 concessit)
3288 1962 3412 2020 dies
3452 1971 3708 2031 tempore

311 2039 592 2105 ἑλεπόλεις
655 2042 743 2098 καὶ
811 2043 936 2106 τοὺς
1002 2042 1203 2120 κριοὺς,
1262 2042 1350 2098 καὶ
1411 2042 1532 2107 τοὺς
1591 2040 1970 2122 πετροϐόλους,

2063 2040 2513 2130 labente,muris
2544 2048 2790 2109 omnino
2822 2048 3116 2130 omnia,et
3139 2047 3543 2111 obsidionales
3575 2065 3707 2108 ma-

312 2133 407 2189 καὶ
462 2136 567 2186 τῶν
625 2130 887 2211 χελωνῶν
937 2132 1004 2187 τὰ
1046 2136 1312 2210 χαμερπῆ
1355 2128 1804 2209 ῥαὸδουργήματα
1838 2148 1851 2161 '
1887 2134 1970 2190 iui

2063 2129 2265 2191 chinas
2287 2139 2347 2194 et
2365 2132 2583 2196 arietes
2614 2143 2674 2196 et
2696 2128 3043 2215 petrobolos
3066 2136 3360 2215 humique
3390 2143 3709 2217 serpentes

313 2227 531 2299 πρῶτον
608 2221 707 2295 μὲν
779 2222 916 2278 κατὰ
988 2225 1087 2288 τῆς
1148 2219 1455 2298 λεγομένης
1514 2221 1976 2301 κασανδρεωτικῆς

326 2309 504 2377 πύλης
546 2310 1050 2388 προευτρεπίσαντες
1094 2311 1167 2373 ὣς
1228 2307 1379 2366 εἶδον
1431 2312 1512 2367 ἔτ*
1546 2314 1708 2378 αὐτῆς
1739 2312 1843 2367 ὑπὸ
1873 2318 1980 2368 τῶν

323 2405 430 2465 τῆς
488 2402 695 2465 πόλεως
776 2398 1173 2467 ἆναρτηθέντων
1258 2398 1473 2478 ἅρπαγᾶ
1562 2422 1678 2457 τινα
1737 2398 1979 2479 σιδήρεον

330 2489 455 2562 μὲν,
488 2489 664 2568 βραχὺ
696 2485 751 2542 δὲ
797 2489 885 2545 καὶ
935 2488 1095 2544 οἶοιεὶ
1152 2486 1534 2566 μορμολύκειον
1592 2489 1797 2554 νηπίων
1849 2511 1977 2566 κρε-

325 2578 589 2653 μάμενον,
638 2575 804 2650 δειλίᾳ
864 2576 1213 2656 συσχεθέντες
1248 2575 1341 2632 τοῦ
1398 2576 1719 2644 τηλικούτου
1774 2601 1972 2658 μηχα-

323 2668 588 2743 νήματος,
621 2665 763 2744 λέγω
806 2665 872 2732 δὴ
922 2672 1015 2724 τοῦ
1066 2671 1235 2745 κριοῦ,
1293 2666 1752 2747 καταπτήξαντες,
1798 2666 1973 2742 ἄπρα-

322 2779 442 2813 κτοι
471 2756 827 2836 ἀνεχώρησαν
880 2754 975 2812 ἐπὶ
1025 2756 1120 2821 τὰς
1152 2755 1380 2831 σκηνὰς,
1414 2754 1508 2813 καὶ
1541 2756 1696 2813 αὖτὸν
1727 2758 1819 2814 καὶ
1853 2758 1973 2821 τοὺς

321 2848 535 2923 ὁμοίους
566 2846 708 2921 αὖτῷ
745 2844 1209 2909 κακακαύσαντες.

400 3021 535 3096 ρλδ⁹.
594 3018 728 3102 ’Ἆρα
785 3031 941 3081 τοῦτο
996 3029 1095 3091 τῆς
1138 3024 1349 3088 πόλεως
1407 3026 1441 3092 ἡ
1504 3023 1723 3102 δύναμις
1780 3027 1973 3105 ἀπειρ-

322 3114 547 3191 γάσατο,
604 3113 640 3183 ἢ
684 3113 896 3176 πάντως
929 3116 962 3180 ἡ
1025 3115 1119 3169 τοῦ
1162 3116 1316 3187 Θεοῦ,
1361 3113 1397 3181 η
1431 3116 1828 3186 ταταπτήσσειν
1879 3114 1970 3172 δυ-

2061 2220 2425 2284 testudinum
2459 2222 2641 2286 falces
2666 2225 2748 2306 tl)
2782 2225 3224 2305 applicuerunt;
3258 2245 3326 2289 ac
3357 2225 3553 2307 primo
3579 2224 3715 2306 qui-

2060 2307 2196 2397 dem
2221 2329 2356 2371 cum
2381 2311 2664 2376 adversus
2696 2323 3088 2397 portam,quaa
3112 2314 3571 2379 Casandreotica
3598 2313 3698 2375 di-

2060 2396 2241 2478 citur,
2276 2402 2391 2461 vim
2422 2420 2589 2465 suam
2622 2396 3004 2480 direxissent,
3056 2418 3124 2467 ut
3170 2424 3243 2469 ex
3292 2424 3364 2466 ea
3391 2424 3425 2466 a
3454 2403 3705 2469 civitatis

2062 2491 2606 2568 propugnatoribus
2634 2493 3038 2573 harpagonem
3087 2494 3406 2576 quemdam
3438 2493 3702 2556 ferreum

2060 2577 2331 2660 quidem,
2367 2581 2665 2644 modicum
2686 2591 2885 2645 autem
2911 2602 2979 2647 ac
3002 2585 3165 2647 velut
3185 2602 3509 2665 puerorum
3536 2581 3705 2644 terri-

2060 2667 2463 2732 culamentum
2486 2689 2840 2752 suspensum
2869 2672 3467 2746 viderunt,machinze
3490 2672 3702 2752 hujus-

2060 2756 2245 2833 modi,
2281 2758 2416 2820 dico
2445 2770 2642 2822 autem
2674 2761 2903 2842 arietis,
2946 2763 3159 2826 timore
3190 2761 3455 2843 correpti
3488 2760 3701 2841 pedem

2056 2849 2412 2924 retro,nulla
2440 2868 2508 2912 re
2539 2851 2898 2929 prtestita,ad
2936 2852 3317 2917 tabernacula
3346 2870 3455 2915 sua
3485 2849 3702 2930 tulere,

2059 2944 2118 2996 et
2141 2935 2299 2999 hunc
2330 2948 2390 3000 et
2420 2939 2473 3001 ei
2497 2939 2727 3002 similes
2754 2940 2872 3020 igni
2903 2941 3113 3003 dantes
3146 2940 3255 3021 (2i.

2139 3023 2279 3091 434.
2310 3025 2650 3091 Civitatisne
2711 3029 2791 3107 id,
2846 3049 2924 3092 an
2985 3031 3091 3093 Dei
3126 3029 3395 3099 omnino.
3430 3046 3559 3110 qum
3590 3047 3701 3090 au-

2054 3112 2257 3191 daces,
2292 3136 2410 3179 non
2469 3136 2643 3179 secus
2694 3135 2764 3181 ac
2809 3119 3089 3194 infantes,
3127 3127 3354 3182 terrore
3387 3125 3701 3200 percutere

322 3203 528 3277 ναμένη
577 3204 665 3260 καὶ
705 3204 828 3265 τοὺς
883 3205 1100 3278 θρασεῖς
1157 3204 1229 3267 ὡς
1290 3203 1357 3262 τὰ
1407 3205 1622 3280 νήπια;
1670 3205 1808 3263 Ε’ίτα
1846 3218 1968 3272 ταῖς

2063 3205 2227 3277 valet.
2264 3208 2525 3299 potentia
2567 3208 2622 3270 id
2658 3209 2903 3299 effecit?
2934 3207 3164 3272 Deinde
3195 3228 3341 3299 vero,
3370 3206 3703 3299 testudines

323 3290 700 3372 σϐυρσοφόροις
745 3290 990 3372 χελώνας
1034 3289 1313 3354 ὑποδύντες
1348 3294 1422 3353 ὡς
1459 3292 1572 3371 ὄφις
1620 3295 1677 3350 τὸ
1748 3294 1964 3373 προτεί-

324 3403 502 3461 χισμα
560 3381 783 3454 ἀξίναις,
844 3383 918 3445 ὡς
966 3379 1206 3459 εἴρηται,
1252 3382 1338 3438 καὶ
1383 3380 1625 3462 μοχλοῖς
1674 3383 1733 3439 ἐκ
1761 3384 1968 3463 βάθρων

321 3471 694 3542 ἀνασκευάζειν
753 3470 1067 3550 ἔπεχείρουν
1101 3489 1116 3505 ·
1173 3470 1201 3526 ὃ
1250 3467 1316 3538 δὴ
1347 3469 1444 3527 καί
1486 3473 1560 3536 εἰς
1605 3470 1764 3550 ἔργον
1785 3478 1966 3540 αὐτοῖς

319 3561 533 3634 ἠνύετο,
591 3558 763 3629 δήπου
815 3563 876 3616 τὸ
909 3557 1359 3636 σπουδαζόμενον,
1392 3561 1438 3616 εί
1477 3561 1554 3634 μὴ
1600 3562 1760 3620 πάλιν
1790 3565 1825 3631 ἡ
1870 3564 1965 3621 οὖ-

320 3651 500 3725 ράνιος
543 3650 662 3714 τοῖς
724 3647 962 3711 πολίταις
1021 3646 1372 3724 ἐπιλάμψασα
1406 3650 1628 3726 πρόνοια
1660 3648 1869 3728 ἀνδρείᾳ
1910 3674 1969 3709 τε

320 3743 417 3805 τὰς
469 3740 679 3818 καρδίας
726 3741 899 3798 αὒτῶν
942 3740 1252 3818 ἐθωράκισε,
1317 3738 1412 3796 καί
1472 3739 1692 3797 ὑπέθετο
1742 3743 1877 3799 κατὰ
1908 3744 1967 3798 τὸ

322 3832 681 3911 προτείχισμα
725 3830 980 3904 ἐξελθεῖν,
1036 3832 1124 3887 καὶ
1168 3829 1537 3896 καταπτοῐλσαι
1590 3830 1714 3895 τοὺς
1744 3828 1832 3887 δια
1863 3837 1969 3888 τῶν

321 3919 606 3999 χελωνῶν,
664 3927 855 3998 μικροῦ
911 3918 977 3987 δὴ
1061 3918 1202 3975 ἅπαν
1277 3919 1403 3975 αὐτὸ
1462 3918 1909 3993 κατασκάψαντας
1950 3937 1965 3951 ·

319 4008 441 4067 οὐδὲ
495 4012 594 4088 γὰρ
636 4011 704 4079 ἦν
757 4010 820 4067 ἐκ
849 4017 941 4066 τοῦ
970 4008 1178 4088 τείχους
1209 4007 1368 4087 ῥῖχαί
1396 4030 1446 4063 τι
1477 4006 1596 4065 κατ’
1628 4011 1801 4067 αὐτῶν
1828 4007 1974 4068 ἔνδον

319 4096 622 4179 εἰσδύντων,
655 4101 741 4157 καὶ
803 4100 901 4156 ὕπὸ
952 4106 1047 4157 τοῦ
1095 4098 1550 4177 προτειχίσματος
1584 4098 1970 4181 σκεπωμένων,

317 4189 408 4245 καὶ
437 4187 575 4265 μηδὲ
606 4187 890 4267 δρωμένων
920 4202 1040 4254 τοῖς
1086 4187 1306 4249 ἄνωθεν,

233 4434 257 4454 .
397 4366 531 4441 ρλε’.
561 4354 776 4444 ηΑνδρες
833 4365 923 4423 οὖν
990 4364 1281 4454 ὁπλοφόροι
1325 4366 1559 4444 βραχεῖς
1606 4365 1838 4447 ἀριθμῷ,
1898 4369 1973 4425 ὧν

317 4460 346 4513 ὁ
382 4459 509 4522 Θεὸς
542 4456 719 4532 ἀνῆψε
751 4455 849 4522 τὴν
880 4456 1195 4533 προθυμίαν,
1228 4453 1445 4522 ἐξῆλθον
1497 4454 1582 4511 διὰ
1638 4461 1736 4523 τῆς
1770 4457 1970 4534 πύλης,

316 4546 398 4624 ἐφ’
433 4547 497 4616 ἧς
527 4546 620 4602 καί
675 4546 702 4601 ὁ
757 4543 1048 4622 λεγόμενος
1107 4544 1453 4621 καταράκτης
1506 4544 1815 4623 κεχάλαστο
1846 4547 1970 4623 μὲν,

317 4635 623 4703 ἀνεσπάσθη
682 4631 735 4690 δὲ
779 4633 923 4707 τότε,
988 4634 1075 4691 καὶ
1152 4633 1317 4708 μόνον
1390 4631 1677 4697 ἀναϐάντες
1735 4635 1821 4692 ἐπὶ
1879 4637 1974 4695 τοῦ

320 4813 405 4859 tra
441 4818 507 4859 ac
538 4802 593 4861 in
626 4801 1052 4860 Commentario
1087 4801 1295 4872 praevio
1345 4802 1649 4858 statuimus
1709 4803 1971 4872 intraque

318 4875 507 4931 adhuc
538 4876 594 4932 in
624 4873 945 4935 Adnotatis.
1003 4885 1128 4943 cap.
1162 4876 1437 4943 sequenti
1458 4872 1798 4942 subdendis,
1830 4891 1971 4932 con-

319 4945 700 5011 firmabimus,
731 4945 1024 5014 diversum
1065 4941 1191 5014 esse
1232 4941 1306 4999 ab
1340 4941 1516 5014 hujus
1545 4944 1616 5001 de
1648 4941 1832 5003 sancti
1862 4945 1966 5005 lle-

319 5019 505 5075 metrii
538 5014 849 5074 miraculis
870 5013 1288 5088 lucubrationis
1318 5013 1576 5088 antitgre,
1607 5014 1728 5086 qui,
1761 5031 1969 5088 quem-

316 5088 623 5145 admodum
653 5088 771 5156 jam
806 5086 1028 5152 monui,
1087 5084 1377 5142 obsidioni
1434 5084 1961 5156 Thessaloniieensi,

314 5158 605 5287 lannoisgjl
636 5156 954 5223 Eictte.sese
986 5156 1338 5219 interfuisse.
1366 5159 1833 5216 manifestissime
1855 5163 1965 5217 hoc

336 5244 444 5287 oco
495 5245 529 5287 n
577 5242 706 5286 teat.

336 5244 444 5288 oco
472 5232 706 5287 indicat.

398 5301 488 5381 (l)
518 5301 890 5381 Vocabulum
947 5296 1326 5379 ῥαϐδσύργημα
1382 5298 1444 5359 in
1501 5299 1685 5361 nullis
1719 5318 1965 5381 prorsus

314 5380 513 5438 lextcis
565 5383 825 5440 invenire
879 5380 1079 5444 licuit;
1139 5388 1411 5443 attamen.
1452 5394 1583 5436 cum
1645 5380 1967 5439 testudines

311 5452 533 5511 bellica)
562 5452 838 5515 falcibus.
870 5450 1106 5522 quibus.
1141 5463 1297 5506 nunc
1326 5454 1644 5522 suspensis,
1682 5466 1841 5509 nunc
1872 5468 1961 5511 te-

210 5556 213 5559 η
310 5525 521 5594 ductis,
548 5528 841 5582 civitatum
879 5520 1245 5594 obsessarum
1271 5520 1471 5594 (δείλῃ
1500 5520 1708 5593 linguae
1753 5523 1967 5582 Latinas

310 5591 606 5655 Thesauro
635 5595 706 5653 ad
737 5592 1078 5654 vocabulum
1127 5594 1339 5649 testudo
1378 5591 1683 5651 Robertum
1716 5594 1961 5664 Stephao

312 5672 477 5734 num)
507 5670 656 5725 muri
687 5667 1067 5728 feriebantur.
1099 5671 1295 5721 mserit
1327 5676 1583 5730 armatm.
1614 5667 1806 5723 (ἑτερου
1842 5668 1963 5725 time

316 5737 516 5821 verba,
582 5741 678 5800 Καὶ
731 5747 838 5799 τῶν
893 5735 1157 5820 χελωνῶν
1206 5736 1272 5793 τὰ
1314 5739 1573 5819 χαμερπῆ
1622 5736 1958 5824 ῥαεδουργή-

2052 3305 2398 3376 serpentum
2424 3298 2483 3358 in
2509 3316 2735 3359 morem
2762 3297 3088 3362 subeuntes
3120 3298 3574 3373 dolabris,corio
3596 3294 3701 3357 ob-

2053 3383 2644 3468 tectis.vectibusque
2671 3388 3279 3470 propugnaculum,ut
3309 3388 3534 3450 dictum
3570 3392 3691 3459 est,

2051 3492 2086 3534 a
2107 3472 2510 3538 fundamentis
2525 3478 2875 3541 subvertere
2891 3476 3442 3559 conabantur;quod
3458 3474 3695 3551 utique,

2050 3565 2123 3624 ab
2150 3564 2295 3645 ipsis
2325 3564 2590 3629 studiose
2615 3566 3312 3648 tentatum,exsecutioni
3334 3566 3512 3628 etiam
3539 3581 3707 3625 man-

2052 3652 2252 3715 datum
2309 3654 2538 3737 fuisset,
2599 3655 2713 3716 nisi
2764 3675 2970 3719 rursus
3001 3655 3377 3718 Providentia
3406 3655 3700 3720 ccclesiis,

2052 3740 2281 3802 civibus
2312 3742 2588 3817 illucens,
2623 3755 2680 3806 et
2738 3744 3083 3807 fortitudine
3135 3743 3315 3806 corda
3367 3762 3600 3817 eorum,
3635 3755 3702 3802 ut

2052 3829 2262 3905 lorica,
2296 3831 2613 3904 induisset,
2669 3832 3123 3914 indidissetque,
3160 3843 3223 3894 ut
3256 3829 3702 3913 propugnaculo

2057 3920 2550 4003 exirent,eosque
2578 3922 2680 4004 qui
2709 3922 2769 3984 in
2795 3921 3195 3985 testudinibus
3219 3930 3411 3997 erant,
3433 3920 3705 3998 illudque

2058 4008 2184 4070 fere
2218 4016 2405 4071 totum
2441 4012 2663 4093 (neque
2704 4013 2866 4073 enim
2891 4022 3099 4074 contra
3122 4013 3280 4092 ipsos
3303 4011 3698 4083 introeuntes,

2057 4107 2236 4179 atque
2258 4118 2289 4161 a
2314 4101 2757 4182 propugnaculo
2800 4111 3105 4164 conlectos
3131 4120 3241 4165 nec
3261 4099 3431 4164 abiis
3454 4101 3701 4182 quisur-

2058 4207 2187 4249 sum
2218 4199 2408 4270 erant,
2443 4199 2822 4271 conspectos,
2856 4192 3066 4272 projici
3098 4211 3131 4254 e
3174 4209 3343 4253 muro
3374 4191 3698 4273 quidquam

2061 4278 2313 4360 poterat)
2344 4278 2734 4354 sui'fodrrant,
2771 4291 3001 4343 terrore
3028 4281 3358 4345 efﬁcerent.

2139 4368 2276 4430 135.
2330 4366 2455 4430 Viri
2516 4370 2694 4448 igitur
2721 4370 2958 4443 armati,
3024 4371 3193 4452 pauci
3244 4387 3520 4449 numero,
3553 4388 3703 4449 quo-

2057 4476 2187 4519 rum
2213 4457 2373 4520 Deus
2396 4459 2762 4521 alacritatem
2799 4462 3093 4533 accendit,
3129 4480 3162 4523 e
3195 4470 3384 4540 porta,
3416 4457 3488 4520 ad
3522 4476 3697 4538 quam

2058 4557 2346 4611 cataracta
2384 4548 2486 4628 (3),
2515 4556 2577 4610 ut
2606 4556 2874 4626 vocatur,
2911 4549 3301 4629 erat,demitti
3325 4549 3572 4631 quidem
3606 4566 3703 4609 so-

2057 4636 2329 4709 lita,tunc
2356 4647 2553 4700 autem
2585 4638 2797 4720 levata,
2828 4640 3388 4722 exierunt,cumque
3418 4639 3703 4700 duntaxat

2057 4808 2912 4891 nam,_Latine_in_terpretatus
2938 4828 3064 4872 sum
3085 4808 3375 4891 humique
3393 4812 3699 4889 serpentes

2055 4886 2425 4949 testudinum
2455 4886 2669 4966 falces.

2127 4966 2207 5038 (2)
2235 4968 2464 5038 Aliquid
2509 4969 2601 5023 hic
2660 4968 2857 5025 deesse
2892 4970 3108 5035 sensui,
3143 4986 3171 5024 a
3198 4969 3421 5027 Joanne
3453 4966 3696 5038 intumo.

2047 5036 2267 5095 certum
2304 5036 2578 5111 apparet:
2623 5052 2819 5113 verum
2845 5040 3118 5113 quidnam
3147 5040 3200 5096 id
3220 5044 3313 5106 sit,
3356 5036 3506 5096 haud
3543 5052 3701 5112 aeque

2047 5116 2132 5165 est
2149 5117 2406 5184 certum.
2439 5125 2543 5166 nec
2567 5126 2674 5184 ego
2703 5110 2959 5168 divinare
2989 5113 3177 5184 velim.

2120 5179 2201 5247 (3)
2241 5181 2574 5255 cataractae.
2606 5179 2684 5239 uti
2720 5196 2773 5237 tn
2803 5197 2907 5255 suo
2934 5184 3139 5255 linguae
3161 5183 3371 5241 Latina:
3399 5179 3696 5255 Thesauro

2045 5250 2116 5308 ad
2149 5250 2491 5309 vocabulum
2521 5258 2801 5309 cataracta
2847 5250 3125 5311 Roberius
3154 5255 3477 5317 Stephanus
3505 5251 3694 5317 docet.

2049 5323 2197 5379 fores
2234 5325 2501 5398 pendulae
2538 5338 2605 5381 vx
2639 5324 2796 5396 ligno
2825 5324 3204 5398 ferrove,qute
3232 5322 3440 5382 dimitti
3480 5324 3695 5398 ac_totli

2046 5407 2152 5465 pro
2190 5392 2472 5453 veluntate
2498 5392 2834 5468 'custn'dum
2880 5392 3149 5468 ’possun't,
3201 5398 3491 5468 dicuntur.
3524 5392 3689 5468 Tales

2046 5475 2233 5539 autem
2276 5468 2472 5539 [οι-ρει..
2498 5466 2742 5525 civitatis
2773 5465 3302 5539 Thessalonievnsis
3334 5466 3696 5539 (ortamiCa-

2044 5536 2485 5610 sandreolicam,
2549 5551 2582 5595 e
2636 5553 2748 5610 qua
2807 5536 3697 5610 Thessalonicenses,inimicos

2045 5608 2546 5679 invasuri.egres5t
2582 5604 2676 5666 hté
2723 5620 2934 5667 narran
2965 5623 3052 5675 ur,
3078 5626 3107 5666 a
3138 5610 3359 5666 Joanne
3381 5604 3696 5679 designari.

2043 5691 2114 5759 ex
2149 5677 2381 5759 iisqum
2409 5681 2478 5737 ab
2514 5694 2580 5736 eo
2611 5680 2759 5737 infra
2821 5694 2981 5738 num.
3017 5679 3114 5741 137
3150 5680 3434 5744 memoria:
3467 5677 3693 5759 prodita

2044 5751 2319 5823 invenies,
2358 5760 2443 5812 sat
2483 5762 2706 5812 certum
2734 5762 2992 5833 apparet.
