4124 6422
283 327 432 416 £313

1372 328 1432 412 ἑ.
1470 321 1849 410 bEuE’TRtI
1892 317 2292 405 MARTYRIS
2332 321 2554 408 ACTA.

3492 325 3653 410 1314'

278 485 632 566 κατάπλῆξις,
692 485 764 550 ὥς
822 507 968 548 τινας
1016 485 1185 542 αὗτῶν
1229 482 1458 547 ἀόπλους
1490 491 1680 561 φυγεῖν
1709 498 1722 512 ⁸
1786 477 1934 534 εἶτα⁴

2024 482 2096 566 tat
2124 477 2529 538 consternatio
2555 485 2618 538 ut
2658 473 2841 558 aliqui
2865 475 3041 566 etiam
3066 473 3292 566 absque
3313 479 3496 540 armis
3519 480 3644 542 suis

278 577 395 652 περί
449 597 553 632 που
611 597 769 652 τριων
819 576 971 654 ὡρῶν
1031 575 1114 630 ἐπὶ
1174 575 1268 638 τὲις
1322 573 1553 650 κορυνρὰς
1597 577 1703 626 τῶν
1761 567 1918 644 ἐγγὺς

278 665 442 742 ὀρέων
520 663 926 738 διαμείναντες,
997 663 1193 724 ίδόντες
1252 663 1285 718 ἃ
1342 661 1510 733 εἶδον,
1573 663 1646 722 ὡς
1703 658 1919 734 ὕστερον

277 754 540 832 ἔγνωμεν,
587 751 829 819 δύνοντος
859 761 952 809 του
979 753 1156 831 ἡλίου,
1193 755 1332 814 αὖθις
1381 750 1645 817 κατῆλθον
1688 749 1771 803 ἐπὶ
1822 747 1918 808 τὰς

278 843 478 910 σγηνᾶς
535 844 760 914 ἑαυτῶν,
797 841 1064 912 ἀλλήλους
1118 842 1177 898 ἐκ
1221 843 1510 920 προμυθίας
1563 846 1653 896 τοῦ
1684 835 1913 915 ἂθλοφόυ

277 953 368 1010 ρο)
401 930 806 1005 σκυλεύσαντες,
854 934 927 994 ὡς
975 933 1061 988 καὶ
1113 931 1433 1010 τραυματίας
1491 931 1611 992 τοὺς
1642 927 1919 986 πλείστους

279 1025 543 1100 γενεσθαι.
610 1022 746 1077 Εἶτα
802 1026 902 1088 τῆς
955 1023 1137 1084 ννκτὸς
1198 1021 1406 1086 ἓκείνης
1467 1017 1825 1081 διανυσθείσης
1867 1013 1920 1068 ἐν

275 1112 482 1190 ἠσυχίᾳ
525 1109 724 1190 πολλῇ,
775 1113 862 1166 καὶ
901 1114 1002 1190 οὐχ
1044 1112 1116 1172 ὡς
1163 1113 1214 1166 αἱ
1257 1111 1534 1188 πρότερον,
1584 1115 1675 1168 τοῦ
1732 1103 1921 1182 αῧγους

275 1201 556 1280 φανέντος,
617 1201 786 1256 ἱκανοὶ
839 1200 946 1256 τῶν
999 1202 1205 1277 ἑχθρῶν
1260 1204 1376 1278 περὶ
1424 1199 1518 1264 τὰς
1555 1195 1718 1258 πύλας
1748 1214 1920 1272 προσ-

277 1291 525 1364 ρυὸμενοι
586 1287 880 1368 ἐφάνησαν,
963 1294 1068 1344 τῶν
1128 1286 1183 1343 δὲ
1239 1290 1338 1354 τῆς
1399 1287 1626 1366 ἀμέτρου
1685 1283 1922 1350 πληθύος

279 1379 489 1445 ἐκείνης
523 1379 762 1456 εφαίνετο
791 1377 980 1440 οὗδείς,

370 1635 512 1724 ρμε’.
580 1645 718 1703 Εἶτα
789 1643 1220 1712 διευλαϐηθὲντες
1283 1647 1314 1713 ἡ
1371 1644 1528 1706 πόλις
1600 1642 1752 1700 δόλον
1812 1641 1930 1696 τινὰ

2000 562 2300 642 fugerent.
2329 566 2558 629 Deinde
2579 585 2714 628 cum
2747 567 2909 628 horis
2933 565 3178 627 circitur
3199 565 3390 627 tribus
3413 567 3472 628 in
3492 569 3642 632 vici-

2002 672 2212 715 norum
2248 659 2536 718 montium
2567 655 3008 717 summitatibus
3042 655 3534 739 permansissent,
3573 659 3644 722 iis

2003 762 2134 822 quae
2165 744 2460 820 viderunt,
2493 755 2556 806 ut
2605 753 2807 826 postea
2837 745 3245 824 cognovimus,
3281 748 3644 829 conspectis,

2002 851 2232 912 rursus,
2267 835 2396 897 sole
2427 836 2764 908 occidente,
2797 836 2868 896 ad
2907 835 3163 896 tentoria
3192 853 3301 896 sua
3325 854 3461 899 sese
3489 838 3650 900 invi-

2001 938 2157 1002 cem,
2191 925 2266 985 ita
2296 934 2360 984 ut
2389 924 2628 1004 plurimi
2661 925 3144 1002 vulnerarentur,
3176 943 3210 984 e
3249 927 3644 988 certaminum

2001 1011 2246 1074 victoris
2273 1014 2640 1093 providentia
2662 1013 2973 1076 trudentes
2995 1020 3133 1074 sunt
3159 1015 3646 1078 reversi.l)einde

2005 1120 2140 1162 cum
2168 1112 2400 1164 noctem
2429 1103 2588 1164 illam
2621 1104 3055 1183 quiete,contra
3078 1121 3146 1163 ac
3171 1105 3652 1182 praecedentibus

2008 1191 2279 1253 noctibus
2310 1191 2525 1254 factum
2563 1193 2797 1273 fuisset,
2831 1193 3282 1272 transegissent,
3303 1194 3400 1256 die
3433 1195 3649 1274 illuce-

2006 1290 2231 1356 scente,
2265 1282 2643 1344 inimicorum
2677 1292 2765 1344 sat
2796 1283 2988 1354 multi,
3025 1282 3126 1360 qui
3159 1283 3231 1343 ad
3266 1292 3470 1363 portas
3499 1304 3648 1347 con-

2009 1371 2322 1444 ﬂuxerant,
2359 1373 2526 1433 fuere
2558 1373 2905 1452 conspecti;
2941 1372 3178 1433 illorum
3219 1383 3414 1434 autem
3447 1376 3550 1452 qui
3579 1395 3653 1438 ex

2012 1459 2328 1522 innumera
2359 1461 2460 1522 illa
2489 1462 2873 1523 multitudine
2917 1462 3172 1541 fuerant,
3209 1463 3410 1524 nullus
3462 1483 3652 1545 appa-

2012 1547 2152 1611 ruit.

2093 1639 2229 1701 145.
2267 1640 2497 1702 Deinde
2525 1660 2659 1702 cum
2712 1641 2938 1715 civitas,
2973 1659 3050 1702 ne
3106 1641 3278 1703 dolus
3333 1643 3545 1725 aliquis
3573 1654 3660 1708 at-

281 1735 671 1802 καθεστηκὲναι
725 1739 812 1792 καὶ
871 1733 1104 1812 ἐνέδραν,
1152 1735 1271 1792 οὕτε
1325 1736 1418 1796 τὰς
1473 1734 1640 1796 πύλας
1673 1731 1925 1808 ἀνέῳξαν,

2024 1745 2130 1808 que
2162 1728 2392 1791 insidiae
2423 1730 2761 1808 subessent,
2797 1740 3116 1809 metueret,
3148 1749 3258 1792 nec
3289 1741 3487 1811 portas
3509 1752 3656 1814 ape-

285 1825 406 1882 οὖτε
464 1827 587 1888 τοὺς
632 1825 1117 1904 προσχωρήσαντες
1174 1823 1295 1880 τότε
1356 1825 1460 1881 τῶν
1506 1824 1754 1879 ἐναντίων
1813 1817 1928 1875 ἐδέ-

2024 1817 2274 1890 ruit,ncc
2305 1837 2380 1880 ex
2412 1819 2670 1880 inimicis
2692 1819 2956 1900 illos,qui
2987 1825 3657 1904 accesserant,recepit.

285 1915 446 1980 ξαντο
481 1935 494 1948 ·
542 1914 758 1970 ἐκείνων
812 1912 867 1968 δὲ
917 1912 1149 1970 πλεῖστα
1204 1913 1454 1990 βοώντων
1512 1915 1596 1968 καὶ
1641 1908 1933 1985 διομνυυέ-

286 2028 418 2077 νων,
453 2005 526 2068 ὡς
557 2002 746 2083 ἔφυγον
783 2009 846 2079 τῇ
881 2003 1034 2059 νυκτί
1085 2003 1281 2064 πάντες
1311 2003 1548 2082 ἀψοφητὶ
1581 2003 1628 2057 οἱ
1659 1999 1930 2073 πολέμιοι,

287 2093 448 2169 μόλις
476 2099 590 2172 περὶ
623 2094 878 2168 πέμπτην
926 2093 1066 2170 ὥραν
1122 2093 1222 2158 τῆς
1283 2091 1483 2170 ἡμέρας
1526 2096 1734 2152 τούτοις
1785 2089 1934 2144 ἀνοί-

286 2182 470 2248 ξαντες
555 2179 899 2246 εἰσεδέξαντο.
987 2183 1082 2246 Ὣς
1158 2180 1212 2238 δὲ
1288 2181 1512 2260 ἠρώτων
1574 2177 1935 2258 ἀπαγγέλλειν

288 2269 538 2346 ἇψευδὼς
592 2271 658 2326 τὰ
718 2268 1104 2346 βεϐουλευμένα
1165 2283 1283 2332 τοῖς
1343 2271 1587 2350 ἐχθροῖς,
1648 2270 1733 2324 καὶ
1797 2268 1932 2330 τίνος

292 2361 454 2440 χάριν
497 2361 680 2423 αὐτοῖς
741 2363 1210 2440 προσεχώρησαν,
1256 2359 1460 2438 ἔφησαν
1495 2375 1510 2390 ⁶
1571 2351 1764 2432 Ἡμεῖς
1837 2358 1935 2431 μὲν

285 2452 426 2528 πρὸς
481 2451 616 2525 ὑμᾶς
663 2451 1072 2531 κατεφύγομεν,
1121 2449 1215 2506 ἵνα
1272 2452 1351 2525 μὴ
1411 2448 1779 2528 διανρθαρῶμεν
1832 2448 1933 2500 ὑπὸ

285 2547 383 2595 τοῦ
440 2538 650 2617 λοιμοῦ,
713 2537 886 2600 ἄλλως
937 2559 994 2595 τε
1053 2540 1293 2618 γνόντες,
1347 2537 1428 2594 ὅτι
1457 2540 1544 2596 καὶ
1573 2539 1664 2593 τὸν
1699 2536 1934 2610 πόλεμον

286 2629 607 2697 νενικήκατε
641 2642 656 2657 ⁶
719 2629 806 2683 καὶ
865 2629 965 2707 γὰρ
1022 2625 1397 2707 ἧκριϐωθημεν
1450 2628 1531 2684 ὃτι
1575 2629 1667 2683 τὸν
1708 2627 1934 2704 στρατὸν

284 2719 438 2790 ὑμῶν
497 2717 660 2796 μέχρι
714 2728 811 2776 τοῦ
868 2717 955 2775 νῦν
1014 2719 1068 2774 ἰν
1109 2718 1260 2791 μέσῳ
1313 2717 1414 2785 τῆς
1445 2718 1654 2782 πόλεως
1686 2715 1936 2792 κατεκρύ-

287 2814 451 2883 ψατε,
513 2809 601 2863 καὶ
659 2808 822 2881 μόνον
879 2812 948 2882 τῇ
1000 2807 1128 2886 χθὲς
1171 2807 1345 2885 ἡμέρᾳ
1395 2806 1508 2885 ὥρᾳ
1554 2804 1717 2884 ὀγδόῃ
1748 2805 1937 2882 ἀθρόον

286 2899 478 2953 τοῦτον
508 2895 592 2952 διὰ
624 2902 810 2952 πασῶν
839 2898 945 2953 τῶν
975 2895 1157 2953 πυλῶν
1185 2895 1267 2974 ἐφ’
1305 2896 1443 2970 ἡμᾶς
1473 2895 1821 2970 ὲξωπλίσατε,
1849 2895 1937 2952 ὅτε

291 2990 382 3044 καὶ
412 2986 702 3066 φεύγοντας
732 2988 875 3062 ἡμᾶς
905 2985 1102 3063 ἑωρᾶτε
1133 2987 1343 3048 πάντως
1375 2986 1465 3044 ἐπὶ
1489 2987 1556 3044 τὰ
1585 2984 1707 3066 ὄρη.

379 3163 555 3244 pug".
606 3163 956 3228 Κατελθόντες
1014 3163 1104 3220 οὖν
1159 3164 1413 3244 ἑσπέρας,
1448 3165 1534 3220 ὅτε
1564 3162 1647 3221 διὰ
1695 3171 1800 3221 τῶν
1845 3188 1942 3222 πυ-

292 3255 406 3312 λῶν
449 3257 592 3320 αὖθις
663 3255 826 3312 εἷσιὸν
881 3256 942 3310 τὸ
1007 3254 1133 3311 αὐτὸ
1193 3256 1492 3333 στράτευμα
1544 3257 1936 3331 κατεμάθομεν,

296 3347 372 3409 εἷς
403 3343 670 3414 ἀλλήλους
727 3345 1102 3423 χωρήσαντες,
1164 3341 1686 3418 συμϐουλευσάμενοι
1749 3344 1941 3424 ἔφυγον

295 3435 498 3491 ἐκεῖνοι
529 3432 598 3488 δι’
642 3432 773 3500 ὅλης
806 3433 991 3497 νυκτός
1026 3450 1043 3466 '
1075 3437 1233 3490 εἷπον
1264 3435 1364 3511 γὰρ
1394 3435 1465 3498 ὣς
1502 3437 1601 3512 πρὸ
1631 3441 1724 3490 τοῦ
1754 3434 1942 3511 αὔγως

297 3523 385 3582 ἑ,
481 3523 497 3560 ’ν
574 3524 589 3542 ς
759 3525 774 3544 ς
898 3525 921 3560 π
1112 3522 1134 3559 ε
1520 3526 1532 3544 η
1712 3521 1736 3541 ,ι

327 3547 365 3581 π
448 3545 632 3588 αδτους
688 3545 776 3578 και
862 3527 1008 3585 αδθις
1083 3521 1398 3601 ἐ,ορμήαειν
1487 3545 1546 3580 το
1604 3545 1936 3601 στρατευμα.

298 3613 548 3672 Ἐκείνων
593 3615 681 3668 οὗν
741 3615 1034 3692 φυγόντων,
1083 3614 1245 3684 ἡμεῖς
1303 3613 1683 3688 ἆπεμείναμεν,
1747 3615 1943 3668 Συνέν.

294 3726 385 3766 τες
446 3701 502 3759 δὲ
546 3705 593 3759 οἱ
639 3703 736 3768 τῆς
796 3700 1003 3764 πόλεως
1061 3700 1356 3778 ἀγγελικὴν
1418 3703 1735 3780 συμμαχίαν
1763 3704 1942 3758 θεόθεν

295 3793 486 3857 αὐτοῖς
550 3791 1027 3865 ἑξαποσταλεῖσαν,
1077 3789 1471 3870 ἐφιλοσόφησαν
1507 3790 1604 3864 μὲν
1637 3796 1705 3864 τῇ
1737 3796 1939 3870 σιωπῆ,

293 3882 488 3958 ὕμνους
545 3881 606 3938 ἐκ
647 3878 862 3958 καρδίας
893 3887 970 3954 τῷ
1029 3881 1145 3954 Θεῷ
1201 3881 1288 3936 καὶ
1347 3881 1690 3959 εὐχαριστίας
1733 3880 1942 3955 ἐκπέμ-

2015 1905 2160 1967 Cum
2195 1925 2334 1969 vero
2383 1907 2702 1988 plurimum
2759 1907 2842 1968 illi
2876 1909 3228 1983 clamarent,
3265 1910 3661 1993 inimicosque

2016 2012 2226 2054 omnes
2258 2006 2433 2058 nocte
2453 1996 2552 2057 illa
2581 1996 2804 2076 absque
2830 1998 3082 2077 strepitu
3115 1996 3334 2076 fugisse
3362 2001 3655 2075 iurarent,

2016 2100 2172 2161 mgre
2203 2084 2316 2146 sub
2350 2087 2616 2165 quintam
2639 2085 2754 2146 diei
2789 2086 3023 2165 horam,
3056 2088 3244 2166 portis
3271 2089 3519 2167 apertis,
3553 2108 3659 2152 eos

2018 2183 2398 2253 receperunt.
2435 2173 2578 2235 Cum
2615 2193 2814 2254 porro,
2849 2183 2914 2235 ut
2966 2194 3098 2256 quae
3149 2176 3374 2239 inimici
3406 2178 3662 2242 fuissent

2020 2262 2232 2336 moliti,
2266 2264 2559 2343 cujusque
2589 2264 2678 2325 rei
2712 2266 2902 2342 gratia
2931 2265 3000 2326 ad
3038 2265 3203 2346 ipsos
3232 2269 3657 2350 accessissent,

2017 2351 2241 2432 absque
2275 2353 2588 2415 mendacio
2621 2356 3352 2436 renuntiarent,sciscitati
3381 2357 3657 2434 fuissent,

2017 2443 2294 2504 dixerunt
2329 2463 2341 2506 :
2379 2442 2499 2504 Nos
2531 2442 2774 2524 quidem
2804 2446 2876 2506 ad
2927 2463 3032 2505 vos
3075 2443 3354 2522 fugimus,
3386 2465 3460 2506 ne
3496 2455 3664 2528 peste

2018 2549 2358 2613 pereamus,
2387 2533 2873 2610 aliterque,bello
2907 2553 3008 2596 vos
3040 2551 3176 2596 esse
3206 2537 3550 2616 superiores
3570 2536 3662 2599 fa-

2017 2631 2166 2694 ctos,
2217 2631 2596 2701 perspectum
2641 2621 2956 2685 habentes.
2989 2621 3110 2684 Vos
3139 2624 3300 2685 enim
3331 2626 3664 2688 exercitum

2017 2718 2278 2771 vestrum
2311 2712 2372 2772 in
2421 2712 2676 2773 civitatis
2726 2712 3059 2774 meditullio
3087 2731 3278 2794 usque
3310 2715 3487 2777 modo
3519 2717 3667 2778 abs-

2018 2799 2297 2862 condisse
2321 2812 2501 2880 atque
2533 2802 2659 2863 heri
2691 2802 2975 2864 duntaxat
3002 2803 3148 2864 hora
3174 2812 3398 2878 octava,
3425 2805 3665 2884 quando

2020 2897 2078 2950 et
2110 2907 2218 2950 nos
2248 2889 2321 2950 ad
2355 2899 2590 2952 montes
2616 2891 2860 2952 omnino
2884 2890 3180 2968 fugientes
3209 2892 3462 2973 vidistis,
3495 2893 3664 2956 illum

2022 2978 2200 3039 simul
2233 2979 2581 3042 universum
2616 2997 2724 3060 per
2769 2992 2969 3061 portas
3019 2999 3230 3044 omnes
3273 2980 3335 3043 in
3369 3001 3478 3044 nos
3511 2983 3666 3047 emi-
3734 3021 3738 3024 -

1956 3056 1998 3110 ο
2020 3067 2174 3129 sisse
2201 3069 2472 3148 apprime
2496 3056 2791 3132 novimus.

2101 3159 2243 3222 446.
2280 3157 2598 3240 Postquam
2659 3160 2880 3240 itaque,
2932 3160 3170 3240 quando
3225 3161 3552 3224 exercitum
3586 3162 3666 3223 il-

2022 3246 2144 3309 lum
2171 3267 2276 3328 per
2297 3258 2492 3329 portas
2523 3267 2758 3310 rursum
2789 3267 2920 3310 esse
2968 3251 3300 3329 ingressum
3324 3251 3664 3328 didicimus,

2024 3337 2264 3416 vesperi
2288 3347 2488 3399 essent
2510 3337 2998 3417 reversi,collatis
3022 3339 3440 3414 consiliis,tota
3463 3349 3661 3416 nocte,

2025 3428 2154 3488 aliis
2183 3435 2314 3508 post
2337 3428 2483 3489 alios
2500 3428 2634 3490 loco
2655 3427 3343 3507 cedentibus,fugerunt.
3379 3431 3665 3491 Futurum

2027 3520 2186 3578 cnim
2223 3517 2524 3592 dicebant,
2583 3526 2644 3577 ut
2673 3525 2811 3578 ante
2842 3517 3036 3578 lucem
3074 3521 3250 3579 etiam
3284 3517 3574 3581 adversus
3603 3536 3672 3581 se

2025 3606 2242 3668 iterum
2277 3609 2576 3669 exercitus
2605 3607 2708 3668 ille
2742 3616 3026 3668 moveret.
3062 3607 3142 3669 Iis
3172 3607 3351 3686 igitur
3384 3607 3671 3686 fugienti-

2028 3695 2160 3776 bus,
2194 3713 2303 3756 nos
2331 3696 2793 3776 permansimus.
2851 3693 2938 3756 Illi
2990 3705 3214 3770 autem,
3282 3695 3384 3778 qui
3416 3697 3673 3760 civitatis

2028 3793 2219 3864 erant,
2247 3784 2416 3847 hisce
2438 3785 3068 3864 intellectis,auxilium
3097 3785 3433 3864 angelicum
3455 3785 3672 3847 divini-

2028 3883 2119 3934 tus
2151 3873 2264 3935 sibi
2287 3872 2649 3934 submissum
2681 3873 3086 3946 fuisse,Deum
3113 3891 3182 3934 ex
3205 3873 3388 3935 corde
3411 3874 3673 3936 laudan-

296 3977 519 4048 ψαντες,
568 3970 795 4033 ἐκείνοις
841 3967 895 4025 δὲ
957 3970 1114 4026 εἶπον
1147 3988 1160 4002 ·
1225 3970 1322 4026 Ναὶ
1377 3968 1606 4047 ἀκριϐῶς
1659 3966 1786 4047 ἅγρι
1841 3975 1934 4037 τῆς

2025 3973 2113 4025 tes
2135 3962 2470 4043 gratiasque
2493 3963 2548 4025 ei
2565 3970 2807 4042 agentes
2832 3962 3006 4024 tacite
3020 3961 3373 4041 judicarunt
3396 3964 3668 4044 quidem,

298 4061 432 4140 χθὲς
487 4062 579 4120 οὖιι
627 4059 960 4136 ἦξηγάγομεν
1000 4057 1082 4138 ἐφ’
1137 4059 1272 4133 ὑμᾶς
1318 4059 1408 4114 τὸν
1452 4057 1674 4136 στρατόν
1714 4076 1726 4089 ’
1761 4058 1854 4115 ἵνα
1886 4057 1934 4116 δὲ

2029 4053 2148 4115 illis
2169 4064 2366 4114 autem
2385 4052 2704 4114 dixerunt:
2734 4051 3046 4112 Enimvero
3069 4057 3397 4116 exercitum
3421 4053 3671 4118 omino

298 4156 514 4230 γνῶμεν
558 4150 631 4214 ὠς
687 4147 997 4221 ἀληθεύετε,
1054 4145 1246 4204 εἴπατε
1307 4149 1422 4204 τίνα
1481 4148 1750 4226 ἑωράκατε
1784 4150 1934 4205 αὑτοῦ

2024 4143 2314 4205 adversus
2337 4159 2442 4204 vos
2460 4143 2800 4203 hesternam
2821 4159 3010 4221 usque
3026 4142 3084 4201 in
3107 4142 3266 4203 diem
3290 4142 3446 4203 haud
3471 4142 3676 4205 eduxi-

302 4239 725 4316 καθηγούμενον.
767 4237 871 4296 Καΐ
917 4239 1002 4301 εἷς
1050 4237 1104 4303 ἓξ
1161 4241 1332 4296 αὐτῶν
1387 4237 1643 4316 ἀπεκρίθη
1681 4255 1696 4270 ’
1743 4237 1934 4317 ’Ἄνδρα

2029 4249 2184 4307 mus;
2199 4245 2264 4293 ut
2282 4239 2578 4297 autem.an
2593 4249 2731 4292 vera
2751 4231 3673 4310 praedicetis,noscamus,dicite,

303 4327 573 4406 πυῤῥάκην
659 4330 746 4384 καὶ
827 4327 1070 4406 λαμπρὸν
1143 4326 1301 4400 ἵππῳ
1371 4325 1544 4401 λευκῷ
1601 4330 1934 4407 ἑφεζόμενον,

2029 4322 2126 4403 qui
2158 4327 2211 4382 ei
2272 4330 2640 4402 praeeuntem
2688 4320 2983 4382 videritis.
3039 4323 3122 4382 Ac
3161 4339 3317 4383 unus
3349 4341 3417 4382 ex
3451 4321 3540 4383 eis
3566 4341 3671 4384 re-

301 4419 392 4474 καὶ
419 4419 628 4493 ἱμάτιον
658 4426 914 4497 φοροῦντα
945 4416 1130 4474 λευκόν
1168 4438 1178 4449 ·
1227 4415 1336 4474 ἰδοὺ
1387 4424 1647 4473 τοιοῦτον·
1699 4421 1783 4474 οιαὶ
1815 4418 1934 4475 ἐπε-

2030 4411 2305 4492 spondit:
2333 4411 2536 4472 Virum
2565 4411 2800 4490 igneum
2821 4429 2889 4471 ac
2917 4410 3366 4492 lucidum,equo
3383 4410 3518 4472 albo
3543 4429 3676 4474 vec-

303 4507 504 4564 δείκνυε
559 4509 830 4586 κρατήσας
881 4508 998 4572 ἐνὸς
1054 4509 1162 4563 τῶν
1209 4506 1596 4585 παρεστώντων
1642 4507 1934 4565 ὑπατιανωπ

2034 4511 2154 4563 tum
2187 4509 2472 4581 vesthue
2497 4500 2628 4562 alba
2659 4500 2934 4561 indutum
2966 4521 2980 4570 ;
3016 4518 3160 4561 ecce
3196 4500 3396 4580 talem,
3430 4519 3673 4582 unoque

308 4593 586 4676 χλαμύδα.

388 4775 531 4855 ρμζ’.
595 4777 726 4834 Τότε
803 4775 996 4835 πάντες
1079 4773 1412 4852 ὁμοθυμαδὸν
1496 4775 1733 4854 ἔγνωσαν
1790 4777 1947 4833 αὗτὸν

305 4869 450 4926 εἶναι
501 4869 592 4924 τὸν
663 4865 1005 4945 ἦγησᾶμενον
1078 4872 1170 4923 τοῦ
1236 4866 1464 4944 ἀοράτου
1548 4874 1798 4946 στρατοῦ,
1858 4865 1946 4922 καὶ

299 4956 636 5032 ἂνύμνησαν,
695 4957 784 5012 καὶ
827 4954 892 5022 ἦν
943 4953 1077 5012 ἰδεῖν
1118 4953 1314 5033 δάκρυα
1368 4956 1503 5031 μετὰ
1545 4961 1721 5035 χαρᾶς
1751 4955 1946 5035 ἐκχεό-

303 5066 462 5123 μενα,
518 5046 606 5102 καὶ
663 5043 1037 5124 ἆγαλλιῶντας
1099 5043 1336 5110 ἅπαντας
1395 5043 1595 5122 λέγειν,
1673 5047 1765 5102 Σοὶ
1820 5043 1942 5110 δόξα

303 5134 522 5216 πρέπει,
557 5135 734 5214 Κύριε,
790 5136 873 5192 σοὶ
924 5136 957 5203 ἦ
1012 5135 1396 5215 προσκύνησις,
1441 5133 1662 5211 βασιλεῦ
1716 5135 1949 5213 ἐπουρά-

305 5245 410 5284 νιε.
470 5223 531 5282 ’0
583 5225 678 5286 σὸς
721 5223 822 5302 γὰρ
866 5221 1014 5289 ἔλεος
1066 5221 1151 5280 διὰ
1207 5223 1372 5300 μέσον
1401 5229 1494 5280 τοῦ
1543 5221 1836 5304 ἀθλοφόροι)
1883 5223 1951 5301 τῇ

305 5312 464 5372 πόλει
509 5311 714 5393 ἒϐυσεν,
775 5311 1001 5392 ἐξεχύθη
1059 5311 1158 5387 μὲν
1229 5310 1409 5392 χάρις,
1457 5313 1532 5376 ὡς
1576 5313 1605 5368 ὁ
1650 5311 1951 5389 Ψαλμῳδός

309 5425 497 5485 φησιν,
556 5404 612 5460 ὲν
653 5400 862 5484 χείλεσί
903 5423 1020 5484 σου,
1085 5403 1172 5459 ἐπὶ
1229 5401 1282 5459 δὲ
1350 5405 1445 5467 τὰς
1496 5401 1734 5482 κεφαλὰς
1794 5406 1952 5478 ἡμῶν

392 5679 427 5735 9
454 5679 611 5745 Psal.
642 5695 801 5757 xuv,
829 5681 891 5744 3.

2034 4610 2101 4654 ex
2126 4590 2457 4653 astantibus
2485 4588 3272 4672 apprehenso,chlamydem
3299 4590 3676 4653 consularem

2033 4681 2316 4743 ostendit.

2117 4771 2255 4834 M7.
2307 4771 2475 4832 Tunc
2532 4769 2724 4844 illum,
2773 4768 2874 4850 qui
2925 4767 3287 4831 invisibilem
3347 4769 3678 4833 exercitum

2028 4861 2318 4935 duxisset,
2351 4861 2720 4921 unanimiter
2748 4875 2959 4922 omnes
2988 4867 3354 4938 agnoverunt
3387 4879 3456 4922 ac
3481 4859 3683 4923 lauda-

2024 4957 2440 5030 runt,eratque
2471 4949 2758 5031 lacrymas
2790 4966 2912 5030 prae
2955 4948 3158 5010 lzetitia
3185 4948 3407 5011 effusas
3437 4951 3666 5032 videre,

2027 5057 2362 5118 omnesque
2394 5039 2760 5101 exsultantes
2789 5038 2994 5101 dicere
3027 5056 3039 5098 :
3078 5037 3186 5114 Te,
3221 5037 3684 5115 Domine,decet

2033 5130 2311 5213 gloria,te
2335 5129 2743 5206 adoratio,rex
2771 5127 3302 5192 cmlestisEtenim
3329 5129 3682 5194 misericor—

2035 5223 2131 5284 dia
2154 5229 2250 5282 tua
2272 5237 2379 5301 per
2401 5223 2799 5282 certaminum
2821 5217 3080 5282 Victoris
3109 5219 3504 5300 patrocinium
3531 5218 3681 5281 civi-

2033 5314 2138 5375 tati
2165 5308 2407 5387 aﬂ'ulsit,
2444 5309 2630 5388 gratia
2662 5308 2933 5390 quidem,
2964 5317 3028 5370 ut
3057 5307 3373 5372 Psalmista
3420 5309 3504 5372 ait
3530 5309 3587 5386 9,
3619 5309 3684 5371 in

2035 5401 2208 5465 labiis
2240 5400 2357 5463 tuis
2404 5409 2498 5462 est
2549 5399 2788 5480 diffusa,
2819 5407 3022 5462 nostra
3055 5410 3250 5464 autem
3283 5416 3465 5481 super
3491 5398 3687 5482 capita
