4124 6426
458 386 611 467 ῒ327

1816 389 2275 462 SUPPLEMEN
2280 388 2469 460 TUM.

3675 401 3817 472 i328

535 534 678 598 159.
726 530 1030 614 Lacrymaa
1058 539 1201 595 tunc
1249 529 1714 619 erantﬂuminis
1742 529 1804 591 in
1848 532 2098 619 modum

2265 531 2405 610 ρνθ¹,
2471 533 2568 588 Καὶ
2624 530 2690 598 ἧν
2754 529 2873 585 τότε
2931 528 3124 608 δείκρυα
3171 529 3587 612 ποταμόρῥειθρα
3641 536 3817 619 ἐκχεό-

451 620 1091 702 οπιιεω,ο]υ1ειυε(ιυθ
1137 620 1336 682 omnis
1380 618 1631 682 civitatis
1682 617 1910 700 populi,
1945 619 2106 697 quod

454 709 786 774 ineffabiles
840 708 1142 772 civitatum
1193 708 1630 771 devastatioues
1676 706 1992 787 caedesque
2039 725 2109 767 ac

454 798 824 881 captivitates
871 798 1136 860 inﬁnitas
1165 797 1373 872 factas,
1409 798 1487 861 de
1516 814 1623 859 suo
1652 795 1831 858 etiam
1861 795 2105 857 interitu

452 889 619 951 omni
650 905 898 969 prorsus
918 905 989 950 ex
1012 894 1177 970 parte
1200 884 1962 965 inaudiens,intellexisset,
1978 884 2107 946 solo

451 976 658 1040 auditu
719 976 1001 1050 emortui,
1040 975 1370 1057 praesertim
1423 973 1671 1051 quidem
1723 972 1881 1055 quod
1917 992 2110 1054 neque

452 1064 870 1146 indigenarum
894 1065 1144 1144 navigia,
1168 1066 1262 1127 vel
1284 1064 1356 1125 ad
1379 1082 1449 1125 ea
1480 1080 1553 1127 ex
1585 1062 1733 1125 locis
1756 1080 1887 1143 quae
1918 1066 2111 1124 vicina

454 1162 647 1234 erant,
678 1154 1002 1235 servanda,
1041 1154 1137 1215 vel
1190 1153 1261 1215 ad
1320 1160 1550 1234 portus,
1608 1151 1702 1213 hic
1740 1151 2105 1227 exsistentis,

453 1242 670 1305 ostium
694 1241 1154 1307 custodiendum
1192 1240 1403 1304 relicta
1426 1246 1630 1303 essent
1648 1240 2103 1315 residua;timor

451 1347 596 1393 vero
621 1330 851 1393 civibus
873 1351 907 1395 a
932 1329 1288 1395 Christianis
1318 1329 1392 1391 iis
1424 1329 1551 1411 qui,
1578 1348 1712 1390 cum
1747 1330 1807 1391 in
1841 1328 2104 1391 crudelis

450 1418 614 1482 illius
634 1420 949 1483 conﬂictus
981 1420 1391 1500 experimento
1422 1416 1636 1498 captivi
1660 1417 1797 1479 facti
1829 1416 2103 1498 fuissent,

452 1509 805 1588 anilugerant
837 1509 1024 1589 magis
1050 1508 1440 1571 incuteretur.
1488 1510 1573 1569 Ac
1606 1515 1744 1569 tunc
1775 1516 1830 1568 et
1865 1507 2104 1568 timido-

451 1614 589 1661 rum
622 1604 682 1659 et
710 1596 958 1660 fortium
1012 1615 1167 1659 unus
1195 1604 1324 1659 erat
1355 1596 1615 1669 animus,
1650 1614 1890 1677 prmque
1920 1595 2110 1656 oculis

452 1688 701 1761 quisque
726 1689 813 1746 vel
841 1688 1182 1760 captivitatis
1211 1688 1578 1747 acerbitatem
1612 1688 1699 1745 vei
1732 1698 1971 1746 mortem
2009 1688 2107 1744 ha-

452 1770 834 1849 hebat,aliter
855 1781 1187 1836 secundum
1212 1772 1482 1834 divinum
1504 1771 1842 1854 Eloquium:
1857 1771 1952 1835 «Si
1976 1771 2108 1852 quis

2191 642 2327 697 μενα
2384 621 2471 676 καὶ
2503 621 2734 696 οἰμωγαὶ
2781 626 2869 677 τοῦ
2921 622 3121 681 παντὸς
3173 625 3272 685 τῆς
3327 619 3534 684 πόλεως
3583 623 3727 699 λαοῦ,
3766 628 3819 685 ὲκ

2189 714 2288 776 τῆς
2373 709 2541 775 ἀκοῆς
2603 707 2774 782 μόνης
2851 709 3222 784 νεκρωθέντος,
3280 707 3370 763 διὰ
3422 711 3484 764 τὸ
3554 711 3817 778 ἑκηκοέναι

2190 799 2376 863 αὑτοὺς
2447 798 2541 860 τὰς
2600 797 2831 876 ἀφάτους
2890 797 2995 854 τῶν
3072 797 3277 853 πόλεων
3337 795 3675 875 ἐκπορθήσας
3740 808 3820 860 καὶ

2190 888 2284 952 τὰς
2348 885 2715 965 γεγενημένας
2773 887 3014 962 ἀπείρους
3075 904 3422 965 κατασφαγας
3480 889 3565 944 καὶ
3627 892 3816 970 αἰχμι.

2193 974 2415 1053 λωσίας,
2463 975 2549 1030 καὶ
2606 973 2789 1052 ὅτιπερ
2838 976 2991 1030 παντὶ
3051 982 3331 1054 πανταχοῦ
3389 974 3472 1030 ἐπὶ
3520 982 3587 1052 τῇ
3638 979 3821 1035 ἑαυτῶν

2193 1063 2435 1136 ἀπωλείᾳ
2489 1061 2968 1138 εὐδοκιμήσαντας·
3030 1063 3205 1125 ἄλλως
3250 1085 3309 1118 τε
3363 1061 3419 1118 δὲ
3490 1068 3565 1139 μή
3619 1067 3820 1123 ὑπολει.

2193 1157 2383 1233 φθῆναι
2441 1151 2609 1209 πλοῖα
2670 1159 2775 1208 τῶν
2819 1151 3117 1232 ἐγχωρίων,
3232 1153 3292 1209 ἐκ
3320 1155 3425 1208 τῶν
3467 1156 3821 1231 γεγενημένων

2189 1241 2416 1308 πλησίον
2466 1241 2663 1320 χώρων
2696 1242 2981 1315 σεσῶσθαι,
3028 1242 3063 1309 ἢ
3115 1242 3384 1321 ὑπάρχειν
3413 1246 3542 1318 πρὸς
3593 1267 3821 1325 παραφυ-

2186 1330 2357 1398 λακὴν
2416 1339 2509 1387 τοῦ
2553 1331 2771 1404 στομίου
2828 1338 2917 1386 τοῦ
2972 1330 3193 1387 ἐνταῦθα
3249 1329 3487 1405 λιμένος⁸
3526 1330 3714 1389 δειλίαν
3767 1334 3817 1389 δὲ

2189 1419 2360 1475 πλείω
2416 1418 2597 1475 θέσθαι
2650 1433 2767 1481 τοῖς
2828 1419 3071 1484 πολίταις
3118 1419 3177 1475 ἐκ
3232 1424 3335 1476 τῶν
3366 1421 3650 1499 ἀποφύγων
3702 1430 3822 1500 Χρι-

2192 1508 2419 1564 στιανῶν
2481 1509 2583 1564 τῶν
2639 1508 2694 1563 ἐν
2744 1509 2898 1586 πείρᾳ
2954 1514 3051 1575 τῆς
3098 1509 3257 1576 αὐτῆς
3287 1508 3542 1575 ἀνηλεῶς
3598 1512 3821 1589 παρατά-

2191 1596 2319 1662 ξεως
2388 1597 2759 1675 γεγενημένων
2814 1599 3203 1675 αἰχμαλώτων
3267 1600 3351 1653 καὶ
3429 1601 3495 1666 ἦν
3568 1600 3684 1654 τότε
3736 1600 3821 1655 καί

2189 1689 2296 1742 τὼν
2347 1683 2533 1741 δειλῶν
2566 1688 2652 1742 καὶ
2710 1707 2816 1741 των
2874 1685 3121 1765 ἀνδρείων
3154 1689 3185 1755 ἡ
3220 1688 3375 1767 ψυχὴ
3434 1688 3549 1765 μία,
3584 1690 3669 1743 καὶ
3715 1688 3820 1743 ἕκα·

2189 1796 2312 1836 στος
2384 1777 2486 1851 πρὸ
2557 1774 2843 1854 ὀφθαλμῶν
2915 1778 2975 1831 τὸ
3039 1778 3224 1854 πικρὸν
3297 1778 3395 1842 τῆς
3468 1778 3824 1856 αἰχμαλωσίας

450 1879 556 1924 vos
580 1870 999 1943 persequatur.
1025 1879 1058 1923 e
1083 1860 1321 1923 civitate
1348 1861 1449 1922 illa
1479 1859 1657 1939 fugite
1674 1861 1733 1922 in
1754 1861 1928 1923 aliam
1966 1863 2043 1934 II,
2074 1886 2100 1917 ι)

2191 1863 2330 1941 ἑώρα
2384 1863 2420 1931 ἢ
2492 1865 2737 1936 θάνατον,
2806 1867 2899 1920 οὒκ
2956 1864 3197 1945 ἑχόντων
3257 1865 3449 1943 ἑτέρως
3504 1872 3604 1922 ποῦ
3653 1878 3825 1947 ςυγεῖν

451 1967 576 2029 quo
607 1949 839 2031 fugeret
885 1969 1004 2013 non
1034 1949 1294 2023 habens,
1328 1950 1485 2031 quod
1519 1951 1714 2011 omnis
1756 1950 2101 2012 Sclavorum

450 2058 598 2122 gens
621 2038 874 2102 barbara
895 2037 1191 2102 civitatem
1222 2058 1339 2101 non
1371 2056 1545 2100 secus
1576 2056 1644 2100 ac
1666 2057 1889 2101 corona
1908 2039 2106 2101 morti-

447 2129 575 2192 fera
630 2130 935 2192 cinxisset.
970 2127 1211 2214 .Verum
1266 2128 1366 2210 qui
1400 2136 1668 2190 nostrum
1727 2136 2103 2210 peccatorum

450 2226 701 2281 mortem
737 2236 857 2280 non
882 2217 1026 2296 vult,
1064 2217 1165 2279 sed
1200 2217 1654 2279 conversionem
1691 2226 1748 2279 et
1783 2216 2105 2291 vitam,ne-

451 2324 566 2390 que
593 2307 705 2370 hac
736 2308 795 2368 in
827 2323 896 2369 re
929 2305 1085 2369 servi
1118 2306 1207 2368 sui
1237 2323 1377 2369 vere
1406 2306 1650 2385 genuini
1703 2315 1971 2367 nostrum
2006 2306 2104 2375 in,-

450 2396 770 2478 dignorum
796 2394 1488 2473 curatoris,memorandi
1512 2402 1798 2475 perpetuo
1832 2394 2106 2476 martyris

446 2484 743 2551 Demetrii
773 2503 984 2567 preces
1015 2484 1311 2565 despexit,
1343 2482 1450 2546 sed
1482 2490 1543 2545 et
1569 2483 1631 2545 in
1663 2483 1764 2546 tali
1795 2482 2107 2546 obsidione

446 2572 739 2638 miracula
768 2584 904 2636 ante
935 2581 1166 2655 patrata
1192 2571 1446 2636 iteravit.

2188 1953 2325 2009 κατά
2372 1954 2434 2008 τὸ
2464 1956 2606 2009 θεῖον
2665 1951 2849 2031 λόγιον
2907 1956 2967 2009 τὸ
3013 1955 3238 2033 φάσκον*
3311 1975 3335 2010 ε
3373 1952 3500 2012 Ἐάν
3565 1976 3643 2016 τις
3700 1955 3825 2028 ὑμᾶς

2189 2039 2382 2117 διώκῃ,
2414 2041 2473 2096 ἐκ
2502 2042 2594 2108 τῆς
2629 2041 2838 2107 πόλεως
2874 2043 3071 2109 ταύτης
3105 2046 3323 2120 φεύγετε
3353 2046 3428 2108 εἷς
3462 2044 3560 2110 τὴν
3593 2042 3821 2122 ἐτέραν,ι›

2188 2129 2319 2186 διότι
2397 2131 2633 2206 καθάπερ
2690 2133 2924 2210 στεφάνη
2982 2133 3348 2213 θανατηφόρος
3436 2135 3498 2188 τὸ
3581 2129 3824 2209 βάρϐαρον

2187 2219 2329 2275 ἅπαν
2387 2218 2694 2275 Σκλαϐίνων
2740 2224 2839 2287 τὴν
2888 2220 3042 2276 πόλιν
3100 2222 3450 2301 περιετείχει,
3497 2220 3643 2277 Ἀλλ’
3688 2224 3713 2277 ὁ
3754 2220 3825 2293 μὴ

2190 2308 2513 2386 βουλόμενος
2576 2311 2729 2383 ἡμῶν
2761 2310 2866 2365 τῶν
2919 2308 3250 2386 ἁμαρτωλῶν
3279 2314 3370 2366 τὸν
3430 2313 3672 2389 θάνατον,
3703 2308 3829 2365 ἀλλὰ

2189 2400 2291 2466 τὴν
2350 2398 2675 2478 ἐπιστροφὴν
2730 2401 2816 2455 καὶ
2882 2400 2977 2467 τήν
3022 2401 3188 2471 ζωὴν,
3250 2399 3365 2459 οὐδὲ
3427 2400 3482 2454 ἐν
3543 2400 3705 2471 τούτῳ
3762 2401 3826 2457 ὡς

2188 2487 2402 2554 ἀληθῶς
2464 2489 2681 2563 γνησίου
2731 2491 2884 2545 αυτοῦ
2942 2487 3149 2568 δούλου,
3184 2498 3275 2546 τοῦ
3334 2488 3629 2564 κηδεμόνος
3685 2489 3829 2555 ἡμῶν

2188 2583 2294 2633 τῶν
2354 2575 2597 2649 ἀναξίων,
2655 2576 2746 2632 τοῦ
2808 2578 3135 2653 ἀειμνήστου
3209 2580 3474 2659 μάρτυρος
3538 2577 3827 2653 Δημητρίου

444 2668 553 2723 τῶν
631 2661 920 2744 πρεσϐειῶν
991 2665 1352 2743 παρήκουσεν,
1410 2663 1547 2722 ἀλλὰ
1634 2664 1852 2744 πρώτην
1923 2665 2014 2719 καί
2075 2666 2296 2742 τοιαύτῇ
2371 2665 2650 2745 πολιορκίᾳ
2730 2666 3010 2744 ἐπίσκεψιν
3088 2673 3193 2730 τῶς
3275 2668 3562 2744 θαυμάτων
3642 2667 3826 2735 ἐποιή-

441 2775 595 2818 σατο,

525 2875 665 2938 160.
697 2873 848 2937 Cum
881 2871 1038 2936 enim
1073 2870 1416 2936 Sclavorum
1447 2891 1620 2955 gens,
1653 2880 1718 2936 ut
1746 2872 1922 2936 simul
1954 2875 2093 2936 uni-

437 2981 612 3029 versa
651 2981 720 3027 ac
749 2962 1075 3044 improviso
1105 2961 1166 3024 in
1200 2979 1437 3025 murum
1474 2963 1862 3043 irrumperet,
1894 2964 2097 3025 omnia

438 3049 1233 3143 composuisset,$clavi,qui
1258 3050 1322 3112 in
1347 3050 1592 3113 navibus
1618 3060 1811 3131 erant,
1835 3051 2097 3133 desuper

435 3142 617 3204 hasce
638 3138 754 3223 quo
779 3158 914 3202 cum
937 3138 997 3202 in
1026 3157 1262 3201 murum
1298 3147 1500 3203 essent
1530 3148 1803 3217 moturm,
1835 3141 2097 3221 remiges

436 3230 658 3293 illaesos
685 3229 758 3293 ab
785 3228 861 3292 iis
881 3227 983 3310 qui
1006 3247 1038 3291 θ
1074 3226 1371 3292 mmnibus
1400 3229 1632 3311 lapides
1664 3229 1852 3292 telave
1882 3231 2095 3293 adver-

2259 2875 2355 2957 ρξ’.
2440 2876 2688 2944 Σύνταξιν
2768 2880 2866 2958 γὰρ
2921 2886 3012 2937 τοῦ
3087 2880 3288 2945 παντὸς
3364 2890 3460 2937 του
3529 2874 3824 2935 Σκλαϐίνωιι

2179 2965 2354 3035 ἔθνους
2405 2968 2812 3044 ποιησαμένων,
2870 2967 3201 3046 ἐμοθυμαδον
3257 2972 3345 3026 καὶ
3403 2968 3605 3049 αἴφνης
3666 2991 3863 3044 neos--

2179 3054 2368 3114 ϐαλεῖν
2425 3065 2501 3132 τῷ
2530 3060 2728 3137 τείχει,
2762 3061 2808 3116 οἶ
2860 3061 2914 3115 ἐν
2945 3073 3067 3124 ταῖς
3125 3061 3304 3116 ναυσὶν
3333 3060 3484 3122 ὄντες
3547 3054 3825 3115 Σκλαϐῐνοι

2180 3146 2365 3223 σκέψιν
2415 3148 2614 3216 ταύτην
2679 3148 3004 3218 ἐποιήσαντο
3076 3147 3159 3225 ἐφ’
3207 3150 3252 3222 ᾧ
3305 3148 3503 3211 ταύτας
3571 3145 3824 3202 ἔπάνωθεν

2181 3236 2353 3294 σανίσι
2426 3258 2484 3291 τε
2541 3241 2627 3293 καὶ
2684 3251 2804 3298 ταῖς
2877 3236 3189 3315 λεγομέναις
3249 3238 3469 3313 βύρσαις
3548 3236 3823 3307 σκεπάσαι,

435 3338 540 3382 sus
570 3337 675 3382 eos
717 3318 1152 3399 iacularentur,
1186 3326 1520 3394 servarent,
1554 3316 1916 3398 tabulisque,
1952 3328 2011 3379 et
2037 3328 2100 3380 ut

2186 3323 2331 3388 ὅπως
2394 3331 2470 3400 τῷ
2515 3327 2684 3405 τείχει
2756 3324 3055 3401 μελλούσας
3116 3327 3520 3405 προσορμῆσαι,
3587 3322 3827 3399 ἄπληγας

433 3415 744 3482 vocantur,
778 3405 1035 3487 pellibus
1069 3406 1461 3486 cooperiendi
1504 3406 1818 3468 consilium
1851 3424 2092 3488 cepere.

433 3496 629 3576 Atque
681 3496 807 3557 hinc
841 3494 1032 3575 prima
1062 3496 1341 3575 ipsis.....
1399 3512 1433 3555 e
1463 3494 1757 3576 superiori
1787 3502 1933 3556 nutu
1993 3513 2098 3576 per

428 3585 749 3665 Martyrem
806 3583 1023 3663 injecta
1071 3583 1181 3645 fuit
1230 3583 1569 3664 stupiditas,
1605 3592 1670 3646 ut
1722 3584 1878 3646 haud
1930 3594 2095 3646 recto

427 3691 614 3737 cursu
663 3672 738 3735 ad
791 3672 1116 3749 civitatem,
1150 3672 1255 3735 sed
1308 3673 1381 3735 ad
1413 3676 1724 3736 sinuosum
1774 3674 2092 3755 quemdam

434 3764 706 3826 stationis
752 3761 1055 3825 Cellarion
1082 3761 1412 3843 antiquitus
1441 3770 1711 3826 vocatum
1763 3763 1959 3825 locum
1987 3781 2092 3824 ac-

430 3853 751 3927 cesserint,
787 3869 857 3911 eo
901 3850 1299 3932 appellentes,
1333 3861 1397 3913 ut
1452 3852 1609 3933 quod
1645 3855 1845 3915 metati
1898 3860 2093 3926 erant,

428 3939 678 4002 fallacia
702 3958 852 4020 opus
882 3939 1254 4002 exsecutioni
1284 3939 1659 4018 mandarent,
1695 3958 1953 4022 cumque
1979 3941 2093 4003 hoc

429 4028 653 4092 ibidem
686 4026 932 4090 Barbari
963 4026 1339 4103 detinentur,
1362 4027 1587 4091 accidit
1618 4037 1682 4094 ut
1713 4030 1815 4111 qui
1844 4030 2097 4092 civitatis

433 4124 631 4195 erant,
666 4115 906 4197 paulum
957 4114 1244 4194 audaciai,
1277 4125 1485 4198 utpote
1536 4118 1895 4181 remissione
1943 4136 2095 4200 qua-

431 4207 593 4289 piam
655 4206 803 4288 ipsis
858 4207 1053 4283 facta,
1114 4207 1503 4290 receperint,
1562 4208 1983 4289 quosdamque
2033 4209 2098 4269 in

435 4306 635 4378 portu,
670 4296 887 4377 quibus
932 4305 992 4359 et
1045 4305 1316 4359 catenam
1369 4307 1801 4379 apposuerunt,
1836 4316 1869 4359 e
1921 4297 2097 4376 lignis

433 4387 663 4465 gradus
692 4384 1145 4466 exstruxerint;
1180 4404 1443 4467 cumquo
1476 4387 1754 4448 similiter
1782 4396 1841 4447 et
1869 4386 2097 4448 femora

432 4493 564 4551 sua,
599 4483 808 4538 acutas
837 4474 1124 4555 quasdam
1155 4473 1373 4554 virgas,
1410 4493 1661 4554 quarum
1696 4474 1829 4536 alia;
1857 4492 1890 4535 e
1920 4473 2097 4553 lignis

431 4564 670 4645 spathte
719 4563 783 4624 in
835 4565 1079 4625 modum
1133 4563 1490 4625 acuminatas
1526 4572 1717 4638 erant,
1778 4581 1952 4625 manu
2003 4565 2094 4626 fe-

2179 3417 2298 3495 τοὺς
2342 3412 2531 3495 ἑλᾷτας
2564 3413 2624 3469 ἐκ
2673 3420 2779 3471 τῶν
2812 3415 2917 3471 ἀπὸ
2974 3423 3079 3473 τῶν
3109 3416 3338 3495 τειχέων
3372 3414 3550 3479 λίθους
3606 3414 3642 3482 ἢ
3700 3409 3829 3467 ὅπλα

2179 3492 2562 3564 ἀκοντιζόντων
2615 3497 2734 3551 κατ’
2795 3497 2968 3552 αὐτῶν
3025 3492 3291 3575 φυλάξειν·
3357 3497 3447 3554 καὶ
3507 3496 3677 3559 αὕτη.
3711 3534 3727 3553 .
3761 3535 3775 3552 .
3814 3538 3827 3553 .

2183 3625 2959 3648 ...............
3032 3585 3220 3665 πρώτη
3279 3583 3339 3641 ἔκ
3410 3592 3511 3653 τῆς
3572 3580 3665 3639 ἇνο
3740 3581 3827 3659 ῥο-

2180 3677 2287 3740 πῆς
2359 3671 2563 3730 δέδοται
2637 3676 2821 3739 αύτοτς
2883 3673 2968 3731 διᾶ
3045 3682 3138 3732 τοῦ
3215 3676 3480 3754 μάρτυρος
3540 3675 3574 3741 ἡ
3651 3670 3825 3748 δειλία,

2180 3764 2253 3827 εἷς
2310 3764 2372 3818 τὸ
2424 3764 2500 3839 μὴ
2550 3762 2880 3841 εὖθυδρόμως
2934 3763 3296 3843 προσπελάσαι
3355 3766 3425 3840 τῇ
3484 3762 3664 3836 πόλει,
3712 3759 3808 3814 ἀλλ

2179 3853 2250 3913 εἰς
2303 3852 2469 3908 τύπον
2545 3851 2796 3920 κολπώδη
2856 3854 3115 3933 ὁρμίσεώς
3163 3874 3310 3918 τινος
3365 3852 3717 3933 ὑπαρχούσης
3772 3848 3829 3904 τὸ

2179 3941 2463 4010 ἐπικληθὲν
2523 3941 2575 4008 ἐξ
2626 3946 2866 4025 αρχαίων
2928 3942 3241 4024 Κελλάριον,
3289 3944 3469 4000 ἐκεῖσε
3514 3938 3823 4020 παραγενό-

2180 4052 2332 4105 μενοι
2391 4031 2475 4111 ἐφ’
2620 4033 2683 4089 τὸ
2738 4031 3032 4108 μελετηθὲν
3090 4035 3273 4091 αὐτοῖς
3332 4031 3684 4110 ἐκπληρῶσαι
3742 4027 3829 4094 τῆς

2177 4120 2380 4200 τέχνης
2467 4118 2644 4199 ἔργον,
2706 4121 2926 4179 κάκεῖσε
2977 4123 3062 4180 ἰπὶ
3145 4129 3302 4180 τοῦτο
3370 4126 3482 4179 τῶν
3563 4117 3831 4199 βαρϐαρων

2178 4208 2649 4290 ἂνασχοληθέντων
2723 4213 2912 4289 μικρὸν
2995 4211 3218 4291 θάρσους
3284 4214 3405 4278 τοὺς
3462 4216 3566 4280 τῆς
3629 4206 3831 4268 πόλεως

2178 4296 2491 4376 ἀναλαϐεῖν,
2538 4302 2611 4364 ὡς
2660 4300 2920 4382 βραχείας
2964 4299 3217 4365 ἐνδόσεως
3273 4301 3465 4367 αὐτοῖς
3533 4296 3825 4378 γεγενημέ-

2179 4410 2300 4463 νης,
2336 4387 2431 4444 καί
2491 4392 2881 4446 κατασκευάσαι
2912 4392 3060 4453 τινας
3114 4389 3173 4446 ἐκ
3214 4389 3381 4457 ξύλων
3430 4390 3615 4469 βάσεις
3659 4387 3713 4445 ἒν
3756 4386 3827 4457 τῷ

2178 4474 2376 4552 λιμένι,
2413 4477 2468 4533 ἐν
2520 4481 2609 4543 αἶς
2641 4479 2739 4546 τὴν
2786 4479 3036 4536 ἀπόθεσιν
3067 4479 3164 4547 τῆς
3196 4478 3430 4547 ἀλύσεως
3481 4478 3822 4552 ἐποιήσαντο,

2177 4565 2265 4621 καὶ
2325 4566 2526 4641 μηροὺς
2585 4564 2639 4623 δὲ
2687 4569 2937 4633 ὡσαύτως
2981 4568 3033 4632 ἒξ
3078 4566 3350 4625 ἀναλύτων
3409 4566 3650 4647 σιδῆρων
3705 4565 3823 4620 ἑαυ-

428 4661 664 4732 rentes,
716 4651 1010 4727 resoluto,
1061 4670 1174 4714 nec
1222 4651 1526 4731 fulgorem,
1568 4652 1878 4714 emittente
1931 4652 2092 4715 ferro

2186 4654 2299 4719 τοὺς
2376 4655 2726 4736 ἁμπὲχοντας
2783 4656 3058 4713 σκιοειδῦν
3131 4660 3279 4722 τινας
3340 4657 3513 4723 ὀξείας
3585 4655 3824 4737 φέροντας

426 4741 797 4818 vestiissent,
829 4738 1086 4803 interius
1138 4751 1340 4804 autem
1394 4742 1622 4823 ligneas
1679 4742 1751 4803 ad
1805 4743 2091 4806 transfre-

2186 4740 2417 4824 Ξάϐδους,
2486 4745 2665 4825 ἑτέρας
2737 4743 2792 4801 δὲ
2859 4745 3068 4815 ἡλωτὰς
3129 4743 3467 4810 σπαθοειδεϊς
3534 4748 3597 4802 ὲκ
3670 4741 3823 4808 ξύλων

432 4830 683 4893 tandum
736 4848 939 4907 naves,
993 4847 1139 4911 quas
1195 4829 1440 4894 cuhaias
1491 4831 1803 4908 vocabant,
1864 4837 2094 4895 catenis

2186 4831 2493 4915 εξεστώσας,
2553 4834 2822 4915 ἐνδότερον
2894 4833 2949 4893 δὲ
3010 4836 3217 4902 τούτοις
3267 4838 3359 4899 τὰς
3432 4837 3522 4893 ἐπὶ
3595 4852 3825 4912 παρακο-

434 4926 749 4984 contentas
798 4919 874 4982 ad
936 4927 1143 5001 portus
1192 4921 1410 4983 ostium
1461 4920 1833 4999 deﬁxissent,
1867 4923 2090 4984 aditum

2186 4921 2305 4999 μιδῇ
2362 4922 2518 4989 ξυλᾶς
2563 4923 2829 5005 [ξυλίνας]
2888 4926 3153 5005 τυχούσας
3208 4932 3363 5005 νῆας,
3397 4925 3569 5005 ἅσπερ
3621 4921 3824 4983 χυδαίοις

426 5009 500 5073 ad
531 5009 798 5073 futurum
831 5009 1177 5074 conflictum
1209 5020 1604 5091 aperuerunt.

2186 5011 2424 5086 ἑλαλοῦν,
2482 5014 2784 5090 ἀνάψαντες
2855 5013 2922 5071 δι’
2986 5016 3228 5095 ἀγκύρων
3276 5018 3641 5096 συνεχομένας
3696 5011 3824 5069 κατὰ

2175 5102 2237 5158 τὸ
2296 5103 2515 5177 στόμιον
2568 5111 2662 5162 τοῦ
2703 5103 2920 5179 λιμένος
2984 5104 3440 5183 προσηλωθείσας,
3476 5103 3646 5163 δίοδον
3704 5102 3823 5179 πρὸς

2177 5192 2278 5258 τὴν
2320 5190 2622 5267 μέλλουσαν
2650 5192 2945 5274 παράταξιν
2976 5193 3320 5264 ἐποιήσαντο,

507 5303 619 5367 461
633 5300 889 5366 .Vailem
909 5310 1106 5365 autem
1139 5319 1326 5386 prope
1353 5306 1746 5371 memorabile
1767 5306 2093 5371 admodum

2261 5306 2399 5385 ρξα⁹.
2433 5308 2640 5389 Τάφρον
2684 5307 2737 5363 δὲ
2767 5310 2887 5365 τότε
2945 5311 3077 5389 πρὸς
3119 5313 3197 5385 τῷ
3243 5314 3575 5385 πανυμνῆτῳ
3627 5307 3823 5385 τεμένει

421 5390 911 5459 incontaminatis
941 5390 1227 5474 Deiparm
1256 5394 1572 5476 templum,
1597 5415 1732 5460 cum
1766 5398 1934 5461 locus
1965 5395 2092 5473 ille,

2186 5400 2279 5465 τῆς
2325 5397 2596 5478 ἄχραντου
2668 5401 2927 5457 Θεοτόκου
2987 5407 3078 5456 τοῦ
3138 5400 3288 5464 ὄντος
3344 5401 3475 5479 πρὸς
3555 5400 3633 5475 τῷ
3691 5401 3825 5470 αὖτῷ

422 5484 509 5546 uti
535 5501 748 5547 omnes
780 5492 1025 5561 norunt,
1061 5496 1234 5547 muro
1268 5486 1531 5548 munitus
1579 5481 1736 5550 haud
1772 5494 1953 5568 esset,
1990 5506 2095 5548 ex-

2186 5484 2361 5563 λιμένι
2417 5488 2763 5564 ἐποιήσαντο,
2812 5489 3116 5570 ἀτείχίστου
3160 5493 3250 5548 τοῦ
3297 5491 3541 5549 τοιούτου
3594 5490 3824 5545 καθεστῶ

503 5688 551 5736 ¹¹
588 5687 793 5753 Matth.
825 5706 885 5768 ι,
916 5690 1015 5755 93.
