4124 6428
489 375 636 441 1331

1850 370 2500 433 SUPI‘LEMENTUM.

3709 371 3848 438 l332

481 531 593 576 nos
627 512 817 594 eripe,
853 528 930 574 ne
981 511 1206 572 inimici
1238 509 1422 572 nostri
1455 509 1676 587 dicant,
1710 509 1823 572 Ubi
1856 519 1943 570 est
1979 512 2137 571 Deus

2229 511 2614 584 saur1~mov,p-i.
2675 507 2903 565 εἶ’πωσιν
2958 509 3003 564 οἱ
3046 507 3226 587 ἐχθρεὶ
3259 510 3431 580 ἡμῶν,
3487 515 3590 564 [Ῑοῦ
3639 511 3774 564 ἔστιν
3826 513 3852 565 ὃ

481 620 720 679 eorum,
755 601 815 662 in
844 620 1020 681 quem
1048 609 1431 681 speraverant
1455 608 1479 662 ?
1505 599 1906 660 Clamabimus
1940 609 1996 658 et
2029 617 2132 658 nos

485 693 663 756 etiam
726 710 830 770 per
863 703 1024 752 tuum
1060 689 1450 750 certaminum
1494 690 1799 760 victorem,
1837 689 2086 750 Domine
2117 708 2128 746 :

487 803 519 842 ι
546 781 761 843 Anima
793 789 1012 850 nostra,
1051 787 1115 839 ut
1147 797 1351 859 passer
1375 797 1445 840 ex
1477 777 1883 840 insidiantium
1923 779 2134 857 laqueo

485 870 733 933 liberata
765 877 853 929 est
885 889 900 943 ;
935 869 1179 947 laqueus
1209 869 1497 928 contritus
1529 875 1639 936 est,
1675 877 1731 926 et
1763 886 1869 926 nos
1901 865 2135 926 liberati

484 976 712 1021 sumus.
745 960 811 1020 In
844 959 1086 1019 nomine
1135 955 1392 1030 Domini,
1430 956 1529 1035 qui
1561 955 1774 1016 ccelum
1829 963 1886 1015 et
1916 964 2132 1015 terram

483 1047 644 1126 facit,
674 1046 955 1108 auxilium
982 1055 1250 1107 nostrum
1284 1047 1360 1107 12.
1400 1071 1424 1100 n

568 1137 706 1198 164.
765 1135 932 1197 Tunc
964 1145 1156 1197 autem
1190 1154 1222 1195 a
1274 1134 1548 1215 plurimis
1582 1144 1990 1213 propugnator
2037 1133 2137 1195 ille

487 1227 810 1306 patriasque
833 1243 968 1286 vere
1000 1233 1248 1294 amator,
1277 1223 1750 1302 gloriosissimus
1783 1232 2005 1303 martyr
2039 1222 2148 1284 De-

490 1313 1142 1394 metrius,chlamydem
1164 1313 1356 1374 albam
1381 1313 1602 1388 ferens,
1637 1331 1701 1372 ac
1735 1312 1994 1392 primum
2021 1318 2146 1390 qui-

489 1403 627 1465 dem
653 1421 885 1464 murum
909 1419 1292 1482 percurrons,
1320 1400 1540 1462 deinde
1570 1419 1708 1461 vero
1741 1419 1918 1478 supra
1957 1419 2140 1470 mare,

489 1493 670 1554 veluti
698 1510 874 1570 supra
905 1492 1121 1562 solum,
1149 1489 1367 1550 cursim
1402 1491 1710 1550 ambulans
1741 1489 2005 1550 dilucide
2039 1491 2145 1550 fuit

493 1580 1072 1661 conspectus.Atque
1097 1581 1218 1640 hate
1239 1579 1479 1658 quidem
1516 1597 1635 1640 non
1662 1579 1852 1639 solum
1879 1579 2142 1658 plurimi,

491 1687 662 1733 sacro
690 1669 1050 1748 baptismate
1085 1667 1314 1737 initiati,
1346 1675 1622 1747 tanquam
1657 1667 1820 1746 digni
1846 1668 2142 1747 viderunt,

489 1776 695 1820 verum
726 1758 900 1818 etiam
934 1765 990 1816 et
1012 1756 1255 1833 genuini
1289 1755 1673 1817 Hebraeorum
1709 1755 1813 1817 ﬁlii
1838 1757 1894 1816 in
1931 1759 2141 1818 Guttu-

2217 605 2343 662 Θεὸς
2393 603 2585 672 αὒτών,
2651 599 2732 679 ἐφ’
2793 601 2849 655 ὃν
2912 600 3192 668 ί,λπισαν;
3264 600 3361 656 Καί
3415 598 3706 674 κραξόμεθα
3773 601 3853 656 καὶ

2215 694 2379 766 ἡμεῖς
2442 691 2525 747 διὰ
2583 692 2674 746 τού
2734 691 3024 770 ἀθλοφόροι)
3106 711 3221 766 σου⁷
3291 690 3461 763 Κύριε⁸
3532 713 3558 741 ι
3595 681 3656 743 Ἠ
3714 691 3856 768 ψυχὴ

2216 782 2394 859 ἡμῶν,
2448 782 2519 844 ὡς
2575 780 2864 856 στρουθίον⁷
2926 777 3142 856 ἐῤῥύσθη
3204 778 3265 833 ἐκ.
3321 783 3418 842 τῆς
3479 775 3696 853 παγῗδος
3762 787 3857 832 τῶν

2217 873 2566 947 θηρευόντωει·
2651 871 2684 936 ἡ
2756 870 2913 944 παγὶς
2972 865 3275 942 συνετρίϐη,
3337 869 3420 921 καὶ
3494 869 3658 940 ἡμεῖς
3732 865 3860 944 ὲρῤύ·

2220 963 2450 1032 σθημεν,
2510 961 2543 1025 ἡ
2607 959 2826 1033 βοήθεια
2882 959 3039 1030 ἡμῶν
3097 956 3151 1011 ἐν
3233 954 3451 1029 ὀνόματι
3515 957 3721 1034 Κυρίου,
3777 965 3860 1014 τοῦ

2220 1050 2545 1114 ποιήσαντος
2579 1050 2669 1104 τὸν
2701 1048 2918 1124 οὖρανὸν
2949 1047 3034 1102 καὶ
3065 1047 3163 1100 τὴν
3185 1045 3306 1122 γῆ-ο,
3353 1068 3404 1103 ι.

2303 1135 2433 1214 ρΞδ’,
2497 1138 2625 1195 Τότε
2685 1135 2739 1192 δὲ
2827 1142 3111 1214 προφανῶς
3166 1137 3307 1210 παρὰ
3380 1133 3647 1190 πλείστων
3703 1134 3865 1190 τεθέα-

2228 1248 2313 1282 ται
2359 1229 2386 1282 ὁ
2417 1226 2728 1302 ὑπέρμαγος
2783 1226 2934 1290 οὗτος
2970 1227 3055 1280 καὶ
3104 1223 3418 1304 φιλοπατρις
3452 1223 3619 1285 ὅντως
3679 1226 3861 1296 Δημή-

2229 1337 2390 1392 τριοςῼ
2430 1319 2455 1370 δ
2518 1313 2831 1380 πανένδοξος
2885 1314 3104 1388 μάρ-υς,
3141 1311 3390 1392 χλαμύδα
3449 1313 3651 1378 λευκὴν
3680 1312 3859 1391 φόρων,

2228 1407 2314 1460 καὶ
2364 1404 2573 1480 πρῶτον
2631 1406 2726 1477 μὲν
2784 1405 2842 1458 τὸ
2903 1417 3090 1483 τεῖχος
3148 1402 3466 1482 διατρέχων,
3504 1403 3630 1457 εἶτα
3687 1401 3738 1456 δὲ
3786 1405 3863 1456 καὶ

2229 1493 2313 1549 ἐπὶ
2371 1499 2468 1559 τῆς·
2521 1494 2790 1557 θαλάττης
2849 1495 2921 1554 ὡς
2976 1494 3062 1548 ἐπὶ
3121 1490 3367 1570 ἐδάφους,
3415 1490 3679 1568 δρομαίως
3732 1513 3862 1563 περι-

2229 1585 2433 1639 πατῶν.
2497 1585 2595 1640 Καὶ
2645 1583 2809 1638 ταῦτα
2868 1583 2964 1656 μὲν
3021 1582 3080 1638 οὗ
3140 1584 3302 1656 μόνον
3354 1583 3402 1636 οἱ
3447 1583 3552 1636 τῶν
3607 1580 3698 1637 tot;
3729 1580 3861 1650 ἁγίου

2227 1675 2592 1749 βαπτίσματος
2651 1673 3012 1747 μεμυημένοι,
3074 1673 3147 1734 ὡς
3208 1669 3365 1744 ἄξιοι,
3429 1672 3680 1726 πλεῖστοι
3737 1669 3863 1725 ἐθεά-

2229 1785 2411 1835 σαντο,
2447 1763 2587 1818 ἀλλὰ
2645 1763 2746 1839 γὰρ
2805 1765 2890 1819 καὶ
2946 1761 3136 1825 παῖδες
3181 1759 3441 1837 Ἐϐραίων
3501 1760 3862 1839 ἄφθοροικατα

490 1863 647 1920 rum,
686 1853 748 1906 ut
796 1846 1134 1922 loquuntur.
1175 1845 1341 1924 plaga
1392 1845 1558 1906 fuere
1608 1846 1959 1925 conspicati.
1997 1847 2139 1907 Cum

2229 1854 2286 1907 νὸ
2327 1858 2436 1906 τῶν
2495 1851 2801 1928 λεγομένων
2866 1850 3120 1930 Βρόχθων
3179 1851 3340 1926 μέρος
3411 1849 3712 1904 ἐθεάσαντο·
3779 1849 3861 1903 καί

493 1936 653 1997 enim
688 1934 1062 1996 inordinatus
1097 1934 1332 1994 navium
1369 1934 1786 2012 praedictarum
1809 1937 2026 2014 jactus,
2057 1937 2141 1996 si-

493 2024 620 2086 mili
651 2041 720 2085 ex
749 2041 925 2084 causa
956 2031 1150 2094 natus,
1187 2040 1294 2102 per
1335 2030 1648 2103 martyrem
1680 2024 2140 2104 supervenisset,

494 2121 670 2194 atque
701 2113 761 2173 in
786 2118 1013 2192 seipsas
1042 2113 1131 2172 hae
1156 2112 1554 2183 incurrerent,
1581 2111 1805 2191 aliquas
1837 2132 1904 2173 ex
1931 2113 2142 2174 iisdem

494 2220 731 2263 sursum
764 2201 942 2281 volvi,
966 2201 1440 2280 exsistentesque
1465 2200 1524 2262 in
1551 2200 1668 2261 illis
1701 2200 1940 2263 Sclavos
1967 2202 2146 2281 dejici

495 2290 760 2368 contigit.
797 2289 908 2362 Qui
940 2308 1076 2350 vero
1112 2289 1367 2350 natando
1387 2289 1579 2351 alioin
1616 2290 1846 2368 navigio
1873 2291 1998 2369 (‘26)
2026 2309 2143 2351 ser-

493 2382 615 2441 vari
669 2380 921 2451 volebat,
960 2379 1108 2439 illud
1163 2397 1196 2438 a
1228 2395 1293 2438 se
1349 2378 1786 2459 apprehensum
1834 2379 2144 2460 subvertit,

496 2486 746 2544 eosque,
778 2468 879 2547 qui
914 2467 974 2528 in
1006 2467 1219 2528 eodem
1255 2477 1424 2527 erant
1458 2470 1514 2528 in
1549 2486 1710 2528 mare
1740 2470 2018 2547 conjecit.
2060 2472 2146 2530 Ac

487 2557 614 2637 jam
639 2574 708 2618 ex
732 2556 863 2617 aliis
892 2555 1186 2617 naucleris
1223 2557 1413 2636 fuere,
1439 2556 1536 2635 qui
1571 2557 2036 2635 confugientium
2071 2559 2142 2618 ad

498 2663 602 2706 eos
625 2663 835 2705 manus
857 2644 1108 2706 ensibus
1131 2645 1694 2723 amputabant;alter
1708 2647 1876 2707 alteri
1897 2647 1953 2706 in
1969 2656 2148 2726 caput

497 2733 759 2814 gladium
807 2733 1098 2813 adigebat,
1133 2733 1283 2793 alius
1326 2744 1521 2794 autem
1575 2735 1761 2796 alium
1799 2735 1965 2796 hasta
2011 2737 2142 2797 vul-

497 2825 768 2898 nerabat,
803 2844 874 2886 ac
905 2828 1155 2906 quisque
1199 2825 1484 2906 suiipsius
1515 2827 1689 2889 saluti
1733 2828 1978 2890 studens
2009 2830 2144 2889 alte-

495 2914 622 2976 rius
654 2915 931 2976 inimicus
960 2915 1156 2986 fiebat,
1191 2934 1258 2977 ac
1285 2916 1377 2976 his
1408 2915 1672 2994 quidem,
1708 2918 1804 2997 qui
1838 2918 1894 2977 in
1930 2917 2146 2978 Tribo-

497 3004 589 3066 los
652 3003 783 3084 (27)
813 3004 1139 3064 occultatos
1200 3004 1535 3066 inciderant
1583 3005 1806 3066 ibidem
1863 3005 2142 3085 detentis,

496 3092 619 3154 illis
671 3111 808 3153 vero
843 3111 1053 3171 magna
1087 3111 1118 3153 e
1149 3093 1381 3154 navium
1431 3094 1756 3172 agitatione
1789 3104 1953 3156 extra
1986 3114 2148 3155 mare

497 3180 560 3242 in
592 3179 788 3241 littore
830 3180 1215 3262 haerentibus,
1246 3200 1464 3260 easque
1515 3184 1823 3244 retrahere
1853 3184 2007 3244 haud
2043 3202 2142 3243 va-

2230 3193 2304 3256 τῷ
2380 3186 2602 3262 αἰγιαλῷ
2675 3185 3172 3260 ἂποστομωσάντων

500 3269 783 3349 lentibus,
813 3270 910 3330 alii
945 3287 978 3330 e
1032 3269 1285 3345 civibus,
1321 3271 1417 3348 qui
1451 3270 1678 3331 viribus
1710 3272 2005 3347 valebant,
2035 3271 2146 3331 de-

498 3357 789 3432 silientes,
825 3358 927 3418 alii
971 3375 1114 3418 vero
1172 3358 1506 3437 portellam,
1541 3377 1648 3438 per
1695 3378 1871 3438 quam
1920 3360 2147 3419 inimici

500 3463 638 3508 sese
692 3445 985 3506 civitatem
1039 3455 1486 3526 expugnaturos
1530 3457 1857 3527 sperarant,
1891 3449 2148 3508 confrin-

499 3542 735 3613 gentes,
769 3533 1074 3594 victoriam
1114 3553 1220 3614 per
1265 3535 1559 3610 eamdem,
1597 3536 1986 3596 certaminum
2019 3539 2150 3598 Vic-

501 3629 630 3682 tore
661 3621 1113 3695 commilitante,
1150 3621 1485 3684 obtinuere.

582 3711 721 3777 165.
754 3711 828 3771 At
862 3719 1002 3773 tunc
1038 3711 1238 3772 videre
1268 3723 1395 3773 erat
1427 3731 1588 3774 mare
1622 3721 1801 3775 totum
1855 3715 2150 3777 Barbaro-

499 3817 635 3862 rum
664 3819 697 3863 e
729 3804 1017 3880 sanguine
1047 3801 1226 3862 rubro
1255 3803 1457 3862 colore
1489 3804 1758 3878 tinctum,
1798 3804 2151 3867 Pharaonis—

499 3907 614 3964 que
644 3909 774 3950 cum
804 3893 1084 3964 Egyptiis
1108 3897 1164 3949 in
1209 3895 1350 3951 mari
1381 3894 1836 3952 submersionem
1873 3899 2139 3955 referens.

499 3975 581 4038 Ea
605 3977 733 4057 ipsa
753 3977 916 4038 enim
941 3977 1086 4039 hora
1105 3977 1206 4038 Dei
1241 3979 1647 4040 misericordia
1677 3982 1960 4042 scaturiit.
1999 3983 2143 4044 Cum

501 4063 661 4125 enim
694 4065 851 4125 venti
897 4065 1044 4143 (erat
1076 4067 1236 4127 enim
1272 4066 1342 4126 ad
1377 4085 1670 4128 summam
1707 4069 1849 4129 hora
1906 4069 2019 4131 diei
2056 4090 2146 4130 se-

500 4152 721 4234 cunda)
759 4165 991 4234 tempus
1019 4155 1280 4215 nondum
1321 4159 1703 4232 esset,statim
1738 4167 1945 4219 ventus
1981 4179 2148 4238 pere-

499 4243 704 4322 grinus
735 4243 1041 4322 atllavit,ut
1065 4245 1187 4323 jam
1220 4263 1351 4323 quas
1378 4249 2147 4325 permanserant,Barbarc-

498 4349 629 4392 rum
664 4350 842 4392 naves
874 4351 1108 4393 movere
1139 4333 1209 4394 ad
1241 4334 1659 4395 revertendum
1688 4335 1844 4395 haud
1881 4348 2142 4415 possent.

499 4418 722 4482 Verum
751 4419 852 4480 alii
877 4422 1118 4501 quidem
1159 4422 1246 4482 vix
1276 4423 1346 4482 ad
1375 4421 1763 4497 Orientalem,
1783 4424 1878 4484 alii
1909 4443 2044 4486 vero
2074 4430 2142 4489 ad

2229 1937 2541 2014 ὁμοιοτσκου
2599 1947 2756 2018 φορᾶς
2819 1947 2924 1995 τῶν
2983 1941 3280 2018 λεχθεισῶν
3338 1946 3483 2004 νηῶν
3541 1939 3863 1994 ἀκανονίστου

2228 2027 2318 2084 διὰ
2378 2035 2466 2086 νοῦ
2521 2029 2783 2106 μάρτυρος
2843 2029 3167 2094 ἐπελθούσης
3218 2030 3306 2084 καὶ
3352 2030 3425 2091 εἷς
3477 2028 3665 2088 ἑαυτὰς
3724 2049 3868 2102 προσ-

2228 2118 2560 2195 πιπτουσῶν,
2615 2119 2762 2181 τινας
2808 2117 2858 2182 ἐξ
2917 2117 3087 2173 αὗτῶν
3147 2117 3485 2182 ἀνακυλῆσαι
3547 2114 3736 2182 συνέϐη
3792 2115 3866 2170 καὶ

2229 2208 2348 2271 τοὺς
2406 2206 2460 2261 ἒν
2517 2209 2705 2267 αὐταῖς
2748 2205 3104 2262 ἁποϐιλέσθαι
3166 2203 3466 2268 Σκλάϐους,
3508 2203 3660 2262 Ἀλλ’
3710 2208 3736 2261 ὁ
3779 2226 3868 2260 κο-

2229 2294 2444 2366 λυμϐῶν
2489 2295 2816 2371 βουλόμενος
2876 2295 2931 2351 ἐν
2999 2293 3163 2370 ἑτέρῳ
3217 2295 3503 2375 σώζεσθαι,
3562 2301 3713 2351 τοῦτο
3760 2314 3868 2348 κατ-

2230 2384 2375 2463 έχων
2440 2383 2679 2461 ἔστρεφε,
2729 2387 2816 2440 καὶ
2886 2387 3007 2446 τοὺς
3081 2383 3136 2440 ἐν
3188 2387 3331 2456 αὐτῷ
3405 2383 3463 2439 ἐν
3517 2389 3583 2460 τῇ
3648 2383 3868 2457 θαλάσσῃ

2231 2472 2565 2551 ἆπέῤῥιπτενο
2625 2476 2711 2530 καὶ
2785 2474 2978 2529 λοιπὸν
3041 2475 3088 2530 οἱ
3155 2481 3262 2528 τῶν
3328 2471 3526 2549 ἑτέρων
3579 2473 3870 2548 ναυκλήρων

2227 2568 2332 2618 τῶν
2385 2564 2515 2630 πρὸς
2547 2564 2733 2625 αὖτοὺς
2779 2562 3115 2640 προϊεμένων
3173 2563 3266 2624 τὰς
3316 2574 3512 2641 χεῖρας
3563 2563 3694 2635 μετᾶ
3723 2559 3867 2638 ξιφῶν

2228 2650 2546 2725 ἀπέτεμνον·
2596 2649 2758 2714 ἄλλος
2821 2651 2970 2724 ᾅλλῳ
3037 2651 3170 2707 κατὰ
3228 2656 3324 2714 vi:
3369 2651 3612 2730 κεφαλῆς
3641 2653 3698 2706 τὸ
3740 2649 3865 2725 ξίφος

2229 2740 2570 2814 ἀπέπεμπεν
2631 2741 2810 2818 ἕτερος
2869 2739 2924 2795 δὲ
2970 2742 3060 2797 τὸν
3105 2740 3282 2817 ἕτερον
3336 2741 3528 2820 λόγχῃ
3580 2740 3862 2816 ἐτίτρωσκε,

2229 2830 2316 2884 καὶ
2361 2829 2582 2895 ἕκαστος
2653 2832 2751 2896 τὴν
2798 2831 2982 2886 ἑαυτοῦ
3042 2831 3310 2908 σωτηρίαν
3368 2831 3862 2906 πραγματευόμενος

2230 2920 2321 2973 τοῦ
2371 2918 2547 2997 ἑτέρου
2609 2919 2797 2999 ἐχθρὸς
2841 2919 3066 2997 ἐγίνετο,
3098 2923 3186 2975 καὶ
3243 2925 3349 2974 τῶν
3421 2919 3524 2993 μὲν
3586 2921 3708 2995 προς
3759 2931 3860 2978 τοῖς

2229 3021 2487 3084 κρυπτοῖς
2545 3008 2840 3074 πανττίλοις
2900 3006 3254 3064 εἰσϐαλόντων
3315 3008 3499 3065 ἐκεῖσε
3557 3005 3864 3082 καταπαρὲν-

2229 3119 2361 3171 των,
2395 3102 2498 3152 τῶν
2554 3095 2607 3151 δὲ
2667 3102 2810 3162 νῆῶν
2873 3097 2932 3153 ἐκ
2995 3099 3240 3175 μεγάλης
3300 3095 3539 3160 ἐλᾶσεως
3599 3097 3695 3162 ἔξω
3747 3097 3860 3173 πρὸς

3182 3235 3196 3265 ,
3258 3187 3348 3242 καὶ
3425 3189 3506 3261 μὴ
3565 3186 3862 3252 δυνηθέντων

2231 3274 2423 3336 ταύτας
2495 3273 2938 3347 ἀνακαλέσασθαι,
3015 3277 3060 3331 οἱ
3167 3279 3404 3352 σθεναροὶ
3475 3282 3580 3332 τῶν
3653 3275 3864 3331 πολιτῶν

2232 3359 2732 3433 καταπηδήσαντες,
2770 3361 2938 3440 ἕτεροι
2991 3361 3044 3420 δε
3104 3362 3172 3420 δι’
3231 3363 3291 3420 οὗ
3343 3364 3570 3436 ἤλπιζον
3628 3367 3672 3420 οἱ
3725 3361 3864 3418 πολέ-

2235 3470 2345 3522 μιοι
2407 3450 2734 3525 παραπυλίου
2793 3455 3010 3528 πορθεῖν
3059 3453 3154 3520 τὴν
3208 3454 3365 3509 πόλιν
3428 3462 3585 3511 τοῦτο
3631 3455 3676 3510 οἱ
3729 3451 3864 3507 πολῖο

2233 3559 2318 3592 ται
2376 3537 2752 3612 κατεάξαντες,
2811 3537 2879 3594 δι’
2921 3543 3078 3597 αὖτοῦ
3121 3543 3182 3598 τὸ
3228 3556 3374 3602 νῖκος
3437 3541 3862 3617 συμπολεμήσαν-

2233 3648 2322 3689 τος
2366 3633 2458 3682 τοῦ
2488 3626 2780 3706 ἂθλοφὸρου
2825 3629 3226 3704 ἐκληρώσαντο,

2315 3714 2440 3793 ρξε’.
2510 3717 2610 3772 Καὶ
2663 3717 2726 3783 ἦν
2778 3719 2896 3772 τότε
2955 3722 3176 3796 θεωρεῖν
3235 3721 3332 3787 τὴν
3387 3721 3653 3776 θὰλατταν
3705 3725 3858 3774 πᾶσαν

2235 3813 2309 3879 τῷ
2380 3805 2484 3861 τῶν
2554 3803 2830 3884 βαρϐάρων
2888 3808 3079 3881 οἴδματι
3164 3809 3570 3889 ὲροθρωθεῖσαν,
3627 3811 3709 3866 καὶ
3772 3813 3857 3872 τὴν

2231 3905 2321 3953 τοῦ
2375 3899 2572 3970 Φαραῶ
2628 3896 2716 3950 ἒπὶ
2773 3896 2876 3950 τῶν
2951 3898 3246 3975 Αἰγυπτίων
3315 3901 3690 3956 καταπόντισιν
3755 3897 3859 3951 ἀναν

2230 3985 2570 4058 καλύψασαν·
2649 3985 2881 4060 αὐθωρὸν
2965 3987 3062 4063 γὰρ
3125 3989 3184 4042 τὸ
3260 3996 3352 4045 τοῦ
3427 3997 3560 4046 Θεοῦ
3631 3984 3854 4042 ἀνέϐλυσε

2231 4073 2404 4135 ἕλεοςο
2450 4072 2596 4128 οὔπω
2643 4073 2741 4149 γὰρ
2788 4074 2886 4140 τῆς
2950 4075 3088 4153 ὥρας
3146 4084 3238 4133 τοὺ
3279 4077 3478 4153 ἀνέμου
3534 4076 3854 4154 ὑπαρχούσης

2235 4162 2323 4240 (ἦν
2375 4162 2473 4238 γὰρ
2517 4161 2704 4226 λοιπὸς
2765 4162 2874 4230 ὥρα
2919 4163 3156 4243 δευτέρα)
3214 4167 3403 4230 εὐθέως
3463 4167 3652 4242 ἄνεμος
3684 4163 3855 4229 ἁξωτι-

2227 4255 2320 4314 κὸς
2383 4251 2653 4323 κατέπνει,
2713 4253 2786 4313 ὡς
2849 4251 3040 4308 λοιπὸν
3095 4252 3233 4328 μηδὲ
3304 4257 3398 4317 τὰς
3459 4253 3852 4330 ἒναπομεινάσας

2227 4343 2330 4396 τῶν
2391 4337 2668 4417 βαρϐάρων
2749 4340 3043 4404 ναυκέλλας
3110 4342 3362 4401 δύνασθαι
3435 4347 3567 4421 πρὸς
3625 4346 3850 4414 ὑποστροι

2229 4431 2333 4508 φὴν
2383 4428 2596 4483 ἔλασαν
2653 4427 2776 4482 ἀλλ’
2833 4432 2878 4485 οἱ
2932 4433 3027 4504 μὲν
3084 4432 3245 4498 πόλις
3278 4435 3406 4508 πρὸς
3451 4441 3530 4505 τῷ
3579 4430 3851 4498 ἀνατολικῷ

499 4506 939 4601 ροοίἁθιιῐειιειτι
967 4509 1191 4589 plagam
1220 4511 1784 4573 exierunt.Plurima
1803 4531 1978 4590 porro
2010 4515 2142 4576 Bar-

2232 4506 2404 4596 μὲρετ,
2465 4519 2512 4573 οἱ
2555 4516 2609 4573 δέ
2667 4519 2796 4595 πρὸς
2841 4527 2917 4592 τῷ
2974 4519 3166 4596 δυτικῷ
3220 4506 3464 4601 ἐξῄεσαν
3527 4525 3591 4580 τὰ
3644 4521 3695 4576 δὲ
3760 4523 3851 4573 τῶν

499 4596 778 4658 berorum
802 4598 1131 4659 occisorum
1156 4618 1405 4678 corpora
1420 4619 1605 4678 prone
1637 4619 1870 4662 murum
1895 4621 1962 4664 ac
1986 4605 2148 4666 littus

500 4703 666 4746 mare
689 4686 888 4764 ejecit.
921 4686 1212 4763 Tandem,
1235 4689 1336 4768 qui
1368 4707 1552 4768 prope
1577 4707 1746 4751 mare
1779 4691 2140 4770 habitabant,

500 4791 711 4834 omnes
736 4775 945 4835 armati
972 4777 1194 4853 egressi
1217 4777 1478 4838 abscissa
1501 4777 2016 4842 infestissimorum
2042 4804 2142 4846 ca-

501 4861 624 4941 pita
652 4880 829 4942 supra
861 4874 1087 4946 portam
1124 4875 1464 4927 terrestrem
1501 4865 1771 4928 Barbaris
1801 4873 2142 4950 ostendere;

497 4959 694 5013 nautae
722 4971 884 5034 vero,
933 4955 1032 5034 qui
1063 4954 1396 5016 incolumes
1449 4967 1822 5034 supererant,
1857 4959 2146 5025 divinitus

577 5066 632 5110 ¹²
661 5068 814 5130 Psal.
849 5085 1049 5144 cxxm,
1082 5071 1144 5144 7,
1176 5070 1234 5132 8.

581 5226 698 5308 (26)
731 5230 878 5296 Cum
904 5229 1145 5290 nomina
1165 5229 1338 5312 ἕτερος
1363 5240 1420 5292 et
1441 5233 1589 5298 οὗτος
1612 5232 1671 5292 in
1694 5242 1904 5296 neutro
1922 5255 2141 5312 genere

497 5305 594 5363 hic
648 5305 954 5379 ponantur,
998 5305 1342 5381 generisque
1399 5313 1656 5369 feminini
1723 5305 2140 5373 substaﬁtivum

497 5383 837 5454 vaocmavis,
864 5381 935 5462 ad
961 5379 1123 5455 quod
1155 5379 1516 5454 referuntur,
1552 5386 1867 5462 prtecedat,
1896 5405 2144 5449 necesse

496 5469 603 5524 est,
635 5469 696 5515 ut
725 5470 822 5518 aut
869 5461 1012 5517 dicta
1049 5464 1279 5517 nomina
1339 5464 1397 5517 in
1429 5461 1631 5536 neutro
1691 5478 1899 5536 genere
1943 5481 2142 5536 perpr-

496 5543 616 5603 ram
651 5541 952 5603 ponantur,
980 5539 1170 5603 autut
1197 5543 1324 5603 post
1359 5534 1605 5600 primum
1638 5548 1709 5589 ex
1740 5535 1828 5590 his
1864 5534 2138 5593 omissum

494 5597 571 5692 sit
623 5597 859 5692 generis
913 5597 1656 5692 neutrius—substantivum
1715 5606 1932 5684 πλοῖον,
1984 5611 2139 5692 quod

496 5679 679 5757 idem,
708 5681 863 5766 quod
897 5693 1044 5761 ναῦς,
1079 5681 1392 5764 signiﬁcat.

2230 4610 2529 4663 τεθνεώτων
2586 4603 2863 4683 βαρϐαρων
2937 4612 3238 4684 πάμπολλα
3311 4617 3536 4687 σώματα
3604 4611 3726 4687 πρὸς
3785 4611 3849 4675 τῷ

2230 4698 2398 4775 τείχει
2450 4697 2536 4750 καὶ
2584 4697 2660 4769 τῷ
2721 4698 2948 4772 αἰγιαλῷ
2997 4701 3028 4766 ἦ
3072 4701 3306 4757 θάλαττα
3363 4702 3693 4778 ἀπεκρούετο
3752 4703 3852 4751 Λοι-

2227 4789 2326 4842 πὸν
2358 4788 2404 4841 οἱ
2459 4791 2553 4840 τοῦ
2604 4785 2865 4860 παραλίου
2923 4789 3120 4853 παντὸς
3172 4791 3392 4847 ὁπλῖται
3434 4789 3742 4856 ἒξελθὸντες,
3771 4784 3848 4842 τὰς

2227 4879 2333 4930 τῶν
2389 4872 2821 4947 δυσμενεστάτῶν
2896 4878 3129 4954 κεφαλὰς
3202 4879 3607 4952 ἀποτέμνοντες,
3657 4873 3733 4930 δια
3775 4868 3851 4925 τοῦ

2230 4963 2485 5045 χερσαίου
2543 4963 2756 5041 τείχους
2814 4978 2931 5029 τοῖς
2959 4963 3252 5045 βαρϐάροις
3310 4967 3661 5025 ὕπεδείχνυον’
3719 4963 3759 5018 οἱ
3803 4956 3848 5011 δὲ

2452 5235 2824 5319 Vocabulum
2851 5239 3120 5308 πάντηλον
3144 5261 3248 5304 seu
3277 5245 3542 5310 πάντηλος
3567 5241 3714 5302 idem
3741 5234 3843 5319 hic,

2227 5316 2500 5393 niit'all'ar,
2559 5318 2712 5387 quod
2742 5333 2948 5376 murex
2980 5337 3078 5393 seu
3125 5323 3376 5391 tribolus,
3411 5319 3687 5393 signiﬁcat
3706 5335 3732 5393 _;
3780 5316 3838 5368 itu

2226 5390 2447 5466 scilicet
2474 5403 2740 5466 _mure_x.
2773 5404 2901 5466 cum
2963 5392 3140 5452 clavis
3169 5388 3427 5466 undique
3466 5388 3550 5449 'stt
3591 5388 3841 5466 conﬁxus,

2227 5462 2416 5535 vocari
2467 5459 2655 5535 Grece
2683 5460 2838 5516 haud
2885 5458 3079 5534 inepte
3135 5480 3304 5535 posse
3333 5458 3596 5531 'videtur,
3628 5463 3840 5518 formato

2225 5531 2466 5617 §cilicet_
2498 5532 2740 5592 nomine
2791 5550 2822 5592 e
2873 5531 3017 5597 voce
3069 5531 3268 5606 πᾶντη,
3306 5538 3590 5617 undique,
3621 5541 3672 5595 et
3718 5543 3840 5593 voce

2223 5611 2378 5690 ἧλος,
2413 5611 2643 5672 clavus.
