4124 6458
352 388 503 458 1333
1314 348 1326 360 ’
1425 398 1485 462 s.
1532 397 1911 463 DEMETRII
1952 395 2358 462 MARTYRIS
2396 398 2623 466 ACTA.
3557 394 3715 464 1334

343 529 685 596 διασωθέντες
747 532 1025 610 πλωτῆρες
1082 535 1175 591 τὸν
1230 534 1406 593 θεόθεν
1468 536 1652 599 αὒτοϊς
1695 537 1981 614 γενόμενον

2078 531 2179 594 sibi
2213 552 2319 616 per
2348 535 2743 599 certaminum
2774 533 3081 599 Victorem
3107 535 3339 599 cladem
3368 534 3554 599 fuisse
3582 536 3711 599 illa-

342 620 555 699 ὄλεθρον
597 620 682 678 διὰ
752 625 844 680 τοῦ
894 622 1182 703 ἀθλοφόρου
1241 624 1615 704 ἀφηγήσαντο,
1673 628 1761 683 καὶ
1806 627 1982 702 ἀπρα-

2078 630 2208 696 tam,
2247 635 2584 698 narrarunt,
2643 643 2828 706 reque
2861 624 3106 702 infecta,
3144 628 3431 707 majorem
3480 625 3710 689 instru-

336 732 455 767 κτοι
498 713 633 785 μετὰ
662 713 880 774 πένθους
911 715 1164 791 μεγίστου
1214 715 1279 770 τὰ
1331 714 1563 773 πλεῖστα
1610 722 1718 772 τῶν
1763 717 1983 795 μαγγά-

336 821 440 856 νων
495 802 585 857 καὶ
655 807 762 857 τῶν
817 801 1026 858 σκύλων
1088 802 1474 867 καταλιπόντες
1534 804 1655 881 μετ’
1716 807 1980 885 αἰσχύνης

336 887 573 968 ᾤχοντο.
610 928 613 935 ι

419 977 587 1057 ρξς¹.
620 980 679 1036 Οἱ
713 976 768 1035 δὲ
798 985 898 1047 τῆς
940 982 1205 1040 θεοσώτου
1258 985 1454 1050 ταύτης
1515 990 1611 1051 τῆς
1671 985 1786 1042 καθ’
1836 987 1981 1060 ἡμᾶς

336 1073 445 1123 τῶν
505 1066 928 1125 Θεσσαλονικίων
978 1070 1191 1136 πόλεως
1224 1070 1404 1147 δρόμῳ
1434 1075 1496 1129 τὸ
1525 1073 1787 1151 πανάγιον
1815 1074 1980 1148 τέμε-

339 1177 431 1213 νος
489 1162 584 1212 τοῦ
639 1158 811 1213 215:th
851 1160 1148 1236 προστάτου
1193 1163 1280 1217 καὶ
1337 1163 1656 1243 ὅπερμᾶχου
1698 1165 1786 1220 καὶ
1814 1165 1981 1241 ὑπερ-

337 1243 546 1310 ενδόξου
614 1244 1003 1312 καταλαϐόντες
1071 1250 1333 1327 μάρτυρος
1385 1253 1692 1329 Δημητρίου
1734 1257 1811 1325 τῷ
1872 1252 1987 1327 ea;

338 1336 775 1414 εὐχαριστηρίους
808 1337 1004 1410 amco:
1067 1338 1375 1413 ἀνέπεμπον
1425 1340 1677 1408 λέγοντες
1712 1360 1723 1376 ⁸
1798 1342 1985 1420 Εὐχα-

337 1426 619 1498 ριστοῡμέν
688 1447 796 1500 σοι,
875 1425 1118 1484 Δέσποτα
1205 1431 1424 1506 ούρανοῦ
1501 1432 1588 1487 γαὶ
1679 1433 1807 1508 γῆς,
1903 1429 1983 1486 ὅτι

336 1512 562 1578 ἀναξίων
604 1511 770 1570 ὄντων
807 1516 960 1590 ἡμῶν
990 1516 1087 1582 τῆς
1119 1519 1263 1595 παρὰ
1308 1540 1402 1575 σου
1434 1521 1698 1597 σωτηρίας
1745 1520 1830 1575 διὰ
1886 1521 1982 1582 τὰς

333 1601 552 1663 ἐνούσας
583 1604 721 1674 ἡμῖν
769 1604 1028 1680 ἁμαρτίας
1081 1605 1180 1661 οὒκ
1238 1604 1437 1673 ἔδωκας
1494 1610 1640 1682 ἡμᾶς
1686 1611 1761 1671 εἰς
1819 1610 1984 1686 θήραν

327 1689 507 1748 ὀδοῦσι
569 1698 675 1747 τῶν
720 1692 927 1772 ἐχθρῶν
983 1695 1139 1769 ἡμῶν
1176 1715 1189 1729 ·
1240 1695 1359 1752 ἀλλ’
1399 1695 1606 1763 ἔσωσας
1637 1698 1780 1773 ἡμᾶς
1813 1721 1983 1775 προσα-

326 1777 610 1855 δεξάμενος
697 1783 791 1844 τὰς
879 1785 1114 1852 αἰτήσεις
1197 1793 1288 1842 τοῦ
1365 1788 1586 1864 γνησίου
1662 1788 1983 1865 θεράποντος

2066 722 2404 775 mentorum
2458 715 2907 796 spoliorumque
2970 725 3196 795 partem
3260 718 3515 779 maximo
3572 733 3710 778 cum

2065 801 2227 863 luctu
2261 804 2677 881 relinquentes
2710 823 2845 867 cum
2873 803 3176 869 dedecore
3204 804 3509 869 abierunt.

2149 981 2288 1044 166.
2322 981 2434 1054 Qui
2494 1000 2635 1045 vero
2694 983 2873 1063 hujus
2929 1004 2962 1047 a
3017 984 3142 1047 Deo
3172 991 3419 1047 servatae
3447 984 3709 1047 Thessa—

2065 1070 2390 1132 lonicensis
2421 1081 2640 1133 nostra;
2669 1073 2923 1135 civitatis
2947 1075 3585 1148 erant,sanctissimum
3613 1092 3715 1154 pa-

2067 1161 2219 1221 troni
2254 1161 2345 1220 sui
2379 1179 2448 1222 ac
2478 1163 2931 1241 propugnatoris
2963 1164 3357 1243 martyrisque
3399 1163 3710 1242 gloriosis»

2070 1250 2208 1310 simi
2236 1251 2519 1311 Demetrii
2555 1252 2839 1330 templum
2874 1252 3152 1315 festinato
3182 1252 3710 1328 adeuntes,laudes

2070 1340 2194 1401 Deo
2223 1358 2355 1400 cum
2390 1342 2711 1417 gratiarum
2744 1340 2980 1403 actione
3010 1342 3364 1422 conjunctae
3393 1340 3711 1415 dederunt,

2067 1428 2378 1490 dicentes:
2405 1428 2562 1503 Tibi,
2596 1428 2847 1491 Domine
2865 1430 3081 1492 cmliet
3100 1439 3301 1509 terrae,
3339 1430 3555 1509 gratias
3584 1430 3711 1509 agi-

2069 1534 2221 1596 mus,
2258 1518 2413 1597 quod
2448 1535 2555 1578 nos
2582 1526 2826 1596 propter
2872 1519 3241 1581 adhaerentia
3268 1519 3444 1581 nobis
3474 1527 3715 1600 peccata

2068 1607 2260 1668 salute
2284 1626 2318 1668 a
2343 1615 2398 1668 te
2414 1607 2742 1670 obtinenda
2763 1607 3043 1687 indignos
3064 1608 3448 1672 inimicorum
3475 1614 3715 1671 nostro-

2067 1713 2198 1756 rum
2231 1696 2513 1757 dentibus
2534 1695 2595 1756 in
2619 1699 2878 1776 praedam
2903 1697 3058 1759 haud
3093 1697 3433 1771 tradideris,
3463 1696 3568 1759 sed
3601 1714 3715 1775 ge-

2069 1784 2237 1845 nuini
2269 1783 2427 1845 servi
2483 1784 2771 1846 Demetrii
2804 1804 3013 1865 preces
3065 1787 3402 1865 suscipiens
3430 1786 3713 1850 servaris.

333 1874 669 1947 Δημητρίου.
737 1873 834 1929 Καὶ
894 1880 1049 1930 τοῦτο
1101 1872 1156 1930 δὲ
1240 1876 1516 1953 τεράστιον
1576 1876 1831 1953 μέγιστον
1888 1876 1982 1932 καί

2078 1870 2194 1935 Hoc
2221 1891 2395 1953 porro
2419 1872 2596 1934 etiam
2625 1874 3486 1956 maximum,memoriaque,ut
3509 1870 3569 1935 id
3602 1892 3711 1936 ex-

327 1961 556 2035 μνήμης
585 1959 750 2022 ὄντως
786 1959 953 2026 δεῖξαι
986 1962 1153 2039 ἄξιον,
1210 1963 1292 2020 ὅτι
1337 1967 1365 2020 ὁ
1426 1971 1532 2021 τῶν
1576 1969 1748 2024 αὐτῶν
1793 1965 1979 2023 Σκλα-

326 2045 488 2104 ϐίνων
545 2048 795 2130 ἔξαρχος,
877 2051 1112 2125 τοῦνομα
1196 2053 1434 2126 Χάτζων,
1524 2055 1662 2110 κατὰ
1717 2056 1778 2111 τὸ
1839 2058 1981 2128 αὒτῷ

333 2138 628 2213 ειθισμὲνον
685 2137 770 2194 διὰ
828 2141 1078 2207 μαντείας
1137 2142 1378 2217 ᾐτήσατο
1422 2146 1637 2218 μαθεῖν,
1702 2145 1743 2198 εἰ
1800 2142 1978 2199 εἰσελ-

333 2231 450 2284 θεῖν
480 2225 601 2307 ἔχοι
631 2229 686 2283 ἐν
728 2233 797 2303 τῇ
851 2228 1192 2307 θεοφυλάκτῳ
1234 2230 1391 2305 ἡμῶν
1450 2230 1631 2305 πόλει,
1663 2233 1754 2289 καὶ
1784 2231 1978 2311 ἐῤῥήθη

347 2318 515 2388 αὐτῷ,
561 2315 642 2372 ὅτι
686 2316 943 2374 εἰσελθεῖν
974 2317 1092 2398 ἔχει
1126 2334 1139 2349 ⁸
1186 2320 1250 2375 τὸ
1298 2319 1354 2376 δὲ
1402 2327 1519 2383 πῶς
1562 2320 1656 2378 οὐκ
1685 2319 1982 2400 ὒπεδείχθη

349 2409 514 2479 αὐτῷ,
546 2408 633 2461 καὶ
667 2405 855 2462 λοιπὸν
885 2408 956 2472 ὡς
998 2407 1103 2464 ἀπὸ
1132 2410 1230 2475 τῆς
1265 2407 1505 2476 δοθείσης
1535 2414 1679 2484 αξιτῷ
1708 2411 1980 2486 μαντείας,

347 2496 594 2574 χρηστὰς
654 2494 801 2575 ἔχων
874 2502 954 2571 τῷ
1005 2493 1184 2554 δοκεῖν
1236 2499 1330 2563 τὰς
1386 2497 1626 2575 ἐλπίδας,
1682 2500 1858 2577 θάρσει
1923 2500 1985 2559 τὰ

346 2582 518 2662 δρᾶμα
550 2585 873 2664 παρώξυνεν.

428 2762 557 2842 ρξε’.
621 2762 769 2820 Ἀλλ’
807 2766 835 2821 ὁ
883 2763 1113 2823 ἀλλοιῶν
1173 2769 1386 2844 καιροὺς
1442 2767 1539 2824 καί
1601 2767 1851 2847 χρόνους,
1898 2770 1986 2825 καὶ

344 2850 698 2923 διασκεδάζων
741 2852 933 2929 βουλὰς
984 2855 1214 2935 ἐχθρῶν,
1275 2864 1460 2914 τοῦτον
1489 2859 1662 2928 ζῶντα
1695 2856 1982 2936 αἰχμάλω-

341 2965 436 2999 τον
477 2955 597 3004 τοϊς
631 2941 876 3008 πολίταις
919 2941 1006 3000 διὰ
1063 2953 1156 3003 τοῦ
1209 2947 1676 3023 προσημανθέντος
1736 2968 1989 3025 παραπυ-

343 3031 460 3090 λίου
519 3030 824 3109 παρέδωκεν
861 3053 876 3070 ·
934 3033 1075 3096 τινὲς
1140 3033 1195 3091 δὲ
1254 3042 1360 3091 τῶν
1401 3037 1469 3094 τὰ
1513 3036 1697 3115 πρῲτα
1727 3037 1992 3113 φερόντων

346 3126 446 3187 τῆς
502 3119 621 3177 καθ’
679 3121 824 3195 ἡμᾶς
882 3122 1092 3185 πόλεως
1179 3121 1321 3179 οἴκοι
1391 3127 1576 3182 τοῦτον
1636 3125 1995 3203 κατέκρυπτον

345 3206 559 3283 κέρδους
591 3210 734 3272 τινὸς
778 3209 873 3266 καὶ
905 3212 1117 3288 τρόπων
1161 3216 1255 3271 οὒκ
1318 3212 1550 3290 εὖλόγων
1602 3213 1762 3292 χάριν
1797 3233 1810 3247 ·

2065 1963 2405 2039 hibeamus,
2439 1980 2578 2024 vero
2610 1962 2855 2040 dignum
2905 1962 3018 2026 fuit
3049 1963 3428 2044 miraculum,
3464 1980 3713 2024 eorum-

2064 2051 2200 2113 dem
2234 2052 2578 2113 Sclavorum
2614 2052 2941 2131 principem
2975 2053 3076 2131 qui
3132 2050 3393 2115 Chatzon
3451 2050 3713 2114 vocaba-

2063 2147 2160 2202 tur
2193 2141 2339 2219 (28),
2378 2158 2483 2220 pro
2514 2157 2681 2202 more
2729 2158 2858 2215 suo,
2894 2139 3126 2203 foretne
3168 2140 3229 2203 in
3279 2140 3645 2203 custoditam
3677 2159 3712 2201 a

2067 2228 2186 2292 Deo
2217 2230 2507 2290 civitatem
2540 2237 2807 2291 nostram
2840 2230 3243 2309 ingressurus,
3293 2230 3521 2292 oraculi
3554 2229 3713 2310 peti-

2066 2321 2223 2380 tione
2243 2317 2476 2380 discere
2492 2318 3007 2394 studuisse,eique
3029 2321 3157 2380 fore
3178 2326 3244 2379 ut
3265 2318 3710 2397 ingrederetur,

2064 2424 2419 2488 responsum
2453 2406 2676 2481 fuisse;
2711 2425 2828 2487 quo
2858 2413 3054 2469 autem
3087 2406 3265 2469 modo
3312 2406 3367 2470 ei
3401 2416 3710 2469 ostensum

2068 2497 2225 2559 haud
2256 2506 2403 2570 erat,
2439 2496 2676 2557 tandem
2711 2495 2913 2575 etiam,
2942 2503 3146 2576 utpote
3177 2515 3212 2557 e
3235 2496 3372 2559 dato
3409 2494 3524 2557 sibi
3554 2495 3707 2557 vati-

2069 2586 2225 2648 cinio
2259 2585 2574 2664 bonam,ut
2600 2586 2947 2667 apparebat,
2974 2603 3142 2666 spem
3176 2585 3562 2661 habens,rem
3594 2602 3707 2648 au-

2076 2675 2278 2736 dacter
2307 2675 2416 2736 fuit
2445 2678 2779 2754 aggressus.

2154 2766 2291 2827 167.
2327 2766 2543 2826 Verum
2596 2766 2694 2844 qui
2755 2763 3104 2827 occasiones
3149 2782 3219 2827 ac
3277 2774 3549 2844 tempora
3581 2782 3716 2825 mu-

2074 2864 2180 2922 tat,
2220 2853 2721 2933 inimicorumque
2753 2852 3003 2915 consilia
3033 2854 3303 2933 dissipat,
3318 2854 3516 2914 vivum
3550 2852 3716 2914 illum

2075 2943 2302 3004 civibus
2362 2960 2467 3023 per
2510 2942 2815 3023 prmfatam
2878 2942 3189 3023 portellam
3243 2941 3539 3022 captivum
3592 2950 3719 3012 tra-e

2076 3031 2261 3108 didit;
2323 3031 2561 3112 quidam
2619 3040 2817 3092 autem
2865 3031 3124 3094 civitatis
3176 3040 3398 3094 nostrae
3428 3031 3721 3111 primores

2078 3121 2239 3183 domi
2272 3140 2395 3182 suae
2424 3120 2589 3183 illum
2624 3120 2771 3181 lucri
2821 3120 3076 3201 alicujus
3105 3121 3582 3202 studiorumque,
3614 3137 3720 3181 ra-

1872 3208 2052 3280 ἀλλά
2082 3211 2228 3271 tioni
2259 3211 2417 3271 haud
2451 3219 3203 3280 consentaneorum,causa
3230 3209 3673 3272 absconderant
3699 3230 3715 3279 ;

348 3297 465 3358 οὐδὲ
495 3297 550 3353 ἐν
580 3297 751 3371 τούτῷ
779 3297 1013 3376 ἤργησεν
1046 3301 1082 3367 ἠ
1135 3300 1521 3381 χριστόϐουλος
1567 3309 1661 3358 τοῦ
1704 3302 1987 3382 ἀθλοφόροιι

2079 3319 2281 3361 verum
2336 3316 2531 3380 neque
2561 3303 2672 3361 hac
2703 3299 2763 3359 in
2794 3316 2862 3360 re
2913 3299 3129 3361 Christi
3184 3297 3453 3361 consiliis
3482 3298 3721 3377 sapiens

346 3389 650 3466 προμήθεια
683 3403 698 3418 ⁸
759 3386 901 3444 ἀλλὰ
964 3392 1150 3466 γύναια
1206 3393 1337 3469 πρὸς
1398 3390 1635 3470 ἀνδρείαν
1693 3393 1995 3461 ἀναστήσας

346 3476 552 3548 τόλμαν
606 3478 788 3533 τοῦτον
868 3479 929 3534 ἐκ
1011 3486 1105 3535 τοῦ
1161 3477 1335 3553 οἴκοι),
1399 3479 1521 3536 ἔνθα
1578 3482 1996 3560 κατεκρύπτετο,

346 3566 631 3643 ἐξήγαγον,
711 3566 797 3622 καθ
873 3568 1092 3643 σύρασαι
1173 3566 1258 3624 διὰ
1316 3574 1411 3634 τῆς
1470 3568 1679 3634 πόλεως
1751 3566 1995 3626 ἐλιθοϐό-

348 3656 522 3721 λησαν
551 3671 569 3688 ⁴
616 3656 701 3712 καὶ
751 3654 915 3720 οὕτως
968 3654 1124 3720 ἀξίως
1183 3662 1278 3722 τῆς
1341 3659 1499 3713 αὐτοῦ
1572 3656 1994 3732 Βυσμενεστάτης

347 3745 572 3823 γνώμης
641 3743 853 3809 ἐπάξιον
910 3744 1251 3821 ἀπηνέγκατο
1306 3746 1555 3803 θάνατον.
1631 3744 1838 3812 Μηδείς
1908 3746 1998 3801 οὖν

348 3841 458 3891 τῶν
499 3833 907 3914 φιλομαρτύρων
951 3835 1097 3908 ὑμῶν
1156 3834 1442 3891 ἀπιστοϊτο
1498 3848 1616 3897 τοῖς
1648 3836 1911 3912 ἀγροίκως
1941 3834 1997 3890 ἐν

346 3924 576 4004 βραχέσι
634 3925 751 4000 περὶ
810 3925 1010 3981 τούτων
1051 3927 1409 4002 ἱστορηθεϊσιν
1452 3941 1463 3953 ’
1520 3926 1564 3980 εἰ
1622 3925 1723 4003 γὰρ
1779 3925 1869 3980 καί
1915 3946 1995 3990 τις

346 4017 421 4074 ὡς
478 4012 644 4087 ψευδῆ
706 4034 773 4086 με
818 4020 982 4069 ταῦτα
1026 4015 1326 4091 συγγράψαι
1373 4013 1666 4090 λογίσεται,
1701 4014 1987 4083 σκοπείτω,

347 4106 422 4165 ὡς
476 4103 529 4158 ἓν
559 4108 738 4180 γραφῇ
788 4105 1113 4182 τυγχάνουσι
1174 4105 1277 4179 πρὸ
1327 4103 1420 4159 τοῦ
1450 4105 1708 4178 παναγίου
1741 4102 1991 4177 τεμένους

344 4199 440 4248 τοῦ
500 4192 826 4263 ἀειμνήστου
882 4192 1144 4268 μάρτυρος
1207 4193 1515 4266 Δημητρίου
1570 4200 1663 4249 τοῦ
1735 4195 1865 4269 πρὸς
1917 4195 1994 4265 τῷ

348 4282 499 4359 μέρει
555 4286 648 4337 τοῦ
692 4279 1018 4353 καλουμένου
1073 4280 1251 4355 ξύλου,
1316 4279 1577 4347 δηλοῦντα
1628 4282 1724 4347 τὴν
1780 4282 1991 4337 ἅπασαν

341 4377 436 4427 τοῦ
488 4368 728 4443 πολέμου
776 4367 1086 4448 παράταξιν,
1150 4373 1236 4426 καὶ
1300 4371 1395 4438 τὴν
1438 4372 1513 4433 εἰς
1572 4373 1714 4445 ἡμᾶς
1767 4369 1850 4426 διὰ
1903 4377 1993 4427 τοῦ

2079 3392 2468 3451 certaminum
2488 3388 2747 3451 Victoris
2768 3388 3137 3467 providentia
3161 3387 3346 3449 otiata
3367 3394 3478 3461 est;
3510 3404 3718 3448 verum

2082 3481 2353 3537 mu|ieres
2373 3479 2443 3536 ad
2467 3480 2668 3537 fortem
2693 3478 2994 3537 audaciam
3017 3480 3089 3536 ab
3108 3494 3174 3537 eo
3195 3479 3504 3546 excitatae
3525 3477 3723 3545 domo,

2082 3565 2182 3626 ubi
2210 3563 2623 3638 latebat,illum
2654 3562 3013 3636 eduxerunt,
3041 3570 3412 3643 tractumque
3433 3579 3542 3641 per
3567 3559 3721 3622 civi-

2077 3662 2254 3715 tatem
2290 3651 2585 3733 lapidibus
2642 3659 3117 3732 oppresserunt;
3178 3660 3356 3731 atque
3399 3651 3482 3712 ita
3512 3651 3722 3713 merito

2079 3752 2330 3803 mortem
2362 3740 2663 3801 voluntate
2692 3757 2801 3800 sua
2857 3738 3249 3801 infestissima
3301 3738 3540 3816 dignam
3570 3737 3723 3799 sub-

2077 3832 2146 3893 iit
2178 3830 2331 3908 (99).
2357 3828 2543 3890 Nemo
2568 3829 2746 3909 igitur
2767 3835 3054 3902 vestrum,
3088 3827 3189 3908 qui
3213 3835 3529 3908 martyrem
3553 3844 3725 3888 ama-

2079 3921 2172 3990 tis.
2202 3920 2272 3979 iis
2293 3935 2425 3994 qum
2446 3917 2521 3978 de
2546 3917 2664 3978 illis
2696 3916 2917 3978 rustico
2939 3932 3220 3977 sermone
3251 3924 3488 3977 narrata
3519 3916 3725 3994 paucis

2075 4007 2421 4077 sunt,iidem
2446 4006 2706 4082 deneget
2742 4003 2889 4085 (30).
2923 4003 3092 4077 Quod
3126 4009 3173 4066 si
3204 4007 3366 4066 enim
3408 4003 3539 4086 quis
3571 4004 3718 4075 haec,

2075 4108 2137 4161 ut
2168 4098 2335 4173 falsa,
2370 4094 2691 4175 scripsisse
2740 4112 2834 4155 me
2879 4101 3174 4169 autumet,
3205 4093 3403 4155 videat
3460 4092 3559 4173 qui
3589 4099 3725 4153 ante

2075 4186 2509 4249 sanctissimum
2543 4200 2784 4262 semper
2816 4182 3186 4244 memorandi
3213 4181 3483 4261 martyris
3514 4180 3725 4243 Deme-

2077 4279 2172 4340 trii
2204 4275 2493 4353 templum
2525 4272 2601 4335 ad
2636 4271 2801 4349 ligni,
2837 4282 2905 4331 ut
2946 4278 3211 4345 vocatur,
3247 4270 3441 4331 locum
3467 4269 3530 4331 in
3559 4268 3720 4331 scri-

2077 4366 2192 4449 ptis
2224 4362 2537 4425 ostendant
2567 4378 2805 4422 omnem
2841 4359 2983 4449 belli
3018 4359 3315 4449 ordinem,
3343 4358 3724 4438 salutemque

344 4458 635 4536 ἀθλοφόρου
683 4458 969 4536 σωτηρίαν,
1023 4446 1090 4515 διδ
1144 4459 1203 4516 οὗ
1259 4459 1631 4528 ἀναπέμπεται
1678 4458 1825 4538 δόξα,
1858 4460 1987 4533 τιμὴ

2078 4446 2250 4518 nobis
2267 4452 2541 4516 collatam
2560 4468 2667 4530 per
2681 4448 3074 4512 certaminum
3091 4446 3722 4538 _Vtctorer_n,perquem
3746 4472 3749 4477 ‹

343 4550 435 4606 καὶ
465 4549 816 4625 προσκύνησις
848 4554 923 4621 τῷ
957 4550 1117 4627 Πατρὶ
1149 4550 1234 4606 καὶ
1266 4553 1344 4623 τῷ
1374 4550 1504 4622 Υἱῳ.

2079 4544 2366 4608 tribuitur
2415 4540 2629 4620 gloria,
2688 4540 2880 4601 honor
2933 4547 2993 4599 et
3042 4536 3309 4621 adoratlo
3339 4533 3497 4597 Patri
3527 4547 3586 4596 et
3617 4532 3720 4596 Fl-

2078 4635 2182 4711 lio,
2218 4642 2337 4697 etc.

1864 4751 2098 4812 CAPUT
2136 4751 2205 4808 II.

346 4850 528 4909 Sclavt'
583 4851 778 4909 iterum
827 4847 1258 4907 Thessalonicam
1310 4848 1719 4925 aggrediuntur,
1783 4846 2051 4925 Deumque
2094 4867 2156 4906 ac
2212 4843 2824 4925 :anctugtﬂDemetrium
2866 4842 2973 4902 sibi
3026 4843 3336 4900 contrarios
3383 4841 3619 4914 experti,
3665 4854 3724 4899 re

1542 4921 1760 4992 infecta,
1799 4919 2046 4982 recedere
2082 4926 2353 4995 coguntur
2392 4919 2526 4989 (31).

429 5021 568 5103 ,οξ-η’,
629 5024 725 5081 Καὶ
776 5022 1060 5097 θαυμάτων
1119 5020 1359 5095 θαύματα
1416 5017 1674 5099 τυγχάνει
1729 5020 1989 5101 ἀνώτερα,

348 5115 435 5172 καὶ
496 5112 822 5190 πραγμάτων
877 5112 1168 5189 πράγματα
1248 5107 1480 5188 ὑπάρχει
1552 5108 1833 5189 ὑπέρτερα,
1904 5115 1992 5169 καὶ

383 5230 838 5360 1,(ἔ8)ηΝιιρϊιιοο
893 5229 1060 5286 ducis
1111 5228 1445 5287 Srlavorum
1492 5240 1706 5284 nomen
1768 5229 1988 5301 uspiam

409 5321 419 5359 ι
468 5319 529 5358 ιι
585 5318 646 5357 ve
696 5317 773 5358 ιο.

344 5303 482 5363 alibi
518 5302 773 5358 invenio.

416 5373 533 5445 (29)
569 5373 627 5429 In
664 5387 808 5429 neco
844 5368 1111 5445 Chatzoni
1145 5380 1285 5445 tam
1321 5370 1558 5445 indigne
1587 5364 1740 5445 illata
1773 5379 1990 5439 partem

346 5440 781 5516 quampiam.uii
816 5444 907 5516 hic
943 5453 1140 5516 auctor
1172 5442 1402 5506 indicat.
1440 5440 1708 5498 habuisse
1731 5453 1991 5501 sanctum

342 5512 714 5576 Dilmetritim.
749 5512 996 5570 multum
1040 5513 1258 5571 dubito.

417 5588 533 5658 (30)
565 5586 703 5653 Quae
755 5589 1028 5658 hactenus
1086 5599 1213 5656 cap.
1255 5582 1626 5658 praesentide
1660 5583 1994 5658 Sclavorum

346 5655 546 5717 contra
581 5655 1049 5714 Thessalonicam
1098 5655 1481 5727 expeditione,
1531 5655 1819 5727 huiusque
1851 5657 1998 5713 infe-

350 5729 445 5794 lici
477 5743 749 5807 successu
782 5734 979 5791 auctor
1010 5724 1225 5795 retulit,
1261 5727 1424 5787 facile
1453 5724 1997 5809 quidém,Quantum

2165 5014 2677 5082 168.Etmiracula
2701 5012 3002 5077 miraculis
3027 5014 3249 5091 majora
3269 5018 3407 5073 sunt
3427 5019 3486 5073 et
3505 5028 3611 5073 res
3628 5028 3724 5073 re-

2075 5116 2706 5190 buspraestamiores,et
2722 5109 2870 5170 bella
2893 5129 2920 5170 a
2946 5112 3112 5171 bellis
3134 5109 3486 5177 differunt,et
3511 5110 3722 5182 scripta

2074 5230 2311 5299 opinor,
2361 5224 2523 5299 apud,
2564 5237 2767 5281 omnes
2796 5221 2966 5299 fidem
3002 5221 3341 5285 invenient;
3384 5234 3584 5299 verum
3617 5220 3719 5291 qui
3780 5272 3781 5275 η

2075 5290 2355 5358 miraculo
2388 5290 2442 5353 i'd
2502 5296 2734 5364 factum,
2784 5293 3180 5365 visionemque
3236 5305 3407 5363 supra
3457 5290 3719 5365 relatam,

2076 5387 2186 5445 qua
2224 5385 2349 5427 sese
2406 5377 2639 5424 sanctus
2690 5360 3014 5422 Demetrius
3044 5360 3717 5435 plurimis—spectandum

2081 5453 2198 5501 tum
2234 5441 2473 5501 dederit.
2516 5437 2670 5495 haud
2726 5435 2892 5495 facile
2920 5435 3245 5501 admittant.
3276 5447 3389 5491 non
3424 5433 3720 5491 defuturos

2079 5524 2473 5655 θιξὲιιιῖῃὲερυι
2505 5581 2613 5639 hoc
2643 5580 2702 5637 in
2733 5579 2931 5655 codice
2976 5573 3511 5655 olim_Mazarinae_o_,
3543 5587 3574 5630 θ
3605 5587 3720 5644 quo

2080 5646 2357 5730 nisime,
2373 5646 2634 5730 primum
2669 5651 2993 5730 excuditur,
3014 5665 3045 5705 ε
3074 5646 3176 5730 fol,
3204 5658 3369 5705 verso
3387 5646 3507 5730 tu
3536 5658 3721 5730 usque

2080 5713 2149 5795 ad
2187 5713 2288 5797 io'l,’
2339 5713 2441 5799 155
2477 5724 2733 5799 excurrit
2764 5743 2778 5802 ;
2828 5736 2895 5798 ac
2941 5713 3274 5809 sequentem
3304 5716 3537 5801 quidem
3565 5713 3722 5787 hunc
