  <div class='ocr_page' id='page_1' title='image "/cluster/home/n/w/nwhite01/storage/ocr_20150623/116:no.3/coo.31924054870203/677.png"; bbox 0 0 4124 6430; ppageno 0'>
   <div class='ocr_carea' id='block_1_1' title="bbox 482 380 636 448">
    <p class='ocr_par' dir='ltr' id='par_1_1' title="bbox 482 380 636 448">
     <span class='ocr_line' id='line_1_1' title="bbox 482 380 636 448; baseline 0.006 -1"><span class='ocrx_word' id='word_1_1' title='bbox 482 380 636 448; x_wconf 87' lang='grc'><strong>1339</strong></span> 
     </span>
    </p>
   </div>
   <div class='ocr_carea' id='block_1_2' title="bbox 1847 380 2499 444">
    <p class='ocr_par' dir='ltr' id='par_1_2' title="bbox 1847 380 2499 444">
     <span class='ocr_line' id='line_1_2' title="bbox 1847 380 2499 444; baseline -0.003 0"><span class='ocrx_word' id='word_1_2' title='bbox 1847 381 2193 444; x_wconf 81' lang='lat' dir='ltr'><strong>SUPPLEM</strong></span> <span class='ocrx_word' id='word_1_3' title='bbox 2207 382 2298 443; x_wconf 80' lang='grc' dir='ltr'>ΕΝ</span> <span class='ocrx_word' id='word_1_4' title='bbox 2312 380 2499 442; x_wconf 82' lang='lat' dir='ltr'><strong>TUM.</strong></span> 
     </span>
    </p>
   </div>
   <div class='ocr_carea' id='block_1_3' title="bbox 3699 383 3840 451">
    <p class='ocr_par' dir='ltr' id='par_1_3' title="bbox 3699 383 3840 451">
     <span class='ocr_line' id='line_1_3' title="bbox 3699 383 3840 451; baseline 0.028 -4"><span class='ocrx_word' id='word_1_5' title='bbox 3699 383 3840 451; x_wconf 77' lang='grc'><strong>1340</strong></span> 
     </span>
    </p>
   </div>
   <div class='ocr_carea' id='block_1_4' title="bbox 483 511 2158 597">
    <p class='ocr_par' dir='ltr' id='par_1_4' title="bbox 483 515 2148 597">
     <span class='ocr_line' id='line_1_4' title="bbox 483 515 2148 597; baseline -0.002 -19"><span class='ocrx_word' id='word_1_6' title='bbox 483 526 682 580; x_wconf 80' lang='lat' dir='ltr'><strong>autem</strong></span> <span class='ocrx_word' id='word_1_7' title='bbox 730 535 797 580; x_wconf 88' lang='lat' dir='ltr'><strong>ac</strong></span> <span class='ocrx_word' id='word_1_8' title='bbox 830 517 1051 580; x_wconf 81' lang='lat' dir='ltr'><strong>similia</strong></span> <span class='ocrx_word' id='word_1_9' title='bbox 1099 515 1402 580; x_wconf 87' lang='lat' dir='ltr'><strong>monendo</strong></span> <span class='ocrx_word' id='word_1_10' title='bbox 1435 515 1912 597; x_wconf 82' lang='lat' dir='ltr'><strong>afﬁrmandoque</strong></span> <span class='ocrx_word' id='word_1_11' title='bbox 1943 516 2148 578; x_wconf 88' lang='lat' dir='ltr'><strong>beatus</strong></span> 
     </span>
    </p>
   </div>
   <div class='ocr_carea' id='block_1_5' title="bbox 2244 511 3847 597">
    <p class='ocr_par' dir='ltr' id='par_1_5' title="bbox 2244 511 3847 596">
     <span class='ocr_line' id='line_1_5' title="bbox 2244 511 3847 596; baseline 0.002 -26"><span class='ocrx_word' id='word_1_12' title='bbox 2244 521 2307 587; x_wconf 72' lang='grc' dir='ltr'>τῷ</span> <span class='ocrx_word' id='word_1_13' title='bbox 2376 526 2556 592; x_wconf 69' lang='grc' dir='ltr'>τεϊχει</span> <span class='ocrx_word' id='word_1_14' title='bbox 2625 513 2745 586; x_wconf 88' lang='grc' dir='ltr'>μετ’</span> <span class='ocrx_word' id='word_1_15' title='bbox 2778 514 2949 571; x_wconf 74' lang='grc' dir='ltr'>αὖτῶν</span> <span class='ocrx_word' id='word_1_16' title='bbox 3005 511 3358 590; x_wconf 71' lang='grc' dir='ltr'>ἐνδιατρίϐων,</span> <span class='ocrx_word' id='word_1_17' title='bbox 3412 518 3497 573; x_wconf 77' lang='grc' dir='ltr'><strong>καὶ</strong></span> <span class='ocrx_word' id='word_1_18' title='bbox 3572 522 3676 573; x_wconf 83' lang='grc' dir='ltr'><strong>τῶν</strong></span> <span class='ocrx_word' id='word_1_19' title='bbox 3728 522 3847 596; x_wconf 80' lang='grc' dir='ltr'>πρὸς</span> 
     </span>
    </p>
   </div>
   <div class='ocr_carea' id='block_1_6' title="bbox 476 605 2133 686">
    <p class='ocr_par' dir='ltr' id='par_1_6' title="bbox 476 605 2133 686">
     <span class='ocr_line' id='line_1_6' title="bbox 476 605 2133 686; baseline -0.004 -14"><span class='ocrx_word' id='word_1_20' title='bbox 476 609 654 672; x_wconf 88' lang='lat' dir='ltr'><strong>Pater</strong></span> <span class='ocrx_word' id='word_1_21' title='bbox 678 607 982 670; x_wconf 76' lang='lat' dir='ltr'><strong>audaciam</strong></span> <span class='ocrx_word' id='word_1_22' title='bbox 1009 607 1094 668; x_wconf 83' lang='lat' dir='ltr'><strong>eis</strong></span> <span class='ocrx_word' id='word_1_23' title='bbox 1119 607 1214 685; x_wconf 89' lang='lat' dir='ltr'><strong>qui</strong></span> <span class='ocrx_word' id='word_1_24' title='bbox 1248 606 1501 667; x_wconf 75' lang='lat' dir='ltr'><strong>civitatis</strong></span> <span class='ocrx_word' id='word_1_25' title='bbox 1525 615 1720 686; x_wconf 88' lang='lat' dir='ltr'><strong>erant,</strong></span> <span class='ocrx_word' id='word_1_26' title='bbox 1753 605 2133 684; x_wconf 73' lang='lat' dir='ltr'><strong>subjiclebat,</strong></span> 
     </span>
    </p>
   </div>
   <div class='ocr_carea' id='block_1_7' title="bbox 477 695 2134 778">
    <p class='ocr_par' dir='ltr' id='par_1_7' title="bbox 477 695 2134 778">
     <span class='ocr_line' id='line_1_7' title="bbox 477 695 2134 778; baseline -0.003 -19"><span class='ocrx_word' id='word_1_27' title='bbox 477 707 658 778; x_wconf 88' lang='lat' dir='ltr'><strong>atque</strong></span> <span class='ocrx_word' id='word_1_28' title='bbox 686 717 820 758; x_wconf 90' lang='lat' dir='ltr'><strong>cum</strong></span> <span class='ocrx_word' id='word_1_29' title='bbox 857 696 928 757; x_wconf 87' lang='lat' dir='ltr'><strong>iis</strong></span> <span class='ocrx_word' id='word_1_30' title='bbox 952 703 1007 756; x_wconf 89' lang='lat' dir='ltr'><strong>in</strong></span> <span class='ocrx_word' id='word_1_31' title='bbox 1044 695 1346 756; x_wconf 77' lang='lat' dir='ltr'><strong>mamilius</strong></span> <span class='ocrx_word' id='word_1_32' title='bbox 1376 695 1672 775; x_wconf 89' lang='lat' dir='ltr'><strong>manebat,</strong></span> <span class='ocrx_word' id='word_1_33' title='bbox 1704 714 1961 776; x_wconf 91' lang='lat' dir='ltr'><strong>cumque</strong></span> <span class='ocrx_word' id='word_1_34' title='bbox 1988 713 2134 774; x_wconf 89' lang='lat' dir='ltr'><strong>pau-</strong></span> 
     </span>
    </p>
   </div>
   <div class='ocr_carea' id='block_1_8' title="bbox 477 785 2134 868">
    <p class='ocr_par' dir='ltr' id='par_1_8' title="bbox 477 785 2134 868">
     <span class='ocr_line' id='line_1_8' title="bbox 477 785 2134 868; baseline -0.003 -19"><span class='ocrx_word' id='word_1_35' title='bbox 477 806 581 850; x_wconf 89' lang='lat' dir='ltr'><strong>cos</strong></span> <span class='ocrx_word' id='word_1_36' title='bbox 603 795 734 868; x_wconf 90' lang='lat' dir='ltr'><strong>post</strong></span> <span class='ocrx_word' id='word_1_37' title='bbox 762 787 892 848; x_wconf 85' lang='lat' dir='ltr'><strong>dies</strong></span> <span class='ocrx_word' id='word_1_38' title='bbox 915 786 1110 848; x_wconf 89' lang='lat' dir='ltr'><strong>omnis</strong></span> <span class='ocrx_word' id='word_1_39' title='bbox 1137 785 1212 847; x_wconf 87' lang='lat' dir='ltr'><strong>ad</strong></span> <span class='ocrx_word' id='word_1_40' title='bbox 1244 785 1648 847; x_wconf 89' lang='lat' dir='ltr'><strong>resistendum</strong></span> <span class='ocrx_word' id='word_1_41' title='bbox 1686 792 1891 846; x_wconf 78' lang='lat' dir='ltr'><strong>essent</strong></span> <span class='ocrx_word' id='word_1_42' title='bbox 1913 794 2134 865; x_wconf 89' lang='lat' dir='ltr'><strong>parata,</strong></span> 
     </span>
    </p>
   </div>
   <div class='ocr_carea' id='block_1_9' title="bbox 480 873 2138 956">
    <p class='ocr_par' dir='ltr' id='par_1_9' title="bbox 480 873 2138 956">
     <span class='ocr_line' id='line_1_9' title="bbox 480 873 2138 956; baseline -0.004 -18"><span class='ocrx_word' id='word_1_43' title='bbox 480 877 610 956; x_wconf 90' lang='lat' dir='ltr'><strong>ipse</strong></span> <span class='ocrx_word' id='word_1_44' title='bbox 625 877 802 937; x_wconf 86' lang='lat' dir='ltr'><strong>etiam</strong></span> <span class='ocrx_word' id='word_1_45' title='bbox 837 874 1233 936; x_wconf 88' lang='lat' dir='ltr'><strong>Barbarorum</strong></span> <span class='ocrx_word' id='word_1_46' title='bbox 1269 875 1569 952; x_wconf 82' lang='lat' dir='ltr'><strong>chaganus</strong></span> <span class='ocrx_word' id='word_1_47' title='bbox 1596 893 1730 935; x_wconf 91' lang='lat' dir='ltr'><strong>cum</strong></span> <span class='ocrx_word' id='word_1_48' title='bbox 1763 875 1877 935; x_wconf 90' lang='lat' dir='ltr'><strong>alia</strong></span> <span class='ocrx_word' id='word_1_49' title='bbox 1903 882 1960 932; x_wconf 92' lang='lat' dir='ltr'><strong>et</strong></span> <span class='ocrx_word' id='word_1_50' title='bbox 1991 873 2138 935; x_wconf 89' lang='lat' dir='ltr'><strong>Bul-</strong></span> 
     </span>
    </p>
   </div>
   <div class='ocr_carea' id='block_1_10' title="bbox 479 962 2138 1044">
    <p class='ocr_par' dir='ltr' id='par_1_10' title="bbox 479 962 2138 1044">
     <span class='ocr_line' id='line_1_10' title="bbox 479 962 2138 1044; baseline -0.003 -19"><span class='ocrx_word' id='word_1_51' title='bbox 479 983 754 1044; x_wconf 78' lang='lat' dir='ltr'><strong>garorum</strong></span> <span class='ocrx_word' id='word_1_52' title='bbox 794 965 912 1041; x_wconf 75' lang='lat'><strong>(38)</strong></span> <span class='ocrx_word' id='word_1_53' title='bbox 946 972 1004 1024; x_wconf 85' lang='lat' dir='ltr'><strong>et</strong></span> <span class='ocrx_word' id='word_1_54' title='bbox 1056 964 1324 1024; x_wconf 88' lang='lat' dir='ltr'><strong>omnium</strong></span> <span class='ocrx_word' id='word_1_55' title='bbox 1363 964 1780 1043; x_wconf 56' lang='lat' dir='ltr'><strong>praedictarum</strong></span> <span class='ocrx_word' id='word_1_56' title='bbox 1831 962 2138 1022; x_wconf 79' lang='lat' dir='ltr'><strong>nationum</strong></span> 
     </span>
    </p>
   </div>
   <div class='ocr_carea' id='block_1_11' title="bbox 482 1050 2142 1119">
    <p class='ocr_par' dir='ltr' id='par_1_11' title="bbox 482 1050 2142 1119">
     <span class='ocr_line' id='line_1_11' title="bbox 482 1050 2142 1119; baseline -0.003 -4"><span class='ocrx_word' id='word_1_57' title='bbox 482 1054 862 1115; x_wconf 88' lang='lat' dir='ltr'><strong>multitudine</strong></span> <span class='ocrx_word' id='word_1_58' title='bbox 917 1053 1228 1114; x_wconf 72' lang='lat' dir='ltr'><strong>custodita:</strong></span> <span class='ocrx_word' id='word_1_59' title='bbox 1261 1051 1398 1114; x_wconf 86' lang='lat' dir='ltr'><strong>huic</strong></span> <span class='ocrx_word' id='word_1_60' title='bbox 1428 1071 1460 1112; x_wconf 93' lang='lat' dir='ltr'><strong>a</strong></span> <span class='ocrx_word' id='word_1_61' title='bbox 1502 1054 1724 1112; x_wconf 81' lang='lat' dir='ltr'><strong>Sancto</strong></span> <span class='ocrx_word' id='word_1_62' title='bbox 1756 1050 2000 1119; x_wconf 69' lang='lat' dir='ltr'><strong>cititati,</strong></span> <span class='ocrx_word' id='word_1_63' title='bbox 2041 1069 2142 1110; x_wconf 89' lang='lat' dir='ltr'><strong>ve—</strong></span> 
     </span>
    </p>
   </div>
   <div class='ocr_carea' id='block_1_12' title="bbox 482 1139 2147 1223">
    <p class='ocr_par' dir='ltr' id='par_1_12' title="bbox 482 1139 2147 1223">
     <span class='ocr_line' id='line_1_12' title="bbox 482 1139 2147 1223; baseline -0.004 -19"><span class='ocrx_word' id='word_1_64' title='bbox 482 1143 566 1204; x_wconf 91' lang='lat' dir='ltr'><strong>lut</strong></span> <span class='ocrx_word' id='word_1_65' title='bbox 601 1143 859 1223; x_wconf 81' lang='lat' dir='ltr'><strong>procella</strong></span> <span class='ocrx_word' id='word_1_66' title='bbox 892 1142 1246 1215; x_wconf 83' lang='lat' dir='ltr'><strong>hiberna,ex</strong></span> <span class='ocrx_word' id='word_1_67' title='bbox 1274 1141 1549 1202; x_wconf 83' lang='lat' dir='ltr'><strong>universa</strong></span> <span class='ocrx_word' id='word_1_68' title='bbox 1575 1139 1940 1201; x_wconf 84' lang='lat' dir='ltr'><strong>continentis</strong></span> <span class='ocrx_word' id='word_1_69' title='bbox 1974 1139 2147 1219; x_wconf 82' lang='lat' dir='ltr'><strong>plaga</strong></span> 
     </span>
    </p>
   </div>
   <div class='ocr_carea' id='block_1_13' title="bbox 479 1229 2137 1310">
    <p class='ocr_par' dir='ltr' id='par_1_13' title="bbox 479 1229 2137 1310">
     <span class='ocr_line' id='line_1_13' title="bbox 479 1229 2137 1310; baseline -0.004 -18"><span class='ocrx_word' id='word_1_70' title='bbox 479 1231 551 1292; x_wconf 83' lang='lat' dir='ltr'><strong>ad</strong></span> <span class='ocrx_word' id='word_1_71' title='bbox 605 1231 822 1294; x_wconf 63' lang='lat' dir='ltr'><strong>muenia</strong></span> <span class='ocrx_word' id='word_1_72' title='bbox 869 1231 1176 1310; x_wconf 87' lang='lat' dir='ltr'><strong>applicuit,</strong></span> <span class='ocrx_word' id='word_1_73' title='bbox 1215 1232 1556 1292; x_wconf 90' lang='lat' dir='ltr'><strong>universam</strong></span> <span class='ocrx_word' id='word_1_74' title='bbox 1612 1231 1786 1290; x_wconf 87' lang='lat' dir='ltr'><strong>etiam</strong></span> <span class='ocrx_word' id='word_1_75' title='bbox 1842 1229 2137 1290; x_wconf 89' lang='lat' dir='ltr'><strong>civitatem</strong></span> 
     </span>
    </p>
   </div>
   <div class='ocr_carea' id='block_1_14' title="bbox 479 1319 2143 1400">
    <p class='ocr_par' dir='ltr' id='par_1_14' title="bbox 479 1319 2143 1400">
     <span class='ocr_line' id='line_1_14' title="bbox 479 1319 2143 1400; baseline -0.004 -17"><span class='ocrx_word' id='word_1_76' title='bbox 479 1323 883 1400; x_wconf 88' lang='lat' dir='ltr'><strong>circumdans,</strong></span> <span class='ocrx_word' id='word_1_77' title='bbox 920 1327 996 1381; x_wconf 86' lang='lat' dir='ltr'><strong>ita</strong></span> <span class='ocrx_word' id='word_1_78' title='bbox 1047 1329 1109 1380; x_wconf 91' lang='lat' dir='ltr'><strong>ut</strong></span> <span class='ocrx_word' id='word_1_79' title='bbox 1163 1339 1343 1380; x_wconf 91' lang='lat' dir='ltr'><strong>unum</strong></span> <span class='ocrx_word' id='word_1_80' title='bbox 1407 1320 1694 1380; x_wconf 76' lang='lat' dir='ltr'><strong>duntaxat</strong></span> <span class='ocrx_word' id='word_1_81' title='bbox 1746 1319 2143 1397; x_wconf 84' lang='lat' dir='ltr'><strong>undequaque</strong></span> 
     </span>
    </p>
   </div>
   <div class='ocr_carea' id='block_1_15' title="bbox 481 1406 2143 1488">
    <p class='ocr_par' dir='ltr' id='par_1_15' title="bbox 481 1406 2143 1488">
     <span class='ocr_line' id='line_1_15' title="bbox 481 1406 2143 1488; baseline -0.003 -17"><span class='ocrx_word' id='word_1_82' title='bbox 481 1416 1044 1488; x_wconf 87' lang='lat' dir='ltr'><strong>caputcerneretur,</strong></span> <span class='ocrx_word' id='word_1_83' title='bbox 1067 1426 1178 1470; x_wconf 89' lang='lat' dir='ltr'><strong>nec</strong></span> <span class='ocrx_word' id='word_1_84' title='bbox 1197 1417 1353 1468; x_wconf 89' lang='lat' dir='ltr'><strong>terra</strong></span> <span class='ocrx_word' id='word_1_85' title='bbox 1380 1408 1708 1469; x_wconf 87' lang='lat' dir='ltr'><strong>invasionis</strong></span> <span class='ocrx_word' id='word_1_86' title='bbox 1735 1425 1944 1467; x_wconf 90' lang='lat' dir='ltr'><strong>eorum</strong></span> <span class='ocrx_word' id='word_1_87' title='bbox 1983 1406 2143 1466; x_wconf 92' lang='lat' dir='ltr'><strong>mul-</strong></span> 
     </span>
    </p>
   </div>
   <div class='ocr_carea' id='block_1_16' title="bbox 486 1497 2148 1577">
    <p class='ocr_par' dir='ltr' id='par_1_16' title="bbox 486 1497 2148 1577">
     <span class='ocr_line' id='line_1_16' title="bbox 486 1497 2148 1577; baseline -0.004 -16"><span class='ocrx_word' id='word_1_88' title='bbox 486 1499 804 1562; x_wconf 88' lang='lat' dir='ltr'><strong>titudinem</strong></span> <span class='ocrx_word' id='word_1_89' title='bbox 838 1499 1159 1577; x_wconf 80' lang='lat' dir='ltr'><strong>ferret,uec</strong></span> <span class='ocrx_word' id='word_1_90' title='bbox 1180 1498 1424 1570; x_wconf 86' lang='lat' dir='ltr'><strong>cibaria,</strong></span> <span class='ocrx_word' id='word_1_91' title='bbox 1451 1497 1540 1556; x_wconf 87' lang='lat' dir='ltr'><strong>vel</strong></span> <span class='ocrx_word' id='word_1_92' title='bbox 1568 1515 1772 1556; x_wconf 90' lang='lat' dir='ltr'><strong>eorum</strong></span> <span class='ocrx_word' id='word_1_93' title='bbox 1807 1498 1908 1572; x_wconf 92' lang='lat' dir='ltr'><strong>qui</strong></span> <span class='ocrx_word' id='word_1_94' title='bbox 1943 1497 1999 1556; x_wconf 89' lang='lat' dir='ltr'><strong>in</strong></span> <span class='ocrx_word' id='word_1_95' title='bbox 2036 1500 2148 1556; x_wconf 87' lang='lat' dir='ltr'><strong>cir-</strong></span> 
     </span>
    </p>
   </div>
   <div class='ocr_carea' id='block_1_17' title="bbox 2221 603 3852 686">
    <p class='ocr_par' dir='ltr' id='par_1_17' title="bbox 2221 603 3852 686">
     <span class='ocr_line' id='line_1_17' title="bbox 2221 603 3852 686; baseline 0.002 -26"><span class='ocrx_word' id='word_1_96' title='bbox 2221 605 2547 682; x_wconf 84' lang='grc' dir='ltr'>ἆντιμαχίαν</span> <span class='ocrx_word' id='word_1_97' title='bbox 2612 606 3023 678; x_wconf 69' lang='grc' dir='ltr'>εὖτρεπιζὸντων</span> <span class='ocrx_word' id='word_1_98' title='bbox 3094 603 3213 678; x_wconf 90' lang='grc' dir='ltr'>μετ’</span> <span class='ocrx_word' id='word_1_99' title='bbox 3277 605 3458 684; x_wconf 78' lang='grc' dir='ltr'><strong>ὀλίγας</strong></span> <span class='ocrx_word' id='word_1_100' title='bbox 3519 607 3717 686; x_wconf 81' lang='grc' dir='ltr'>ἡμέρας</span> <span class='ocrx_word' id='word_1_101' title='bbox 3773 611 3852 664; x_wconf 85' lang='grc' dir='ltr'><strong>καὶ</strong></span> 
     </span>
    </p>
   </div>
   <div class='ocr_carea' id='block_1_18' title="bbox 2221 693 3853 776">
    <p class='ocr_par' dir='ltr' id='par_1_18' title="bbox 2221 693 3853 776">
     <span class='ocr_line' id='line_1_18' title="bbox 2221 693 3853 776; baseline -0.004 -28"><span class='ocrx_word' id='word_1_102' title='bbox 2221 695 2377 754; x_wconf 70' lang='grc' dir='ltr'>αὒτὸς</span> <span class='ocrx_word' id='word_1_103' title='bbox 2439 697 2465 748; x_wconf 85' lang='grc' dir='ltr'>ὁ</span> <span class='ocrx_word' id='word_1_104' title='bbox 2524 700 2629 748; x_wconf 88' lang='grc' dir='ltr'><strong>τῶν</strong></span> <span class='ocrx_word' id='word_1_105' title='bbox 2687 693 2963 772; x_wconf 69' lang='grc' dir='ltr'>βαρϐάρων</span> <span class='ocrx_word' id='word_1_106' title='bbox 3021 696 3261 774; x_wconf 74' lang='grc' dir='ltr'>χᾶγανος</span> <span class='ocrx_word' id='word_1_107' title='bbox 3331 699 3466 770; x_wconf 78' lang='grc' dir='ltr'>μετέ</span> <span class='ocrx_word' id='word_1_108' title='bbox 3520 707 3612 755; x_wconf 71' lang='grc' dir='ltr'><strong>τοῦ</strong></span> <span class='ocrx_word' id='word_1_109' title='bbox 3690 699 3853 776; x_wconf 71' lang='grc' dir='ltr'>ἑτέρου</span> 
     </span>
    </p>
   </div>
   <div class='ocr_carea' id='block_1_19' title="bbox 2221 781 3856 864">
    <p class='ocr_par' dir='ltr' id='par_1_19' title="bbox 2221 781 3856 864">
     <span class='ocr_line' id='line_1_19' title="bbox 2221 781 3856 864; baseline 0.001 -27"><span class='ocrx_word' id='word_1_110' title='bbox 2221 781 2459 850; x_wconf 78' lang='grc' dir='ltr'><strong>πλήθους</strong></span> <span class='ocrx_word' id='word_1_111' title='bbox 2515 787 2622 837; x_wconf 88' lang='grc' dir='ltr'><strong>τῶν</strong></span> <span class='ocrx_word' id='word_1_112' title='bbox 2651 803 2708 838; x_wconf 90' lang='grc' dir='ltr'><strong>τε</strong></span> <span class='ocrx_word' id='word_1_113' title='bbox 2767 783 3079 860; x_wconf 70' lang='grc' dir='ltr'>Βουλγάρων</span> <span class='ocrx_word' id='word_1_114' title='bbox 3129 785 3215 838; x_wconf 76' lang='grc' dir='ltr'><strong>καὶ</strong></span> <span class='ocrx_word' id='word_1_115' title='bbox 3272 791 3379 839; x_wconf 81' lang='grc' dir='ltr'><strong>τῶν</strong></span> <span class='ocrx_word' id='word_1_116' title='bbox 3433 785 3856 864; x_wconf 78' lang='grc' dir='ltr'><strong>προλελεγμένων</strong></span> 
     </span>
    </p>
   </div>
   <div class='ocr_carea' id='block_1_20' title="bbox 2223 871 3856 953">
    <p class='ocr_par' dir='ltr' id='par_1_20' title="bbox 2223 871 3856 953">
     <span class='ocr_line' id='line_1_20' title="bbox 2223 871 3856 953; baseline 0.002 -26"><span class='ocrx_word' id='word_1_117' title='bbox 2223 872 2434 928; x_wconf 83' lang='grc' dir='ltr'>πάντων</span> <span class='ocrx_word' id='word_1_118' title='bbox 2487 873 2668 943; x_wconf 78' lang='grc' dir='ltr'>ἐθνῶν,</span> <span class='ocrx_word' id='word_1_119' title='bbox 2707 873 2941 949; x_wconf 74' lang='grc' dir='ltr'>καθάπερ</span> <span class='ocrx_word' id='word_1_120' title='bbox 2989 871 3196 946; x_wconf 76' lang='grc' dir='ltr'>λαῖλαψ</span> <span class='ocrx_word' id='word_1_121' title='bbox 3251 877 3558 953; x_wconf 76' lang='grc' dir='ltr'><strong>χειμερινὴ,</strong></span> <span class='ocrx_word' id='word_1_122' title='bbox 3591 882 3658 950; x_wconf 80' lang='grc' dir='ltr'><strong>τῇ</strong></span> <span class='ocrx_word' id='word_1_123' title='bbox 3713 878 3856 952; x_wconf 78' lang='grc' dir='ltr'>ἅγιο-</span> 
     </span>
    </p>
   </div>
   <div class='ocr_carea' id='block_1_21' title="bbox 2224 961 3859 1043">
    <p class='ocr_par' dir='ltr' id='par_1_21' title="bbox 2224 961 3859 1043">
     <span class='ocr_line' id='line_1_21' title="bbox 2224 961 3859 1043; baseline 0.002 -27"><span class='ocrx_word' id='word_1_124' title='bbox 2224 961 2474 1033; x_wconf 76' lang='grc' dir='ltr'>φυλακτῳ</span> <span class='ocrx_word' id='word_1_125' title='bbox 2514 963 2678 1035; x_wconf 83' lang='grc' dir='ltr'>ταύτῃ</span> <span class='ocrx_word' id='word_1_126' title='bbox 2713 961 2864 1017; x_wconf 83' lang='grc' dir='ltr'>πόλει</span> <span class='ocrx_word' id='word_1_127' title='bbox 2909 961 2993 1018; x_wconf 78' lang='grc' dir='ltr'><strong>διὰ</strong></span> <span class='ocrx_word' id='word_1_128' title='bbox 3044 963 3220 1028; x_wconf 78' lang='grc' dir='ltr'>πάσης</span> <span class='ocrx_word' id='word_1_129' title='bbox 3269 968 3368 1028; x_wconf 79' lang='grc' dir='ltr'>τῆς</span> <span class='ocrx_word' id='word_1_130' title='bbox 3398 965 3653 1043; x_wconf 83' lang='grc' dir='ltr'>χερσαίας</span> <span class='ocrx_word' id='word_1_131' title='bbox 3703 987 3859 1042; x_wconf 83' lang='grc' dir='ltr'>προσ-</span> 
     </span>
    </p>
   </div>
   <div class='ocr_carea' id='block_1_22' title="bbox 2228 1051 3856 1130">
    <p class='ocr_par' dir='ltr' id='par_1_22' title="bbox 2228 1051 3856 1130">
     <span class='ocr_line' id='line_1_22' title="bbox 2228 1051 3856 1130; baseline 0.001 -24"><span class='ocrx_word' id='word_1_132' title='bbox 2228 1055 2336 1124; x_wconf 70' lang='grc' dir='ltr'>ῆψε</span> <span class='ocrx_word' id='word_1_133' title='bbox 2379 1058 2455 1123; x_wconf 84' lang='grc' dir='ltr'>τῷ</span> <span class='ocrx_word' id='word_1_134' title='bbox 2483 1053 2678 1128; x_wconf 79' lang='grc' dir='ltr'>τείχει,</span> <span class='ocrx_word' id='word_1_135' title='bbox 2714 1053 2800 1105; x_wconf 77' lang='grc' dir='ltr'><strong>καὶ</strong></span> <span class='ocrx_word' id='word_1_136' title='bbox 2855 1053 3262 1130; x_wconf 80' lang='grc' dir='ltr'>περιστοιχίσας</span> <span class='ocrx_word' id='word_1_137' title='bbox 3316 1051 3522 1110; x_wconf 73' lang='grc' dir='ltr'>ἅπασαν</span> <span class='ocrx_word' id='word_1_138' title='bbox 3567 1055 3664 1120; x_wconf 76' lang='grc' dir='ltr'><strong>τὴν</strong></span> <span class='ocrx_word' id='word_1_139' title='bbox 3694 1054 3856 1127; x_wconf 77' lang='grc' dir='ltr'>πόλιν,</span> 
     </span>
    </p>
   </div>
   <div class='ocr_carea' id='block_1_23' title="bbox 2229 1141 3859 1223">
    <p class='ocr_par' dir='ltr' id='par_1_23' title="bbox 2229 1141 3859 1223">
     <span class='ocr_line' id='line_1_23' title="bbox 2229 1141 3859 1223; baseline 0.006 -33"><span class='ocrx_word' id='word_1_140' title='bbox 2229 1142 2300 1204; x_wconf 80' lang='grc' dir='ltr'>ὡς</span> <span class='ocrx_word' id='word_1_141' title='bbox 2359 1141 2481 1211; x_wconf 75' lang='grc' dir='ltr'>μίαν</span> <span class='ocrx_word' id='word_1_142' title='bbox 2540 1143 2759 1215; x_wconf 72' lang='grc' dir='ltr'>ὁρᾶσθαι</span> <span class='ocrx_word' id='word_1_143' title='bbox 2809 1143 3129 1196; x_wconf 75' lang='grc' dir='ltr'>ἒκττάντοθεν</span> <span class='ocrx_word' id='word_1_144' title='bbox 3189 1143 3284 1207; x_wconf 74' lang='grc' dir='ltr'>τὴν</span> <span class='ocrx_word' id='word_1_145' title='bbox 3350 1154 3561 1198; x_wconf 82' lang='grc' dir='ltr'>πάντων</span> <span class='ocrx_word' id='word_1_146' title='bbox 3616 1142 3859 1223; x_wconf 75' lang='grc' dir='ltr'>κεφαλὴν,</span> 
     </span>
    </p>
   </div>
   <div class='ocr_carea' id='block_1_24' title="bbox 2227 1227 3862 1308">
    <p class='ocr_par' dir='ltr' id='par_1_24' title="bbox 2227 1227 3862 1308">
     <span class='ocr_line' id='line_1_24' title="bbox 2227 1227 3862 1308; baseline 0.002 -25"><span class='ocrx_word' id='word_1_147' title='bbox 2227 1230 2314 1284; x_wconf 84' lang='grc' dir='ltr'><strong>καὶ</strong></span> <span class='ocrx_word' id='word_1_148' title='bbox 2382 1227 2517 1300; x_wconf 77' lang='grc' dir='ltr'>μηδέ</span> <span class='ocrx_word' id='word_1_149' title='bbox 2578 1230 2674 1294; x_wconf 57' lang='grc' dir='ltr'>τὴν</span> <span class='ocrx_word' id='word_1_150' title='bbox 2728 1233 2827 1304; x_wconf 73' lang='grc' dir='ltr'>γήν</span> <span class='ocrx_word' id='word_1_151' title='bbox 2876 1231 3153 1308; x_wconf 63' lang='grc' dir='ltr'>ὑποφέρειν</span> <span class='ocrx_word' id='word_1_152' title='bbox 3199 1230 3295 1295; x_wconf 72' lang='grc' dir='ltr'><strong>τῆς</strong></span> <span class='ocrx_word' id='word_1_153' title='bbox 3358 1231 3528 1286; x_wconf 76' lang='grc' dir='ltr'>αὒτῶν</span> <span class='ocrx_word' id='word_1_154' title='bbox 3583 1230 3862 1295; x_wconf 69' lang='grc' dir='ltr'>ἐπιθέσεως</span> 
     </span>
    </p>
   </div>
   <div class='ocr_carea' id='block_1_25' title="bbox 2224 1318 3863 1400">
    <p class='ocr_par' dir='ltr' id='par_1_25' title="bbox 2224 1318 3863 1400">
     <span class='ocr_line' id='line_1_25' title="bbox 2224 1318 3863 1400; baseline 0.002 -28"><span class='ocrx_word' id='word_1_155' title='bbox 2224 1321 2324 1378; x_wconf 71' lang='grc' dir='ltr'><strong>τὴν</strong></span> <span class='ocrx_word' id='word_1_156' title='bbox 2370 1318 2597 1390; x_wconf 77' lang='grc' dir='ltr'>πληθὺν,</span> <span class='ocrx_word' id='word_1_157' title='bbox 2652 1318 2785 1388; x_wconf 72' lang='grc' dir='ltr'>μηδὲ</span> <span class='ocrx_word' id='word_1_158' title='bbox 2849 1319 3134 1394; x_wconf 75' lang='grc' dir='ltr'>αὖταρκεῖν</span> <span class='ocrx_word' id='word_1_159' title='bbox 3219 1321 3317 1374; x_wconf 78' lang='grc' dir='ltr'><strong>τῶν</strong></span> <span class='ocrx_word' id='word_1_160' title='bbox 3374 1321 3622 1400; x_wconf 72' lang='grc' dir='ltr'>ἀγωγῶν,</span> <span class='ocrx_word' id='word_1_161' title='bbox 3671 1323 3704 1390; x_wconf 76' lang='grc' dir='ltr'><strong>ἢ</strong></span> <span class='ocrx_word' id='word_1_162' title='bbox 3770 1323 3863 1378; x_wconf 70' lang='grc' dir='ltr'><strong>τῶδ</strong></span> 
     </span>
    </p>
   </div>
   <div class='ocr_carea' id='block_1_26' title="bbox 2228 1407 3864 1488">
    <p class='ocr_par' dir='ltr' id='par_1_26' title="bbox 2228 1407 3864 1488">
     <span class='ocr_line' id='line_1_26' title="bbox 2228 1407 3864 1488; baseline 0.002 -26"><span class='ocrx_word' id='word_1_163' title='bbox 2228 1409 2468 1484; x_wconf 73' lang='grc' dir='ltr'>φρεάτων</span> <span class='ocrx_word' id='word_1_164' title='bbox 2501 1409 2563 1461; x_wconf 75' lang='grc' dir='ltr'><strong>τὰ</strong></span> <span class='ocrx_word' id='word_1_165' title='bbox 2613 1407 2774 1462; x_wconf 61' lang='grc' dir='ltr'>ὕδατα</span> <span class='ocrx_word' id='word_1_166' title='bbox 2808 1416 2938 1483; x_wconf 78' lang='grc' dir='ltr'>πρὸς</span> <span class='ocrx_word' id='word_1_167' title='bbox 2995 1410 3092 1475; x_wconf 72' lang='grc' dir='ltr'>τὴν</span> <span class='ocrx_word' id='word_1_168' title='bbox 3149 1411 3349 1464; x_wconf 81' lang='grc' dir='ltr'>τούτων</span> <span class='ocrx_word' id='word_1_169' title='bbox 3397 1412 3482 1466; x_wconf 83' lang='grc' dir='ltr'><strong>καὶ</strong></span> <span class='ocrx_word' id='word_1_170' title='bbox 3513 1418 3619 1466; x_wconf 85' lang='grc' dir='ltr'><strong>τῶν</strong></span> <span class='ocrx_word' id='word_1_171' title='bbox 3672 1412 3864 1488; x_wconf 76' lang='grc' dir='ltr'>ἀλόγων</span> 
     </span>
    </p>
   </div>
   <div class='ocr_carea' id='block_1_27' title="bbox 2230 1496 2890 1566">
    <p class='ocr_par' dir='ltr' id='par_1_27' title="bbox 2230 1496 2890 1566">
     <span class='ocr_line' id='line_1_27' title="bbox 2230 1496 2890 1566; baseline -0.003 -15"><span class='ocrx_word' id='word_1_172' title='bbox 2230 1498 2380 1566; x_wconf 86' lang='grc' dir='ltr'>ζώων</span> <span class='ocrx_word' id='word_1_173' title='bbox 2413 1496 2584 1552; x_wconf 70' lang='grc' dir='ltr'>αὖτῶν</span> <span class='ocrx_word' id='word_1_174' title='bbox 2629 1496 2890 1563; x_wconf 65' lang='grc' dir='ltr'>δαπάνην,</span> 
     </span>
    </p>
   </div>
   <div class='ocr_carea' id='block_1_28' title="bbox 484 1585 3866 1667">
    <p class='ocr_par' dir='ltr' id='par_1_28' title="bbox 484 1585 3866 1667">
     <span class='ocr_line' id='line_1_28' title="bbox 484 1585 3866 1667; baseline 0.001 -22"><span class='ocrx_word' id='word_1_175' title='bbox 484 1589 641 1649; x_wconf 76' lang='lat' dir='ltr'><strong>euitu</strong></span> <span class='ocrx_word' id='word_1_176' title='bbox 676 1597 838 1661; x_wconf 89' lang='lat' dir='ltr'><strong>sunt,</strong></span> <span class='ocrx_word' id='word_1_177' title='bbox 875 1587 1188 1648; x_wconf 83' lang='lat' dir='ltr'><strong>ﬂuviorum</strong></span> <span class='ocrx_word' id='word_1_178' title='bbox 1245 1596 1344 1646; x_wconf 92' lang='lat' dir='ltr'><strong>aut</strong></span> <span class='ocrx_word' id='word_1_179' title='bbox 1375 1598 1685 1667; x_wconf 78' lang='lat' dir='ltr'><strong>puteorum</strong></span> <span class='ocrx_word' id='word_1_180' title='bbox 1742 1604 1913 1666; x_wconf 64' lang='lat' dir='ltr'><strong>aqua;</strong></span> <span class='ocrx_word' id='word_1_181' title='bbox 1945 1585 2147 1645; x_wconf 86' lang='lat' dir='ltr'><strong>usibus</strong></span> <span class='ocrx_word' id='word_1_182' title='bbox 2179 1602 2384 1645; x_wconf 88' lang='lat' dir='ltr'><strong>eorum</strong></span> <span class='ocrx_word' id='word_1_183' title='bbox 2440 1594 2617 1660; x_wconf 90' lang='lat' dir='ltr'><strong>atque</strong></span> <span class='ocrx_word' id='word_1_184' title='bbox 2648 1585 2997 1646; x_wconf 92' lang='lat' dir='ltr'><strong>eorumdem</strong></span> <span class='ocrx_word' id='word_1_185' title='bbox 3049 1587 3400 1649; x_wconf 88' lang='lat' dir='ltr'><strong>animalium</strong></span> <span class='ocrx_word' id='word_1_186' title='bbox 3446 1589 3866 1650; x_wconf 89' lang='lat' dir='ltr'><strong>irrationalium</strong></span> 
     </span>
    </p>
   </div>
   <div class='ocr_carea' id='block_1_29' title="bbox 487 1679 853 1741">
    <p class='ocr_par' dir='ltr' id='par_1_29' title="bbox 487 1679 853 1741">
     <span class='ocr_line' id='line_1_29' title="bbox 487 1679 853 1741; baseline 0.008 -3"><span class='ocrx_word' id='word_1_187' title='bbox 487 1679 853 1741; x_wconf 80' lang='lat' dir='ltr'><strong>sufﬁcerent.</strong></span> 
     </span>
    </p>
   </div>
   <div class='ocr_carea' id='block_1_30' title="bbox 571 1818 2209 1902">
    <p class='ocr_par' dir='ltr' id='par_1_30' title="bbox 571 1818 2209 1902">
     <span class='ocr_line' id='line_1_30' title="bbox 571 1818 2209 1902; baseline -0.005 -21"><span class='ocrx_word' id='word_1_188' title='bbox 571 1822 710 1884; x_wconf 69' lang='grc'><strong>172.</strong></span> <span class='ocrx_word' id='word_1_189' title='bbox 736 1823 924 1895; x_wconf 84' lang='grc' dir='ltr'>Τυηο,</span> <span class='ocrx_word' id='word_1_190' title='bbox 955 1821 1054 1902; x_wconf 90' lang='lat' dir='ltr'><strong>qui</strong></span> <span class='ocrx_word' id='word_1_191' title='bbox 1087 1820 1338 1882; x_wconf 85' lang='lat' dir='ltr'><strong>civitatis</strong></span> <span class='ocrx_word' id='word_1_192' title='bbox 1373 1827 1564 1893; x_wconf 87' lang='lat' dir='ltr'><strong>erant,</strong></span> <span class='ocrx_word' id='word_1_193' title='bbox 1592 1818 1990 1880; x_wconf 87' lang='lat' dir='ltr'><strong>Barbarorum</strong></span> <span class='ocrx_word' id='word_1_194' title='bbox 2024 1835 2145 1876; x_wconf 88' lang='lat' dir='ltr'><strong>om-</strong></span> <span class='ocrx_word' id='word_1_195' title='bbox 2174 1824 2209 1872; x_wconf 88' lang='grc' dir='ltr'><strong>Β</strong></span> 
     </span>
    </p>
   </div>
   <div class='ocr_carea' id='block_1_31' title="bbox 493 1907 2153 1990">
    <p class='ocr_par' dir='ltr' id='par_1_31' title="bbox 493 1907 2153 1990">
     <span class='ocr_line' id='line_1_31' title="bbox 493 1907 2153 1990; baseline -0.002 -20"><span class='ocrx_word' id='word_1_196' title='bbox 493 1928 629 1970; x_wconf 92' lang='lat' dir='ltr'><strong>nem</strong></span> <span class='ocrx_word' id='word_1_197' title='bbox 691 1910 1132 1972; x_wconf 86' lang='lat' dir='ltr'><strong>multitudinem</strong></span> <span class='ocrx_word' id='word_1_198' title='bbox 1169 1908 1729 1990; x_wconf 84' lang='lat' dir='ltr'><strong>incomparabilem,</strong></span> <span class='ocrx_word' id='word_1_199' title='bbox 1766 1908 1923 1969; x_wconf 80' lang='lat' dir='ltr'><strong>ferro</strong></span> <span class='ocrx_word' id='word_1_200' title='bbox 1957 1907 2153 1967; x_wconf 85' lang='lat' dir='ltr'><strong>muni-</strong></span> 
     </span>
    </p>
   </div>
   <div class='ocr_carea' id='block_1_32' title="bbox 491 1997 2150 2080">
    <p class='ocr_par' dir='ltr' id='par_1_32' title="bbox 491 1997 2150 2080">
     <span class='ocr_line' id='line_1_32' title="bbox 491 1997 2150 2080; baseline -0.003 -18"><span class='ocrx_word' id='word_1_201' title='bbox 491 2009 636 2072; x_wconf 86' lang='lat' dir='ltr'><strong>tam,</strong></span> <span class='ocrx_word' id='word_1_202' title='bbox 665 1999 1236 2080; x_wconf 87' lang='lat' dir='ltr'><strong>petrobolorumque</strong></span> <span class='ocrx_word' id='word_1_203' title='bbox 1252 1999 1324 2060; x_wconf 86' lang='lat' dir='ltr'><strong>ad</strong></span> <span class='ocrx_word' id='word_1_204' title='bbox 1359 1999 1577 2060; x_wconf 66' lang='lat' dir='ltr'><strong>caelum</strong></span> <span class='ocrx_word' id='word_1_205' title='bbox 1614 2017 1799 2079; x_wconf 91' lang='lat' dir='ltr'><strong>usque</strong></span> <span class='ocrx_word' id='word_1_206' title='bbox 1833 1997 2150 2077; x_wconf 86' lang='lat' dir='ltr'><strong>undequa-</strong></span> 
     </span>
    </p>
   </div>
   <div class='ocr_carea' id='block_1_33' title="bbox 491 2087 2153 2168">
    <p class='ocr_par' dir='ltr' id='par_1_33' title="bbox 491 2087 2153 2168">
     <span class='ocr_line' id='line_1_33' title="bbox 491 2087 2153 2168; baseline -0.002 -18"><span class='ocrx_word' id='word_1_207' title='bbox 491 2109 612 2168; x_wconf 90' lang='lat' dir='ltr'><strong>que</strong></span> <span class='ocrx_word' id='word_1_208' title='bbox 646 2089 987 2161; x_wconf 81' lang='lat' dir='ltr'><strong>sublimem,</strong></span> <span class='ocrx_word' id='word_1_209' title='bbox 1029 2089 1104 2149; x_wconf 91' lang='lat' dir='ltr'><strong>ita</strong></span> <span class='ocrx_word' id='word_1_210' title='bbox 1161 2101 1223 2149; x_wconf 91' lang='lat' dir='ltr'><strong>ut</strong></span> <span class='ocrx_word' id='word_1_211' title='bbox 1255 2089 1502 2150; x_wconf 87' lang='lat' dir='ltr'><strong>altitudo</strong></span> <span class='ocrx_word' id='word_1_212' title='bbox 1555 2087 1912 2149; x_wconf 91' lang='lat' dir='ltr'><strong>interiorum</strong></span> <span class='ocrx_word' id='word_1_213' title='bbox 1949 2105 2153 2147; x_wconf 84' lang='lat' dir='ltr'><strong>muro-</strong></span> 
     </span>
    </p>
   </div>
   <div class='ocr_carea' id='block_1_34' title="bbox 495 2174 2154 2258">
    <p class='ocr_par' dir='ltr' id='par_1_34' title="bbox 495 2174 2154 2258">
     <span class='ocr_line' id='line_1_34' title="bbox 495 2174 2154 2258; baseline -0.004 -18"><span class='ocrx_word' id='word_1_214' title='bbox 495 2195 628 2240; x_wconf 85' lang='lat' dir='ltr'><strong>rum</strong></span> <span class='ocrx_word' id='word_1_215' title='bbox 664 2177 879 2257; x_wconf 87' lang='lat' dir='ltr'><strong>pinnas</strong></span> <span class='ocrx_word' id='word_1_216' title='bbox 921 2186 1260 2258; x_wconf 82' lang='lat' dir='ltr'><strong>superaret,</strong></span> <span class='ocrx_word' id='word_1_217' title='bbox 1293 2175 1624 2257; x_wconf 85' lang='lat' dir='ltr'><strong>apparitqu</strong></span> <span class='ocrx_word' id='word_1_218' title='bbox 1672 2175 1972 2252; x_wconf 83' lang='lat' dir='ltr'><strong>viderunt;</strong></span> <span class='ocrx_word' id='word_1_219' title='bbox 2005 2174 2154 2234; x_wconf 89' lang='lat' dir='ltr'><strong>alios</strong></span> 
     </span>
    </p>
   </div>
   <div class='ocr_carea' id='block_1_35' title="bbox 497 2264 2150 2349">
    <p class='ocr_par' dir='ltr' id='par_1_35' title="bbox 497 2264 2150 2349">
     <span class='ocr_line' id='line_1_35' title="bbox 497 2264 2150 2349; baseline -0.002 -21"><span class='ocrx_word' id='word_1_220' title='bbox 497 2266 738 2349; x_wconf 90' lang='lat' dir='ltr'><strong>quidem</strong></span> <span class='ocrx_word' id='word_1_221' title='bbox 775 2268 897 2346; x_wconf 87' lang='lat' dir='ltr'><strong>qui,</strong></span> <span class='ocrx_word' id='word_1_222' title='bbox 936 2279 997 2327; x_wconf 91' lang='lat' dir='ltr'><strong>ut</strong></span> <span class='ocrx_word' id='word_1_223' title='bbox 1028 2277 1334 2342; x_wconf 89' lang='lat' dir='ltr'><strong>vocantur,</strong></span> <span class='ocrx_word' id='word_1_224' title='bbox 1369 2287 1400 2327; x_wconf 90' lang='lat' dir='ltr'><strong>e</strong></span> <span class='ocrx_word' id='word_1_225' title='bbox 1431 2264 1694 2326; x_wconf 89' lang='lat' dir='ltr'><strong>cratibus</strong></span> <span class='ocrx_word' id='word_1_226' title='bbox 1725 2265 2026 2344; x_wconf 79' lang='lat' dir='ltr'><strong>coriisque</strong></span> <span class='ocrx_word' id='word_1_227' title='bbox 2059 2273 2150 2324; x_wconf 90' lang='lat' dir='ltr'><strong>te-</strong></span> 
     </span>
    </p>
   </div>
   <div class='ocr_carea' id='block_1_36' title="bbox 495 2351 2152 2437">
    <p class='ocr_par' dir='ltr' id='par_1_36' title="bbox 495 2351 2152 2437">
     <span class='ocr_line' id='line_1_36' title="bbox 495 2351 2152 2437; baseline -0.002 -19"><span class='ocrx_word' id='word_1_228' title='bbox 495 2357 787 2437; x_wconf 89' lang='lat' dir='ltr'><strong>studines,</strong></span> <span class='ocrx_word' id='word_1_229' title='bbox 819 2357 968 2418; x_wconf 91' lang='lat' dir='ltr'><strong>alios</strong></span> <span class='ocrx_word' id='word_1_230' title='bbox 1002 2358 1098 2437; x_wconf 94' lang='lat' dir='ltr'><strong>qui</strong></span> <span class='ocrx_word' id='word_1_231' title='bbox 1133 2366 1339 2416; x_wconf 87' lang='lat' dir='ltr'><strong>contra</strong></span> <span class='ocrx_word' id='word_1_232' title='bbox 1370 2363 1568 2436; x_wconf 71' lang='lat' dir='ltr'><strong>portas</strong></span> <span class='ocrx_word' id='word_1_233' title='bbox 1599 2373 1631 2415; x_wconf 94' lang='lat' dir='ltr'><strong>e</strong></span> <span class='ocrx_word' id='word_1_234' title='bbox 1664 2354 1840 2432; x_wconf 82' lang='lat' dir='ltr'><strong>lignis</strong></span> <span class='ocrx_word' id='word_1_235' title='bbox 1876 2351 2152 2414; x_wconf 82' lang='lat' dir='ltr'><strong>maximis</strong></span> 
     </span>
    </p>
   </div>
   <div class='ocr_carea' id='block_1_37' title="bbox 493 2441 2151 2525">
    <p class='ocr_par' dir='ltr' id='par_1_37' title="bbox 493 2441 2151 2525">
     <span class='ocr_line' id='line_1_37' title="bbox 493 2441 2151 2525; baseline -0.004 -17"><span class='ocrx_word' id='word_1_236' title='bbox 493 2447 766 2525; x_wconf 80' lang='lat' dir='ltr'><strong>rmisque</strong></span> <span class='ocrx_word' id='word_1_237' title='bbox 796 2447 965 2507; x_wconf 82' lang='lat' dir='ltr'><strong>facile</strong></span> <span class='ocrx_word' id='word_1_238' title='bbox 999 2445 1378 2506; x_wconf 81' lang='lat' dir='ltr'><strong>versatilibus</strong></span> <span class='ocrx_word' id='word_1_239' title='bbox 1427 2445 1670 2516; x_wconf 85' lang='lat' dir='ltr'><strong>arietes,</strong></span> <span class='ocrx_word' id='word_1_240' title='bbox 1707 2443 1856 2503; x_wconf 88' lang='lat' dir='ltr'><strong>alios</strong></span> <span class='ocrx_word' id='word_1_241' title='bbox 1883 2461 2019 2503; x_wconf 90' lang='lat' dir='ltr'><strong>vero</strong></span> <span class='ocrx_word' id='word_1_242' title='bbox 2051 2441 2151 2521; x_wconf 92' lang='lat' dir='ltr'><strong>qui</strong></span> 
     </span>
    </p>
   </div>
   <div class='ocr_carea' id='block_1_38' title="bbox 498 2532 2154 2614">
    <p class='ocr_par' dir='ltr' id='par_1_38' title="bbox 498 2532 2154 2614">
     <span class='ocr_line' id='line_1_38' title="bbox 498 2532 2154 2614; baseline -0.002 -18"><span class='ocrx_word' id='word_1_243' title='bbox 498 2534 730 2614; x_wconf 84' lang='lat' dir='ltr'><strong>ligneas</strong></span> <span class='ocrx_word' id='word_1_244' title='bbox 767 2535 920 2596; x_wconf 91' lang='lat' dir='ltr'><strong>muri</strong></span> <span class='ocrx_word' id='word_1_245' title='bbox 950 2535 1328 2597; x_wconf 89' lang='lat' dir='ltr'><strong>altitudinem</strong></span> <span class='ocrx_word' id='word_1_246' title='bbox 1355 2553 1446 2596; x_wconf 69' lang='lat' dir='ltr'><strong>en</strong></span> <span class='ocrx_word' id='word_1_247' title='bbox 1467 2533 2036 2609; x_wconf 67' lang='lat' dir='ltr'><strong>edentes,aatateque</strong></span> <span class='ocrx_word' id='word_1_248' title='bbox 2063 2532 2154 2592; x_wconf 84' lang='lat' dir='ltr'><strong>lu-</strong></span> 
     </span>
    </p>
   </div>
   <div class='ocr_carea' id='block_1_39' title="bbox 499 2622 2155 2703">
    <p class='ocr_par' dir='ltr' id='par_1_39' title="bbox 499 2622 2155 2703">
     <span class='ocr_line' id='line_1_39' title="bbox 499 2622 2155 2703; baseline -0.003 -17"><span class='ocrx_word' id='word_1_249' title='bbox 499 2623 759 2686; x_wconf 80' lang='lat' dir='ltr'><strong>xurianti</strong></span> <span class='ocrx_word' id='word_1_250' title='bbox 785 2625 1107 2703; x_wconf 85' lang='lat' dir='ltr'><strong>juvenibus</strong></span> <span class='ocrx_word' id='word_1_251' title='bbox 1136 2623 1379 2685; x_wconf 88' lang='lat' dir='ltr'><strong>armatis</strong></span> <span class='ocrx_word' id='word_1_252' title='bbox 1410 2641 1643 2682; x_wconf 88' lang='lat' dir='ltr'><strong>sursum</strong></span> <span class='ocrx_word' id='word_1_253' title='bbox 1679 2622 1996 2682; x_wconf 89' lang='lat' dir='ltr'><strong>instructas</strong></span> <span class='ocrx_word' id='word_1_254' title='bbox 2029 2630 2155 2682; x_wconf 89' lang='lat' dir='ltr'><strong>tur-</strong></span> 
     </span>
    </p>
   </div>
   <div class='ocr_carea' id='block_1_40' title="bbox 499 2711 2154 2793">
    <p class='ocr_par' dir='ltr' id='par_1_40' title="bbox 499 2711 2154 2793">
     <span class='ocr_line' id='line_1_40' title="bbox 499 2711 2154 2793; baseline -0.002 -17"><span class='ocrx_word' id='word_1_255' title='bbox 499 2732 600 2776; x_wconf 86' lang='lat' dir='ltr'><strong>res</strong></span> <span class='ocrx_word' id='word_1_256' title='bbox 657 2713 1092 2793; x_wconf 70' lang='lat' dir='ltr'><strong>praaparabant,</strong></span> <span class='ocrx_word' id='word_1_257' title='bbox 1125 2713 1270 2773; x_wconf 89' lang='lat' dir='ltr'><strong>alios</strong></span> <span class='ocrx_word' id='word_1_258' title='bbox 1318 2730 1546 2789; x_wconf 89' lang='lat' dir='ltr'><strong>rursus,</strong></span> <span class='ocrx_word' id='word_1_259' title='bbox 1583 2711 1681 2792; x_wconf 89' lang='lat' dir='ltr'><strong>qui</strong></span> <span class='ocrx_word' id='word_1_260' title='bbox 1738 2720 1799 2770; x_wconf 94' lang='lat' dir='ltr'><strong>ut</strong></span> <span class='ocrx_word' id='word_1_261' title='bbox 1849 2720 2154 2790; x_wconf 88' lang='lat' dir='ltr'><strong>vocantur,</strong></span> 
     </span>
    </p>
   </div>
   <div class='ocr_carea' id='block_1_41' title="bbox 497 2797 2162 2882">
    <p class='ocr_par' dir='ltr' id='par_1_41' title="bbox 497 2797 2162 2882">
     <span class='ocr_line' id='line_1_41' title="bbox 497 2797 2162 2882; baseline -0.002 -18"><span class='ocrx_word' id='word_1_262' title='bbox 497 2803 697 2882; x_wconf 86' lang='lat' dir='ltr'><strong>jacula</strong></span> <span class='ocrx_word' id='word_1_263' title='bbox 723 2801 970 2862; x_wconf 87' lang='lat' dir='ltr'><strong>missilia</strong></span> <span class='ocrx_word' id='word_1_264' title='bbox 1005 2803 1158 2882; x_wconf 85' lang='lat'><strong>(39),</strong></span> <span class='ocrx_word' id='word_1_265' title='bbox 1183 2801 1330 2862; x_wconf 90' lang='lat' dir='ltr'><strong>alios</strong></span> <span class='ocrx_word' id='word_1_266' title='bbox 1354 2802 1458 2881; x_wconf 90' lang='lat' dir='ltr'><strong>qui</strong></span> <span class='ocrx_word' id='word_1_267' title='bbox 1490 2800 1678 2861; x_wconf 83' lang='lat' dir='ltr'><strong>scalas</strong></span> <span class='ocrx_word' id='word_1_268' title='bbox 1702 2799 1846 2860; x_wconf 91' lang='lat' dir='ltr'><strong>rotis</strong></span> <span class='ocrx_word' id='word_1_269' title='bbox 1876 2797 2162 2879; x_wconf 86' lang='lat' dir='ltr'><strong>subjectis</strong></span> 
     </span>
    </p>
   </div>
   <div class='ocr_carea' id='block_1_42' title="bbox 505 2887 2160 2970">
    <p class='ocr_par' dir='ltr' id='par_1_42' title="bbox 505 2887 2160 2970">
     <span class='ocr_line' id='line_1_42' title="bbox 505 2887 2160 2970; baseline -0.002 -18"><span class='ocrx_word' id='word_1_270' title='bbox 505 2891 761 2953; x_wconf 83' lang='lat' dir='ltr'><strong>mobiles</strong></span> <span class='ocrx_word' id='word_1_271' title='bbox 792 2891 1187 2964; x_wconf 85' lang='lat' dir='ltr'><strong>adducebant,</strong></span> <span class='ocrx_word' id='word_1_272' title='bbox 1216 2891 1366 2952; x_wconf 88' lang='lat' dir='ltr'><strong>alios</strong></span> <span class='ocrx_word' id='word_1_273' title='bbox 1388 2890 1486 2970; x_wconf 93' lang='lat' dir='ltr'><strong>qui</strong></span> <span class='ocrx_word' id='word_1_274' title='bbox 1508 2889 1813 2950; x_wconf 89' lang='lat' dir='ltr'><strong>machinas</strong></span> <span class='ocrx_word' id='word_1_275' title='bbox 1834 2887 2160 2950; x_wconf 88' lang='lat' dir='ltr'><strong>candentes</strong></span> 
     </span>
    </p>
   </div>
   <div class='ocr_carea' id='block_1_43' title="bbox 506 2979 2160 3060">
    <p class='ocr_par' dir='ltr' id='par_1_43' title="bbox 506 2979 2160 3060">
     <span class='ocr_line' id='line_1_43' title="bbox 506 2979 2160 3060; baseline -0.002 -19"><span class='ocrx_word' id='word_1_276' title='bbox 506 2980 933 3060; x_wconf 86' lang='lat' dir='ltr'><strong>moliebantur,</strong></span> <span class='ocrx_word' id='word_1_277' title='bbox 965 2981 1115 3042; x_wconf 86' lang='lat' dir='ltr'><strong>adeo</strong></span> <span class='ocrx_word' id='word_1_278' title='bbox 1154 2990 1214 3040; x_wconf 92' lang='lat' dir='ltr'><strong>ut</strong></span> <span class='ocrx_word' id='word_1_279' title='bbox 1245 3000 1313 3041; x_wconf 78' lang='lat' dir='ltr'><strong>ex</strong></span> <span class='ocrx_word' id='word_1_280' title='bbox 1344 2980 1566 3060; x_wconf 62' lang='lat' dir='ltr'><strong>iisquae</strong></span> <span class='ocrx_word' id='word_1_281' title='bbox 1597 2979 2021 3059; x_wconf 81' lang='lat' dir='ltr'><strong>cernebantur,</strong></span> <span class='ocrx_word' id='word_1_282' title='bbox 2055 2979 2160 3038; x_wconf 84' lang='lat' dir='ltr'><strong>im-</strong></span> 
     </span>
    </p>
   </div>
   <div class='ocr_carea' id='block_1_44' title="bbox 506 3066 2160 3148">
    <p class='ocr_par' dir='ltr' id='par_1_44' title="bbox 506 3066 2160 3148">
     <span class='ocr_line' id='line_1_44' title="bbox 506 3066 2160 3148; baseline -0.003 -16"><span class='ocrx_word' id='word_1_283' title='bbox 506 3071 737 3132; x_wconf 90' lang='lat' dir='ltr'><strong>modico</strong></span> <span class='ocrx_word' id='word_1_284' title='bbox 799 3089 1056 3132; x_wconf 67' lang='lat' dir='ltr'><strong>maerore</strong></span> <span class='ocrx_word' id='word_1_285' title='bbox 1129 3070 1330 3131; x_wconf 87' lang='lat' dir='ltr'><strong>civitas</strong></span> <span class='ocrx_word' id='word_1_286' title='bbox 1407 3070 1650 3131; x_wconf 88' lang='lat' dir='ltr'><strong>detenta</strong></span> <span class='ocrx_word' id='word_1_287' title='bbox 1705 3066 1960 3136; x_wconf 80' lang='lat' dir='ltr'><strong>diceret,</strong></span> <span class='ocrx_word' id='word_1_288' title='bbox 2023 3067 2160 3148; x_wconf 83' lang='lat' dir='ltr'><strong>quia</strong></span> 
     </span>
    </p>
   </div>
   <div class='ocr_carea' id='block_1_45' title="bbox 504 3155 2221 3241">
    <p class='ocr_par' dir='ltr' id='par_1_45' title="bbox 504 3155 2221 3241">
     <span class='ocr_line' id='line_1_45' title="bbox 504 3155 2221 3241; baseline -0.003 -20"><span class='ocrx_word' id='word_1_289' title='bbox 504 3159 763 3221; x_wconf 88' lang='lat' dir='ltr'><strong>Tametsi</strong></span> <span class='ocrx_word' id='word_1_290' title='bbox 800 3157 1104 3240; x_wconf 89' lang='lat' dir='ltr'><strong>prioribus</strong></span> <span class='ocrx_word' id='word_1_291' title='bbox 1127 3158 1542 3219; x_wconf 87' lang='lat' dir='ltr'><strong>obsidionibus</strong></span> <span class='ocrx_word' id='word_1_292' title='bbox 1572 3157 1869 3218; x_wconf 86' lang='lat' dir='ltr'><strong>civitatem</strong></span> <span class='ocrx_word' id='word_1_293' title='bbox 1898 3155 2221 3241; x_wconf 75' lang='lat' dir='ltr'><strong>liberaritc</strong></span> 
     </span>
    </p>
   </div>
   <div class='ocr_carea' id='block_1_46' title="bbox 507 3247 2158 3326">
    <p class='ocr_par' dir='ltr' id='par_1_46' title="bbox 507 3247 2158 3326">
     <span class='ocr_line' id='line_1_46' title="bbox 507 3247 2158 3326; baseline -0.003 -15"><span class='ocrx_word' id='word_1_294' title='bbox 507 3249 820 3325; x_wconf 81' lang='lat' dir='ltr'><strong>Dominus,</strong></span> <span class='ocrx_word' id='word_1_295' title='bbox 857 3268 926 3311; x_wconf 85' lang='lat' dir='ltr'><strong>ex</strong></span> <span class='ocrx_word' id='word_1_296' title='bbox 977 3249 1086 3310; x_wconf 89' lang='lat' dir='ltr'><strong>hac</strong></span> <span class='ocrx_word' id='word_1_297' title='bbox 1126 3257 1322 3310; x_wconf 90' lang='lat' dir='ltr'><strong>tamen</strong></span> <span class='ocrx_word' id='word_1_298' title='bbox 1361 3260 1688 3326; x_wconf 80' lang='lat' dir='ltr'><strong>(nunquam</strong></span> <span class='ocrx_word' id='word_1_299' title='bbox 1742 3247 1904 3306; x_wconf 89' lang='lat' dir='ltr'><strong>enim</strong></span> <span class='ocrx_word' id='word_1_300' title='bbox 1941 3253 2158 3306; x_wconf 84' lang='lat' dir='ltr'><strong>tantam</strong></span> 
     </span>
    </p>
   </div>
   <div class='ocr_carea' id='block_1_47' title="bbox 507 3334 2159 3412">
    <p class='ocr_par' dir='ltr' id='par_1_47' title="bbox 507 3334 2159 3412">
     <span class='ocr_line' id='line_1_47' title="bbox 507 3334 2159 3412; baseline -0.004 -11"><span class='ocrx_word' id='word_1_301' title='bbox 507 3340 906 3401; x_wconf 84' lang='lat' dir='ltr'><strong>Barbarurum</strong></span> <span class='ocrx_word' id='word_1_302' title='bbox 963 3337 1434 3408; x_wconf 89' lang='lat' dir='ltr'><strong>multitudinem,</strong></span> <span class='ocrx_word' id='word_1_303' title='bbox 1465 3335 1683 3397; x_wconf 87' lang='lat' dir='ltr'><strong>civitati</strong></span> <span class='ocrx_word' id='word_1_304' title='bbox 1723 3334 2159 3412; x_wconf 89' lang='lat' dir='ltr'><strong>imminentem,</strong></span> 
     </span>
    </p>
   </div>
   <div class='ocr_carea' id='block_1_48' title="bbox 511 3423 2158 3508">
    <p class='ocr_par' dir='ltr' id='par_1_48' title="bbox 511 3423 2158 3508">
     <span class='ocr_line' id='line_1_48' title="bbox 511 3423 2158 3508; baseline -0.003 -22"><span class='ocrx_word' id='word_1_305' title='bbox 511 3428 776 3508; x_wconf 85' lang='lat' dir='ltr'><strong>quisquis</strong></span> <span class='ocrx_word' id='word_1_306' title='bbox 834 3427 1084 3494; x_wconf 63' lang='lat' dir='ltr'><strong>videi-att</strong></span> <span class='ocrx_word' id='word_1_307' title='bbox 1129 3427 1456 3486; x_wconf 88' lang='lat' dir='ltr'><strong>servandos</strong></span> <span class='ocrx_word' id='word_1_308' title='bbox 1487 3443 1593 3484; x_wconf 90' lang='lat' dir='ltr'><strong>nos</strong></span> <span class='ocrx_word' id='word_1_309' title='bbox 1641 3441 1772 3484; x_wconf 90' lang='lat' dir='ltr'><strong>esse</strong></span> <span class='ocrx_word' id='word_1_310' title='bbox 1808 3423 2158 3494; x_wconf 78' lang='lat' dir='ltr'><strong>incolumes,</strong></span> 
     </span>
    </p>
   </div>
   <div class='ocr_carea' id='block_1_49' title="bbox 510 3512 2160 3595">
    <p class='ocr_par' dir='ltr' id='par_1_49' title="bbox 510 3512 2160 3595">
     <span class='ocr_line' id='line_1_49' title="bbox 510 3512 2160 3595; baseline -0.003 -18"><span class='ocrx_word' id='word_1_311' title='bbox 510 3517 667 3578; x_wconf 91' lang='lat' dir='ltr'><strong>haud</strong></span> <span class='ocrx_word' id='word_1_312' title='bbox 717 3525 1014 3595; x_wconf 85' lang='lat' dir='ltr'><strong>putamus.</strong></span> <span class='ocrx_word' id='word_1_313' title='bbox 1045 3515 1238 3594; x_wconf 84' lang='lat' dir='ltr'><strong>Atque</strong></span> <span class='ocrx_word' id='word_1_314' title='bbox 1268 3515 1392 3575; x_wconf 67' lang='lat' dir='ltr'><strong>haec</strong></span> <span class='ocrx_word' id='word_1_315' title='bbox 1423 3522 1478 3573; x_wconf 91' lang='lat' dir='ltr'><strong>et</strong></span> <span class='ocrx_word' id='word_1_316' title='bbox 1526 3512 1778 3591; x_wconf 86' lang='lat' dir='ltr'><strong>plurima</strong></span> <span class='ocrx_word' id='word_1_317' title='bbox 1807 3513 1846 3571; x_wconf 90' lang='lat' dir='ltr'><strong>ii</strong></span> <span class='ocrx_word' id='word_1_318' title='bbox 1883 3512 2160 3591; x_wconf 84' lang='lat' dir='ltr'><strong>maxime,</strong></span> 
     </span>
    </p>
   </div>
   <div class='ocr_carea' id='block_1_50' title="bbox 509 3605 1541 3685">
    <p class='ocr_par' dir='ltr' id='par_1_50' title="bbox 509 3605 1541 3685">
     <span class='ocr_line' id='line_1_50' title="bbox 509 3605 1541 3685; baseline -0.004 -18"><span class='ocrx_word' id='word_1_319' title='bbox 509 3605 610 3685; x_wconf 90' lang='lat' dir='ltr'><strong>qui</strong></span> <span class='ocrx_word' id='word_1_320' title='bbox 643 3605 866 3666; x_wconf 88' lang='lat' dir='ltr'><strong>bellum</strong></span> <span class='ocrx_word' id='word_1_321' title='bbox 901 3605 1054 3666; x_wconf 89' lang='lat' dir='ltr'><strong>haud</strong></span> <span class='ocrx_word' id='word_1_322' title='bbox 1090 3611 1260 3665; x_wconf 89' lang='lat' dir='ltr'><strong>erant</strong></span> <span class='ocrx_word' id='word_1_323' title='bbox 1290 3605 1541 3684; x_wconf 64' lang='lat' dir='ltr'><strong>esperti.</strong></span> 
     </span>
    </p>
   </div>
   <div class='ocr_carea' id='block_1_51' title="bbox 595 3719 2164 3800">
    <p class='ocr_par' dir='ltr' id='par_1_51' title="bbox 595 3719 2164 3800">
     <span class='ocr_line' id='line_1_51' title="bbox 595 3719 2164 3800; baseline -0.001 -18"><span class='ocrx_word' id='word_1_324' title='bbox 595 3727 733 3785; x_wconf 87' lang='lat'><strong>173.</strong></span> <span class='ocrx_word' id='word_1_325' title='bbox 775 3722 1096 3785; x_wconf 67' lang='lat' dir='ltr'><strong>Praedictus</strong></span> <span class='ocrx_word' id='word_1_326' title='bbox 1141 3730 1336 3782; x_wconf 86' lang='lat' dir='ltr'><strong>autem</strong></span> <span class='ocrx_word' id='word_1_327' title='bbox 1385 3719 1559 3781; x_wconf 87' lang='lat' dir='ltr'><strong>Pater</strong></span> <span class='ocrx_word' id='word_1_328' title='bbox 1604 3737 1672 3780; x_wconf 86' lang='lat' dir='ltr'><strong>ac</strong></span> <span class='ocrx_word' id='word_1_329' title='bbox 1714 3719 2052 3800; x_wconf 84' lang='lat' dir='ltr'><strong>episcOpus,</strong></span> <span class='ocrx_word' id='word_1_330' title='bbox 2088 3737 2164 3780; x_wconf 90' lang='lat' dir='ltr'><strong>ne</strong></span> 
     </span>
    </p>
   </div>
   <div class='ocr_carea' id='block_1_52' title="bbox 515 3807 2163 3892">
    <p class='ocr_par' dir='ltr' id='par_1_52' title="bbox 515 3807 2163 3892">
     <span class='ocr_line' id='line_1_52' title="bbox 515 3807 2163 3892; baseline -0.003 -20"><span class='ocrx_word' id='word_1_331' title='bbox 515 3810 796 3890; x_wconf 73' lang='lat' dir='ltr'><strong>languido</strong></span> <span class='ocrx_word' id='word_1_332' title='bbox 853 3809 996 3892; x_wconf 91' lang='lat' dir='ltr'><strong>quid</strong></span> <span class='ocrx_word' id='word_1_333' title='bbox 1059 3810 1257 3872; x_wconf 90' lang='lat' dir='ltr'><strong>animo</strong></span> <span class='ocrx_word' id='word_1_334' title='bbox 1317 3809 1562 3886; x_wconf 78' lang='lat' dir='ltr'><strong>ferrent,</strong></span> <span class='ocrx_word' id='word_1_335' title='bbox 1611 3808 1715 3869; x_wconf 87' lang='lat' dir='ltr'><strong>sed</strong></span> <span class='ocrx_word' id='word_1_336' title='bbox 1771 3817 1833 3867; x_wconf 94' lang='lat' dir='ltr'><strong>ut</strong></span> <span class='ocrx_word' id='word_1_337' title='bbox 1883 3807 2163 3869; x_wconf 73' lang='lat' dir='ltr'><strong>certami—</strong></span> 
     </span>
    </p>
   </div>
   <div class='ocr_carea' id='block_1_53' title="bbox 513 3897 2158 3981">
    <p class='ocr_par' dir='ltr' id='par_1_53' title="bbox 513 3897 2158 3981">
     <span class='ocr_line' id='line_1_53' title="bbox 513 3897 2158 3981; baseline -0.004 -19"><span class='ocrx_word' id='word_1_338' title='bbox 513 3921 653 3963; x_wconf 92' lang='lat' dir='ltr'><strong>num</strong></span> <span class='ocrx_word' id='word_1_339' title='bbox 689 3899 1019 3979; x_wconf 84' lang='lat' dir='ltr'><strong>Victorem,</strong></span> <span class='ocrx_word' id='word_1_340' title='bbox 1053 3919 1169 3981; x_wconf 92' lang='lat' dir='ltr'><strong>quo</strong></span> <span class='ocrx_word' id='word_1_341' title='bbox 1217 3907 1275 3960; x_wconf 90' lang='lat' dir='ltr'><strong>et</strong></span> <span class='ocrx_word' id='word_1_342' title='bbox 1305 3918 1462 3960; x_wconf 90' lang='lat' dir='ltr'><strong>nunc</strong></span> <span class='ocrx_word' id='word_1_343' title='bbox 1494 3917 1600 3978; x_wconf 93' lang='lat' dir='ltr'><strong>pro</strong></span> <span class='ocrx_word' id='word_1_344' title='bbox 1651 3897 1770 3958; x_wconf 90' lang='lat' dir='ltr'><strong>illis</strong></span> <span class='ocrx_word' id='word_1_345' title='bbox 1802 3897 2158 3970; x_wconf 83' lang='lat' dir='ltr'><strong>decertaret,</strong></span> 
     </span>
    </p>
   </div>
   <div class='ocr_carea' id='block_1_54' title="bbox 511 3987 2166 4070">
    <p class='ocr_par' dir='ltr' id='par_1_54' title="bbox 511 3987 2166 4070">
     <span class='ocr_line' id='line_1_54' title="bbox 511 3987 2166 4070; baseline -0.002 -19"><span class='ocrx_word' id='word_1_346' title='bbox 511 3991 1002 4070; x_wconf 87' lang='lat' dir='ltr'><strong>deprecarentur.</strong></span> <span class='ocrx_word' id='word_1_347' title='bbox 1039 3989 1338 4051; x_wconf 90' lang='lat' dir='ltr'><strong>monebat.</strong></span> <span class='ocrx_word' id='word_1_348' title='bbox 1366 3987 1534 4048; x_wconf 88' lang='lat' dir='ltr'><strong>Tunc</strong></span> <span class='ocrx_word' id='word_1_349' title='bbox 1557 3996 1757 4048; x_wconf 89' lang='lat' dir='ltr'><strong>autem</strong></span> <span class='ocrx_word' id='word_1_350' title='bbox 1782 3987 2166 4048; x_wconf 88' lang='lat' dir='ltr'><strong>beatissimus</strong></span> 
     </span>
    </p>
   </div>
   <div class='ocr_carea' id='block_1_55' title="bbox 514 4076 2164 4158">
    <p class='ocr_par' dir='ltr' id='par_1_55' title="bbox 514 4076 2164 4158">
     <span class='ocr_line' id='line_1_55' title="bbox 514 4076 2164 4158; baseline -0.004 -17"><span class='ocrx_word' id='word_1_351' title='bbox 514 4080 619 4141; x_wconf 92' lang='lat' dir='ltr'><strong>ille</strong></span> <span class='ocrx_word' id='word_1_352' title='bbox 650 4078 822 4140; x_wconf 83' lang='lat' dir='ltr'><strong>Pater</strong></span> <span class='ocrx_word' id='word_1_353' title='bbox 851 4087 1036 4141; x_wconf 87' lang='lat' dir='ltr'><strong>virum</strong></span> <span class='ocrx_word' id='word_1_354' title='bbox 1082 4077 1400 4158; x_wconf 86' lang='lat' dir='ltr'><strong>quemdam</strong></span> <span class='ocrx_word' id='word_1_355' title='bbox 1435 4077 1727 4156; x_wconf 81' lang='lat' dir='ltr'><strong>fulgidum</strong></span> <span class='ocrx_word' id='word_1_356' title='bbox 1753 4076 1814 4137; x_wconf 91' lang='lat' dir='ltr'><strong>in</strong></span> <span class='ocrx_word' id='word_1_357' title='bbox 1846 4095 2056 4137; x_wconf 89' lang='lat' dir='ltr'><strong>somno</strong></span> <span class='ocrx_word' id='word_1_358' title='bbox 2088 4076 2164 4135; x_wconf 86' lang='lat' dir='ltr'><strong>vi-</strong></span> 
     </span>
    </p>
   </div>
   <div class='ocr_carea' id='block_1_56' title="bbox 517 4167 2170 4246">
    <p class='ocr_par' dir='ltr' id='par_1_56' title="bbox 517 4167 2170 4246">
     <span class='ocr_line' id='line_1_56' title="bbox 517 4167 2170 4246; baseline -0.004 -16"><span class='ocrx_word' id='word_1_359' title='bbox 517 4169 623 4239; x_wconf 90' lang='lat' dir='ltr'><strong>dit,</strong></span> <span class='ocrx_word' id='word_1_360' title='bbox 657 4169 955 4230; x_wconf 87' lang='lat' dir='ltr'><strong>dicentem</strong></span> <span class='ocrx_word' id='word_1_361' title='bbox 988 4168 1223 4246; x_wconf 91' lang='lat' dir='ltr'><strong>sibique</strong></span> <span class='ocrx_word' id='word_1_362' title='bbox 1255 4167 1718 4246; x_wconf 83' lang='lat' dir='ltr'><strong>quodammodo,</strong></span> <span class='ocrx_word' id='word_1_363' title='bbox 1744 4176 1804 4226; x_wconf 92' lang='lat' dir='ltr'><strong>ut</strong></span> <span class='ocrx_word' id='word_1_364' title='bbox 1846 4167 1976 4227; x_wconf 74' lang='lat' dir='ltr'><strong>laato</strong></span> <span class='ocrx_word' id='word_1_365' title='bbox 2009 4171 2170 4228; x_wconf 89' lang='lat' dir='ltr'><strong>esset</strong></span> 
     </span>
    </p>
   </div>
   <div class='ocr_carea' id='block_1_57' title="bbox 517 4254 2169 4338">
    <p class='ocr_par' dir='ltr' id='par_1_57' title="bbox 517 4254 2169 4338">
     <span class='ocr_line' id='line_1_57' title="bbox 517 4254 2169 4338; baseline -0.002 -20"><span class='ocrx_word' id='word_1_366' title='bbox 517 4258 741 4332; x_wconf 89' lang='lat' dir='ltr'><strong>animo,</strong></span> <span class='ocrx_word' id='word_1_367' title='bbox 773 4257 1194 4338; x_wconf 86' lang='lat' dir='ltr'><strong>imperantem:</strong></span> <span class='ocrx_word' id='word_1_368' title='bbox 1219 4254 1299 4316; x_wconf 89' lang='lat' dir='ltr'><strong>Ne</strong></span> <span class='ocrx_word' id='word_1_369' title='bbox 1327 4255 1566 4317; x_wconf 79' lang='lat' dir='ltr'><strong>tristitia</strong></span> <span class='ocrx_word' id='word_1_370' title='bbox 1596 4255 1920 4335; x_wconf 88' lang='lat' dir='ltr'><strong>dejiciaris,</strong></span> <span class='ocrx_word' id='word_1_371' title='bbox 1946 4265 2004 4316; x_wconf 89' lang='lat' dir='ltr'><strong>te</strong></span> <span class='ocrx_word' id='word_1_372' title='bbox 2035 4273 2169 4315; x_wconf 91' lang='lat' dir='ltr'><strong>mo-</strong></span> 
     </span>
    </p>
   </div>
   <div class='ocr_carea' id='block_1_58' title="bbox 519 4342 2165 4426">
    <p class='ocr_par' dir='ltr' id='par_1_58' title="bbox 519 4342 2165 4426">
     <span class='ocr_line' id='line_1_58' title="bbox 519 4342 2165 4426; baseline -0.002 -18"><span class='ocrx_word' id='word_1_373' title='bbox 519 4345 1066 4426; x_wconf 83' lang='lat' dir='ltr'><strong>neo,dicebat,quia</strong></span> <span class='ocrx_word' id='word_1_374' title='bbox 1093 4345 1142 4406; x_wconf 92' lang='lat' dir='ltr'><strong>si</strong></span> <span class='ocrx_word' id='word_1_375' title='bbox 1167 4344 1441 4406; x_wconf 87' lang='lat' dir='ltr'><strong>universa</strong></span> <span class='ocrx_word' id='word_1_376' title='bbox 1465 4344 1643 4404; x_wconf 87' lang='lat' dir='ltr'><strong>simul</strong></span> <span class='ocrx_word' id='word_1_377' title='bbox 1666 4342 2165 4423; x_wconf 65' lang='lat' dir='ltr'><strong>civita.Domine,</strong></span> 
     </span>
    </p>
   </div>
   <div class='ocr_carea' id='block_1_59' title="bbox 521 4432 2168 4507">
    <p class='ocr_par' dir='ltr' id='par_1_59' title="bbox 521 4432 2168 4507">
     <span class='ocr_line' id='line_1_59' title="bbox 521 4432 2168 4507; baseline -0.003 -10"><span class='ocrx_word' id='word_1_378' title='bbox 521 4435 830 4507; x_wconf 66' lang='lat' dir='ltr'><strong>miserere,</strong></span> <span class='ocrx_word' id='word_1_379' title='bbox 857 4434 1224 4505; x_wconf 80' lang='lat' dir='ltr'><strong>exclamarit,</strong></span> <span class='ocrx_word' id='word_1_380' title='bbox 1259 4437 1369 4494; x_wconf 85' lang='lat' dir='ltr'><strong>hac</strong></span> <span class='ocrx_word' id='word_1_381' title='bbox 1400 4434 1575 4494; x_wconf 85' lang='lat' dir='ltr'><strong>etiam</strong></span> <span class='ocrx_word' id='word_1_382' title='bbox 1609 4434 1923 4495; x_wconf 87' lang='lat' dir='ltr'><strong>obsidione</strong></span> <span class='ocrx_word' id='word_1_383' title='bbox 1947 4432 2168 4493; x_wconf 87' lang='lat' dir='ltr'><strong>libera-</strong></span> 
     </span>
    </p>
   </div>
   <div class='ocr_carea' id='block_1_60' title="bbox 517 4521 2168 4604">
    <p class='ocr_par' dir='ltr' id='par_1_60' title="bbox 517 4521 2168 4604">
     <span class='ocr_line' id='line_1_60' title="bbox 517 4521 2168 4604; baseline -0.004 -18"><span class='ocrx_word' id='word_1_384' title='bbox 517 4525 699 4588; x_wconf 86' lang='lat' dir='ltr'><strong>bitur.</strong></span> <span class='ocrx_word' id='word_1_385' title='bbox 734 4526 879 4587; x_wconf 90' lang='lat' dir='ltr'><strong>Cum</strong></span> <span class='ocrx_word' id='word_1_386' title='bbox 910 4526 1045 4585; x_wconf 89' lang='lat' dir='ltr'><strong>hinc</strong></span> <span class='ocrx_word' id='word_1_387' title='bbox 1070 4541 1245 4604; x_wconf 87' lang='lat' dir='ltr'><strong>porro</strong></span> <span class='ocrx_word' id='word_1_388' title='bbox 1276 4522 1560 4603; x_wconf 89' lang='lat' dir='ltr'><strong>deinceps</strong></span> <span class='ocrx_word' id='word_1_389' title='bbox 1592 4524 1850 4584; x_wconf 83' lang='lat' dir='ltr'><strong>maxima</strong></span> <span class='ocrx_word' id='word_1_390' title='bbox 1881 4539 2020 4581; x_wconf 90' lang='lat' dir='ltr'><strong>cura</strong></span> <span class='ocrx_word' id='word_1_391' title='bbox 2042 4521 2168 4581; x_wconf 90' lang='lat' dir='ltr'><strong>rei-</strong></span> 
     </span>
    </p>
   </div>
   <div class='ocr_carea' id='block_1_61' title="bbox 517 4610 2170 4696">
    <p class='ocr_par' dir='ltr' id='par_1_61' title="bbox 517 4610 2170 4696">
     <span class='ocr_line' id='line_1_61' title="bbox 517 4610 2170 4696; baseline -0.001 -22"><span class='ocrx_word' id='word_1_392' title='bbox 517 4633 636 4696; x_wconf 90' lang='lat' dir='ltr'><strong>que</strong></span> <span class='ocrx_word' id='word_1_393' title='bbox 661 4615 802 4675; x_wconf 66' lang='lat' dir='ltr'><strong>visze</strong></span> <span class='ocrx_word' id='word_1_394' title='bbox 823 4614 1121 4676; x_wconf 78' lang='lat' dir='ltr'><strong>anxietate</strong></span> <span class='ocrx_word' id='word_1_395' title='bbox 1143 4613 1502 4687; x_wconf 63' lang='lat' dir='ltr'><strong>adiceretur,</strong></span> <span class='ocrx_word' id='word_1_396' title='bbox 1543 4613 1870 4691; x_wconf 87' lang='lat' dir='ltr'><strong>modosque</strong></span> <span class='ocrx_word' id='word_1_397' title='bbox 1900 4610 2170 4672; x_wconf 84' lang='lat' dir='ltr'><strong>diversos</strong></span> 
     </span>
    </p>
   </div>
   <div class='ocr_carea' id='block_1_62' title="bbox 2313 1817 3870 1896">
    <p class='ocr_par' dir='ltr' id='par_1_62' title="bbox 2313 1817 3870 1896">
     <span class='ocr_line' id='line_1_62' title="bbox 2313 1817 3870 1896; baseline 0.003 -23"><span class='ocrx_word' id='word_1_398' title='bbox 2313 1817 2458 1895; x_wconf 83' lang='grc' dir='ltr'>ροβ¹.</span> <span class='ocrx_word' id='word_1_399' title='bbox 2507 1820 2636 1874; x_wconf 70' lang='grc' dir='ltr'>Τότε</span> <span class='ocrx_word' id='word_1_400' title='bbox 2682 1817 2744 1884; x_wconf 76' lang='grc' dir='ltr'>δὴ</span> <span class='ocrx_word' id='word_1_401' title='bbox 2801 1821 3089 1896; x_wconf 77' lang='grc' dir='ltr'>ἑωρακότες</span> <span class='ocrx_word' id='word_1_402' title='bbox 3138 1823 3184 1877; x_wconf 84' lang='grc' dir='ltr'><strong>οἰ</strong></span> <span class='ocrx_word' id='word_1_403' title='bbox 3231 1828 3328 1888; x_wconf 72' lang='grc' dir='ltr'>τῆς</span> <span class='ocrx_word' id='word_1_404' title='bbox 3374 1823 3583 1885; x_wconf 80' lang='grc' dir='ltr'>πόλεως</span> <span class='ocrx_word' id='word_1_405' title='bbox 3640 1826 3698 1880; x_wconf 77' lang='grc' dir='ltr'>τὸ</span> <span class='ocrx_word' id='word_1_406' title='bbox 3739 1824 3870 1878; x_wconf 81' lang='grc' dir='ltr'>ἀνεί-</span> 
     </span>
    </p>
   </div>
   <div class='ocr_carea' id='block_1_63' title="bbox 2241 1907 3870 1988">
    <p class='ocr_par' dir='ltr' id='par_1_63' title="bbox 2241 1907 3870 1988">
     <span class='ocr_line' id='line_1_63' title="bbox 2241 1907 3870 1988; baseline 0.002 -26"><span class='ocrx_word' id='word_1_407' title='bbox 2241 1929 2433 1963; x_wconf 86' lang='grc' dir='ltr'>καστον</span> <span class='ocrx_word' id='word_1_408' title='bbox 2491 1914 2596 1962; x_wconf 88' lang='grc' dir='ltr'><strong>τῶν</strong></span> <span class='ocrx_word' id='word_1_409' title='bbox 2649 1907 2924 1986; x_wconf 74' lang='grc' dir='ltr'>βαρϐαρων</span> <span class='ocrx_word' id='word_1_410' title='bbox 2987 1911 3188 1978; x_wconf 73' lang='grc' dir='ltr'>πὶ-ἧθος</span> <span class='ocrx_word' id='word_1_411' title='bbox 3248 1912 3390 1968; x_wconf 72' lang='grc' dir='ltr'>ἅπαν</span> <span class='ocrx_word' id='word_1_412' title='bbox 3443 1911 3870 1988; x_wconf 70' lang='grc' dir='ltr'><strong>σεσιδηρωμένον,</strong></span> 
     </span>
    </p>
   </div>
   <div class='ocr_carea' id='block_1_64' title="bbox 2238 1997 3874 2080">
    <p class='ocr_par' dir='ltr' id='par_1_64' title="bbox 2238 1997 3874 2080">
     <span class='ocr_line' id='line_1_64' title="bbox 2238 1997 3874 2080; baseline 0.002 -28"><span class='ocrx_word' id='word_1_413' title='bbox 2238 1999 2325 2052; x_wconf 87' lang='grc' dir='ltr'>καὶ</span> <span class='ocrx_word' id='word_1_414' title='bbox 2382 1997 2479 2063; x_wconf 68' lang='grc' dir='ltr'>τὴν</span> <span class='ocrx_word' id='word_1_415' title='bbox 2545 2000 2670 2076; x_wconf 79' lang='grc' dir='ltr'>νῶν,</span> <span class='ocrx_word' id='word_1_416' title='bbox 2739 1997 3072 2076; x_wconf 68' lang='grc' dir='ltr'>πετροϐόλων</span> <span class='ocrx_word' id='word_1_417' title='bbox 3149 2000 3469 2058; x_wconf 73' lang='grc' dir='ltr'>ἐκπαντοθεν</span> <span class='ocrx_word' id='word_1_418' title='bbox 3548 2004 3874 2080; x_wconf 70' lang='grc' dir='ltr'>οὖρανομήκη</span> 
     </span>
    </p>
   </div>
   <div class='ocr_carea' id='block_1_65' title="bbox 2237 2086 3877 2164">
    <p class='ocr_par' dir='ltr' id='par_1_65' title="bbox 2237 2086 3877 2164">
     <span class='ocr_line' id='line_1_65' title="bbox 2237 2086 3877 2164; baseline 0.002 -21"><span class='ocrx_word' id='word_1_419' title='bbox 2237 2086 2588 2164; x_wconf 69' lang='grc' dir='ltr'>παράστασιν,</span> <span class='ocrx_word' id='word_1_420' title='bbox 2640 2089 2713 2152; x_wconf 83' lang='grc' dir='ltr'>ὡς</span> <span class='ocrx_word' id='word_1_421' title='bbox 2776 2087 3104 2163; x_wconf 71' lang='grc' dir='ltr'>ὃπερϐαίνειν</span> <span class='ocrx_word' id='word_1_422' title='bbox 3161 2098 3238 2162; x_wconf 86' lang='grc' dir='ltr'>τῷ</span> <span class='ocrx_word' id='word_1_423' title='bbox 3291 2091 3413 2164; x_wconf 78' lang='grc' dir='ltr'>ὕψει</span> <span class='ocrx_word' id='word_1_424' title='bbox 3475 2093 3566 2154; x_wconf 74' lang='grc' dir='ltr'><strong>τὰς</strong></span> <span class='ocrx_word' id='word_1_425' title='bbox 3628 2099 3730 2148; x_wconf 85' lang='grc' dir='ltr'><strong>τῶν</strong></span> <span class='ocrx_word' id='word_1_426' title='bbox 3785 2090 3877 2148; x_wconf 84' lang='grc' dir='ltr'>ἔσω</span> 
     </span>
    </p>
   </div>
   <div class='ocr_carea' id='block_1_66' title="bbox 2237 2173 3875 2255">
    <p class='ocr_par' dir='ltr' id='par_1_66' title="bbox 2237 2173 3875 2255">
     <span class='ocr_line' id='line_1_66' title="bbox 2237 2173 3875 2255; baseline 0.004 -25"><span class='ocrx_word' id='word_1_427' title='bbox 2237 2181 2438 2255; x_wconf 81' lang='grc' dir='ltr'><strong>τειχῶν</strong></span> <span class='ocrx_word' id='word_1_428' title='bbox 2498 2175 2762 2250; x_wconf 66' lang='grc' dir='ltr'>ἐπάλξεις,</span> <span class='ocrx_word' id='word_1_429' title='bbox 2813 2173 3002 2242; x_wconf 72' lang='grc' dir='ltr'>ἄλλους</span> <span class='ocrx_word' id='word_1_430' title='bbox 3049 2178 3231 2244; x_wconf 79' lang='grc' dir='ltr'>δὲτὰς</span> <span class='ocrx_word' id='word_1_431' title='bbox 3284 2179 3614 2255; x_wconf 77' lang='grc' dir='ltr'>καλουμένας</span> <span class='ocrx_word' id='word_1_432' title='bbox 3645 2184 3704 2236; x_wconf 65' lang='grc' dir='ltr'>ἔκ</span> <span class='ocrx_word' id='word_1_433' title='bbox 3748 2180 3875 2237; x_wconf 79' lang='grc' dir='ltr'>πλο-</span> 
     </span>
    </p>
   </div>
   <div class='ocr_carea' id='block_1_67' title="bbox 2234 2266 3877 2347">
    <p class='ocr_par' dir='ltr' id='par_1_67' title="bbox 2234 2266 3877 2347">
     <span class='ocr_line' id='line_1_67' title="bbox 2234 2266 3877 2347; baseline 0.002 -27"><span class='ocrx_word' id='word_1_434' title='bbox 2234 2271 2341 2320; x_wconf 82' lang='grc' dir='ltr'><strong>κῶν</strong></span> <span class='ocrx_word' id='word_1_435' title='bbox 2400 2267 2487 2320; x_wconf 83' lang='grc' dir='ltr'><strong>καὶ</strong></span> <span class='ocrx_word' id='word_1_436' title='bbox 2516 2266 2720 2343; x_wconf 85' lang='grc' dir='ltr'>βυρσῶν</span> <span class='ocrx_word' id='word_1_437' title='bbox 2781 2267 3050 2344; x_wconf 80' lang='grc' dir='ltr'>χελώνας,</span> <span class='ocrx_word' id='word_1_438' title='bbox 3090 2268 3284 2332; x_wconf 71' lang='grc' dir='ltr'>ἄλλους</span> <span class='ocrx_word' id='word_1_439' title='bbox 3336 2272 3468 2347; x_wconf 77' lang='grc' dir='ltr'>πρὸς</span> <span class='ocrx_word' id='word_1_440' title='bbox 3519 2285 3643 2334; x_wconf 78' lang='grc' dir='ltr'>ταῖς</span> <span class='ocrx_word' id='word_1_441' title='bbox 3703 2270 3877 2332; x_wconf 82' lang='grc' dir='ltr'>πύλαις</span> 
     </span>
    </p>
   </div>
   <div class='ocr_carea' id='block_1_68' title="bbox 2233 2355 3876 2439">
    <p class='ocr_par' dir='ltr' id='par_1_68' title="bbox 2233 2355 3876 2439">
     <span class='ocr_line' id='line_1_68' title="bbox 2233 2355 3876 2439; baseline 0.002 -29"><span class='ocrx_word' id='word_1_442' title='bbox 2233 2355 2410 2432; x_wconf 82' lang='grc' dir='ltr'>κριοὺς</span> <span class='ocrx_word' id='word_1_443' title='bbox 2464 2355 2522 2410; x_wconf 79' lang='grc' dir='ltr'>ἑκ</span> <span class='ocrx_word' id='word_1_444' title='bbox 2571 2355 2734 2420; x_wconf 78' lang='grc' dir='ltr'>ξύλων</span> <span class='ocrx_word' id='word_1_445' title='bbox 2799 2357 3092 2432; x_wconf 75' lang='grc' dir='ltr'>μεγίστων,</span> <span class='ocrx_word' id='word_1_446' title='bbox 3147 2362 3236 2416; x_wconf 85' lang='grc' dir='ltr'>καὶ</span> <span class='ocrx_word' id='word_1_447' title='bbox 3283 2367 3500 2439; x_wconf 77' lang='grc' dir='ltr'>τροχῶν</span> <span class='ocrx_word' id='word_1_448' title='bbox 3559 2359 3876 2438; x_wconf 75' lang='grc' dir='ltr'>εὒπερικυλί-</span> 
     </span>
    </p>
   </div>
   <div class='ocr_carea' id='block_1_69' title="bbox 2232 2443 3876 2526">
    <p class='ocr_par' dir='ltr' id='par_1_69' title="bbox 2232 2443 3876 2526">
     <span class='ocr_line' id='line_1_69' title="bbox 2232 2443 3876 2526; baseline 0.004 -27"><span class='ocrx_word' id='word_1_449' title='bbox 2232 2465 2400 2522; x_wconf 88' lang='grc' dir='ltr'>στων,</span> <span class='ocrx_word' id='word_1_450' title='bbox 2466 2445 2674 2524; x_wconf 74' lang='grc' dir='ltr'>ἑτέρους</span> <span class='ocrx_word' id='word_1_451' title='bbox 2746 2443 2799 2500; x_wconf 81' lang='grc' dir='ltr'><strong>δὲ</strong></span> <span class='ocrx_word' id='word_1_452' title='bbox 2862 2447 3094 2524; x_wconf 81' lang='grc' dir='ltr'>πύργους</span> <span class='ocrx_word' id='word_1_453' title='bbox 3156 2449 3536 2526; x_wconf 81' lang='grc' dir='ltr'>ὑπερμεγέθεις</span> <span class='ocrx_word' id='word_1_454' title='bbox 3601 2450 3876 2516; x_wconf 78' lang='grc' dir='ltr'>ξυλοκατα-</span> 
     </span>
    </p>
   </div>
   <div class='ocr_carea' id='block_1_70' title="bbox 2239 2532 3878 2618">
    <p class='ocr_par' dir='ltr' id='par_1_70' title="bbox 2239 2532 3878 2618">
     <span class='ocr_line' id='line_1_70' title="bbox 2239 2532 3878 2618; baseline 0.004 -29"><span class='ocrx_word' id='word_1_455' title='bbox 2239 2535 2582 2606; x_wconf 69' lang='grc' dir='ltr'>σκευαστους,</span> <span class='ocrx_word' id='word_1_456' title='bbox 2654 2532 3062 2611; x_wconf 72' lang='grc' dir='ltr'>ὑπερϐαίνοντας</span> <span class='ocrx_word' id='word_1_457' title='bbox 3147 2540 3208 2594; x_wconf 80' lang='grc' dir='ltr'>τὸ</span> <span class='ocrx_word' id='word_1_458' title='bbox 3291 2539 3423 2613; x_wconf 61' lang='grc' dir='ltr'>ὕψος</span> <span class='ocrx_word' id='word_1_459' title='bbox 3511 2549 3604 2598; x_wconf 82' lang='grc' dir='ltr'>τοῦ</span> <span class='ocrx_word' id='word_1_460' title='bbox 3685 2541 3878 2618; x_wconf 80' lang='grc' dir='ltr'>τείχους</span> 
     </span>
    </p>
   </div>
   <div class='ocr_carea' id='block_1_71' title="bbox 2239 2625 3880 2709">
    <p class='ocr_par' dir='ltr' id='par_1_71' title="bbox 2239 2625 3880 2709">
     <span class='ocr_line' id='line_1_71' title="bbox 2239 2625 3880 2709; baseline 0.003 -31"><span class='ocrx_word' id='word_1_461' title='bbox 2239 2625 2766 2702; x_wconf 68' lang='grc' dir='ltr'>κατασκευάσαντας,</span> <span class='ocrx_word' id='word_1_462' title='bbox 2837 2627 3063 2704; x_wconf 83' lang='grc' dir='ltr'>ἔχοντας</span> <span class='ocrx_word' id='word_1_463' title='bbox 3123 2636 3407 2684; x_wconf 79' lang='grc' dir='ltr'>κατεπανω</span> <span class='ocrx_word' id='word_1_464' title='bbox 3481 2630 3685 2695; x_wconf 84' lang='grc' dir='ltr'>νεανίας</span> <span class='ocrx_word' id='word_1_465' title='bbox 3737 2651 3880 2709; x_wconf 70' lang='grc' dir='ltr'>σφρι-</span> 
     </span>
    </p>
   </div>
   <div class='ocr_carea' id='block_1_72' title="bbox 2241 2711 3879 2794">
    <p class='ocr_par' dir='ltr' id='par_1_72' title="bbox 2241 2711 3879 2794">
     <span class='ocr_line' id='line_1_72' title="bbox 2241 2711 3879 2794; baseline 0.002 -24"><span class='ocrx_word' id='word_1_466' title='bbox 2241 2719 2451 2789; x_wconf 81' lang='grc' dir='ltr'>γῶντας</span> <span class='ocrx_word' id='word_1_467' title='bbox 2516 2711 3009 2787; x_wconf 78' lang='grc' dir='ltr'>καθωπλισμένους,</span> <span class='ocrx_word' id='word_1_468' title='bbox 3072 2716 3276 2794; x_wconf 83' lang='grc' dir='ltr'>ἐτέρους</span> <span class='ocrx_word' id='word_1_469' title='bbox 3322 2716 3376 2772; x_wconf 83' lang='grc' dir='ltr'><em>δὲ</em></span> <span class='ocrx_word' id='word_1_470' title='bbox 3447 2721 3568 2784; x_wconf 85' lang='grc' dir='ltr'>τοὺς</span> <span class='ocrx_word' id='word_1_471' title='bbox 3629 2718 3879 2792; x_wconf 84' lang='grc' dir='ltr'>καλουμέ-</span> 
     </span>
    </p>
   </div>
   <div class='ocr_carea' id='block_1_73' title="bbox 2243 2800 3882 2888">
    <p class='ocr_par' dir='ltr' id='par_1_73' title="bbox 2243 2800 3882 2888">
     <span class='ocr_line' id='line_1_73' title="bbox 2243 2800 3882 2888; baseline 0.005 -33"><span class='ocrx_word' id='word_1_472' title='bbox 2243 2823 2363 2864; x_wconf 87' lang='grc' dir='ltr'>νους</span> <span class='ocrx_word' id='word_1_473' title='bbox 2425 2800 2669 2878; x_wconf 75' lang='grc' dir='ltr'>ὄρπηκας</span> <span class='ocrx_word' id='word_1_474' title='bbox 2723 2804 3134 2882; x_wconf 70' lang='grc' dir='ltr'>ἐμπεπηγότας,</span> <span class='ocrx_word' id='word_1_475' title='bbox 3166 2805 3355 2867; x_wconf 75' lang='grc' dir='ltr'>ἄλλους</span> <span class='ocrx_word' id='word_1_476' title='bbox 3402 2809 3734 2888; x_wconf 76' lang='grc' dir='ltr'>ὺποτρόχυνς</span> <span class='ocrx_word' id='word_1_477' title='bbox 3774 2806 3882 2864; x_wconf 78' lang='grc' dir='ltr'>κλί-</span> 
     </span>
    </p>
   </div>
   <div class='ocr_carea' id='block_1_74' title="bbox 2245 2890 3882 2973">
    <p class='ocr_par' dir='ltr' id='par_1_74' title="bbox 2245 2890 3882 2973">
     <span class='ocr_line' id='line_1_74' title="bbox 2245 2890 3882 2973; baseline 0.003 -28"><span class='ocrx_word' id='word_1_478' title='bbox 2245 2898 2416 2965; x_wconf 79' lang='grc' dir='ltr'>μοκέις</span> <span class='ocrx_word' id='word_1_479' title='bbox 2478 2890 2912 2970; x_wconf 64' lang='grc' dir='ltr'>ἐπιφερομένους,</span> <span class='ocrx_word' id='word_1_480' title='bbox 2969 2894 3177 2968; x_wconf 83' lang='grc' dir='ltr'>ἑτέρους</span> <span class='ocrx_word' id='word_1_481' title='bbox 3238 2894 3519 2972; x_wconf 73' lang='grc' dir='ltr'>διαπύρους</span> <span class='ocrx_word' id='word_1_482' title='bbox 3578 2898 3882 2973; x_wconf 84' lang='grc' dir='ltr'>μαγγανείας</span> 
     </span>
    </p>
   </div>
   <div class='ocr_carea' id='block_1_75' title="bbox 2246 2979 3881 3062">
    <p class='ocr_par' dir='ltr' id='par_1_75' title="bbox 2246 2979 3881 3062">
     <span class='ocr_line' id='line_1_75' title="bbox 2246 2979 3881 3062; baseline 0.003 -28"><span class='ocrx_word' id='word_1_483' title='bbox 2246 2979 2609 3048; x_wconf 64' lang='grc' dir='ltr'>ἐπινοοῦντας,</span> <span class='ocrx_word' id='word_1_484' title='bbox 2645 2984 2718 3044; x_wconf 86' lang='grc' dir='ltr'><strong>ὡς</strong></span> <span class='ocrx_word' id='word_1_485' title='bbox 2780 2981 2839 3037; x_wconf 77' lang='grc' dir='ltr'>ἐκ</span> <span class='ocrx_word' id='word_1_486' title='bbox 2887 2985 2994 3038; x_wconf 84' lang='grc' dir='ltr'><strong>τῶν</strong></span> <span class='ocrx_word' id='word_1_487' title='bbox 3049 2986 3333 3062; x_wconf 78' lang='grc' dir='ltr'>ὁρωμένων</span> <span class='ocrx_word' id='word_1_488' title='bbox 3377 2986 3429 3040; x_wconf 76' lang='grc' dir='ltr'>ἓν</span> <span class='ocrx_word' id='word_1_489' title='bbox 3463 2986 3678 3061; x_wconf 77' lang='grc' dir='ltr'>ἀμέτρῳ</span> <span class='ocrx_word' id='word_1_490' title='bbox 3727 2985 3881 3059; x_wconf 79' lang='grc' dir='ltr'>θλίψει</span> 
     </span>
    </p>
   </div>
   <div class='ocr_carea' id='block_1_76' title="bbox 2245 3070 3882 3150">
    <p class='ocr_par' dir='ltr' id='par_1_76' title="bbox 2245 3070 3882 3150">
     <span class='ocr_line' id='line_1_76' title="bbox 2245 3070 3882 3150; baseline 0.002 -26"><span class='ocrx_word' id='word_1_491' title='bbox 2245 3070 2340 3136; x_wconf 75' lang='grc' dir='ltr'>τὴν</span> <span class='ocrx_word' id='word_1_492' title='bbox 2403 3070 2557 3125; x_wconf 62' lang='grc' dir='ltr'>πάλιν</span> <span class='ocrx_word' id='word_1_493' title='bbox 2613 3075 2971 3150; x_wconf 69' lang='grc' dir='ltr'>συσχεθετσαν</span> <span class='ocrx_word' id='word_1_494' title='bbox 3029 3071 3232 3150; x_wconf 86' lang='grc' dir='ltr'>λέγειν,</span> <span class='ocrx_word' id='word_1_495' title='bbox 3297 3075 3377 3130; x_wconf 79' lang='grc' dir='ltr'><strong>ὅτι</strong></span> <span class='ocrx_word' id='word_1_496' title='bbox 3439 3078 3496 3131; x_wconf 75' lang='lat' dir='ltr'><strong>Ei</strong></span> <span class='ocrx_word' id='word_1_497' title='bbox 3543 3078 3629 3132; x_wconf 84' lang='grc' dir='ltr'><strong>καὶ</strong></span> <span class='ocrx_word' id='word_1_498' title='bbox 3686 3075 3742 3130; x_wconf 75' lang='grc' dir='ltr'>ἐκ</span> <span class='ocrx_word' id='word_1_499' title='bbox 3789 3080 3882 3128; x_wconf 88' lang='grc' dir='ltr'><strong>τῶν</strong></span> 
     </span>
    </p>
   </div>
   <div class='ocr_carea' id='block_1_77' title="bbox 2246 3160 3879 3242">
    <p class='ocr_par' dir='ltr' id='par_1_77' title="bbox 2246 3160 3879 3242">
     <span class='ocr_line' id='line_1_77' title="bbox 2246 3160 3879 3242; baseline 0.007 -27"><span class='ocrx_word' id='word_1_500' title='bbox 2246 3162 2513 3235; x_wconf 77' lang='grc' dir='ltr'>προτέρων</span> <span class='ocrx_word' id='word_1_501' title='bbox 2573 3160 2893 3239; x_wconf 80' lang='grc' dir='ltr'>πολιορκιῶν</span> <span class='ocrx_word' id='word_1_502' title='bbox 2938 3167 3034 3228; x_wconf 70' lang='grc' dir='ltr'>τὴν</span> <span class='ocrx_word' id='word_1_503' title='bbox 3083 3163 3236 3220; x_wconf 85' lang='grc' dir='ltr'>πόλιν</span> <span class='ocrx_word' id='word_1_504' title='bbox 3276 3163 3610 3242; x_wconf 82' lang='grc' dir='ltr'>ἐλυτρώσατο</span> <span class='ocrx_word' id='word_1_505' title='bbox 3669 3169 3695 3216; x_wconf 76' lang='grc' dir='ltr'>ὸ</span> <span class='ocrx_word' id='word_1_506' title='bbox 3747 3165 3879 3234; x_wconf 70' lang='grc' dir='ltr'><strong>Θεὸς,</strong></span> 
     </span>
    </p>
   </div>
   <div class='ocr_carea' id='block_1_78' title="bbox 2247 3247 3885 3329">
    <p class='ocr_par' dir='ltr' id='par_1_78' title="bbox 2247 3247 3885 3329">
     <span class='ocr_line' id='line_1_78' title="bbox 2247 3247 3885 3329; baseline 0.002 -25"><span class='ocrx_word' id='word_1_507' title='bbox 2247 3247 2366 3304; x_wconf 74' lang='grc' dir='ltr'>ἀλλ’</span> <span class='ocrx_word' id='word_1_508' title='bbox 2427 3249 2486 3305; x_wconf 76' lang='grc' dir='ltr'>ἐκ</span> <span class='ocrx_word' id='word_1_509' title='bbox 2517 3251 2713 3318; x_wconf 69' lang='grc' dir='ltr'>ταύτης</span> <span class='ocrx_word' id='word_1_510' title='bbox 2771 3252 2865 3307; x_wconf 75' lang='grc' dir='ltr'>οὒκ</span> <span class='ocrx_word' id='word_1_511' title='bbox 2909 3253 3125 3326; x_wconf 76' lang='grc' dir='ltr'>οἰόμεθα</span> <span class='ocrx_word' id='word_1_512' title='bbox 3183 3254 3461 3324; x_wconf 80' lang='grc' dir='ltr'>σώζεσθαι·</span> <span class='ocrx_word' id='word_1_513' title='bbox 3501 3254 3744 3313; x_wconf 73' lang='grc' dir='ltr'>οὒδέποτε</span> <span class='ocrx_word' id='word_1_514' title='bbox 3798 3253 3885 3329; x_wconf 77' lang='grc' dir='ltr'><strong>γὰρ</strong></span> 
     </span>
    </p>
   </div>
   <div class='ocr_carea' id='block_1_79' title="bbox 2245 3337 3884 3422">
    <p class='ocr_par' dir='ltr' id='par_1_79' title="bbox 2245 3337 3884 3422">
     <span class='ocr_line' id='line_1_79' title="bbox 2245 3337 3884 3422; baseline 0.001 -30"><span class='ocrx_word' id='word_1_515' title='bbox 2245 3338 2511 3402; x_wconf 85' lang='grc' dir='ltr'>τοσαύτην</span> <span class='ocrx_word' id='word_1_516' title='bbox 2541 3337 2746 3404; x_wconf 78' lang='grc' dir='ltr'>πληθὺν</span> <span class='ocrx_word' id='word_1_517' title='bbox 2801 3339 3076 3418; x_wconf 73' lang='grc' dir='ltr'>βαρϐαρων</span> <span class='ocrx_word' id='word_1_518' title='bbox 3135 3365 3214 3406; x_wconf 90' lang='grc' dir='ltr'><strong>τις</strong></span> <span class='ocrx_word' id='word_1_519' title='bbox 3277 3347 3344 3419; x_wconf 75' lang='grc' dir='ltr'><strong>τῇ</strong></span> <span class='ocrx_word' id='word_1_520' title='bbox 3375 3343 3530 3400; x_wconf 82' lang='grc' dir='ltr'>πόλει</span> <span class='ocrx_word' id='word_1_521' title='bbox 3582 3341 3884 3422; x_wconf 73' lang='grc' dir='ltr'>προσϐαλεῖν</span> 
     </span>
    </p>
   </div>
   <div class='ocr_carea' id='block_1_80' title="bbox 2247 3427 3886 3508">
    <p class='ocr_par' dir='ltr' id='par_1_80' title="bbox 2247 3427 3886 3508">
     <span class='ocr_line' id='line_1_80' title="bbox 2247 3427 3886 3508; baseline 0.003 -28"><span class='ocrx_word' id='word_1_522' title='bbox 2247 3427 2512 3488; x_wconf 86' lang='grc' dir='ltr'>τεθέαται.</span> <span class='ocrx_word' id='word_1_523' title='bbox 2555 3429 2652 3485; x_wconf 80' lang='grc' dir='ltr'>Καὶ</span> <span class='ocrx_word' id='word_1_524' title='bbox 2698 3429 2862 3486; x_wconf 73' lang='grc' dir='ltr'>ταῦτα</span> <span class='ocrx_word' id='word_1_525' title='bbox 2916 3435 3001 3486; x_wconf 78' lang='grc' dir='ltr'>καὶ</span> <span class='ocrx_word' id='word_1_526' title='bbox 3055 3431 3284 3488; x_wconf 69' lang='grc' dir='ltr'>πλεῖστα</span> <span class='ocrx_word' id='word_1_527' title='bbox 3333 3435 3377 3489; x_wconf 86' lang='grc' dir='ltr'>οἱ</span> <span class='ocrx_word' id='word_1_528' title='bbox 3435 3435 3673 3507; x_wconf 78' lang='grc' dir='ltr'>μάλιστα</span> <span class='ocrx_word' id='word_1_529' title='bbox 3718 3433 3886 3508; x_wconf 81' lang='grc' dir='ltr'>ἀπειρο</span> 
     </span>
    </p>
   </div>
   <div class='ocr_carea' id='block_1_81' title="bbox 2247 3515 2497 3590">
    <p class='ocr_par' dir='ltr' id='par_1_81' title="bbox 2247 3515 2497 3590">
     <span class='ocr_line' id='line_1_81' title="bbox 2247 3515 2497 3590; baseline 0.012 -19"><span class='ocrx_word' id='word_1_530' title='bbox 2247 3515 2497 3590; x_wconf 84' lang='grc' dir='ltr'>πόλεμοι.</span> 
     </span>
    </p>
   </div>
   <div class='ocr_carea' id='block_1_82' title="bbox 2327 3713 3888 3802">
    <p class='ocr_par' dir='ltr' id='par_1_82' title="bbox 2327 3713 3888 3802">
     <span class='ocr_line' id='line_1_82' title="bbox 2327 3713 3888 3802; baseline -0.012 -5"><span class='ocrx_word' id='word_1_531' title='bbox 2327 3721 2465 3796; x_wconf 57' lang='grc' dir='ltr'>Ρ⁰Υ’·</span> <span class='ocrx_word' id='word_1_532' title='bbox 2543 3713 2601 3779; x_wconf 62' lang='grc' dir='ltr'>Ὅ</span> <span class='ocrx_word' id='word_1_533' title='bbox 2659 3722 2714 3780; x_wconf 68' lang='grc' dir='ltr'><strong>δέ</strong></span> <span class='ocrx_word' id='word_1_534' title='bbox 2795 3724 3103 3802; x_wconf 78' lang='grc' dir='ltr'>προῤῥηθεὶς</span> <span class='ocrx_word' id='word_1_535' title='bbox 3189 3730 3370 3802; x_wconf 81' lang='grc' dir='ltr'>Πατὴρ</span> <span class='ocrx_word' id='word_1_536' title='bbox 3447 3731 3536 3784; x_wconf 80' lang='grc' dir='ltr'><strong>καὶ</strong></span> <span class='ocrx_word' id='word_1_537' title='bbox 3619 3728 3888 3790; x_wconf 75' lang='grc' dir='ltr'>ἐπίσκοπος</span> 
     </span>
    </p>
   </div>
   <div class='ocr_carea' id='block_1_83' title="bbox 2247 3808 3886 3892">
    <p class='ocr_par' dir='ltr' id='par_1_83' title="bbox 2247 3808 3886 3892">
     <span class='ocr_line' id='line_1_83' title="bbox 2247 3808 3886 3892; baseline 0.003 -29"><span class='ocrx_word' id='word_1_538' title='bbox 2247 3810 2470 3886; x_wconf 70' lang='grc' dir='ltr'>παρῄνει</span> <span class='ocrx_word' id='word_1_539' title='bbox 2529 3808 2694 3884; x_wconf 80' lang='grc' dir='ltr'>μηδὲν</span> <span class='ocrx_word' id='word_1_540' title='bbox 2751 3813 2982 3889; x_wconf 78' lang='grc' dir='ltr'>ῥᾴθυμον</span> <span class='ocrx_word' id='word_1_541' title='bbox 3040 3814 3240 3892; x_wconf 82' lang='grc' dir='ltr'>φέρειν,</span> <span class='ocrx_word' id='word_1_542' title='bbox 3273 3815 3410 3874; x_wconf 78' lang='grc' dir='ltr'>ἀλλὰ</span> <span class='ocrx_word' id='word_1_543' title='bbox 3467 3818 3562 3872; x_wconf 82' lang='grc' dir='ltr'><strong>τὸν</strong></span> <span class='ocrx_word' id='word_1_544' title='bbox 3618 3815 3886 3890; x_wconf 80' lang='grc' dir='ltr'>αολοφὸρον</span> 
     </span>
    </p>
   </div>
   <div class='ocr_carea' id='block_1_84' title="bbox 2247 3899 3886 3982">
    <p class='ocr_par' dir='ltr' id='par_1_84' title="bbox 2247 3899 3886 3982">
     <span class='ocr_line' id='line_1_84' title="bbox 2247 3899 3886 3982; baseline 0.002 -29"><span class='ocrx_word' id='word_1_545' title='bbox 2247 3899 2511 3954; x_wconf 78' lang='grc' dir='ltr'>αἰτεῖσθαι</span> <span class='ocrx_word' id='word_1_546' title='bbox 2567 3902 2745 3956; x_wconf 80' lang='grc' dir='ltr'>καὶτὰ</span> <span class='ocrx_word' id='word_1_547' title='bbox 2793 3909 2880 3956; x_wconf 84' lang='grc' dir='ltr'>νῦν</span> <span class='ocrx_word' id='word_1_548' title='bbox 2932 3917 3271 3982; x_wconf 77' lang='grc' dir='ltr'>συμμαχεῖν.</span> <span class='ocrx_word' id='word_1_549' title='bbox 3326 3904 3456 3963; x_wconf 84' lang='grc' dir='ltr'>Τότε</span> <span class='ocrx_word' id='word_1_550' title='bbox 3503 3905 3558 3960; x_wconf 76' lang='grc' dir='ltr'><strong>δὲ</strong></span> <span class='ocrx_word' id='word_1_551' title='bbox 3610 3902 3726 3961; x_wconf 86' lang='grc' dir='ltr'>κατ’</span> <span class='ocrx_word' id='word_1_552' title='bbox 3777 3903 3886 3972; x_wconf 77' lang='grc' dir='ltr'>ὄναρ</span> 
     </span>
    </p>
   </div>
   <div class='ocr_carea' id='block_1_85' title="bbox 2249 3989 3886 4071">
    <p class='ocr_par' dir='ltr' id='par_1_85' title="bbox 2249 3989 3886 4071">
     <span class='ocr_line' id='line_1_85' title="bbox 2249 3989 3886 4071; baseline 0.001 -29"><span class='ocrx_word' id='word_1_553' title='bbox 2249 3989 2344 4064; x_wconf 79' lang='grc' dir='ltr'>ὁρᾷ</span> <span class='ocrx_word' id='word_1_554' title='bbox 2403 3991 2430 4044; x_wconf 87' lang='grc' dir='ltr'>ὁ</span> <span class='ocrx_word' id='word_1_555' title='bbox 2462 3991 2910 4066; x_wconf 82' lang='grc' dir='ltr'>παμμακάριστος</span> <span class='ocrx_word' id='word_1_556' title='bbox 2983 3994 3190 4058; x_wconf 63' lang='grc' dir='ltr'>ὶκεῖνος</span> <span class='ocrx_word' id='word_1_557' title='bbox 3237 3995 3419 4071; x_wconf 78' lang='grc' dir='ltr'>Πατήρ</span> <span class='ocrx_word' id='word_1_558' title='bbox 3491 4017 3613 4051; x_wconf 88' lang='grc' dir='ltr'>τινα</span> <span class='ocrx_word' id='word_1_559' title='bbox 3661 3991 3886 4066; x_wconf 76' lang='grc' dir='ltr'>λαμπρὸν</span> 
     </span>
    </p>
   </div>
   <div class='ocr_carea' id='block_1_86' title="bbox 2251 4077 3887 4157">
    <p class='ocr_par' dir='ltr' id='par_1_86' title="bbox 2251 4077 3887 4157">
     <span class='ocr_line' id='line_1_86' title="bbox 2251 4077 3887 4157; baseline 0 -23"><span class='ocrx_word' id='word_1_560' title='bbox 2251 4077 2410 4154; x_wconf 77' lang='grc' dir='ltr'>ἄνδρα</span> <span class='ocrx_word' id='word_1_561' title='bbox 2467 4077 2690 4154; x_wconf 87' lang='grc' dir='ltr'>λέγοντα</span> <span class='ocrx_word' id='word_1_562' title='bbox 2751 4081 2838 4136; x_wconf 85' lang='grc' dir='ltr'><strong>καὶ</strong></span> <span class='ocrx_word' id='word_1_563' title='bbox 2899 4083 2973 4140; x_wconf 80' lang='grc' dir='ltr'>ὡς</span> <span class='ocrx_word' id='word_1_564' title='bbox 3036 4081 3359 4157; x_wconf 68' lang='grc' dir='ltr'>εὖθυμοῦντα</span> <span class='ocrx_word' id='word_1_565' title='bbox 3420 4084 3600 4142; x_wconf 66' lang='grc' dir='ltr'>αότον·</span> <span class='ocrx_word' id='word_1_566' title='bbox 3642 4083 3725 4148; x_wconf 75' lang='grc' dir='ltr'><strong>Μὴ</strong></span> <span class='ocrx_word' id='word_1_567' title='bbox 3775 4081 3887 4135; x_wconf 73' lang='grc' dir='ltr'>ἀθυ-</span> 
     </span>
    </p>
   </div>
   <div class='ocr_carea' id='block_1_87' title="bbox 2251 4167 3883 4248">
    <p class='ocr_par' dir='ltr' id='par_1_87' title="bbox 2251 4167 3883 4248">
     <span class='ocr_line' id='line_1_87' title="bbox 2251 4167 3883 4248; baseline 0.004 -26"><span class='ocrx_word' id='word_1_568' title='bbox 2251 4180 2377 4242; x_wconf 74' lang='grc' dir='ltr'>μεῖν</span> <span class='ocrx_word' id='word_1_569' title='bbox 2435 4187 2492 4222; x_wconf 93' lang='grc' dir='ltr'><strong>σε</strong></span> <span class='ocrx_word' id='word_1_570' title='bbox 2542 4171 2803 4242; x_wconf 78' lang='grc' dir='ltr'>παραινῶ,</span> <span class='ocrx_word' id='word_1_571' title='bbox 2840 4171 3040 4248; x_wconf 73' lang='grc' dir='ltr'>φήσας,</span> <span class='ocrx_word' id='word_1_572' title='bbox 3076 4168 3233 4244; x_wconf 77' lang='grc' dir='ltr'>διότι,</span> <span class='ocrx_word' id='word_1_573' title='bbox 3266 4172 3355 4227; x_wconf 78' lang='grc' dir='ltr'><strong>ἐὰν</strong></span> <span class='ocrx_word' id='word_1_574' title='bbox 3405 4173 3618 4229; x_wconf 78' lang='grc' dir='ltr'>ἅπασαν</span> <span class='ocrx_word' id='word_1_575' title='bbox 3661 4175 3694 4240; x_wconf 73' lang='grc' dir='ltr'>ἦ</span> <span class='ocrx_word' id='word_1_576' title='bbox 3746 4167 3883 4229; x_wconf 78' lang='grc' dir='ltr'>πόλις</span> 
     </span>
    </p>
   </div>
   <div class='ocr_carea' id='block_1_88' title="bbox 2253 4254 3886 4336">
    <p class='ocr_par' dir='ltr' id='par_1_88' title="bbox 2253 4254 3886 4336">
     <span class='ocr_line' id='line_1_88' title="bbox 2253 4254 3886 4336; baseline 0.001 -27"><span class='ocrx_word' id='word_1_577' title='bbox 2253 4254 2586 4330; x_wconf 81' lang='grc' dir='ltr'>ὁμοθυμαδὸν</span> <span class='ocrx_word' id='word_1_578' title='bbox 2642 4257 2908 4335; x_wconf 75' lang='grc' dir='ltr'>ἀνακραξῃ</span> <span class='ocrx_word' id='word_1_579' title='bbox 2998 4261 3060 4314; x_wconf 78' lang='grc' dir='ltr'>τὸ</span> <span class='ocrx_word' id='word_1_580' title='bbox 3133 4261 3308 4336; x_wconf 82' lang='grc' dir='ltr'>Κύριε,</span> <span class='ocrx_word' id='word_1_581' title='bbox 3371 4260 3618 4334; x_wconf 77' lang='grc' dir='ltr'>ἐλέησον,</span> <span class='ocrx_word' id='word_1_582' title='bbox 3691 4261 3773 4314; x_wconf 86' lang='grc' dir='ltr'><strong>καὶ</strong></span> <span class='ocrx_word' id='word_1_583' title='bbox 3836 4255 3886 4310; x_wconf 70' lang='grc' dir='ltr'>ἐκ</span> 
     </span>
    </p>
   </div>
   <div class='ocr_carea' id='block_1_89' title="bbox 2253 4344 3885 4423">
    <p class='ocr_par' dir='ltr' id='par_1_89' title="bbox 2253 4344 3885 4423">
     <span class='ocr_line' id='line_1_89' title="bbox 2253 4344 3885 4423; baseline 0.001 -23"><span class='ocrx_word' id='word_1_584' title='bbox 2253 4345 2447 4410; x_wconf 83' lang='grc' dir='ltr'>ταύτης</span> <span class='ocrx_word' id='word_1_585' title='bbox 2500 4344 2596 4409; x_wconf 73' lang='grc' dir='ltr'>τῆς</span> <span class='ocrx_word' id='word_1_586' title='bbox 2655 4345 2961 4423; x_wconf 85' lang='grc' dir='ltr'>πολιορκίας</span> <span class='ocrx_word' id='word_1_587' title='bbox 3019 4347 3430 4416; x_wconf 68' lang='grc' dir='ltr'>διασωθήσεσθε.</span> <span class='ocrx_word' id='word_1_588' title='bbox 3495 4351 3654 4408; x_wconf 71' lang='grc' dir='ltr'>’Ὅθεν</span> <span class='ocrx_word' id='word_1_589' title='bbox 3718 4346 3885 4403; x_wconf 85' lang='grc' dir='ltr'>λοιπὸν</span> 
     </span>
    </p>
   </div>
   <div class='ocr_carea' id='block_1_90' title="bbox 2253 4432 3882 4516">
    <p class='ocr_par' dir='ltr' id='par_1_90' title="bbox 2253 4432 3882 4516">
     <span class='ocr_line' id='line_1_90' title="bbox 2253 4432 3882 4516; baseline 0.004 -28"><span class='ocrx_word' id='word_1_590' title='bbox 2253 4435 2372 4488; x_wconf 74' lang='grc' dir='ltr'>τότε</span> <span class='ocrx_word' id='word_1_591' title='bbox 2426 4432 2481 4488; x_wconf 76' lang='grc' dir='ltr'>ἑν</span> <span class='ocrx_word' id='word_1_592' title='bbox 2513 4432 2736 4509; x_wconf 77' lang='grc' dir='ltr'>πλείστῃ</span> <span class='ocrx_word' id='word_1_593' title='bbox 2787 4433 3014 4513; x_wconf 70' lang='grc' dir='ltr'>φροντίδι</span> <span class='ocrx_word' id='word_1_594' title='bbox 3045 4440 3130 4492; x_wconf 81' lang='grc' dir='ltr'><strong>καὶ</strong></span> <span class='ocrx_word' id='word_1_595' title='bbox 3191 4436 3450 4512; x_wconf 75' lang='grc' dir='ltr'>ἀδημονέᾳ</span> <span class='ocrx_word' id='word_1_596' title='bbox 3479 4448 3572 4495; x_wconf 78' lang='grc' dir='ltr'>τοῦ</span> <span class='ocrx_word' id='word_1_597' title='bbox 3633 4437 3882 4516; x_wconf 72' lang='grc' dir='ltr'>ὁραθέντος</span> 
     </span>
    </p>
   </div>
   <div class='ocr_carea' id='block_1_91' title="bbox 2254 4522 3883 4604">
    <p class='ocr_par' dir='ltr' id='par_1_91' title="bbox 2254 4522 3883 4604">
     <span class='ocr_line' id='line_1_91' title="bbox 2254 4522 3883 4604; baseline 0.004 -27"><span class='ocrx_word' id='word_1_598' title='bbox 2254 4524 2562 4600; x_wconf 79' lang='grc' dir='ltr'>γενόμενος,</span> <span class='ocrx_word' id='word_1_599' title='bbox 2624 4525 2721 4578; x_wconf 66' lang='grc' dir='ltr'>καὶ</span> <span class='ocrx_word' id='word_1_600' title='bbox 2777 4522 3058 4604; x_wconf 80' lang='grc' dir='ltr'>διαφόρους</span> <span class='ocrx_word' id='word_1_601' title='bbox 3114 4527 3335 4604; x_wconf 72' lang='grc' dir='ltr'>τρόπους</span> <span class='ocrx_word' id='word_1_602' title='bbox 3410 4528 3466 4583; x_wconf 84' lang='grc' dir='ltr'>ἐν</span> <span class='ocrx_word' id='word_1_603' title='bbox 3519 4529 3741 4604; x_wconf 77' lang='grc' dir='ltr'>βουλαῖς</span> <span class='ocrx_word' id='word_1_604' title='bbox 3798 4527 3883 4578; x_wconf 75' lang='grc' dir='ltr'><strong>ἀν-</strong></span> 
     </span>
    </p>
   </div>
   <div class='ocr_carea' id='block_1_92' title="bbox 2254 4610 3882 4690">
    <p class='ocr_par' dir='ltr' id='par_1_92' title="bbox 2254 4610 3882 4690">
     <span class='ocr_line' id='line_1_92' title="bbox 2254 4610 3882 4690; baseline 0.001 -24"><span class='ocrx_word' id='word_1_605' title='bbox 2254 4611 2478 4690; x_wconf 80' lang='grc' dir='ltr'>ιχνεύων</span> <span class='ocrx_word' id='word_1_606' title='bbox 2514 4611 2604 4666; x_wconf 75' lang='grc' dir='ltr'>καί</span> <span class='ocrx_word' id='word_1_607' title='bbox 2657 4610 2850 4690; x_wconf 84' lang='grc' dir='ltr'>λέγων·</span> <span class='ocrx_word' id='word_1_608' title='bbox 2921 4620 3041 4678; x_wconf 85' lang='grc' dir='ltr'>Πῶς</span> <span class='ocrx_word' id='word_1_609' title='bbox 3101 4613 3377 4683; x_wconf 81' lang='grc' dir='ltr'>δυνήσεται</span> <span class='ocrx_word' id='word_1_610' title='bbox 3408 4617 3567 4674; x_wconf 73' lang='grc' dir='ltr'>τοῦτο</span> <span class='ocrx_word' id='word_1_611' title='bbox 3613 4617 3882 4690; x_wconf 71' lang='grc' dir='ltr'>γενέσθαις</span> 
     </span>
    </p>
   </div>
   <div class='ocr_carea' id='block_1_93' title="bbox 517 4699 2158 4784">
    <p class='ocr_par' dir='ltr' id='par_1_93' title="bbox 517 4699 2158 4781">
     <span class='ocr_line' id='line_1_93' title="bbox 517 4699 2158 4781; baseline -0.002 -16"><span class='ocrx_word' id='word_1_612' title='bbox 517 4705 718 4765; x_wconf 85' lang='lat' dir='ltr'><strong>animo</strong></span> <span class='ocrx_word' id='word_1_613' title='bbox 750 4702 1100 4781; x_wconf 90' lang='lat' dir='ltr'><strong>revolveret,</strong></span> <span class='ocrx_word' id='word_1_614' title='bbox 1137 4721 1203 4762; x_wconf 91' lang='lat' dir='ltr'><strong>ac</strong></span> <span class='ocrx_word' id='word_1_615' title='bbox 1258 4703 1560 4778; x_wconf 89' lang='lat' dir='ltr'><strong>quomodo</strong></span> <span class='ocrx_word' id='word_1_616' title='bbox 1598 4702 1836 4781; x_wconf 78' lang='lat' dir='ltr'><strong>(populo</strong></span> <span class='ocrx_word' id='word_1_617' title='bbox 1869 4699 2030 4760; x_wconf 93' lang='lat' dir='ltr'><strong>omni</strong></span> <span class='ocrx_word' id='word_1_618' title='bbox 2066 4719 2158 4779; x_wconf 87' lang='lat' dir='ltr'><strong>pet</strong></span> 
     </span>
    </p>
   </div>
   <div class='ocr_carea' id='block_1_94' title="bbox 2244 4699 3883 4784">
    <p class='ocr_par' dir='ltr' id='par_1_94' title="bbox 2248 4699 3883 4784">
     <span class='ocr_line' id='line_1_94' title="bbox 2248 4699 3883 4784; baseline 0.002 -27"><span class='ocrx_word' id='word_1_619' title='bbox 2248 4707 2342 4757; x_wconf 79' lang='grc' dir='ltr'>τοῦ</span> <span class='ocrx_word' id='word_1_620' title='bbox 2393 4722 2489 4776; x_wconf 86' lang='grc' dir='ltr'><strong>γαρ</strong></span> <span class='ocrx_word' id='word_1_621' title='bbox 2543 4703 2739 4766; x_wconf 77' lang='grc' dir='ltr'>παντὸς</span> <span class='ocrx_word' id='word_1_622' title='bbox 2797 4699 2930 4758; x_wconf 77' lang='grc' dir='ltr'>λαοῦ</span> <span class='ocrx_word' id='word_1_623' title='bbox 2989 4701 3073 4758; x_wconf 82' lang='grc' dir='ltr'><strong>διὰ</strong></span> <span class='ocrx_word' id='word_1_624' title='bbox 3131 4711 3222 4760; x_wconf 80' lang='grc' dir='ltr'>τοῦ</span> <span class='ocrx_word' id='word_1_625' title='bbox 3273 4707 3484 4784; x_wconf 84' lang='grc' dir='ltr'>τείχους</span> <span class='ocrx_word' id='word_1_626' title='bbox 3543 4711 3640 4772; x_wconf 81' lang='grc' dir='ltr'>τῆς</span> <span class='ocrx_word' id='word_1_627' title='bbox 3697 4701 3883 4761; x_wconf 78' lang='grc' dir='ltr'>πόλεως</span> 
     </span>
    </p>
   </div>
   <div class='ocr_carea' id='block_1_95' title="bbox 522 4789 2168 4872">
    <p class='ocr_par' dir='ltr' id='par_1_95' title="bbox 522 4789 2168 4872">
     <span class='ocr_line' id='line_1_95' title="bbox 522 4789 2168 4872; baseline -0.004 -17"><span class='ocrx_word' id='word_1_628' title='bbox 522 4793 776 4855; x_wconf 73' lang='lat' dir='ltr'><strong>civitatis</strong></span> <span class='ocrx_word' id='word_1_629' title='bbox 810 4791 1027 4854; x_wconf 67' lang='lat' dir='ltr'><strong>manlia</strong></span> <span class='ocrx_word' id='word_1_630' title='bbox 1058 4792 1328 4872; x_wconf 82' lang='lat' dir='ltr'><strong>disperso</strong></span> <span class='ocrx_word' id='word_1_631' title='bbox 1362 4791 1762 4868; x_wconf 86' lang='lat' dir='ltr'><strong>Barbarisque</strong></span> <span class='ocrx_word' id='word_1_632' title='bbox 1792 4789 1935 4850; x_wconf 81' lang='lat' dir='ltr'><strong>alias</strong></span> <span class='ocrx_word' id='word_1_633' title='bbox 1979 4789 2168 4849; x_wconf 90' lang='lat' dir='ltr'><strong>alior-</strong></span> 
     </span>
    </p>
   </div>
   <div class='ocr_carea' id='block_1_96' title="bbox 523 4879 2168 4960">
    <p class='ocr_par' dir='ltr' id='par_1_96' title="bbox 523 4879 2168 4960">
     <span class='ocr_line' id='line_1_96' title="bbox 523 4879 2168 4960; baseline -0.003 -17"><span class='ocrx_word' id='word_1_634' title='bbox 523 4902 654 4944; x_wconf 91' lang='lat' dir='ltr'><strong>sum</strong></span> <span class='ocrx_word' id='word_1_635' title='bbox 690 4881 1212 4957; x_wconf 84' lang='lat' dir='ltr'><strong>tumultuantibus)</strong></span> <span class='ocrx_word' id='word_1_636' title='bbox 1269 4879 1399 4942; x_wconf 79' lang='lat' dir='ltr'><strong>tieri</strong></span> <span class='ocrx_word' id='word_1_637' title='bbox 1429 4880 1487 4941; x_wconf 91' lang='lat' dir='ltr'><strong>id</strong></span> <span class='ocrx_word' id='word_1_638' title='bbox 1523 4889 1748 4960; x_wconf 86' lang='lat' dir='ltr'><strong>posset,</strong></span> <span class='ocrx_word' id='word_1_639' title='bbox 1784 4879 2033 4951; x_wconf 86' lang='lat' dir='ltr'><strong>diceret,</strong></span> <span class='ocrx_word' id='word_1_640' title='bbox 2065 4897 2168 4938; x_wconf 92' lang='lat' dir='ltr'><strong>so-</strong></span> 
     </span>
    </p>
   </div>
   <div class='ocr_carea' id='block_1_97' title="bbox 524 4967 2176 5052">
    <p class='ocr_par' dir='ltr' id='par_1_97' title="bbox 524 4967 2176 5052">
     <span class='ocr_line' id='line_1_97' title="bbox 524 4967 2176 5052; baseline -0.004 -19"><span class='ocrx_word' id='word_1_641' title='bbox 524 4971 644 5033; x_wconf 90' lang='lat' dir='ltr'><strong>lum</strong></span> <span class='ocrx_word' id='word_1_642' title='bbox 681 4979 819 5032; x_wconf 92' lang='lat' dir='ltr'><strong>tunc</strong></span> <span class='ocrx_word' id='word_1_643' title='bbox 849 4972 1122 5052; x_wconf 82' lang='lat' dir='ltr'><strong>lacrymls</strong></span> <span class='ocrx_word' id='word_1_644' title='bbox 1153 4969 1409 5050; x_wconf 77' lang='lat' dir='ltr'><strong>rigabat,</strong></span> <span class='ocrx_word' id='word_1_645' title='bbox 1443 4969 1624 5030; x_wconf 91' lang='lat' dir='ltr'><strong>Deum</strong></span> <span class='ocrx_word' id='word_1_646' title='bbox 1664 4967 1908 5028; x_wconf 92' lang='lat' dir='ltr'><strong>multum</strong></span> <span class='ocrx_word' id='word_1_647' title='bbox 1944 4967 2176 5028; x_wconf 89' lang='lat' dir='ltr'><strong>miseri-</strong></span> 
     </span>
    </p>
   </div>
   <div class='ocr_carea' id='block_1_98' title="bbox 523 5061 1355 5123">
    <p class='ocr_par' dir='ltr' id='par_1_98' title="bbox 523 5061 1355 5123">
     <span class='ocr_line' id='line_1_98' title="bbox 523 5061 1355 5123; baseline -0.001 -1"><span class='ocrx_word' id='word_1_648' title='bbox 523 5061 767 5123; x_wconf 89' lang='lat' dir='ltr'><strong>cordem</strong></span> <span class='ocrx_word' id='word_1_649' title='bbox 800 5079 977 5122; x_wconf 90' lang='lat' dir='ltr'><strong>orans</strong></span> <span class='ocrx_word' id='word_1_650' title='bbox 1001 5080 1069 5122; x_wconf 90' lang='lat' dir='ltr'><strong>ac</strong></span> <span class='ocrx_word' id='word_1_651' title='bbox 1101 5061 1309 5122; x_wconf 90' lang='lat' dir='ltr'><strong>dicens</strong></span> <span class='ocrx_word' id='word_1_652' title='bbox 1343 5076 1355 5121; x_wconf 93' lang='lat'><strong>:</strong></span> 
     </span>
    </p>
   </div>
   <div class='ocr_carea' id='block_1_99' title="bbox 598 5231 2176 5304">
    <p class='ocr_par' dir='ltr' id='par_1_99' title="bbox 598 5231 2176 5304">
     <span class='ocr_line' id='line_1_99' title="bbox 598 5231 2176 5304; baseline -0.003 -13"><span class='ocrx_word' id='word_1_653' title='bbox 598 5235 703 5304; x_wconf 77' lang='lat'><strong>(38;</strong></span> <span class='ocrx_word' id='word_1_654' title='bbox 733 5235 871 5291; x_wconf 88' lang='lat' dir='ltr'><strong>Cum</strong></span> <span class='ocrx_word' id='word_1_655' title='bbox 905 5235 1010 5292; x_wconf 89' lang='lat' dir='ltr'><strong>sub</strong></span> <span class='ocrx_word' id='word_1_656' title='bbox 1048 5235 1229 5291; x_wconf 88' lang='lat' dir='ltr'><strong>tribus</strong></span> <span class='ocrx_word' id='word_1_657' title='bbox 1282 5231 1727 5304; x_wconf 60' lang='lat' dir='ltr'><strong>imperatoribus</strong></span> <span class='ocrx_word' id='word_1_658' title='bbox 1747 5232 2022 5304; x_wconf 66' lang='lat' dir='ltr'><strong>proxime</strong></span> <span class='ocrx_word' id='word_1_659' title='bbox 2055 5245 2176 5287; x_wconf 87' lang='lat' dir='ltr'><strong>me-</strong></span> 
     </span>
    </p>
   </div>
   <div class='ocr_carea' id='block_1_100' title="bbox 529 5301 2174 5377">
    <p class='ocr_par' dir='ltr' id='par_1_100' title="bbox 529 5301 2174 5377">
     <span class='ocr_line' id='line_1_100' title="bbox 529 5301 2174 5377; baseline -0.004 -13"><span class='ocrx_word' id='word_1_660' title='bbox 529 5301 764 5364; x_wconf 82' lang='lat' dir='ltr'><strong>moratis</strong></span> <span class='ocrx_word' id='word_1_661' title='bbox 797 5305 1074 5377; x_wconf 78' lang='lat' dir='ltr'><strong>Bulgandi</strong></span> <span class='ocrx_word' id='word_1_662' title='bbox 1109 5304 1259 5361; x_wconf 86' lang='lat' dir='ltr'><strong>haud</strong></span> <span class='ocrx_word' id='word_1_663' title='bbox 1285 5301 1435 5377; x_wconf 18' lang='lat' dir='ltr'><strong>ratio.</strong></span> <span class='ocrx_word' id='word_1_664' title='bbox 1465 5302 1545 5377; x_wconf 67' lang='lat' dir='ltr'><strong>uti</strong></span> <span class='ocrx_word' id='word_1_665' title='bbox 1571 5307 1720 5377; x_wconf 80' lang='lat' dir='ltr'><strong>apud</strong></span> <span class='ocrx_word' id='word_1_666' title='bbox 1743 5301 2174 5377; x_wconf 74' lang='lat' dir='ltr'><strong>Theophanem,</strong></span> 
     </span>
    </p>
   </div>
   <div class='ocr_carea' id='block_1_101' title="bbox 525 5372 2172 5442">
    <p class='ocr_par' dir='ltr' id='par_1_101' title="bbox 525 5372 2172 5442">
     <span class='ocr_line' id='line_1_101' title="bbox 525 5372 2172 5442; baseline -0.003 -8"><span class='ocrx_word' id='word_1_667' title='bbox 525 5379 848 5436; x_wconf 77' lang='lat' dir='ltr'><strong>Cedrenum</strong></span> <span class='ocrx_word' id='word_1_668' title='bbox 886 5372 938 5434; x_wconf 72' lang='lat' dir='ltr'><strong>ei</strong></span> <span class='ocrx_word' id='word_1_669' title='bbox 968 5377 1244 5433; x_wconf 67' lang='lat' dir='ltr'><strong>Zonaram</strong></span> <span class='ocrx_word' id='word_1_670' title='bbox 1280 5375 1468 5430; x_wconf 87' lang='lat' dir='ltr'><strong>videre</strong></span> <span class='ocrx_word' id='word_1_671' title='bbox 1501 5375 1652 5435; x_wconf 84' lang='lat' dir='ltr'><strong>licet.</strong></span> <span class='ocrx_word' id='word_1_672' title='bbox 1689 5376 1745 5430; x_wconf 87' lang='lat' dir='ltr'><strong>in</strong></span> <span class='ocrx_word' id='word_1_673' title='bbox 1805 5372 2023 5442; x_wconf 78' lang='lat' dir='ltr'><strong>imperii</strong></span> <span class='ocrx_word' id='word_1_674' title='bbox 2065 5377 2172 5429; x_wconf 79' lang='lat' dir='ltr'><strong>lto-</strong></span> 
     </span>
    </p>
   </div>
   <div class='ocr_carea' id='block_1_102' title="bbox 527 5445 2176 5514">
    <p class='ocr_par' dir='ltr' id='par_1_102' title="bbox 527 5445 2176 5514">
     <span class='ocr_line' id='line_1_102' title="bbox 527 5445 2176 5514; baseline -0.004 -7"><span class='ocrx_word' id='word_1_675' title='bbox 527 5453 682 5507; x_wconf 86' lang='lat' dir='ltr'><strong>mani</strong></span> <span class='ocrx_word' id='word_1_676' title='bbox 749 5459 924 5505; x_wconf 86' lang='lat' dir='ltr'><strong>terras</strong></span> <span class='ocrx_word' id='word_1_677' title='bbox 983 5447 1368 5508; x_wconf 61' lang='lat' dir='ltr'><strong>excurrerint,</strong></span> <span class='ocrx_word' id='word_1_678' title='bbox 1429 5447 1650 5514; x_wconf 84' lang='lat' dir='ltr'><strong>aliquos</strong></span> <span class='ocrx_word' id='word_1_679' title='bbox 1716 5445 1917 5499; x_wconf 80' lang='lat' dir='ltr'><strong>saltem</strong></span> <span class='ocrx_word' id='word_1_680' title='bbox 1978 5459 2044 5499; x_wconf 80' lang='lat' dir='ltr'><strong>ex</strong></span> <span class='ocrx_word' id='word_1_681' title='bbox 2106 5445 2176 5502; x_wconf 80' lang='lat' dir='ltr'><strong>iis</strong></span> 
     </span>
    </p>
   </div>
   <div class='ocr_carea' id='block_1_103' title="bbox 526 5515 2173 5589">
    <p class='ocr_par' dir='ltr' id='par_1_103' title="bbox 526 5515 2173 5589">
     <span class='ocr_line' id='line_1_103' title="bbox 526 5515 2173 5589; baseline -0.004 -12"><span class='ocrx_word' id='word_1_682' title='bbox 526 5526 768 5578; x_wconf 74' lang='lat' dir='ltr'><strong>Avarum</strong></span> <span class='ocrx_word' id='word_1_683' title='bbox 812 5522 1099 5589; x_wconf 39' lang='lat' dir='ltr'><strong>Cllagano,</strong></span> <span class='ocrx_word' id='word_1_684' title='bbox 1132 5516 1550 5589; x_wconf 75' lang='lat' dir='ltr'><strong>expedition-.m</strong></span> <span class='ocrx_word' id='word_1_685' title='bbox 1603 5515 1876 5589; x_wconf 59' lang='lat' dir='ltr'><strong>adversus</strong></span> <span class='ocrx_word' id='word_1_686' title='bbox 1933 5515 2173 5589; x_wconf 46' lang='lat' dir='ltr'><strong>Thessa-</strong></span> 
     </span>
    </p>
   </div>
   <div class='ocr_carea' id='block_1_104' title="bbox 530 5585 2174 5660">
    <p class='ocr_par' dir='ltr' id='par_1_104' title="bbox 530 5585 2174 5660">
     <span class='ocr_line' id='line_1_104' title="bbox 530 5585 2174 5660; baseline -0.004 -11"><span class='ocrx_word' id='word_1_687' title='bbox 530 5592 782 5649; x_wconf 79' lang='lat' dir='ltr'><strong>loniCam</strong></span> <span class='ocrx_word' id='word_1_688' title='bbox 845 5585 980 5647; x_wconf 52' lang='lat' dir='ltr'><strong>tun&#39;c</strong></span> <span class='ocrx_word' id='word_1_689' title='bbox 1009 5589 1368 5660; x_wconf 77' lang='lat' dir='ltr'><strong>suscipienti,</strong></span> <span class='ocrx_word' id='word_1_690' title='bbox 1398 5586 1506 5644; x_wconf 87' lang='lat' dir='ltr'><strong>sibi</strong></span> <span class='ocrx_word' id='word_1_691' title='bbox 1563 5585 1898 5658; x_wconf 71' lang='lat' dir='ltr'><strong>adiungere,</strong></span> <span class='ocrx_word' id='word_1_692' title='bbox 1943 5586 2174 5652; x_wconf 66' lang='lat' dir='ltr'><strong>dimcile</strong></span> 
     </span>
    </p>
   </div>
   <div class='ocr_carea' id='block_1_105' title="bbox 530 5661 1180 5724">
    <p class='ocr_par' dir='ltr' id='par_1_105' title="bbox 530 5661 1180 5724">
     <span class='ocr_line' id='line_1_105' title="bbox 530 5661 1180 5724; baseline -0.006 -4"><span class='ocrx_word' id='word_1_693' title='bbox 530 5677 666 5724; x_wconf 85' lang='lat' dir='ltr'><strong>sane</strong></span> <span class='ocrx_word' id='word_1_694' title='bbox 700 5661 850 5719; x_wconf 87' lang='lat' dir='ltr'><strong>haud</strong></span> <span class='ocrx_word' id='word_1_695' title='bbox 882 5661 1180 5718; x_wconf 84' lang='lat' dir='ltr'><strong>exstiterit.</strong></span> 
     </span>
    </p>
   </div>
   <div class='ocr_carea' id='block_1_106' title="bbox 2251 4788 3882 4872">
    <p class='ocr_par' dir='ltr' id='par_1_106' title="bbox 2251 4788 3882 4872">
     <span class='ocr_line' id='line_1_106' title="bbox 2251 4788 3882 4872; baseline 0.002 -27"><span class='ocrx_word' id='word_1_696' title='bbox 2251 4790 2520 4865; x_wconf 67' lang='grc' dir='ltr'>σποράδην</span> <span class='ocrx_word' id='word_1_697' title='bbox 2591 4788 2954 4869; x_wconf 74' lang='grc' dir='ltr'>ὓπᾶρχοντος,</span> <span class='ocrx_word' id='word_1_698' title='bbox 3032 4794 3118 4848; x_wconf 79' lang='grc' dir='ltr'><strong>καὶ</strong></span> <span class='ocrx_word' id='word_1_699' title='bbox 3191 4816 3295 4849; x_wconf 90' lang='grc' dir='ltr'><strong>των</strong></span> <span class='ocrx_word' id='word_1_700' title='bbox 3367 4793 3649 4872; x_wconf 69' lang='grc' dir='ltr'>βαρϐάρων</span> <span class='ocrx_word' id='word_1_701' title='bbox 3727 4791 3882 4848; x_wconf 75' lang='grc' dir='ltr'>ἄλλως</span> 
     </span>
    </p>
   </div>
   <div class='ocr_carea' id='block_1_107' title="bbox 2251 4876 3878 4960">
    <p class='ocr_par' dir='ltr' id='par_1_107' title="bbox 2251 4876 3878 4960">
     <span class='ocr_line' id='line_1_107' title="bbox 2251 4876 3878 4960; baseline 0 -27"><span class='ocrx_word' id='word_1_702' title='bbox 2251 4876 2525 4958; x_wconf 72' lang='grc' dir='ltr'>ἀλλαχόσε</span> <span class='ocrx_word' id='word_1_703' title='bbox 2609 4877 2988 4959; x_wconf 79' lang='grc' dir='ltr'>θορυϐούντων,</span> <span class='ocrx_word' id='word_1_704' title='bbox 3050 4880 3289 4960; x_wconf 70' lang='grc' dir='ltr'>κατέρὁι</span> <span class='ocrx_word' id='word_1_705' title='bbox 3362 4897 3480 4945; x_wconf 72' lang='grc' dir='ltr'>τοῖς</span> <span class='ocrx_word' id='word_1_706' title='bbox 3552 4883 3761 4960; x_wconf 74' lang='grc' dir='ltr'>δάκρυσι</span> <span class='ocrx_word' id='word_1_707' title='bbox 3825 4877 3878 4933; x_wconf 82' lang='grc' dir='ltr'>τὸ</span> 
     </span>
    </p>
   </div>
   <div class='ocr_carea' id='block_1_108' title="bbox 2258 4964 3698 5051">
    <p class='ocr_par' dir='ltr' id='par_1_108' title="bbox 2258 4964 3698 5051">
     <span class='ocr_line' id='line_1_108' title="bbox 2258 4964 3698 5051; baseline 0.006 -28"><span class='ocrx_word' id='word_1_708' title='bbox 2258 4965 2466 5044; x_wconf 77' lang='grc' dir='ltr'>ἕδαγος,</span> <span class='ocrx_word' id='word_1_709' title='bbox 2502 4964 2757 5026; x_wconf 66' lang='grc' dir='ltr'>δυσωπῶν</span> <span class='ocrx_word' id='word_1_710' title='bbox 2789 4990 2879 5024; x_wconf 81' lang='grc' dir='ltr'><strong>τον</strong></span> <span class='ocrx_word' id='word_1_711' title='bbox 2912 4968 3195 5027; x_wconf 85' lang='grc' dir='ltr'>πολυέλεον</span> <span class='ocrx_word' id='word_1_712' title='bbox 3229 4973 3358 5028; x_wconf 85' lang='grc' dir='ltr'>Θεὸν</span> <span class='ocrx_word' id='word_1_713' title='bbox 3389 4974 3476 5028; x_wconf 83' lang='grc' dir='ltr'><strong>καὶ</strong></span> <span class='ocrx_word' id='word_1_714' title='bbox 3506 4973 3698 5051; x_wconf 71' lang='grc' dir='ltr'>λέγων.</span> 
     </span>
    </p>
   </div>
   <div class='ocr_carea' id='block_1_109' title="bbox 2341 5230 3885 5312">
    <p class='ocr_par' dir='ltr' id='par_1_109' title="bbox 2341 5230 3885 5312">
     <span class='ocr_line' id='line_1_109' title="bbox 2341 5230 3885 5312; baseline -0.01 -16"><span class='ocrx_word' id='word_1_715' title='bbox 2341 5233 2465 5311; x_wconf 76' lang='lat' dir='ltr'><strong>(39l</strong></span> <span class='ocrx_word' id='word_1_716' title='bbox 2520 5234 2603 5295; x_wconf 88' lang='lat' dir='ltr'><strong>[ta</strong></span> <span class='ocrx_word' id='word_1_717' title='bbox 2633 5232 2731 5293; x_wconf 92' lang='lat' dir='ltr'><strong>hic</strong></span> <span class='ocrx_word' id='word_1_718' title='bbox 2774 5231 2891 5294; x_wconf 91' lang='lat' dir='ltr'><strong>duo</strong></span> <span class='ocrx_word' id='word_1_719' title='bbox 2926 5230 3172 5293; x_wconf 82' lang='lat' dir='ltr'><strong>vocabat</strong></span> <span class='ocrx_word' id='word_1_720' title='bbox 3221 5230 3426 5296; x_wconf 56' lang='lat' dir='ltr'><strong>Graeca</strong></span> <span class='ocrx_word' id='word_1_721' title='bbox 3457 5235 3712 5312; x_wconf 55' lang='lat' dir='ltr'><strong>89mm;</strong></span> <span class='ocrx_word' id='word_1_722' title='bbox 3742 5231 3885 5312; x_wconf 74' lang='grc' dir='ltr'>ἐμπε-</span> 
     </span>
    </p>
   </div>
   <div class='ocr_carea' id='block_1_110' title="bbox 2258 5310 3883 5392">
    <p class='ocr_par' dir='ltr' id='par_1_110' title="bbox 2258 5310 3883 5392">
     <span class='ocr_line' id='line_1_110' title="bbox 2258 5310 3883 5392; baseline -0.004 -22"><span class='ocrx_word' id='word_1_723' title='bbox 2258 5310 2500 5391; x_wconf 69' lang='grc' dir='ltr'>πηγότας</span> <span class='ocrx_word' id='word_1_724' title='bbox 2531 5314 2953 5392; x_wconf 88' lang='lat' dir='ltr'><strong>interpretatus</strong></span> <span class='ocrx_word' id='word_1_725' title='bbox 2983 5331 3137 5384; x_wconf 86' lang='lat' dir='ltr'><strong>sum,</strong></span> <span class='ocrx_word' id='word_1_726' title='bbox 3173 5313 3355 5392; x_wconf 89' lang='lat' dir='ltr'><strong>quod,</strong></span> <span class='ocrx_word' id='word_1_727' title='bbox 3389 5310 3522 5375; x_wconf 87' lang='lat' dir='ltr'><strong>cum</strong></span> <span class='ocrx_word' id='word_1_728' title='bbox 3557 5310 3883 5392; x_wconf 80' lang='lat' dir='ltr'><strong>vocabulum</strong></span> 
     </span>
    </p>
   </div>
   <div class='ocr_carea' id='block_1_111' title="bbox 2255 5391 3884 5473">
    <p class='ocr_par' dir='ltr' id='par_1_111' title="bbox 2255 5391 3884 5473">
     <span class='ocr_line' id='line_1_111' title="bbox 2255 5391 3884 5473; baseline -0.003 -23"><span class='ocrx_word' id='word_1_729' title='bbox 2255 5394 2423 5470; x_wconf 77' lang='grc' dir='ltr'>ὅρπηξ</span> <span class='ocrx_word' id='word_1_730' title='bbox 2474 5391 2701 5473; x_wconf 58' lang='grc' dir='ltr'>ρνωιιξῐί</span> <span class='ocrx_word' id='word_1_731' title='bbox 2746 5393 2890 5455; x_wconf 83' lang='lat' dir='ltr'><strong>alias</strong></span> <span class='ocrx_word' id='word_1_732' title='bbox 2950 5397 3000 5454; x_wconf 86' lang='lat' dir='ltr'><strong>ei</strong></span> <span class='ocrx_word' id='word_1_733' title='bbox 3062 5391 3380 5473; x_wconf 84' lang='lat' dir='ltr'><strong>attributas</strong></span> <span class='ocrx_word' id='word_1_734' title='bbox 3436 5391 3884 5473; x_wconf 77' lang='lat' dir='ltr'><strong>signiﬁcationes</strong></span> 
     </span>
    </p>
   </div>
   <div class='ocr_carea' id='block_1_112' title="bbox 2257 5472 3884 5544">
    <p class='ocr_par' dir='ltr' id='par_1_112' title="bbox 2257 5472 3884 5544">
     <span class='ocr_line' id='line_1_112' title="bbox 2257 5472 3884 5544; baseline -0.001 -16"><span class='ocrx_word' id='word_1_735' title='bbox 2257 5474 2404 5529; x_wconf 86' lang='lat' dir='ltr'><strong>idem</strong></span> <span class='ocrx_word' id='word_1_736' title='bbox 2462 5472 2652 5532; x_wconf 67' lang='lat' dir='ltr'><strong>etiam.</strong></span> <span class='ocrx_word' id='word_1_737' title='bbox 2685 5473 2838 5543; x_wconf 85' lang='lat' dir='ltr'><strong>quod</strong></span> <span class='ocrx_word' id='word_1_738' title='bbox 2896 5474 3093 5530; x_wconf 85' lang='lat' dir='ltr'><strong>Latine</strong></span> <span class='ocrx_word' id='word_1_739' title='bbox 3140 5472 3405 5542; x_wconf 68' lang='lat' dir='ltr'><strong>iaculum.</strong></span> <span class='ocrx_word' id='word_1_740' title='bbox 3439 5472 3741 5544; x_wconf 57' lang='lat' dir='ltr'><strong>signiﬂc‘t.</strong></span> <span class='ocrx_word' id='word_1_741' title='bbox 3783 5478 3884 5544; x_wconf 66' lang='lat' dir='ltr'><strong>agn</strong></span> 
     </span>
    </p>
   </div>
   <div class='ocr_carea' id='block_1_113' title="bbox 2258 5537 3883 5618">
    <p class='ocr_par' dir='ltr' id='par_1_113' title="bbox 2258 5537 3883 5618">
     <span class='ocr_line' id='line_1_113' title="bbox 2258 5537 3883 5618; baseline -0.005 -18"><span class='ocrx_word' id='word_1_742' title='bbox 2258 5544 2620 5615; x_wconf 71' lang='lat' dir='ltr'><strong>perspiciam,</strong></span> <span class='ocrx_word' id='word_1_743' title='bbox 2657 5537 2917 5614; x_wconf 68' lang='lat' dir='ltr'><strong>quaenam</strong></span> <span class='ocrx_word' id='word_1_744' title='bbox 2952 5544 3060 5604; x_wconf 79' lang='lat' dir='ltr'><strong>illis</strong></span> <span class='ocrx_word' id='word_1_745' title='bbox 3100 5537 3269 5618; x_wconf 74' lang='lat' dir='ltr'><strong>queat</strong></span> <span class='ocrx_word' id='word_1_746' title='bbox 3309 5537 3634 5616; x_wconf 57' lang='lat' dir='ltr'><strong>potior&#39;hoc</strong></span> <span class='ocrx_word' id='word_1_747' title='bbox 3671 5537 3883 5614; x_wconf 76' lang='lat' dir='ltr'><strong>signiti-</strong></span> 
     </span>
    </p>
   </div>
   <div class='ocr_carea' id='block_1_114' title="bbox 2256 5618 2676 5689">
    <p class='ocr_par' dir='ltr' id='par_1_114' title="bbox 2256 5618 2676 5689">
     <span class='ocr_line' id='line_1_114' title="bbox 2256 5618 2676 5689; baseline 0.01 -18"><span class='ocrx_word' id='word_1_748' title='bbox 2256 5619 2336 5679; x_wconf 82' lang='lat' dir='ltr'><strong>tio</strong></span> <span class='ocrx_word' id='word_1_749' title='bbox 2367 5618 2676 5689; x_wconf 85' lang='lat' dir='ltr'><strong>quadrare.</strong></span> 
     </span>
    </p>
   </div>
  </div>
