4124 6428
308 396 451 465 1341

384 538 517 619 ροδ’,
582 540 677 620 Σὺ,
742 537 983 596 Δέσποτα
1062 545 1167 596 τῶν
1241 537 1512 616 ἁπάντων,

304 630 395 694 ὢν,
434 628 735 695 ηὖδόκησας
792 628 860 684 δι’
904 632 1046 703 ἡμᾶς
1106 628 1531 700 ἐνανθρωπῆσαι,
1582 629 1667 683 καὶ
1723 627 1946 703 σταυρὸν

306 722 392 777 καὶ
451 719 672 776 θένατον
716 718 846 796 ὑπὲρ
903 728 995 777 τοῦ
1045 717 1228 796 γένους
1288 719 1440 790 ἡμῶν
1511 719 1820 786 ὑπομεῖναι.
1885 715 1946 770 ab

303 811 648 887 προσήγαγες
714 809 899 865 ἑαυτὸν
970 807 1099 884 ὑπὲρ
1154 809 1311 881 ἡμῶν
1379 808 1556 864 θυσίαν
1600 807 1829 883 καθαρὰν
1870 811 1948 876 τῷ

304 905 383 972 σῷ
444 900 626 977 Πατρὶ,
691 898 753 955 σὺ
796 894 1128 976 ἐξηγόρασας
1193 894 1332 971 ἡμᾶς
1383 902 1589 970 σεαυτῷ
1637 900 1713 969 τῷ
1770 895 1947 967 οἰκείῳ

303 989 520 1064 αἵματι,
555 985 902 1061 ἐκλεξάμενος
932 990 1075 1061 ἡμᾶς
1125 984 1254 1043 λαὸν
1299 1008 1394 1044 σου
1443 986 1767 1063 περιούσιον,
1801 983 1946 1047 ’ἐθνος

299 1077 478 1156 ἅγιον,
514 1081 590 1152 μὴ
623 1075 926 1133 εἰσέλθωσιν
958 1075 1080 1143 ἔθνη
1130 1077 1203 1140 εἷς
1253 1075 1353 1142 τὴν
1409 1074 1769 1153 κληρονομίαν
1827 1096 1945 1149 σου,

303 1169 383 1245 μὴ
442 1168 689 1242 μιαίνωσι
748 1166 872 1229 τοὺς
927 1163 1131 1244 ἁγίους,
1183 1163 1272 1228 οὓς
1331 1166 1483 1229 οὗτὸς
1541 1163 1847 1232 ηὖδόκησας
1892 1164 1948 1220 ἐν

303 1257 489 1322 αὐτοῖς
546 1257 842 1329 ἐνοικῆσαι,
900 1255 972 1323 κη
1030 1253 1420 1332 ἒπαιρὲσθωσαν
1476 1253 1592 1311 καθ’
1649 1255 1829 1329 ἡμῶν,
1871 1256 1946 1317 ὡς

302 1346 472 1403 πάλαι
515 1346 602 1402 ἐπὶ
652 1351 744 1401 τοῦ
803 1341 973 1401 Δαυῖδ
1000 1344 1027 1398 ὃ
1072 1343 1494 1422 μεγαλορῤήμων
1553 1341 1764 1414 Γολιαθ,
1812 1341 1952 1400 ἀλλὰ

303 1433 396 1500 δὸς
453 1436 590 1511 ἡμῖν
639 1446 755 1501 τοῖς
797 1445 1072 1498 ταπεινοῖς
1115 1433 1199 1489 καὶ
1229 1431 1455 1497 ἀναξίοις
1488 1428 1693 1497 δούλοις
1725 1453 1840 1506 σου,
1875 1434 1949 1497 ὡς

305 1532 385 1600 τῷ
415 1531 493 1601 σῷ
535 1522 679 1582 παιδὶ
725 1520 894 1579 Δαυῖδ
921 1521 1063 1579 λίθον
1113 1523 1406 1598 σωτήριον,
1444 1521 1545 1588 τὴν
1588 1521 1690 1589 σὴν
1722 1521 1948 1600 ἀόρατον

303 1614 642 1695 συμμαχίαν,
720 1615 867 1675 ὃπως
952 1610 1018 1667 δι’
1109 1611 1276 1678 αιότῆς
1362 1608 1793 1690 σφείδονίσαντες
1853 1613 1947 1674 τὰς

302 1704 664 1785 κατοτέλνους
717 1703 836 1759 καθ’
904 1703 1061 1776 ἡμῶν
1120 1706 1224 1757 τῶν
1292 1698 1569 1781 βαρϐέρων
1599 1701 1950 1780 ἂποκρουσώ-

302 1797 441 1870 μεθα
497 1792 797 1870 φάλαγγας,
842 1791 920 1866 μὴ
971 1789 1270 1868 ἀπράκτους
1336 1790 1429 1853 τὰς
1474 1791 1604 1861 ὑπὲρ
1660 1791 1814 1865 ἡμῶν
1865 1788 1950 1846 διὰ

1382 401 1441 464 S.
1492 396 1865 464 DEMETBII
1921 401 2322 466 MARTYRIS
2362 403 2580 468 ACTA.

1575 534 1939 618 φιλάνθρωπος
1964 540 2000 588 Α

3525 400 3676 470 1342

2111 536 2246 598 t'll.
2301 535 2414 615 Tn,
2455 554 2654 599 rerum
2717 532 2983 598 omnium
3022 533 3294 617 Domine,
3336 530 3673 599 misericors

2030 643 2162 686 cum
2198 625 2303 699 sis,
2357 635 2599 705 propter
2659 643 2765 688 nos
2821 635 3090 690 naturam
3150 626 3466 690 humanam
3501 645 3673 688 assu-

2031 734 2220 796 mere,
2271 733 2639 798 crucemque
2683 734 2753 779 ac
2787 725 3037 778 mortem
3070 735 3179 798 pro
3212 735 3432 795 genere
3466 725 3672 779 nostro

2031 805 2283 868 sull‘erre
2336 805 2597 885 voluisti,
2654 816 2711 868 tu
2768 809 3023 886 teipsum
3060 825 3167 887 pro
3201 805 3373 869 nobis
3404 806 3675 868 obtulisti

2030 895 2188 957 Patri
2215 904 2312 957 tuo
2337 895 2696 959 sacriﬁcium
2731 895 3118 971 mundum,tu
3150 914 3257 958 nos
3291 895 3395 956 tibi
3431 894 3674 977 proprio

2028 983 2319 1063 sanguine
2352 984 2813 1069 emisti,eligens
2845 1003 2951 1047 nos
2983 985 3263 1068 populum
3300 995 3466 1048 tuum
3489 1003 3676 1066 pecu-

2031 1074 2264 1143 liarem,
2296 1082 2536 1153 gentem
2573 1083 2840 1136 sanctam
2870 1093 2885 1135 :
2945 1092 3063 1136 non
3121 1074 3346 1138 intrent
3379 1083 3587 1152 gentes
3613 1070 3674 1134 in

2030 1161 2436 1225 hiereditatem
2474 1171 2657 1239 tuam,
2710 1181 2785 1226 ne
2816 1164 3255 1227 commaculent
3285 1173 3488 1229 sancta
3520 1171 3675 1249 tem-7

2033 1252 2129 1334 pla
2160 1262 2279 1327 tua,
2316 1270 2447 1333 quin
2480 1255 2608 1333 ipse
2638 1252 2797 1314 inter
2843 1270 2972 1314 eam
3025 1252 3360 1317 inhabitare
3413 1251 3672 1327 voluisti,

2033 1361 2108 1405 ne
2141 1345 2425 1405 adversus
2456 1360 2588 1415 nos,
2622 1340 2707 1403 uti
2738 1342 3044 1418 quondam
3105 1360 3389 1421 arrogans
3438 1340 3677 1408 Goliath

2032 1431 2319 1493 adversus
2344 1429 2551 1505 David,
2600 1432 2935 1495 exaltentur
2961 1452 2978 1506 ;
3009 1432 3115 1494 sed
3143 1431 3316 1494 nobis
3349 1431 3679 1493 humilibus

2035 1530 2214 1601 atque
2237 1519 2497 1600 indignis
2521 1521 2712 1583 servis
2733 1521 2873 1601 tuis,
2911 1530 2976 1582 ut
2998 1521 3335 1583 famulotuo
3368 1521 3573 1593 David,
3606 1518 3682 1582 da

2030 1609 2289 1691 lapidem
2316 1612 2635 1672 salutarem
2648 1619 2827 1684 ,tuam
2854 1610 3212 1674 invisibilem
3232 1611 3290 1672 in
3307 1610 3464 1673 bello
3478 1629 3679 1693 opem,

2032 1709 2092 1761 ut
2115 1718 2220 1781 per
2242 1718 2372 1762 eam
2406 1700 2595 1761 funda
2638 1708 2874 1761 utentes
2924 1700 3062 1762 dolo
3086 1700 3369 1763 adversus
3403 1719 3516 1761 nos
3551 1701 3680 1761 ins-

2030 1794 2253 1851 tructas
2284 1788 2681 1852 Barbarornm
2723 1790 3045 1870 phalanges
3075 1789 3546 1870 repellamus,ne
3576 1788 3675 1851 l'u-

300 1893 399 1942 τοῦ
455 1881 742 1961 ἆθλοφόρου
799 1903 892 1937 σου
956 1880 1363 1958 προσαγομένας
1422 1878 1630 1949 δεήσεις
1687 1881 1944 1958 ποιήσῃς,

2038 1896 2128 1941 sas
2158 1898 2191 1940 a
2224 1889 2321 1940 tuo
2381 1878 2779 1940 certaminum
2841 1879 3075 1940 Victore
3104 1897 3215 1960 pro
3266 1877 3439 1941 nobis
3470 1895 3680 1960 preces

304 1972 386 2047 μὴ
439 1972 638 2052 ἰσχύσῃ
682 1969 800 2027 καθ’
829 1971 985 2045 ἡμῶν
1016 1971 1078 2025 τὸ
1113 1966 1507 2035 εἰδωλόπηκτον
1566 1971 1652 2024 καὶ
1696 1968 1951 2043 ἀθέμιτό-

302 2084 479 2140 γαμον
522 2062 608 2118 καὶ
664 2060 974 2136 παράνομον
1030 2058 1202 2138 ἔθνος,
1265 2057 1368 2137 μὴ,
1427 2057 1667 2114 Δέσποτα
1702 2074 1716 2090 ⁸
1779 2055 1949 2123 δεῖξον

302 2153 449 2223 ἡμᾶς
494 2151 580 2208 καὶ
631 2156 719 2207 νῦν
761 2149 879 2206 νέον
909 2170 1004 2205 σου
1048 2146 1177 2205 λαὸν
1210 2145 1449 2227 Ἰσραὴλ,
1486 2149 1558 2211 ὡς
1614 2146 1674 2204 ἐκ
1703 2153 1806 2204 τῶν
1850 2150 1950 2205 Αί-

301 2239 538 2318 γυπτίιυν
568 2237 914 2297 διασωθέντα.

388 2326 525 2407 ροε’.
576 2329 672 2386 Καὶ
728 2336 892 2386 ταῦτα
950 2327 1039 2384 καὶ
1094 2325 1327 2383 πλεῖστα
1375 2326 1668 2406 εὖχόμενος
1699 2329 1821 2393 τοὺς
1854 2351 1951 2386 που

304 2417 456 2482 λίτας
488 2415 868 2496 παρεθάρρυνεν
899 2414 1074 2481 ἀξίους
1124 2420 1383 2494 παριστᾷν
1440 2417 1656 2480 ἑαυτοὺς
1700 2424 1777 2492 τῷ
1836 2424 1952 2492 Θεῷ

300 2509 392 2565 καὶ
440 2507 571 2585 ὑπὲρ
612 2504 862 2583 πατρίδος
906 2507 998 2562 καὶ
1056 2505 1197 2562 ναῶ)
1252 2505 1526 2582 παναγίων
1582 2508 1669 2563 καὶ
1719 2510 1948 2573 πίστεως

304 2596 686 2675 διανίστασθαι,
743 2597 832 2652 καὶ
887 2600 993 2650 τῶν
1044 2592 1322 2674 βαρϐάρων
1369 2593 1602 2653 ἂναντίον
1650 2595 1949 2674 ἀντιπαρα-

304 2687 612 2748 τσίσσεσθαι,
659 2689 769 2752 Τῆς
825 2684 916 2740 οὖν
971 2682 1281 2763 πολιορκίας
1339 2685 1645 2762 γινομένης,
1701 2687 1788 2743 καὶ
1845 2693 1949 2743 τῶν

304 2772 645 2848 πετροϐόλων
730 2773 990 2831 πάντοθεν
1076 2773 1460 2845 ἀκοντιζόντων
1531 2774 1653 2855 οὐχὶ
1727 2775 1947 2848 πέτρας,

308 2864 432 2923 ἀλλ’
476 2864 574 2943 ὅρη
628 2865 716 2922 καὶ
755 2864 997 2942 βουνοὺς,
1030 2864 1116 2929 εἷς
1145 2861 1200 2919 ἐν
1243 2868 1312 2940 τῇ
1365 2861 1513 2919 ἔνδον
1554 2870 1662 2921 τῶν
1718 2863 1949 2922 πολιτῶν

308 2953 574 3034 πετραρέα
626 2954 886 3034 ὑπάρχων
953 2955 1130 3009 θεόθεν
1196 2953 1538 3028 ἐμπνευσθεὶς
1618 2960 1793 3033 μικρῷ
1848 2953 1948 3010 κά-

2035 1968 2236 2030 irritas
2269 1968 2476 2043 facias,
2509 1986 2589 2029 ne
2619 1967 2902 2029 adversus
2934 1987 3064 2043 nos,
3101 1987 3199 2041 ne,
3222 1967 3682 2040 Domine,idolis

2032 2058 2270 2121 addicta
2304 2077 2372 2121 ac
2401 2059 2624 2120 incesta
2672 2058 2977 2140 impiaque
3010 2058 3168 2120 natio
3200 2060 3535 2138 prznvaleat,
3568 2075 3680 2119 ex—

2034 2147 2176 2210 hibe
2234 2166 2341 2210 nos
2400 2149 2575 2210 etiam
2633 2167 2789 2209 nunc
2833 2166 3047 2209 novum
3082 2156 3247 2209 tuum
3284 2147 3356 2209 ab
3390 2145 3681 2230 Egyptiis

2035 2236 2478 2317 quodammodo
2511 2245 2838 2311 servatum,
2872 2236 3154 2318 populum
3188 2235 3390 2299 Israel.

2118 2327 2257 2390 175.
2316 2329 2510 2407 Atque
2566 2328 2694 2389 haec
2747 2335 2805 2389 et
2855 2326 3111 2407 plurima
3140 2345 3318 2389 orans
3347 2324 3573 2388 civibus
3603 2324 3679 2388 li-

2036 2416 2270 2478 duciam
2303 2417 2581 2492 addebat,
2616 2435 2733 2497 quo
2761 2416 2991 2497 seipsos
3023 2416 3238 2496 dignos
3270 2415 3392 2478 Deo
3425 2415 3679 2478 exhibe-

2036 2517 2193 2586 rent,
2226 2515 2367 2568 utet
2391 2525 2497 2588 pro
2524 2506 2711 2585 patria
2730 2516 2786 2567 et
2808 2506 3046 2586 templis
3066 2504 3471 2568 sanctissimis
3486 2513 3544 2567 et
3564 2505 3682 2567 ﬁde

2033 2594 2700 2677 insurgerent,acieque,
2717 2605 2933 2658 contra
2958 2594 3245 2658 Barbaros
3276 2595 3679 2657 decertarent.

2034 2689 2341 2747 Obsidione
2364 2691 2537 2761 igitur
2558 2690 3242 2763 incepta.petrobolisque
3268 2689 3681 2760 undequaque,

2034 2792 2153 2836 non
2187 2773 2435 2855 lapides,
2470 2774 2573 2836 sed
2609 2782 2840 2837 montes
2868 2782 2932 2835 et
2980 2774 3189 2848 colles,
3223 2770 3681 2852 ejaculantibus,

2036 2882 2191 2925 unus
2212 2863 2272 2924 in
2301 2862 2539 2925 civitate
2560 2882 2593 2924 e
2617 2863 2846 2924 civibus
2875 2862 3136 2935 lapidum
3155 2863 3373 2942 jactor,
3399 2861 3686 2927 divinitus

2036 2953 2381 3033 inspiratus,
2417 2971 2551 3014 cum
2587 2971 2764 3033 parvo
2800 2952 3001 3032 lapillo
3035 2951 3223 3012 sancti
3249 2949 3533 3014 Demetrii
3569 2970 3685 3010 uo-

308 3043 484 3124 χληκι
543 3043 842 3123 ἐπιγράψας
898 3044 960 3098 τὸ
1043 3041 1213 3117 ὄνομα
1281 3048 1375 3099 τοῦ
1434 3041 1586 3119 ἁγίου
1648 3043 1949 3122 Δημητρίου

2039 3060 2175 3105 men
2200 3043 2633 3125 inscripsisset,
2672 3060 2804 3104 cum
2833 3041 3354 3104 emisitclamans:
3390 3039 3454 3101 In
3491 3040 3596 3102 Dei
3629 3046 3688 3101 et

308 3133 558 3203 ἠκόντισε
592 3132 812 3212 κράξας,
871 3128 962 3189 Ἐν
1024 3138 1099 3206 τῷ
1157 3129 1380 3204 ὀνόματι
1420 3138 1514 3188 τοῦ
1559 3138 1690 3189 Θεοῦ
1734 3134 1819 3188 καὶ
1862 3138 1949 3188 τοῦ

2039 3131 2225 3194 sancti
2256 3133 2541 3196 Demetrii
2576 3133 2842 3205 nomine,
2877 3149 3133 3212 cumque
3157 3130 3331 3210 lapis,
3367 3127 3689 3191 similiter-

308 3222 462 3301 ἁγίου
507 3221 817 3298 Δημητρίου
850 3240 865 3254 ·
897 3221 988 3278 καὶ
1018 3218 1370 3315 ἀπολυθέντος
1415 3227 1506 3278 τοῦ
1556 3218 1722 3293 λίθου,
1756 3220 1949 3297 ὁμοίως

2039 3240 2155 3303 que
2184 3223 2561 3284 extrinsecus
2606 3241 2640 3283 a
2691 3220 2975 3315 βαι-θεῆς
3033 3221 3210 3315 alter,
3268 3220 3375 3315 qui
3399 3216 3607 3315 -triplo.
3631 3226 3689 3315 et

311 3296 409 3369 καὶ
462 3309 650 3378 ἔξωθεν
701 3296 763 3367 ἐκ
814 3315 921 3366 τῶν
982 3305 1259 3389 βαρϐάρων
1334 3310 1466 3388 ὑπὲρ
1522 3311 1680 3367 αὖτόν
1736 3296 1949 3386 τριπλοῦ

2039 3296 2297 3392 amplius
2317 3312 2507 3391 major
2531 3310 2899 3391 erat,l’uisset
2929 3310 3214 3385 emissus,
3250 3296 3467 3373 accidit
3503 3296 3566 3369 ut
3593 3306 3690 3371 hic

308 3402 398 3459 καὶ
437 3399 683 3457 ἐπέκεινα
713 3402 1071 3469 καθεστῶτος,
1106 3398 1405 3465 ὑπαντῆσαι
1464 3405 1650 3456 τοῦτον
1692 3400 1782 3456 καὶ
1829 3399 1949 3456 ἂνθ-

2042 3400 2126 3462 illi
2158 3410 2525 3476 occurreret,
2579 3409 2755 3482 atque
2809 3399 2883 3461 ad
2915 3400 3109 3461 locum
3142 3418 3258 3480 quo
3299 3398 3686 3461 barbarorum

308 3488 649 3569 υποστρέψαι,
695 3489 784 3561 εἰς,
832 3489 929 3556 τὴν
987 3487 1175 3568 χώραν
1235 3492 1335 3556 τῆς
1385 3485 1715 3566 βαρϐαρικῆς
1763 3510 1949 3568 πετρο-

2043 3498 2172 3553 erat
2197 3489 2539 3573 petrnbolus
2568 3498 3187 3570 reverteretur,utque
3220 3488 3396 3550 ambo
3426 3487 3686 3549 discen-

309 3577 490 3652 ϐόλου,
578 3575 905 3658 ἂμφοτέρους
986 3573 1337 3636 κατελθόντας
1421 3576 1517 3633 καί
1601 3578 1723 3640 τοὺς
1781 3576 1949 3633 ἐκεῖσε

2038 3581 2257 3643 dentes
2287 3598 2390 3642 eos
2423 3580 2603 3642 etiam
2638 3579 2739 3661 qui
2774 3579 3000 3642 ibidem
3027 3587 3346 3651 erant,una
3378 3595 3516 3639 cum
3549 3579 3690 3637 arti-

309 3669 626 3726 ἀποκτεϊναι
699 3666 834 3741 μετὰ
907 3672 1001 3722 τοὺ
1054 3667 1112 3720 tv
1170 3663 1305 3737 αὒτῆ
1355 3663 1507 3730 ὄντος
1566 3666 1949 3745 μαγγαναρίου¹

2041 3669 2177 3749 tice,
2209 3671 2311 3750 qui
2343 3670 2403 3729 in
2434 3688 2504 3731 eo
2534 3668 3064 3749 erat,occiderent.
3089 3669 3177 3730 Ac
3203 3675 3335 3748 post
3356 3665 3477 3728 tale
3501 3664 3686 3725 mira-

310 3758 399 3814 καὶ
459 3756 594 3830 μετᾶ
642 3761 885 3812 τοιοῦτον
941 3756 1141 3828 θαῦμα,
1207 3751 1379 3827 μέσης
1439 3751 1544 3821 ἤδη
1601 3754 1697 3821 τῆς
1751 3755 1949 3832 ημέρας

2042 3758 2271 3832 culum,
2306 3776 2439 3818 cum
2502 3757 2700 3820 media
2743 3758 2866 3836 jam
2896 3756 3032 3819 dies
3065 3766 3244 3826 esset,
3280 3754 3478 3816 subito
3512 3763 3688 3816 terra)

310 3845 628 3924 γενομένης,
663 3845 814 3923 ἄφνω
843 3844 1062 3915 σεισμὸς
1094 3841 1262 3918 μέγας
1309 3841 1542 3919 ἐγένετο,
1603 3841 1741 3899 ὥστε
1785 3843 1949 3899 πάντα

2044 3854 2239 3907 motus
2263 3845 2452 3908 factus
2476 3855 2564 3908 est
2608 3865 2881 3925 magnus,
2918 3845 2996 3908 ita
3036 3853 3100 3906 ut
3122 3846 3318 3906 omnis
3340 3844 3516 3904 simul
3542 3841 3689 3904 civi-

309 3937 401 3992 τὸν
431 3933 561 3991 λαὸν
591 3935 689 4000 της
725 3930 933 3996 πόλεως
977 3929 1265 4008 ἆνακράξαι
1296 3932 1357 3987 τὸ
1394 3932 1572 4010 Κύριε,
1607 3930 1850 3997 ἐλέησον.

2042 3935 2176 3996 tatis
2207 3936 2462 4015 populus
2492 3936 2800 4009 clamaret,
2839 3933 3114 4008 Domine,
3152 3934 3464 3996 miserere.

393 4013 556 4101 ρος’.
615 4022 719 4083 Τοῦ
777 4018 832 4077 δὲ
893 4018 1213 4099 βαρϐαρικου
1270 4018 1503 4087 πλήθους
1554 4020 1853 4100 ἑωρακότος
1895 4022 1949 4077 τὲ

2122 4013 2262 4090 176.
2294 4013 2443 4087 Cum
2479 4032 2679 4086 autem
2730 4023 3046 4085 barbarica
3099 4021 3415 4084 multitudo
3446 4038 3683 4082 murum

310 4126 506 4194 τεῖχος
562 4112 986 4174 καταπεπτωκὸς
1045 4108 1208 4190 ἅπαν,
1270 4110 1660 4190 συνεφορμῆσαι
1724 4112 1854 4189 πρὸς
1902 4113 1949 4166 τὸ

2040 4133 2280 4195 omnem
2303 4113 2518 4176 collabi
2541 4113 2879 4186 vidisset,ut
2898 4112 3196 4174 civitatem
3220 4122 3489 4190 cuperet,
3514 4109 3691 4171 simul

310 4205 412 4270 τὴν
468 4202 625 4260 πόλιν
686 4202 857 4273 ἑλεῖν,
915 4200 1004 4255 καὶ
1050 4197 1468 4266 πλησιασάντων
1526 4199 1699 4256 αὐτῶν
1742 4202 1864 4278 ὁρᾷν
1899 4202 1949 4256 τὸ

2040 4198 2317 4266 universa
2353 4205 2821 4279 movit,cumque
2850 4201 3409 4283 appropinquasset,
3445 4215 3680 4260 murum

242 4362 245 4363 ν
316 4308 510 4375 τεῖχος
542 4295 777 4371 καθάπερ
817 4294 879 4349 τὸ
934 4298 1144 4373 πρῶτον
1192 4291 1381 4363 ἑστὼς,
1437 4290 1579 4348 ἔνθεν
1621 4313 1678 4348 τε
1710 4293 1949 4370 ἐπεγνω-

2038 4300 2106 4357 ut
2137 4302 2545 4356 antestantem
2566 4291 2729 4365 vidit,
2766 4291 3047 4372 hincque,
3087 4292 3183 4371 qui
3219 4287 3676 4375 promissionem

317 4385 461 4442 κέναι
491 4386 581 4441 τὸν
611 4385 708 4452 τὴν
748 4383 1006 4449 τοιαύτην
1059 4382 1334 4460 ἑωρακότα
1383 4380 1701 4460 ἐπαγγελίαν
1759 4382 1949 4463 ἀρχιε-

2040 4381 2380 4463 hujusmodi
2405 4383 2465 4443 in
2488 4382 2720 4444 visione
2734 4374 3679 4461 acceperat,archiepiscopu<,ci-

310 4475 426 4554 ρέα,
487 4472 566 4531 ὅτι
624 4473 947 4531 ἐπέσκεπται
1000 4472 1099 4539 τὴν
1167 4472 1326 4528 πόλιν
1382 4473 1411 4528 ὁ
1473 4472 1654 4550 Κύριος
1716 4469 1802 4527 διὰ
1861 4478 1949 4528 τοῦ

2040 4473 2277 4534 vitatein
2316 4491 2423 4554 per
2449 4490 2620 4534 suum
2656 4470 3054 4532 certaminum
3085 4467 3386 4532 Victorem
3415 4465 3683 4554 visitasse

310 4553 602 4644 ἆθλοιρόρου
645 4565 826 4622 αὐτοῦ.
864 4562 1123 4639 Εὕρηνται
1172 4562 1296 4638 γὰρ,
1359 4561 1432 4624 ὡς
1462 4561 1547 4617 καῖ
1584 4558 1814 4617 πλεῖστα
1862 4582 1949 4617 τε·

2039 4553 2688 4641 Dominnm,cognovit.
2719 4559 2765 4621 E
2795 4559 3023 4638 sagittis
3054 4553 3684 4644 prreterea,niviscon-

511 4624 522 4642 .
935 4624 946 4639 .
990 4624 1001 4627 -
1187 4624 1198 4638 .
1246 4624 1296 4638 .,

308 4624 546 4734 θέα-θέαι,
607 4653 671 4709 ἐκ
729 4659 835 4708 τῶν
896 4649 1037 4728 παρὰ
1065 4654 1172 4706 τῶν
1214 4647 1491 4728 βαρϐαρων
1547 4650 1826 4729 ῥιφέντων,
1885 4652 1949 4716 ὡς

2040 4651 2239 4713 fertim
2277 4624 2548 4712 cadentis
2579 4653 2637 4713 in
2672 4624 2916 4711 modum
2970 4624 3076 4730 per
3102 4648 3394 4710 Barbaros
3421 4642 3681 4720 omissis,

310 4740 562 4821 νιφάδων,
614 4740 814 4820 βελῶν,
859 4739 973 4795 τινὰ
1017 4738 1070 4804 ἒξ
1101 4741 1274 4797 αὐτῶν
1321 4740 1383 4795 τὸ
1427 4740 1797 4816 ἐπτερωμένον
1849 4738 1949 4815 μέ-

2040 4741 2367 4816 nonnullae,
2400 4740 2577 4803 allata
2605 4740 2693 4802 sui
2719 4746 2884 4818 parte
2918 4757 3085 4799 muro
3107 4737 3551 4810 aﬂixanerrata
3572 4751 3685 4793 au-

310 4852 396 4907 ρος
456 4836 531 4904 τῷ
572 4831 742 4912 τείχει
805 4826 1158 4901 κολληθέντα,
1209 4829 1301 4883 τὸν
1334 4825 1386 4883 δὲ
1421 4825 1635 4904 σίδηρον
1670 4829 1800 4905 πρὸς
1835 4829 1949 4890 τοὺς

2043 4839 2158 4893 tem
2193 4848 2404 4892 versus
2452 4832 2653 4892 hostes
2705 4846 2919 4902 versas,
2957 4829 3208 4889 inventae
3240 4827 3478 4886 luerunt
3512 4833 3689 4905 atque

307 4921 647 4986 ὑπεναντίους
704 4919 939 4997 τρέπειν,
997 4916 1227 4974 ’Ἑκτοτε
1287 4914 1377 4972 οὗν
1420 4915 1515 4972 τοῦ
1546 4913 1808 4995 προέδρου
1862 4917 1949 4986 τὴν

2040 4922 2219 4982 etiam
2254 4929 2316 4981 ut
2363 4918 2686 5002 plurimum
2743 4926 3079 4999 conspectae
3124 4917 3287 4995 (40).
3324 4914 3416 4977 Ab
3447 4932 3518 4975 eo
3547 4929 3690 4990 ergo

309 5007 676 5086 γεγενημένην
702 5012 770 5083 τῇ
798 5005 951 5063 πόλει
1006 5005 1148 5083 πσρὰ
1198 5010 1330 5061 Θεοῦ
1377 5003 1676 5073 ἐπισκοπὴν
1717 5003 1803 5061 διὰ
1858 5010 1949 5072 τῆς

2040 5017 2579 5091 temporeeterrm
2631 5017 2825 5069 motus
2887 5006 3142 5068 tumultu
3200 5002 3598 5091 visitationem
3655 5017 3691 5061 a

306 5104 400 5153 τοῦ
456 5106 678 5172 σεισμοῦ
730 5100 981 5176 ταραχῆς
1033 5094 1453 5174 σαφηνίσαντος,
1526 5096 1614 5150 καὶ
1670 5100 1774 5150 τῶν
1821 5095 1949 5171 βαρ-

2046 5089 2179 5162 Deo
2194 5098 2421 5161 civitati
2448 5099 2657 5160 factam
2676 5095 3148 5176 archiepiscopo
3171 5089 3693 5161 declarante,Bar-

308 5184 482 5258 ϐἆρων
537 5184 723 5251 ἔξωθεν
781 5182 1259 5262 καταπλαγέντων,
1319 5181 1582 5240 ἐπιπλείω
1644 5184 1692 5240 οἱ
1720 5187 1819 5250 τῆς
1852 5186 1949 5241 πό-

2046 5188 2327 5268 barisque
2357 5189 2501 5250 foris
2552 5185 2973 5261 consternatis,
3022 5183 3377 5249 fortitudine
3407 5181 3695 5242 adversus

308 5273 444 5340 λεως
475 5273 685 5354 ἀνδρίαν
740 5275 877 5331 κατᾶ
922 5281 1030 5332 τῶν
1070 5274 1321 5330 ὶναντίων
1365 5271 1697 5354 ἠμφιέσαντο
1735 5288 1747 5300 ·
1814 5273 1949 5338 τινὲς

2042 5278 2322 5342 inimicos
2378 5277 2693 5341 maximam
2741 5284 2995 5359 partem,
3049 5277 3151 5356 qui
3211 5271 3462 5337 civitatis
3491 5275 3686 5344 erant,

382 5443 498 5512 (40)
527 5441 685 5501 Talia
718 5455 859 5522 sane
885 5448 1035 5522 sunt.
1059 5455 1193 5522 quas
1241 5442 1337 5522 hic
1374 5441 1444 5522 ab
1494 5451 1730 5522 auctore
1760 5448 1960 5522 nostro
2048 5448 2234 5507 lusam
2265 5462 2438 5516 supra
2480 5448 2526 5503 is
2558 5444 2754 5522 relert,
2786 5444 2971 5517 lapilli
3022 5444 3216 5522 emissi
3250 5436 3528 5522 miraculo
3566 5441 3691 5522 post

310 5510 640 5589 narrantur,
671 5526 753 5580 ut,
784 5516 830 5571 si
856 5510 1249 5589 modglicum
1278 5513 1661 5589 obtinuerint,
1693 5511 1963 5589 dubitare
2043 5530 2241 5578 secuto
2270 5510 2395 5576 esse
2426 5510 2943 5589 accommodatam,
2990 5516 3188 5589 mirari
3236 5513 3410 5574 subit,
3457 5518 3692 5589 iamque

310 5597 428 5641 non
462 5578 821 5659 sinant“.quin
847 5593 968 5659 tum
992 5582 1611 5659 Thessalonicensibus
1633 5578 1963 5659 prodigiose
2044 5590 2246 5650 Joanni
2272 5607 2301 5648 a
2327 5588 2557 5650 laudato
2587 5599 2823 5647 auctore
2859 5578 2961 5659 pro
2991 5586 3229 5648 arbitrio
3262 5600 3387 5646 esse
3415 5578 3685 5641 aﬂlictam

311 5670 342 5735 ᾳ
393 5665 592 5735 sancto
639 5654 937 5735 Démetrip
993 5654 1585 5735 luerit__succursum.
1630 5654 1962 5735 priuignam
2048 5664 2543 5723 vehementissima
2590 5654 2878 5735 suspicor}

312 5727 563 5794 interim,
599 5740 773 5805 quam
811 5741 839 5785 ε
881 5725 1103 5786 Joanne
1150 5723 1652 5786 Thessalonicensi
1684 5725 1754 5784 ad
1788 5724 1964 5789 Deum
