4124 6414
273 403 422 472 1345

263 633 405 688 εἶναι
454 632 548 700 τὴν
610 629 734 710 παρ’
766 633 934 688 οὔτῶν
984 634 1116 708 πρὸς
1171 633 1271 699 τὴν
1315 632 1469 688 πόλιν
1529 633 1722 708 ὁρμὴν,
1750 630 1909 709 ᾔτουν

263 720 449 793 δώροις
495 723 710 784 τούτους
770 721 1204 801 ἀποπεμφθῆναι·
1270 723 1316 780 οἱ
1374 720 1427 777 δὲ
1479 723 1675 789 ταύτην
1737 721 1908 778 αὐτῶν

261 812 338 886 μὴ
402 811 798 887 προσηκάμενοι
857 811 956 878 τὴν
1001 822 1205 887 πεῦσιν,
1251 822 1355 868 τών
1425 813 1660 880 συνήθων
1722 811 1909 867 λοιπὸν

259 899 483 978 εἴχοντο
542 899 911 980 ὁπλισμάτων,
948 903 1020 963 ὡς
1065 901 1117 966 ἐξ
1170 901 1334 980 ἄκρας
1363 902 1482 958 τότε
1526 899 1821 980 ὕπερϐυλῆς
1880 901 1907 955 ὁ

258 994 364 1044 τῶν
412 988 680 1064 πολεμίων
738 988 962 1068 ἔξαρχος
1023 991 1288 1069 χαγάνος,
1341 993 1413 1053 ὡς
1471 990 1747 1054 παιτελῶς
1807 990 1908 1045 ὑπὸ

259 1082 366 1131 νῶν
436 1079 534 1143 τῆς
607 1077 815 1142 πόλεως
873 1081 1254 1143 καταπτυσθεῖς
1315 1079 1671 1160 ἀκατασχὲτῳ
1727 1079 1908 1157 πικρίᾳ

257 1166 552 1245 ἐκκαυθείς,
617 1167 902 1245 προσέταξε
979 1171 1176 1234 πάντας
1246 1171 1367 1234 τοὺς
1423 1169 1521 1234 ’ἐξω
1589 1167 1905 1243 σεϐασμίους

258 1257 418 1319 ναοὺς
463 1259 582 1331 πυρὶ
642 1254 1026 1335 παραδοθῆναι,
1060 1259 1256 1334 ὁμοίως
1315 1257 1369 1315 δὲ
1412 1265 1602 1315 καῦσαι
1651 1261 1740 1314 καὶ
1796 1259 1906 1314 πά-

257 1365 357 1408 σας
416 1346 508 1409 ea;
573 1350 678 1401 τῶν
737 1348 1062 1422 προαστείων
1136 1349 1393 1421 οἰκήσεις,
1454 1347 1758 1403 ἒπαπειλῶν
1831 1349 1907 1422 μὴ

259 1434 560 1511 ἂναγωρεϊν
601 1433 660 1490 ἐκ
710 1440 816 1490 τῶν
872 1435 1112 1510 ἐνταῦθα,
1151 1437 1287 1493 ἀλλὰ
1319 1439 1421 1514 λχαῖ
1468 1435 1620 1514 ἕτερα
1678 1441 1907 1492 πλεῖστα

263 1521 347 1577 ἐπὶ
399 1528 464 1598 τῇ
517 1522 703 1578 ἑαυτοῦ
752 1523 991 1596 ἀπωλείᾳ
1045 1527 1174 1602 πρὸς
1232 1526 1546 1606 συμμαχίαν
1604 1524 1727 1590 ἔθνη
1773 1526 1908 1581 κατὰ

262 1611 358 1679 τῆς
391 1611 509 1667 καθ’
538 1612 682 1686 ἡμᾶς
711 1611 919 1676 πόλεως
952 1613 1364 1678 ἐπισπάσασθαι,

341 1779 453 1868 pit"
517 1789 644 1848 Ἐπί
687 1792 891 1858 τούτοις
942 1793 1029 1849 οὖν
1088 1794 1460 1873 παρελθουσῶν
1519 1795 1604 1852 ἐπὶ
1661 1801 1730 1872 τῇ
1791 1817 1906 1851 τοι-

1344 399 1404 471 S.
1451 395 1828 472 DEMETRII
1887 405 2286 471 MARTYRIS
2344 396 2560 472 ACTA.

344 545 454 621 ρπ’,
521 533 612 607 Ὠς
664 540 717 598 δὲ
774 541 961 598 λοιπὸν
1019 542 1157 618 ἐώρα
1198 542 1260 598 τὸ
1309 539 1566 622 βάρϐαρον
1623 543 1964 622 ἀνίσχυρονΑ

3485 402 3638 472 1346

2071 537 2208 599 180.
2269 539 2414 601 Cum
2462 549 2659 601 autem
2714 539 2949 601 tandem
3005 537 3272 612 Barbari,
3307 537 3631 602 adhibitam

1993 645 2027 687 a
2075 646 2140 688 se
2172 637 2375 689 contra
2423 629 2718 690 civitatem
2751 629 2866 689 vim
2921 648 3060 691 esse
3109 627 3449 701 invalidam,
3479 627 3639 688 vide-

1991 727 2154 790 runt,
2183 724 2248 778 ut
2279 718 2448 779 donis
2471 718 2678 779 saltem
2717 718 3178 789 dimitterentur,
3216 716 3634 798 postulabant;

1994 804 2074 866 illi
2112 824 2272 880 vero,
2308 807 2518 868 horum
2555 807 2844 887 petitione
2894 806 3046 867 haud
3077 807 3357 880 admissa,
3391 823 3640 868 consue-

1994 904 2079 956 tas
2103 904 2233 976 post
2255 905 2502 975 egerunt
2526 895 3113 976 custodias,quandio
3134 899 3260 976 jam
3294 913 3328 956 e
3357 912 3637 974 supremo

1989 1002 2236 1045 excessu
2271 984 2649 1047 inimicorum
2695 984 2976 1066 princeps
3005 985 3332 1066 chaganus,
3354 984 3532 1046 veluti
3564 983 3637 1044 ab

1989 1073 2065 1133 iis
2118 1073 2221 1150 qui
2250 1074 2501 1135 civitatis
2533 1084 2723 1155 erant,
2761 1077 3004 1136 omnino
3056 1084 3314 1153 spretus,
3347 1071 3638 1134 amaritu-

1988 1162 2130 1223 dine
2151 1162 2356 1236 animi,
2384 1166 2644 1225 coerceri
2665 1165 2820 1226 haud
2851 1165 3104 1244 valente,
3132 1165 3436 1242 incensus,
3466 1179 3639 1224 vene-

1990 1250 2176 1311 randa
2206 1251 2429 1327 omnia,
2464 1271 2596 1332 quae
2624 1253 2767 1314 foris
2798 1262 2993 1330 erant,
3035 1252 3254 1332 templa
3301 1252 3417 1331 igni
3462 1251 3636 1326 tradi,

1993 1339 2273 1400 similiter
2322 1350 2516 1401 autem
2573 1351 2632 1402 et
2688 1360 2897 1403 omnes
2951 1342 3376 1402 suburbiorum
3428 1339 3640 1401 domos

1992 1427 2262 1489 comburi
2288 1429 2491 1510 jussit,
2525 1430 2693 1492 hisce
2721 1449 2854 1492 sese
2886 1450 2954 1493 ex
2989 1429 3256 1510 partibus
3293 1448 3412 1490 non
3442 1429 3639 1490 abitu-

1991 1535 2145 1598 rum,
2179 1519 2283 1579 sed
2316 1519 2603 1599 plurimas
2659 1530 2866 1598 gentes
2897 1521 3042 1581 alias
3091 1527 3299 1582 contra
3345 1517 3638 1580 civitatem

1993 1616 2254 1668 nostram
2319 1614 2376 1669 in
2433 1608 2718 1671 auxilium
2779 1609 3225 1684 advocaturum,
3282 1607 3358 1669 ob
3411 1608 3642 1671 cladem

1991 1714 2157 1756 suam
2207 1700 2484 1759 minatus.

2071 1787 2208 1850 481.
2243 1785 2330 1847 Ob
2385 1788 2510 1849 haec
2544 1788 2744 1870 igitur,
2779 1808 2914 1850 cum
2961 1788 3024 1850 in
3077 1789 3374 1853 obstinata
3422 1790 3638 1869 hujus-

261 1878 396 1955 αὕτη
458 1879 718 1954 ἆνενδότῳ
777 1881 1054 1960 πολιοριίᾳ
1109 1884 1322 1960 ἡμερῶν
1388 1887 1667 1964 τριάκοντα
1721 1892 1903 1961 τριῶν,

1996 1876 2151 1936 modi
2201 1876 2517 1939 obsidione
2571 1878 2700 1938 dies
2743 1879 2979 1958 triginta
3013 1886 3132 1940 tres
3192 1881 3637 1962 praeteriissent,

258 1974 356 2024 καὶ
419 1971 546 2047 πρὸς
573 1973 632 2026 τὸ
689 1970 1004 2040 ἐξαιτήσεως
1061 1981 1167 2028 τῶν
1227 1977 1396 2031 αὐτῶν
1456 1973 1731 2053 βαρϐάρων
1763 1976 1906 2038 ἔθνος

257 2057 455 2134 βουλῆς
507 2059 736 2125 ἅπαντες
771 2063 816 2116 οἱ
872 2067 969 2127 τῆς
1003 2061 1209 2126 πόλεως
1263 2067 1538 2142 γεγονότες
1571 2063 1906 2143 παρέσχοντό

261 2170 379 2204 τινα
443 2149 500 2205 τὰ
549 2151 680 2227 πρὸς
742 2151 956 2226 εἰρήνην
1007 2154 1414 2232 προχωροῦντα,
1463 2155 1605 2220 ὅπως
1635 2159 1733 2221 της
1788 2153 1907 2211 κατ’

258 2238 445 2302 αὐτοὺς
490 2237 871 2318 ἅπαλλαγὼσιν
935 2240 1174 2302 ἀναιδοῦς
1236 2245 1552 2320 προθέσεως,
1608 2247 1694 2300 καὶ
1772 2245 1909 2300 οὕτω

258 2331 358 2393 τῆς
421 2328 633 2406 εἰρήνης
694 2331 1103 2409 στοιχησάντων
1131 2333 1202 2392 εἷς
1253 2335 1345 2396 τὰς
1378 2337 1548 2392 αὐτῶν
1597 2335 1906 2396 τοποθεσίας

256 2416 497 2478 ἀπίασιν,
560 2419 704 2474 Μετὰ
751 2420 850 2498 γὰρ
894 2421 992 2486 τὴν
1041 2422 1320 2501 στοίχησιν
1371 2429 1469 2490 τῆς
1525 2425 1738 2503 εἰρήνης
1788 2428 1906 2480 τότε

257 2503 423 2570 ἀδεῶς
484 2509 614 2585 πρὸς
673 2515 747 2582 τῷ
797 2509 969 2588 τείχει
1030 2510 1313 2589 ἐρχόμενοι
1373 2514 1491 2578 τοὺς
1556 2513 1682 2591 παρ’
1738 2519 1909 2572 αὐτῶν

257 2595 574 2672 γενομένους
659 2596 1039 2676 αἰχμαλώτοῦς
1113 2601 1184 2665 εἰς
1276 2600 1460 2679 ὀλίγην
1548 2607 1910 2681 πραγματείαν

259 2686 644 2763 πιπράσκοντες
712 2686 988 2762 ἀπέδοντο,
1052 2692 1140 2745 καὶ
1208 2687 1330 2756 εἴδη
1387 2693 1516 2768 πρὸς
1575 2692 1910 2772 συναλλαγην

258 2772 504 2852 διάφορα,
568 2773 996 2850 δημοσιεύοντες,
1051 2781 1148 2846 τὴν
1190 2780 1366 2836 θεόθεν
1411 2787 1476 2857 τῇ
1530 2781 1680 2838 πόλει
1727 2805 1909 2850 σωτη-

260 2864 372 2940 ρίαν
425 2867 514 2920 καὶ
542 2865 640 2932 τὴν
683 2867 788 2922 τῶν
849 2873 1045 2946 τειχῶν
1078 2867 1162 2925 ἐπὶ
1209 2877 1302 2925 του
1346 2879 1568 2946 σεισμσῦ
1616 2873 1908 2950 γενομένην

258 2954 705 3034 θαυματουργίαν,
737 2957 824 3010 καὶ
882 2955 962 3012 ὅτι
993 2956 1112 3014 κατ’
1165 2957 1420 3014 ὀπτασίαν
1479 2961 1512 3027 ἡ
1562 2969 1667 3017 τῶν
1727 2961 1909 3018 ὅπλων

260 3034 348 3088 καὶ
409 3036 697 3111 μαγγάνων
729 3034 918 3113 ἄεργος
974 3038 1060 3093 καὶ
1090 3035 1342 3113 ἀδόκιμος
1390 3042 1678 3118 γεγένηται
1730 3044 1905 3121 παρά-

262 3120 434 3197 ταξις,
497 3122 728 3202 διότιπερ
793 3126 1046 3204 πρότερον
1109 3127 1273 3184 ταῦτα
1306 3127 1434 3206 πὰρ’
1489 3133 1660 3188 αὐτῶν
1714 3120 1907 3211 διαφό-

260 3233 365 3290 ρως
419 3214 806 3294 γυμνωθέντα,
867 3213 1160 3288 ἐπιτήδεια,
1226 3217 1318 3274 καὶ
1378 3219 1651 3297 ἀναγκαῖα
1721 3221 1905 3283 αὐτοῖς

485 3303 494 3322 ρ
589 3305 613 3322 Λ
812 3306 822 3321 ‘
957 3311 966 3322 ε
1098 3305 1110 3322 ‘
1235 3313 1259 3321 “
1412 3307 1445 3322 "
1834 3310 1854 3322 ’

1996 3222 2149 3300 quod
2173 3217 2275 3279 illa
2299 3237 2432 3299 quae
2449 3238 2581 3280 cum
2611 3221 2865 3299 primum
2891 3221 2962 3282 ab
2985 3222 3058 3281 iis
3081 3221 3483 3283 diversimode
3503 3241 3639 3303 pro-

263 3303 696 3378 καταφαίνεσθαι,
741 3306 827 3358 καὶ
880 3311 1006 3382 πρὸς
1059 3305 1156 3372 τὴν
1206 3313 1297 3373 τῆς
1352 3307 1562 3371 πόλεως
1620 3310 1908 3388 παράταξιν

261 3388 570 3469 ἆπρόσφορα
635 3395 721 3448 διαὶ
779 3393 1118 3461 ἀνεπιτήδεια
1169 3398 1232 3452 εκ
1287 3402 1382 3465 τῆς
1458 3405 1562 3454 τῶν
1619 3399 1908 3477 ὁραθέντων

261 3479 446 3544 αὺτοῖς
488 3479 653 3559 ἅγίων
710 3482 1015 3549 ἐπιστασίας
1059 3485 1269 3564 γέγονε.
1308 3492 1404 3544 Καὶ
1452 3499 1615 3547 ταῦτα
1662 3487 1717 3545 δὲ
1778 3491 1908 3546 πάν-

256 3589 366 3632 τως
422 3569 718 3647 ἀναγκαῖον
776 3573 1074 3654 ἱστορῆσαι,
1108 3578 1178 3638 ὼς
1221 3575 1606 3654 ἠιριϐωκένους
1654 3581 1799 3655 ἡμας
1848 3580 1908 3636 ἐκ

257 3664 367 3713 τῶν
419 3657 688 3735 ἔπιμόνων
748 3661 1042 3739 πρεσϐειῶν
1074 3666 1166 3719 τοῦ
1214 3668 1350 3739 μετὰ
1411 3669 1538 3722 Θεὸν
1590 3669 1902 3745 προμηθέως

256 3745 418 3822 ἡμῶν
466 3749 560 3804 χαί
592 3751 882 3830 συμμάχου
933 3755 1022 3808 καὶ
1051 3752 1267 3810 ὁπλίτου
1320 3757 1407 3810 καὶ
1437 3755 1700 3834 λυτρωτοῦ
1749 3759 1903 3832 ἡμῶν

263 3839 574 3918 Δημητρίόυ
602 3841 636 3908 ἡ
679 3839 836 3902 πόλις
865 3841 923 3897 ἔκ
977 3843 1190 3901 πάντων
1219 3850 1324 3900 τῶν
1383 3843 1632 3903 κινδύνων
1660 3848 1749 3903 καὶ
1797 3852 1903 3902 τῶν

259 3925 540 4006 βαρϐάρων
605 3925 936 4009 ὃιαξώσεται,
998 3930 1280 4004 δοξάζουσι
1348 3934 1628 4000 ἀπαύστως
1697 3938 1905 4016 Πατέρα

259 4017 356 4078 καί
385 4019 502 4074 Υἱὸν
533 4041 587 4082 κ.
621 4040 671 4079 τ.
705 4018 758 4081 λ,

1994 1966 2277 2040 universi,
2313 1967 2411 2047 qui
2458 1967 2713 2028 civitatis
2756 1979 2951 2047 erant,
2985 1969 3236 2030 consilio
3287 1971 3491 2050 etiam,
3525 1986 3642 2050 quo

1993 2053 2256 2133 ipsorum
2282 2056 2680 2118 Barbarorum
2705 2065 2942 2137 gentem
2964 2057 3290 2141 placarent,
3314 2061 3644 2140 inito,qu:e-

1992 2143 2126 2204 dam
2183 2164 2315 2226 quae
2366 2146 2436 2207 ad
2490 2165 2695 2226 pacem
2750 2147 3177 2224 conducerent,
3229 2150 3524 2222 obtulere,
3578 2156 3643 2209 ut

1996 2233 2375 2311 probrosum,
2410 2235 2568 2315 quod
2601 2243 2881 2298 statutum
2913 2237 3070 2317 apud
3101 2237 3234 2299 illos
3264 2246 3410 2318 erat,
3447 2237 3643 2300 consi-

1992 2325 2138 2385 lium
2175 2331 2472 2386 mutareut
2505 2345 2520 2401 ;
2553 2335 2727 2405 atque
2758 2326 2836 2385 ita
2866 2325 2939 2386 iis
2972 2345 3103 2406 qum
3129 2329 3292 2408 pacis
3313 2339 3439 2390 erat
3469 2345 3638 2389 com-

1993 2414 2221 2494 positis,
2249 2415 2322 2475 ad
2369 2414 2497 2478 loca
2529 2415 2642 2474 sibi
2673 2415 2968 2495 assignata
2997 2417 3238 2480 abeunt.
3273 2418 3418 2480 Cum
3465 2434 3639 2498 porro

1994 2522 2104 2584 pax
2149 2502 2355 2564 fuisset
2404 2502 2680 2584 stabilita,
2735 2505 2959 2583 absque
3017 2506 3231 2567 timore
3276 2506 3348 2567 ad
3405 2523 3638 2567 murum

1996 2601 2137 2655 tunc
2158 2595 2512 2655 accedentes
2531 2597 2716 2674 pretio
2743 2595 2953 2674 exiguo
2983 2597 3348 2676 variisquein
3375 2614 3640 2657 commu-

1997 2681 2276 2745 tationem
2310 2682 2553 2744 cibariis
2583 2692 2845 2763 acceptis
2895 2686 3178 2759 venditos,
3215 2686 3318 2766 qui
3363 2685 3498 2746 facti
3530 2685 3638 2746 abs

1994 2771 2113 2833 illis
2135 2781 2324 2852 erant,
2359 2772 2616 2851 captivos
2651 2773 2993 2849 reddidere,
3031 2774 3278 2836 salutem
3325 2793 3458 2855 quae
3488 2774 3637 2834 civi-

1997 2861 2096 2921 tati
2120 2861 2399 2921 diviniius
2417 2861 2710 2941 obtigerat
2738 2881 3163 2944 murorumque
3188 2865 3248 2924 in
3273 2873 3443 2926 terrae
3475 2873 3636 2926 motu

1991 2951 2208 3012 factum
2264 2951 2628 3030 prodigium,
2677 2970 3103 3034 armorumque
3152 2971 3392 3014 suorum
3425 2973 3493 3014 ac
3538 2954 3636 3014 in-

1991 3051 2459 3101 strumentorum
2514 3041 2751 3102 inanem
2803 3061 2870 3104 ac
2903 3042 3216 3104 invalidam
3271 3043 3383 3104 vim
3422 3043 3634 3105 factam

1991 3129 2754 3210 esse,divulgantes,itaque
2778 3151 2881 3212 per
2913 3131 3192 3193 visionem
3217 3133 3324 3193 sibi
3351 3133 3631 3209 oblatam,

1992 3310 2128 3370 bata
2166 3309 2434 3389 fuissent,
2465 3308 2681 3370 idonea
2711 3311 3167 3391 necessariaque
3227 3311 3344 3373 visa
3374 3312 3632 3389 fuerant,

1993 3397 2096 3460 abs
2126 3398 2226 3459 illo
2251 3406 2520 3478 tempore
2545 3418 2662 3478 quo
2685 3411 3026 3463 sanctorum
3058 3402 3178 3463 illis
3194 3407 3508 3482 praesentia
3531 3422 3636 3484 ap-

1991 3489 2208 3569 paruit,
2243 3489 2314 3550 ad
2367 3489 2620 3551 civitatis
2649 3492 3145 3570 expugnationem
3201 3503 3258 3552 et
3286 3490 3519 3554 inutilia
3576 3502 3634 3555 et

1989 3579 2194 3658 inepta
2227 3577 2542 3640 evaserint.
2570 3579 2761 3660 Atque
2779 3581 2902 3642 hinc
2928 3598 3171 3643 narrare
3198 3581 3328 3662 (45)
3364 3600 3637 3644 necessa-

1985 3667 2140 3728 rium
2173 3668 2418 3728 omnino
2442 3669 2574 3747 fuit,
2608 3678 2669 3728 ut
2694 3669 2966 3750 apprime
2989 3671 3350 3731 haberemus
3376 3691 3630 3752 perspe-

1986 3765 2167 3832 ctum,
2205 3775 2310 3835 per
2339 3757 2606 3817 assiduas
2647 3759 2832 3818 nostri
2864 3769 2994 3839 post
3031 3761 3219 3821 Deum
3253 3762 3546 3822 curatoris
3576 3773 3634 3823 et

1986 3845 2415 3908 commilitonis
2441 3855 2498 3906 et
2524 3845 2730 3906 militis
2760 3859 2818 3908 et
2848 3849 3170 3909 servatoris
3197 3847 3481 3911 Demetrii
3501 3868 3642 3930 pre-

1986 3953 2087 3999 ces
2116 3953 2149 3996 a
2180 3933 2462 4014 periculis
2517 3935 2797 3998 omnibus
2826 3936 3226 4018 Brabarisque
3271 3957 3404 4000 esse
3433 3959 3638 4003 serva-

1990 4035 2106 4087 tam
2136 4024 2460 4106 civitatem,
2497 4024 2908 4090 indesinenter
2936 4027 3280 4091 laudantem
3314 4031 3549 4094 Patrem
3579 4040 3641 4096 et

1989 4113 2204 4178 Filium
2239 4123 2354 4178 etc.

1770 4251 1998 4311 CAPUT
2034 4252 2132 4310 III.

1770 4251 1900 4311 CAP
1954 4251 1998 4310 T
2034 4252 2132 4310 IIl.

955 4350 1036 4408 De
1084 4355 1248 4409 terra
1305 4353 1522 4412 natibus
1575 4352 1830 4412 divinitus
1883 4251 2140 4411 iambeis
2195 4353 2473 4426 templique
2524 4353 2766 4410 incendio
2819 4353 2958 4426 (ιι).

345 4468 676 4551 ρπβ’....

335 4607 701 4690 (_M)_.l_tursus
732 4610 1046 4690 enimvero,
1079 4628 1202 4685 quae
1232 4625 1286 4674 et
1337 4617 1430 4673 hic
1459 4625 1515 4675 et
1545 4618 1728 4690 tribus
1762 4631 1911 4688 prai-

261 4680 600 4760 gedentibus
635 4680 1253 4760 numerisnarraiitur,
1287 4700 1421 4745 sunt
1467 4680 1816 4760 hujusmodi,
1851 4701 1910 4748 ut

261 4747 748 4827 Thessalonicam,
783 4755 1107 4827 prodigiose
1166 4747 1654 4818 ei'succurre'nte
1712 4747 1910 4819 sancto

273 4769 748 4818 inessaionicam,
823 4769 1107 4827 τοαιεεοδθ
1166 4769 1220 4814 ei
1276 4769 1654 4818 succurrente
1712 4771 1910 4819 sancto

263 4819 572 4909 Perueuio,
609 4840 638 4881 a
673 4769 1056 4884 Barbarorum
1086 4832 1196 4909 .hoc
1225 4845 1348 4902 cap.
1385 4834 1560 4909 relata
1613 4832 1911 4890 obsidione

265 4893 456 4975 {uisse
498 4895 766 4975 liberam,
797 4913 908 4954 non
941 4901 1162 4960 nemini
1223 4893 1566 4975 persuadere
1601 4909 1716 4962 sint
1757 4913 1907 4962 nata.

267 4963 668 5088 ξὲρῃαὶἓὲθτίω
710 4963 830 5026 rem
893 4977 1064 5028 totam
1102 4963 1371 5043 prudenti
1431 4977 1662 5034 lectoris
1692 4975 1911 5047 judicio

265 5048 548 5107 relinquo.

343 5107 451 5190 (4t)
483 5108 662 5190 Caput
702 5111 809 5167 hoc
843 5127 1024 5190 unum
1051 5123 1137 5190 est
1166 5131 1238 5190 ex
1266 5116 1334 5174 iis
1363 5131 1490 5189 quae
1510 5132 1615 5190 per
1640 5120 1911 5189 temporis

268 5176 628 5262 brevitatem.
663 5195 778 5262 quo
805 5185 988 5262 codex
1017 5176 1556 5262 olimMauri'meu's
1575 5191 1646 5248 ad
1666 5176 1910 5262 manum

269 5249 390 5337 fuit,
437 5249 967 5337 iptegrafdesrribi
1025 5259 1480 5337 hapdpomere.
1519 5261 1600 5319 Ea
1659 5261 1906 5337 interim,

268 5334 397 5391 quae
444 5324 725 5395 descripta
757 5340 826 5383 ex
883 5327 1160 5388 litterario
1189 5324 1295 5389 illo
1325 5339 1694 5392 monumento
1737 5324 1916 5391 habe;

268 5394 650 5479 mustlectori
702 5395 797 5452 hic
825 5399 1089 5479 exhibeo,
1124 5401 1261 5479 quid
1295 5405 1549 5479 reliqua,
1581 5419 1708 5478 quae
1749 5406 1911 5474 locis,

268 5473 614 5548 punctorum
651 5471 1006 5548 appositione
1037 5471 1482 5548 hic—distinctis,
1515 5471 1574 5534 in
1597 5471 1783 5535 'dicto
1813 5471 1913 5534 co?

267 5536 397 5621 dice
442 5536 1072 5621 occurrit—[narratione
1100 5536 1480 5621 contineatur;
1515 5563 1572 5606 in
1613 5548 1913 5621 Adnotatis

267 5608 544 5694 subjectis
572 5612 916 5694 compendio
949 5614 1217 5694 edocens.
1260 5608 1550 5677 Praefatum
1598 5634 1770 5691 porro
1801 5619 1914 5694 hoc

268 5692 437 5764 caput
470 5695 528 5738 in
558 5682 757 5764 δοθείη
788 5685 1005 5764 codice,
1042 5689 1098 5744 in
1131 5703 1247 5761 quo
1290 5707 1320 5746 a
1355 5693 1452 5748 fol.
1493 5682 1808 5764 155'usque
1839 5693 1910 5748 ad

266 5751 366 5810 tot.
393 5767 549 5812 vers.
582 5753 686 5810 t62
707 5751 1343 5836 excuriit,'stqu'wtem
1376 5764 1528 5822 hunc
1549 5780 1580 5823 a
1613 5751 1908 5826 me'etiam

735 4477 835 4534 Τὸν
896 4475 1091 4554 ἀγαθὸν
1151 4478 1244 4535 καί
1302 4479 1666 4561 φιλάνθρωπον
1719 4481 1906 4557 ᾐτεῖτο

2070 4477 2203 4541 182.
2257 4478 2376 4558 (45)
2410 4477 2781 4542 Clementem
2831 4499 2902 4542 ac
2951 4478 3398 4542 misericordem
3447 4478 3638 4542 Deum

1994 4621 2091 4683 hic
2130 4630 2426 4705 retentum
2461 4621 2694 4705 titulum
2741 4623 2802 4684 iu
2833 4623 3023 4704 capite
3053 4624 3289 4705 praefert
3322 4644 3337 4685 :
3375 4625 3503 4703 Περί
3531 4623 3637 4682 τῶν

1991 4703 2292 4781 γενομένων
2365 4703 2640 4770 θεηλάτων
2711 4703 2945 4781 σεισμῶν
3017 4703 3103 4760 κάξ
3161 4706 3482 4784 ἐμπρησμοῦ
3545 4713 3638 4762 τοῦ

1995 4806 2140 4843 ναου.

2064 4882 2180 4952 (45)
2227 4882 2444 4939 Auctor
2473 4881 2676 4954 capitis
2705 4882 2890 4954 initio,
2923 4882 3087 4954 cuius
3145 4882 3271 4940 loco
3303 4889 3512 4953 puncta
3544 4883 3638 4940 hic

1991 4963 2308 5024 ponuntur,
2340 4955 2396 5010 in
2432 4953 2630 5010 codice
2670 4953 2807 5010 olim
2843 4953 3164 5012 tiazarinaeo
3223 4955 3636 5014 miraculorum

1993 5027 2456 5098 omnigenorum.
2487 5040 2615 5098 quae
2645 5036 2874 5098 sanctus
2921 5027 3242 5084 Demetrius
3293 5030 3550 5096 patrarit,
3582 5039 3639 5086 et

1995 5095 2448 5166 magnitudinem
2473 5095 2564 5169 _'et
2605 5096 3024 5154 multitudinem
3072 5095 3320 5169 primum
3357 5099 3639 5168 depraedi-

1993 5178 2102 5231 cat.
2135 5181 2382 5239 moxque
2421 5167 2494 5225 ad
2543 5169 2885 5240 miraculum
2941 5183 3045 5226 seu
3077 5167 3282 5240 potius
3336 5167 3636 5238 miracula,

1993 5253 2121 5310 quas
2177 5238 2306 5309 post
2337 5254 2508 5310 supra
2527 5253 2598 5312 #a
2627 5254 2686 5295 se
2728 5238 2849 5310 jam
2885 5240 3061 5297 relata
3091 5238 3354 5310 evenere,
3395 5241 3640 5312 gradum

1994 5313 2232 5376 iaciens,
2262 5312 2492 5384 Joanni,
2524 5310 3024 5384 Thessalonicensi
3069 5327 3100 5369 a
3152 5327 3214 5384 se
3255 5310 3641 5384 jam—saepius

1993 5385 2289 5440 nominato
2343 5383 2792 5453 archiepiscopo.
2827 5395 2959 5439 cum
2997 5379 3116 5453 jam
3155 5379 3554 5441 Thessalonica
3604 5399 3638 5441 ιι

1994 5455 2147 5510 binis
2177 5467 2352 5525 supra
2395 5457 2642 5511 narratis
2679 5453 3011 5512 Sclavorum
3053 5455 3450 5512 obsidionibus
3494 5454 3638 5511 libe-

1994 5536 2118 5597 rata
2149 5529 2364 5590 fuisset,
2391 5527 2668 5584 visionem
2702 5526 3022 5596 ccelestem,
3051 5540 3162 5597 qua
3200 5533 3359 5583 terrae
3389 5527 3638 5597 motibus

1993 5595 2458 5669 Thessalonicam
2490 5597 2829 5669 gravissime
2859 5595 3298 5655 concutiendam
3331 5596 3638 5654 intellexe-

1995 5668 2086 5734 rit,
2141 5668 2413 5726 divinitus
2471 5668 2644 5727 tuisse
2700 5668 2968 5735 oblatam,
3029 5678 3334 5734 asseverat.
3370 5681 3436 5726 ac
3493 5677 3634 5738 tum,

1992 5753 2121 5812 quae
2151 5740 2244 5796 hic
2277 5741 2446 5798 modo
2481 5749 2824 5814 sequuntur,
2855 5740 3169 5813 subjunglt.
