4124 6414
287 352 441 430 1349
1366 360 1426 434 s‘.
1477 355 1855 435 DEMETRH
1899 362 2301 436 MARTYRIS
2355 366 2575 437 ACTA.
3511 368 3666 437 i350

274 510 434 574 ζομεν
498 507 790 580 τρυφῶντες
863 504 968 558 τῶν
1041 503 1195 560 θείων
1259 506 1561 581 μυστηρίων
1587 555 1601 584 ,
1666 505 1762 562 καὶ
1819 504 1917 570 τὴν

2033 502 2164 565 edit
2191 521 2206 578 ;
2243 503 2302 563 in
2334 521 2452 584 qua
2483 502 2687 577 etiam,
2726 521 2860 564 cum
2907 502 3123 564 divinis
3155 504 3448 584 mysteriis
3476 523 3646 566 com-

275 592 526 660 ἐστήσιον
558 590 714 646 αὖτοῦ
745 591 1060 668 ἑορτάζομεν
1119 593 1368 666 μνήμην,
1402 600 1697 672 τρυφῶντες
1744 595 1921 650 ἀπαύ-

2033 593 2406 663 nunicamus,
2438 591 2650 653 laudes
2680 591 2908 652 divinas
2940 592 3648 660 celebramus,annuam-

277 702 417 743 στως
458 681 552 742 τὰς
596 678 864 742 θεοδότους
912 683 1071 738 αὖτοῦ
1105 682 1332 760 γάριτας
1364 681 1654 748 ἀνενδότως
1703 681 1788 738 διαὶ
1819 689 1924 738 τῶν

2033 701 2122 761 lue
2154 682 2311 742 illius
2345 682 2691 743 memoriam
2725 681 2976 760 agimus,
3013 682 3217 760 gratiis
3247 681 3408 744 illius
3441 682 3652 745 divini-

277 773 436 828 αὐτοῦ
494 768 818 825 ἑπιστασιῶν
854 817 870 849 ,
930 767 1334 850 δοξολογοῦντες
1384 772 1587 849 Πατέρα
1631 773 1718 828 καὶ
1771 772 1924 850 ἅγιον

2035 790 2104 831 us
2133 770 2286 832 datis
2317 771 2734 832 indesinenter
2777 770 3066 851 fruentes,
3114 779 3294 852 atque
3341 791 3449 852 per
3477 790 3652 835 curas

283 859 519 934 Πνεῦμα,
551 881 606 914 κ.
643 879 694 918 τ.
729 857 783 919 λ.

2009 861 2140 938 ejus
2193 860 2422 940 absque
2467 859 2918 922 intermissione
2968 859 3276 922 laudantes
3329 866 3561 924 Patrem
3596 870 3654 925 et

2011 946 2298 1028 Spiritum
2330 958 2600 1011 sanctum
2636 949 2791 1030 (54),
2825 957 2942 1010 etc.

1793 1071 2016 1131 CAPUT
2058 1073 2148 1130 IV.

280 1198 485 1266 Sclam',
514 1215 621 1257 uno
645 1216 674 1258 c
693 1200 1062 1325 dprincipibus
1089 1201 1202 1284 suis
1259 1202 1319 1257 in
1347 1202 1708 1284 captivitatem
1754 1199 1976 1272 indigns
2012 1197 2258 1279 abducto,
2303 1199 2440 1255 irati
2491 1199 2942 1282 Thessalonicam,
2973 1201 3160 1256 iterum
3217 1219 3250 1257 a
3276 1219 3332 1257 se
3382 1200 3657 1285 opsidione

353 1287 621 1325 pressam.
655 1287 690 1325 α
774 1273 934 1325 fama
963 1279 1254 1325 annuatim
1299 1273 1549 1325 adruunt.
1583 1279 1742 1325 alauc
1788 1271 1854 1325 ab
1885 1288 1950 1325 ea
1979 1276 2153 1325 tamen
2201 1277 2419 1325 iterum.
2452 1287 2560 1325 suis
2597 1277 2933 1325 succurrente
2981 1278 3162 1325 sancto
3193 1272 3474 1325 Demetrio-
3507 1290 3655 1325 reca-

348 1287 621 1344 pressam,
655 1287 690 1328 a

771 1269 934 1344 famis
963 1273 1254 1345 angustias
1299 1269 1549 1347 adigunt,
1583 1279 1742 1347 atque
1788 1271 1854 1329 ab
1877 1269 1950 1328 'ea
1979 1276 2155 1347 tamen
2201 1269 2419 1347 iterum,
2435 1273 2560 1347 suis
2597 1277 2933 1347 succurre-nte
2965 1278 3162 1347 sancto
3193 1272 3475 1347 Demetrio,
3507 1290 3655 1332 rece-

355 1340 478 1402 dere
506 1340 793 1416 coguntur,
825 1340 1058 1416 par:un
1073 1351 1336 1416 proteret:
1364 1340 1578 1402 {florum
1608 1340 1806 1417 magna
1832 1350 2011 1414 strage
2038 1342 2106 1397 ab
2135 1340 2470 1411 imperatoris
2501 1343 2740 1398 exercitu
2765 1350 2880 1413 post
2910 1341 3148 1414 amciter
3177 1345 3304 1414 (55).

362 1467 510 1545 ρπε¹.
559 1467 668 1536 Trjv
710 1467 814 1536 ἤδη
860 1473 1208 1544 προτεθεῖσαν
1271 1478 1503 1547 μερικῶς
1563 1472 1670 1529 τῶν
1715 1475 1926 1544 θαυμάρ

284 1583 392 1615 των
439 1557 641 1623 πληθὺν
699 1567 792 1616 τοῦ
845 1557 1087 1634 ἀοιδίμου
1141 1560 1234 1616 καί
1295 1563 1586 1642 συμμάχου
1632 1565 1720 1618 καὶ
1759 1560 1926 1628 κηδε-

283 1650 444 1723 μόνος
491 1649 647 1722 ἡμῶν
697 1649 1028 1728 Δημητρίου,
1061 1657 1154 1705 τοῦ
1208 1651 1430 1726 γνησίου
1477 1653 1794 1728 θεράποντος
1839 1659 1929 1708 τοῦ

281 1738 666 1806 ἀκαταλήπτου
724 1737 816 1791 οιαὶ
861 1735 1183 1815 δημιουργοῦ
1235 1747 1339 1796 τῶν
1389 1742 1638 1797 ἁπάντων
1689 1750 1818 1798 Θεοῦ
1875 1741 1927 1796 ἐν

281 1828 484 1906 βραχεῖ
527 1827 672 1904 λόγῳ
715 1826 774 1883 ἐκ
816 1833 922 1885 τῶν
987 1826 1250 1884 πλείστων
1310 1828 1609 1904 διεξελθὼν,
1672 1831 1929 1905 μετελεύ-

282 1938 446 1989 σομαι
502 1916 574 1980 εἰς
630 1915 730 1982 τήν
788 1922 876 1971 νῦν
915 1915 1033 1971 καθ’
1089 1915 1234 1990 ἡμᾶς
1294 1917 1647 1992 προελθοῦσαν
1678 1917 1802 1994 παρ’
1835 1919 1927 1975 αὒ-

282 2005 377 2062 τοῦ
435 2004 526 2060 τοῦ
576 2004 707 2081 ὑπὲρ
763 2005 918 2078 ἡμῶν
950 2006 1048 2071 τὴν
1090 2008 1276 2085 ψυχὴν
1309 2008 1630 2085 προϊεμένου
1673 2010 1932 2086 μάρτυρος

2094 1467 2230 1530 185.
2272 1467 2418 1531 Cum
2471 1467 2728 1530 celebris
2770 1468 2962 1530 nostri
3015 1478 3074 1531 et
3112 1472 3567 1549 propugnatoris
3597 1479 3659 1534 et

2011 1557 2310 1620 curatoris
2334 1556 2650 1630 Demetrii,
2687 1557 3325 1638 incomprehensibilis
3355 1561 3659 1622 omnium-

2011 1666 2126 1723 que
2147 1664 2252 1706 con
2278 1651 2460 1707 litoris
2487 1651 2577 1707 Dei
2608 1653 2754 1708 servi
2781 1654 3043 1722 genuini,
3069 1652 3600 1727 miraculorumque
3629 1670 3662 1712 θ

2013 1735 2278 1807 plurimis
2304 1736 2928 1808 multitud~nem,quam
2943 1751 3016 1794 ex
3032 1747 3190 1807 parte
3213 1753 3536 1808 proponere
3557 1747 3664 1797 sta-

2014 1819 2417 1883 tueram,brevi
2439 1833 2705 1875 Sermone
2721 1820 2888 1876 modo
2905 1823 3387 1888 percurrerim,ad
3404 1837 3664 1894 eamque:

2015 1905 2181 1961 nobis
2204 1903 2273 1960 ab
2298 1920 2362 1960 eo
2376 1907 2472 1975 qui
2499 1920 2601 1974 pro
2621 1905 2785 1961 nobis
2801 1905 3047 1962 animam
3075 1907 3543 1978 posuit,martyre
3567 1907 3664 1964 De—

2017 1991 2228 2050 metrio
2253 1998 2420 2051 mtate
2455 1999 2652 2051 nostra
2684 1989 2804 2070 (56)
2828 1990 3089 2065 obvenit,
3124 2009 3327 2052 curam
3364 1991 3658 2064 transibo,

287 2097 595 2170 Δημητρίου
653 2095 1002 2167 προμήθειαν,
1051 2083 1280 2158 ὁπόσους
1335 2083 1603 2161 ιιινδύνους
1653 2083 1929 2176 καὶ-ὶδρῶ-

2033 2098 2236 2164 ιιιίιηῐδ
2253 2083 2517 2162 pericula
2539 2101 2606 2143 ac
2629 2083 2880 2145 sudores
2903 2101 3009 2162 pro
3033 2083 3294 2161 indignis
3316 2087 3503 2148 servis
3526 2086 3665 2148 sub-

283 2203 380 2249 τας
438 2184 568 2261 ὑπὲρ
623 2182 847 2247 ἀναξίων
901 2182 1099 2239 δούλων
1163 2187 1489 2267 προείλατο,
1562 2190 1650 2244 καὶ
1708 2191 1781 2250 ὡς
1838 2189 1935 2255 τὴν

285 2273 442 2332 πόλιν
477 2271 600 2347 παρ’
657 2270 875 2336 ἂλπίδας
934 2272 985 2337 ἐξ
1031 2271 1304 2351 ἀφεύκτων
1347 2275 1598 2332 κινδύνων
1660 2277 1932 2355 ὲῤῥῦσατο.

285 2369 405 2422 Τῶν
448 2363 547 2438 γὰρ
603 2360 860 2424 πολλάκις
907 2362 1244 2440 λελεγμένων
1289 2373 1395 2421 τῶν
1454 2368 1932 2444 προσπαρακειμὲ-

289 2475 394 2508 νων
451 2457 520 2527 τῇ
547 2452 830 2525 θεοσώστῳ
861 2454 1021 2529 ταύτῃ
1074 2454 1226 2510 πόλει
1271 2453 1602 2531 Σκλαϐἰνων,
1648 2459 1724 2532 τῷ
1757 2456 1936 2514 δοκεῖν

285 2543 353 2598 τὰ
398 2545 494 2608 τῆς
555 2541 770 2616 εἰρήνης
813 2543 1168 2621 κρατοόντων,
1203 2542 1380 2600 ὀτότε
1411 2549 1508 2611 τῆς
1563 2549 1666 2601 τῶν
1717 2547 1934 2605 ἐνταῦθα

285 2631 664 2710 ἔπαρχότητος
717 2645 930 2702 κρατεῖν
988 2631 1309 2706 ιιελευτθεὶς,
1358 2635 1494 2708 ποίῳ
1525 2638 1704 2712 τρόπῳ
1731 2635 1765 2703 ἢ
1797 2637 1933 2699 τίνος

287 2721 450 2800 χάριν
496 2720 587 2780 τὰς
647 2719 934 2799 θεοσόφους
978 2732 1070 2780 τοῦ
1122 2723 1222 2778 ὑπὸ
1264 2725 1396 2779 Θεοῦ
1449 2723 1713 2804 λαχόντος
1769 2727 1932 2802 βασι-

288 2808 456 2865 λεύειν
499 2810 658 2887 ἡμῖν,
705 2806 789 2863 διὰ
847 2809 1128 2888 ἀναφορῶν
1177 2809 1451 2890 ἐνήχησεν
1482 2811 1648 2877 ἀκοὰς
1677 2815 1814 2869 κατὰ
1842 2813 1934 2869 τοῦ

287 2904 396 2954 τῶν
450 2898 743 2977 Ῥυγχίνων
802 2898 990 2980 ῥηγὸς,
1048 2898 1278 2974 τοῦνομα
1341 2898 1684 2980 Περϐούνδου,
1717 2903 1790 2966 ὡς
1822 2900 1936 2957 δια-

281 2988 424 3044 θέσει
468 2985 614 3058 δολίᾳ
673 2987 758 3043 διαὶ
808 2987 1000 3066 γνώμῃ
1045 2995 1253 3068 πονηρᾷ
1298 2991 1436 3046 κατὰ
1483 2995 1581 3060 τῆς
1630 2990 1744 3048 καθ’
1799 2994 1936 3068 ἡμᾶς

291 3075 500 3140 πόλεως
532 3075 976 3153 βουλευσαμένου,

368 3255 544 3334 ρπς’.
604 3254 792 3318 ’Ὅστις
849 3257 1137 3338 θεοστειρὴς
1183 3257 1430 3334 βασιλεὺς
1468 3261 1609 3316 θείαν
1654 3259 1810 3317 αὒτοῦ
1840 3284 1938 3318 κε-

286 3345 436 3420 ραίαν
491 3346 622 3422 πρὸς
687 3347 780 3414 τὴν
839 3347 1083 3427 ὑπάρχον
1141 3347 1376 3413 ἐξουσίαν
1442 3351 1779 3426 κατέπεμψε,
1838 3373 1935 3407 κει

2022 2177 2177 2250 ierit,
2217 2186 2274 2237 et
2303 2177 2405 2254 qui
2432 2177 2728 2240 civitatem
2765 2186 2977 2258 praeter
3011 2197 3174 2257 spem
3213 2178 3494 2258 periculis
3527 2181 3659 2242 ine-

2020 2271 2360 2333 vitabilibus
2391 2271 2686 2343 liberarii,
2723 2273 3218 2350 exponens.Cum_
3238 2273 3419 2348 igitur
3446 2275 3665 2354 saepius

2021 2361 2186 2435 dicti,
2223 2361 2324 2440 qui
2349 2362 2660 2423 custodita:
2687 2362 2825 2423 huic
2845 2381 2878 2421 a
2902 2365 3023 2425 Deo
3046 2363 3266 2424 civitati
3286 2363 3660 2442 adjacebant,

2016 2450 2206 2510 Sclavi
2243 2451 2362 2527 (57)
2401 2469 2470 2511 ea
2527 2469 2660 2532 quae
2713 2459 2874 2530 pacis
2921 2470 3115 2525 erant,
3155 2454 3664 2532 quemadmodum

2015 2540 2362 2620 apparebat,
2396 2551 2734 2618 servarent,
2770 2541 2818 2601 is
2851 2542 2956 2617 qui
2986 2550 3127 2603 tunc
3160 2543 3660 2606 horumlocorum

2013 2648 2227 2708 gerere
2261 2630 2676 2710 praefecturam
2705 2631 2910 2708 jussus
2943 2641 3093 2706 erat,
3117 2640 3275 2693 certo
3309 2633 3670 2713 modo,qua-

2014 2719 2272 2798 damque
2303 2737 2375 2781 ex
2408 2737 2588 2780 causa
2616 2738 2816 2780 rerum
2853 2720 3184 2782 divinarum
3245 2723 3474 2801 peritus
3505 2721 3668 2786 illius

2020 2808 2122 2889 qui
2155 2817 2295 2870 tunc
2327 2810 2502 2870 nobis
2525 2810 2826 2890 imperare
2847 2829 2880 2872 a
2905 2812 3028 2874 Deo
3060 2823 3184 2872 erat
3215 2811 3668 2888 sortitus,aures

2018 2897 2306 2960 adversus
2340 2897 2796 2961 Bunchinorum
2827 2900 2963 2978 (58)
2993 2917 3221 2980 regem,
3254 2901 3497 2964 nomine
3530 2904 3674 2965 Per-

2021 2985 2286 3048 bundum
2324 2988 2665 3070 (59),veluti
2699 2988 2800 3071 qui
2832 2989 3049 3052 affectu
3077 2991 3399 3071 animoque
3430 2989 3672 3054 fraudu-

2021 3077 2184 3140 lento
2210 3079 2361 3138 mala
2392 3081 2678 3139 adversus
2720 3078 3018 3140 civitatem
3044 3089 3308 3141 nostram
3341 3081 3670 3144 meditare-

2021 3174 2140 3246 tur,
2180 3185 2285 3245 per
2317 3167 2640 3228 criminum
2673 3167 3006 3229 delationes
3032 3168 3222 3230 feriit.

2110 3258 2241 3318 186.
2275 3254 2387 3328 Qui
2419 3265 2738 3320 coronatus
2781 3276 2812 3320 a
2873 3257 2993 3319 Deo
3053 3258 3380 3340 imperator
3415 3258 3538 3340 (60)
3569 3258 3666 3322 di-

2021 3345 2192 3408 vinos
2219 3365 2358 3408 suos
2388 3352 2593 3427 apices
2642 3348 2713 3409 ad
2771 3347 3033 3428 praefecti
3077 3355 3433 3428 potestatem
3489 3348 3668 3424 misit,

285 3432 477 3497 λεύσας
536 3437 627 3491 τὸν
668 3437 822 3491 αὐτον
879 3437 1040 3513 ῥῆγα,
1105 3435 1172 3492 δι’
1235 3438 1294 3494 οὗ
1347 3439 1552 3513 νομίσει
1594 3443 1792 3518 τρόπου
1844 3439 1934 3496 δέ·

2033 3438 2344 3517 injungens
2373 3448 2436 3498 ut
2467 3456 2670 3517 regem
2705 3436 3022 3518 illum,quo
3054 3439 3107 3498 ei
3133 3439 3434 3500 videretur
3465 3440 3666 3522 modo,

287 3545 448 3598 σμιον
501 3526 632 3598 πρὸς
693 3527 850 3581 αὐτὸν
910 3525 1229 3582 ἀποστεῖλαι
1269 3543 1282 3555 ·
1373 3530 1460 3584 καὶ
1519 3531 1622 3584 τῶν
1679 3531 1934 3586 τοιούτων

285 3610 514 3669 εὐσεϐῶν
599 3620 826 3692 κεραιῶν
911 3626 1029 3676 τοῖς
1102 3612 1315 3694 ἐξόχοις
1377 3622 1480 3670 τῶν
1539 3618 1762 3694 πρώτων
1835 3615 1936 3689 ἰδίᾳ

287 3701 730 3781 ἐμφανισθεισῶν,
779 3711 962 3760 τοῦτον
1008 3706 1240 3777 αὖθωρὸν
1289 3705 1342 3760 ἐν
1391 3712 1454 3782 τῇ
1505 3706 1655 3762 πόλει
1687 3704 1938 3784 διάγοντα

289 3795 650 3871 κρατήσαντες
734 3792 975 3850 ἔστειλαν
1079 3791 1530 3870 σιδηροδέσμιον,
1617 3796 1790 3859 καθὼς
1873 3798 1939 3854 τὰ

365 3952 478 4020 (5t)
506 3950 589 4026 _Ita
623 3952 965 4010 terminatur
1005 3966 1259 4024 praesens
1305 3955 1582 4026 anonymi
1623 3955 1805 4012 nostri
1845 3969 1940 4010 ca-

294 4031 440 4096 put;
473 4024 662 4080 sintne
696 4032 885 4080 autem
916 4025 1109 4080 omnia
1143 4037 1402 4094 prorsus,
1433 4024 1556 4096 quae
1588 4027 1771 4083 isthoc
1801 4041 1939 4096 sup-

295 4095 531 4165 peditat,
565 4111 631 4152 ac
693 4099 962 4158 maxime,
995 4110 1144 4167 quae,
1181 4097 1237 4150 in
1285 4095 1690 4167 compendium
1730 4095 1942 4154 utcun-

295 4179 410 4236 que
439 4175 764 4238 contracta,
795 4168 850 4222 in
887 4166 1179 4224 Adnotatis
1215 4167 1308 4222 hic
1339 4166 1506 4226 modo
1546 4169 1806 4238 exhibui,
1849 4184 1945 4225 ve-

298 4237 452 4308 ritati
484 4239 744 4308 apprime
784 4251 1057 4304 consona,
1093 4252 1196 4308 pro
1245 4249 1401 4295 certo
1444 4237 1795 4297 asseverare
1827 4255 1940 4296 non

299 4307 778 4384 ausitn,'remque
808 4309 1055 4378 proinde
1087 4307 1260 4367 totam
1294 4310 1559 4380 prudenti
1597 4312 1826 4370 lectoris
1858 4313 1946 4384 ju-

297 4377 450 4434 dicio
483 4377 772 4450 permitto.

376 4451 490 4526 (55)
521 4450 610 4526 Est
653 4451 846 4526 ethoc
889 4461 1058 4526 caput
1089 4467 1158 4526 ex
1191 4452 1262 4511 iis
1317 4469 1441 4526 quae
1474 4452 1624 4511 haud
1657 4453 1881 4523 integra
1918 4469 1949 4526 ο

2022 3527 2276 3587 vinctum
2303 3525 2376 3586 ad
2400 3544 2534 3588 sese
2559 3527 3008 3602 transmitteret;
3035 3545 3170 3588 cum
3197 3527 3306 3607 pias
3328 3527 3674 3606 hujusmodi

2019 3615 2234 3676 litterae
2267 3617 2336 3675 iis
2367 3617 2469 3692 qui
2502 3617 2662 3677 inter
2687 3616 2980 3696 primores
3006 3616 3669 3692 eminebant,exhibilm

2024 3705 2176 3766 clam
2210 3705 2485 3781 fuissent,
2518 3711 2713 3766 statim
2750 3705 2915 3766 illum
2949 3705 3007 3765 in
3037 3705 3274 3767 civitate
3305 3717 3668 3783 versantem,

2027 3793 2638 3873 comprehendentes,
2673 3794 2833 3856 ferro
2864 3795 3146 3876 vinctum,
3181 3804 3244 3856 ut
3275 3794 3678 3876 imperatoriae

2029 3963 2266 4019 morata,
2316 3963 2678 4024 presserunt,
2731 3954 2893 4013 sedes
2934 3953 3240 4012 habebant.
3275 3956 3388 4013 Nec
3437 3966 3522 4013 est
3573 3971 3679 4016 cur

2026 4029 2081 4082 id
2145 4026 2355 4083 mirum
2413 4026 2682 4096 cuiquam
2750 4035 3037 4096 appareat,
3097 4041 3228 4082 cum
3285 4027 3515 4085 obsidio
3569 4031 3677 4088 ista

2027 4098 2231 4156 saeculo
2272 4103 2476 4154 octavo
2507 4104 2865 4161 senescente,
2900 4102 2977 4154 uti
3010 4097 3157 4154 intra
3189 4098 3429 4162 docebo.
3455 4102 3679 4158 verosi-

2030 4168 2240 4226 utiliter
2270 4165 2562 4238 acciderit,
2598 4171 2821 4239 hocque
2863 4169 3062 4226 eodem
3100 4170 3329 4238 saeculo,
3365 4173 3478 4226 imo
3505 4172 3678 4229 etiam

2030 4244 2218 4305 citius,
2261 4254 2402 4312 gens
2437 4239 2710 4312 solavica,
2772 4241 2852 4296 uti
2907 4241 3052 4312 intra
3105 4243 3319 4310 pariter
3348 4241 3584 4308 docebo,
3620 4244 3679 4300 in

2030 4309 2524 4381 liomani‘imperii
2561 4311 2729 4368 terris
2759 4313 2922 4367 sedes
2964 4309 3243 4368 habuerit.

2104 4385 2213 4452 (58)
2244 4383 2429 4454 Unius
2462 4381 2569 4438 hoc
2614 4394 2698 4437 est
2745 4399 2776 4439 θ
2834 4384 3100 4446 diversis,
3157 4383 3368 4454 quibus
3423 4381 3676 4444 Sclavica

2039 4471 2178 4524 gens
2218 4453 2535 4520 constabat,
2577 4454 2910 4510 nationibus
2944 4453 3258 4521 nomen,’ei
3291 4457 3546 4512 tortassis
3584 4457 3678 4513 in-

303 4523 503 4578 codice
533 4523 1056 4597 olim_Maz_a_rinaeo,
1098 4525 1160 4597 _in
1226 4523 1351 4597 quo
1393 4542 1422 4582 a
1485 4525 1578 4582 fol.
1631 4539 1799 4597 versu
1855 4525 1955 4581 162
2039 4523 2241 4589 ditum.
2273 4526 2424 4597 quod
2463 4525 2616 4597 haud
2671 4526 2867 4596 procul
2910 4542 2938 4582 a
2979 4524 3173 4594 Rusio,
3224 4527 3480 4583 Thraciae
3511 4528 3676 4593 urbe,

303 4607 487 4679 usque
519 4594 720 4679 ad‘tol.
772 4593 1259 4679 187.extepditur;
1311 4597 1591 4668 descripta
1652 4595 1953 4679 habemus:

304 4663 680 4738 Ea’proinde,
715 4680 843 4736 qua:
884 4666 1292 4738 in_Adnotatis,
1327 4684 1450 4738 cap.

2039 4596 2490 4679 sedeshaberet.
2523 4596 2802 4679 Equidem
2831 4612 2955 4653 eam
2988 4606 3085 4678 aut
3115 4599 3176 4679 in_
3211 4597 3546 4679 Macedonia
3582 4610 3682 4679 aut

1503 4669 1844 4739 praecedenti
1886 4668 1956 4724 ad
2043 4673 2097 4724 in
2135 4668 2306 4739 hujus
2343 4668 2600 4737 regionis
2629 4670 2833 4724 vicinia
2867 4684 2932 4724 ac
2966 4670 3127 4739 proin
3163 4669 3315 4725 haud
3350 4668 3551 4739 procul
3587 4672 3682 4728 ad-

306 4747 426 4792 n0t.
455 4735 524 4814 ιβ
555 4735 932 4814 subne’;is,de
955 4736 1128 4814 hujus
1152 4739 1357 4796 edendi
1387 4735 1653 4814 methodo
1675 4738 1950 4795 lectorem
1974 4789 2019 4814 η
2043 4735 2276 4796 modum
2307 4755 2338 4797 a
2371 4735 2518 4797 dicta
2551 4741 2779 4796 civitate
2805 4735 3116 4806 habitasse,
3147 4758 3178 4796 e
3206 4735 3522 4800 subdendis
3569 4757 3680 4814 ap-

307 4789 532 4883 aqua,
558 4789 1096 4883 inmissarium;
1102 4789 1336 4882 21.33575
1338 4789 1572 4883 inii};
1579 4789 1952 4880 ausisset};
1973 4789 2020 4843 υ
2037 4789 2222 4883 pii-3f.

308 4879 571 4950 habenda
612 4889 768 4936 sunt.
831 4879 946 4936 Hoc
1003 4879 1174 4950 porr'o
1234 4886 1290 4937 in
1354 4879 1593 4939 laudato
1619 4883 1952 4938 Mazarinzeo

309 4949 520 5033 codice
545 4959 900 5033 sequentem
933 4949 1090 5014 hunc
1120 4953 1357 5033 praefert
1384 4954 1622 5015 titulum
1654 4973 1668 5010 :
1704 4956 1828 5032 Περὶ
1855 4960 1953 5021 τῆς

307 5032 445 5087 κατὰ
499 5034 590 5088 τὸν
634 5031 971 5111 Περϐοὗνδον
1031 5031 1191 5109 λιμ-οὗ
1247 5037 1335 5091 καὶ
1395 5033 1672 5091 ἆνενδότου
1730 5031 1953 5111 πολιορ-

306 5111 452 5254 κίαῗ,
478 5110 565 5174 De
591 5110 758 5190 fame
786 5113 898 5174 sub
931 5113 1252 5177 Perbundo
1296 5113 1726 5194 obsidiumque
1763 5110 1953 5178 obsti-

306 5207 389 5253 na
417 5211 477 5253 α.

306 5207 477 5253 nata.

384 5271 498 5342 (56)
530 5269 630 5327 Hic
651 5279 848 5330 auctor
873 5283 1070 5348 noster
1094 5289 1416 5348 anonymus
1446 5274 1517 5331 iis
1539 5278 1666 5345 Quae
1692 5273 1954 5348 praesenti

310 5355 431 5414 cap.
478 5351 697 5417 narrat,
729 5358 854 5401 sese
890 5345 1171 5417 aequalem
1233 5345 1689 5404 luculentisstme
1719 5346 1951 5417 prodit;

311 5414 675 5485 quandonam
708 5425 900 5472 autem
935 5414 1035 5473 ista
1095 5419 1410 5478 evenerint.
1462 5414 1751 5475 studiosus
1780 5415 1956 5474 lector

314 5486 602 5559 intelliget,
644 5502 712 5543 rx
747 5487 816 5543 iis
847 5500 974 5558 quae
1013 5489 1158 5548 infra
1196 5499 1311 5546 tum
1345 5491 1412 5546 ad
1475 5497 1646 5558 caput
1685 5501 1951 5559 praesens,

313 5558 524 5633 turned
544 5558 718 5633 _e|_iud
751 5562 1009 5633 proxime
1040 5564 1399 5633 subsequens
1432 5560 1664 5633 nota_bu.

386 5627 497 5698 (57)
538 5627 922 5701 Sclavi'ergo
979 5632 1133 5687 haud
1193 5627 1392 5702 procul
1457 5648 1486 5690 a
1547 5631 1950 5690 Thessalonica

315 5714 446 5767 cum
481 5702 762 5759 civitatem
808 5705 955 5760 hanc
1006 5703 1326 5770 obsidione,
1377 5718 1501 5777 cap.
1535 5705 1800 5777 praesenti
1834 5717 1954 5762 me-

2107 4883 2227 4953 (59)
2252 4882 2434 4953 Hujus
2467 4881 2802 4939 Sclavorum
2846 4897 2945 4939 seu
2975 4882 3148 4953 regis,
3182 4882 3261 4940 uti
3296 4884 3388 4939 hic
3420 4892 3679 4951 vocatur,

2035 4970 2136 5012 seu
2178 4953 2455 5024 principis
2499 4967 2708 5010 nomen
2743 4956 3014 5024 nuspiam
3047 4954 3196 5024 apud
3230 4956 3535 5013 historicos
3565 4956 3685 5015 sive

2035 5027 2256 5084 Graecos
2283 5026 2404 5096 sive
2437 5024 2672 5082 Latinos
2710 5027 2972 5082 invenire
3006 5026 3183 5096 quivi.

2109 5097 2224 5167 (60)
2253 5095 2481 5155 Utinam
2514 5106 2713 5153 auctor
2758 5106 2953 5154 noster
2986 5095 3372 5168 imperatoris,
3424 5113 3454 5156 a
3486 5113 3547 5156 se
3583 5099 3679 5156 hic

2037 5169 2357 5235 memorati,
2395 5181 2606 5224 nomen
2642 5169 2854 5224 alicubi
2905 5169 3284 5239 prodidisset!
3330 5169 3406 5226 Ita
3458 5170 3528 5226 de
3591 5185 3686 5227 re-

2035 5255 2201 5312 rum,
2247 5241 2317 5296 ab
2366 5254 2432 5294 eo
2490 5248 2887 5312 narratarum,
2931 5241 3146 5311 epocha
3205 5241 3420 5298 certius
3455 5241 3682 5312 aliquid

2037 5311 2207 5368 statui
2243 5312 2537 5383 potuisset.
2571 5309 2690 5383 Ego
2725 5309 2979 5377 interim,
3011 5325 3142 5383 quae
3171 5312 3264 5368 hic
3303 5314 3499 5383 refert,
3533 5309 3688 5370 Con-

2037 5382 2277 5440 stantini
2310 5381 2556 5450 septimi,
2591 5381 2691 5451 qui
2741 5383 2953 5438 saeculo
2984 5381 3183 5439 octavo
3215 5385 3283 5439 ad
3335 5381 3504 5439 tinem
3558 5397 3690 5440 ver-

2039 5466 2221 5525 gente
2269 5453 2492 5522 imperii
2550 5454 2804 5508 habenas
2862 5457 3067 5519 tenuit,
3121 5456 3263 5510 aetati
3315 5453 3688 5515 innectenda.

2039 5524 2375 5598 ver‘osimile
2401 5534 2679 5598 autumo;
2717 5534 2971 5598 rectene,
3031 5539 3102 5581 an
3133 5540 3324 5595 secus,
3355 5538 3427 5582 ex
3459 5525 3530 5581 iis
3560 5539 3690 5598 qua:

2037 5597 2182 5656 intra
2231 5595 2458 5661 notabo,
2491 5596 2788 5654 studiosus
2821 5595 3002 5654 lector
3029 5604 3257 5654 statuet.
