4124 6432
288 353 440 422 1353

1365 360 1426 422 s.
1473 359 1852 430 DEMETRII
1894 362 2294 430 MARTYRIS
2336 339 2555 430 ACTA.

3513 372 3663 440 1354

267 493 562 572 σθενάρους
633 494 720 551 καὶ
789 500 856 571 τῇ
919 495 1012 568 θέᾳ
1094 494 1500 574 ὑπερλάμπρους
1565 495 1926 566 ἀσπιδιώκτας

2028 502 2168 562 :ium
2196 508 2326 563 utut
2347 501 2506 562 haud
2533 517 2806 581 magnam
2840 501 3314 570 indidit.Rursus
3332 513 3534 572 autem
3561 509 3665 572 alii

279 598 398 648 τοῖς
457 583 700 648 πολίταις
750 583 1019 652 ἐνέθηκεν.
1082 585 1296 662 "Erepsi
1356 583 1410 641 δὲ
1454 585 1614 642 πάλιν
1668 586 1934 664 ἑωράκει-

279 696 378 730 σαν
449 675 542 730 τὸν
606 677 825 740 εὐσθενῆ
895 681 1083 731 τοῦτον
1150 675 1384 752 μάρτυρα
1466 677 1553 731 καὶ
1612 680 1934 758 σωσίπατριν

279 761 634 843 διατρέχοντα
708 761 916 838 ἒξεῆρον
996 770 1071 836 τῷ
1151 766 1323 843 τείχει
1394 766 1480 820 καὶ
1553 763 1726 830 ξένους
1788 771 1935 834 τινὰς

207 869 218 879 ·
278 851 569 927 εὒτόλμους
631 850 898 930 ἀξιοῦντα,
949 855 1034 907 καὶ
1093 854 1165 917 εἷς
1220 851 1414 918 τόπους
1470 856 1614 917 τινας
1660 862 1765 910 τῶν
1823 880 1934 914 τει-

275 941 427 1020 χέων
505 941 744 1013 ἑστάναι,
800 942 1226 1015 παρατάσσεσθαί
1293 965 1351 998 τε
1422 943 1509 999 καὶ
1586 943 1934 1023 παραφυλάτ-

276 1053 387 1087 τειν
423 1077 438 1092 .
476 1072 491 1086 .
530 1074 546 1090 .
589 1079 602 1092 .
642 1073 656 1088 .
699 1073 711 1088 .
751 1073 766 1089 .
832 1032 925 1088 Καὶ
986 1032 1172 1088 τούτου
1229 1030 1354 1103 παρ’
1413 1032 1586 1088 αὐτῶν
1629 1034 1930 1110 γινομένου,

276 1121 367 1177 καὶ
425 1120 522 1188 τῆς
569 1118 713 1175 ἔνδον
772 1117 980 1184 ξυλείας
1032 1121 1212 1187 πάσης
1265 1123 1572 1200 καυθείσης,
1619 1120 1748 1196 μηδ’
1793 1122 1932 1184 ὅλως

275 1210 376 1275 τὴν
433 1215 538 1264 τῶν
598 1205 825 1286 σιδήρων
883 1209 1118 1264 σύνθεσιν
1177 1211 1307 1285 πρὸς
1367 1233 1416 1266 τι
1475 1216 1776 1290 χαυνῶσαι,
1813 1211 1931 1267 ἀλλ’

278 1300 352 1359 ὡς
437 1296 932 1376 ἑγκεχωνιασμένα,
1015 1297 1049 1364 ἢ

281 1385 430 1448 εἴδει,

354 1474 500 1555 ρπΘ’.
559 1475 713 1532 Οὕτω
768 1477 830 1531 τὸ
888 1477 1017 1532 αὐτὸ
1075 1476 1411 1554 παραπύλιον
1481 1481 1566 1534 καὶ
1610 1479 1738 1534 καὲν
1798 1485 1934 1535 σῶον

273 1563 565 1644 διέμεινεν,
642 1567 714 1628 ὡς
809 1565 928 1628 τοὺς
1022 1563 1313 1644 βαρϐέρους
1400 1565 1761 1645 ἐκπλαγέντας
1846 1576 1940 1625 τοῦ

274 1655 518 1712 τοιούτου
591 1654 890 1721 ἀποστῆναι
962 1655 1152 1734 τόπου,
1212 1657 1425 1733 πληγάς
1483 1679 1539 1712 τε
1600 1661 1696 1715 οὒκ
1754 1657 1936 1734 ὀλίγας

1135 1298 1186 1354 ἓν
1262 1299 1426 1376 ἑτέρῳ
1510 1301 1936 1378 προσπεπηγότα

276 1746 365 1800 καὶ
397 1744 668 1820 τραύματα
734 1745 828 1800 καί
886 1745 1076 1823 φόνους
1136 1745 1190 1799 ἐν
1245 1759 1360 1806 τοῖς
1415 1747 1599 1810 αὐτοῖς
1654 1744 1934 1824 βαρϐάροις

2017 591 2296 652 viderunt
2346 591 2671 668 benignum
2727 590 2892 654 illum
2957 602 3277 673 martyrem
3342 598 3664 680 patriaeque

2019 688 2380 743 servatorem
2415 689 2578 769 extra
2612 697 2844 741 murum
2870 685 3667 769 currentem,quosdamque

2020 769 2370 849 peregrinos
2401 768 2776 842 robustos,ac
2798 778 3015 850 apectu
3047 772 3446 852 praefulgidos,
3478 768 3668 840 scuti-

2019 859 2176 919 feros
2201 858 2553 938 audaces,ut
2583 858 2936 939 quibusdam
2967 861 3147 922 etiam
3181 881 3487 928 murorum
3520 867 3672 930 locis

2019 955 2267 1024 starent,
2304 945 2657 1008 resisterent
2679 956 2858 1024 atque
2880 948 3157 1012 excubias
3185 962 3452 1031 agerent,
3487 956 3671 1020 addu-

2018 1046 2328 1098 centem...
2360 1041 2442 1099 Ac
2475 1055 2610 1097 cum
2644 1037 2791 1097 illud
2819 1037 3036 1099 factum
3073 1039 3144 1101 ab
3174 1040 3248 1102 iis
3278 1042 3508 1121 fuisset,
3541 1064 3669 1107 om-

2019 1127 2232 1199 nisque
2285 1126 2536 1186 interior
2588 1127 2781 1204 lignea
2836 1128 3080 1190 materia
3133 1141 3287 1192 esset
3332 1133 3666 1215 combusta,

2023 1215 2184 1276 nullo
2237 1216 2412 1277 modo
2470 1216 2764 1277 ferrorum
2820 1218 3272 1282 commissuram
3324 1220 3526 1305 laxari,
3561 1223 3668 1287 sed

2022 1325 2092 1366 ea
2147 1306 2305 1366 velut
2365 1306 2422 1366 in
2456 1324 2639 1366 unum
2690 1307 2936 1370 conﬂari
2969 1325 3072 1369 seu
3121 1309 3301 1372 alium
3336 1313 3393 1375 in
3447 1321 3664 1376 statum

2022 1412 2415 1456 concrescere
2448 1395 2668 1455 evenit.

2105 1484 2238 1546 189.
2281 1485 2362 1545 Ita
2418 1483 2625 1545 eadem
2663 1486 2936 1562 portella,
2972 1495 3098 1548 utut
3146 1487 3474 1566 combusta,
3511 1491 3670 1556 salva

2025 1576 2372 1652 permansit,
2411 1576 2492 1634 ita
2550 1581 2615 1636 ut
2670 1575 2921 1638 Barbari
2981 1579 3239 1659 perculsi
3300 1582 3496 1644 aloco
3553 1582 3672 1644 hu-

2016 1664 2280 1742 jusmodi
2305 1664 2683 1738 recederent,
2712 1666 3020 1748 plagasque
3051 1669 3207 1730 haud
3232 1689 3435 1751 pauca;
3464 1673 3674 1736 vulne-

2021 1772 2204 1832 raque
2239 1773 2304 1813 ac
2339 1753 2532 1814 caedes
2571 1759 2630 1813 in
2671 1755 2814 1834 ipsis
2845 1755 3122 1817 Barbaris
3179 1761 3356 1821 modo
3389 1760 3674 1823 invisibili

273 1833 514 1908 ἀοράτως
567 1835 908 1908 γεγενῆσθαι,
956 1836 1018 1890 οὗ
1087 1833 1252 1907 μόνον
1313 1836 1368 1888 ἓν
1427 1841 1502 1907 τῷ
1562 1835 1705 1908 αὒτῷ
1760 1837 1931 1915 τόπῳ,

2028 1845 2383 1915 ﬁerenl,non
2413 1842 2588 1902 modo
2615 1841 2673 1901 in
2698 1833 2908 1904 eodem
2944 1844 3097 1920 loco,
3124 1865 3327 1908 verum
3363 1849 3538 1910 etiam
3569 1868 3676 1931 per

274 1919 416 1977 ἄλλα
471 1922 556 1976 καὶ
583 1919 649 1975 δι’
711 1920 840 1988 ὁλης
873 1927 970 1988 τῆς
1021 1923 1277 2001 χερσαίας
1325 1927 1412 1979 καὶ
1461 1925 1595 1978 κατὰ
1647 1924 1931 1981 θάλατταν.

277 2009 430 2066 Ἐπεὶ
479 2009 569 2065 οὖν
605 2023 750 2087 τρεῖς
805 2011 1009 2085 ἡμέρας
1055 2011 1220 2072 οὕτως
1257 2059 1272 2073 .
1310 2057 1325 2072 .
1366 2053 1380 2068 .
1443 2026 1564 2075 ταῖς
1615 2013 1804 2078 πύλαις
1850 2015 1937 2070 καὶ

274 2102 409 2176 πρὸς
467 2112 588 2161 τοῖς
653 2096 778 2177 παρ’
835 2101 1007 2157 αὐτῶν
1081 2104 1447 2176 συνοραθεϊσιν
1506 2101 1791 2168 εὖαλώτοις
1851 2105 1934 2159 καὶ

275 2189 754 2267 εὖμαχιμωτότοις
821 2191 1006 2253 τόποις
1078 2190 1213 2246 κατὰ
1283 2191 1374 2245 τὸν
1437 2189 1623 2266 ὅμοιον
1681 2191 1930 2267 πολεμή-

274 2298 465 2340 σαντες
523 2277 720 2355 τρόπον
777 2279 878 2346 τήν
935 2299 990 2333 τε
1056 2276 1340 2358 δυστυχίαν
1407 2279 1543 2354 μετὰ
1611 2282 1801 2358 Θρίλνὸν)
1849 2279 1937 2336 καὶ

276 2363 585 2442 δλολυγμοῦ
645 2363 760 2440 μεθ’
821 2367 1022 2423 ἑαδτῶν
1087 2364 1368 2442 λαϐόντες,
1429 2371 1516 2425 καὶ
1571 2372 1691 2432 τοὺς
1761 2368 1937 2425 οεόθεν

279 2469 466 2521 αὐτοῖς
525 2455 826 2533 σφαγέντας
884 2455 1151 2535 ἄρχοντας
1198 2455 1282 2512 διὰ
1337 2461 1430 2513 τοῦ
1482 2457 1796 2538 ἀθλοφόρου,
1851 2461 1937 2515 καὶ

278 2545 404 2608 τοὺς
461 2549 622 2603 αὑτοῦ
649 2544 982 2622 πληγέντας,
1019 2546 1138 2622 μετ’
1191 2546 1445 2616 ἀλλήλων
1495 2550 1803 2628 μαχόμενος
1864 2551 1936 2610 εἷς

279 2636 402 2696 τοὺς
433 2633 590 2699 ἰδίους
623 2635 818 2698 τόπους
843 2634 1083 2701 ἀπῆλθον
1119 2679 1132 2695 .
1174 2684 1188 2698 .
1225 2679 1241 2695 .
1279 2685 1294 2700 .

289 2714 295 2718 .
361 2725 480 2802 94’,
545 2727 603 2782 Οἱ
661 2723 716 2780 δὲ
776 2722 1031 2803 βάρϐαροι
1113 2728 1243 2804 πρὸς
1301 2724 1570 2795 ἂλλήλους
1629 2729 1937 2807 μαχόμενοι

279 2811 465 2890 ἔλεγον
507 2826 628 2876 τοῖς
693 2814 1005 2893 διεγείρασιν
1062 2816 1272 2880 αὐτούς·
1339 2819 1444 2874 Οὔκ
1504 2816 1718 2894 ἐλέγετε
1772 2820 1934 2894 ἡμῖν,

278 2902 486 2980 μηδένα
537 2903 591 2958 ἐν
650 2909 718 2978 τῇ
780 2903 933 2960 πόλει
977 2905 1214 2979 ὑπεῖναι,
1251 2907 1295 2961 εἰ
1355 2907 1430 2980 μή
1476 2928 1622 2971 τινας
1681 2907 1935 2986 γέροντας

280 2996 369 3050 καὶ
422 2991 576 3070 ὀλίγα
623 3013 986 3072 γυναικαρια;
1033 2996 1133 3052 Καὶ
1166 2997 1324 3051 πόθεν
1374 2997 1408 3064 ἡ
1448 2996 1680 3062 τοσαύτη
1731 2995 1934 3064 πληθὺς

281 3090 376 3140 τοῦ
420 3081 474 3137 ἐν
517 3088 585 3158 τῇ
628 3080 782 3139 πόλει
843 3081 974 3139 λαοῦ
1041 3086 1075 3150 ἡ
1139 3083 1673 3160 ἄντιπαραταξαμένη
1745 3088 1930 3160 ἡμτνς

283 3178 450 3231 Τοῦτο
509 3170 564 3227 δὲ
613 3178 742 3228 πᾶσι
803 3169 964 3239 δῆλον
1021 3175 1367 3253 καθὲστηκέν,
1403 3176 1473 3238 ὡς
1517 3173 1554 3240 ἡ
1610 3181 1714 3232 τῶν
1769 3179 1933 3254 ἁγίων

281 3260 368 3317 διὰ
410 3263 503 3318 τοῦ
554 3260 839 3342 ὖθλοφόρου
912 3263 1173 3340 γενομένη
1245 3269 1314 3339 τῇ
1370 3263 1530 3320 πόλεί
1601 3265 1728 3344 ὑπὲρ
1779 3267 1933 3340 ἡμῶν

282 3351 570 3430 συμμαχία
605 3395 618 3411 .
659 3396 672 3410 .
713 3397 728 3414 .
766 3399 782 3415 ,
857 3353 953 3410 Καὶ
984 3351 1117 3419 αὕτη
1149 3351 1202 3408 δὲ
1247 3351 1404 3409 πάλιν
1437 3350 1520 3409 διὰ
1568 3354 1796 3410 τῶντοῦ
1843 3378 1934 3434 φι-

355 3468 478 3540 (6t)
506 3469 679 3527 Voces
725 3469 944 3541 aliquot
975 3470 1033 3526 in
1086 3470 1278 3527 codice
1309 3470 1447 3527 olim
1480 3471 1812 3529 Mazariuaao
1846 3472 1939 3529 hic

283 3554 472 3613 exesae
501 3550 634 3596 sunt
666 3557 684 3611 ;
739 3553 800 3597 ut
831 3552 1019 3598 autem
1064 3543 1363 3613 eireliquis
1399 3557 1602 3598 sensus
1653 3544 1940 3613 perfectus

282 3612 594 3694 formetur,
621 3630 754 3674 esse
784 3625 926 3692 puto
951 3612 1347 3694 supplendum
1372 3616 1528 3692 πρὸς,
1555 3612 1940 3694 Latinamque

281 3692 506 3818 idcilrco
529 3693 1054 3763 interpretationem
1081 3693 1274 3749 sensui
1311 3696 1384 3750 ita
1420 3694 1680 3764 suppleto
1711 3692 1941 3751 acco'm-

284 3777 380 3818 mo
423 3778 533 3818 avt.

284 3777 533 3821 πιοαονι.

358 3835 472 3903 (65)
524 3836 711 3906 Atque
764 3835 862 3904 ita,
894 3843 958 3892 ut
991 3834 1181 3891 verbis
1225 3833 1343 3906 jam
1377 3833 1786 3906 praemissisab
1836 3849 1942 3891 au-

285 3915 442 3964 ctore
474 3905 669 3963 nostro
697 3914 989 3971 narratur,
1025 3919 1124 3976 per
1154 3905 1416 3963 sanctum
1454 3905 1805 3963 Demetrium
1836 3921 1939 3962 seu

285 3979 476 4048 potius
524 3990 627 4048 per
679 3977 935 4048 angelos,
980 3977 1078 4033 illo
1130 3984 1326 4034 sancto
1381 3986 1576 4034 nostro
1623 3991 1654 4034 a
1702 3977 1822 4034 Deo
1885 3977 1940 4032 id

285 4049 650 4118 impetrante,
718 4049 1055 4106 Sclavorum
1123 4048 1445 4109 ObSlleDB.
1493 4062 1620 4119 cap.
1676 4049 1940 4118 praesenti

285 4131 620 4183 memorata,
653 4119 889 4176 liberata
945 4119 1046 4176 fuit
1098 4119 1628 4176 Thessalonicensis
1685 4120 1940 4188 civitas;

288 4201 352 4249 ut
385 4200 572 4248 autem
610 4189 670 4263 td
704 4205 835 4247 vere
865 4206 966 4262 per
997 4192 1321 4263 prodigium
1364 4193 1572 4247 facmm
1608 4192 1803 4258 fuisse,
1840 4205 1944 4246 au-

287 4273 414 4320 ctor
469 4262 816 4319 luculentius
873 4262 1341 4326 ostendat,'mox
1390 4264 1584 4327 etiam,
1634 4272 1938 4333 postquam

289 4333 834 4392 Thessalonicenses
919 4333 987 4389 de
1053 4333 1202 4390 felici
1267 4335 1375 4389 isto
1443 4347 1712 4390 successu
1782 4348 1942 4389 sum-

290 4420 415 4462 mas
473 4405 585 4461 Deo
641 4406 1097 4476 acrisospitatori
1161 4414 1357 4476 sancto
1416 4404 1704 4462 Demetrio
1740 4405 1942 4476 egisse

292 4476 524 4548 gratias,
554 4546 561 4548 Α
588 4475 803 4540 retulit,
837 4474 895 4532 in
948 4475 1074 4533 cod.
1115 4475 1250 4533 olim
1301 4475 1623 4548 Mazarinao
1680 4475 1776 4532 fol.
1806 4474 1946 4548 ξ180

292 4546 612 4618 subiungit,
644 4561 771 4618 quae
822 4558 1171 4620 punctorum
1230 4546 1648 4618 interpositioni
1676 4547 1939 4618 proxime

293 4621 384 4678 hic
417 4619 756 4674 subdantur.

334 4633 384 4675 lc
417 4630 756 4674 ςυῡαιιῐιιυν.

367 4689 480 4759 (66)
511 4689 615 4746 Hic
644 4689 814 4747 modo
844 4688 904 4745 in
932 4690 1060 4747 cod.
1094 4689 1227 4745 olim
1251 4687 1578 4746 Mazarinwo
1599 4702 1715 4745 non
1742 4703 1946 4760 pauca,

293 4778 324 4818 ι
363 4762 529 4818 nobis
569 4762 769 4818 iterum
800 4761 874 4817 ob
934 4763 1205 4831 temporis
1244 4760 1599 4823 brevitatem,
1633 4775 1747 4831 quo
1788 4761 1837 4816 is
1877 4761 1948 4817 ad

293 4847 528 4890 manum
580 4832 704 4898 fuit,
756 4845 873 4889 non
906 4831 1202 4902 descripta,
1236 4841 1436 4887 auctor
1483 4831 1830 4902 subjungit;
1882 4845 1949 4888 ac

291 4905 482 4976 primo
522 4904 752 4974 quidem
785 4907 985 4976 paucis
1045 4912 1170 4976 post
1220 4903 1421 4976 diebus
1451 4905 1622 4976 etiam
1680 4902 1812 4960 illos
1847 4902 1947 4973 qui

293 4972 365 5033 ad
421 4972 712 5032 annonam
744 4972 1160 5047 a'Bellegeiitis
1193 4972 1497 5030 emendam
1529 4974 1754 5047 fuerant
1809 4972 1946 5030 cum

293 5048 538 5104 navibus
569 5045 1138 5112 emissi,incoltimes,
1173 5047 1569 5114 patrocinante
1592 5046 1714 5100 suis
1745 5054 1948 5102 sancto

295 5117 602 5182 Demetrio,
627 5131 740 5175 una
773 5132 905 5175 cum
938 5117 1089 5175 haud
1138 5130 1329 5188 parva,
1362 5130 1534 5188 quam
1565 5115 1946 5188 advehebant,

295 5189 568 5247 frumenti
627 5191 790 5258 copia
848 5204 973 5246 csse
1029 5187 1308 5253 reversos,
1354 5201 1484 5243 cum
1515 5187 1631 5258 jam
1697 5187 1951 5244 Thessa—

295 5261 501 5318 lonicze
567 5257 928 5318 obsidionem
1018 5262 1279 5319 deserere
1365 5257 1952 5328 compulsosifuisse

294 5331 548 5397 Sclavos,
585 5332 735 5401 apud
768 5331 1119 5402 Bellegizitas
1165 5327 1546 5393 didicissent;
1581 5327 1808 5402 deinde
1817 5343 1953 5402 vero

299 5402 477 5475 addit,
506 5399 806 5475 liberatam
836 5399 1073 5475 qui—dem
1101 5403 1269 5475 modo
1315 5415 1439 5475 a_se
1469 5400 1728 5475 exposito
1765 5399 1953 5458 Thes-

298 5471 612 5531 salonicam
655 5471 988 5531 Sclavoi'um
1024 5473 1320 5531 obsidione
1349 5472 1543 5539 fuisse,
1570 5471 1726 5527 haud
1761 5481 1949 5529 tamen

341 5558 598 5616 ropterea
647 5559 904 5602 cessasse
934 5547 1300 5616 quotidittnas
1350 5545 1467 5600 fere
1499 5545 1704 5600 horum
1736 5542 1793 5599 iu
1825 5543 1949 5601 loca

298 5558 730 5678 ’i’hessalonicae
761 5616 947 5676 vicina
987 5615 1378 5678 excursiones,
1414 5615 1702 5678 iactasque
1743 5629 1807 5673 ex
1859 5615 1949 5673 in-

350 5615 730 5675 hessalonicae
761 5615 964 5676 vicina
987 5615 1378 5682 excursiones,
1414 5615 1702 5687 iactasque
1743 5629 1807 5673 ex
1859 5615 1952 5673 in-

747 5744 1006 5806 Puaon.
1054 5744 1169 5806 Gn.
1215 5741 1422 5806 CXVI.

2022 1950 2258 1992 omnem
2281 1940 2456 1991 terra;
2482 1931 2710 2010 plagam
2738 1932 2996 2012 atquein
3020 1935 3190 1998 mari.
3216 1938 3533 2019 Postquam
3562 1938 3674 2018 igi-

2023 2029 2121 2081 tur
2150 2022 2227 2081 ita
2260 2039 2360 2098 per
2397 2021 2525 2081 dies
2552 2030 2671 2110 tres
2710 2023 2912 2102 (64)...
2950 2041 3137 2104 prope
3167 2034 3387 2104 portas,
3423 2027 3675 2110 locaque

2021 2128 2151 2198 quae
2181 2110 2252 2170 ab
2280 2110 2364 2170 eis
2385 2119 2560 2188 captu
2595 2109 2788 2171 facilia
2811 2112 3139 2190 laboreque
3170 2114 3331 2176 nullo
3363 2109 3672 2198 expugna-

2021 2197 2162 2259 bilia
2199 2197 2436 2260 fuerant
2485 2198 2842 2281 existimata,
2875 2200 3057 2263 simili
3113 2203 3290 2265 modo
3321 2197 3676 2288 fortunaque

2021 2289 2272 2349 adversa
2307 2294 2700 2376 pugnassent,
2729 2308 2860 2351 cum
2889 2291 3130 2370 planctu
3160 2293 3387 2370 ejulatu
3419 2303 3480 2357 et
3510 2297 3675 2376 priu-

2023 2376 2280 2456 cipibus,
2314 2375 2419 2456 qui
2472 2376 2757 2440 divinitus
2788 2378 2874 2440 eis
2917 2399 2950 2441 a
2990 2385 3383 2444 certaminum
3439 2375 3677 2447 Victore

2021 2467 2255 2527 fuerant
2285 2466 2492 2538 occisi,
2529 2473 2587 2528 et
2619 2467 2691 2527 iis
2713 2471 2811 2548 qui
2845 2468 2919 2530 ab
2950 2488 3021 2531 eo
3050 2469 3146 2532 isti
3178 2471 3434 2554 fuerant,
3469 2491 3676 2536 secum

2022 2561 2308 2636 acceptis,
2343 2555 2414 2616 ad
2450 2555 2579 2617 loca
2612 2555 2854 2637 propria
2878 2567 3209 2638 pugnantes
3238 2561 3525 2624 adversus
3575 2561 3674 2625 in-

2021 2645 2208 2707 vicem
2242 2644 2520 2705 abierunt
2556 2644 2760 2726 (65)...

2110 2733 2239 2796 190.
2289 2732 2533 2794 Barbari
2563 2743 2787 2810 autem,
2823 2753 2959 2796 cum
3018 2739 3270 2800 invicem
3310 2741 3673 2822 pugnabant,

2022 2823 2092 2884 iis
2112 2823 2208 2903 qui
2236 2822 2368 2883 illos
2393 2822 2869 2898 exstimularant,
2891 2823 3194 2890 dicebant:
3227 2827 3439 2893 Nonne
3473 2832 3675 2910 nobis,

2019 2914 2318 2973 neminem
2354 2911 2413 2972 in
2447 2911 2705 2988 civitate,
2731 2911 2844 2974 nisi
2866 2930 3040 2975 senes
3065 2916 3383 2998 quosdam,
3418 2937 3675 3000 paucas-

2018 3018 2132 3079 que
2177 3000 2584 3080 mulierculas,
2617 3019 2936 3082 superesse
2965 3003 3196 3067 dixistis
3228 3005 3254 3067 ἲ
3309 3005 3480 3070 Unde
3512 3016 3676 3072 tanta

2017 3108 2152 3166 quae
2205 3090 2376 3151 nobis
2409 3091 2630 3153 restitit
2663 3092 2720 3152 in
2773 3091 3015 3153 civitate
3046 3094 3248 3174 populi
3301 3097 3615 3161 multitudo
3649 3105 3681 3162 ‘i

1952 3233 1994 3284 ο
2017 3181 2366 3284 Sapctorutn
2401 3179 2457 3240 id
2483 3180 2666 3280 fuisse
2699 3180 2951 3284 militare
2982 3184 3288 3284 auxilium,
3318 3185 3542 3249 civitati
3565 3205 3674 3268 pro

2021 3269 2192 3330 nobis
2216 3286 2320 3349 per
2353 3268 2748 3330 certaminum
2782 3269 3083 3332 Victorem
3117 3271 3380 3348 allatum,
3417 3275 3672 3338 manife-

2021 3370 2178 3421 stum
2225 3357 2504 3419 omnibus
2535 3357 2644 3419 fuit
2679 3358 2882 3439 (66)...
2919 3361 3116 3438 Atque
3170 3361 3286 3424 hoc
3320 3381 3530 3426 rursus
3583 3381 3692 3445 per

2023 3480 2202 3542 sidiis.
2236 3477 2450 3556 quibus
2501 3478 2624 3556 haec
2673 3480 2794 3556 ipsa
2852 3480 3050 3556 civitas
3093 3479 3410 3556 aliquando
3463 3483 3678 3556 impete

2025 3561 2205 3628 retur,
2234 3550 2289 3606 in
2343 3550 2465 3628 loca
2494 3552 2617 3628 alia
2661 3550 3216 3628 civitatisejusdem
3240 3556 3480 3628 Amuris
3509 3550 3684 3628 quam

2023 3620 2308 3695 proxime,
2342 3621 2678 3695 adjacentla,
2737 3620 3104 3693 irruptiones,
3137 3624 3347 3695 quibus
3391 3620 3583 3693 ﬂebit,
3622 3636 3685 3685 ut

2023 3703 2076 3749 et
2106 3694 2314 3765 captivi
2347 3693 2774 3765 abducerentur
2808 3709 2980 3765 quam
3023 3693 3279 3764 plurimi,
3311 3706 3364 3752 et
3417 3697 3529 3754 alia
3563 3712 3683 3756 non

2023 3779 2201 3834 pauca
2256 3761 2874 3834 Thessalonicensibus
2921 3761 3278 3822 inferrentur
3309 3767 3536 3824 damna.
3582 3767 3686 3826 Est

2024 3833 2216 3903 porro,
2276 3833 2756 3903 quemadmodum
2791 3844 2990 3909 auctor
3046 3838 3436 3909 prosequitur,
3477 3850 3685 3909 praete-

2025 3920 2116 3961 rea
2181 3909 2412 3973 iactum,
2462 3913 2541 3967 ut,
2603 3919 2734 3960 cum
2796 3908 3071 3963 continuo
3137 3907 3682 3968 de’TheSsa'lonica

2025 3973 2374 4051 occupanda
2424 3974 2662 4051 Barbari
2714 3976 3054 4051 cogitarent,
3109 3979 3369 4051 variique
3410 3983 3565 4037 hunc
3623 3983 3680 4038 in

2024 4047 2199 4103 ﬁnem
2261 4049 2414 4121 varia
2452 4048 2830 4121 instrumenta
2865 4048 3071 4105 bellica
3111 4047 3384 4121 efﬁngere
3412 4051 3688 4121 niteren-

2027 4130 2138 4182 tur,
2180 4117 2464 4188 quispiam
2502 4133 2584 4194 _ex_
2643 4117 2734 4183 iis,
2766 4117 3281 4194 instrumentorum
3322 4119 3681 4194 bujusmodi,

2029 4199 2151 4245 utut
2208 4199 2442 4262 natione
2497 4188 2756 4262 Sclavus,
2827 4192 3352 4249 construendorum
3401 4188 3680 4262 'peritior,

2028 4263 2156 4316 miri
2199 4258 2420 4316 artiﬁcii
2477 4261 2680 4334 turrim
2736 4259 3008 4334 ligneam,
3050 4277 3161 4334 qua
3214 4258 3684 4322 Thessalonicam

2026 4339 2182 4388 certo
2240 4331 2683 4403 expugnandam
2717 4333 3028 4403 asserebat,
3063 4331 3420 4403 excogitat-it.
3481 4335 3684 4393 Verum

2027 4417 2178 4467 cum,
2253 4399 2424 4476 turns
2494 4402 2648 4458 illius
2717 4399 3100 4476 delineatione
3161 4399 3429 4462 Sclavicae
3496 4409 3684 4476 gentis

2029 4473 2386 4547 principibus
2415 4479 2700 4544 proposita
2728 4489 2794 4530 ac
2815 4474 3378 4547 approbata.sibiqne
3401 4473 3682 4547 per‘illos,

2030 4543 2122 4615 qui
2151 4543 2270 4615 jam
2325 4543 2573 4616 civrtati.
2593 4557 2706 4616 quo
2761 4543 3035 4603 adversus
3070 4547 3219 4603 hanc
3254 4543 3544 4604 machinae
3577 4562 3686 4605 ex-

1968 4595 2011 4646 D
2030 4595 2312 4689 genesis
2331 4595 2350 4598 ’
2362 4595 2700 4685 ὶιέὲἷέὗιιῖιῖῐ
2730 4595 3235 4689 {gessisset}
3255 4595 3686 4689 Waeisﬁzce‘m

2029 4688 2431 4756 admoverant,
2462 4688 2803 4744 nect'ssariis
2831 4689 2900 4745 ad
2944 4688 3429 4747 constructionem
3465 4688 3690 4747 Submi-

2029 4759 2308 4831 nistratis,
2370 4772 2604 4831 manum
2656 4762 2838 4831 operi,
2905 4760 3099 4817 multis
3157 4763 3207 4817 ei
3258 4775 3424 4831 opem
3465 4762 3694 4819 ferenti-

2032 4830 2156 4903 bus,
2198 4831 2537 4903 admoturus
2567 4829 2805 4901 jamjam
2861 4841 3030 4903 esset,
3085 4831 3275 4889 subito
3298 4829 3363 4887 'ei
3423 4841 3693 4903 spectau-

2032 4902 2166 4974 dum
2200 4915 2321 4956 sese
2368 4900 2576 4957 obtulit
2621 4900 2870 4974 sanctus,
2910 4900 3259 4974 Demetrius,
3293 4900 3578 4974 alapa’que
3633 4906 3690 4961 iu

2031 4972 2195 5028 facile
2235 4985 2571 5044 percussum
2609 4975 2817 5029 mentis
2855 4973 3128 5044 impotem
3160 4972 3424 5039 reddidit,
3458 4972 3605 5033 adeo
3627 4983 3693 5034 ut

2034 5045 2225 5113 fugam
2268 5043 2591 5117 celerrime
2628 5043 2960 5117 arripuerit,
2993 5053 3162 5117 atque
3222 5049 3279 5100 in
3339 5053 3564 5104 montes
3601 5045 3694 5102 de-

2035 5125 2239 5188 sertos,
2301 5114 2512 5188 frustra
2580 5114 3017 5188 insequentibus
3071 5114 3243 5188 ‘aliis,
3303 5130 3566 5188 opusque
3629 5127 3693 5175 ut

2036 5187 2430 5250 exordirctur,
2499 5184 2977 5250 inclamantibus,
3050 5202 3120 5244 cx
3182 5184 3486 5246 hominum
3561 5201 3694 5244 con-

2037 5265 2256 5327 spectu,
2303 5271 2416 5313 non
2467 5271 2635 5313 secus
2664 5270 2729 5312 ac
2777 5257 2891 5315 fera
2926 5260 3080 5314 hunc
3121 5263 3329 5321 vitans.
3363 5260 3689 5327 secesserit.

2039 5326 2119 5400 ibt
2187 5341 2378 5398 porro,
2431 5327 2614 5383 donec
2689 5327 2892 5394 Sclavi,
2963 5329 3222 5386 machina
3291 5326 3512 5394 bellica,
3576 5344 3691 5400 qua

2037 5399 2508 5472 Thessalonicam
2547 5409 2939 5470 expugnatum
2995 5404 3061 5457 iri
3120 5399 3692 5472 sperarant,_tnfecta

2039 5470 2113 5528 ob
2147 5469 2446 5527 architecti
2477 5469 2666 5544 fugam
2716 5469 3010 5538 manente,
3045 5469 3325 5544 susceptae
3368 5473 3426 5527 in
3457 5470 3696 5530 Thessa-

2037 5545 2365 5599 lonicenscs
2395 5542 2747 5612 exp-editioni
2786 5549 3051 5600 nuntium
3102 5542 3401 5607 remisere,
3434 5555 3694 5600 commo-

2035 5623 2193 5673 ratus
2258 5621 2392 5677 θεὶς
2464 5623 2600 5670 tunc
2672 5621 2859 5672 aut-m
2929 5621 3178 5672 mentem
3245 5626 3467 5683 sanam,
3519 5628 3694 5687 quam

3202 5740 3279 5807 43
