  <div class='ocr_page' id='page_1' title='image "/cluster/home/n/w/nwhite01/storage/ocr_20150623/116:no.3/coo.31924054870203/685.png"; bbox 0 0 4124 6418; ppageno 0'>
   <div class='ocr_carea' id='block_1_1' title="bbox 471 341 623 422">
    <p class='ocr_par' dir='ltr' id='par_1_1' title="bbox 471 341 623 422">
     <span class='ocr_line' id='line_1_1' title="bbox 471 341 623 422; baseline -0.013 -2"><span class='ocrx_word' id='word_1_1' title='bbox 471 355 492 420; x_wconf 88' lang='grc'><strong>1</strong></span> <span class='ocrx_word' id='word_1_2' title='bbox 505 341 623 422; x_wconf 79' lang='grc'><strong>355</strong></span> 
     </span>
    </p>
   </div>
   <div class='ocr_carea' id='block_1_2' title="bbox 1827 344 2478 421">
    <p class='ocr_par' dir='ltr' id='par_1_2' title="bbox 1827 344 2478 421">
     <span class='ocr_line' id='line_1_2' title="bbox 1827 344 2478 421; baseline -0.002 0"><span class='ocrx_word' id='word_1_3' title='bbox 1827 349 2279 421; x_wconf 86' lang='lat' dir='ltr'><strong>SUPPLEMEN</strong></span> <span class='ocrx_word' id='word_1_4' title='bbox 2288 344 2452 418; x_wconf 81' lang='lat' dir='ltr'><strong>TUM</strong></span> <span class='ocrx_word' id='word_1_5' title='bbox 2463 404 2478 420; x_wconf 96' lang='lat'><strong>.</strong></span> 
     </span>
    </p>
   </div>
   <div class='ocr_carea' id='block_1_3' title="bbox 3683 339 3817 425">
    <p class='ocr_par' dir='ltr' id='par_1_3' title="bbox 3683 339 3817 425">
     <span class='ocr_line' id='line_1_3' title="bbox 3683 339 3817 425; baseline 0.022 -3"><span class='ocrx_word' id='word_1_6' title='bbox 3683 339 3817 425; x_wconf 75' lang='lat'><strong>1356</strong></span> 
     </span>
    </p>
   </div>
   <div class='ocr_carea' id='block_1_4' title="bbox 467 485 2134 575">
    <p class='ocr_par' dir='ltr' id='par_1_4' title="bbox 467 485 2134 575">
     <span class='ocr_line' id='line_1_4' title="bbox 467 485 2134 575; baseline -0.004 -21"><span class='ocrx_word' id='word_1_7' title='bbox 467 492 626 556; x_wconf 88' lang='lat' dir='ltr'><strong>illius</strong></span> <span class='ocrx_word' id='word_1_8' title='bbox 642 492 747 575; x_wconf 87' lang='lat' dir='ltr'><strong>qui</strong></span> <span class='ocrx_word' id='word_1_9' title='bbox 771 485 1068 557; x_wconf 86' lang='lat' dir='ltr'><strong>civitatem</strong></span> <span class='ocrx_word' id='word_1_10' title='bbox 1093 493 1271 574; x_wconf 81' lang='lat' dir='ltr'><strong>amat,</strong></span> <span class='ocrx_word' id='word_1_11' title='bbox 1302 499 1537 574; x_wconf 79' lang='lat' dir='ltr'><strong>preces,</strong></span> <span class='ocrx_word' id='word_1_12' title='bbox 1561 487 1802 554; x_wconf 86' lang='lat' dir='ltr'><strong>allatum</strong></span> <span class='ocrx_word' id='word_1_13' title='bbox 1826 493 1938 555; x_wconf 89' lang='lat' dir='ltr'><strong>fuit</strong></span> <span class='ocrx_word' id='word_1_14' title='bbox 1956 489 2103 552; x_wconf 90' lang='lat' dir='ltr'><strong>mili-</strong></span> <span class='ocrx_word' id='word_1_15' title='bbox 2127 531 2134 547; x_wconf 50' lang='grc' dir='ltr'><em>ι</em></span> 
     </span>
    </p>
   </div>
   <div class='ocr_carea' id='block_1_5' title="bbox 2218 485 3826 575">
    <p class='ocr_par' dir='ltr' id='par_1_5' title="bbox 2218 486 3826 570">
     <span class='ocr_line' id='line_1_5' title="bbox 2218 486 3826 570; baseline 0.001 -24"><span class='ocrx_word' id='word_1_16' title='bbox 2218 487 2475 553; x_wconf 78' lang='grc' dir='ltr'><strong>,οπόλιδος</strong></span> <span class='ocrx_word' id='word_1_17' title='bbox 2548 486 2840 560; x_wconf 71' lang='grc' dir='ltr'><strong>πρεσϐειῶν</strong></span> <span class='ocrx_word' id='word_1_18' title='bbox 2920 487 3208 566; x_wconf 70' lang='grc' dir='ltr'><strong>γεγένηται</strong></span> <span class='ocrx_word' id='word_1_19' title='bbox 3269 487 3304 554; x_wconf 75' lang='grc' dir='ltr'><strong>ἡ</strong></span> <span class='ocrx_word' id='word_1_20' title='bbox 3387 496 3662 570; x_wconf 67' lang='grc' dir='ltr'><strong>συμμαχία</strong></span> <span class='ocrx_word' id='word_1_21' title='bbox 3730 497 3826 551; x_wconf 80' lang='grc' dir='ltr'><strong>τῶν</strong></span> 
     </span>
    </p>
   </div>
   <div class='ocr_carea' id='block_1_6' title="bbox 470 581 2120 662">
    <p class='ocr_par' dir='ltr' id='par_1_6' title="bbox 470 581 2120 662">
     <span class='ocr_line' id='line_1_6' title="bbox 470 581 2120 662; baseline -0.004 -16"><span class='ocrx_word' id='word_1_22' title='bbox 470 591 599 646; x_wconf 80' lang='lat' dir='ltr'><strong>tare</strong></span> <span class='ocrx_word' id='word_1_23' title='bbox 630 582 990 647; x_wconf 82' lang='lat' dir='ltr'><strong>subsidium.</strong></span> <span class='ocrx_word' id='word_1_24' title='bbox 1028 584 1076 646; x_wconf 91' lang='lat' dir='ltr'>E</span> <span class='ocrx_word' id='word_1_25' title='bbox 1103 582 1324 646; x_wconf 87' lang='lat' dir='ltr'><strong>Sclavis</strong></span> <span class='ocrx_word' id='word_1_26' title='bbox 1356 583 1514 644; x_wconf 92' lang='lat' dir='ltr'><strong>enim</strong></span> <span class='ocrx_word' id='word_1_27' title='bbox 1544 581 1828 644; x_wconf 89' lang='lat' dir='ltr'><strong>omnibus</strong></span> <span class='ocrx_word' id='word_1_28' title='bbox 1860 583 1920 652; x_wconf 92' lang='lat' dir='ltr'><strong>ii,</strong></span> <span class='ocrx_word' id='word_1_29' title='bbox 1954 581 2054 662; x_wconf 86' lang='lat' dir='ltr'><strong>qui</strong></span> <span class='ocrx_word' id='word_1_30' title='bbox 2087 597 2120 640; x_wconf 88' lang='lat' dir='ltr'><strong>a</strong></span> 
     </span>
    </p>
   </div>
   <div class='ocr_carea' id='block_1_7' title="bbox 470 669 2120 753">
    <p class='ocr_par' dir='ltr' id='par_1_7' title="bbox 470 669 2120 753">
     <span class='ocr_line' id='line_1_7' title="bbox 470 669 2120 753; baseline -0.003 -19"><span class='ocrx_word' id='word_1_31' title='bbox 470 670 784 753; x_wconf 79' lang='lat' dir='ltr'><strong>Strymone</strong></span> <span class='ocrx_word' id='word_1_32' title='bbox 804 673 939 752; x_wconf 85' lang='lat'><strong>(67)</strong></span> <span class='ocrx_word' id='word_1_33' title='bbox 972 680 1030 734; x_wconf 89' lang='lat' dir='ltr'><strong>et</strong></span> <span class='ocrx_word' id='word_1_34' title='bbox 1059 671 1332 735; x_wconf 84' lang='lat' dir='ltr'><strong>Runcino</strong></span> <span class='ocrx_word' id='word_1_35' title='bbox 1358 672 1488 752; x_wconf 88' lang='lat'><strong>(68)</strong></span> <span class='ocrx_word' id='word_1_36' title='bbox 1537 679 1694 748; x_wconf 89' lang='lat' dir='ltr'><strong>sunt,</strong></span> <span class='ocrx_word' id='word_1_37' title='bbox 1720 671 1992 751; x_wconf 83' lang='lat' dir='ltr'><strong>reliquis,</strong></span> <span class='ocrx_word' id='word_1_38' title='bbox 2020 669 2120 749; x_wconf 88' lang='lat' dir='ltr'><strong>qui</strong></span> 
     </span>
    </p>
   </div>
   <div class='ocr_carea' id='block_1_8' title="bbox 472 803 2123 878">
    <p class='ocr_par' dir='ltr' id='par_1_8' title="bbox 472 803 2123 878">
     <span class='ocr_line' id='line_1_8' title="bbox 472 803 2123 878; baseline -0.004 -13"><span class='ocrx_word' id='word_1_39' title='bbox 472 815 675 878; x_wconf 84' lang='lat' dir='ltr'><strong>agente</strong></span> <span class='ocrx_word' id='word_1_40' title='bbox 703 805 930 872; x_wconf 88' lang='lat' dir='ltr'><strong>Sancto,</strong></span> <span class='ocrx_word' id='word_1_41' title='bbox 964 806 1247 873; x_wconf 84' lang='lat' dir='ltr'><strong>amiserat,</strong></span> <span class='ocrx_word' id='word_1_42' title='bbox 1281 813 1516 878; x_wconf 81' lang='lat' dir='ltr'><strong>recepit,</strong></span> <span class='ocrx_word' id='word_1_43' title='bbox 1566 807 1732 878; x_wconf 83' lang='lat' dir='ltr'><strong>eique</strong></span> <span class='ocrx_word' id='word_1_44' title='bbox 1759 805 1966 878; x_wconf 81' lang='lat' dir='ltr'><strong>iterum</strong></span> <span class='ocrx_word' id='word_1_45' title='bbox 2015 803 2123 878; x_wconf 82' lang='lat' dir='ltr'><strong>De-</strong></span> 
     </span>
    </p>
   </div>
   <div class='ocr_carea' id='block_1_9' title="bbox 472 875 2123 947">
    <p class='ocr_par' dir='ltr' id='par_1_9' title="bbox 472 875 2123 947">
     <span class='ocr_line' id='line_1_9' title="bbox 472 875 2123 947; baseline -0.004 -12"><span class='ocrx_word' id='word_1_46' title='bbox 472 875 709 935; x_wconf 82' lang='lat' dir='ltr'><strong>metrius</strong></span> <span class='ocrx_word' id='word_1_47' title='bbox 769 878 1033 947; x_wconf 78' lang='lat' dir='ltr'><strong>apparuit</strong></span> <span class='ocrx_word' id='word_1_48' title='bbox 1077 892 1143 934; x_wconf 91' lang='lat' dir='ltr'><strong>ac</strong></span> <span class='ocrx_word' id='word_1_49' title='bbox 1200 875 1516 946; x_wconf 82' lang='lat' dir='ltr'><strong>mandavit,</strong></span> <span class='ocrx_word' id='word_1_50' title='bbox 1546 875 1800 943; x_wconf 51' lang='lat' dir='ltr'><strong>ut,‘locis</strong></span> <span class='ocrx_word' id='word_1_51' title='bbox 1853 875 2123 930; x_wconf 86' lang='lat' dir='ltr'><strong>solitariis</strong></span> 
     </span>
    </p>
   </div>
   <div class='ocr_carea' id='block_1_10' title="bbox 474 948 2122 1020">
    <p class='ocr_par' dir='ltr' id='par_1_10' title="bbox 474 948 2122 1020">
     <span class='ocr_line' id='line_1_10' title="bbox 474 948 2122 1020; baseline -0.004 -13"><span class='ocrx_word' id='word_1_52' title='bbox 474 949 707 1020; x_wconf 80' lang='lat' dir='ltr'><strong>relictis,</strong></span> <span class='ocrx_word' id='word_1_53' title='bbox 763 948 1228 1020; x_wconf 83' lang='lat' dir='ltr'><strong>Thessalonicam</strong></span> <span class='ocrx_word' id='word_1_54' title='bbox 1285 948 1722 1020; x_wconf 66' lang='lat' dir='ltr'><strong>ingrederetur:</strong></span> <span class='ocrx_word' id='word_1_55' title='bbox 1780 948 1936 1020; x_wconf 87' lang='lat' dir='ltr'><strong>quod</strong></span> <span class='ocrx_word' id='word_1_56' title='bbox 1992 960 2122 1020; x_wconf 83' lang='lat' dir='ltr'><strong>cum</strong></span> 
     </span>
    </p>
   </div>
   <div class='ocr_carea' id='block_1_11' title="bbox 473 1017 2127 1092">
    <p class='ocr_par' dir='ltr' id='par_1_11' title="bbox 473 1017 2127 1092">
     <span class='ocr_line' id='line_1_11' title="bbox 473 1017 2127 1092; baseline -0.003 -16"><span class='ocrx_word' id='word_1_57' title='bbox 473 1018 572 1077; x_wconf 89' lang='lat' dir='ltr'><strong>ille</strong></span> <span class='ocrx_word' id='word_1_58' title='bbox 625 1019 851 1076; x_wconf 88' lang='lat' dir='ltr'><strong>fecisset</strong></span> <span class='ocrx_word' id='word_1_59' title='bbox 875 1019 1250 1092; x_wconf 75' lang='lat' dir='ltr'><strong>efﬁgiemque</strong></span> <span class='ocrx_word' id='word_1_60' title='bbox 1305 1017 1482 1078; x_wconf 59' lang='lat' dir='ltr'><strong>sa&#39;ncti</strong></span> <span class='ocrx_word' id='word_1_61' title='bbox 1541 1019 1814 1076; x_wconf 74' lang='lat' dir='ltr'><strong>Demetrii</strong></span> <span class='ocrx_word' id='word_1_62' title='bbox 1870 1019 1924 1073; x_wconf 91' lang='lat' dir='ltr'><strong>in</strong></span> <span class='ocrx_word' id='word_1_63' title='bbox 1970 1017 2127 1092; x_wconf 71' lang='lat' dir='ltr'><strong>civi-</strong></span> 
     </span>
    </p>
   </div>
   <div class='ocr_carea' id='block_1_12' title="bbox 476 1087 2124 1162">
    <p class='ocr_par' dir='ltr' id='par_1_12' title="bbox 476 1087 2124 1162">
     <span class='ocr_line' id='line_1_12' title="bbox 476 1087 2124 1162; baseline -0.001 -16"><span class='ocrx_word' id='word_1_64' title='bbox 476 1099 586 1147; x_wconf 85' lang='lat' dir='ltr'><strong>tate</strong></span> <span class='ocrx_word' id='word_1_65' title='bbox 626 1092 808 1148; x_wconf 90' lang='lat' dir='ltr'><strong>isthac</strong></span> <span class='ocrx_word' id='word_1_66' title='bbox 866 1087 1065 1148; x_wconf 76' lang='lat' dir='ltr'><strong>fuisset</strong></span> <span class='ocrx_word' id='word_1_67' title='bbox 1119 1087 1508 1162; x_wconf 75' lang='lat' dir='ltr'><strong>conspicatus,</strong></span> <span class='ocrx_word' id='word_1_68' title='bbox 1548 1107 1576 1146; x_wconf 92' lang='lat' dir='ltr'><strong>a</strong></span> <span class='ocrx_word' id='word_1_69' title='bbox 1632 1092 1778 1153; x_wconf 89' lang='lat' dir='ltr'><strong>viro,</strong></span> <span class='ocrx_word' id='word_1_70' title='bbox 1809 1103 1908 1162; x_wconf 87' lang='lat' dir='ltr'><strong>per</strong></span> <span class='ocrx_word' id='word_1_71' title='bbox 1968 1087 2124 1144; x_wconf 88' lang='lat' dir='ltr'><strong>illam</strong></span> 
     </span>
    </p>
   </div>
   <div class='ocr_carea' id='block_1_13' title="bbox 475 1161 2124 1233">
    <p class='ocr_par' dir='ltr' id='par_1_13' title="bbox 475 1161 2124 1233">
     <span class='ocr_line' id='line_1_13' title="bbox 475 1161 2124 1233; baseline -0.002 -14"><span class='ocrx_word' id='word_1_72' title='bbox 475 1170 896 1232; x_wconf 83' lang='lat' dir='ltr'><strong>repraesentato,</strong></span> <span class='ocrx_word' id='word_1_73' title='bbox 923 1175 1047 1219; x_wconf 87' lang='lat' dir='ltr'><strong>sese</strong></span> <span class='ocrx_word' id='word_1_74' title='bbox 1078 1163 1250 1219; x_wconf 90' lang='lat' dir='ltr'><strong>fuisse</strong></span> <span class='ocrx_word' id='word_1_75' title='bbox 1272 1161 1643 1233; x_wconf 86' lang='lat' dir='ltr'><strong>percussum,</strong></span> <span class='ocrx_word' id='word_1_76' title='bbox 1675 1175 1741 1216; x_wconf 90' lang='lat' dir='ltr'><strong>ac</strong></span> <span class='ocrx_word' id='word_1_77' title='bbox 1769 1175 1845 1233; x_wconf 85' lang='lat' dir='ltr'><strong>ne</strong></span> <span class='ocrx_word' id='word_1_78' title='bbox 1877 1161 2124 1216; x_wconf 73' lang='lat' dir='ltr'><strong>delinea-</strong></span> 
     </span>
    </p>
   </div>
   <div class='ocr_carea' id='block_1_14' title="bbox 476 1232 2125 1304">
    <p class='ocr_par' dir='ltr' id='par_1_14' title="bbox 476 1232 2125 1304">
     <span class='ocr_line' id='line_1_14' title="bbox 476 1232 2125 1304; baseline -0.003 -14"><span class='ocrx_word' id='word_1_79' title='bbox 476 1241 592 1290; x_wconf 87' lang='lat' dir='ltr'><strong>tam</strong></span> <span class='ocrx_word' id='word_1_80' title='bbox 621 1248 652 1290; x_wconf 91' lang='lat' dir='ltr'><strong>a</strong></span> <span class='ocrx_word' id='word_1_81' title='bbox 683 1247 807 1290; x_wconf 85' lang='lat' dir='ltr'><strong>sese</strong></span> <span class='ocrx_word' id='word_1_82' title='bbox 857 1235 1061 1291; x_wconf 89' lang='lat' dir='ltr'><strong>turrim</strong></span> <span class='ocrx_word' id='word_1_83' title='bbox 1094 1232 1344 1304; x_wconf 78' lang='lat' dir='ltr'><strong>ligneam</strong></span> <span class='ocrx_word' id='word_1_84' title='bbox 1397 1241 1737 1300; x_wconf 71' lang='lat' dir='ltr'><strong>exstrueret,</strong></span> <span class='ocrx_word' id='word_1_85' title='bbox 1764 1232 2125 1304; x_wconf 76' lang='lat' dir='ltr'><strong>impeditum,</strong></span> 
     </span>
    </p>
   </div>
   <div class='ocr_carea' id='block_1_15' title="bbox 476 1303 2125 1376">
    <p class='ocr_par' dir='ltr' id='par_1_15' title="bbox 476 1303 2125 1376">
     <span class='ocr_line' id='line_1_15' title="bbox 476 1303 2125 1376; baseline -0.003 -15"><span class='ocrx_word' id='word_1_86' title='bbox 476 1305 749 1361; x_wconf 89' lang='lat' dir='ltr'><strong>omnibus</strong></span> <span class='ocrx_word' id='word_1_87' title='bbox 804 1305 996 1369; x_wconf 82' lang='lat' dir='ltr'><strong>edixit,</strong></span> <span class='ocrx_word' id='word_1_88' title='bbox 1035 1303 1323 1376; x_wconf 82' lang='lat' dir='ltr'><strong>ﬁdemque</strong></span> <span class='ocrx_word' id='word_1_89' title='bbox 1361 1303 2125 1376; x_wconf 81' lang='lat' dir='ltr'><strong>Christianam_amplexus,</strong></span> 
     </span>
    </p>
   </div>
   <div class='ocr_carea' id='block_1_16' title="bbox 477 1372 2130 1444">
    <p class='ocr_par' dir='ltr' id='par_1_16' title="bbox 477 1372 2130 1444">
     <span class='ocr_line' id='line_1_16' title="bbox 477 1372 2130 1444; baseline -0.002 -12"><span class='ocrx_word' id='word_1_90' title='bbox 477 1377 658 1432; x_wconf 89' lang='lat' dir='ltr'><strong>sacris</strong></span> <span class='ocrx_word' id='word_1_91' title='bbox 718 1377 1078 1444; x_wconf 88' lang='lat' dir='ltr'><strong>Baptismatis</strong></span> <span class='ocrx_word' id='word_1_92' title='bbox 1112 1372 1280 1432; x_wconf 77' lang='lat' dir='ltr'><strong>undis</strong></span> <span class='ocrx_word' id='word_1_93' title='bbox 1309 1376 1414 1432; x_wconf 90' lang='lat' dir='ltr'><strong>fuit</strong></span> <span class='ocrx_word' id='word_1_94' title='bbox 1475 1372 1727 1432; x_wconf 89' lang='lat' dir='ltr'><strong>ablutus.</strong></span> <span class='ocrx_word' id='word_1_95' title='bbox 1762 1373 1840 1429; x_wconf 91' lang='lat' dir='ltr'><strong>Ita</strong></span> <span class='ocrx_word' id='word_1_96' title='bbox 1882 1387 1999 1428; x_wconf 87' lang='lat' dir='ltr'><strong>tum</strong></span> <span class='ocrx_word' id='word_1_97' title='bbox 2061 1374 2130 1428; x_wconf 90' lang='lat' dir='ltr'><strong>de</strong></span> 
     </span>
    </p>
   </div>
   <div class='ocr_carea' id='block_1_17' title="bbox 478 1445 2128 1517">
    <p class='ocr_par' dir='ltr' id='par_1_17' title="bbox 478 1445 2128 1517">
     <span class='ocr_line' id='line_1_17' title="bbox 478 1445 2128 1517; baseline -0.004 -13"><span class='ocrx_word' id='word_1_98' title='bbox 478 1456 743 1517; x_wconf 77' lang='lat' dir='ltr'><strong>suscepta</strong></span> <span class='ocrx_word' id='word_1_99' title='bbox 795 1462 825 1500; x_wconf 86' lang='lat' dir='ltr'><strong>a</strong></span> <span class='ocrx_word' id='word_1_100' title='bbox 859 1447 1076 1504; x_wconf 89' lang='lat' dir='ltr'><strong>Sclavis</strong></span> <span class='ocrx_word' id='word_1_101' title='bbox 1105 1457 1302 1504; x_wconf 87' lang='lat' dir='ltr'><strong>contra</strong></span> <span class='ocrx_word' id='word_1_102' title='bbox 1334 1446 1821 1517; x_wconf 77' lang='lat' dir='ltr'><strong>Thessalonicam,</strong></span> <span class='ocrx_word' id='word_1_103' title='bbox 1855 1445 2128 1517; x_wconf 86' lang='lat' dir='ltr'><strong>quo_civi-</strong></span> 
     </span>
    </p>
   </div>
   <div class='ocr_carea' id='block_1_18' title="bbox 480 1515 2126 1588">
    <p class='ocr_par' dir='ltr' id='par_1_18' title="bbox 480 1515 2126 1588">
     <span class='ocr_line' id='line_1_18' title="bbox 480 1515 2126 1588; baseline -0.001 -17"><span class='ocrx_word' id='word_1_104' title='bbox 480 1515 666 1574; x_wconf 74' lang='lat' dir='ltr'><strong>tatem</strong></span> <span class='ocrx_word' id='word_1_105' title='bbox 716 1517 864 1574; x_wconf 89' lang='lat' dir='ltr'><strong>hanc</strong></span> <span class='ocrx_word' id='word_1_106' title='bbox 892 1532 995 1588; x_wconf 89' lang='lat' dir='ltr'><strong>per</strong></span> <span class='ocrx_word' id='word_1_107' title='bbox 1027 1517 1292 1576; x_wconf 89' lang='lat' dir='ltr'><strong>bellicam</strong></span> <span class='ocrx_word' id='word_1_108' title='bbox 1346 1518 1482 1573; x_wconf 91' lang='lat' dir='ltr'><strong>novi</strong></span> <span class='ocrx_word' id='word_1_109' title='bbox 1519 1515 1743 1572; x_wconf 80' lang='lat' dir='ltr'><strong>artiﬁcii</strong></span> <span class='ocrx_word' id='word_1_110' title='bbox 1802 1515 2126 1588; x_wconf 83' lang='lat' dir='ltr'><strong>machinam</strong></span> 
     </span>
    </p>
   </div>
   <div class='ocr_carea' id='block_1_19' title="bbox 481 1586 2124 1660">
    <p class='ocr_par' dir='ltr' id='par_1_19' title="bbox 481 1586 2124 1660">
     <span class='ocr_line' id='line_1_19' title="bbox 481 1586 2124 1660; baseline -0.004 -14"><span class='ocrx_word' id='word_1_111' title='bbox 481 1586 912 1660; x_wconf 64' lang='lat' dir='ltr'><strong>expugnarent,</strong></span> <span class='ocrx_word' id='word_1_112' title='bbox 968 1588 1342 1660; x_wconf 81' lang='lat' dir='ltr'><strong>expeditione.</strong></span> <span class='ocrx_word' id='word_1_113' title='bbox 1413 1598 1530 1644; x_wconf 89' lang='lat' dir='ltr'><strong>tum</strong></span> <span class='ocrx_word' id='word_1_114' title='bbox 1599 1591 1764 1642; x_wconf 88' lang='lat' dir='ltr'><strong>etiam</strong></span> <span class='ocrx_word' id='word_1_115' title='bbox 1832 1586 2124 1660; x_wconf 82' lang='lat' dir='ltr'><strong>prodigiis.</strong></span> 
     </span>
    </p>
   </div>
   <div class='ocr_carea' id='block_1_20' title="bbox 480 1659 2129 1731">
    <p class='ocr_par' dir='ltr' id='par_1_20' title="bbox 480 1659 2129 1731">
     <span class='ocr_line' id='line_1_20' title="bbox 480 1659 2129 1731; baseline -0.002 -15"><span class='ocrx_word' id='word_1_116' title='bbox 480 1661 716 1731; x_wconf 82' lang='lat' dir='ltr'><strong>quibus,</strong></span> <span class='ocrx_word' id='word_1_117' title='bbox 751 1671 808 1716; x_wconf 90' lang='lat' dir='ltr'><strong>ut</strong></span> <span class='ocrx_word' id='word_1_118' title='bbox 839 1661 962 1716; x_wconf 62' lang='lat' dir='ltr'><strong>haec</strong></span> <span class='ocrx_word' id='word_1_119' title='bbox 993 1659 1140 1718; x_wconf 90' lang='lat' dir='ltr'><strong>felici</strong></span> <span class='ocrx_word' id='word_1_120' title='bbox 1198 1672 1467 1716; x_wconf 86' lang='lat' dir='ltr'><strong>successu</strong></span> <span class='ocrx_word' id='word_1_121' title='bbox 1507 1667 1865 1731; x_wconf 63' lang='lat' dir='ltr'><strong>careret,est</strong></span> <span class='ocrx_word' id='word_1_122' title='bbox 1895 1659 2129 1731; x_wconf 70' lang='lat' dir='ltr'><strong>tactum,</strong></span> 
     </span>
    </p>
   </div>
   <div class='ocr_carea' id='block_1_21' title="bbox 484 1728 2130 1802">
    <p class='ocr_par' dir='ltr' id='par_1_21' title="bbox 484 1728 2130 1802">
     <span class='ocr_line' id='line_1_21' title="bbox 484 1728 2130 1802; baseline -0.002 -15"><span class='ocrx_word' id='word_1_123' title='bbox 484 1728 612 1787; x_wconf 80' lang='lat' dir='ltr'><strong>loco</strong></span> <span class='ocrx_word' id='word_1_124' title='bbox 669 1745 842 1802; x_wconf 87' lang='lat' dir='ltr'><strong>supra</strong></span> <span class='ocrx_word' id='word_1_125' title='bbox 874 1733 997 1799; x_wconf 88' lang='lat' dir='ltr'><strong>clt.,</strong></span> <span class='ocrx_word' id='word_1_126' title='bbox 1036 1731 1218 1788; x_wconf 90' lang='lat' dir='ltr'><strong>multo</strong></span> <span class='ocrx_word' id='word_1_127' title='bbox 1248 1731 1432 1802; x_wconf 82' lang='lat' dir='ltr'><strong>fusius</strong></span> <span class='ocrx_word' id='word_1_128' title='bbox 1475 1728 1835 1802; x_wconf 18' lang='lat' dir='ltr'><strong>codext&#39;olim</strong></span> <span class='ocrx_word' id='word_1_129' title='bbox 1899 1729 2130 1784; x_wconf 75' lang='lat' dir='ltr'><strong>Malori-</strong></span> 
     </span>
    </p>
   </div>
   <div class='ocr_carea' id='block_1_22' title="bbox 480 1800 2124 1866">
    <p class='ocr_par' dir='ltr' id='par_1_22' title="bbox 480 1800 2124 1866">
     <span class='ocr_line' id='line_1_22' title="bbox 480 1800 2124 1866; baseline -0.004 -8"><span class='ocrx_word' id='word_1_130' title='bbox 480 1816 647 1858; x_wconf 84' lang='lat' dir='ltr'><strong>naeus</strong></span> <span class='ocrx_word' id='word_1_131' title='bbox 681 1822 693 1866; x_wconf 87' lang='lat'>;</span> <span class='ocrx_word' id='word_1_132' title='bbox 747 1800 959 1859; x_wconf 62' lang='lat' dir='ltr'><strong>&#39;isthzec</strong></span> <span class='ocrx_word' id='word_1_133' title='bbox 990 1810 1178 1860; x_wconf 86' lang='lat' dir='ltr'><strong>autem</strong></span> <span class='ocrx_word' id='word_1_134' title='bbox 1219 1800 1411 1858; x_wconf 86' lang='lat' dir='ltr'><strong>omnia</strong></span> <span class='ocrx_word' id='word_1_135' title='bbox 1453 1801 1509 1856; x_wconf 93' lang='lat' dir='ltr'><strong>in</strong></span> <span class='ocrx_word' id='word_1_136' title='bbox 1545 1801 1736 1857; x_wconf 87' lang='lat' dir='ltr'><strong>codice</strong></span> <span class='ocrx_word' id='word_1_137' title='bbox 1793 1810 1988 1856; x_wconf 90' lang='lat' dir='ltr'><strong>nostro</strong></span> <span class='ocrx_word' id='word_1_138' title='bbox 2021 1815 2124 1856; x_wconf 89' lang='lat' dir='ltr'><strong>ms.</strong></span> 
     </span>
    </p>
   </div>
   <div class='ocr_carea' id='block_1_23' title="bbox 2201 576 3828 656">
    <p class='ocr_par' dir='ltr' id='par_1_23' title="bbox 2201 576 3828 656">
     <span class='ocr_line' id='line_1_23' title="bbox 2201 576 3828 656; baseline 0.004 -23"><span class='ocrx_word' id='word_1_139' title='bbox 2201 581 2301 656; x_wconf 74' lang='grc' dir='ltr'><strong>γὰρ</strong></span> <span class='ocrx_word' id='word_1_140' title='bbox 2360 581 2610 635; x_wconf 74' lang='grc' dir='ltr'><strong>ἁπάντων</strong></span> <span class='ocrx_word' id='word_1_141' title='bbox 2680 576 2983 633; x_wconf 70' lang='grc' dir='ltr'><strong>Σκλπιϐἷνων</strong></span> <span class='ocrx_word' id='word_1_142' title='bbox 3042 578 3147 633; x_wconf 67' lang='grc' dir='ltr'><strong>τών</strong></span> <span class='ocrx_word' id='word_1_143' title='bbox 3210 581 3311 632; x_wconf 70' lang='grc' dir='ltr'><strong>ἀπὸ</strong></span> <span class='ocrx_word' id='word_1_144' title='bbox 3387 591 3476 638; x_wconf 70' lang='grc' dir='ltr'>τοῦ</span> <span class='ocrx_word' id='word_1_145' title='bbox 3537 586 3828 655; x_wconf 63' lang='grc' dir='ltr'><strong>Στρνμῶνος</strong></span> 
     </span>
    </p>
   </div>
   <div class='ocr_carea' id='block_1_24' title="bbox 2203 659 3830 746">
    <p class='ocr_par' dir='ltr' id='par_1_24' title="bbox 2203 659 3830 746">
     <span class='ocr_line' id='line_1_24' title="bbox 2203 659 3830 746; baseline 0.003 -23"><span class='ocrx_word' id='word_1_146' title='bbox 2203 670 2291 724; x_wconf 69' lang='grc' dir='ltr'><strong>καὶ</strong></span> <span class='ocrx_word' id='word_1_147' title='bbox 2351 659 2626 746; x_wconf 59' lang='grc' dir='ltr'><strong>Ῥυγχίνου</strong></span> <span class='ocrx_word' id='word_1_148' title='bbox 2677 671 2876 724; x_wconf 71' lang='grc' dir='ltr'><strong>λοιπῶν</strong></span> <span class='ocrx_word' id='word_1_149' title='bbox 2919 666 2978 722; x_wconf 78' lang='grc' dir='ltr'><strong>ἐκ</strong></span> <span class='ocrx_word' id='word_1_150' title='bbox 3037 673 3141 722; x_wconf 78' lang='grc' dir='ltr'><strong>τῶν</strong></span> <span class='ocrx_word' id='word_1_151' title='bbox 3203 666 3343 722; x_wconf 77' lang='grc' dir='ltr'>ἔνθεν</span> <span class='ocrx_word' id='word_1_152' title='bbox 3404 677 3630 746; x_wconf 61' lang='grc' dir='ltr'><strong>μερικῶς</strong></span> <span class='ocrx_word' id='word_1_153' title='bbox 3673 693 3830 728; x_wconf 64' lang='grc' dir='ltr'>κατι-</span> 
     </span>
    </p>
   </div>
   <div class='ocr_carea' id='block_1_25' title="bbox 2205 798 3829 870">
    <p class='ocr_par' dir='ltr' id='par_1_25' title="bbox 2205 798 3829 870">
     <span class='ocr_line' id='line_1_25' title="bbox 2205 798 3829 870; baseline 0.004 -15"><span class='ocrx_word' id='word_1_154' title='bbox 2205 813 2333 870; x_wconf 72' lang='lat' dir='ltr'><strong>quae</strong></span> <span class='ocrx_word' id='word_1_155' title='bbox 2389 798 2788 870; x_wconf 85' lang='lat' dir='ltr'><strong>Theophanes,</strong></span> <span class='ocrx_word' id='word_1_156' title='bbox 2821 798 3109 857; x_wconf 87' lang='lat' dir='ltr'><strong>Cedrenus</strong></span> <span class='ocrx_word' id='word_1_157' title='bbox 3171 807 3226 855; x_wconf 86' lang='lat' dir='ltr'><strong>et</strong></span> <span class='ocrx_word' id='word_1_158' title='bbox 3284 799 3533 857; x_wconf 88' lang='lat' dir='ltr'><strong>Zonaras</strong></span> <span class='ocrx_word' id='word_1_159' title='bbox 3581 802 3829 861; x_wconf 80' lang='lat' dir='ltr'><strong>delusti-</strong></span> 
     </span>
    </p>
   </div>
   <div class='ocr_carea' id='block_1_26' title="bbox 2205 870 3839 943">
    <p class='ocr_par' dir='ltr' id='par_1_26' title="bbox 2205 870 3839 943">
     <span class='ocr_line' id='line_1_26' title="bbox 2205 870 3839 943; baseline 0.003 -17"><span class='ocrx_word' id='word_1_160' title='bbox 2205 872 2380 926; x_wconf 90' lang='lat' dir='ltr'><strong>niano</strong></span> <span class='ocrx_word' id='word_1_161' title='bbox 2411 872 2800 938; x_wconf 78' lang='lat' dir='ltr'><strong>Rhinotmeto,</strong></span> <span class='ocrx_word' id='word_1_162' title='bbox 2827 872 3050 940; x_wconf 86' lang='lat' dir='ltr'><strong>imperii</strong></span> <span class='ocrx_word' id='word_1_163' title='bbox 3092 870 3342 943; x_wconf 82' lang='lat' dir='ltr'><strong>habenas</strong></span> <span class='ocrx_word' id='word_1_164' title='bbox 3377 879 3514 928; x_wconf 88' lang='lat' dir='ltr'><strong>tunc</strong></span> <span class='ocrx_word' id='word_1_165' title='bbox 3543 874 3839 943; x_wconf 77' lang='lat' dir='ltr'><strong>moderato,</strong></span> 
     </span>
    </p>
   </div>
   <div class='ocr_carea' id='block_1_27' title="bbox 2208 941 3841 1013">
    <p class='ocr_par' dir='ltr' id='par_1_27' title="bbox 2208 941 3841 1013">
     <span class='ocr_line' id='line_1_27' title="bbox 2208 941 3841 1013; baseline 0.003 -15"><span class='ocrx_word' id='word_1_166' title='bbox 2208 943 2496 998; x_wconf 70' lang='lat' dir='ltr'><strong>memorias</strong></span> <span class='ocrx_word' id='word_1_167' title='bbox 2526 943 2796 1013; x_wconf 88' lang='lat' dir='ltr'><strong>produnt,</strong></span> <span class='ocrx_word' id='word_1_168' title='bbox 2840 943 3204 1012; x_wconf 76' lang='lat' dir='ltr'><strong>intelligitur.</strong></span> <span class='ocrx_word' id='word_1_169' title='bbox 3238 941 3411 998; x_wconf 87' lang='lat' dir='ltr'><strong>Primi</strong></span> <span class='ocrx_word' id='word_1_170' title='bbox 3439 943 3608 1000; x_wconf 91' lang='lat' dir='ltr'><strong>trium</strong></span> <span class='ocrx_word' id='word_1_171' title='bbox 3652 941 3841 1003; x_wconf 83' lang='lat' dir='ltr'><strong>horum</strong></span> 
     </span>
    </p>
   </div>
   <div class='ocr_carea' id='block_1_28' title="bbox 2207 1013 3845 1084">
    <p class='ocr_par' dir='ltr' id='par_1_28' title="bbox 2207 1013 3845 1084">
     <span class='ocr_line' id='line_1_28' title="bbox 2207 1013 3845 1084; baseline 0.004 -17"><span class='ocrx_word' id='word_1_172' title='bbox 2207 1015 2552 1082; x_wconf 89' lang='lat' dir='ltr'><strong>scriptorum</strong></span> <span class='ocrx_word' id='word_1_173' title='bbox 2617 1014 2808 1078; x_wconf 87' lang='lat' dir='ltr'><strong>verba,</strong></span> <span class='ocrx_word' id='word_1_174' title='bbox 2842 1028 2963 1084; x_wconf 76' lang='lat' dir='ltr'><strong>quae.</strong></span> <span class='ocrx_word' id='word_1_175' title='bbox 2994 1013 3107 1069; x_wconf 91' lang='lat' dir='ltr'><strong>huc</strong></span> <span class='ocrx_word' id='word_1_176' title='bbox 3164 1013 3403 1080; x_wconf 90' lang='lat' dir='ltr'><strong>faciunt,</strong></span> <span class='ocrx_word' id='word_1_177' title='bbox 3432 1015 3708 1074; x_wconf 89' lang='lat' dir='ltr'><strong>describo.</strong></span> <span class='ocrx_word' id='word_1_178' title='bbox 3761 1018 3845 1073; x_wconf 86' lang='lat' dir='ltr'><strong>Sic</strong></span> 
     </span>
    </p>
   </div>
   <div class='ocr_carea' id='block_1_29' title="bbox 2208 1084 3840 1154">
    <p class='ocr_par' dir='ltr' id='par_1_29' title="bbox 2208 1084 3840 1154">
     <span class='ocr_line' id='line_1_29' title="bbox 2208 1084 3840 1154; baseline 0.004 -15"><span class='ocrx_word' id='word_1_179' title='bbox 2208 1084 2466 1148; x_wconf 86' lang='lat' dir='ltr'><strong>habent;</strong></span> <span class='ocrx_word' id='word_1_180' title='bbox 2535 1085 2696 1140; x_wconf 75' lang='lat' dir='ltr'><strong>«Hoc</strong></span> <span class='ocrx_word' id='word_1_181' title='bbox 2753 1100 2904 1142; x_wconf 90' lang='lat' dir='ltr'><strong>anno</strong></span> <span class='ocrx_word' id='word_1_182' title='bbox 2961 1084 3087 1152; x_wconf 87' lang='lat'><strong>(689</strong></span> <span class='ocrx_word' id='word_1_183' title='bbox 3125 1088 3352 1154; x_wconf 87' lang='lat' dir='ltr'><strong>nempe)</strong></span> <span class='ocrx_word' id='word_1_184' title='bbox 3380 1085 3734 1144; x_wconf 82' lang='lat' dir='ltr'><strong>Justinianus</strong></span> <span class='ocrx_word' id='word_1_185' title='bbox 3789 1090 3840 1146; x_wconf 91' lang='lat' dir='ltr'><strong>in</strong></span> 
     </span>
    </p>
   </div>
   <div class='ocr_carea' id='block_1_30' title="bbox 2209 1155 3845 1231">
    <p class='ocr_par' dir='ltr' id='par_1_30' title="bbox 2209 1155 3845 1231">
     <span class='ocr_line' id='line_1_30' title="bbox 2209 1155 3845 1231; baseline 0.004 -21"><span class='ocrx_word' id='word_1_186' title='bbox 2209 1155 2554 1231; x_wconf 75' lang='lat' dir='ltr'><strong>Bulgariam</strong></span> <span class='ocrx_word' id='word_1_187' title='bbox 2601 1168 2653 1231; x_wconf 73' lang='lat' dir='ltr'><strong>et</strong></span> <span class='ocrx_word' id='word_1_188' title='bbox 2688 1156 2989 1231; x_wconf 74' lang='lat' dir='ltr'><strong>Thraciam</strong></span> <span class='ocrx_word' id='word_1_189' title='bbox 3029 1155 3254 1231; x_wconf 81' lang='lat' dir='ltr'><strong>edux_it_</strong></span> <span class='ocrx_word' id='word_1_190' title='bbox 3284 1161 3616 1222; x_wconf 85' lang='lat' dir='ltr'><strong>exercitum,</strong></span> <span class='ocrx_word' id='word_1_191' title='bbox 3650 1158 3845 1231; x_wconf 83' lang='lat' dir='ltr'><strong>Bulga-</strong></span> 
     </span>
    </p>
   </div>
   <div class='ocr_carea' id='block_1_31' title="bbox 2213 1227 3841 1296">
    <p class='ocr_par' dir='ltr' id='par_1_31' title="bbox 2213 1227 3841 1296">
     <span class='ocr_line' id='line_1_31' title="bbox 2213 1227 3841 1296; baseline 0.003 -15"><span class='ocrx_word' id='word_1_192' title='bbox 2213 1239 2421 1296; x_wconf 88' lang='lat' dir='ltr'><strong>rosque</strong></span> <span class='ocrx_word' id='word_1_193' title='bbox 2452 1227 2557 1282; x_wconf 85' lang='lat' dir='ltr'><strong>sibi</strong></span> <span class='ocrx_word' id='word_1_194' title='bbox 2591 1227 2816 1283; x_wconf 76' lang='lat' dir='ltr'><strong>obtiam</strong></span> <span class='ocrx_word' id='word_1_195' title='bbox 2849 1242 2978 1283; x_wconf 84' lang='lat' dir='ltr'><strong>cum</strong></span> <span class='ocrx_word' id='word_1_196' title='bbox 3030 1229 3202 1283; x_wconf 91' lang='lat' dir='ltr'><strong>armis</strong></span> <span class='ocrx_word' id='word_1_197' title='bbox 3233 1228 3406 1284; x_wconf 90' lang='lat' dir='ltr'><strong>factos</strong></span> <span class='ocrx_word' id='word_1_198' title='bbox 3464 1237 3578 1284; x_wconf 88' lang='lat' dir='ltr'><strong>tum</strong></span> <span class='ocrx_word' id='word_1_199' title='bbox 3611 1227 3841 1296; x_wconf 77' lang='lat' dir='ltr'><strong>primum</strong></span> 
     </span>
    </p>
   </div>
   <div class='ocr_carea' id='block_1_32' title="bbox 2210 1296 3840 1366">
    <p class='ocr_par' dir='ltr' id='par_1_32' title="bbox 2210 1296 3840 1366">
     <span class='ocr_line' id='line_1_32' title="bbox 2210 1296 3840 1366; baseline 0.003 -14"><span class='ocrx_word' id='word_1_200' title='bbox 2210 1297 2465 1366; x_wconf 83' lang='lat' dir='ltr'><strong>repulit;</strong></span> <span class='ocrx_word' id='word_1_201' title='bbox 2523 1306 2578 1354; x_wconf 86' lang='lat' dir='ltr'><strong>et</strong></span> <span class='ocrx_word' id='word_1_202' title='bbox 2606 1298 3050 1355; x_wconf 77' lang='lat' dir='ltr'><strong>exotirsionihus</strong></span> <span class='ocrx_word' id='word_1_203' title='bbox 3105 1296 3345 1355; x_wconf 87' lang='lat' dir='ltr'><strong>subinde</strong></span> <span class='ocrx_word' id='word_1_204' title='bbox 3393 1296 3840 1357; x_wconf 78' lang='lat' dir='ltr'><strong>Thessalonicam</strong></span> 
     </span>
    </p>
   </div>
   <div class='ocr_carea' id='block_1_33' title="bbox 2215 1368 3841 1443">
    <p class='ocr_par' dir='ltr' id='par_1_33' title="bbox 2215 1368 3841 1443">
     <span class='ocr_line' id='line_1_33' title="bbox 2215 1368 3841 1443; baseline 0.003 -19"><span class='ocrx_word' id='word_1_205' title='bbox 2215 1382 2396 1443; x_wconf 79' lang='lat' dir='ltr'><strong>usque</strong></span> <span class='ocrx_word' id='word_1_206' title='bbox 2422 1369 2656 1443; x_wconf 76' lang='lat' dir='ltr'><strong>habitis,</strong></span> <span class='ocrx_word' id='word_1_207' title='bbox 2678 1372 3026 1425; x_wconf 87' lang='lat' dir='ltr'><strong>immensum</strong></span> <span class='ocrx_word' id='word_1_208' title='bbox 3057 1368 3388 1426; x_wconf 77' lang='lat' dir='ltr'><strong>Sclavorum</strong></span> <span class='ocrx_word' id='word_1_209' title='bbox 3407 1383 3722 1443; x_wconf 84' lang='lat' dir='ltr'><strong>numerum</strong></span> <span class='ocrx_word' id='word_1_210' title='bbox 3740 1388 3841 1443; x_wconf 89' lang='lat' dir='ltr'><strong>qua</strong></span> 
     </span>
    </p>
   </div>
   <div class='ocr_carea' id='block_1_34' title="bbox 2215 1439 3844 1511">
    <p class='ocr_par' dir='ltr' id='par_1_34' title="bbox 2215 1439 3844 1511">
     <span class='ocr_line' id='line_1_34' title="bbox 2215 1439 3844 1511; baseline 0.003 -17"><span class='ocrx_word' id='word_1_211' title='bbox 2215 1439 2348 1495; x_wconf 90' lang='lat' dir='ltr'><strong>belli</strong></span> <span class='ocrx_word' id='word_1_212' title='bbox 2381 1440 2587 1496; x_wconf 91' lang='lat' dir='ltr'><strong>virtute</strong></span> <span class='ocrx_word' id='word_1_213' title='bbox 2617 1439 2919 1502; x_wconf 90' lang='lat' dir='ltr'><strong>domitum,</strong></span> <span class='ocrx_word' id='word_1_214' title='bbox 2947 1455 3058 1511; x_wconf 90' lang='lat' dir='ltr'><strong>qua</strong></span> <span class='ocrx_word' id='word_1_215' title='bbox 3093 1450 3296 1508; x_wconf 80' lang='lat' dir='ltr'><strong>sponte</strong></span> <span class='ocrx_word' id='word_1_216' title='bbox 3351 1441 3418 1496; x_wconf 93' lang='lat' dir='ltr'><strong>ad</strong></span> <span class='ocrx_word' id='word_1_217' title='bbox 3452 1455 3514 1497; x_wconf 91' lang='lat' dir='ltr'><strong>se</strong></span> <span class='ocrx_word' id='word_1_218' title='bbox 3556 1439 3844 1500; x_wconf 81' lang='lat' dir='ltr'><strong>transeun-</strong></span> 
     </span>
    </p>
   </div>
   <div class='ocr_carea' id='block_1_35' title="bbox 2215 1511 3844 1582">
    <p class='ocr_par' dir='ltr' id='par_1_35' title="bbox 2215 1511 3844 1582">
     <span class='ocr_line' id='line_1_35' title="bbox 2215 1511 3844 1582; baseline 0.006 -21"><span class='ocrx_word' id='word_1_219' title='bbox 2215 1519 2323 1566; x_wconf 89' lang='lat' dir='ltr'><strong>tem</strong></span> <span class='ocrx_word' id='word_1_220' title='bbox 2361 1519 2411 1566; x_wconf 87' lang='lat' dir='ltr'><strong>et</strong></span> <span class='ocrx_word' id='word_1_221' title='bbox 2450 1511 2720 1582; x_wconf 82' lang='lat' dir='ltr'><strong>deditum</strong></span> <span class='ocrx_word' id='word_1_222' title='bbox 2771 1527 2801 1565; x_wconf 84' lang='lat' dir='ltr'><strong>e.</strong></span> <span class='ocrx_word' id='word_1_223' title='bbox 2839 1518 3018 1581; x_wconf 85' lang='lat' dir='ltr'><strong>patria</strong></span> <span class='ocrx_word' id='word_1_224' title='bbox 3061 1511 3328 1576; x_wconf 59' lang='lat' dir='ltr'><strong>eductus,</strong></span> <span class='ocrx_word' id='word_1_225' title='bbox 3363 1511 3438 1567; x_wconf 85' lang='lat' dir='ltr'><strong>ad</strong></span> <span class='ocrx_word' id='word_1_226' title='bbox 3477 1511 3681 1582; x_wconf 88' lang='lat' dir='ltr'><strong>Opsicii</strong></span> <span class='ocrx_word' id='word_1_227' title='bbox 3726 1528 3844 1582; x_wconf 67' lang='grc' dir='ltr'><strong>ρει·-</strong></span> 
     </span>
    </p>
   </div>
   <div class='ocr_carea' id='block_1_36' title="bbox 2213 1580 3844 1653">
    <p class='ocr_par' dir='ltr' id='par_1_36' title="bbox 2213 1580 3844 1653">
     <span class='ocr_line' id='line_1_36' title="bbox 2213 1580 3844 1653; baseline 0.004 -17"><span class='ocrx_word' id='word_1_228' title='bbox 2213 1587 2314 1644; x_wconf 88' lang='lat' dir='ltr'><strong>tes,</strong></span> <span class='ocrx_word' id='word_1_229' title='bbox 2359 1580 2592 1651; x_wconf 74' lang='lat' dir='ltr'><strong>trajectu</strong></span> <span class='ocrx_word' id='word_1_230' title='bbox 2638 1580 3038 1653; x_wconf 38' lang='lat' dir='ltr'><strong>Abydi’froto,</strong></span> <span class='ocrx_word' id='word_1_231' title='bbox 3081 1583 3334 1638; x_wconf 83' lang='lat' dir='ltr'><strong>habitare</strong></span> <span class='ocrx_word' id='word_1_232' title='bbox 3384 1580 3657 1641; x_wconf 80' lang='lat' dir='ltr'><strong>decrevu.</strong></span> <span class='ocrx_word' id='word_1_233' title='bbox 3685 1580 3844 1642; x_wconf 56' lang='lat' dir='ltr'><strong>{Nec</strong></span> 
     </span>
    </p>
   </div>
   <div class='ocr_carea' id='block_1_37' title="bbox 2212 1653 3846 1724">
    <p class='ocr_par' dir='ltr' id='par_1_37' title="bbox 2212 1653 3846 1724">
     <span class='ocr_line' id='line_1_37' title="bbox 2212 1653 3846 1724; baseline 0.002 -17"><span class='ocrx_word' id='word_1_234' title='bbox 2212 1661 2321 1721; x_wconf 91' lang='lat' dir='ltr'><strong>est,</strong></span> <span class='ocrx_word' id='word_1_235' title='bbox 2349 1653 2504 1724; x_wconf 91' lang='lat' dir='ltr'><strong>quod</strong></span> <span class='ocrx_word' id='word_1_236' title='bbox 2560 1668 2804 1722; x_wconf 85' lang='lat' dir='ltr'><strong>reponas</strong></span> <span class='ocrx_word' id='word_1_237' title='bbox 2835 1669 2864 1710; x_wconf 93' lang='lat' dir='ltr'><strong>a</strong></span> <span class='ocrx_word' id='word_1_238' title='bbox 2922 1653 3246 1710; x_wconf 86' lang='lat' dir='ltr'><strong>Justiniano</strong></span> <span class='ocrx_word' id='word_1_239' title='bbox 3281 1655 3645 1711; x_wconf 82' lang='lat' dir='ltr'><strong>Rhinotmeto</strong></span> <span class='ocrx_word' id='word_1_240' title='bbox 3701 1656 3846 1711; x_wconf 85' lang='lat' dir='ltr'><strong>Scla-</strong></span> 
     </span>
    </p>
   </div>
   <div class='ocr_carea' id='block_1_38' title="bbox 2214 1724 3845 1794">
    <p class='ocr_par' dir='ltr' id='par_1_38' title="bbox 2214 1724 3845 1794">
     <span class='ocr_line' id='line_1_38' title="bbox 2214 1724 3845 1794; baseline 0.003 -18"><span class='ocrx_word' id='word_1_241' title='bbox 2214 1737 2336 1790; x_wconf 89' lang='lat' dir='ltr'><strong>vos,</strong></span> <span class='ocrx_word' id='word_1_242' title='bbox 2369 1738 2514 1794; x_wconf 86' lang='lat' dir='ltr'><strong>quos</strong></span> <span class='ocrx_word' id='word_1_243' title='bbox 2573 1725 2723 1781; x_wconf 90' lang='lat' dir='ltr'><strong>haud</strong></span> <span class='ocrx_word' id='word_1_244' title='bbox 2759 1724 3065 1781; x_wconf 90' lang='lat' dir='ltr'><strong>admodum</strong></span> <span class='ocrx_word' id='word_1_245' title='bbox 3126 1726 3321 1794; x_wconf 87' lang='lat' dir='ltr'><strong>procul</strong></span> <span class='ocrx_word' id='word_1_246' title='bbox 3365 1742 3393 1779; x_wconf 93' lang='lat' dir='ltr'><strong>a</strong></span> <span class='ocrx_word' id='word_1_247' title='bbox 3457 1725 3845 1784; x_wconf 79' lang='lat' dir='ltr'><strong>Thessalonica</strong></span> 
     </span>
    </p>
   </div>
   <div class='ocr_carea' id='block_1_39' title="bbox 2214 1795 3846 1867">
    <p class='ocr_par' dir='ltr' id='par_1_39' title="bbox 2214 1795 3846 1867">
     <span class='ocr_line' id='line_1_39' title="bbox 2214 1795 3846 1867; baseline 0.002 -18"><span class='ocrx_word' id='word_1_248' title='bbox 2214 1795 2522 1867; x_wconf 76' lang='lat' dir='ltr'><strong>habitasse,</strong></span> <span class='ocrx_word' id='word_1_249' title='bbox 2582 1810 2653 1852; x_wconf 83' lang='lat' dir='ltr'><strong>ex</strong></span> <span class='ocrx_word' id='word_1_250' title='bbox 2721 1796 2875 1851; x_wconf 87' lang='lat' dir='ltr'><strong>hisce</strong></span> <span class='ocrx_word' id='word_1_251' title='bbox 2932 1795 3182 1853; x_wconf 73' lang='lat' dir='ltr'><strong>recitatis</strong></span> <span class='ocrx_word' id='word_1_252' title='bbox 3251 1797 3620 1867; x_wconf 82' lang='lat' dir='ltr'><strong>Theophanis</strong></span> <span class='ocrx_word' id='word_1_253' title='bbox 3676 1800 3846 1854; x_wconf 83' lang='lat' dir='ltr'><strong>verbis</strong></span> 
     </span>
    </p>
   </div>
   <div class='ocr_carea' id='block_1_40' title="bbox 484 1861 3846 1940">
    <p class='ocr_par' dir='ltr' id='par_1_40' title="bbox 484 1861 3846 1940">
     <span class='ocr_line' id='line_1_40' title="bbox 484 1861 3846 1940; baseline -0.001 -10"><span class='ocrx_word' id='word_1_254' title='bbox 484 1861 744 1940; x_wconf 79' lang='lat' dir='ltr'><strong>Graeco-l-</strong></span> <span class='ocrx_word' id='word_1_255' title='bbox 775 1888 880 1929; x_wconf 92' lang='lat' dir='ltr'><strong>ms.</strong></span> <span class='ocrx_word' id='word_1_256' title='bbox 918 1872 1019 1930; x_wconf 77' lang='lat'><strong>193</strong></span> <span class='ocrx_word' id='word_1_257' title='bbox 1047 1875 1218 1930; x_wconf 88' lang='lat' dir='ltr'><strong>etiam</strong></span> <span class='ocrx_word' id='word_1_258' title='bbox 1263 1885 1591 1930; x_wconf 87' lang='lat' dir='ltr'><strong>narrantur.</strong></span> <span class='ocrx_word' id='word_1_259' title='bbox 1629 1872 1684 1926; x_wconf 93' lang='lat' dir='ltr'><strong>in</strong></span> <span class='ocrx_word' id='word_1_260' title='bbox 1727 1870 2126 1939; x_wconf 81' lang='lat' dir='ltr'><strong>compendium</strong></span> <span class='ocrx_word' id='word_1_261' title='bbox 2155 1861 2190 1909; x_wconf 87' lang='grc' dir='ltr'>Β</span> <span class='ocrx_word' id='word_1_262' title='bbox 2214 1861 2568 1940; x_wconf 78' lang='lat' dir='ltr'><strong>intelligitur,</strong></span> <span class='ocrx_word' id='word_1_263' title='bbox 2604 1881 2674 1922; x_wconf 82' lang='lat' dir='ltr'><strong>ex</strong></span> <span class='ocrx_word' id='word_1_264' title='bbox 2713 1881 2790 1940; x_wconf 80' lang='lat' dir='ltr'><strong>ea</strong></span> <span class='ocrx_word' id='word_1_265' title='bbox 2823 1869 3003 1937; x_wconf 86' lang='lat' dir='ltr'><strong>patria</strong></span> <span class='ocrx_word' id='word_1_266' title='bbox 3039 1867 3298 1940; x_wconf 22' lang='lat' dir='ltr'><strong>_sua,tuti</strong></span> <span class='ocrx_word' id='word_1_267' title='bbox 3358 1861 3531 1940; x_wconf 68' lang='lat' dir='ltr'><strong>etiam</strong></span> <span class='ocrx_word' id='word_1_268' title='bbox 3581 1869 3628 1925; x_wconf 90' lang='lat' dir='ltr'><strong>is</strong></span> <span class='ocrx_word' id='word_1_269' title='bbox 3664 1882 3846 1926; x_wconf 86' lang='lat' dir='ltr'><strong>auctor</strong></span> 
     </span>
    </p>
   </div>
   <div class='ocr_carea' id='block_1_41' title="bbox 481 1941 2129 2002">
    <p class='ocr_par' dir='ltr' id='par_1_41' title="bbox 481 1941 2129 2002">
     <span class='ocr_line' id='line_1_41' title="bbox 481 1941 2129 2002; baseline -0.002 -1"><span class='ocrx_word' id='word_1_270' title='bbox 481 1959 514 2001; x_wconf 86' lang='lat' dir='ltr'><strong>a</strong></span> <span class='ocrx_word' id='word_1_271' title='bbox 564 1945 782 2000; x_wconf 84' lang='lat' dir='ltr'><strong>Joanne</strong></span> <span class='ocrx_word' id='word_1_272' title='bbox 836 1944 1135 2002; x_wconf 89' lang='lat' dir='ltr'><strong>Stauracio</strong></span> <span class='ocrx_word' id='word_1_273' title='bbox 1196 1953 1510 2000; x_wconf 91' lang='lat' dir='ltr'><strong>contracta.</strong></span> <span class='ocrx_word' id='word_1_274' title='bbox 1571 1941 1778 1998; x_wconf 86' lang='lat' dir='ltr'><strong>Verum</strong></span> <span class='ocrx_word' id='word_1_275' title='bbox 1842 1956 1970 1997; x_wconf 91' lang='lat' dir='ltr'><strong>cum</strong></span> <span class='ocrx_word' id='word_1_276' title='bbox 2037 1943 2129 1997; x_wconf 94' lang='lat' dir='ltr'><strong>hic</strong></span> 
     </span>
    </p>
   </div>
   <div class='ocr_carea' id='block_1_42' title="bbox 483 2011 2128 2086">
    <p class='ocr_par' dir='ltr' id='par_1_42' title="bbox 483 2011 2128 2086">
     <span class='ocr_line' id='line_1_42' title="bbox 483 2011 2128 2086; baseline -0.002 -14"><span class='ocrx_word' id='word_1_277' title='bbox 483 2016 727 2083; x_wconf 84' lang='lat' dir='ltr'><strong>scriptor</strong></span> <span class='ocrx_word' id='word_1_278' title='bbox 757 2017 971 2073; x_wconf 84' lang='lat' dir='ltr'><strong>auctori</strong></span> <span class='ocrx_word' id='word_1_279' title='bbox 1001 2025 1199 2073; x_wconf 91' lang='lat' dir='ltr'><strong>nostro</strong></span> <span class='ocrx_word' id='word_1_280' title='bbox 1248 2028 1554 2086; x_wconf 87' lang='lat' dir='ltr'><strong>anonymo.</strong></span> <span class='ocrx_word' id='word_1_281' title='bbox 1585 2030 1618 2086; x_wconf 18' lang='lat' dir='ltr'><strong>ta</strong></span> <span class='ocrx_word' id='word_1_282' title='bbox 1669 2027 1784 2083; x_wconf 91' lang='lat' dir='ltr'><strong>quo</strong></span> <span class='ocrx_word' id='word_1_283' title='bbox 1819 2011 1907 2086; x_wconf 75' lang='lat' dir='ltr'><strong>illa</strong></span> <span class='ocrx_word' id='word_1_284' title='bbox 1943 2015 2000 2086; x_wconf 87' lang='lat' dir='ltr'><strong>in</strong></span> <span class='ocrx_word' id='word_1_285' title='bbox 2039 2013 2128 2069; x_wconf 82' lang='lat' dir='ltr'><strong>lit-</strong></span> 
     </span>
    </p>
   </div>
   <div class='ocr_carea' id='block_1_43' title="bbox 485 2084 2128 2157">
    <p class='ocr_par' dir='ltr' id='par_1_43' title="bbox 485 2084 2128 2157">
     <span class='ocr_line' id='line_1_43' title="bbox 485 2084 2128 2157; baseline -0.002 -14"><span class='ocrx_word' id='word_1_286' title='bbox 485 2095 635 2143; x_wconf 89' lang='lat' dir='ltr'><strong>teras</strong></span> <span class='ocrx_word' id='word_1_287' title='bbox 684 2087 857 2145; x_wconf 90' lang='lat' dir='ltr'><strong>missa</strong></span> <span class='ocrx_word' id='word_1_288' title='bbox 890 2088 1064 2152; x_wconf 90' lang='lat' dir='ltr'><strong>fuere,</strong></span> <span class='ocrx_word' id='word_1_289' title='bbox 1097 2084 1450 2157; x_wconf 84' lang='lat' dir='ltr'><strong>antiquitatis</strong></span> <span class='ocrx_word' id='word_1_290' title='bbox 1507 2085 1755 2156; x_wconf 88' lang='lat' dir='ltr'><strong>palmam</strong></span> <span class='ocrx_word' id='word_1_291' title='bbox 1793 2084 1907 2153; x_wconf 90' lang='lat' dir='ltr'><strong>(adi</strong></span> <span class='ocrx_word' id='word_1_292' title='bbox 1963 2085 2128 2157; x_wconf 81' lang='lat' dir='ltr'><strong>Com-</strong></span> 
     </span>
    </p>
   </div>
   <div class='ocr_carea' id='block_1_44' title="bbox 483 2156 2128 2229">
    <p class='ocr_par' dir='ltr' id='par_1_44' title="bbox 483 2156 2128 2229">
     <span class='ocr_line' id='line_1_44' title="bbox 483 2156 2128 2229; baseline -0.002 -16"><span class='ocrx_word' id='word_1_293' title='bbox 483 2159 830 2229; x_wconf 80' lang='lat' dir='ltr'><strong>mentarium</strong></span> <span class='ocrx_word' id='word_1_294' title='bbox 879 2161 1177 2229; x_wconf 77' lang='lat' dir='ltr'><strong>praevium.</strong></span> <span class='ocrx_word' id='word_1_295' title='bbox 1213 2156 1374 2214; x_wconf 85' lang='lat' dir='ltr'><strong>num.</strong></span> <span class='ocrx_word' id='word_1_296' title='bbox 1405 2157 1476 2212; x_wconf 77' lang='lat'><strong>25</strong></span> <span class='ocrx_word' id='word_1_297' title='bbox 1527 2165 1582 2212; x_wconf 88' lang='lat' dir='ltr'><strong>et</strong></span> <span class='ocrx_word' id='word_1_298' title='bbox 1613 2159 1762 2226; x_wconf 90' lang='lat' dir='ltr'><strong>seq.)</strong></span> <span class='ocrx_word' id='word_1_299' title='bbox 1813 2156 2128 2229; x_wconf 79' lang='lat' dir='ltr'><strong>verosimil-</strong></span> 
     </span>
    </p>
   </div>
   <div class='ocr_carea' id='block_1_45' title="bbox 486 2226 2128 2299">
    <p class='ocr_par' dir='ltr' id='par_1_45' title="bbox 486 2226 2128 2299">
     <span class='ocr_line' id='line_1_45' title="bbox 486 2226 2128 2299; baseline -0.002 -14"><span class='ocrx_word' id='word_1_300' title='bbox 486 2227 621 2285; x_wconf 90' lang='lat' dir='ltr'><strong>llme</strong></span> <span class='ocrx_word' id='word_1_301' title='bbox 669 2229 851 2295; x_wconf 89' lang='lat' dir='ltr'><strong>cedat,</strong></span> <span class='ocrx_word' id='word_1_302' title='bbox 881 2226 1130 2286; x_wconf 60' lang='lat' dir='ltr'><strong>&#39;nullum</strong></span> <span class='ocrx_word' id='word_1_303' title='bbox 1191 2241 1449 2299; x_wconf 88' lang='lat' dir='ltr'><strong>prorsus,</strong></span> <span class='ocrx_word' id='word_1_304' title='bbox 1482 2237 1578 2284; x_wconf 91' lang='lat' dir='ltr'><strong>aut</strong></span> <span class='ocrx_word' id='word_1_305' title='bbox 1626 2237 1780 2299; x_wconf 86' lang='lat' dir='ltr'><strong>certe</strong></span> <span class='ocrx_word' id='word_1_306' title='bbox 1817 2226 2128 2299; x_wconf 85' lang='lat' dir='ltr'><strong>admodum</strong></span> 
     </span>
    </p>
   </div>
   <div class='ocr_carea' id='block_1_46' title="bbox 485 2296 2134 2371">
    <p class='ocr_par' dir='ltr' id='par_1_46' title="bbox 485 2296 2134 2371">
     <span class='ocr_line' id='line_1_46' title="bbox 485 2296 2134 2371; baseline -0.001 -15"><span class='ocrx_word' id='word_1_307' title='bbox 485 2301 758 2371; x_wconf 79' lang='lat' dir='ltr'><strong>exiguum</strong></span> <span class='ocrx_word' id='word_1_308' title='bbox 831 2303 1056 2371; x_wconf 89' lang='lat' dir='ltr'><strong>pondus</strong></span> <span class='ocrx_word' id='word_1_309' title='bbox 1129 2296 1398 2370; x_wconf 45' lang='lat' dir='ltr'><strong>an’onymi</strong></span> <span class='ocrx_word' id='word_1_310' title='bbox 1462 2299 1642 2371; x_wconf 85' lang='lat' dir='ltr'><strong>nostri</strong></span> <span class='ocrx_word' id='word_1_311' title='bbox 1700 2296 1876 2371; x_wconf 78' lang='lat' dir='ltr'><strong>dictis</strong></span> <span class='ocrx_word' id='word_1_312' title='bbox 1944 2305 2134 2371; x_wconf 79' lang='lat' dir='ltr'><strong>potest</strong></span> 
     </span>
    </p>
   </div>
   <div class='ocr_carea' id='block_1_47' title="bbox 482 2368 2130 2442">
    <p class='ocr_par' dir='ltr' id='par_1_47' title="bbox 482 2368 2130 2442">
     <span class='ocr_line' id='line_1_47' title="bbox 482 2368 2130 2442; baseline -0.002 -14"><span class='ocrx_word' id='word_1_313' title='bbox 482 2368 848 2442; x_wconf 69' lang='lat' dir='ltr'><strong>adjungerei</strong></span> <span class='ocrx_word' id='word_1_314' title='bbox 902 2373 1019 2428; x_wconf 90' lang='lat' dir='ltr'><strong>haec</strong></span> <span class='ocrx_word' id='word_1_315' title='bbox 1059 2385 1194 2442; x_wconf 86' lang='lat' dir='ltr'><strong>vero</strong></span> <span class='ocrx_word' id='word_1_316' title='bbox 1231 2368 1760 2442; x_wconf 82' lang='lat' dir='ltr'><strong>sunthujusmodi,</strong></span> <span class='ocrx_word' id='word_1_317' title='bbox 1806 2376 1868 2442; x_wconf 89' lang='lat' dir='ltr'><strong>ut</strong></span> <span class='ocrx_word' id='word_1_318' title='bbox 1914 2369 2130 2442; x_wconf 80' lang='lat' dir='ltr'><strong>verosi-</strong></span> 
     </span>
    </p>
   </div>
   <div class='ocr_carea' id='block_1_48' title="bbox 487 2439 2126 2512">
    <p class='ocr_par' dir='ltr' id='par_1_48' title="bbox 487 2439 2126 2512">
     <span class='ocr_line' id='line_1_48' title="bbox 487 2439 2126 2512; baseline -0.004 -13"><span class='ocrx_word' id='word_1_319' title='bbox 487 2439 623 2499; x_wconf 85' lang='lat' dir='ltr'><strong>mile</strong></span> <span class='ocrx_word' id='word_1_320' title='bbox 660 2439 810 2512; x_wconf 79' lang='lat' dir='ltr'><strong>apud</strong></span> <span class='ocrx_word' id='word_1_321' title='bbox 850 2458 1050 2500; x_wconf 91' lang='lat' dir='ltr'><strong>omnes</strong></span> <span class='ocrx_word' id='word_1_322' title='bbox 1088 2441 1260 2498; x_wconf 81' lang='lat' dir='ltr'><strong>fidem</strong></span> <span class='ocrx_word' id='word_1_323' title='bbox 1293 2441 1457 2497; x_wconf 90' lang='lat' dir='ltr'><strong>facile</strong></span> <span class='ocrx_word' id='word_1_324' title='bbox 1479 2439 1778 2512; x_wconf 85' lang='lat' dir='ltr'><strong>inventura</strong></span> <span class='ocrx_word' id='word_1_325' title='bbox 1801 2439 1966 2512; x_wconf 87' lang='lat' dir='ltr'><strong>haud</strong></span> <span class='ocrx_word' id='word_1_326' title='bbox 1994 2442 2126 2498; x_wconf 90' lang='lat' dir='ltr'><strong>sint.</strong></span> 
     </span>
    </p>
   </div>
   <div class='ocr_carea' id='block_1_49' title="bbox 487 2510 2135 2582">
    <p class='ocr_par' dir='ltr' id='par_1_49' title="bbox 487 2510 2135 2582">
     <span class='ocr_line' id='line_1_49' title="bbox 487 2510 2135 2582; baseline -0.001 -13"><span class='ocrx_word' id='word_1_327' title='bbox 487 2512 621 2570; x_wconf 89' lang='lat' dir='ltr'><strong>Utut</strong></span> <span class='ocrx_word' id='word_1_328' title='bbox 649 2510 742 2577; x_wconf 76' lang='lat' dir='ltr'><strong>sit,</strong></span> <span class='ocrx_word' id='word_1_329' title='bbox 775 2513 946 2571; x_wconf 92' lang='lat' dir='ltr'><strong>verba</strong></span> <span class='ocrx_word' id='word_1_330' title='bbox 1005 2515 1193 2571; x_wconf 70' lang='lat' dir='ltr'><strong>Graeca</strong></span> <span class='ocrx_word' id='word_1_331' title='bbox 1246 2513 1487 2582; x_wconf 88' lang='lat' dir='ltr'><strong>reliqua,</strong></span> <span class='ocrx_word' id='word_1_332' title='bbox 1534 2511 1746 2582; x_wconf 86' lang='lat' dir='ltr'><strong>quibus</strong></span> <span class='ocrx_word' id='word_1_333' title='bbox 1772 2510 1903 2582; x_wconf 22' lang='lat' dir='ltr'><strong>tiste</strong></span> <span class='ocrx_word' id='word_1_334' title='bbox 1939 2511 1996 2566; x_wconf 90' lang='lat' dir='ltr'><strong>in</strong></span> <span class='ocrx_word' id='word_1_335' title='bbox 2031 2526 2135 2568; x_wconf 89' lang='lat' dir='ltr'><strong>co—</strong></span> 
     </span>
    </p>
   </div>
   <div class='ocr_carea' id='block_1_50' title="bbox 487 2580 2132 2654">
    <p class='ocr_par' dir='ltr' id='par_1_50' title="bbox 487 2580 2132 2654">
     <span class='ocr_line' id='line_1_50' title="bbox 487 2580 2132 2654; baseline -0.001 -14"><span class='ocrx_word' id='word_1_336' title='bbox 487 2583 616 2640; x_wconf 90' lang='lat' dir='ltr'><strong>dice</strong></span> <span class='ocrx_word' id='word_1_337' title='bbox 670 2584 998 2642; x_wconf 67' lang='lat' dir='ltr'><strong>Mazarinmo</strong></span> <span class='ocrx_word' id='word_1_338' title='bbox 1056 2600 1084 2640; x_wconf 90' lang='lat' dir='ltr'><strong>a</strong></span> <span class='ocrx_word' id='word_1_339' title='bbox 1135 2599 1264 2654; x_wconf 91' lang='lat' dir='ltr'><strong>pag.</strong></span> <span class='ocrx_word' id='word_1_340' title='bbox 1322 2580 1424 2638; x_wconf 55' lang='lat'><strong>1‘8</strong></span> <span class='ocrx_word' id='word_1_341' title='bbox 1483 2580 1662 2654; x_wconf 69' lang='lat' dir='ltr'><strong>ust1ue</strong></span> <span class='ocrx_word' id='word_1_342' title='bbox 1718 2580 1790 2638; x_wconf 92' lang='lat' dir='ltr'><strong>ad</strong></span> <span class='ocrx_word' id='word_1_343' title='bbox 1840 2597 1966 2652; x_wconf 93' lang='lat' dir='ltr'><strong>pag.</strong></span> <span class='ocrx_word' id='word_1_344' title='bbox 2033 2583 2132 2638; x_wconf 85' lang='lat'><strong>187</strong></span> 
     </span>
    </p>
   </div>
   <div class='ocr_carea' id='block_1_51' title="bbox 487 2654 2130 2726">
    <p class='ocr_par' dir='ltr' id='par_1_51' title="bbox 487 2654 2130 2726">
     <span class='ocr_line' id='line_1_51' title="bbox 487 2654 2130 2726; baseline 0.001 -17"><span class='ocrx_word' id='word_1_345' title='bbox 487 2665 654 2726; x_wconf 90' lang='lat' dir='ltr'><strong>caput</strong></span> <span class='ocrx_word' id='word_1_346' title='bbox 693 2669 945 2726; x_wconf 68' lang='lat' dir='ltr'><strong>praesens</strong></span> <span class='ocrx_word' id='word_1_347' title='bbox 1002 2656 1248 2714; x_wconf 85' lang='lat' dir='ltr'><strong>absolvit</strong></span> <span class='ocrx_word' id='word_1_348' title='bbox 1307 2662 1653 2724; x_wconf 88' lang='lat' dir='ltr'><strong>punctorum</strong></span> <span class='ocrx_word' id='word_1_349' title='bbox 1710 2654 2130 2723; x_wconf 89' lang='lat' dir='ltr'><strong>interpositioni</strong></span> 
     </span>
    </p>
   </div>
   <div class='ocr_carea' id='block_1_52' title="bbox 487 2725 1011 2799">
    <p class='ocr_par' dir='ltr' id='par_1_52' title="bbox 487 2725 1011 2799">
     <span class='ocr_line' id='line_1_52' title="bbox 487 2725 1011 2799; baseline -0.002 -16"><span class='ocrx_word' id='word_1_350' title='bbox 487 2725 663 2799; x_wconf 78' lang='lat' dir='ltr'><strong>modo</strong></span> <span class='ocrx_word' id='word_1_351' title='bbox 697 2725 1011 2799; x_wconf 80' lang='lat' dir='ltr'><strong>subjungo.</strong></span> 
     </span>
    </p>
   </div>
   <div class='ocr_carea' id='block_1_53' title="bbox 559 2795 2132 2924">
    <p class='ocr_par' dir='ltr' id='par_1_53' title="bbox 559 2795 2132 2924">
     <span class='ocr_line' id='line_1_53' title="bbox 559 2795 2132 2924; baseline 0 -71"><span class='ocrx_word' id='word_1_352' title='bbox 559 2797 670 2880; x_wconf 41' lang='lat'><strong>(7.7)</strong></span> <span class='ocrx_word' id='word_1_353' title='bbox 703 2798 766 2854; x_wconf 91' lang='lat' dir='ltr'><strong>In</strong></span> <span class='ocrx_word' id='word_1_354' title='bbox 801 2795 1123 2880; x_wconf 69' lang='lat' dir='ltr'><strong>Macedonia</strong></span> <span class='ocrx_word' id='word_1_355' title='bbox 1155 2795 1268 2924; x_wconf 50' lang='lat' dir='ltr'><strong>tadi</strong></span> <span class='ocrx_word' id='word_1_356' title='bbox 1307 2795 1376 2853; x_wconf 92' lang='lat' dir='ltr'><strong>ad</strong></span> <span class='ocrx_word' id='word_1_357' title='bbox 1409 2795 1750 2878; x_wconf 82' lang='lat' dir='ltr'><strong>vocabulum</strong></span> <span class='ocrx_word' id='word_1_358' title='bbox 1784 2797 2044 2878; x_wconf 69' lang='lat' dir='ltr'><strong>Strymon</strong></span> <span class='ocrx_word' id='word_1_359' title='bbox 2072 2797 2132 2854; x_wconf 88' lang='lat' dir='ltr'><strong>in</strong></span> 
     </span>
     <span class='ocr_line' id='line_1_54' title="bbox 559 2867 2130 2924; baseline 0.001 -1"><span class='ocrx_word' id='word_1_360' title='bbox 559 2884 697 2924; x_wconf 71' lang='grc' dir='ltr'><strong>ιιιεο</strong></span> <span class='ocrx_word' id='word_1_361' title='bbox 731 2870 1126 2924; x_wconf 70' lang='lat' dir='ltr'><strong>Geogranhtco</strong></span> <span class='ocrx_word' id='word_1_362' title='bbox 1203 2867 1584 2924; x_wconf 78' lang='lat' dir='ltr'><strong>audrandum)</strong></span> <span class='ocrx_word' id='word_1_363' title='bbox 1617 2877 1761 2924; x_wconf 80' lang='lat' dir='ltr'><strong>situs</strong></span> <span class='ocrx_word' id='word_1_364' title='bbox 1790 2879 1874 2924; x_wconf 89' lang='lat' dir='ltr'><strong>est</strong></span> <span class='ocrx_word' id='word_1_365' title='bbox 1905 2868 2130 2924; x_wconf 78' lang='lat' dir='ltr'><strong>fluvrus.</strong></span> 
     </span>
    </p>
   </div>
   <div class='ocr_carea' id='block_1_54' title="bbox 485 2867 2130 2942">
    <p class='ocr_par' dir='ltr' id='par_1_54' title="bbox 485 2867 2130 2942">
     <span class='ocr_line' id='line_1_55' title="bbox 485 2867 2130 2942; baseline 0 -18"><span class='ocrx_word' id='word_1_366' title='bbox 485 2868 697 2942; x_wconf 66' lang='lat' dir='ltr'><strong>Lexico</strong></span> <span class='ocrx_word' id='word_1_367' title='bbox 731 2870 1126 2942; x_wconf 86' lang='lat' dir='ltr'><strong>Geographico</strong></span> <span class='ocrx_word' id='word_1_368' title='bbox 1160 2867 1584 2932; x_wconf 86' lang='lat' dir='ltr'><strong>Baudrandum)</strong></span> <span class='ocrx_word' id='word_1_369' title='bbox 1617 2867 2130 2942; x_wconf 41' lang='lat' dir='ltr'><strong>sittisest’ﬂuvius,</strong></span> 
     </span>
    </p>
   </div>
   <div class='ocr_carea' id='block_1_55' title="bbox 485 2939 2129 3012">
    <p class='ocr_par' dir='ltr' id='par_1_55' title="bbox 485 2939 2129 3012">
     <span class='ocr_line' id='line_1_56' title="bbox 485 2939 2129 3012; baseline 0.001 -18"><span class='ocrx_word' id='word_1_370' title='bbox 485 2941 750 3012; x_wconf 84' lang='lat' dir='ltr'><strong>S_trymon</strong></span> <span class='ocrx_word' id='word_1_371' title='bbox 807 2939 1137 2999; x_wconf 76' lang='lat' dir='ltr'><strong>nominatus</strong></span> <span class='ocrx_word' id='word_1_372' title='bbox 1167 2950 1337 3011; x_wconf 89' lang='lat' dir='ltr'><strong>atque</strong></span> <span class='ocrx_word' id='word_1_373' title='bbox 1366 2955 1396 2996; x_wconf 88' lang='lat' dir='ltr'><strong>e</strong></span> <span class='ocrx_word' id='word_1_374' title='bbox 1426 2946 1626 3012; x_wconf 9' lang='lat' dir='ltr'><strong>monte,</strong></span> <span class='ocrx_word' id='word_1_375' title='bbox 1679 2939 1888 3012; x_wconf 91' lang='lat' dir='ltr'><strong>Orbelo</strong></span> <span class='ocrx_word' id='word_1_376' title='bbox 1928 2949 2087 3012; x_wconf 90' lang='lat' dir='ltr'><strong>ortus</strong></span> <span class='ocrx_word' id='word_1_377' title='bbox 2117 2959 2129 3006; x_wconf 92' lang='lat'><strong>;</strong></span> 
     </span>
    </p>
   </div>
   <div class='ocr_carea' id='block_1_56' title="bbox 487 3010 2136 3080">
    <p class='ocr_par' dir='ltr' id='par_1_56' title="bbox 487 3010 2136 3080">
     <span class='ocr_line' id='line_1_57' title="bbox 487 3010 2136 3080; baseline 0 -14"><span class='ocrx_word' id='word_1_378' title='bbox 487 3010 662 3068; x_wconf 84' lang='lat' dir='ltr'><strong>ﬂuvio</strong></span> <span class='ocrx_word' id='word_1_379' title='bbox 691 3014 782 3069; x_wconf 87' lang='lat' dir='ltr'><strong>isti</strong></span> <span class='ocrx_word' id='word_1_380' title='bbox 818 3013 1005 3070; x_wconf 87' lang='lat' dir='ltr'><strong>thema</strong></span> <span class='ocrx_word' id='word_1_381' title='bbox 1043 3025 1148 3069; x_wconf 90' lang='lat' dir='ltr'><strong>seu</strong></span> <span class='ocrx_word' id='word_1_382' title='bbox 1189 3010 1496 3080; x_wconf 84' lang='lat' dir='ltr'><strong>provincia,</strong></span> <span class='ocrx_word' id='word_1_383' title='bbox 1531 3025 1561 3067; x_wconf 92' lang='lat' dir='ltr'><strong>a</strong></span> <span class='ocrx_word' id='word_1_384' title='bbox 1595 3011 1968 3068; x_wconf 88' lang='lat' dir='ltr'><strong>Constantino</strong></span> <span class='ocrx_word' id='word_1_385' title='bbox 2001 3011 2136 3068; x_wconf 83' lang='lat' dir='ltr'><strong>Por-</strong></span> 
     </span>
    </p>
   </div>
   <div class='ocr_carea' id='block_1_57' title="bbox 484 3081 2135 3154">
    <p class='ocr_par' dir='ltr' id='par_1_57' title="bbox 484 3081 2135 3154">
     <span class='ocr_line' id='line_1_58' title="bbox 484 3081 2135 3154; baseline 0.001 -16"><span class='ocrx_word' id='word_1_386' title='bbox 484 3084 866 3154; x_wconf 83' lang='lat' dir='ltr'><strong>phyrogenito</strong></span> <span class='ocrx_word' id='word_1_387' title='bbox 927 3083 1027 3140; x_wconf 91' lang='lat' dir='ltr'><strong>lib.</strong></span> <span class='ocrx_word' id='word_1_388' title='bbox 1061 3095 1101 3140; x_wconf 87' lang='lat' dir='ltr'><strong>tt</strong></span> <span class='ocrx_word' id='word_1_389' title='bbox 1159 3081 1230 3138; x_wconf 75' lang='lat' dir='ltr'><strong>De</strong></span> <span class='ocrx_word' id='word_1_390' title='bbox 1283 3081 1624 3154; x_wconf 76' lang='lat' dir='ltr'><strong>Thematt&#39;bus</strong></span> <span class='ocrx_word' id='word_1_391' title='bbox 1659 3096 1760 3154; x_wconf 88' lang='lat' dir='ltr'><strong>seu</strong></span> <span class='ocrx_word' id='word_1_392' title='bbox 1818 3082 2135 3154; x_wconf 83' lang='lat' dir='ltr'><strong>minoribus</strong></span> 
     </span>
    </p>
   </div>
   <div class='ocr_carea' id='block_1_58' title="bbox 485 3152 2134 3237">
    <p class='ocr_par' dir='ltr' id='par_1_58' title="bbox 485 3152 2134 3237">
     <span class='ocr_line' id='line_1_59' title="bbox 485 3152 2134 3237; baseline -0.001 -27"><span class='ocrx_word' id='word_1_393' title='bbox 485 3152 819 3237; x_wconf 63' lang='lat' dir='ltr'><strong>provinciis,</strong></span> <span class='ocrx_word' id='word_1_394' title='bbox 856 3156 914 3212; x_wconf 91' lang='lat' dir='ltr'><strong>in</strong></span> <span class='ocrx_word' id='word_1_395' title='bbox 953 3169 1098 3237; x_wconf 81' lang='lat' dir='ltr'><strong>quas</strong></span> <span class='ocrx_word' id='word_1_396' title='bbox 1119 3155 1442 3237; x_wconf 73' lang='lat' dir='ltr'><strong>imperium</strong></span> <span class='ocrx_word' id='word_1_397' title='bbox 1471 3152 1808 3237; x_wconf 36' lang='lat' dir='ltr'><strong>.Onrientale,</strong></span> <span class='ocrx_word' id='word_1_398' title='bbox 1840 3169 1974 3237; x_wconf 75' lang='lat' dir='ltr'><strong>cum</strong></span> <span class='ocrx_word' id='word_1_399' title='bbox 2021 3152 2134 3224; x_wconf 84' lang='lat' dir='ltr'><strong>iam</strong></span> 
     </span>
    </p>
   </div>
   <div class='ocr_carea' id='block_1_59' title="bbox 2213 1936 3847 2008">
    <p class='ocr_par' dir='ltr' id='par_1_59' title="bbox 2213 1936 3847 2008">
     <span class='ocr_line' id='line_1_60' title="bbox 2213 1936 3847 2008; baseline 0.004 -18"><span class='ocrx_word' id='word_1_400' title='bbox 2213 1937 2402 1993; x_wconf 85' lang='lat' dir='ltr'><strong>verbis</strong></span> <span class='ocrx_word' id='word_1_401' title='bbox 2457 1936 2660 1994; x_wconf 85' lang='lat' dir='ltr'><strong>iisdem</strong></span> <span class='ocrx_word' id='word_1_402' title='bbox 2693 1936 2872 2002; x_wconf 86' lang='lat' dir='ltr'><strong>docet,</strong></span> <span class='ocrx_word' id='word_1_403' title='bbox 2912 1940 2968 1993; x_wconf 90' lang='lat' dir='ltr'><strong>in</strong></span> <span class='ocrx_word' id='word_1_404' title='bbox 3027 1937 3320 2008; x_wconf 82' lang='lat' dir='ltr'><strong>Opsicium</strong></span> <span class='ocrx_word' id='word_1_405' title='bbox 3354 1939 3589 2000; x_wconf 85' lang='lat' dir='ltr'><strong>Thema.</strong></span> <span class='ocrx_word' id='word_1_406' title='bbox 3624 1941 3679 1996; x_wconf 91' lang='lat' dir='ltr'><strong>in</strong></span> <span class='ocrx_word' id='word_1_407' title='bbox 3727 1940 3847 1997; x_wconf 88' lang='lat' dir='ltr'><strong>Asia</strong></span> 
     </span>
    </p>
   </div>
   <div class='ocr_carea' id='block_1_60' title="bbox 2211 2009 3848 2081">
    <p class='ocr_par' dir='ltr' id='par_1_60' title="bbox 2211 2009 3848 2081">
     <span class='ocr_line' id='line_1_61' title="bbox 2211 2009 3848 2081; baseline 0.004 -19"><span class='ocrx_word' id='word_1_408' title='bbox 2211 2024 2252 2081; x_wconf 9' lang='lat' dir='ltr'><strong>et</strong></span> <span class='ocrx_word' id='word_1_409' title='bbox 2289 2009 2644 2066; x_wconf 88' lang='lat' dir='ltr'><strong>Constantini</strong></span> <span class='ocrx_word' id='word_1_410' title='bbox 2681 2009 3165 2081; x_wconf 83' lang='lat' dir='ltr'><strong>Porphyrogentti</strong></span> <span class='ocrx_word' id='word_1_411' title='bbox 3216 2009 3288 2066; x_wconf 82' lang='lat' dir='ltr'><strong>De</strong></span> <span class='ocrx_word' id='word_1_412' title='bbox 3327 2009 3668 2081; x_wconf 66' lang='lat' dir='ltr'><strong>Thematibm</strong></span> <span class='ocrx_word' id='word_1_413' title='bbox 3715 2011 3848 2068; x_wconf 90' lang='lat' dir='ltr'><strong>libro</strong></span> 
     </span>
    </p>
   </div>
   <div class='ocr_carea' id='block_1_61' title="bbox 2211 2079 3849 2151">
    <p class='ocr_par' dir='ltr' id='par_1_61' title="bbox 2211 2079 3849 2151">
     <span class='ocr_line' id='line_1_62' title="bbox 2211 2079 3849 2151; baseline 0.003 -17"><span class='ocrx_word' id='word_1_414' title='bbox 2211 2080 2384 2136; x_wconf 87' lang='lat' dir='ltr'><strong>situm</strong></span> <span class='ocrx_word' id='word_1_415' title='bbox 2435 2082 2610 2137; x_wconf 89' lang='lat' dir='ltr'><strong>fuisse</strong></span> <span class='ocrx_word' id='word_1_416' title='bbox 2649 2079 3012 2150; x_wconf 57' lang='lat' dir='ltr'><strong>deportatos.</strong></span> <span class='ocrx_word' id='word_1_417' title='bbox 3049 2095 3114 2137; x_wconf 89' lang='lat' dir='ltr'><strong>ac</strong></span> <span class='ocrx_word' id='word_1_418' title='bbox 3173 2082 3338 2151; x_wconf 89' lang='lat' dir='ltr'><strong>proin</strong></span> <span class='ocrx_word' id='word_1_419' title='bbox 3379 2079 3603 2139; x_wconf 77' lang='lat' dir='ltr'><strong>Sclavos</strong></span> <span class='ocrx_word' id='word_1_420' title='bbox 3660 2081 3849 2139; x_wconf 72' lang='lat' dir='ltr'><strong>saeculo</strong></span> 
     </span>
    </p>
   </div>
   <div class='ocr_carea' id='block_1_62' title="bbox 2213 2151 3848 2223">
    <p class='ocr_par' dir='ltr' id='par_1_62' title="bbox 2213 2151 3848 2223">
     <span class='ocr_line' id='line_1_63' title="bbox 2213 2151 3848 2223; baseline 0.002 -16"><span class='ocrx_word' id='word_1_421' title='bbox 2213 2160 2414 2223; x_wconf 84' lang='lat' dir='ltr'><strong>octavo</strong></span> <span class='ocrx_word' id='word_1_422' title='bbox 2463 2166 2562 2208; x_wconf 90' lang='lat' dir='ltr'><strong>seu</strong></span> <span class='ocrx_word' id='word_1_423' title='bbox 2597 2161 2750 2218; x_wconf 93' lang='lat' dir='ltr'><strong>tunc,</strong></span> <span class='ocrx_word' id='word_1_424' title='bbox 2783 2166 2934 2223; x_wconf 78' lang='lat' dir='ltr'><strong>cum</strong></span> <span class='ocrx_word' id='word_1_425' title='bbox 2965 2151 3502 2210; x_wconf 76' lang='lat' dir='ltr'><strong>Thessalonicensis</strong></span> <span class='ocrx_word' id='word_1_426' title='bbox 3547 2168 3667 2222; x_wconf 80' lang='lat' dir='ltr'><strong>cap.</strong></span> <span class='ocrx_word' id='word_1_427' title='bbox 3718 2169 3848 2223; x_wconf 76' lang='lat' dir='ltr'><strong>prte-</strong></span> 
     </span>
    </p>
   </div>
   <div class='ocr_carea' id='block_1_63' title="bbox 2211 2221 3844 2288">
    <p class='ocr_par' dir='ltr' id='par_1_63' title="bbox 2211 2221 3844 2288">
     <span class='ocr_line' id='line_1_64' title="bbox 2211 2221 3844 2288; baseline 0.004 -12"><span class='ocrx_word' id='word_1_428' title='bbox 2211 2222 2356 2277; x_wconf 89' lang='lat' dir='ltr'><strong>seuti</strong></span> <span class='ocrx_word' id='word_1_429' title='bbox 2419 2234 2726 2279; x_wconf 90' lang='lat' dir='ltr'><strong>memorata</strong></span> <span class='ocrx_word' id='word_1_430' title='bbox 2778 2221 3001 2279; x_wconf 81' lang='lat' dir='ltr'><strong>obsidio</strong></span> <span class='ocrx_word' id='word_1_431' title='bbox 3051 2223 3278 2284; x_wconf 88' lang='lat' dir='ltr'><strong>accidit.</strong></span> <span class='ocrx_word' id='word_1_432' title='bbox 3311 2225 3477 2281; x_wconf 90' lang='lat' dir='ltr'><strong>sedes</strong></span> <span class='ocrx_word' id='word_1_433' title='bbox 3535 2228 3589 2280; x_wconf 91' lang='lat' dir='ltr'><strong>in</strong></span> <span class='ocrx_word' id='word_1_434' title='bbox 3620 2221 3778 2288; x_wconf 69' lang='lat' dir='ltr'><strong>locis,</strong></span> <span class='ocrx_word' id='word_1_435' title='bbox 3820 2243 3844 2282; x_wconf 88' lang='lat' dir='ltr'><strong>a</strong></span> 
     </span>
    </p>
   </div>
   <div class='ocr_carea' id='block_1_64' title="bbox 2214 2292 3842 2364">
    <p class='ocr_par' dir='ltr' id='par_1_64' title="bbox 2214 2292 3842 2364">
     <span class='ocr_line' id='line_1_65' title="bbox 2214 2292 3842 2364; baseline 0.002 -15"><span class='ocrx_word' id='word_1_436' title='bbox 2214 2292 2619 2350; x_wconf 82' lang='lat' dir='ltr'><strong>Thessalonica</strong></span> <span class='ocrx_word' id='word_1_437' title='bbox 2676 2294 2824 2351; x_wconf 90' lang='lat' dir='ltr'><strong>haud</strong></span> <span class='ocrx_word' id='word_1_438' title='bbox 2859 2295 3053 2364; x_wconf 82' lang='lat' dir='ltr'><strong>procul</strong></span> <span class='ocrx_word' id='word_1_439' title='bbox 3098 2296 3351 2360; x_wconf 87' lang='lat' dir='ltr'><strong>remotis,</strong></span> <span class='ocrx_word' id='word_1_440' title='bbox 3399 2310 3511 2352; x_wconf 91' lang='lat' dir='ltr'><strong>non</strong></span> <span class='ocrx_word' id='word_1_441' title='bbox 3572 2297 3842 2362; x_wconf 88' lang='lat' dir='ltr'><strong>habuisse,</strong></span> 
     </span>
    </p>
   </div>
   <div class='ocr_carea' id='block_1_65' title="bbox 2215 2367 3847 2436">
    <p class='ocr_par' dir='ltr' id='par_1_65' title="bbox 2215 2367 3847 2436">
     <span class='ocr_line' id='line_1_66' title="bbox 2215 2367 3847 2436; baseline 0.003 -18"><span class='ocrx_word' id='word_1_442' title='bbox 2215 2374 2412 2421; x_wconf 90' lang='lat' dir='ltr'><strong>contra</strong></span> <span class='ocrx_word' id='word_1_443' title='bbox 2449 2379 2514 2421; x_wconf 86' lang='lat' dir='ltr'><strong>ac</strong></span> <span class='ocrx_word' id='word_1_444' title='bbox 2543 2375 2742 2421; x_wconf 88' lang='lat' dir='ltr'><strong>auctor</strong></span> <span class='ocrx_word' id='word_1_445' title='bbox 2776 2375 2999 2436; x_wconf 25' lang='lat' dir='ltr'><strong>tnoster</strong></span> <span class='ocrx_word' id='word_1_446' title='bbox 3047 2380 3366 2436; x_wconf 85' lang='lat' dir='ltr'><strong>anonymus</strong></span> <span class='ocrx_word' id='word_1_447' title='bbox 3421 2367 3545 2424; x_wconf 89' lang='lat' dir='ltr'><strong>loco</strong></span> <span class='ocrx_word' id='word_1_448' title='bbox 3595 2381 3706 2424; x_wconf 92' lang='lat' dir='ltr'><strong>non</strong></span> <span class='ocrx_word' id='word_1_449' title='bbox 3747 2383 3847 2422; x_wconf 83' lang='lat' dir='ltr'><strong>uno</strong></span> 
     </span>
    </p>
   </div>
   <div class='ocr_carea' id='block_1_66' title="bbox 2219 2434 3848 2507">
    <p class='ocr_par' dir='ltr' id='par_1_66' title="bbox 2219 2434 3848 2507">
     <span class='ocr_line' id='line_1_67' title="bbox 2219 2434 3848 2507; baseline 0.002 -17"><span class='ocrx_word' id='word_1_450' title='bbox 2219 2448 2345 2504; x_wconf 83' lang='lat' dir='ltr'><strong>cap.</strong></span> <span class='ocrx_word' id='word_1_451' title='bbox 2396 2438 2656 2507; x_wconf 84' lang='lat' dir='ltr'><strong>praesenti</strong></span> <span class='ocrx_word' id='word_1_452' title='bbox 2694 2434 2926 2492; x_wconf 71' lang='lat' dir='ltr'><strong>indicet.</strong></span> <span class='ocrx_word' id='word_1_453' title='bbox 2961 2435 3082 2493; x_wconf 86' lang='lat' dir='ltr'><strong>Etsi</strong></span> <span class='ocrx_word' id='word_1_454' title='bbox 3135 2434 3288 2493; x_wconf 79' lang='lat' dir='ltr'><strong>enim</strong></span> <span class='ocrx_word' id='word_1_455' title='bbox 3321 2439 3664 2494; x_wconf 87' lang='lat' dir='ltr'><strong>immensum</strong></span> <span class='ocrx_word' id='word_1_456' title='bbox 3699 2439 3848 2495; x_wconf 87' lang='lat' dir='ltr'><strong>Scla-</strong></span> 
     </span>
    </p>
   </div>
   <div class='ocr_carea' id='block_1_67' title="bbox 2221 2508 3848 2578">
    <p class='ocr_par' dir='ltr' id='par_1_67' title="bbox 2221 2508 3848 2578">
     <span class='ocr_line' id='line_1_68' title="bbox 2221 2508 3848 2578; baseline 0.002 -20"><span class='ocrx_word' id='word_1_457' title='bbox 2221 2522 2417 2563; x_wconf 88' lang='lat' dir='ltr'><strong>vorum</strong></span> <span class='ocrx_word' id='word_1_458' title='bbox 2449 2521 2756 2564; x_wconf 86' lang='lat' dir='ltr'><strong>numerum</strong></span> <span class='ocrx_word' id='word_1_459' title='bbox 2785 2524 2813 2564; x_wconf 91' lang='lat' dir='ltr'><strong>a</strong></span> <span class='ocrx_word' id='word_1_460' title='bbox 2853 2508 3176 2565; x_wconf 83' lang='lat' dir='ltr'><strong>Justtniano</strong></span> <span class='ocrx_word' id='word_1_461' title='bbox 3212 2508 3574 2566; x_wconf 74' lang='lat' dir='ltr'><strong>lthinormeto</strong></span> <span class='ocrx_word' id='word_1_462' title='bbox 3606 2512 3658 2565; x_wconf 90' lang='lat' dir='ltr'><strong>in</strong></span> <span class='ocrx_word' id='word_1_463' title='bbox 3691 2511 3848 2578; x_wconf 83' lang='lat' dir='ltr'><strong>Opsi-</strong></span> 
     </span>
    </p>
   </div>
   <div class='ocr_carea' id='block_1_68' title="bbox 2217 2578 3848 2652">
    <p class='ocr_par' dir='ltr' id='par_1_68' title="bbox 2217 2578 3848 2652">
     <span class='ocr_line' id='line_1_69' title="bbox 2217 2578 3848 2652; baseline 0.002 -19"><span class='ocrx_word' id='word_1_464' title='bbox 2217 2581 2372 2652; x_wconf 84' lang='lat' dir='ltr'><strong>cium</strong></span> <span class='ocrx_word' id='word_1_465' title='bbox 2430 2579 2642 2652; x_wconf 69' lang='lat' dir='ltr'><strong>Thema</strong></span> <span class='ocrx_word' id='word_1_466' title='bbox 2704 2579 2880 2652; x_wconf 75' lang='lat' dir='ltr'><strong>fuisse</strong></span> <span class='ocrx_word' id='word_1_467' title='bbox 2943 2578 3273 2652; x_wconf 86' lang='lat' dir='ltr'><strong>abductum,</strong></span> <span class='ocrx_word' id='word_1_468' title='bbox 3315 2580 3848 2652; x_wconf 23' lang='lat' dir='ltr'><strong>Theophanestrui</strong></span> 
     </span>
    </p>
   </div>
   <div class='ocr_carea' id='block_1_69' title="bbox 2217 2649 3850 2723">
    <p class='ocr_par' dir='ltr' id='par_1_69' title="bbox 2217 2649 3850 2723">
     <span class='ocr_line' id='line_1_70' title="bbox 2217 2649 3850 2723; baseline 0.002 -19"><span class='ocrx_word' id='word_1_469' title='bbox 2217 2649 2386 2706; x_wconf 90' lang='lat' dir='ltr'><strong>etiam</strong></span> <span class='ocrx_word' id='word_1_470' title='bbox 2429 2649 2695 2723; x_wconf 79' lang='lat' dir='ltr'><strong>Zonaras,</strong></span> <span class='ocrx_word' id='word_1_471' title='bbox 2730 2650 3270 2723; x_wconf 18' lang='lat' dir='ltr'><strong>cedrenustaliique</strong></span> <span class='ocrx_word' id='word_1_472' title='bbox 3322 2649 3633 2723; x_wconf 75' lang='lat' dir='ltr'><strong>scriptores</strong></span> <span class='ocrx_word' id='word_1_473' title='bbox 3661 2651 3850 2709; x_wconf 74' lang='lat' dir='ltr'><strong>suffra-</strong></span> 
     </span>
    </p>
   </div>
   <div class='ocr_carea' id='block_1_70' title="bbox 2216 2721 3852 2848">
    <p class='ocr_par' dir='ltr' id='par_1_70' title="bbox 2216 2721 3852 2848">
     <span class='ocr_line' id='line_1_71' title="bbox 2216 2721 3852 2848; baseline 0.002 -74"><span class='ocrx_word' id='word_1_474' title='bbox 2216 2731 2446 2848; x_wconf 61' lang='lat' dir='ltr'><strong>gantur,</strong></span> <span class='ocrx_word' id='word_1_475' title='bbox 2510 2721 2700 2777; x_wconf 81' lang='lat' dir='ltr'><strong>verbis</strong></span> <span class='ocrx_word' id='word_1_476' title='bbox 2761 2721 2882 2792; x_wconf 88' lang='lat' dir='ltr'><strong>jam</strong></span> <span class='ocrx_word' id='word_1_477' title='bbox 2940 2721 3091 2804; x_wconf 41' lang='lat' dir='ltr'><strong>datis.</strong></span> <span class='ocrx_word' id='word_1_478' title='bbox 3153 2721 3363 2804; x_wconf 78' lang='lat' dir='ltr'><strong>diserte</strong></span> <span class='ocrx_word' id='word_1_479' title='bbox 3442 2721 3645 2792; x_wconf 78' lang='lat' dir='ltr'><strong>tradat,</strong></span> <span class='ocrx_word' id='word_1_480' title='bbox 3709 2739 3852 2779; x_wconf 85' lang='lat' dir='ltr'><strong>eam-</strong></span> 
     </span>
     <span class='ocr_line' id='line_1_72' title="bbox 2255 2791 3849 2848; baseline 0 0"><span class='ocrx_word' id='word_1_481' title='bbox 2255 2807 2344 2848; x_wconf 85' lang='lat' dir='ltr'><strong>em</strong></span> <span class='ocrx_word' id='word_1_482' title='bbox 2393 2799 2582 2848; x_wconf 89' lang='lat' dir='ltr'><strong>tamen</strong></span> <span class='ocrx_word' id='word_1_483' title='bbox 2639 2801 2850 2848; x_wconf 79' lang='lat' dir='ltr'><strong>sortem</strong></span> <span class='ocrx_word' id='word_1_484' title='bbox 2909 2791 3126 2848; x_wconf 79' lang='lat' dir='ltr'><strong>Sclavis</strong></span> <span class='ocrx_word' id='word_1_485' title='bbox 3190 2793 3464 2848; x_wconf 82' lang='lat' dir='ltr'><strong>omnibus</strong></span> <span class='ocrx_word' id='word_1_486' title='bbox 3528 2811 3557 2848; x_wconf 88' lang='lat' dir='ltr'><strong>a</strong></span> <span class='ocrx_word' id='word_1_487' title='bbox 3624 2795 3849 2848; x_wconf 87' lang='lat' dir='ltr'><strong>Thessa-</strong></span> 
     </span>
    </p>
   </div>
   <div class='ocr_carea' id='block_1_71' title="bbox 2255 2791 3849 2851">
    <p class='ocr_par' dir='ltr' id='par_1_71' title="bbox 2255 2791 3849 2851">
     <span class='ocr_line' id='line_1_73' title="bbox 2255 2791 3849 2851; baseline 0.001 -3"><span class='ocrx_word' id='word_1_488' title='bbox 2255 2807 2344 2848; x_wconf 85' lang='lat' dir='ltr'><strong>em</strong></span> <span class='ocrx_word' id='word_1_489' title='bbox 2393 2799 2582 2848; x_wconf 89' lang='lat' dir='ltr'><strong>tamen</strong></span> <span class='ocrx_word' id='word_1_490' title='bbox 2639 2791 2850 2849; x_wconf 79' lang='lat' dir='ltr'><strong>sortem</strong></span> <span class='ocrx_word' id='word_1_491' title='bbox 2909 2791 3126 2850; x_wconf 89' lang='lat' dir='ltr'><strong>Sclavis</strong></span> <span class='ocrx_word' id='word_1_492' title='bbox 3190 2793 3464 2851; x_wconf 88' lang='lat' dir='ltr'><strong>omnibus</strong></span> <span class='ocrx_word' id='word_1_493' title='bbox 3528 2811 3557 2851; x_wconf 90' lang='lat' dir='ltr'><strong>a</strong></span> <span class='ocrx_word' id='word_1_494' title='bbox 3624 2791 3849 2851; x_wconf 84' lang='lat' dir='ltr'><strong>Thessa-</strong></span> 
     </span>
    </p>
   </div>
   <div class='ocr_carea' id='block_1_72' title="bbox 2217 2862 3854 2932">
    <p class='ocr_par' dir='ltr' id='par_1_72' title="bbox 2217 2862 3854 2932">
     <span class='ocr_line' id='line_1_74' title="bbox 2217 2862 3854 2932; baseline 0.002 -14"><span class='ocrx_word' id='word_1_495' title='bbox 2217 2863 2400 2920; x_wconf 89' lang='lat' dir='ltr'><strong>lonica</strong></span> <span class='ocrx_word' id='word_1_496' title='bbox 2461 2862 2616 2920; x_wconf 84' lang='lat' dir='ltr'><strong>haud</strong></span> <span class='ocrx_word' id='word_1_497' title='bbox 2669 2864 2868 2932; x_wconf 91' lang='lat' dir='ltr'><strong>procul</strong></span> <span class='ocrx_word' id='word_1_498' title='bbox 2927 2864 3314 2922; x_wconf 75' lang='lat' dir='ltr'><strong>habitantibus</strong></span> <span class='ocrx_word' id='word_1_499' title='bbox 3372 2866 3854 2931; x_wconf 86' lang='lat' dir='ltr'><strong>obvenisse,nus—</strong></span> 
     </span>
    </p>
   </div>
   <div class='ocr_carea' id='block_1_73' title="bbox 2217 2933 3852 3007">
    <p class='ocr_par' dir='ltr' id='par_1_73' title="bbox 2217 2933 3852 3007">
     <span class='ocr_line' id='line_1_75' title="bbox 2217 2933 3852 3007; baseline 0.002 -18"><span class='ocrx_word' id='word_1_500' title='bbox 2217 2936 2369 3007; x_wconf 80' lang='lat' dir='ltr'><strong>piam</strong></span> <span class='ocrx_word' id='word_1_501' title='bbox 2426 2933 2687 2991; x_wconf 82' lang='lat' dir='ltr'><strong>afﬁrmat.</strong></span> <span class='ocrx_word' id='word_1_502' title='bbox 2738 2934 2808 2992; x_wconf 91' lang='lat' dir='ltr'><strong>Et</strong></span> <span class='ocrx_word' id='word_1_503' title='bbox 2847 2950 2978 2992; x_wconf 89' lang='lat' dir='ltr'><strong>vero</strong></span> <span class='ocrx_word' id='word_1_504' title='bbox 3025 2934 3257 2992; x_wconf 90' lang='lat' dir='ltr'><strong>Sclavos</strong></span> <span class='ocrx_word' id='word_1_505' title='bbox 3303 2935 3497 2994; x_wconf 90' lang='lat' dir='ltr'><strong>adhuc</strong></span> <span class='ocrx_word' id='word_1_506' title='bbox 3550 2939 3852 3007; x_wconf 87' lang='lat' dir='ltr'><strong>imperante</strong></span> 
     </span>
    </p>
   </div>
   <div class='ocr_carea' id='block_1_74' title="bbox 2215 3005 3851 3077">
    <p class='ocr_par' dir='ltr' id='par_1_74' title="bbox 2215 3005 3851 3077">
     <span class='ocr_line' id='line_1_76' title="bbox 2215 3005 3851 3077; baseline 0 -15"><span class='ocrx_word' id='word_1_507' title='bbox 2215 3005 2382 3062; x_wconf 89' lang='lat' dir='ltr'><strong>Irene</strong></span> <span class='ocrx_word' id='word_1_508' title='bbox 2429 3019 2546 3077; x_wconf 25' lang='lat' dir='ltr'><strong>seut</strong></span> <span class='ocrx_word' id='word_1_509' title='bbox 2591 3007 2796 3062; x_wconf 84' lang='lat' dir='ltr'><strong>saeculo</strong></span> <span class='ocrx_word' id='word_1_510' title='bbox 2831 3015 3054 3077; x_wconf 80' lang='lat' dir='ltr'><strong>octavo</strong></span> <span class='ocrx_word' id='word_1_511' title='bbox 3106 3019 3471 3077; x_wconf 86' lang='lat' dir='ltr'><strong>senescente,</strong></span> <span class='ocrx_word' id='word_1_512' title='bbox 3505 3005 3667 3065; x_wconf 81' lang='lat' dir='ltr'><strong>sedes</strong></span> <span class='ocrx_word' id='word_1_513' title='bbox 3714 3008 3851 3064; x_wconf 77' lang='lat' dir='ltr'><strong>haud</strong></span> 
     </span>
    </p>
   </div>
   <div class='ocr_carea' id='block_1_75' title="bbox 2217 3075 3852 3151">
    <p class='ocr_par' dir='ltr' id='par_1_75' title="bbox 2217 3075 3852 3151">
     <span class='ocr_line' id='line_1_77' title="bbox 2217 3075 3852 3151; baseline 0 -18"><span class='ocrx_word' id='word_1_514' title='bbox 2217 3077 2418 3151; x_wconf 86' lang='lat' dir='ltr'><strong>procul</strong></span> <span class='ocrx_word' id='word_1_515' title='bbox 2451 3091 2481 3132; x_wconf 94' lang='lat' dir='ltr'><strong>a</strong></span> <span class='ocrx_word' id='word_1_516' title='bbox 2504 3075 2912 3151; x_wconf 70' lang='lat' dir='ltr'><strong>Thessalonica</strong></span> <span class='ocrx_word' id='word_1_517' title='bbox 2945 3076 3230 3151; x_wconf 84' lang='lat' dir='ltr'><strong>habuisse,</strong></span> <span class='ocrx_word' id='word_1_518' title='bbox 3254 3094 3326 3135; x_wconf 80' lang='lat' dir='ltr'><strong>ex</strong></span> <span class='ocrx_word' id='word_1_519' title='bbox 3347 3081 3433 3151; x_wconf 73' lang='lat' dir='ltr'><strong>iis</strong></span> <span class='ocrx_word' id='word_1_520' title='bbox 3455 3075 3576 3151; x_wconf 70' lang='lat' dir='ltr'><strong>quae</strong></span> <span class='ocrx_word' id='word_1_521' title='bbox 3607 3080 3672 3136; x_wconf 89' lang='lat' dir='ltr'><strong>de</strong></span> <span class='ocrx_word' id='word_1_522' title='bbox 3694 3079 3852 3136; x_wconf 82' lang='lat' dir='ltr'><strong>rebus</strong></span> 
     </span>
    </p>
   </div>
   <div class='ocr_carea' id='block_1_76' title="bbox 2217 3146 3855 3222">
    <p class='ocr_par' dir='ltr' id='par_1_76' title="bbox 2217 3146 3855 3222">
     <span class='ocr_line' id='line_1_78' title="bbox 2217 3146 3855 3222; baseline 0.001 -18"><span class='ocrx_word' id='word_1_523' title='bbox 2217 3146 2325 3205; x_wconf 81' lang='lat' dir='ltr'><strong>sub</strong></span> <span class='ocrx_word' id='word_1_524' title='bbox 2352 3150 2736 3222; x_wconf 18' lang='lat' dir='ltr'><strong>timperatt‘ice</strong></span> <span class='ocrx_word' id='word_1_525' title='bbox 2763 3146 2858 3222; x_wconf 91' lang='lat' dir='ltr'><strong>illa</strong></span> <span class='ocrx_word' id='word_1_526' title='bbox 2909 3151 3104 3220; x_wconf 78' lang='lat' dir='ltr'><strong>gestis,</strong></span> <span class='ocrx_word' id='word_1_527' title='bbox 3141 3150 3289 3222; x_wconf 83' lang='lat' dir='ltr'><strong>idem</strong></span> <span class='ocrx_word' id='word_1_528' title='bbox 3342 3146 3719 3222; x_wconf 81' lang='lat' dir='ltr'><strong>Theophanes</strong></span> <span class='ocrx_word' id='word_1_529' title='bbox 3748 3165 3855 3206; x_wconf 88' lang='lat' dir='ltr'><strong>me-</strong></span> 
     </span>
    </p>
   </div>
   <div class='ocr_carea' id='block_1_77' title="bbox 486 3218 3853 3297">
    <p class='ocr_par' dir='ltr' id='par_1_77' title="bbox 486 3218 3853 3297">
     <span class='ocr_line' id='line_1_79' title="bbox 486 3218 3853 3297; baseline -0.001 -18"><span class='ocrx_word' id='word_1_530' title='bbox 486 3218 685 3297; x_wconf 76' lang='lat' dir='ltr'><strong>inuitis</strong></span> <span class='ocrx_word' id='word_1_531' title='bbox 715 3218 815 3283; x_wconf 80' lang='lat' dir='ltr'><strong>sui</strong></span> <span class='ocrx_word' id='word_1_532' title='bbox 840 3218 1440 3297; x_wconf 61' lang='lat' dir='ltr'><strong>partibustem&#39;porum</strong></span> <span class='ocrx_word' id='word_1_533' title='bbox 1467 3218 2418 3297; x_wconf 41' lang='lat' dir='ltr'><strong>infortunio’mutilat&#39;umcmorite</strong></span> <span class='ocrx_word' id='word_1_534' title='bbox 2468 3218 2706 3297; x_wconf 72' lang='lat' dir='ltr'><strong>_pro_dit,</strong></span> <span class='ocrx_word' id='word_1_535' title='bbox 2767 3220 2846 3276; x_wconf 90' lang='lat' dir='ltr'><strong>fas</strong></span> <span class='ocrx_word' id='word_1_536' title='bbox 2904 3218 2989 3278; x_wconf 81' lang='lat' dir='ltr'><strong>est</strong></span> <span class='ocrx_word' id='word_1_537' title='bbox 3015 3221 3366 3297; x_wconf 84' lang='lat' dir='ltr'><strong>__colligore._</strong></span> <span class='ocrx_word' id='word_1_538' title='bbox 3434 3218 3594 3293; x_wconf 79' lang='lat' dir='ltr'><strong>Audi,</strong></span> <span class='ocrx_word' id='word_1_539' title='bbox 3653 3224 3744 3294; x_wconf 90' lang='lat' dir='ltr'><strong>qui</strong></span> <span class='ocrx_word' id='word_1_540' title='bbox 3792 3222 3853 3277; x_wconf 90' lang='lat' dir='ltr'><strong>ad</strong></span> 
     </span>
    </p>
   </div>
   <div class='ocr_carea' id='block_1_78' title="bbox 483 3294 2136 3364">
    <p class='ocr_par' dir='ltr' id='par_1_78' title="bbox 483 3294 2136 3364">
     <span class='ocr_line' id='line_1_80' title="bbox 483 3294 2136 3364; baseline 0 -13"><span class='ocrx_word' id='word_1_541' title='bbox 483 3296 703 3363; x_wconf 82' lang='lat' dir='ltr'><strong>fuisset,</strong></span> <span class='ocrx_word' id='word_1_542' title='bbox 734 3294 857 3354; x_wconf 76' lang='lat' dir='ltr'><strong>erat</strong></span> <span class='ocrx_word' id='word_1_543' title='bbox 905 3297 1172 3362; x_wconf 90' lang='lat' dir='ltr'><strong>divisum,</strong></span> <span class='ocrx_word' id='word_1_544' title='bbox 1209 3294 1333 3354; x_wconf 76' lang='lat' dir='ltr'><strong>luco</strong></span> <span class='ocrx_word' id='word_1_545' title='bbox 1367 3294 1530 3352; x_wconf 87' lang='lat' dir='ltr'><strong>tertio</strong></span> <span class='ocrx_word' id='word_1_546' title='bbox 1587 3296 1890 3364; x_wconf 89' lang='lat' dir='ltr'><strong>recensita,</strong></span> <span class='ocrx_word' id='word_1_547' title='bbox 1923 3294 2136 3351; x_wconf 81' lang='lat' dir='ltr'><strong>veroal-</strong></span> 
     </span>
    </p>
   </div>
   <div class='ocr_carea' id='block_1_79' title="bbox 483 3364 2134 3436">
    <p class='ocr_par' dir='ltr' id='par_1_79' title="bbox 483 3364 2134 3436">
     <span class='ocr_line' id='line_1_81' title="bbox 483 3364 2134 3436; baseline 0 -13"><span class='ocrx_word' id='word_1_548' title='bbox 483 3368 746 3431; x_wconf 86' lang='lat' dir='ltr'><strong>millime.</strong></span> <span class='ocrx_word' id='word_1_549' title='bbox 777 3383 851 3426; x_wconf 84' lang='lat' dir='ltr'><strong>no</strong></span> <span class='ocrx_word' id='word_1_550' title='bbox 891 3367 1077 3424; x_wconf 89' lang='lat' dir='ltr'><strong>dicam</strong></span> <span class='ocrx_word' id='word_1_551' title='bbox 1130 3365 1365 3422; x_wconf 85' lang='lat' dir='ltr'><strong>indubia</strong></span> <span class='ocrx_word' id='word_1_552' title='bbox 1419 3365 1756 3436; x_wconf 87' lang='lat' dir='ltr'><strong>adjacuerit,</strong></span> <span class='ocrx_word' id='word_1_553' title='bbox 1789 3380 1897 3422; x_wconf 90' lang='lat' dir='ltr'><strong>nec</strong></span> <span class='ocrx_word' id='word_1_554' title='bbox 1936 3364 2134 3423; x_wconf 90' lang='lat' dir='ltr'><strong>dubito</strong></span> 
     </span>
    </p>
   </div>
   <div class='ocr_carea' id='block_1_80' title="bbox 485 3437 2137 3508">
    <p class='ocr_par' dir='ltr' id='par_1_80' title="bbox 485 3437 2137 3508">
     <span class='ocr_line' id='line_1_82' title="bbox 485 3437 2137 3508; baseline 0 -14"><span class='ocrx_word' id='word_1_555' title='bbox 485 3437 680 3503; x_wconf 90' lang='lat' dir='ltr'><strong>etiam,</strong></span> <span class='ocrx_word' id='word_1_556' title='bbox 704 3441 844 3508; x_wconf 89' lang='lat' dir='ltr'><strong>quin</strong></span> <span class='ocrx_word' id='word_1_557' title='bbox 876 3439 1059 3495; x_wconf 88' lang='lat' dir='ltr'><strong>Sclavi</strong></span> <span class='ocrx_word' id='word_1_558' title='bbox 1089 3437 1420 3508; x_wconf 77' lang='lat' dir='ltr'><strong>Strymonii,</strong></span> <span class='ocrx_word' id='word_1_559' title='bbox 1457 3437 1762 3508; x_wconf 18' lang='lat' dir='ltr'><strong>detqutbus</strong></span> <span class='ocrx_word' id='word_1_560' title='bbox 1803 3439 1893 3492; x_wconf 91' lang='lat' dir='ltr'><strong>hic</strong></span> <span class='ocrx_word' id='word_1_561' title='bbox 1936 3446 2137 3494; x_wconf 88' lang='lat' dir='ltr'><strong>auctor</strong></span> 
     </span>
    </p>
   </div>
   <div class='ocr_carea' id='block_1_81' title="bbox 485 3506 2134 3580">
    <p class='ocr_par' dir='ltr' id='par_1_81' title="bbox 485 3506 2134 3580">
     <span class='ocr_line' id='line_1_83' title="bbox 485 3506 2134 3580; baseline -0.001 -17"><span class='ocrx_word' id='word_1_562' title='bbox 485 3518 683 3580; x_wconf 82' lang='lat' dir='ltr'><strong>noster</strong></span> <span class='ocrx_word' id='word_1_563' title='bbox 723 3506 1057 3580; x_wconf 44' lang='lat' dir='ltr'><strong>‘anonymus</strong></span> <span class='ocrx_word' id='word_1_564' title='bbox 1088 3509 1157 3564; x_wconf 90' lang='lat' dir='ltr'><strong>ad</strong></span> <span class='ocrx_word' id='word_1_565' title='bbox 1205 3506 1440 3580; x_wconf 82' lang='lat' dir='ltr'><strong>ﬂuvium</strong></span> <span class='ocrx_word' id='word_1_566' title='bbox 1494 3506 1678 3571; x_wconf 85' lang='lat' dir='ltr'><strong>illum.</strong></span> <span class='ocrx_word' id='word_1_567' title='bbox 1721 3523 1821 3564; x_wconf 87' lang='lat' dir='ltr'><strong>seu</strong></span> <span class='ocrx_word' id='word_1_568' title='bbox 1881 3510 1939 3564; x_wconf 94' lang='lat' dir='ltr'><strong>in</strong></span> <span class='ocrx_word' id='word_1_569' title='bbox 2001 3521 2134 3564; x_wconf 86' lang='lat' dir='ltr'><strong>mox</strong></span> 
     </span>
    </p>
   </div>
   <div class='ocr_carea' id='block_1_82' title="bbox 488 3579 2128 3650">
    <p class='ocr_par' dir='ltr' id='par_1_82' title="bbox 488 3579 2128 3650">
     <span class='ocr_line' id='line_1_84' title="bbox 488 3579 2128 3650; baseline 0.001 -16"><span class='ocrx_word' id='word_1_570' title='bbox 488 3579 662 3649; x_wconf 85' lang='lat' dir='ltr'><strong>dicta,</strong></span> <span class='ocrx_word' id='word_1_571' title='bbox 699 3594 822 3650; x_wconf 86' lang='lat' dir='ltr'><strong>quae</strong></span> <span class='ocrx_word' id='word_1_572' title='bbox 857 3579 926 3635; x_wconf 84' lang='lat' dir='ltr'><strong>ad</strong></span> <span class='ocrx_word' id='word_1_573' title='bbox 963 3594 1092 3636; x_wconf 91' lang='lat' dir='ltr'><strong>eum</strong></span> <span class='ocrx_word' id='word_1_574' title='bbox 1153 3580 1256 3634; x_wconf 87' lang='lat' dir='ltr'><strong>sita</strong></span> <span class='ocrx_word' id='word_1_575' title='bbox 1297 3579 1488 3644; x_wconf 88' lang='lat' dir='ltr'><strong>fuerit,</strong></span> <span class='ocrx_word' id='word_1_576' title='bbox 1547 3579 1768 3650; x_wconf 88' lang='lat' dir='ltr'><strong>imperii</strong></span> <span class='ocrx_word' id='word_1_577' title='bbox 1808 3579 2128 3649; x_wconf 90' lang='lat' dir='ltr'><strong>provincia.</strong></span> 
     </span>
    </p>
   </div>
   <div class='ocr_carea' id='block_1_83' title="bbox 487 3651 2133 3720">
    <p class='ocr_par' dir='ltr' id='par_1_83' title="bbox 487 3651 2133 3720">
     <span class='ocr_line' id='line_1_85' title="bbox 487 3651 2133 3720; baseline 0 -13"><span class='ocrx_word' id='word_1_578' title='bbox 487 3652 650 3707; x_wconf 88' lang='lat' dir='ltr'><strong>sedes</strong></span> <span class='ocrx_word' id='word_1_579' title='bbox 689 3651 1019 3715; x_wconf 84' lang='lat' dir='ltr'><strong>habuerint,</strong></span> <span class='ocrx_word' id='word_1_580' title='bbox 1051 3665 1182 3707; x_wconf 92' lang='lat' dir='ltr'><strong>cum</strong></span> <span class='ocrx_word' id='word_1_581' title='bbox 1222 3665 1308 3713; x_wconf 91' lang='lat' dir='ltr'><strong>ea,</strong></span> <span class='ocrx_word' id='word_1_582' title='bbox 1342 3664 1464 3720; x_wconf 64' lang='lat' dir='ltr'><strong>qua</strong></span> <span class='ocrx_word' id='word_1_583' title='bbox 1512 3663 1637 3720; x_wconf 74' lang='lat' dir='ltr'><strong>cap.</strong></span> <span class='ocrx_word' id='word_1_584' title='bbox 1674 3652 1927 3717; x_wconf 70' lang='lat' dir='ltr'><strong>praesenti</strong></span> <span class='ocrx_word' id='word_1_585' title='bbox 1994 3664 2133 3707; x_wconf 89' lang='lat' dir='ltr'><strong>nar-</strong></span> 
     </span>
    </p>
   </div>
   <div class='ocr_carea' id='block_1_84' title="bbox 407 3719 2132 3793">
    <p class='ocr_par' dir='ltr' id='par_1_84' title="bbox 407 3719 2132 3793">
     <span class='ocr_line' id='line_1_86' title="bbox 407 3719 2132 3793; baseline 0 -15"><span class='ocrx_word' id='word_1_586' title='bbox 407 3725 409 3731; x_wconf 85' lang='lat'>‘</span> <span class='ocrx_word' id='word_1_587' title='bbox 482 3731 710 3790; x_wconf 86' lang='lat' dir='ltr'><strong>rantur,</strong></span> <span class='ocrx_word' id='word_1_588' title='bbox 739 3736 1001 3779; x_wconf 89' lang='lat' dir='ltr'><strong>evenere.</strong></span> <span class='ocrx_word' id='word_1_589' title='bbox 1045 3722 1124 3793; x_wconf 87' lang='lat' dir='ltr'><strong>Ea</strong></span> <span class='ocrx_word' id='word_1_590' title='bbox 1179 3719 1700 3786; x_wconf 38' lang='lat' dir='ltr'><strong>sedet’sententia,</strong></span> <span class='ocrx_word' id='word_1_591' title='bbox 1759 3722 1912 3793; x_wconf 92' lang='lat' dir='ltr'><strong>quod</strong></span> <span class='ocrx_word' id='word_1_592' title='bbox 1972 3729 2132 3793; x_wconf 89' lang='lat' dir='ltr'><strong>tunc.</strong></span> 
     </span>
    </p>
   </div>
   <div class='ocr_carea' id='block_1_85' title="bbox 486 3792 2134 3863">
    <p class='ocr_par' dir='ltr' id='par_1_85' title="bbox 486 3792 2134 3863">
     <span class='ocr_line' id='line_1_87' title="bbox 486 3792 2134 3863; baseline 0 -13"><span class='ocrx_word' id='word_1_593' title='bbox 486 3795 602 3863; x_wconf 78' lang='lat' dir='ltr'><strong>imo</strong></span> <span class='ocrx_word' id='word_1_594' title='bbox 632 3795 801 3850; x_wconf 91' lang='lat' dir='ltr'><strong>etiam</strong></span> <span class='ocrx_word' id='word_1_595' title='bbox 851 3794 1040 3859; x_wconf 86' lang='lat' dir='ltr'><strong>citius,</strong></span> <span class='ocrx_word' id='word_1_596' title='bbox 1074 3792 1196 3850; x_wconf 89' lang='lat' dir='ltr'><strong>loca</strong></span> <span class='ocrx_word' id='word_1_597' title='bbox 1227 3806 1342 3848; x_wconf 91' lang='lat' dir='ltr'><strong>non</strong></span> <span class='ocrx_word' id='word_1_598' title='bbox 1372 3805 1571 3862; x_wconf 86' lang='lat' dir='ltr'><strong>pauca.</strong></span> <span class='ocrx_word' id='word_1_599' title='bbox 1606 3809 1636 3848; x_wconf 92' lang='lat' dir='ltr'><strong>a</strong></span> <span class='ocrx_word' id='word_1_600' title='bbox 1696 3792 1922 3850; x_wconf 71' lang='lat' dir='ltr'><strong>civitate</strong></span> <span class='ocrx_word' id='word_1_601' title='bbox 1955 3792 2134 3850; x_wconf 85' lang='lat' dir='ltr'><strong>Thes-</strong></span> 
     </span>
    </p>
   </div>
   <div class='ocr_carea' id='block_1_86' title="bbox 487 3863 2135 3935">
    <p class='ocr_par' dir='ltr' id='par_1_86' title="bbox 487 3863 2135 3935">
     <span class='ocr_line' id='line_1_88' title="bbox 487 3863 2135 3935; baseline 0 -14"><span class='ocrx_word' id='word_1_602' title='bbox 487 3864 832 3921; x_wconf 87' lang='lat' dir='ltr'><strong>salonicensi</strong></span> <span class='ocrx_word' id='word_1_603' title='bbox 893 3864 1044 3921; x_wconf 91' lang='lat' dir='ltr'><strong>haud</strong></span> <span class='ocrx_word' id='word_1_604' title='bbox 1083 3863 1288 3935; x_wconf 92' lang='lat' dir='ltr'><strong>procul</strong></span> <span class='ocrx_word' id='word_1_605' title='bbox 1324 3863 1630 3920; x_wconf 87' lang='lat' dir='ltr'><strong>admodum</strong></span> <span class='ocrx_word' id='word_1_606' title='bbox 1671 3875 1909 3927; x_wconf 88' lang='lat' dir='ltr'><strong>remota,</strong></span> <span class='ocrx_word' id='word_1_607' title='bbox 1950 3863 2135 3921; x_wconf 73' lang='lat' dir='ltr'><strong>Sclavi</strong></span> 
     </span>
    </p>
   </div>
   <div class='ocr_carea' id='block_1_87' title="bbox 490 3935 2138 4007">
    <p class='ocr_par' dir='ltr' id='par_1_87' title="bbox 490 3935 2138 4007">
     <span class='ocr_line' id='line_1_89' title="bbox 490 3935 2138 4007; baseline -0.001 -15"><span class='ocrx_word' id='word_1_608' title='bbox 490 3937 866 4007; x_wconf 77' lang='lat' dir='ltr'><strong>occuparint;</strong></span> <span class='ocrx_word' id='word_1_609' title='bbox 917 3935 1068 4007; x_wconf 92' lang='lat' dir='ltr'><strong>quod</strong></span> <span class='ocrx_word' id='word_1_610' title='bbox 1101 3937 1256 3990; x_wconf 91' lang='lat' dir='ltr'><strong>hunc</strong></span> <span class='ocrx_word' id='word_1_611' title='bbox 1314 3935 1384 4007; x_wconf 93' lang='lat' dir='ltr'><strong>in_</strong></span> <span class='ocrx_word' id='word_1_612' title='bbox 1414 3935 1646 4007; x_wconf 90' lang='lat' dir='ltr'><strong>modum</strong></span> <span class='ocrx_word' id='word_1_613' title='bbox 1681 3935 1962 4007; x_wconf 75' lang='lat' dir='ltr'><strong>ostendo.</strong></span> <span class='ocrx_word' id='word_1_614' title='bbox 1991 3935 2138 3992; x_wconf 87' lang='lat' dir='ltr'><strong>Con-</strong></span> 
     </span>
    </p>
   </div>
   <div class='ocr_carea' id='block_1_88' title="bbox 491 4005 2131 4079">
    <p class='ocr_par' dir='ltr' id='par_1_88' title="bbox 491 4005 2131 4079">
     <span class='ocr_line' id='line_1_90' title="bbox 491 4005 2131 4079; baseline 0.001 -17"><span class='ocrx_word' id='word_1_615' title='bbox 491 4005 775 4063; x_wconf 87' lang='lat' dir='ltr'><strong>stantinus</strong></span> <span class='ocrx_word' id='word_1_616' title='bbox 816 4005 1346 4079; x_wconf 70' lang='lat' dir='ltr'><strong>Borphyrogenitus</strong></span> <span class='ocrx_word' id='word_1_617' title='bbox 1373 4005 1671 4079; x_wconf 78' lang='lat' dir='ltr'><strong>laudatus,_</strong></span> <span class='ocrx_word' id='word_1_618' title='bbox 1691 4006 1764 4061; x_wconf 81' lang='lat' dir='ltr'><strong>De</strong></span> <span class='ocrx_word' id='word_1_619' title='bbox 1812 4005 2131 4079; x_wconf 68' lang='lat' dir='ltr'><strong>administr.</strong></span> 
     </span>
    </p>
   </div>
   <div class='ocr_carea' id='block_1_89' title="bbox 491 4077 2133 4148">
    <p class='ocr_par' dir='ltr' id='par_1_89' title="bbox 491 4077 2133 4148">
     <span class='ocr_line' id='line_1_91' title="bbox 491 4077 2133 4148; baseline 0.002 -17"><span class='ocrx_word' id='word_1_620' title='bbox 491 4079 626 4148; x_wconf 80' lang='lat' dir='ltr'><strong>imp.</strong></span> <span class='ocrx_word' id='word_1_621' title='bbox 667 4092 792 4147; x_wconf 90' lang='lat' dir='ltr'><strong>cap.</strong></span> <span class='ocrx_word' id='word_1_622' title='bbox 838 4077 1030 4141; x_wconf 39' lang='lat' dir='ltr'><strong>32,’de‘</strong></span> <span class='ocrx_word' id='word_1_623' title='bbox 1081 4077 1287 4142; x_wconf 87' lang='lat' dir='ltr'><strong>Servis,</strong></span> <span class='ocrx_word' id='word_1_624' title='bbox 1323 4077 1421 4147; x_wconf 92' lang='lat' dir='ltr'><strong>qui</strong></span> <span class='ocrx_word' id='word_1_625' title='bbox 1473 4091 1613 4148; x_wconf 86' lang='lat' dir='ltr'><strong>gens</strong></span> <span class='ocrx_word' id='word_1_626' title='bbox 1641 4077 1894 4134; x_wconf 85' lang='lat' dir='ltr'><strong>Sclavico</strong></span> <span class='ocrx_word' id='word_1_627' title='bbox 1949 4089 2133 4142; x_wconf 90' lang='lat' dir='ltr'><strong>erant.</strong></span> 
     </span>
    </p>
   </div>
   <div class='ocr_carea' id='block_1_90' title="bbox 495 4148 2138 4219">
    <p class='ocr_par' dir='ltr' id='par_1_90' title="bbox 495 4148 2138 4219">
     <span class='ocr_line' id='line_1_92' title="bbox 495 4148 2138 4219; baseline 0.002 -17"><span class='ocrx_word' id='word_1_628' title='bbox 495 4150 576 4203; x_wconf 87' lang='lat' dir='ltr'><strong>sic</strong></span> <span class='ocrx_word' id='word_1_629' title='bbox 623 4149 823 4205; x_wconf 89' lang='lat' dir='ltr'><strong>scribit</strong></span> <span class='ocrx_word' id='word_1_630' title='bbox 855 4169 868 4202; x_wconf 90' lang='lat'><strong>:</strong></span> <span class='ocrx_word' id='word_1_631' title='bbox 909 4170 930 4200; x_wconf 78' lang='grc' dir='ltr'><strong>σ</strong></span> <span class='ocrx_word' id='word_1_632' title='bbox 964 4149 1518 4219; x_wconf 23' lang='grc' dir='ltr'><strong>Ρτὶηοὶρθιιιλδιιιρω</strong></span> <span class='ocrx_word' id='word_1_633' title='bbox 1549 4148 1756 4205; x_wconf 70' lang='lat' dir='ltr'><strong>Servite</strong></span> <span class='ocrx_word' id='word_1_634' title='bbox 1793 4165 1823 4205; x_wconf 90' lang='lat' dir='ltr'><strong>a</strong></span> <span class='ocrx_word' id='word_1_635' title='bbox 1857 4158 2017 4219; x_wconf 89' lang='lat' dir='ltr'><strong>patre</strong></span> <span class='ocrx_word' id='word_1_636' title='bbox 2065 4149 2138 4205; x_wconf 91' lang='lat' dir='ltr'><strong>ad</strong></span> 
     </span>
    </p>
   </div>
   <div class='ocr_carea' id='block_1_91' title="bbox 496 4217 2138 4290">
    <p class='ocr_par' dir='ltr' id='par_1_91' title="bbox 496 4217 2138 4290">
     <span class='ocr_line' id='line_1_93' title="bbox 496 4217 2138 4290; baseline 0 -14"><span class='ocrx_word' id='word_1_637' title='bbox 496 4220 640 4277; x_wconf 89' lang='lat' dir='ltr'><strong>duos</strong></span> <span class='ocrx_word' id='word_1_638' title='bbox 692 4219 895 4276; x_wconf 86' lang='lat' dir='ltr'><strong>fratres</strong></span> <span class='ocrx_word' id='word_1_639' title='bbox 921 4217 1232 4290; x_wconf 18' lang='lat' dir='ltr'><strong>&quot;devoluto,</strong></span> <span class='ocrx_word' id='word_1_640' title='bbox 1265 4217 1408 4275; x_wconf 85' lang='lat' dir='ltr'><strong>alter</strong></span> <span class='ocrx_word' id='word_1_641' title='bbox 1460 4227 1681 4290; x_wconf 90' lang='lat' dir='ltr'><strong>sumpta</strong></span> <span class='ocrx_word' id='word_1_642' title='bbox 1731 4217 1927 4290; x_wconf 82' lang='lat' dir='ltr'><strong>populi</strong></span> <span class='ocrx_word' id='word_1_643' title='bbox 1979 4229 2138 4289; x_wconf 87' lang='lat' dir='ltr'><strong>parte</strong></span> 
     </span>
    </p>
   </div>
   <div class='ocr_carea' id='block_1_92' title="bbox 494 4289 2136 4362">
    <p class='ocr_par' dir='ltr' id='par_1_92' title="bbox 494 4289 2136 4362">
     <span class='ocr_line' id='line_1_94' title="bbox 494 4289 2136 4362; baseline 0.001 -16"><span class='ocrx_word' id='word_1_644' title='bbox 494 4290 750 4356; x_wconf 92' lang='lat' dir='ltr'><strong>dimidia,</strong></span> <span class='ocrx_word' id='word_1_645' title='bbox 789 4291 859 4347; x_wconf 92' lang='lat' dir='ltr'><strong>ad</strong></span> <span class='ocrx_word' id='word_1_646' title='bbox 915 4289 1299 4348; x_wconf 79' lang='lat' dir='ltr'><strong>Romanorum</strong></span> <span class='ocrx_word' id='word_1_647' title='bbox 1353 4289 1754 4362; x_wconf 79' lang='lat' dir='ltr'><strong>imperatorem</strong></span> <span class='ocrx_word' id='word_1_648' title='bbox 1810 4289 2136 4348; x_wconf 84' lang='lat' dir='ltr'><strong>Heraclium</strong></span> 
     </span>
    </p>
   </div>
   <div class='ocr_carea' id='block_1_93' title="bbox 497 4360 2136 4434">
    <p class='ocr_par' dir='ltr' id='par_1_93' title="bbox 497 4360 2136 4434">
     <span class='ocr_line' id='line_1_95' title="bbox 497 4360 2136 4434; baseline -0.001 -15"><span class='ocrx_word' id='word_1_649' title='bbox 497 4363 788 4434; x_wconf 81' lang='lat' dir='ltr'><strong>confugit:</strong></span> <span class='ocrx_word' id='word_1_650' title='bbox 823 4365 942 4434; x_wconf 20' lang='lat' dir='ltr'><strong>icui</strong></span> <span class='ocrx_word' id='word_1_651' title='bbox 976 4371 1031 4418; x_wconf 91' lang='lat' dir='ltr'><strong>et</strong></span> <span class='ocrx_word' id='word_1_652' title='bbox 1062 4373 1301 4434; x_wconf 82' lang='lat' dir='ltr'><strong>excepto</strong></span> <span class='ocrx_word' id='word_1_653' title='bbox 1351 4360 1540 4418; x_wconf 81' lang='lat' dir='ltr'><strong>locum</strong></span> <span class='ocrx_word' id='word_1_654' title='bbox 1576 4361 1645 4434; x_wconf 85' lang='lat' dir='ltr'><strong>ad</strong></span> <span class='ocrx_word' id='word_1_655' title='bbox 1700 4362 2136 4434; x_wconf 80' lang='lat' dir='ltr'><strong>inhabitandum</strong></span> 
     </span>
    </p>
   </div>
   <div class='ocr_carea' id='block_1_94' title="bbox 498 4433 2139 4502">
    <p class='ocr_par' dir='ltr' id='par_1_94' title="bbox 498 4433 2139 4502">
     <span class='ocr_line' id='line_1_96' title="bbox 498 4433 2139 4502; baseline -0.001 -13"><span class='ocrx_word' id='word_1_656' title='bbox 498 4433 656 4489; x_wconf 83' lang='lat' dir='ltr'><strong>dedit</strong></span> <span class='ocrx_word' id='word_1_657' title='bbox 689 4433 768 4490; x_wconf 87' lang='lat' dir='ltr'><strong>in</strong></span> <span class='ocrx_word' id='word_1_658' title='bbox 801 4433 1216 4491; x_wconf 62' lang='lat' dir='ltr'><strong>Thessalonica:</strong></span> <span class='ocrx_word' id='word_1_659' title='bbox 1267 4433 1514 4488; x_wconf 88' lang='lat' dir='ltr'><strong>themate</strong></span> <span class='ocrx_word' id='word_1_660' title='bbox 1571 4433 1915 4502; x_wconf 73' lang='lat' dir='ltr'><strong>(Macedonia</strong></span> <span class='ocrx_word' id='word_1_661' title='bbox 1971 4433 2139 4488; x_wconf 87' lang='lat' dir='ltr'><strong>nimi-</strong></span> 
     </span>
    </p>
   </div>
   <div class='ocr_carea' id='block_1_95' title="bbox 497 4503 2138 4576">
    <p class='ocr_par' dir='ltr' id='par_1_95' title="bbox 497 4503 2138 4576">
     <span class='ocr_line' id='line_1_97' title="bbox 497 4503 2138 4576; baseline -0.001 -15"><span class='ocrx_word' id='word_1_662' title='bbox 497 4519 651 4569; x_wconf 90' lang='lat' dir='ltr'><strong>rum,</strong></span> <span class='ocrx_word' id='word_1_663' title='bbox 685 4518 815 4576; x_wconf 87' lang='lat' dir='ltr'><strong>quae</strong></span> <span class='ocrx_word' id='word_1_664' title='bbox 868 4505 939 4561; x_wconf 89' lang='lat' dir='ltr'><strong>ad</strong></span> <span class='ocrx_word' id='word_1_665' title='bbox 986 4504 1400 4576; x_wconf 69' lang='lat' dir='ltr'><strong>Thessalonicae</strong></span> <span class='ocrx_word' id='word_1_666' title='bbox 1435 4503 1492 4559; x_wconf 93' lang='lat' dir='ltr'><strong>th</strong></span> <span class='ocrx_word' id='word_1_667' title='bbox 1513 4517 1620 4559; x_wconf 58' lang='lat' dir='ltr'><strong>ama</strong></span> <span class='ocrx_word' id='word_1_668' title='bbox 1679 4504 1990 4576; x_wconf 74' lang='lat' dir='ltr'><strong>spectabat)</strong></span> <span class='ocrx_word' id='word_1_669' title='bbox 2041 4505 2138 4574; x_wconf 89' lang='lat' dir='ltr'><strong>qui</strong></span> 
     </span>
    </p>
   </div>
   <div class='ocr_carea' id='block_1_96' title="bbox 498 4571 2712 4646">
    <p class='ocr_par' dir='ltr' id='par_1_96' title="bbox 498 4571 2712 4646">
     <span class='ocr_line' id='line_1_98' title="bbox 498 4571 2712 4646; baseline -0.004 -14"><span class='ocrx_word' id='word_1_670' title='bbox 498 4590 571 4634; x_wconf 79' lang='lat' dir='ltr'><strong>ex</strong></span> <span class='ocrx_word' id='word_1_671' title='bbox 601 4589 668 4631; x_wconf 92' lang='lat' dir='ltr'><strong>eo</strong></span> <span class='ocrx_word' id='word_1_672' title='bbox 701 4571 962 4646; x_wconf 71' lang='lat' dir='ltr'><strong>tempore</strong></span> <span class='ocrx_word' id='word_1_673' title='bbox 991 4573 1183 4646; x_wconf 82' lang='lat' dir='ltr'><strong>Servis</strong></span> <span class='ocrx_word' id='word_1_674' title='bbox 1217 4583 1603 4644; x_wconf 91' lang='lat' dir='ltr'><strong>nuncupatur.</strong></span> <span class='ocrx_word' id='word_1_675' title='bbox 1623 4592 1650 4646; x_wconf 63' lang='grc' dir='ltr'><strong>ρ</strong></span> <span class='ocrx_word' id='word_1_676' title='bbox 1680 4573 1804 4630; x_wconf 81' lang='lat' dir='ltr'><strong>Jam</strong></span> <span class='ocrx_word' id='word_1_677' title='bbox 1827 4573 1975 4646; x_wconf 79' lang='lat' dir='ltr'><strong>inde</strong></span> <span class='ocrx_word' id='word_1_678' title='bbox 2007 4571 2141 4646; x_wconf 68' lang='lat' dir='ltr'><strong>ergo</strong></span> <span class='ocrx_word' id='word_1_679' title='bbox 2166 4571 2610 4646; x_wconf 67' lang='lat' dir='ltr'><strong>ngmmendat,</strong></span> <span class='ocrx_word' id='word_1_680' title='bbox 2644 4585 2712 4646; x_wconf 59' lang='lat' dir='ltr'><strong>ea</strong></span> 
     </span>
    </p>
   </div>
   <div class='ocr_carea' id='block_1_97' title="bbox 500 4644 2144 4716">
    <p class='ocr_par' dir='ltr' id='par_1_97' title="bbox 500 4644 2144 4716">
     <span class='ocr_line' id='line_1_99' title="bbox 500 4644 2144 4716; baseline 0 -14"><span class='ocrx_word' id='word_1_681' title='bbox 500 4647 572 4703; x_wconf 92' lang='lat' dir='ltr'><strong>ab</strong></span> <span class='ocrx_word' id='word_1_682' title='bbox 606 4652 769 4702; x_wconf 68' lang='lat' dir='ltr'><strong>aetate</strong></span> <span class='ocrx_word' id='word_1_683' title='bbox 811 4644 1080 4714; x_wconf 74' lang='lat' dir='ltr'><strong>fieraclii,</strong></span> <span class='ocrx_word' id='word_1_684' title='bbox 1112 4649 1211 4716; x_wconf 89' lang='lat' dir='ltr'><strong>qui</strong></span> <span class='ocrx_word' id='word_1_685' title='bbox 1257 4645 1732 4716; x_wconf 62' lang='lat' dir='ltr'><strong>saeculoseptimo</strong></span> <span class='ocrx_word' id='word_1_686' title='bbox 1771 4645 1841 4700; x_wconf 93' lang='lat' dir='ltr'><strong>ad</strong></span> <span class='ocrx_word' id='word_1_687' title='bbox 1897 4644 2144 4702; x_wconf 84' lang='lat' dir='ltr'><strong>mediam</strong></span> 
     </span>
    </p>
   </div>
   <div class='ocr_carea' id='block_1_98' title="bbox 501 4714 2146 4787">
    <p class='ocr_par' dir='ltr' id='par_1_98' title="bbox 501 4714 2146 4787">
     <span class='ocr_line' id='line_1_100' title="bbox 501 4714 2146 4787; baseline 0.001 -14"><span class='ocrx_word' id='word_1_688' title='bbox 501 4717 592 4774; x_wconf 89' lang='lat' dir='ltr'><strong>sui</strong></span> <span class='ocrx_word' id='word_1_689' title='bbox 625 4726 841 4786; x_wconf 90' lang='lat' dir='ltr'><strong>partem</strong></span> <span class='ocrx_word' id='word_1_690' title='bbox 873 4714 1146 4787; x_wconf 50' lang='lat' dir='ltr'><strong>nondum‘</strong></span> <span class='ocrx_word' id='word_1_691' title='bbox 1187 4723 1452 4787; x_wconf 82' lang='lat' dir='ltr'><strong>provecto</strong></span> <span class='ocrx_word' id='word_1_692' title='bbox 1483 4714 1709 4786; x_wconf 88' lang='lat' dir='ltr'><strong>imperii</strong></span> <span class='ocrx_word' id='word_1_693' title='bbox 1745 4716 2000 4787; x_wconf 82' lang='lat' dir='ltr'><strong>habenas</strong></span> <span class='ocrx_word' id='word_1_694' title='bbox 2032 4731 2146 4774; x_wconf 90' lang='lat' dir='ltr'><strong>mo-</strong></span> 
     </span>
    </p>
   </div>
   <div class='ocr_carea' id='block_1_99' title="bbox 503 4786 2145 4857">
    <p class='ocr_par' dir='ltr' id='par_1_99' title="bbox 503 4786 2145 4857">
     <span class='ocr_line' id='line_1_101' title="bbox 503 4786 2145 4857; baseline 0.001 -13"><span class='ocrx_word' id='word_1_695' title='bbox 503 4789 731 4844; x_wconf 87' lang='lat' dir='ltr'><strong>deratus</strong></span> <span class='ocrx_word' id='word_1_696' title='bbox 769 4798 876 4857; x_wconf 90' lang='lat' dir='ltr'><strong>est,</strong></span> <span class='ocrx_word' id='word_1_697' title='bbox 907 4786 1058 4844; x_wconf 86' lang='lat' dir='ltr'><strong>Servi</strong></span> <span class='ocrx_word' id='word_1_698' title='bbox 1093 4801 1161 4844; x_wconf 93' lang='lat' dir='ltr'><strong>ac</strong></span> <span class='ocrx_word' id='word_1_699' title='bbox 1190 4786 1363 4857; x_wconf 82' lang='lat' dir='ltr'><strong>proin</strong></span> <span class='ocrx_word' id='word_1_700' title='bbox 1418 4800 1489 4843; x_wconf 81' lang='lat' dir='ltr'><strong>ex</strong></span> <span class='ocrx_word' id='word_1_701' title='bbox 1541 4788 1706 4843; x_wconf 89' lang='lat' dir='ltr'><strong>dictis</strong></span> <span class='ocrx_word' id='word_1_702' title='bbox 1733 4786 1917 4843; x_wconf 86' lang='lat' dir='ltr'><strong>Sclavi</strong></span> <span class='ocrx_word' id='word_1_703' title='bbox 1959 4789 2145 4855; x_wconf 90' lang='lat' dir='ltr'><strong>sedes,</strong></span> 
     </span>
    </p>
   </div>
   <div class='ocr_carea' id='block_1_100' title="bbox 502 4858 2144 4928">
    <p class='ocr_par' dir='ltr' id='par_1_100' title="bbox 502 4858 2144 4928">
     <span class='ocr_line' id='line_1_102' title="bbox 502 4858 2144 4928; baseline 0 -12"><span class='ocrx_word' id='word_1_704' title='bbox 502 4875 533 4916; x_wconf 92' lang='lat' dir='ltr'><strong>a</strong></span> <span class='ocrx_word' id='word_1_705' title='bbox 592 4858 996 4916; x_wconf 87' lang='lat' dir='ltr'><strong>Thessalonica</strong></span> <span class='ocrx_word' id='word_1_706' title='bbox 1050 4859 1201 4916; x_wconf 91' lang='lat' dir='ltr'><strong>haud</strong></span> <span class='ocrx_word' id='word_1_707' title='bbox 1235 4859 1434 4928; x_wconf 83' lang='lat' dir='ltr'><strong>procul</strong></span> <span class='ocrx_word' id='word_1_708' title='bbox 1495 4867 1762 4922; x_wconf 89' lang='lat' dir='ltr'><strong>remotas,</strong></span> <span class='ocrx_word' id='word_1_709' title='bbox 1797 4859 2144 4916; x_wconf 89' lang='lat' dir='ltr'><strong>habuerunt.</strong></span> 
     </span>
    </p>
   </div>
   <div class='ocr_carea' id='block_1_101' title="bbox 504 4928 2148 5000">
    <p class='ocr_par' dir='ltr' id='par_1_101' title="bbox 504 4928 2148 5000">
     <span class='ocr_line' id='line_1_103' title="bbox 504 4928 2148 5000; baseline 0.002 -16"><span class='ocrx_word' id='word_1_710' title='bbox 504 4928 688 4985; x_wconf 85' lang='lat' dir='ltr'><strong>Sclavi</strong></span> <span class='ocrx_word' id='word_1_711' title='bbox 721 4931 952 5000; x_wconf 90' lang='lat' dir='ltr'><strong>quidem</strong></span> <span class='ocrx_word' id='word_1_712' title='bbox 1009 4930 1114 4994; x_wconf 89' lang='lat' dir='ltr'><strong>illi,</strong></span> <span class='ocrx_word' id='word_1_713' title='bbox 1145 4938 1240 4986; x_wconf 89' lang='lat' dir='ltr'><strong>aut</strong></span> <span class='ocrx_word' id='word_1_714' title='bbox 1278 4937 1432 4987; x_wconf 91' lang='lat' dir='ltr'><strong>certe</strong></span> <span class='ocrx_word' id='word_1_715' title='bbox 1487 4931 1776 5000; x_wconf 80' lang='lat' dir='ltr'><strong>praecipuo</strong></span> <span class='ocrx_word' id='word_1_716' title='bbox 1812 4930 2148 5000; x_wconf 75' lang='lat' dir='ltr'><strong>earumdem</strong></span> 
     </span>
    </p>
   </div>
   <div class='ocr_carea' id='block_1_102' title="bbox 504 4999 2148 5073">
    <p class='ocr_par' dir='ltr' id='par_1_102' title="bbox 504 4999 2148 5073">
     <span class='ocr_line' id='line_1_104' title="bbox 504 4999 2148 5073; baseline 0.001 -16"><span class='ocrx_word' id='word_1_717' title='bbox 504 4999 980 5073; x_wconf 11' lang='lat' dir='ltr'><strong>permanendi“,</strong></span> <span class='ocrx_word' id='word_1_718' title='bbox 1011 5002 1315 5058; x_wconf 88' lang='lat' dir='ltr'><strong>admodum</strong></span> <span class='ocrx_word' id='word_1_719' title='bbox 1368 4999 1531 5073; x_wconf 73' lang='lat' dir='ltr'><strong>post,</strong></span> <span class='ocrx_word' id='word_1_720' title='bbox 1555 4999 1789 5057; x_wconf 85' lang='lat' dir='ltr'><strong>sedibus</strong></span> <span class='ocrx_word' id='word_1_721' title='bbox 1829 4999 1963 5068; x_wconf 90' lang='lat' dir='ltr'><strong>illis,</strong></span> <span class='ocrx_word' id='word_1_722' title='bbox 2003 5015 2148 5073; x_wconf 88' lang='lat' dir='ltr'><strong>quas</strong></span> 
     </span>
    </p>
   </div>
   <div class='ocr_carea' id='block_1_103' title="bbox 505 5071 2147 5136">
    <p class='ocr_par' dir='ltr' id='par_1_103' title="bbox 505 5071 2147 5136">
     <span class='ocr_line' id='line_1_105' title="bbox 505 5071 2147 5136; baseline 0.001 -7"><span class='ocrx_word' id='word_1_723' title='bbox 505 5071 576 5129; x_wconf 81' lang='lat' dir='ltr'><strong>ab</strong></span> <span class='ocrx_word' id='word_1_724' title='bbox 629 5072 886 5128; x_wconf 89' lang='lat' dir='ltr'><strong>Heraclio</strong></span> <span class='ocrx_word' id='word_1_725' title='bbox 933 5072 1316 5136; x_wconf 85' lang='lat' dir='ltr'><strong>obtinuerant,</strong></span> <span class='ocrx_word' id='word_1_726' title='bbox 1350 5071 1586 5134; x_wconf 88' lang='lat' dir='ltr'><strong>relictis.</strong></span> <span class='ocrx_word' id='word_1_727' title='bbox 1623 5074 1916 5136; x_wconf 84' lang='lat' dir='ltr'><strong>regionem</strong></span> <span class='ocrx_word' id='word_1_728' title='bbox 1975 5071 2147 5130; x_wconf 84' lang='lat' dir='ltr'><strong>aliam</strong></span> 
     </span>
    </p>
   </div>
   <div class='ocr_carea' id='block_1_104' title="bbox 506 5143 2151 5215">
    <p class='ocr_par' dir='ltr' id='par_1_104' title="bbox 506 5143 2151 5215">
     <span class='ocr_line' id='line_1_106' title="bbox 506 5143 2151 5215; baseline 0.001 -15"><span class='ocrx_word' id='word_1_729' title='bbox 506 5157 628 5215; x_wconf 91' lang='lat' dir='ltr'><strong>quae</strong></span> <span class='ocrx_word' id='word_1_730' title='bbox 659 5143 829 5198; x_wconf 91' lang='lat' dir='ltr'><strong>modo</strong></span> <span class='ocrx_word' id='word_1_731' title='bbox 881 5143 1119 5215; x_wconf 87' lang='lat' dir='ltr'><strong>deducta</strong></span> <span class='ocrx_word' id='word_1_732' title='bbox 1151 5144 1252 5215; x_wconf 84' lang='lat' dir='ltr'><strong>abs</strong></span> <span class='ocrx_word' id='word_1_733' title='bbox 1297 5144 1412 5200; x_wconf 90' lang='lat' dir='ltr'><strong>illis</strong></span> <span class='ocrx_word' id='word_1_734' title='bbox 1443 5143 1904 5200; x_wconf 89' lang='lat' dir='ltr'><strong>nomenclatione</strong></span> <span class='ocrx_word' id='word_1_735' title='bbox 1953 5143 2151 5202; x_wconf 86' lang='lat' dir='ltr'><strong>Servia</strong></span> 
     </span>
    </p>
   </div>
   <div class='ocr_carea' id='block_1_105' title="bbox 509 5213 2154 5285">
    <p class='ocr_par' dir='ltr' id='par_1_105' title="bbox 509 5213 2154 5285">
     <span class='ocr_line' id='line_1_107' title="bbox 509 5213 2154 5285; baseline 0.002 -16"><span class='ocrx_word' id='word_1_736' title='bbox 509 5213 761 5279; x_wconf 75' lang='lat' dir='ltr'><strong>vocatur,</strong></span> <span class='ocrx_word' id='word_1_737' title='bbox 829 5213 1262 5285; x_wconf 79' lang='lat' dir='ltr'><strong>inhabitandam</strong></span> <span class='ocrx_word' id='word_1_738' title='bbox 1329 5223 1708 5285; x_wconf 88' lang='lat' dir='ltr'><strong>acceperunt;</strong></span> <span class='ocrx_word' id='word_1_739' title='bbox 1789 5228 1985 5271; x_wconf 89' lang='lat' dir='ltr'><strong>verum</strong></span> <span class='ocrx_word' id='word_1_740' title='bbox 2055 5222 2154 5273; x_wconf 88' lang='lat' dir='ltr'><strong>aut</strong></span> 
     </span>
    </p>
   </div>
   <div class='ocr_carea' id='block_1_106' title="bbox 509 5283 2152 5357">
    <p class='ocr_par' dir='ltr' id='par_1_106' title="bbox 509 5283 2152 5357">
     <span class='ocr_line' id='line_1_108' title="bbox 509 5283 2152 5357; baseline 0 -14"><span class='ocrx_word' id='word_1_741' title='bbox 509 5285 726 5357; x_wconf 89' lang='lat' dir='ltr'><strong>aliquos</strong></span> <span class='ocrx_word' id='word_1_742' title='bbox 759 5283 958 5342; x_wconf 90' lang='lat' dir='ltr'><strong>saltem</strong></span> <span class='ocrx_word' id='word_1_743' title='bbox 994 5299 1067 5357; x_wconf 83' lang='lat' dir='ltr'><strong>ex</strong></span> <span class='ocrx_word' id='word_1_744' title='bbox 1110 5287 1180 5341; x_wconf 92' lang='lat' dir='ltr'><strong>iis</strong></span> <span class='ocrx_word' id='word_1_745' title='bbox 1239 5288 1335 5356; x_wconf 91' lang='lat' dir='ltr'><strong>qui</strong></span> <span class='ocrx_word' id='word_1_746' title='bbox 1371 5283 1546 5342; x_wconf 81' lang='lat' dir='ltr'><strong>semel</strong></span> <span class='ocrx_word' id='word_1_747' title='bbox 1588 5285 1697 5342; x_wconf 91' lang='lat' dir='ltr'><strong>sibi</strong></span> <span class='ocrx_word' id='word_1_748' title='bbox 1745 5298 2047 5357; x_wconf 80' lang='lat' dir='ltr'><strong>concessas</strong></span> <span class='ocrx_word' id='word_1_749' title='bbox 2082 5287 2152 5343; x_wconf 92' lang='lat' dir='ltr'><strong>ab</strong></span> 
     </span>
    </p>
   </div>
   <div class='ocr_carea' id='block_1_107' title="bbox 510 5355 2157 5428">
    <p class='ocr_par' dir='ltr' id='par_1_107' title="bbox 510 5355 2157 5428">
     <span class='ocr_line' id='line_1_109' title="bbox 510 5355 2157 5428; baseline 0 -14"><span class='ocrx_word' id='word_1_750' title='bbox 510 5355 770 5414; x_wconf 79' lang='lat' dir='ltr'><strong>Heraclio</strong></span> <span class='ocrx_word' id='word_1_751' title='bbox 803 5358 968 5428; x_wconf 82' lang='lat' dir='ltr'><strong>sedes</strong></span> <span class='ocrx_word' id='word_1_752' title='bbox 997 5356 1151 5428; x_wconf 90' lang='lat' dir='ltr'><strong>haud</strong></span> <span class='ocrx_word' id='word_1_753' title='bbox 1181 5355 1554 5428; x_wconf 84' lang='lat' dir='ltr'><strong>reliquerant,</strong></span> <span class='ocrx_word' id='word_1_754' title='bbox 1589 5365 1684 5413; x_wconf 91' lang='lat' dir='ltr'><strong>aut</strong></span> <span class='ocrx_word' id='word_1_755' title='bbox 1714 5366 1868 5428; x_wconf 77' lang='lat' dir='ltr'><strong>certe</strong></span> <span class='ocrx_word' id='word_1_756' title='bbox 1925 5355 2157 5428; x_wconf 48' lang='lat' dir='ltr'><strong>Sclavos</strong></span> 
     </span>
    </p>
   </div>
   <div class='ocr_carea' id='block_1_108' title="bbox 512 5425 2162 5498">
    <p class='ocr_par' dir='ltr' id='par_1_108' title="bbox 512 5425 2162 5498">
     <span class='ocr_line' id='line_1_110' title="bbox 512 5425 2162 5498; baseline 0 -13"><span class='ocrx_word' id='word_1_757' title='bbox 512 5429 657 5485; x_wconf 86' lang='lat' dir='ltr'><strong>alios</strong></span> <span class='ocrx_word' id='word_1_758' title='bbox 687 5425 892 5484; x_wconf 83' lang='lat' dir='ltr'><strong>saeculo</strong></span> <span class='ocrx_word' id='word_1_759' title='bbox 928 5427 1168 5497; x_wconf 91' lang='lat' dir='ltr'><strong>septimo</strong></span> <span class='ocrx_word' id='word_1_760' title='bbox 1191 5425 1328 5498; x_wconf 52' lang='lat' dir='ltr'><strong>jam’</strong></span> <span class='ocrx_word' id='word_1_761' title='bbox 1355 5439 1691 5485; x_wconf 88' lang='lat' dir='ltr'><strong>senescente</strong></span> <span class='ocrx_word' id='word_1_762' title='bbox 1723 5427 1868 5497; x_wconf 90' lang='lat' dir='ltr'><strong>loca,</strong></span> <span class='ocrx_word' id='word_1_763' title='bbox 1909 5443 1937 5485; x_wconf 88' lang='lat' dir='ltr'><strong>a</strong></span> <span class='ocrx_word' id='word_1_764' title='bbox 1978 5427 2162 5486; x_wconf 88' lang='lat' dir='ltr'><strong>Thes-</strong></span> 
     </span>
    </p>
   </div>
   <div class='ocr_carea' id='block_1_109' title="bbox 511 5499 2162 5569">
    <p class='ocr_par' dir='ltr' id='par_1_109' title="bbox 511 5499 2162 5569">
     <span class='ocr_line' id='line_1_111' title="bbox 511 5499 2162 5569; baseline 0 -13"><span class='ocrx_word' id='word_1_765' title='bbox 511 5501 759 5557; x_wconf 87' lang='lat' dir='ltr'><strong>salonica</strong></span> <span class='ocrx_word' id='word_1_766' title='bbox 823 5499 978 5557; x_wconf 86' lang='lat' dir='ltr'><strong>haud</strong></span> <span class='ocrx_word' id='word_1_767' title='bbox 1031 5499 1228 5569; x_wconf 89' lang='lat' dir='ltr'><strong>procul</strong></span> <span class='ocrx_word' id='word_1_768' title='bbox 1292 5508 1527 5562; x_wconf 90' lang='lat' dir='ltr'><strong>remota.</strong></span> <span class='ocrx_word' id='word_1_769' title='bbox 1573 5513 1904 5568; x_wconf 88' lang='lat' dir='ltr'><strong>occupasse,</strong></span> <span class='ocrx_word' id='word_1_770' title='bbox 1965 5513 2034 5555; x_wconf 82' lang='lat' dir='ltr'><strong>ex</strong></span> <span class='ocrx_word' id='word_1_771' title='bbox 2097 5500 2162 5557; x_wconf 92' lang='lat' dir='ltr'><strong>iis</strong></span> 
     </span>
    </p>
   </div>
   <div class='ocr_carea' id='block_1_110' title="bbox 2217 3289 3853 3364">
    <p class='ocr_par' dir='ltr' id='par_1_110' title="bbox 2217 3289 3853 3364">
     <span class='ocr_line' id='line_1_112' title="bbox 2217 3289 3853 3364; baseline 0.002 -19"><span class='ocrx_word' id='word_1_772' title='bbox 2217 3304 2434 3364; x_wconf 80' lang='lat' dir='ltr'><strong>annum</strong></span> <span class='ocrx_word' id='word_1_773' title='bbox 2467 3289 2572 3346; x_wconf 79' lang='lat'><strong>782</strong></span> <span class='ocrx_word' id='word_1_774' title='bbox 2601 3289 2867 3364; x_wconf 90' lang='lat' dir='ltr'><strong>loquatur</strong></span> <span class='ocrx_word' id='word_1_775' title='bbox 2901 3309 2911 3346; x_wconf 94' lang='lat'>:</span> <span class='ocrx_word' id='word_1_776' title='bbox 2941 3312 2980 3364; x_wconf 19' lang='lat' dir='ltr'><strong>tu</strong></span> <span class='ocrx_word' id='word_1_777' title='bbox 3013 3291 3127 3364; x_wconf 77' lang='lat' dir='ltr'><strong>lioc</strong></span> <span class='ocrx_word' id='word_1_778' title='bbox 3153 3289 3306 3350; x_wconf 77' lang='lat' dir='ltr'><strong>anno</strong></span> <span class='ocrx_word' id='word_1_779' title='bbox 3345 3291 3537 3363; x_wconf 88' lang='lat' dir='ltr'><strong>Irene,</strong></span> <span class='ocrx_word' id='word_1_780' title='bbox 3571 3289 3704 3364; x_wconf 77' lang='lat' dir='ltr'><strong>pace</strong></span> <span class='ocrx_word' id='word_1_781' title='bbox 3734 3306 3853 3349; x_wconf 90' lang='lat' dir='ltr'><strong>cum</strong></span> 
     </span>
    </p>
   </div>
   <div class='ocr_carea' id='block_1_111' title="bbox 2215 3360 3851 3430">
    <p class='ocr_par' dir='ltr' id='par_1_111' title="bbox 2215 3360 3851 3430">
     <span class='ocr_line' id='line_1_113' title="bbox 2215 3360 3851 3430; baseline 0.002 -13"><span class='ocrx_word' id='word_1_782' title='bbox 2215 3360 2500 3418; x_wconf 84' lang='lat' dir='ltr'><strong>Arabibus</strong></span> <span class='ocrx_word' id='word_1_783' title='bbox 2555 3360 2838 3430; x_wconf 85' lang='lat' dir='ltr'><strong>confecta,</strong></span> <span class='ocrx_word' id='word_1_784' title='bbox 2870 3378 2898 3418; x_wconf 92' lang='lat' dir='ltr'><strong>a</strong></span> <span class='ocrx_word' id='word_1_785' title='bbox 2939 3362 3223 3420; x_wconf 88' lang='lat' dir='ltr'><strong>bellorum</strong></span> <span class='ocrx_word' id='word_1_786' title='bbox 3272 3378 3411 3421; x_wconf 89' lang='lat' dir='ltr'><strong>cura</strong></span> <span class='ocrx_word' id='word_1_787' title='bbox 3450 3360 3672 3428; x_wconf 77' lang='lat' dir='ltr'><strong>vacans,</strong></span> <span class='ocrx_word' id='word_1_788' title='bbox 3703 3366 3851 3422; x_wconf 87' lang='lat' dir='ltr'><strong>Stau-</strong></span> 
     </span>
    </p>
   </div>
   <div class='ocr_carea' id='block_1_112' title="bbox 2216 3432 3850 3508">
    <p class='ocr_par' dir='ltr' id='par_1_112' title="bbox 2216 3432 3850 3508">
     <span class='ocr_line' id='line_1_114' title="bbox 2216 3432 3850 3508; baseline 0.001 -19"><span class='ocrx_word' id='word_1_789' title='bbox 2216 3432 2434 3489; x_wconf 88' lang='lat' dir='ltr'><strong>racium</strong></span> <span class='ocrx_word' id='word_1_790' title='bbox 2467 3432 2772 3508; x_wconf 88' lang='lat' dir='ltr'><strong>patricium</strong></span> <span class='ocrx_word' id='word_1_791' title='bbox 2802 3445 2857 3490; x_wconf 89' lang='lat' dir='ltr'><strong>et</strong></span> <span class='ocrx_word' id='word_1_792' title='bbox 2887 3433 3026 3508; x_wconf 80' lang='lat' dir='ltr'><strong>celet</strong></span> <span class='ocrx_word' id='word_1_793' title='bbox 3040 3433 3088 3490; x_wconf 85' lang='lat' dir='ltr'><strong>is</strong></span> <span class='ocrx_word' id='word_1_794' title='bbox 3116 3449 3323 3508; x_wconf 71' lang='lat' dir='ltr'><strong>cursus</strong></span> <span class='ocrx_word' id='word_1_795' title='bbox 3357 3435 3702 3508; x_wconf 90' lang='lat' dir='ltr'><strong>logothetam</strong></span> <span class='ocrx_word' id='word_1_796' title='bbox 3732 3449 3850 3493; x_wconf 91' lang='lat' dir='ltr'><strong>cum</strong></span> 
     </span>
    </p>
   </div>
   <div class='ocr_carea' id='block_1_113' title="bbox 2215 3505 3852 3566">
    <p class='ocr_par' dir='ltr' id='par_1_113' title="bbox 2215 3505 3852 3566">
     <span class='ocr_line' id='line_1_115' title="bbox 2215 3505 3852 3566; baseline 0.002 -7"><span class='ocrx_word' id='word_1_797' title='bbox 2215 3515 2525 3560; x_wconf 88' lang='lat' dir='ltr'><strong>numeroso</strong></span> <span class='ocrx_word' id='word_1_798' title='bbox 2557 3507 2811 3561; x_wconf 84' lang='lat' dir='ltr'><strong>exercitu</strong></span> <span class='ocrx_word' id='word_1_799' title='bbox 2850 3505 3126 3562; x_wconf 88' lang='lat' dir='ltr'><strong>adversus</strong></span> <span class='ocrx_word' id='word_1_800' title='bbox 3169 3505 3570 3566; x_wconf 78' lang='lat' dir='ltr'><strong>Sclavinorum</strong></span> <span class='ocrx_word' id='word_1_801' title='bbox 3609 3507 3852 3564; x_wconf 85' lang='lat' dir='ltr'><strong>nationes</strong></span> 
     </span>
    </p>
   </div>
   <div class='ocr_carea' id='block_1_114' title="bbox 2215 3574 3856 3646">
    <p class='ocr_par' dir='ltr' id='par_1_114' title="bbox 2215 3574 3856 3646">
     <span class='ocr_line' id='line_1_116' title="bbox 2215 3574 3856 3646; baseline 0.002 -16"><span class='ocrx_word' id='word_1_802' title='bbox 2215 3575 2414 3631; x_wconf 84' lang='lat' dir='ltr'><strong>misit:</strong></span> <span class='ocrx_word' id='word_1_803' title='bbox 2463 3574 2573 3646; x_wconf 87' lang='lat' dir='ltr'><strong>qui</strong></span> <span class='ocrx_word' id='word_1_804' title='bbox 2606 3589 2740 3631; x_wconf 91' lang='lat' dir='ltr'><strong>cum</strong></span> <span class='ocrx_word' id='word_1_805' title='bbox 2792 3574 3253 3634; x_wconf 83' lang='lat' dir='ltr'><strong>Thessalonicam</strong></span> <span class='ocrx_word' id='word_1_806' title='bbox 3297 3589 3350 3635; x_wconf 91' lang='lat' dir='ltr'><strong>et</strong></span> <span class='ocrx_word' id='word_1_807' title='bbox 3382 3578 3653 3636; x_wconf 83' lang='lat' dir='ltr'><strong>Graeciam</strong></span> <span class='ocrx_word' id='word_1_808' title='bbox 3695 3578 3856 3635; x_wconf 91' lang='lat' dir='ltr'><strong>adiis-</strong></span> 
     </span>
    </p>
   </div>
   <div class='ocr_carea' id='block_1_115' title="bbox 2214 3645 3855 3720">
    <p class='ocr_par' dir='ltr' id='par_1_115' title="bbox 2214 3645 3855 3720">
     <span class='ocr_line' id='line_1_117' title="bbox 2214 3645 3855 3720; baseline 0.001 -18"><span class='ocrx_word' id='word_1_809' title='bbox 2214 3653 2321 3710; x_wconf 89' lang='lat' dir='ltr'><strong>set,</strong></span> <span class='ocrx_word' id='word_1_810' title='bbox 2349 3645 2645 3720; x_wconf 77' lang='lat' dir='ltr'><strong>regionem</strong></span> <span class='ocrx_word' id='word_1_811' title='bbox 2675 3651 2908 3720; x_wconf 84' lang='lat' dir='ltr'><strong>omnem</strong></span> <span class='ocrx_word' id='word_1_812' title='bbox 2942 3649 3181 3718; x_wconf 89' lang='lat' dir='ltr'><strong>imperio</strong></span> <span class='ocrx_word' id='word_1_813' title='bbox 3212 3649 3480 3720; x_wconf 86' lang='lat' dir='ltr'><strong>subjecit,</strong></span> <span class='ocrx_word' id='word_1_814' title='bbox 3511 3661 3566 3706; x_wconf 92' lang='lat' dir='ltr'><strong>et</strong></span> <span class='ocrx_word' id='word_1_815' title='bbox 3595 3650 3855 3707; x_wconf 89' lang='lat' dir='ltr'><strong>tributum</strong></span> 
     </span>
    </p>
   </div>
   <div class='ocr_carea' id='block_1_116' title="bbox 2217 3716 3855 3791">
    <p class='ocr_par' dir='ltr' id='par_1_116' title="bbox 2217 3716 3855 3791">
     <span class='ocr_line' id='line_1_118' title="bbox 2217 3716 3855 3791; baseline 0 -18"><span class='ocrx_word' id='word_1_816' title='bbox 2217 3716 2467 3786; x_wconf 88' lang='lat' dir='ltr'><strong>pendere</strong></span> <span class='ocrx_word' id='word_1_817' title='bbox 2490 3719 2694 3788; x_wconf 92' lang='lat' dir='ltr'><strong>coegit.</strong></span> <span class='ocrx_word' id='word_1_818' title='bbox 2725 3718 2872 3786; x_wconf 90' lang='lat' dir='ltr'><strong>Quin</strong></span> <span class='ocrx_word' id='word_1_819' title='bbox 2907 3716 3076 3776; x_wconf 81' lang='lat' dir='ltr'><strong>etiam</strong></span> <span class='ocrx_word' id='word_1_820' title='bbox 3112 3716 3535 3791; x_wconf 78' lang='lat' dir='ltr'><strong>Pelopohesum</strong></span> <span class='ocrx_word' id='word_1_821' title='bbox 3569 3729 3855 3788; x_wconf 85' lang='lat' dir='ltr'><strong>penetrans</strong></span> 
     </span>
    </p>
   </div>
   <div class='ocr_carea' id='block_1_117' title="bbox 2218 3791 3854 3862">
    <p class='ocr_par' dir='ltr' id='par_1_117' title="bbox 2218 3791 3854 3862">
     <span class='ocr_line' id='line_1_119' title="bbox 2218 3791 3854 3862; baseline 0.002 -20"><span class='ocrx_word' id='word_1_822' title='bbox 2218 3791 2570 3862; x_wconf 81' lang='lat' dir='ltr'><strong>captivorum</strong></span> <span class='ocrx_word' id='word_1_823' title='bbox 2604 3794 2900 3862; x_wconf 88' lang='lat' dir='ltr'><strong>ingentem</strong></span> <span class='ocrx_word' id='word_1_824' title='bbox 2927 3791 3150 3862; x_wconf 82' lang='lat' dir='ltr'><strong>turbam</strong></span> <span class='ocrx_word' id='word_1_825' title='bbox 3176 3799 3232 3848; x_wconf 91' lang='lat' dir='ltr'><strong>et</strong></span> <span class='ocrx_word' id='word_1_826' title='bbox 3269 3792 3448 3862; x_wconf 86' lang='lat' dir='ltr'><strong>spolia</strong></span> <span class='ocrx_word' id='word_1_827' title='bbox 3482 3793 3538 3848; x_wconf 91' lang='lat' dir='ltr'><strong>in</strong></span> <span class='ocrx_word' id='word_1_828' title='bbox 3559 3792 3854 3862; x_wconf 76' lang='lat' dir='ltr'><strong>Romanam</strong></span> 
     </span>
    </p>
   </div>
   <div class='ocr_carea' id='block_1_118' title="bbox 2220 3859 3854 3921">
    <p class='ocr_par' dir='ltr' id='par_1_118' title="bbox 2220 3859 3854 3921">
     <span class='ocr_line' id='line_1_120' title="bbox 2220 3859 3854 3921; baseline 0.001 -5"><span class='ocrx_word' id='word_1_829' title='bbox 2220 3859 2495 3917; x_wconf 88' lang='lat' dir='ltr'><strong>ditionem</strong></span> <span class='ocrx_word' id='word_1_830' title='bbox 2555 3859 2768 3916; x_wconf 86' lang='lat' dir='ltr'><strong>retulit.</strong></span> <span class='ocrx_word' id='word_1_831' title='bbox 2813 3881 2834 3911; x_wconf 74' lang='grc' dir='ltr'><strong>ο</strong></span> <span class='ocrx_word' id='word_1_832' title='bbox 2876 3861 2982 3918; x_wconf 80' lang='lat' dir='ltr'><strong>Adi</strong></span> <span class='ocrx_word' id='word_1_833' title='bbox 3030 3865 3202 3919; x_wconf 89' lang='lat' dir='ltr'><strong>etiam</strong></span> <span class='ocrx_word' id='word_1_834' title='bbox 3245 3859 3680 3921; x_wconf 79' lang='lat' dir='ltr'><strong>constantinum</strong></span> <span class='ocrx_word' id='word_1_835' title='bbox 3731 3861 3854 3918; x_wconf 85' lang='lat' dir='ltr'><strong>Por-</strong></span> 
     </span>
    </p>
   </div>
   <div class='ocr_carea' id='block_1_119' title="bbox 2220 3930 3860 4005">
    <p class='ocr_par' dir='ltr' id='par_1_119' title="bbox 2220 3930 3860 4005">
     <span class='ocr_line' id='line_1_121' title="bbox 2220 3930 3860 4005; baseline -0.013 1"><span class='ocrx_word' id='word_1_836' title='bbox 2220 3930 2687 4005; x_wconf 59' lang='grc' dir='ltr'><strong>ρὴγωεεξιιίῑυω.</strong></span> <span class='ocrx_word' id='word_1_837' title='bbox 2721 3930 2850 4005; x_wconf 80' lang='lat' dir='ltr'><strong>plus</strong></span> <span class='ocrx_word' id='word_1_838' title='bbox 2880 3931 3056 4005; x_wconf 83' lang='lat' dir='ltr'><strong>semel</strong></span> <span class='ocrx_word' id='word_1_839' title='bbox 3095 3930 3216 4004; x_wconf 81' lang='lat' dir='ltr'><strong>jam</strong></span> <span class='ocrx_word' id='word_1_840' title='bbox 3254 3933 3574 4005; x_wconf 85' lang='lat' dir='ltr'><strong>laudatum,</strong></span> <span class='ocrx_word' id='word_1_841' title='bbox 3599 3933 3672 3990; x_wconf 77' lang='lat' dir='ltr'><strong>De</strong></span> <span class='ocrx_word' id='word_1_842' title='bbox 3698 3931 3860 4005; x_wconf 66' lang='lat' dir='ltr'><strong>adnit-</strong></span> 
     </span>
    </p>
   </div>
   <div class='ocr_carea' id='block_1_120' title="bbox 2217 4001 3862 4075">
    <p class='ocr_par' dir='ltr' id='par_1_120' title="bbox 2217 4001 3862 4075">
     <span class='ocr_line' id='line_1_122' title="bbox 2217 4001 3862 4075; baseline 0.002 -20"><span class='ocrx_word' id='word_1_843' title='bbox 2217 4001 2508 4075; x_wconf 67' lang='lat' dir='ltr'><strong>nistrando</strong></span> <span class='ocrx_word' id='word_1_844' title='bbox 2538 4001 2786 4075; x_wconf 79' lang='lat' dir='ltr'><strong>imperio,</strong></span> <span class='ocrx_word' id='word_1_845' title='bbox 2817 4017 2943 4075; x_wconf 91' lang='lat' dir='ltr'><strong>cap.</strong></span> <span class='ocrx_word' id='word_1_846' title='bbox 2977 4002 3046 4058; x_wconf 68' lang='lat'><strong>49</strong></span> <span class='ocrx_word' id='word_1_847' title='bbox 3076 4001 3131 4060; x_wconf 82' lang='lat' dir='ltr'><strong>et</strong></span> <span class='ocrx_word' id='word_1_848' title='bbox 3178 4019 3326 4075; x_wconf 90' lang='lat' dir='ltr'><strong>seq..</strong></span> <span class='ocrx_word' id='word_1_849' title='bbox 3361 4001 3664 4075; x_wconf 62' lang='lat' dir='ltr'><strong>discemus</strong></span> <span class='ocrx_word' id='word_1_850' title='bbox 3705 4019 3768 4060; x_wconf 82' lang='lat' dir='ltr'><strong>ex</strong></span> <span class='ocrx_word' id='word_1_851' title='bbox 3800 4003 3862 4075; x_wconf 79' lang='lat' dir='ltr'><strong>iis</strong></span> 
     </span>
    </p>
   </div>
   <div class='ocr_carea' id='block_1_121' title="bbox 2219 4071 3860 4148">
    <p class='ocr_par' dir='ltr' id='par_1_121' title="bbox 2219 4071 3860 4148">
     <span class='ocr_line' id='line_1_123' title="bbox 2219 4071 3860 4148; baseline -0.001 -19"><span class='ocrx_word' id='word_1_852' title='bbox 2219 4087 2342 4148; x_wconf 66' lang='lat' dir='ltr'><strong>qua</strong></span> <span class='ocrx_word' id='word_1_853' title='bbox 2391 4071 2625 4148; x_wconf 65' lang='lat' dir='ltr'><strong>ihide_r_n&#39;</strong></span> <span class='ocrx_word' id='word_1_854' title='bbox 2661 4071 3021 4136; x_wconf 56' lang='lat' dir='ltr'><strong>scribitfsub</strong></span> <span class='ocrx_word' id='word_1_855' title='bbox 3080 4071 3400 4148; x_wconf 82' lang='lat' dir='ltr'><strong>Nicephoro</strong></span> <span class='ocrx_word' id='word_1_856' title='bbox 3457 4086 3512 4134; x_wconf 89' lang='lat' dir='ltr'><strong>et</strong></span> <span class='ocrx_word' id='word_1_857' title='bbox 3561 4071 3860 4145; x_wconf 85' lang='lat' dir='ltr'><strong>Theophila</strong></span> 
     </span>
    </p>
   </div>
   <div class='ocr_carea' id='block_1_122' title="bbox 2221 4144 3862 4218">
    <p class='ocr_par' dir='ltr' id='par_1_122' title="bbox 2221 4144 3862 4218">
     <span class='ocr_line' id='line_1_124' title="bbox 2221 4144 3862 4218; baseline 0 -19"><span class='ocrx_word' id='word_1_858' title='bbox 2221 4144 2687 4218; x_wconf 77' lang='lat' dir='ltr'><strong>imperatoribus,</strong></span> <span class='ocrx_word' id='word_1_859' title='bbox 2719 4159 2964 4218; x_wconf 67' lang='lat' dir='ltr'><strong>quorum</strong></span> <span class='ocrx_word' id='word_1_860' title='bbox 3017 4147 3174 4214; x_wconf 89' lang='lat' dir='ltr'><strong>prior</strong></span> <span class='ocrx_word' id='word_1_861' title='bbox 3218 4144 3373 4205; x_wconf 78' lang='lat' dir='ltr'><strong>anno</strong></span> <span class='ocrx_word' id='word_1_862' title='bbox 3432 4149 3560 4212; x_wconf 84' lang='grc'><strong>811.</strong></span> <span class='ocrx_word' id='word_1_863' title='bbox 3595 4144 3862 4218; x_wconf 81' lang='lat' dir='ltr'><strong>posterior</strong></span> 
     </span>
    </p>
   </div>
   <div class='ocr_carea' id='block_1_123' title="bbox 2220 4213 3855 4290">
    <p class='ocr_par' dir='ltr' id='par_1_123' title="bbox 2220 4213 3855 4290">
     <span class='ocr_line' id='line_1_125' title="bbox 2220 4213 3855 4290; baseline -0.001 -18"><span class='ocrx_word' id='word_1_864' title='bbox 2220 4213 2372 4290; x_wconf 83' lang='lat' dir='ltr'><strong>anno</strong></span> <span class='ocrx_word' id='word_1_865' title='bbox 2397 4213 2508 4290; x_wconf 62' lang='lat'><strong>842</strong></span> <span class='ocrx_word' id='word_1_866' title='bbox 2531 4215 2698 4290; x_wconf 79' lang='lat' dir='ltr'><strong>obiit,</strong></span> <span class='ocrx_word' id='word_1_867' title='bbox 2727 4213 2788 4290; x_wconf 79' lang='lat' dir='ltr'><strong>in</strong></span> <span class='ocrx_word' id='word_1_868' title='bbox 2817 4213 3191 4290; x_wconf 61' lang='lat' dir='ltr'><strong>Peloponeso.</strong></span> <span class='ocrx_word' id='word_1_869' title='bbox 3228 4217 3463 4290; x_wconf 89' lang='lat' dir='ltr'><strong>regione</strong></span> <span class='ocrx_word' id='word_1_870' title='bbox 3491 4235 3521 4276; x_wconf 90' lang='lat' dir='ltr'><strong>a</strong></span> <span class='ocrx_word' id='word_1_871' title='bbox 3564 4213 3855 4290; x_wconf 80' lang='lat' dir='ltr'><strong>Thessalo-</strong></span> 
     </span>
    </p>
   </div>
   <div class='ocr_carea' id='block_1_124' title="bbox 2221 4285 3864 4359">
    <p class='ocr_par' dir='ltr' id='par_1_124' title="bbox 2221 4285 3864 4359">
     <span class='ocr_line' id='line_1_126' title="bbox 2221 4285 3864 4359; baseline -0.001 -18"><span class='ocrx_word' id='word_1_872' title='bbox 2221 4288 2351 4359; x_wconf 81' lang='lat' dir='ltr'><strong>nico</strong></span> <span class='ocrx_word' id='word_1_873' title='bbox 2397 4285 2551 4359; x_wconf 87' lang='lat' dir='ltr'><strong>haud</strong></span> <span class='ocrx_word' id='word_1_874' title='bbox 2574 4286 2791 4359; x_wconf 79' lang='lat' dir='ltr'><strong>procul</strong></span> <span class='ocrx_word' id='word_1_875' title='bbox 2827 4285 3135 4359; x_wconf 83' lang='lat' dir='ltr'><strong>admodum</strong></span> <span class='ocrx_word' id='word_1_876' title='bbox 3181 4285 3426 4359; x_wconf 62' lang='lat' dir='ltr'><strong>rom&#39;ota,</strong></span> <span class='ocrx_word' id='word_1_877' title='bbox 3469 4290 3635 4348; x_wconf 88' lang='lat' dir='ltr'><strong>sedes</strong></span> <span class='ocrx_word' id='word_1_878' title='bbox 3689 4287 3864 4346; x_wconf 89' lang='lat' dir='ltr'><strong>adhuc</strong></span> 
     </span>
    </p>
   </div>
   <div class='ocr_carea' id='block_1_125' title="bbox 2219 4355 3857 4425">
    <p class='ocr_par' dir='ltr' id='par_1_125' title="bbox 2219 4355 3857 4425">
     <span class='ocr_line' id='line_1_127' title="bbox 2219 4355 3857 4425; baseline 0.001 -14"><span class='ocrx_word' id='word_1_879' title='bbox 2219 4355 2450 4414; x_wconf 86' lang='lat' dir='ltr'><strong>Sclavos</strong></span> <span class='ocrx_word' id='word_1_880' title='bbox 2499 4356 2788 4414; x_wconf 86' lang='lat' dir='ltr'><strong>habuisse.</strong></span> <span class='ocrx_word' id='word_1_881' title='bbox 2823 4358 2974 4416; x_wconf 82' lang='lat' dir='ltr'><strong>Mitto</strong></span> <span class='ocrx_word' id='word_1_882' title='bbox 3006 4359 3098 4414; x_wconf 93' lang='lat' dir='ltr'><strong>hic</strong></span> <span class='ocrx_word' id='word_1_883' title='bbox 3143 4355 3422 4418; x_wconf 80' lang='lat' dir='ltr'><strong>Joannem</strong></span> <span class='ocrx_word' id='word_1_884' title='bbox 3462 4361 3857 4425; x_wconf 88' lang='lat' dir='ltr'><strong>Cameniatam,</strong></span> 
     </span>
    </p>
   </div>
   <div class='ocr_carea' id='block_1_126' title="bbox 2221 4427 3858 4499">
    <p class='ocr_par' dir='ltr' id='par_1_126' title="bbox 2221 4427 3858 4499">
     <span class='ocr_line' id='line_1_128' title="bbox 2221 4427 3858 4499; baseline -0.001 -15"><span class='ocrx_word' id='word_1_885' title='bbox 2221 4427 2318 4498; x_wconf 88' lang='lat' dir='ltr'><strong>qui</strong></span> <span class='ocrx_word' id='word_1_886' title='bbox 2379 4428 2448 4484; x_wconf 90' lang='lat' dir='ltr'><strong>de</strong></span> <span class='ocrx_word' id='word_1_887' title='bbox 2494 4428 2911 4485; x_wconf 71' lang='lat' dir='ltr'><strong>Thessalonicae</strong></span> <span class='ocrx_word' id='word_1_888' title='bbox 2965 4429 3213 4496; x_wconf 80' lang='lat' dir='ltr'><strong>excidio.</strong></span> <span class='ocrx_word' id='word_1_889' title='bbox 3247 4447 3369 4492; x_wconf 91' lang='lat' dir='ltr'><strong>seu.</strong></span> <span class='ocrx_word' id='word_1_890' title='bbox 3405 4433 3648 4490; x_wconf 88' lang='lat' dir='ltr'><strong>civitatis</strong></span> <span class='ocrx_word' id='word_1_891' title='bbox 3700 4431 3858 4499; x_wconf 83' lang='lat' dir='ltr'><strong>hujus</strong></span> 
     </span>
    </p>
   </div>
   <div class='ocr_carea' id='block_1_127' title="bbox 2224 4500 3863 4573">
    <p class='ocr_par' dir='ltr' id='par_1_127' title="bbox 2224 4500 3863 4573">
     <span class='ocr_line' id='line_1_129' title="bbox 2224 4500 3863 4573; baseline -0.001 -19"><span class='ocrx_word' id='word_1_892' title='bbox 2224 4513 2324 4568; x_wconf 92' lang='lat' dir='ltr'><strong>per</strong></span> <span class='ocrx_word' id='word_1_893' title='bbox 2375 4500 2688 4573; x_wconf 83' lang='lat' dir='ltr'><strong>Saracenos</strong></span> <span class='ocrx_word' id='word_1_894' title='bbox 2729 4515 2880 4556; x_wconf 90' lang='lat' dir='ltr'><strong>anno</strong></span> <span class='ocrx_word' id='word_1_895' title='bbox 2937 4502 3043 4556; x_wconf 68' lang='lat'><strong>904</strong></span> <span class='ocrx_word' id='word_1_896' title='bbox 3101 4505 3534 4573; x_wconf 84' lang='lat' dir='ltr'><strong>expugnatione</strong></span> <span class='ocrx_word' id='word_1_897' title='bbox 3584 4504 3781 4573; x_wconf 85' lang='lat' dir='ltr'><strong>litteris</strong></span> <span class='ocrx_word' id='word_1_898' title='bbox 3807 4513 3863 4554; x_wconf 84' lang='lat' dir='ltr'><strong>ea</strong></span> 
     </span>
    </p>
   </div>
   <div class='ocr_carea' id='block_1_128' title="bbox 2751 4570 3861 4646">
    <p class='ocr_par' dir='ltr' id='par_1_128' title="bbox 2751 4570 3861 4646">
     <span class='ocr_line' id='line_1_130' title="bbox 2751 4570 3861 4646; baseline -0.002 -19"><span class='ocrx_word' id='word_1_899' title='bbox 2751 4574 2961 4640; x_wconf 78' lang='lat' dir='ltr'><strong>quibus</strong></span> <span class='ocrx_word' id='word_1_900' title='bbox 3006 4570 3191 4646; x_wconf 80' lang='lat' dir='ltr'><strong>etiam</strong></span> <span class='ocrx_word' id='word_1_901' title='bbox 3219 4570 3354 4630; x_wconf 79' lang='lat' dir='ltr'><strong>tunc</strong></span> <span class='ocrx_word' id='word_1_902' title='bbox 3397 4573 3552 4632; x_wconf 89' lang='lat' dir='ltr'><strong>haud</strong></span> <span class='ocrx_word' id='word_1_903' title='bbox 3591 4570 3861 4646; x_wconf 88' lang='lat' dir='ltr'><strong>procul_a</strong></span> 
     </span>
    </p>
   </div>
   <div class='ocr_carea' id='block_1_129' title="bbox 2229 4639 3856 4710">
    <p class='ocr_par' dir='ltr' id='par_1_129' title="bbox 2229 4639 3856 4710">
     <span class='ocr_line' id='line_1_131' title="bbox 2229 4639 3856 4710; baseline 0 -14"><span class='ocrx_word' id='word_1_904' title='bbox 2229 4639 2632 4699; x_wconf 89' lang='lat' dir='ltr'><strong>Thessalonica</strong></span> <span class='ocrx_word' id='word_1_905' title='bbox 2691 4639 2976 4700; x_wconf 84' lang='lat' dir='ltr'><strong>habitasse</strong></span> <span class='ocrx_word' id='word_1_906' title='bbox 3043 4645 3289 4710; x_wconf 77' lang='lat' dir='ltr'><strong>Sclavos,</strong></span> <span class='ocrx_word' id='word_1_907' title='bbox 3351 4639 3714 4704; x_wconf 72' lang='lat' dir='ltr'><strong>manifestum</strong></span> <span class='ocrx_word' id='word_1_908' title='bbox 3781 4640 3856 4698; x_wconf 86' lang='lat' dir='ltr'><strong>ﬁt.</strong></span> 
     </span>
    </p>
   </div>
   <div class='ocr_carea' id='block_1_130' title="bbox 2229 4713 3858 4782">
    <p class='ocr_par' dir='ltr' id='par_1_130' title="bbox 2229 4713 3858 4782">
     <span class='ocr_line' id='line_1_132' title="bbox 2229 4713 3858 4782; baseline -0.002 -12"><span class='ocrx_word' id='word_1_909' title='bbox 2229 4713 2460 4770; x_wconf 88' lang='lat' dir='ltr'><strong>Sclavos</strong></span> <span class='ocrx_word' id='word_1_910' title='bbox 2515 4713 2706 4782; x_wconf 89' lang='lat' dir='ltr'><strong>itaque</strong></span> <span class='ocrx_word' id='word_1_911' title='bbox 2734 4715 2939 4770; x_wconf 68' lang='lat' dir='ltr'><strong>saeculo</strong></span> <span class='ocrx_word' id='word_1_912' title='bbox 2983 4721 3182 4773; x_wconf 87' lang='lat' dir='ltr'><strong>octavo</strong></span> <span class='ocrx_word' id='word_1_913' title='bbox 3220 4727 3557 4775; x_wconf 82' lang='lat' dir='ltr'><strong>senescente</strong></span> <span class='ocrx_word' id='word_1_914' title='bbox 3587 4731 3685 4772; x_wconf 87' lang='lat' dir='ltr'><strong>seu</strong></span> <span class='ocrx_word' id='word_1_915' title='bbox 3717 4723 3858 4776; x_wconf 87' lang='lat' dir='ltr'><strong>tunc,</strong></span> 
     </span>
    </p>
   </div>
   <div class='ocr_carea' id='block_1_131' title="bbox 2229 4784 3858 4856">
    <p class='ocr_par' dir='ltr' id='par_1_131' title="bbox 2229 4784 3858 4856">
     <span class='ocr_line' id='line_1_133' title="bbox 2229 4784 3858 4856; baseline -0.001 -16"><span class='ocrx_word' id='word_1_916' title='bbox 2229 4798 2362 4841; x_wconf 90' lang='lat' dir='ltr'><strong>cum</strong></span> <span class='ocrx_word' id='word_1_917' title='bbox 2407 4784 2707 4842; x_wconf 88' lang='lat' dir='ltr'><strong>obsidione</strong></span> <span class='ocrx_word' id='word_1_918' title='bbox 2738 4800 2862 4854; x_wconf 90' lang='lat' dir='ltr'><strong>cap.</strong></span> <span class='ocrx_word' id='word_1_919' title='bbox 2917 4789 3173 4856; x_wconf 69' lang='lat' dir='ltr'><strong>praesenti</strong></span> <span class='ocrx_word' id='word_1_920' title='bbox 3215 4799 3528 4846; x_wconf 91' lang='lat' dir='ltr'><strong>memorata</strong></span> <span class='ocrx_word' id='word_1_921' title='bbox 3575 4784 3858 4856; x_wconf 55' lang='lat' dir='ltr'><strong>Thessalo:</strong></span> 
     </span>
    </p>
   </div>
   <div class='ocr_carea' id='block_1_132' title="bbox 2230 4851 3859 4926">
    <p class='ocr_par' dir='ltr' id='par_1_132' title="bbox 2230 4851 3859 4926">
     <span class='ocr_line' id='line_1_134' title="bbox 2230 4851 3859 4926; baseline -0.001 -16"><span class='ocrx_word' id='word_1_922' title='bbox 2230 4855 2419 4912; x_wconf 91' lang='lat' dir='ltr'><strong>nicam</strong></span> <span class='ocrx_word' id='word_1_923' title='bbox 2485 4851 2932 4926; x_wconf 46' lang='lat' dir='ltr'><strong>presserunt—,in&#39;</strong></span> <span class='ocrx_word' id='word_1_924' title='bbox 2978 4858 3117 4915; x_wconf 91' lang='lat' dir='ltr'><strong>locis</strong></span> <span class='ocrx_word' id='word_1_925' title='bbox 3177 4875 3207 4915; x_wconf 89' lang='lat' dir='ltr'><strong>a</strong></span> <span class='ocrx_word' id='word_1_926' title='bbox 3270 4859 3678 4917; x_wconf 89' lang='lat' dir='ltr'><strong>Thessalonica</strong></span> <span class='ocrx_word' id='word_1_927' title='bbox 3721 4851 3859 4912; x_wconf 88' lang='lat' dir='ltr'><strong>haud</strong></span> 
     </span>
    </p>
   </div>
   <div class='ocr_carea' id='block_1_133' title="bbox 2232 4927 3858 5000">
    <p class='ocr_par' dir='ltr' id='par_1_133' title="bbox 2232 4927 3858 5000">
     <span class='ocr_line' id='line_1_135' title="bbox 2232 4927 3858 5000; baseline -0.002 -17"><span class='ocrx_word' id='word_1_928' title='bbox 2232 4927 2482 4984; x_wconf 88' lang='lat' dir='ltr'><strong>multum</strong></span> <span class='ocrx_word' id='word_1_929' title='bbox 2535 4929 2792 5000; x_wconf 82' lang='lat' dir='ltr'><strong>remotis,</strong></span> <span class='ocrx_word' id='word_1_930' title='bbox 2828 4930 3013 5000; x_wconf 85' lang='lat' dir='ltr'><strong>reipsa</strong></span> <span class='ocrx_word' id='word_1_931' title='bbox 3075 4930 3268 5000; x_wconf 86' lang='lat' dir='ltr'><strong>etiam,</strong></span> <span class='ocrx_word' id='word_1_932' title='bbox 3308 4940 3369 4987; x_wconf 91' lang='lat' dir='ltr'><strong>ut</strong></span> <span class='ocrx_word' id='word_1_933' title='bbox 3427 4941 3627 4988; x_wconf 90' lang='lat' dir='ltr'><strong>auctor</strong></span> <span class='ocrx_word' id='word_1_934' title='bbox 3684 4936 3858 5000; x_wconf 82' lang='lat' dir='ltr'><strong>noster</strong></span> 
     </span>
    </p>
   </div>
   <div class='ocr_carea' id='block_1_134' title="bbox 2231 4997 3858 5068">
    <p class='ocr_par' dir='ltr' id='par_1_134' title="bbox 2231 4997 3858 5068">
     <span class='ocr_line' id='line_1_136' title="bbox 2231 4997 3858 5068; baseline -0.002 -14"><span class='ocrx_word' id='word_1_935' title='bbox 2231 5012 2556 5068; x_wconf 84' lang='lat' dir='ltr'><strong>anonymus</strong></span> <span class='ocrx_word' id='word_1_936' title='bbox 2633 4997 2758 5067; x_wconf 88' lang='lat' dir='ltr'><strong>plus</strong></span> <span class='ocrx_word' id='word_1_937' title='bbox 2811 4999 2986 5055; x_wconf 86' lang='lat' dir='ltr'><strong>semel</strong></span> <span class='ocrx_word' id='word_1_938' title='bbox 3058 4997 3290 5067; x_wconf 80' lang='lat' dir='ltr'><strong>indicat,</strong></span> <span class='ocrx_word' id='word_1_939' title='bbox 3362 5002 3633 5059; x_wconf 88' lang='lat' dir='ltr'><strong>habuisse</strong></span> <span class='ocrx_word' id='word_1_940' title='bbox 3689 4998 3858 5062; x_wconf 84' lang='lat' dir='ltr'><strong>sedes,</strong></span> 
     </span>
    </p>
   </div>
   <div class='ocr_carea' id='block_1_135' title="bbox 2235 5068 3861 5143">
    <p class='ocr_par' dir='ltr' id='par_1_135' title="bbox 2235 5068 3861 5143">
     <span class='ocr_line' id='line_1_137' title="bbox 2235 5068 3861 5143; baseline -0.003 -17"><span class='ocrx_word' id='word_1_941' title='bbox 2235 5068 2621 5143; x_wconf 89' lang='lat' dir='ltr'><strong>indubitatum</strong></span> <span class='ocrx_word' id='word_1_942' title='bbox 2663 5083 2733 5126; x_wconf 85' lang='lat' dir='ltr'><strong>ex</strong></span> <span class='ocrx_word' id='word_1_943' title='bbox 2791 5070 3059 5128; x_wconf 89' lang='lat' dir='ltr'><strong>omnibus</strong></span> <span class='ocrx_word' id='word_1_944' title='bbox 3117 5072 3234 5143; x_wconf 88' lang='lat' dir='ltr'><strong>jam</strong></span> <span class='ocrx_word' id='word_1_945' title='bbox 3293 5071 3462 5130; x_wconf 90' lang='lat' dir='ltr'><strong>dictis</strong></span> <span class='ocrx_word' id='word_1_946' title='bbox 3526 5078 3861 5142; x_wconf 85' lang='lat' dir='ltr'><strong>apparet,ac</strong></span> 
     </span>
    </p>
   </div>
   <div class='ocr_carea' id='block_1_136' title="bbox 2233 5142 3864 5215">
    <p class='ocr_par' dir='ltr' id='par_1_136' title="bbox 2233 5142 3864 5215">
     <span class='ocr_line' id='line_1_138' title="bbox 2233 5142 3864 5215; baseline -0.004 -17"><span class='ocrx_word' id='word_1_947' title='bbox 2233 5145 2404 5215; x_wconf 82' lang='lat' dir='ltr'><strong>proin</strong></span> <span class='ocrx_word' id='word_1_948' title='bbox 2444 5142 2612 5196; x_wconf 91' lang='lat' dir='ltr'><strong>etiam</strong></span> <span class='ocrx_word' id='word_1_949' title='bbox 2656 5147 2793 5198; x_wconf 90' lang='lat' dir='ltr'><strong>tunc</strong></span> <span class='ocrx_word' id='word_1_950' title='bbox 2824 5143 2971 5206; x_wconf 89' lang='lat' dir='ltr'><strong>illos,</strong></span> <span class='ocrx_word' id='word_1_951' title='bbox 3000 5145 3096 5213; x_wconf 91' lang='lat' dir='ltr'><strong>qui</strong></span> <span class='ocrx_word' id='word_1_952' title='bbox 3119 5142 3308 5199; x_wconf 67' lang='lat' dir='ltr'><strong>SLIJVi</strong></span> <span class='ocrx_word' id='word_1_953' title='bbox 3339 5143 3648 5215; x_wconf 85' lang='lat' dir='ltr'><strong>Strymonii</strong></span> <span class='ocrx_word' id='word_1_954' title='bbox 3675 5152 3864 5215; x_wconf 60' lang='lat' dir='ltr'><strong>secun:</strong></span> 
     </span>
    </p>
   </div>
   <div class='ocr_carea' id='block_1_137' title="bbox 2236 5205 3865 5286">
    <p class='ocr_par' dir='ltr' id='par_1_137' title="bbox 2236 5205 3865 5286">
     <span class='ocr_line' id='line_1_139' title="bbox 2236 5205 3865 5286; baseline 0.003 -19"><span class='ocrx_word' id='word_1_955' title='bbox 2236 5205 2372 5286; x_wconf 65' lang='lat' dir='ltr'><strong>dum</strong></span> <span class='ocrx_word' id='word_1_956' title='bbox 2432 5221 2724 5286; x_wconf 86' lang='lat' dir='ltr'><strong>auctorem</strong></span> <span class='ocrx_word' id='word_1_957' title='bbox 2780 5205 3037 5271; x_wconf 78' lang='lat' dir='ltr'><strong>nostrum</strong></span> <span class='ocrx_word' id='word_1_958' title='bbox 3086 5205 3458 5286; x_wconf 71' lang='lat' dir='ltr'><strong>anonymum&#39;</strong></span> <span class='ocrx_word' id='word_1_959' title='bbox 3491 5219 3773 5286; x_wconf 81' lang='lat' dir='ltr'><strong>exstitere,</strong></span> <span class='ocrx_word' id='word_1_960' title='bbox 3803 5205 3865 5264; x_wconf 78' lang='lat' dir='ltr'><strong>ad</strong></span> 
     </span>
    </p>
   </div>
   <div class='ocr_carea' id='block_1_138' title="bbox 2237 5281 3865 5358">
    <p class='ocr_par' dir='ltr' id='par_1_138' title="bbox 2237 5281 3865 5358">
     <span class='ocr_line' id='line_1_140' title="bbox 2237 5281 3865 5358; baseline -0.002 -20"><span class='ocrx_word' id='word_1_961' title='bbox 2237 5281 2476 5358; x_wconf 55' lang='lat' dir='ltr'><strong>fluvium</strong></span> <span class='ocrx_word' id='word_1_962' title='bbox 2532 5281 2895 5358; x_wconf 78' lang='lat' dir='ltr'><strong>Strymonem</strong></span> <span class='ocrx_word' id='word_1_963' title='bbox 2927 5300 3029 5342; x_wconf 89' lang='lat' dir='ltr'><strong>seu</strong></span> <span class='ocrx_word' id='word_1_964' title='bbox 3064 5287 3134 5358; x_wconf 83' lang='lat' dir='ltr'><strong>in</strong></span> <span class='ocrx_word' id='word_1_965' title='bbox 3183 5281 3791 5358; x_wconf 12' lang='lat' dir='ltr'><strong>themate78trymortio</strong></span> <span class='ocrx_word' id='word_1_966' title='bbox 3837 5292 3865 5334; x_wconf 86' lang='lat' dir='ltr'><strong>a</strong></span> 
     </span>
    </p>
   </div>
   <div class='ocr_carea' id='block_1_139' title="bbox 2239 5353 3867 5431">
    <p class='ocr_par' dir='ltr' id='par_1_139' title="bbox 2239 5353 3867 5431">
     <span class='ocr_line' id='line_1_141' title="bbox 2239 5353 3867 5431; baseline -0.002 -19"><span class='ocrx_word' id='word_1_967' title='bbox 2239 5353 2646 5431; x_wconf 67' lang='lat' dir='ltr'><strong>Thessalontca</strong></span> <span class='ocrx_word' id='word_1_968' title='bbox 2680 5355 2834 5431; x_wconf 80' lang='lat' dir='ltr'><strong>haud</strong></span> <span class='ocrx_word' id='word_1_969' title='bbox 2874 5357 3076 5426; x_wconf 87' lang='lat' dir='ltr'><strong>procul</strong></span> <span class='ocrx_word' id='word_1_970' title='bbox 3110 5358 3330 5431; x_wconf 86' lang='lat' dir='ltr'><strong>dissito,</strong></span> <span class='ocrx_word' id='word_1_971' title='bbox 3368 5353 3675 5431; x_wconf 54' lang='lat' dir='ltr'><strong>habitasset</strong></span> <span class='ocrx_word' id='word_1_972' title='bbox 3707 5354 3867 5431; x_wconf 60' lang='lat' dir='ltr'><strong>Crete;</strong></span> 
     </span>
    </p>
   </div>
   <div class='ocr_carea' id='block_1_140' title="bbox 2239 5418 3865 5550">
    <p class='ocr_par' dir='ltr' id='par_1_140' title="bbox 2239 5418 3865 5550">
     <span class='ocr_line' id='line_1_142' title="bbox 2239 5418 3865 5550; baseline -0.002 -66"><span class='ocrx_word' id='word_1_973' title='bbox 2239 5438 2372 5484; x_wconf 87' lang='lat' dir='ltr'><strong>rum</strong></span> <span class='ocrx_word' id='word_1_974' title='bbox 2404 5437 2525 5484; x_wconf 87' lang='lat' dir='ltr'><strong>tum</strong></span> <span class='ocrx_word' id='word_1_975' title='bbox 2551 5425 2785 5484; x_wconf 83' lang='lat' dir='ltr'><strong>Sclavos</strong></span> <span class='ocrx_word' id='word_1_976' title='bbox 2818 5418 3013 5497; x_wconf 75' lang='lat' dir='ltr'><strong>hosce,</strong></span> <span class='ocrx_word' id='word_1_977' title='bbox 3041 5438 3162 5487; x_wconf 90' lang='lat' dir='ltr'><strong>tum</strong></span> <span class='ocrx_word' id='word_1_978' title='bbox 3191 5418 3363 5487; x_wconf 82' lang='lat' dir='ltr'><strong>etiam</strong></span> <span class='ocrx_word' id='word_1_979' title='bbox 3387 5429 3531 5486; x_wconf 89' lang='lat' dir='ltr'><strong>alios</strong></span> <span class='ocrx_word' id='word_1_980' title='bbox 3561 5429 3616 5485; x_wconf 89' lang='lat' dir='ltr'><strong>in</strong></span> <span class='ocrx_word' id='word_1_981' title='bbox 3660 5418 3865 5550; x_wconf 48' lang='lat' dir='ltr'><strong>impletis:</strong></span> 
     </span>
     <span class='ocr_line' id='line_1_143' title="bbox 3560 5510 3765 5550; baseline 0 0"><span class='ocrx_word' id='word_1_982' title='bbox 3560 5510 3765 5550; x_wconf 78' lang='lat' dir='ltr'><strong>remum</strong></span> 
     </span>
    </p>
   </div>
   <div class='ocr_carea' id='block_1_141' title="bbox 3559 5505 3868 5568">
    <p class='ocr_par' dir='ltr' id='par_1_141' title="bbox 3559 5505 3868 5568">
     <span class='ocr_line' id='line_1_144' title="bbox 3559 5505 3868 5568; baseline -0.029 -12"><span class='ocrx_word' id='word_1_983' title='bbox 3559 5505 3868 5568; x_wconf 85' lang='lat' dir='ltr'><strong>regionibus</strong></span> 
     </span>
    </p>
   </div>
   <div class='ocr_carea' id='block_1_142' title="bbox 587 5640 3865 5713">
    <p class='ocr_par' dir='ltr' id='par_1_142' title="bbox 587 5640 3865 5713">
     <span class='ocr_line' id='line_1_145' title="bbox 587 5640 3865 5713; baseline -0.002 -16"><span class='ocrx_word' id='word_1_984' title='bbox 587 5641 700 5712; x_wconf 88' lang='lat'><strong>(68)</strong></span> <span class='ocrx_word' id='word_1_985' title='bbox 745 5641 850 5700; x_wconf 84' lang='lat' dir='ltr'><strong>Abi</strong></span> <span class='ocrx_word' id='word_1_986' title='bbox 883 5653 1054 5713; x_wconf 89' lang='lat' dir='ltr'><strong>supra</strong></span> <span class='ocrx_word' id='word_1_987' title='bbox 1097 5651 1214 5713; x_wconf 90' lang='lat' dir='ltr'><strong>not.</strong></span> <span class='ocrx_word' id='word_1_988' title='bbox 1267 5641 1358 5709; x_wconf 86' lang='grc'><strong>61,</strong></span> <span class='ocrx_word' id='word_1_989' title='bbox 1391 5641 1667 5712; x_wconf 80' lang='lat' dir='ltr'><strong>dictisque</strong></span> <span class='ocrx_word' id='word_1_990' title='bbox 1696 5640 1930 5713; x_wconf 71' lang='lat' dir='ltr'><strong>ibidem</strong></span> <span class='ocrx_word' id='word_1_991' title='bbox 1975 5655 2047 5698; x_wconf 71' lang='lat' dir='ltr'><strong>ex</strong></span> <span class='ocrx_word' id='word_1_992' title='bbox 2095 5643 2165 5700; x_wconf 86' lang='lat' dir='ltr'><strong>iis</strong></span> <span class='ocrx_word' id='word_1_993' title='bbox 2246 5641 2580 5701; x_wconf 82' lang='lat' dir='ltr'><strong>Runchinos</strong></span> <span class='ocrx_word' id='word_1_994' title='bbox 2634 5641 2973 5713; x_wconf 87' lang='lat' dir='ltr'><strong>Strymoniis</strong></span> <span class='ocrx_word' id='word_1_995' title='bbox 3010 5643 3280 5701; x_wconf 85' lang='lat' dir='ltr'><strong>finitimos</strong></span> <span class='ocrx_word' id='word_1_996' title='bbox 3330 5641 3746 5703; x_wconf 86' lang='lat' dir='ltr'><strong>verosimillime</strong></span> <span class='ocrx_word' id='word_1_997' title='bbox 3781 5646 3865 5693; x_wconf 83' lang='lat' dir='ltr'><strong>ex-</strong></span> 
     </span>
    </p>
   </div>
   <div class='ocr_carea' id='block_1_143' title="bbox 510 5711 2162 5788">
    <p class='ocr_par' dir='ltr' id='par_1_143' title="bbox 510 5711 2162 5788">
     <span class='ocr_line' id='line_1_146' title="bbox 510 5711 2162 5788; baseline 0.001 -17"><span class='ocrx_word' id='word_1_998' title='bbox 510 5711 632 5788; x_wconf 85' lang='lat' dir='ltr'><strong>quae</strong></span> <span class='ocrx_word' id='word_1_999' title='bbox 670 5713 742 5771; x_wconf 90' lang='lat' dir='ltr'><strong>ad</strong></span> <span class='ocrx_word' id='word_1_1000' title='bbox 796 5722 915 5771; x_wconf 90' lang='lat' dir='ltr'><strong>not.</strong></span> <span class='ocrx_word' id='word_1_1001' title='bbox 956 5711 1213 5784; x_wconf 62' lang='lat' dir='ltr'><strong>&#39;praeced.</strong></span> <span class='ocrx_word' id='word_1_1002' title='bbox 1267 5711 1592 5778; x_wconf 72' lang='lat' dir='ltr'><strong>observavi,</strong></span> <span class='ocrx_word' id='word_1_1003' title='bbox 1619 5711 1890 5785; x_wconf 87' lang='lat' dir='ltr'><strong>adiunge,</strong></span> <span class='ocrx_word' id='word_1_1004' title='bbox 1934 5713 2162 5772; x_wconf 88' lang='lat' dir='ltr'><strong>Sclavos</strong></span> 
     </span>
    </p>
   </div>
   <div class='ocr_carea' id='block_1_144' title="bbox 2245 5717 2476 5776">
    <p class='ocr_par' dir='ltr' id='par_1_144' title="bbox 2245 5717 2476 5776">
     <span class='ocr_line' id='line_1_147' title="bbox 2245 5717 2476 5776; baseline -0.004 -4"><span class='ocrx_word' id='word_1_1005' title='bbox 2245 5717 2476 5776; x_wconf 79' lang='lat' dir='ltr'><strong>stitisse.</strong></span> 
     </span>
    </p>
   </div>
  </div>
