  <div class='ocr_page' id='page_1' title='image "/cluster/home/n/w/nwhite01/storage/ocr_20150623/116:no.3/coo.31924054870203/686.png"; bbox 0 0 4124 6422; ppageno 0'>
   <div class='ocr_carea' id='block_1_1' title="bbox 295 339 445 422">
    <p class='ocr_par' dir='ltr' id='par_1_1' title="bbox 295 339 445 422">
     <span class='ocr_line' id='line_1_1' title="bbox 295 339 445 422; baseline 0 -2"><span class='ocrx_word' id='word_1_1' title='bbox 295 348 324 420; x_wconf 88' lang='grc'><strong>1-</strong></span> <span class='ocrx_word' id='word_1_2' title='bbox 332 339 445 422; x_wconf 74' lang='lat'><strong>357</strong></span> 
     </span>
    </p>
   </div>
   <div class='ocr_carea' id='block_1_2' title="bbox 1373 339 2569 421">
    <p class='ocr_par' dir='ltr' id='par_1_2' title="bbox 1373 339 2569 421">
     <span class='ocr_line' id='line_1_2' title="bbox 1373 339 2569 421; baseline 0.002 -2"><span class='ocrx_word' id='word_1_3' title='bbox 1373 339 1434 419; x_wconf 65' lang='grc' dir='ltr'><strong>Β.</strong></span> <span class='ocrx_word' id='word_1_4' title='bbox 1481 354 1861 420; x_wconf 82' lang='lat' dir='ltr'><strong>DEMETRII</strong></span> <span class='ocrx_word' id='word_1_5' title='bbox 1904 355 2306 420; x_wconf 81' lang='lat' dir='ltr'><strong>MARTYRIS</strong></span> <span class='ocrx_word' id='word_1_6' title='bbox 2345 353 2569 421; x_wconf 81' lang='lat' dir='ltr'><strong>ACTA.</strong></span> 
     </span>
    </p>
   </div>
   <div class='ocr_carea' id='block_1_3' title="bbox 3519 325 3672 428">
    <p class='ocr_par' dir='ltr' id='par_1_3' title="bbox 3519 325 3672 428">
     <span class='ocr_line' id='line_1_3' title="bbox 3519 325 3672 428; baseline 0.013 -2"><span class='ocrx_word' id='word_1_7' title='bbox 3519 325 3672 428; x_wconf 74' lang='lat'><strong>1358</strong></span> 
     </span>
    </p>
   </div>
   <div class='ocr_carea' id='block_1_4' title="bbox 281 487 1940 575">
    <p class='ocr_par' dir='ltr' id='par_1_4' title="bbox 281 487 1920 572">
     <span class='ocr_line' id='line_1_4' title="bbox 281 487 1920 572; baseline 0.001 -23"><span class='ocrx_word' id='word_1_8' title='bbox 281 492 595 550; x_wconf 85' lang='grc' dir='ltr'>παυσάντων</span> <span class='ocrx_word' id='word_1_9' title='bbox 646 492 738 549; x_wconf 80' lang='grc' dir='ltr'><strong>καί</strong></span> <span class='ocrx_word' id='word_1_10' title='bbox 793 487 1109 562; x_wconf 76' lang='grc' dir='ltr'>διαζεύκτων</span> <span class='ocrx_word' id='word_1_11' title='bbox 1181 489 1386 572; x_wconf 76' lang='grc' dir='ltr'>ὅπλων,</span> <span class='ocrx_word' id='word_1_12' title='bbox 1444 491 1564 556; x_wconf 78' lang='grc' dir='ltr'>τοὺς</span> <span class='ocrx_word' id='word_1_13' title='bbox 1611 492 1920 551; x_wconf 80' lang='grc' dir='ltr'>θαλαττίους</span> 
     </span>
    </p>
   </div>
   <div class='ocr_carea' id='block_1_5' title="bbox 2033 487 3672 575">
    <p class='ocr_par' dir='ltr' id='par_1_5' title="bbox 2033 494 3672 575">
     <span class='ocr_line' id='line_1_5' title="bbox 2033 494 3672 575; baseline 0.006 -25"><span class='ocrx_word' id='word_1_14' title='bbox 2033 507 2217 552; x_wconf 77' lang='lat' dir='ltr'><strong>larum</strong></span> <span class='ocrx_word' id='word_1_15' title='bbox 2253 497 2511 571; x_wconf 90' lang='lat' dir='ltr'><strong>partium</strong></span> <span class='ocrx_word' id='word_1_16' title='bbox 2545 501 2690 556; x_wconf 89' lang='lat' dir='ltr'><strong>sunt</strong></span> <span class='ocrx_word' id='word_1_17' title='bbox 2723 494 2941 575; x_wconf 97' lang='lat' dir='ltr'><strong>partim</strong></span> <span class='ocrx_word' id='word_1_18' title='bbox 2976 495 3437 572; x_wconf 80' lang='lat' dir='ltr'><strong>quiescentibus</strong></span> <span class='ocrx_word' id='word_1_19' title='bbox 3459 497 3672 560; x_wconf 81' lang='lat' dir='ltr'><strong>armis-</strong></span> 
     </span>
    </p>
   </div>
   <div class='ocr_carea' id='block_1_6' title="bbox 283 577 1933 659">
    <p class='ocr_par' dir='ltr' id='par_1_6' title="bbox 283 577 1933 659">
     <span class='ocr_line' id='line_1_6' title="bbox 283 577 1933 659; baseline -0.001 -22"><span class='ocrx_word' id='word_1_20' title='bbox 283 579 571 657; x_wconf 76' lang='grc' dir='ltr'><strong>πλωτῆρας</strong></span> <span class='ocrx_word' id='word_1_21' title='bbox 625 581 749 645; x_wconf 84' lang='grc' dir='ltr'>τοὺς</span> <span class='ocrx_word' id='word_1_22' title='bbox 794 580 879 636; x_wconf 76' lang='grc' dir='ltr'>ἐπὶ</span> <span class='ocrx_word' id='word_1_23' title='bbox 922 577 1263 658; x_wconf 78' lang='grc' dir='ltr'>παρακομιδῇ</span> <span class='ocrx_word' id='word_1_24' title='bbox 1307 586 1525 659; x_wconf 83' lang='grc' dir='ltr'>καρπῶν</span> <span class='ocrx_word' id='word_1_25' title='bbox 1591 579 1646 635; x_wconf 80' lang='grc' dir='ltr'>ἐν</span> <span class='ocrx_word' id='word_1_26' title='bbox 1706 586 1774 655; x_wconf 77' lang='grc' dir='ltr'><strong>τῇ</strong></span> <span class='ocrx_word' id='word_1_27' title='bbox 1831 581 1933 656; x_wconf 78' lang='grc' dir='ltr'><strong>βα-</strong></span> 
     </span>
    </p>
   </div>
   <div class='ocr_carea' id='block_1_7' title="bbox 281 669 1934 746">
    <p class='ocr_par' dir='ltr' id='par_1_7' title="bbox 281 669 1934 746">
     <span class='ocr_line' id='line_1_7' title="bbox 281 669 1934 746; baseline -0.001 -20"><span class='ocrx_word' id='word_1_28' title='bbox 281 671 564 746; x_wconf 75' lang='grc' dir='ltr'>σιλευούσῃ</span> <span class='ocrx_word' id='word_1_29' title='bbox 623 671 868 731; x_wconf 73' lang='grc' dir='ltr'>ἀνιόντας</span> <span class='ocrx_word' id='word_1_30' title='bbox 941 669 1094 726; x_wconf 89' lang='grc' dir='ltr'>πόλει</span> <span class='ocrx_word' id='word_1_31' title='bbox 1153 670 1506 746; x_wconf 71' lang='grc' dir='ltr'>παμπόλλους</span> <span class='ocrx_word' id='word_1_32' title='bbox 1559 669 1934 746; x_wconf 80' lang='grc' dir='ltr'>ἐκπορθήσαν-</span> 
     </span>
    </p>
   </div>
   <div class='ocr_carea' id='block_1_8' title="bbox 281 758 1932 838">
    <p class='ocr_par' dir='ltr' id='par_1_8' title="bbox 281 758 1932 838">
     <span class='ocr_line' id='line_1_8' title="bbox 281 758 1932 838; baseline -0.002 -21"><span class='ocrx_word' id='word_1_33' title='bbox 281 783 393 838; x_wconf 86' lang='grc' dir='ltr'>τες,</span> <span class='ocrx_word' id='word_1_34' title='bbox 441 761 548 817; x_wconf 75' lang='grc' dir='ltr'><strong>ἀπὸ</strong></span> <span class='ocrx_word' id='word_1_35' title='bbox 599 782 656 816; x_wconf 89' lang='grc' dir='ltr'><strong>τε</strong></span> <span class='ocrx_word' id='word_1_36' title='bbox 716 760 822 816; x_wconf 77' lang='grc' dir='ltr'>τῶν</span> <span class='ocrx_word' id='word_1_37' title='bbox 890 760 1065 830; x_wconf 79' lang='grc' dir='ltr'>νήσων</span> <span class='ocrx_word' id='word_1_38' title='bbox 1125 762 1212 816; x_wconf 84' lang='grc' dir='ltr'><strong>καὶ</strong></span> <span class='ocrx_word' id='word_1_39' title='bbox 1263 765 1363 826; x_wconf 76' lang='grc' dir='ltr'>τῆς</span> <span class='ocrx_word' id='word_1_40' title='bbox 1414 764 1605 825; x_wconf 75' lang='grc' dir='ltr'>στενῆς</span> <span class='ocrx_word' id='word_1_41' title='bbox 1639 758 1932 837; x_wconf 72' lang='grc' dir='ltr'>θαλάττης,</span> 
     </span>
    </p>
   </div>
   <div class='ocr_carea' id='block_1_9' title="bbox 282 848 1930 928">
    <p class='ocr_par' dir='ltr' id='par_1_9' title="bbox 282 848 1930 928">
     <span class='ocr_line' id='line_1_9' title="bbox 282 848 1930 928; baseline -0.002 -22"><span class='ocrx_word' id='word_1_42' title='bbox 282 852 374 906; x_wconf 79' lang='grc' dir='ltr'><strong>καὶ</strong></span> <span class='ocrx_word' id='word_1_43' title='bbox 431 857 534 906; x_wconf 82' lang='grc' dir='ltr'><strong>τῶν</strong></span> <span class='ocrx_word' id='word_1_44' title='bbox 595 850 680 906; x_wconf 80' lang='grc' dir='ltr'><strong>ἐπὶ</strong></span> <span class='ocrx_word' id='word_1_45' title='bbox 735 852 796 905; x_wconf 78' lang='grc' dir='ltr'>τὸ</span> <span class='ocrx_word' id='word_1_46' title='bbox 841 850 1037 928; x_wconf 81' lang='grc' dir='ltr'>Πάριον</span> <span class='ocrx_word' id='word_1_47' title='bbox 1094 852 1182 905; x_wconf 79' lang='grc' dir='ltr'><strong>καὶ</strong></span> <span class='ocrx_word' id='word_1_48' title='bbox 1230 850 1568 925; x_wconf 81' lang='grc' dir='ltr'>ιἸροκόνησον</span> <span class='ocrx_word' id='word_1_49' title='bbox 1620 849 1806 913; x_wconf 79' lang='grc' dir='ltr'>τόπους</span> <span class='ocrx_word' id='word_1_50' title='bbox 1836 848 1930 904; x_wconf 79' lang='grc' dir='ltr'>καί</span> 
     </span>
    </p>
   </div>
   <div class='ocr_carea' id='block_1_10' title="bbox 285 938 1933 1012">
    <p class='ocr_par' dir='ltr' id='par_1_10' title="bbox 285 938 1933 1012">
     <span class='ocr_line' id='line_1_10' title="bbox 285 938 1933 1012; baseline -0.004 -16"><span class='ocrx_word' id='word_1_51' title='bbox 285 941 471 1000; x_wconf 76' lang='grc' dir='ltr'>αὐτοὺς</span> <span class='ocrx_word' id='word_1_52' title='bbox 535 941 659 1003; x_wconf 79' lang='grc' dir='ltr'>τοὺς</span> <span class='ocrx_word' id='word_1_53' title='bbox 726 941 799 1003; x_wconf 87' lang='grc' dir='ltr'>εἷς</span> <span class='ocrx_word' id='word_1_54' title='bbox 879 954 940 995; x_wconf 88' lang='grc' dir='ltr'><strong>το</strong></span> <span class='ocrx_word' id='word_1_55' title='bbox 1001 938 1287 995; x_wconf 84' lang='grc' dir='ltr'>τελωνεϊον</span> <span class='ocrx_word' id='word_1_56' title='bbox 1343 940 1454 1012; x_wconf 81' lang='grc' dir='ltr'>ἅμα</span> <span class='ocrx_word' id='word_1_57' title='bbox 1517 945 1620 993; x_wconf 79' lang='grc' dir='ltr'>τῶν</span> <span class='ocrx_word' id='word_1_58' title='bbox 1679 939 1933 1010; x_wconf 62' lang='grc' dir='ltr'>πλοΐμων</span> 
     </span>
    </p>
   </div>
   <div class='ocr_carea' id='block_1_11' title="bbox 285 1026 1933 1107">
    <p class='ocr_par' dir='ltr' id='par_1_11' title="bbox 285 1026 1933 1107">
     <span class='ocr_line' id='line_1_11' title="bbox 285 1026 1933 1107; baseline -0.002 -22"><span class='ocrx_word' id='word_1_59' title='bbox 285 1027 783 1107; x_wconf 80' lang='grc' dir='ltr'>αἰχμαλωτίσαντες</span> <span class='ocrx_word' id='word_1_60' title='bbox 837 1029 970 1103; x_wconf 72' lang='grc' dir='ltr'>μετὰ</span> <span class='ocrx_word' id='word_1_61' title='bbox 1029 1027 1294 1086; x_wconf 83' lang='grc' dir='ltr'>πλείστων</span> <span class='ocrx_word' id='word_1_62' title='bbox 1349 1028 1493 1095; x_wconf 81' lang='grc' dir='ltr'><strong>νηῶν</strong></span> <span class='ocrx_word' id='word_1_63' title='bbox 1524 1026 1669 1084; x_wconf 79' lang='grc' dir='ltr'>οἴκοι</span> <span class='ocrx_word' id='word_1_64' title='bbox 1702 1026 1785 1083; x_wconf 78' lang='grc' dir='ltr'>ἐπὶ</span> <span class='ocrx_word' id='word_1_65' title='bbox 1841 1030 1933 1082; x_wconf 85' lang='grc' dir='ltr'>θυ-</span> 
     </span>
    </p>
   </div>
   <div class='ocr_carea' id='block_1_12' title="bbox 287 1117 1878 1180">
    <p class='ocr_par' dir='ltr' id='par_1_12' title="bbox 287 1117 1878 1180">
     <span class='ocr_line' id='line_1_12' title="bbox 287 1117 1878 1180; baseline 0 -6"><span class='ocrx_word' id='word_1_66' title='bbox 287 1117 480 1180; x_wconf 63' lang='grc' dir='ltr'>λάκους</span> <span class='ocrx_word' id='word_1_67' title='bbox 515 1119 758 1178; x_wconf 80' lang='grc' dir='ltr'>ἀπίασιν.</span> <span class='ocrx_word' id='word_1_68' title='bbox 1875 1131 1878 1134; x_wconf 82' lang='grc'><em>’</em></span> 
     </span>
    </p>
   </div>
   <div class='ocr_carea' id='block_1_13' title="bbox 371 1293 1931 1375">
    <p class='ocr_par' dir='ltr' id='par_1_13' title="bbox 371 1293 1931 1375">
     <span class='ocr_line' id='line_1_13' title="bbox 371 1293 1931 1375; baseline -0.003 -22"><span class='ocrx_word' id='word_1_69' title='bbox 371 1298 432 1375; x_wconf 70' lang='grc' dir='ltr'>ρζ</span> <span class='ocrx_word' id='word_1_70' title='bbox 449 1297 522 1355; x_wconf 80' lang='grc' dir='ltr'><strong>α’.</strong></span> <span class='ocrx_word' id='word_1_71' title='bbox 553 1299 683 1355; x_wconf 83' lang='grc' dir='ltr'>Τότε</span> <span class='ocrx_word' id='word_1_72' title='bbox 727 1293 782 1352; x_wconf 69' lang='grc' dir='ltr'>δὲ</span> <span class='ocrx_word' id='word_1_73' title='bbox 810 1299 836 1353; x_wconf 83' lang='grc' dir='ltr'>ὁ</span> <span class='ocrx_word' id='word_1_74' title='bbox 893 1301 1000 1353; x_wconf 82' lang='grc' dir='ltr'>τῶν</span> <span class='ocrx_word' id='word_1_75' title='bbox 1049 1295 1378 1374; x_wconf 75' lang='grc' dir='ltr'>πραγμάτων</span> <span class='ocrx_word' id='word_1_76' title='bbox 1409 1296 1610 1374; x_wconf 85' lang='grc' dir='ltr'>κύριος,</span> <span class='ocrx_word' id='word_1_77' title='bbox 1647 1297 1674 1350; x_wconf 84' lang='grc' dir='ltr'><strong>ὁ</strong></span> <span class='ocrx_word' id='word_1_78' title='bbox 1708 1317 1931 1374; x_wconf 78' lang='grc' dir='ltr'>χριστο-</span> 
     </span>
    </p>
   </div>
   <div class='ocr_carea' id='block_1_14' title="bbox 291 1384 1937 1465">
    <p class='ocr_par' dir='ltr' id='par_1_14' title="bbox 291 1384 1937 1465">
     <span class='ocr_line' id='line_1_14' title="bbox 291 1384 1937 1465; baseline -0.004 -23"><span class='ocrx_word' id='word_1_79' title='bbox 291 1389 490 1465; x_wconf 75' lang='grc' dir='ltr'>στεφὴς</span> <span class='ocrx_word' id='word_1_80' title='bbox 527 1389 675 1461; x_wconf 72' lang='grc' dir='ltr'>ἡμῶν</span> <span class='ocrx_word' id='word_1_81' title='bbox 732 1385 1006 1462; x_wconf 84' lang='grc' dir='ltr'>βασιλεὺς,</span> <span class='ocrx_word' id='word_1_82' title='bbox 1055 1385 1153 1452; x_wconf 77' lang='grc' dir='ltr'>τὴν</span> <span class='ocrx_word' id='word_1_83' title='bbox 1201 1385 1463 1460; x_wconf 66' lang='grc' dir='ltr'>ἐπιμονὴν</span> <span class='ocrx_word' id='word_1_84' title='bbox 1513 1386 1599 1441; x_wconf 86' lang='grc' dir='ltr'><strong>καὶ</strong></span> <span class='ocrx_word' id='word_1_85' title='bbox 1630 1384 1937 1454; x_wconf 80' lang='grc' dir='ltr'>ἀλαζονείαν</span> 
     </span>
    </p>
   </div>
   <div class='ocr_carea' id='block_1_15' title="bbox 290 1472 1936 1554">
    <p class='ocr_par' dir='ltr' id='par_1_15' title="bbox 290 1472 1936 1554">
     <span class='ocr_line' id='line_1_15' title="bbox 290 1472 1936 1554; baseline -0.002 -22"><span class='ocrx_word' id='word_1_86' title='bbox 290 1483 398 1532; x_wconf 83' lang='grc' dir='ltr'>τῶν</span> <span class='ocrx_word' id='word_1_87' title='bbox 447 1477 652 1554; x_wconf 79' lang='grc' dir='ltr'>ἐχθρῶν</span> <span class='ocrx_word' id='word_1_88' title='bbox 699 1478 835 1553; x_wconf 82' lang='grc' dir='ltr'>ὁρῶν</span> <span class='ocrx_word' id='word_1_89' title='bbox 892 1476 950 1530; x_wconf 75' lang='grc' dir='ltr'><strong>ού</strong></span> <span class='ocrx_word' id='word_1_90' title='bbox 995 1474 1158 1548; x_wconf 66' lang='grc' dir='ltr'>μόνον</span> <span class='ocrx_word' id='word_1_91' title='bbox 1197 1476 1293 1542; x_wconf 80' lang='grc' dir='ltr'>τὴν</span> <span class='ocrx_word' id='word_1_92' title='bbox 1351 1475 1482 1551; x_wconf 80' lang='grc' dir='ltr'>πρὸς</span> <span class='ocrx_word' id='word_1_93' title='bbox 1518 1474 1615 1541; x_wconf 70' lang='grc' dir='ltr'><strong>τήν</strong></span> <span class='ocrx_word' id='word_1_94' title='bbox 1648 1472 1762 1529; x_wconf 81' lang='grc' dir='ltr'>καθ’</span> <span class='ocrx_word' id='word_1_95' title='bbox 1794 1475 1936 1547; x_wconf 78' lang='grc' dir='ltr'>ἡμᾶς</span> 
     </span>
    </p>
   </div>
   <div class='ocr_carea' id='block_1_16' title="bbox 292 1562 1936 1641">
    <p class='ocr_par' dir='ltr' id='par_1_16' title="bbox 292 1562 1936 1641">
     <span class='ocr_line' id='line_1_16' title="bbox 292 1562 1936 1641; baseline -0.002 -20"><span class='ocrx_word' id='word_1_96' title='bbox 292 1565 472 1639; x_wconf 86' lang='grc' dir='ltr'>πόλιν,</span> <span class='ocrx_word' id='word_1_97' title='bbox 519 1564 595 1620; x_wconf 71' lang='grc' dir='ltr'>ἔτι</span> <span class='ocrx_word' id='word_1_98' title='bbox 646 1563 699 1619; x_wconf 74' lang='grc' dir='ltr'>δὲ</span> <span class='ocrx_word' id='word_1_99' title='bbox 761 1567 847 1620; x_wconf 85' lang='grc' dir='ltr'>καὶ</span> <span class='ocrx_word' id='word_1_100' title='bbox 894 1567 1023 1641; x_wconf 82' lang='grc' dir='ltr'>πρὸς</span> <span class='ocrx_word' id='word_1_101' title='bbox 1070 1564 1256 1626; x_wconf 69' lang='grc' dir='ltr'>αὐτοὺς</span> <span class='ocrx_word' id='word_1_102' title='bbox 1315 1562 1518 1635; x_wconf 82' lang='grc' dir='ltr'>τολμᾷν</span> <span class='ocrx_word' id='word_1_103' title='bbox 1574 1563 1936 1640; x_wconf 77' lang='grc' dir='ltr'>ἀντιπαρατά-</span> 
     </span>
    </p>
   </div>
   <div class='ocr_carea' id='block_1_17' title="bbox 2018 581 3666 668">
    <p class='ocr_par' dir='ltr' id='par_1_17' title="bbox 2018 581 3666 668">
     <span class='ocr_line' id='line_1_17' title="bbox 2018 581 3666 668; baseline 0.007 -28"><span class='ocrx_word' id='word_1_104' title='bbox 2018 597 2135 658; x_wconf 91' lang='lat' dir='ltr'><strong>que</strong></span> <span class='ocrx_word' id='word_1_105' title='bbox 2157 581 2715 661; x_wconf 87' lang='lat' dir='ltr'><strong>disjunctis,nautas</strong></span> <span class='ocrx_word' id='word_1_106' title='bbox 2744 585 3006 646; x_wconf 89' lang='lat' dir='ltr'><strong>marinos</strong></span> <span class='ocrx_word' id='word_1_107' title='bbox 3030 585 3343 667; x_wconf 88' lang='lat' dir='ltr'><strong>plurimos,</strong></span> <span class='ocrx_word' id='word_1_108' title='bbox 3369 587 3527 668; x_wconf 91' lang='lat' dir='ltr'><strong>quia</strong></span> <span class='ocrx_word' id='word_1_109' title='bbox 3555 587 3666 651; x_wconf 91' lang='lat' dir='ltr'><strong>de-</strong></span> 
     </span>
    </p>
   </div>
   <div class='ocr_carea' id='block_1_18' title="bbox 2018 673 3668 747">
    <p class='ocr_par' dir='ltr' id='par_1_18' title="bbox 2018 673 3668 747">
     <span class='ocr_line' id='line_1_18' title="bbox 2018 673 3668 747; baseline 0.008 -21"><span class='ocrx_word' id='word_1_110' title='bbox 2018 673 2281 731; x_wconf 84' lang='lat' dir='ltr'><strong>vehendis</strong></span> <span class='ocrx_word' id='word_1_111' title='bbox 2327 677 2398 732; x_wconf 70' lang='lat' dir='ltr'><strong>ai</strong></span> <span class='ocrx_word' id='word_1_112' title='bbox 2441 676 2732 734; x_wconf 85' lang='lat' dir='ltr'><strong>civitatem</strong></span> <span class='ocrx_word' id='word_1_113' title='bbox 2759 678 3138 747; x_wconf 88' lang='lat' dir='ltr'><strong>imperantem</strong></span> <span class='ocrx_word' id='word_1_114' title='bbox 3163 679 3445 738; x_wconf 77' lang='lat' dir='ltr'><strong>fructibus</strong></span> <span class='ocrx_word' id='word_1_115' title='bbox 3471 695 3668 739; x_wconf 84' lang='lat' dir='ltr'><strong>rever-</strong></span> 
     </span>
    </p>
   </div>
   <div class='ocr_carea' id='block_1_19' title="bbox 2019 757 3668 846">
    <p class='ocr_par' dir='ltr' id='par_1_19' title="bbox 2019 757 3668 846">
     <span class='ocr_line' id='line_1_19' title="bbox 2019 757 3668 846; baseline 0.007 -29"><span class='ocrx_word' id='word_1_116' title='bbox 2019 757 2928 842; x_wconf 86' lang='lat' dir='ltr'><strong>tebantur,diripientes,eosque</strong></span> <span class='ocrx_word' id='word_1_117' title='bbox 2941 763 3043 842; x_wconf 90' lang='lat' dir='ltr'><strong>qui</strong></span> <span class='ocrx_word' id='word_1_118' title='bbox 3058 761 3118 823; x_wconf 89' lang='lat' dir='ltr'><strong>in</strong></span> <span class='ocrx_word' id='word_1_119' title='bbox 3135 761 3349 824; x_wconf 88' lang='lat' dir='ltr'><strong>insulis</strong></span> <span class='ocrx_word' id='word_1_120' title='bbox 3364 765 3668 846; x_wconf 83' lang='lat' dir='ltr'><strong>marisque</strong></span> 
     </span>
    </p>
   </div>
   <div class='ocr_carea' id='block_1_20' title="bbox 2017 847 3667 930">
    <p class='ocr_par' dir='ltr' id='par_1_20' title="bbox 2017 847 3667 930">
     <span class='ocr_line' id='line_1_20' title="bbox 2017 847 3667 930; baseline 0.007 -25"><span class='ocrx_word' id='word_1_121' title='bbox 2017 847 2287 925; x_wconf 74' lang='lat' dir='ltr'><strong>angustia</strong></span> <span class='ocrx_word' id='word_1_122' title='bbox 2307 867 2375 909; x_wconf 93' lang='lat' dir='ltr'><strong>ac</strong></span> <span class='ocrx_word' id='word_1_123' title='bbox 2401 847 2549 911; x_wconf 86' lang='lat' dir='ltr'><strong>locis</strong></span> <span class='ocrx_word' id='word_1_124' title='bbox 2574 848 2646 910; x_wconf 91' lang='lat' dir='ltr'><strong>iis</strong></span> <span class='ocrx_word' id='word_1_125' title='bbox 2668 868 2798 930; x_wconf 73' lang='lat' dir='ltr'><strong>qum</strong></span> <span class='ocrx_word' id='word_1_126' title='bbox 2851 851 3089 913; x_wconf 90' lang='lat' dir='ltr'><strong>Parium</strong></span> <span class='ocrx_word' id='word_1_127' title='bbox 3140 870 3207 913; x_wconf 92' lang='lat' dir='ltr'><strong>ac</strong></span> <span class='ocrx_word' id='word_1_128' title='bbox 3241 851 3667 916; x_wconf 88' lang='lat' dir='ltr'><strong>Proconissum</strong></span> 
     </span>
    </p>
   </div>
   <div class='ocr_carea' id='block_1_21' title="bbox 2016 937 3670 1023">
    <p class='ocr_par' dir='ltr' id='par_1_21' title="bbox 2016 937 3670 1023">
     <span class='ocr_line' id='line_1_21' title="bbox 2016 937 3670 1023; baseline 0.007 -29"><span class='ocrx_word' id='word_1_129' title='bbox 2016 954 2222 996; x_wconf 89' lang='lat' dir='ltr'><strong>versus</strong></span> <span class='ocrx_word' id='word_1_130' title='bbox 2248 937 2371 1016; x_wconf 85' lang='lat'>(69)</span> <span class='ocrx_word' id='word_1_131' title='bbox 2411 937 2524 1000; x_wconf 84' lang='lat' dir='ltr'><strong>sita</strong></span> <span class='ocrx_word' id='word_1_132' title='bbox 2567 948 2724 1008; x_wconf 90' lang='lat' dir='ltr'><strong>sunt,</strong></span> <span class='ocrx_word' id='word_1_133' title='bbox 2771 938 3144 1014; x_wconf 82' lang='lat' dir='ltr'><strong>habitabant,</strong></span> <span class='ocrx_word' id='word_1_134' title='bbox 3176 949 3352 1023; x_wconf 89' lang='lat' dir='ltr'><strong>atque</strong></span> <span class='ocrx_word' id='word_1_135' title='bbox 3382 942 3670 1023; x_wconf 90' lang='lat' dir='ltr'><strong>ipsosmet</strong></span> 
     </span>
    </p>
   </div>
   <div class='ocr_carea' id='block_1_22' title="bbox 2019 1025 3664 1108">
    <p class='ocr_par' dir='ltr' id='par_1_22' title="bbox 2019 1025 3664 1108">
     <span class='ocr_line' id='line_1_22' title="bbox 2019 1025 3664 1108; baseline 0.007 -26"><span class='ocrx_word' id='word_1_136' title='bbox 2019 1025 2196 1084; x_wconf 88' lang='lat' dir='ltr'><strong>etiam</strong></span> <span class='ocrx_word' id='word_1_137' title='bbox 2231 1026 2386 1104; x_wconf 90' lang='lat' dir='ltr'><strong>quia</strong></span> <span class='ocrx_word' id='word_1_138' title='bbox 2418 1026 2807 1106; x_wconf 84' lang='lat' dir='ltr'><strong>vectigalibus</strong></span> <span class='ocrx_word' id='word_1_139' title='bbox 2829 1036 3144 1108; x_wconf 88' lang='lat' dir='ltr'><strong>erant,una</strong></span> <span class='ocrx_word' id='word_1_140' title='bbox 3169 1048 3306 1091; x_wconf 92' lang='lat' dir='ltr'><strong>cum</strong></span> <span class='ocrx_word' id='word_1_141' title='bbox 3334 1031 3410 1091; x_wconf 87' lang='lat' dir='ltr'><strong>iis</strong></span> <span class='ocrx_word' id='word_1_142' title='bbox 3432 1050 3570 1108; x_wconf 62' lang='lat' dir='ltr'><strong>quae</strong></span> <span class='ocrx_word' id='word_1_143' title='bbox 3587 1033 3664 1094; x_wconf 92' lang='lat' dir='ltr'><strong>ad</strong></span> 
     </span>
    </p>
   </div>
   <div class='ocr_carea' id='block_1_23' title="bbox 2021 1113 3663 1199">
    <p class='ocr_par' dir='ltr' id='par_1_23' title="bbox 2021 1113 3663 1199">
     <span class='ocr_line' id='line_1_23' title="bbox 2021 1113 3663 1199; baseline 0.008 -28"><span class='ocrx_word' id='word_1_144' title='bbox 2021 1113 2452 1192; x_wconf 80' lang='lat' dir='ltr'><strong>navigationem</strong></span> <span class='ocrx_word' id='word_1_145' title='bbox 2486 1116 2858 1196; x_wconf 86' lang='lat' dir='ltr'><strong>spectabant,</strong></span> <span class='ocrx_word' id='word_1_146' title='bbox 2885 1117 3212 1199; x_wconf 82' lang='lat' dir='ltr'><strong>capientes,</strong></span> <span class='ocrx_word' id='word_1_147' title='bbox 3243 1138 3379 1181; x_wconf 90' lang='lat' dir='ltr'><strong>cum</strong></span> <span class='ocrx_word' id='word_1_148' title='bbox 3413 1121 3663 1184; x_wconf 87' lang='lat' dir='ltr'><strong>navibus</strong></span> 
     </span>
    </p>
   </div>
   <div class='ocr_carea' id='block_1_24' title="bbox 2020 1202 3446 1287">
    <p class='ocr_par' dir='ltr' id='par_1_24' title="bbox 2020 1202 3446 1287">
     <span class='ocr_line' id='line_1_24' title="bbox 2020 1202 3446 1287; baseline 0.009 -27"><span class='ocrx_word' id='word_1_149' title='bbox 2020 1202 2294 1280; x_wconf 84' lang='lat' dir='ltr'><strong>plurimis</strong></span> <span class='ocrx_word' id='word_1_150' title='bbox 2323 1205 2396 1264; x_wconf 93' lang='lat' dir='ltr'><strong>ad</strong></span> <span class='ocrx_word' id='word_1_151' title='bbox 2433 1223 2598 1267; x_wconf 85' lang='lat' dir='ltr'><strong>casas</strong></span> <span class='ocrx_word' id='word_1_152' title='bbox 2632 1207 2757 1287; x_wconf 78' lang='lat'>(70)</span> <span class='ocrx_word' id='word_1_153' title='bbox 2795 1225 2936 1269; x_wconf 89' lang='lat' dir='ltr'><strong>suas</strong></span> <span class='ocrx_word' id='word_1_154' title='bbox 2966 1209 3446 1273; x_wconf 83' lang='lat' dir='ltr'><strong>revertebantur.</strong></span> 
     </span>
    </p>
   </div>
   <div class='ocr_carea' id='block_1_25' title="bbox 2106 1295 3666 1373">
    <p class='ocr_par' dir='ltr' id='par_1_25' title="bbox 2106 1295 3666 1373">
     <span class='ocr_line' id='line_1_25' title="bbox 2106 1295 3666 1373; baseline 0.008 -21"><span class='ocrx_word' id='word_1_155' title='bbox 2106 1296 2202 1353; x_wconf 83' lang='grc'><strong>191</strong></span> <span class='ocrx_word' id='word_1_156' title='bbox 2223 1295 2410 1356; x_wconf 91' lang='lat' dir='ltr'><strong>.Tunc</strong></span> <span class='ocrx_word' id='word_1_157' title='bbox 2442 1305 2638 1356; x_wconf 82' lang='lat' dir='ltr'><strong>autem</strong></span> <span class='ocrx_word' id='word_1_158' title='bbox 2670 1314 2872 1358; x_wconf 91' lang='lat' dir='ltr'><strong>rerum</strong></span> <span class='ocrx_word' id='word_1_159' title='bbox 2902 1297 3530 1373; x_wconf 88' lang='lat' dir='ltr'><strong>dominus,coronatus</strong></span> <span class='ocrx_word' id='word_1_160' title='bbox 3553 1319 3666 1364; x_wconf 89' lang='lat' dir='ltr'><strong>no-</strong></span> 
     </span>
    </p>
   </div>
   <div class='ocr_carea' id='block_1_26' title="bbox 2021 1383 3668 1464">
    <p class='ocr_par' dir='ltr' id='par_1_26' title="bbox 2021 1383 3668 1464">
     <span class='ocr_line' id='line_1_26' title="bbox 2021 1383 3668 1464; baseline 0.007 -22"><span class='ocrx_word' id='word_1_161' title='bbox 2021 1392 2144 1442; x_wconf 90' lang='lat' dir='ltr'><strong>ster</strong></span> <span class='ocrx_word' id='word_1_162' title='bbox 2173 1401 2206 1443; x_wconf 93' lang='lat' dir='ltr'><strong>a</strong></span> <span class='ocrx_word' id='word_1_163' title='bbox 2235 1383 2474 1444; x_wconf 90' lang='lat' dir='ltr'><strong>Christo</strong></span> <span class='ocrx_word' id='word_1_164' title='bbox 2507 1384 2859 1464; x_wconf 85' lang='lat' dir='ltr'><strong>imperator,</strong></span> <span class='ocrx_word' id='word_1_165' title='bbox 2895 1387 3280 1449; x_wconf 86' lang='lat' dir='ltr'><strong>inimicorum</strong></span> <span class='ocrx_word' id='word_1_166' title='bbox 3314 1387 3668 1454; x_wconf 84' lang='lat' dir='ltr'><strong>obstinatio-</strong></span> 
     </span>
    </p>
   </div>
   <div class='ocr_carea' id='block_1_27' title="bbox 2024 1474 3668 1554">
    <p class='ocr_par' dir='ltr' id='par_1_27' title="bbox 2024 1474 3668 1554">
     <span class='ocr_line' id='line_1_27' title="bbox 2024 1474 3668 1554; baseline 0.008 -24"><span class='ocrx_word' id='word_1_167' title='bbox 2024 1490 2160 1531; x_wconf 91' lang='lat' dir='ltr'><strong>nem</strong></span> <span class='ocrx_word' id='word_1_168' title='bbox 2193 1480 2370 1552; x_wconf 87' lang='lat' dir='ltr'><strong>atque</strong></span> <span class='ocrx_word' id='word_1_169' title='bbox 2403 1474 2953 1554; x_wconf 83' lang='lat' dir='ltr'><strong>arrogantiam,non</strong></span> <span class='ocrx_word' id='word_1_170' title='bbox 2977 1475 3170 1538; x_wconf 88' lang='lat' dir='ltr'><strong>solum</strong></span> <span class='ocrx_word' id='word_1_171' title='bbox 3195 1477 3487 1540; x_wconf 84' lang='lat' dir='ltr'><strong>civitatem</strong></span> <span class='ocrx_word' id='word_1_172' title='bbox 3522 1498 3668 1542; x_wconf 85' lang='lat' dir='ltr'><strong>nos-</strong></span> 
     </span>
    </p>
   </div>
   <div class='ocr_carea' id='block_1_28' title="bbox 2022 1563 3670 1648">
    <p class='ocr_par' dir='ltr' id='par_1_28' title="bbox 2022 1563 3670 1648">
     <span class='ocr_line' id='line_1_28' title="bbox 2022 1563 3670 1648; baseline 0.005 -26"><span class='ocrx_word' id='word_1_173' title='bbox 2022 1563 2314 1641; x_wconf 88' lang='lat' dir='ltr'><strong>tram,sed</strong></span> <span class='ocrx_word' id='word_1_174' title='bbox 2341 1571 2626 1643; x_wconf 65' lang='lat' dir='ltr'><strong>praeterea</strong></span> <span class='ocrx_word' id='word_1_175' title='bbox 2651 1565 2828 1625; x_wconf 90' lang='lat' dir='ltr'><strong>etiam</strong></span> <span class='ocrx_word' id='word_1_176' title='bbox 2853 1583 2956 1626; x_wconf 91' lang='lat' dir='ltr'><strong>eos</strong></span> <span class='ocrx_word' id='word_1_177' title='bbox 2973 1566 3074 1645; x_wconf 91' lang='lat' dir='ltr'><strong>qui</strong></span> <span class='ocrx_word' id='word_1_178' title='bbox 3099 1567 3496 1648; x_wconf 87' lang='lat' dir='ltr'><strong>principatum</strong></span> <span class='ocrx_word' id='word_1_179' title='bbox 3519 1569 3670 1632; x_wconf 86' lang='lat' dir='ltr'><strong>obti-</strong></span> 
     </span>
    </p>
   </div>
   <div class='ocr_carea' id='block_1_29' title="bbox 292 1651 1940 1740">
    <p class='ocr_par' dir='ltr' id='par_1_29' title="bbox 292 1651 1939 1731">
     <span class='ocr_line' id='line_1_29' title="bbox 292 1651 1939 1731; baseline -0.001 -21"><span class='ocrx_word' id='word_1_180' title='bbox 292 1652 472 1720; x_wconf 81' lang='grc' dir='ltr'>ξασθαι</span> <span class='ocrx_word' id='word_1_181' title='bbox 532 1655 650 1716; x_wconf 80' lang='grc' dir='ltr'>τοὺς</span> <span class='ocrx_word' id='word_1_182' title='bbox 713 1661 1057 1731; x_wconf 78' lang='grc' dir='ltr'>κρατοῦντας,</span> <span class='ocrx_word' id='word_1_183' title='bbox 1118 1653 1308 1718; x_wconf 82' lang='grc' dir='ltr'>ἠξίωσε</span> <span class='ocrx_word' id='word_1_184' title='bbox 1371 1653 1489 1716; x_wconf 80' lang='grc' dir='ltr'>τοὺς</span> <span class='ocrx_word' id='word_1_185' title='bbox 1536 1652 1596 1706; x_wconf 83' lang='grc' dir='ltr'>ἐκ</span> <span class='ocrx_word' id='word_1_186' title='bbox 1660 1659 1751 1708; x_wconf 78' lang='grc' dir='ltr'>τοῦ</span> <span class='ocrx_word' id='word_1_187' title='bbox 1781 1651 1939 1708; x_wconf 74' lang='grc' dir='ltr'><strong>αὗτοῦ</strong></span> 
     </span>
    </p>
   </div>
   <div class='ocr_carea' id='block_1_30' title="bbox 2033 1651 3672 1740">
    <p class='ocr_par' dir='ltr' id='par_1_30' title="bbox 2033 1651 3672 1740">
     <span class='ocr_line' id='line_1_30' title="bbox 2033 1651 3672 1740; baseline 0.006 -29"><span class='ocrx_word' id='word_1_188' title='bbox 2033 1651 2513 1730; x_wconf 70' lang='lat' dir='ltr'><strong>aebant,aggredi</strong></span> <span class='ocrx_word' id='word_1_189' title='bbox 2537 1654 2764 1716; x_wconf 91' lang='lat' dir='ltr'><strong>audere</strong></span> <span class='ocrx_word' id='word_1_190' title='bbox 2793 1655 3420 1734; x_wconf 87' lang='lat' dir='ltr'><strong>conSpiciens,contra</strong></span> <span class='ocrx_word' id='word_1_191' title='bbox 3442 1676 3546 1720; x_wconf 90' lang='lat' dir='ltr'><strong>eos</strong></span> <span class='ocrx_word' id='word_1_192' title='bbox 3569 1659 3672 1740; x_wconf 89' lang='lat' dir='ltr'><strong>qui</strong></span> 
     </span>
    </p>
   </div>
   <div class='ocr_carea' id='block_1_31' title="bbox 293 1739 1940 1824">
    <p class='ocr_par' dir='ltr' id='par_1_31' title="bbox 293 1739 1936 1823">
     <span class='ocr_line' id='line_1_31' title="bbox 293 1739 1936 1823; baseline -0.003 -25"><span class='ocrx_word' id='word_1_193' title='bbox 293 1743 643 1823; x_wconf 61' lang='grc' dir='ltr'>φιλοχριστοῦ</span> <span class='ocrx_word' id='word_1_194' title='bbox 719 1751 943 1822; x_wconf 66' lang='grc' dir='ltr'>στρατοῦ</span> <span class='ocrx_word' id='word_1_195' title='bbox 1018 1741 1101 1798; x_wconf 77' lang='grc' dir='ltr'><strong>διὰ</strong></span> <span class='ocrx_word' id='word_1_196' title='bbox 1163 1743 1372 1818; x_wconf 78' lang='grc' dir='ltr'>Θρᾴκης</span> <span class='ocrx_word' id='word_1_197' title='bbox 1431 1744 1520 1798; x_wconf 87' lang='grc' dir='ltr'><strong>καὶ</strong></span> <span class='ocrx_word' id='word_1_198' title='bbox 1578 1749 1684 1797; x_wconf 85' lang='grc' dir='ltr'>τῶν</span> <span class='ocrx_word' id='word_1_199' title='bbox 1747 1739 1936 1796; x_wconf 80' lang='grc' dir='ltr'>ὰντίων</span> 
     </span>
    </p>
   </div>
   <div class='ocr_carea' id='block_1_32' title="bbox 2033 1739 3665 1824">
    <p class='ocr_par' dir='ltr' id='par_1_32' title="bbox 2033 1739 3665 1824">
     <span class='ocr_line' id='line_1_32' title="bbox 2033 1739 3665 1824; baseline 0.006 -24"><span class='ocrx_word' id='word_1_200' title='bbox 2033 1743 2088 1800; x_wconf 79' lang='lat' dir='ltr'><strong>id</strong></span> <span class='ocrx_word' id='word_1_201' title='bbox 2114 1741 2438 1802; x_wconf 79' lang='lat' dir='ltr'><strong>exercitum</strong></span> <span class='ocrx_word' id='word_1_202' title='bbox 2462 1760 2636 1802; x_wconf 93' lang='lat' dir='ltr'><strong>suum</strong></span> <span class='ocrx_word' id='word_1_203' title='bbox 2677 1742 2895 1805; x_wconf 85' lang='lat' dir='ltr'><strong>Christi</strong></span> <span class='ocrx_word' id='word_1_204' title='bbox 2935 1752 3234 1806; x_wconf 89' lang='lat' dir='ltr'><strong>amantem</strong></span> <span class='ocrx_word' id='word_1_205' title='bbox 3289 1739 3665 1824; x_wconf 84' lang='lat' dir='ltr'><strong>spectabant,</strong></span> 
     </span>
    </p>
   </div>
   <div class='ocr_carea' id='block_1_33' title="bbox 292 1830 1940 1911">
    <p class='ocr_par' dir='ltr' id='par_1_33' title="bbox 292 1831 1933 1909">
     <span class='ocr_line' id='line_1_33' title="bbox 292 1831 1933 1909; baseline -0.003 -21"><span class='ocrx_word' id='word_1_206' title='bbox 292 1835 430 1888; x_wconf 74' lang='grc' dir='ltr'>κατὰ</span> <span class='ocrx_word' id='word_1_207' title='bbox 483 1839 588 1888; x_wconf 82' lang='grc' dir='ltr'>τῶν</span> <span class='ocrx_word' id='word_1_208' title='bbox 645 1835 738 1888; x_wconf 72' lang='grc' dir='ltr'>τοῦ</span> <span class='ocrx_word' id='word_1_209' title='bbox 817 1837 1132 1909; x_wconf 82' lang='grc' dir='ltr'>Στρυμὼνος</span> <span class='ocrx_word' id='word_1_210' title='bbox 1195 1831 1800 1904; x_wconf 74' lang='grc' dir='ltr'>καταστρατοπεδεῦσαι,</span> <span class='ocrx_word' id='word_1_211' title='bbox 1878 1831 1933 1886; x_wconf 65' lang='grc' dir='ltr'>οὗ</span> 
     </span>
    </p>
   </div>
   <div class='ocr_carea' id='block_1_34' title="bbox 2033 1830 3672 1911">
    <p class='ocr_par' dir='ltr' id='par_1_34' title="bbox 2033 1830 3672 1911">
     <span class='ocr_line' id='line_1_34' title="bbox 2033 1830 3672 1911; baseline 0.005 -20"><span class='ocrx_word' id='word_1_212' title='bbox 2033 1841 2226 1891; x_wconf 89' lang='lat' dir='ltr'><strong>:ontra</strong></span> <span class='ocrx_word' id='word_1_213' title='bbox 2253 1848 2354 1890; x_wconf 85' lang='lat' dir='ltr'><strong>cos</strong></span> <span class='ocrx_word' id='word_1_214' title='bbox 2378 1830 2481 1906; x_wconf 95' lang='lat' dir='ltr'><strong>qui</strong></span> <span class='ocrx_word' id='word_1_215' title='bbox 2503 1831 2577 1892; x_wconf 91' lang='lat' dir='ltr'><strong>ad</strong></span> <span class='ocrx_word' id='word_1_216' title='bbox 2604 1833 2979 1911; x_wconf 79' lang='lat' dir='ltr'><strong>Strymonem</strong></span> <span class='ocrx_word' id='word_1_217' title='bbox 3011 1833 3189 1895; x_wconf 86' lang='lat' dir='ltr'><strong>sedes</strong></span> <span class='ocrx_word' id='word_1_218' title='bbox 3221 1834 3522 1898; x_wconf 81' lang='lat' dir='ltr'><strong>habebant</strong></span> <span class='ocrx_word' id='word_1_219' title='bbox 3550 1855 3672 1899; x_wconf 90' lang='lat' dir='ltr'><strong>non</strong></span> 
     </span>
    </p>
   </div>
   <div class='ocr_carea' id='block_1_35' title="bbox 293 1917 1940 2005">
    <p class='ocr_par' dir='ltr' id='par_1_35' title="bbox 293 1917 1937 1998">
     <span class='ocr_line' id='line_1_35' title="bbox 293 1917 1937 1998; baseline -0.002 -21"><span class='ocrx_word' id='word_1_220' title='bbox 293 1920 556 1998; x_wconf 75' lang='grc' dir='ltr'>κρυπηδὺν</span> <span class='ocrx_word' id='word_1_221' title='bbox 615 1922 735 1987; x_wconf 72' lang='grc' dir='ltr'>ἢτοι</span> <span class='ocrx_word' id='word_1_222' title='bbox 766 1919 1049 1997; x_wconf 77' lang='grc' dir='ltr'>λαθραίως,</span> <span class='ocrx_word' id='word_1_223' title='bbox 1099 1917 1236 1974; x_wconf 78' lang='grc' dir='ltr'>ἀλλὰ</span> <span class='ocrx_word' id='word_1_224' title='bbox 1288 1920 1376 1974; x_wconf 84' lang='grc' dir='ltr'>καὶ</span> <span class='ocrx_word' id='word_1_225' title='bbox 1432 1919 1777 1997; x_wconf 66' lang='grc' dir='ltr'>προμηνύσας</span> <span class='ocrx_word' id='word_1_226' title='bbox 1837 1921 1937 1974; x_wconf 73' lang='grc' dir='ltr'><strong>αύν</strong></span> 
     </span>
    </p>
   </div>
   <div class='ocr_carea' id='block_1_36' title="bbox 2033 1917 3674 2005">
    <p class='ocr_par' dir='ltr' id='par_1_36' title="bbox 2033 1919 3674 2005">
     <span class='ocr_line' id='line_1_36' title="bbox 2033 1919 3674 2005; baseline 0.006 -27"><span class='ocrx_word' id='word_1_227' title='bbox 2033 1919 2249 1981; x_wconf 68' lang='grc' dir='ltr'>ιεευιιθ</span> <span class='ocrx_word' id='word_1_228' title='bbox 2273 1930 2370 1980; x_wconf 92' lang='lat' dir='ltr'><strong>aut</strong></span> <span class='ocrx_word' id='word_1_229' title='bbox 2394 1919 2622 1999; x_wconf 84' lang='lat' dir='ltr'><strong>furtim,</strong></span> <span class='ocrx_word' id='word_1_230' title='bbox 2649 1923 2752 1982; x_wconf 86' lang='lat' dir='ltr'><strong>sed</strong></span> <span class='ocrx_word' id='word_1_231' title='bbox 2780 1931 2837 1984; x_wconf 89' lang='lat' dir='ltr'><strong>et</strong></span> <span class='ocrx_word' id='word_1_232' title='bbox 2861 1941 2993 2002; x_wconf 69' lang='lat' dir='ltr'><strong>qua:</strong></span> <span class='ocrx_word' id='word_1_233' title='bbox 3015 1922 3300 1985; x_wconf 81' lang='lat' dir='ltr'><strong>adversus</strong></span> <span class='ocrx_word' id='word_1_234' title='bbox 3324 1942 3427 1986; x_wconf 91' lang='lat' dir='ltr'><strong>eos</strong></span> <span class='ocrx_word' id='word_1_235' title='bbox 3451 1925 3509 1986; x_wconf 89' lang='lat' dir='ltr'><strong>in</strong></span> <span class='ocrx_word' id='word_1_236' title='bbox 3535 1943 3674 2005; x_wconf 79' lang='lat' dir='ltr'><strong>pro-</strong></span> 
     </span>
    </p>
   </div>
   <div class='ocr_carea' id='block_1_37' title="bbox 292 2007 1940 2093">
    <p class='ocr_par' dir='ltr' id='par_1_37' title="bbox 292 2007 1932 2086">
     <span class='ocr_line' id='line_1_37' title="bbox 292 2007 1932 2086; baseline -0.002 -20"><span class='ocrx_word' id='word_1_237' title='bbox 292 2011 412 2072; x_wconf 86' lang='grc' dir='ltr'>τοῖς</span> <span class='ocrx_word' id='word_1_238' title='bbox 474 2013 572 2076; x_wconf 80' lang='grc' dir='ltr'>τὴν</span> <span class='ocrx_word' id='word_1_239' title='bbox 641 2012 771 2086; x_wconf 79' lang='grc' dir='ltr'>πρὸς</span> <span class='ocrx_word' id='word_1_240' title='bbox 802 2010 987 2071; x_wconf 68' lang='grc' dir='ltr'>αὐτοὺς</span> <span class='ocrx_word' id='word_1_241' title='bbox 1020 2007 1281 2073; x_wconf 80' lang='grc' dir='ltr'>ὲξὲλευσιν</span> <span class='ocrx_word' id='word_1_242' title='bbox 1317 2026 1328 2038; x_wconf 94' lang='grc'><strong>·</strong></span> <span class='ocrx_word' id='word_1_243' title='bbox 1367 2007 1563 2072; x_wconf 77' lang='grc' dir='ltr'>οἵτινες</span> <span class='ocrx_word' id='word_1_244' title='bbox 1593 2007 1932 2086; x_wconf 84' lang='grc' dir='ltr'>προεγνωκό-</span> 
     </span>
    </p>
   </div>
   <div class='ocr_carea' id='block_1_38' title="bbox 2033 2007 3668 2093">
    <p class='ocr_par' dir='ltr' id='par_1_38' title="bbox 2033 2008 3668 2093">
     <span class='ocr_line' id='line_1_38' title="bbox 2033 2008 3668 2093; baseline 0.004 -23"><span class='ocrx_word' id='word_1_245' title='bbox 2033 2008 2214 2070; x_wconf 81' lang='lat' dir='ltr'><strong>:inctu</strong></span> <span class='ocrx_word' id='word_1_246' title='bbox 2239 2010 2778 2090; x_wconf 81' lang='lat' dir='ltr'><strong>erat,expeditione</strong></span> <span class='ocrx_word' id='word_1_247' title='bbox 2793 2019 2932 2072; x_wconf 88' lang='lat' dir='ltr'><strong>ante</strong></span> <span class='ocrx_word' id='word_1_248' title='bbox 2955 2011 3448 2093; x_wconf 89' lang='lat' dir='ltr'><strong>denuntiata,per</strong></span> <span class='ocrx_word' id='word_1_249' title='bbox 3469 2014 3668 2076; x_wconf 88' lang='lat' dir='ltr'><strong>Thra-</strong></span> 
     </span>
    </p>
   </div>
   <div class='ocr_carea' id='block_1_39' title="bbox 290 2096 1940 2184">
    <p class='ocr_par' dir='ltr' id='par_1_39' title="bbox 290 2096 1932 2177">
     <span class='ocr_line' id='line_1_39' title="bbox 290 2096 1932 2177; baseline -0.002 -23"><span class='ocrx_word' id='word_1_250' title='bbox 290 2119 406 2177; x_wconf 91' lang='grc' dir='ltr'>τες,</span> <span class='ocrx_word' id='word_1_251' title='bbox 465 2101 558 2164; x_wconf 80' lang='grc' dir='ltr'>τὰς</span> <span class='ocrx_word' id='word_1_252' title='bbox 616 2098 926 2166; x_wconf 81' lang='grc' dir='ltr'>κλεισούρας</span> <span class='ocrx_word' id='word_1_253' title='bbox 985 2099 1072 2154; x_wconf 83' lang='grc' dir='ltr'><strong>καὶ</strong></span> <span class='ocrx_word' id='word_1_254' title='bbox 1127 2098 1250 2160; x_wconf 72' lang='grc' dir='ltr'>τοὺς</span> <span class='ocrx_word' id='word_1_255' title='bbox 1329 2097 1678 2177; x_wconf 76' lang='grc' dir='ltr'>ὁχυροτέρους</span> <span class='ocrx_word' id='word_1_256' title='bbox 1739 2096 1932 2158; x_wconf 84' lang='grc' dir='ltr'>τόπους</span> 
     </span>
    </p>
   </div>
   <div class='ocr_carea' id='block_1_40' title="bbox 2033 2096 3667 2184">
    <p class='ocr_par' dir='ltr' id='par_1_40' title="bbox 2033 2099 3667 2184">
     <span class='ocr_line' id='line_1_40' title="bbox 2033 2099 3667 2184; baseline 0.004 -25"><span class='ocrx_word' id='word_1_257' title='bbox 2033 2099 2170 2159; x_wconf 83' lang='lat' dir='ltr'><strong>:iam</strong></span> <span class='ocrx_word' id='word_1_258' title='bbox 2201 2099 2446 2180; x_wconf 84' lang='lat' dir='ltr'><strong>locaque</strong></span> <span class='ocrx_word' id='word_1_259' title='bbox 2469 2099 2664 2160; x_wconf 85' lang='lat' dir='ltr'><strong>vicina</strong></span> <span class='ocrx_word' id='word_1_260' title='bbox 2697 2118 2937 2163; x_wconf 84' lang='lat' dir='ltr'><strong>movere</strong></span> <span class='ocrx_word' id='word_1_261' title='bbox 2957 2101 3166 2181; x_wconf 84' lang='lat' dir='ltr'><strong>jussit.</strong></span> <span class='ocrx_word' id='word_1_262' title='bbox 3204 2099 3316 2174; x_wconf 86' lang='lat' dir='ltr'><strong>Qui</strong></span> <span class='ocrx_word' id='word_1_263' title='bbox 3347 2120 3476 2164; x_wconf 88' lang='lat' dir='ltr'><strong>rem</strong></span> <span class='ocrx_word' id='word_1_264' title='bbox 3509 2121 3667 2184; x_wconf 62' lang='lat' dir='ltr'><strong>pra;-</strong></span> 
     </span>
    </p>
   </div>
   <div class='ocr_carea' id='block_1_41' title="bbox 287 2186 1940 2274">
    <p class='ocr_par' dir='ltr' id='par_1_41' title="bbox 287 2186 1930 2265">
     <span class='ocr_line' id='line_1_41' title="bbox 287 2186 1930 2265; baseline -0.001 -21"><span class='ocrx_word' id='word_1_265' title='bbox 287 2186 678 2251; x_wconf 86' lang='grc' dir='ltr'>καταλαϐόντες</span> <span class='ocrx_word' id='word_1_266' title='bbox 741 2190 872 2265; x_wconf 72' lang='grc' dir='ltr'>πρὸς</span> <span class='ocrx_word' id='word_1_267' title='bbox 947 2187 1246 2243; x_wconf 73' lang='grc' dir='ltr'>ἆντίστασιν</span> <span class='ocrx_word' id='word_1_268' title='bbox 1309 2194 1415 2242; x_wconf 82' lang='grc' dir='ltr'><strong>τῶν</strong></span> <span class='ocrx_word' id='word_1_269' title='bbox 1457 2186 1779 2259; x_wconf 78' lang='grc' dir='ltr'>Ῥωμαϊκῶν</span> <span class='ocrx_word' id='word_1_270' title='bbox 1837 2186 1930 2242; x_wconf 81' lang='grc' dir='ltr'><strong>ἐκ·</strong></span> 
     </span>
    </p>
   </div>
   <div class='ocr_carea' id='block_1_42' title="bbox 2033 2186 3674 2274">
    <p class='ocr_par' dir='ltr' id='par_1_42' title="bbox 2033 2188 3674 2274">
     <span class='ocr_line' id='line_1_42' title="bbox 2033 2188 3674 2274; baseline 0.005 -28"><span class='ocrx_word' id='word_1_271' title='bbox 2033 2188 2658 2267; x_wconf 73' lang='lat' dir='ltr'><strong>ioscentes,angustiis</strong></span> <span class='ocrx_word' id='word_1_272' title='bbox 2679 2188 2950 2270; x_wconf 85' lang='lat' dir='ltr'><strong>locisque</strong></span> <span class='ocrx_word' id='word_1_273' title='bbox 2973 2190 3344 2254; x_wconf 76' lang='lat' dir='ltr'><strong>firmioribus</strong></span> <span class='ocrx_word' id='word_1_274' title='bbox 3367 2191 3674 2274; x_wconf 78' lang='lat' dir='ltr'><strong>occupatis</strong></span> 
     </span>
    </p>
   </div>
   <div class='ocr_carea' id='block_1_43' title="bbox 288 2273 1940 2355">
    <p class='ocr_par' dir='ltr' id='par_1_43' title="bbox 288 2273 1934 2355">
     <span class='ocr_line' id='line_1_43' title="bbox 288 2273 1934 2355; baseline -0.001 -23"><span class='ocrx_word' id='word_1_275' title='bbox 288 2278 697 2355; x_wconf 64' lang='grc' dir='ltr'>στρατευμάτων</span> <span class='ocrx_word' id='word_1_276' title='bbox 759 2275 1150 2346; x_wconf 82' lang='grc' dir='ltr'>ἀνθωπλίζοντο</span> <span class='ocrx_word' id='word_1_277' title='bbox 1187 2325 1199 2348; x_wconf 92' lang='grc'><strong>,</strong></span> <span class='ocrx_word' id='word_1_278' title='bbox 1261 2282 1435 2331; x_wconf 80' lang='grc' dir='ltr'>πᾶσαν</span> <span class='ocrx_word' id='word_1_279' title='bbox 1516 2276 1612 2342; x_wconf 73' lang='grc' dir='ltr'><strong>τὴν</strong></span> <span class='ocrx_word' id='word_1_280' title='bbox 1674 2273 1934 2352; x_wconf 78' lang='grc' dir='ltr'>βάρϐαρον</span> 
     </span>
    </p>
   </div>
   <div class='ocr_carea' id='block_1_44' title="bbox 2033 2273 3673 2355">
    <p class='ocr_par' dir='ltr' id='par_1_44' title="bbox 2033 2273 3673 2354">
     <span class='ocr_line' id='line_1_44' title="bbox 2033 2273 3673 2354; baseline 0.005 -18"><span class='ocrx_word' id='word_1_281' title='bbox 2033 2286 2083 2336; x_wconf 80' lang='lat' dir='ltr'><strong>1t</strong></span> <span class='ocrx_word' id='word_1_282' title='bbox 2106 2277 2388 2338; x_wconf 81' lang='lat' dir='ltr'><strong>Romanis</strong></span> <span class='ocrx_word' id='word_1_283' title='bbox 2407 2277 2774 2339; x_wconf 82' lang='lat' dir='ltr'><strong>exercitibus</strong></span> <span class='ocrx_word' id='word_1_284' title='bbox 2799 2279 3350 2354; x_wconf 88' lang='lat' dir='ltr'><strong>resisterent,arma</strong></span> <span class='ocrx_word' id='word_1_285' title='bbox 3372 2300 3442 2343; x_wconf 84' lang='lat' dir='ltr'><strong>ex</strong></span> <span class='ocrx_word' id='word_1_286' title='bbox 3465 2273 3673 2344; x_wconf 81' lang='lat' dir='ltr'><strong>adver-</strong></span> 
     </span>
    </p>
   </div>
   <div class='ocr_carea' id='block_1_45' title="bbox 285 2364 1940 2447">
    <p class='ocr_par' dir='ltr' id='par_1_45' title="bbox 285 2365 1930 2446">
     <span class='ocr_line' id='line_1_45' title="bbox 285 2365 1930 2446; baseline -0.002 -24"><span class='ocrx_word' id='word_1_287' title='bbox 285 2365 348 2422; x_wconf 76' lang='grc' dir='ltr'>ἐκ</span> <span class='ocrx_word' id='word_1_288' title='bbox 404 2368 664 2446; x_wconf 63' lang='grc' dir='ltr'>διαφόρων</span> <span class='ocrx_word' id='word_1_289' title='bbox 707 2367 887 2444; x_wconf 79' lang='grc' dir='ltr'>ῥηγῶν</span> <span class='ocrx_word' id='word_1_290' title='bbox 946 2367 1194 2441; x_wconf 80' lang='grc' dir='ltr'>βοήθειαν</span> <span class='ocrx_word' id='word_1_291' title='bbox 1249 2367 1320 2427; x_wconf 80' lang='grc' dir='ltr'>εἷς</span> <span class='ocrx_word' id='word_1_292' title='bbox 1357 2365 1672 2443; x_wconf 80' lang='grc' dir='ltr'>συμμαχίαν</span> <span class='ocrx_word' id='word_1_293' title='bbox 1703 2386 1930 2439; x_wconf 61' lang='lat'><strong>1:901:95-</strong></span> 
     </span>
    </p>
   </div>
   <div class='ocr_carea' id='block_1_46' title="bbox 2033 2364 3671 2447">
    <p class='ocr_par' dir='ltr' id='par_1_46' title="bbox 2033 2364 3671 2447">
     <span class='ocr_line' id='line_1_46' title="bbox 2033 2364 3671 2447; baseline 0.004 -22"><span class='ocrx_word' id='word_1_294' title='bbox 2033 2364 2413 2437; x_wconf 80' lang='lat' dir='ltr'><strong>;o,universis</strong></span> <span class='ocrx_word' id='word_1_295' title='bbox 2438 2367 2733 2428; x_wconf 89' lang='lat' dir='ltr'><strong>variorum</strong></span> <span class='ocrx_word' id='word_1_296' title='bbox 2765 2385 2978 2447; x_wconf 73' lang='lat' dir='ltr'><strong>regum</strong></span> <span class='ocrx_word' id='word_1_297' title='bbox 3007 2367 3338 2431; x_wconf 87' lang='lat' dir='ltr'><strong>barbaricis</strong></span> <span class='ocrx_word' id='word_1_298' title='bbox 3357 2369 3671 2432; x_wconf 79' lang='lat' dir='ltr'><strong>auxiliari-</strong></span> 
     </span>
    </p>
   </div>
   <div class='ocr_carea' id='block_1_47' title="bbox 290 2454 3668 2540">
    <p class='ocr_par' dir='ltr' id='par_1_47' title="bbox 290 2454 3668 2540">
     <span class='ocr_line' id='line_1_47' title="bbox 290 2454 3668 2540; baseline 0.003 -29"><span class='ocrx_word' id='word_1_299' title='bbox 290 2459 542 2531; x_wconf 65' lang='grc' dir='ltr'>ψαίμενοι.</span> <span class='ocrx_word' id='word_1_300' title='bbox 2021 2454 2131 2515; x_wconf 80' lang='lat' dir='ltr'><strong>bus</strong></span> <span class='ocrx_word' id='word_1_301' title='bbox 2157 2455 2346 2535; x_wconf 91' lang='lat' dir='ltr'><strong>copiis</strong></span> <span class='ocrx_word' id='word_1_302' title='bbox 2375 2455 2445 2517; x_wconf 89' lang='lat' dir='ltr'><strong>ad</strong></span> <span class='ocrx_word' id='word_1_303' title='bbox 2498 2455 2639 2518; x_wconf 90' lang='lat' dir='ltr'><strong>belli</strong></span> <span class='ocrx_word' id='word_1_304' title='bbox 2690 2457 3034 2519; x_wconf 90' lang='lat' dir='ltr'><strong>societatem</strong></span> <span class='ocrx_word' id='word_1_305' title='bbox 3071 2459 3317 2540; x_wconf 84' lang='lat' dir='ltr'><strong>vocatis,</strong></span> <span class='ocrx_word' id='word_1_306' title='bbox 3356 2468 3668 2540; x_wconf 88' lang='lat' dir='ltr'><strong>pararunt.</strong></span> 
     </span>
    </p>
   </div>
   <div class='ocr_carea' id='block_1_48' title="bbox 373 2543 1940 2627">
    <p class='ocr_par' dir='ltr' id='par_1_48' title="bbox 373 2543 1936 2624">
     <span class='ocr_line' id='line_1_48' title="bbox 373 2543 1936 2624; baseline -0.003 -22"><span class='ocrx_word' id='word_1_307' title='bbox 373 2546 530 2624; x_wconf 69' lang='grc' dir='ltr'><strong>ρ4β¹.</strong></span> <span class='ocrx_word' id='word_1_308' title='bbox 566 2545 732 2602; x_wconf 75' lang='grc' dir='ltr'>Ἀλλὰ</span> <span class='ocrx_word' id='word_1_309' title='bbox 782 2545 866 2602; x_wconf 67' lang='grc' dir='ltr'><strong>καῖ</strong></span> <span class='ocrx_word' id='word_1_310' title='bbox 922 2545 975 2599; x_wconf 82' lang='grc' dir='ltr'>ἐν</span> <span class='ocrx_word' id='word_1_311' title='bbox 1029 2545 1199 2617; x_wconf 80' lang='grc' dir='ltr'>τούτῳ</span> <span class='ocrx_word' id='word_1_312' title='bbox 1257 2545 1350 2598; x_wconf 74' lang='grc' dir='ltr'><strong>του</strong></span> <span class='ocrx_word' id='word_1_313' title='bbox 1393 2543 1688 2614; x_wconf 65' lang='grc' dir='ltr'>εὖσθενοῦς,</span> <span class='ocrx_word' id='word_1_314' title='bbox 1723 2545 1795 2605; x_wconf 83' lang='grc' dir='ltr'>ὡς</span> <span class='ocrx_word' id='word_1_315' title='bbox 1841 2543 1936 2598; x_wconf 83' lang='grc' dir='ltr'><strong>λέ-</strong></span> 
     </span>
    </p>
   </div>
   <div class='ocr_carea' id='block_1_49' title="bbox 2033 2543 3668 2627">
    <p class='ocr_par' dir='ltr' id='par_1_49' title="bbox 2106 2543 3668 2627">
     <span class='ocr_line' id='line_1_49' title="bbox 2106 2543 3668 2627; baseline 0.006 -26"><span class='ocrx_word' id='word_1_316' title='bbox 2106 2545 2240 2605; x_wconf 71' lang='lat'><strong>19&#39;2.</strong></span> <span class='ocrx_word' id='word_1_317' title='bbox 2276 2543 2496 2606; x_wconf 89' lang='lat' dir='ltr'><strong>Verum</strong></span> <span class='ocrx_word' id='word_1_318' title='bbox 2552 2553 2608 2607; x_wconf 86' lang='lat' dir='ltr'><strong>et</strong></span> <span class='ocrx_word' id='word_1_319' title='bbox 2657 2545 2787 2624; x_wconf 82' lang='lat' dir='ltr'><strong>hac_</strong></span> <span class='ocrx_word' id='word_1_320' title='bbox 2826 2547 2888 2606; x_wconf 92' lang='lat' dir='ltr'><strong>in</strong></span> <span class='ocrx_word' id='word_1_321' title='bbox 2920 2564 3009 2621; x_wconf 90' lang='lat' dir='ltr'><strong>re,</strong></span> <span class='ocrx_word' id='word_1_322' title='bbox 3072 2558 3312 2627; x_wconf 87' lang='lat' dir='ltr'><strong>potens,</strong></span> <span class='ocrx_word' id='word_1_323' title='bbox 3347 2557 3412 2610; x_wconf 93' lang='lat' dir='ltr'><strong>ut</strong></span> <span class='ocrx_word' id='word_1_324' title='bbox 3442 2550 3668 2611; x_wconf 87' lang='lat' dir='ltr'><strong>dictum</strong></span> 
     </span>
    </p>
   </div>
   <div class='ocr_carea' id='block_1_50' title="bbox 291 2631 1940 2716">
    <p class='ocr_par' dir='ltr' id='par_1_50' title="bbox 291 2631 1938 2713">
     <span class='ocr_line' id='line_1_50' title="bbox 291 2631 1938 2713; baseline -0.002 -22"><span class='ocrx_word' id='word_1_325' title='bbox 291 2635 497 2708; x_wconf 80' lang='grc' dir='ltr'>λεκται,</span> <span class='ocrx_word' id='word_1_326' title='bbox 562 2636 820 2713; x_wconf 79' lang='grc' dir='ltr'>μάρτυρος</span> <span class='ocrx_word' id='word_1_327' title='bbox 881 2636 1017 2709; x_wconf 80' lang='grc' dir='ltr'>μετὰ</span> <span class='ocrx_word' id='word_1_328' title='bbox 1072 2641 1178 2689; x_wconf 80' lang='grc' dir='ltr'>τῶν</span> <span class='ocrx_word' id='word_1_329' title='bbox 1233 2631 1436 2690; x_wconf 81' lang='grc' dir='ltr'>λοιπῶν</span> <span class='ocrx_word' id='word_1_330' title='bbox 1471 2632 1633 2710; x_wconf 80' lang='grc' dir='ltr'>ἁγίων</span> <span class='ocrx_word' id='word_1_331' title='bbox 1679 2632 1938 2689; x_wconf 67' lang='grc' dir='ltr'>καθοπλμ</span> 
     </span>
    </p>
   </div>
   <div class='ocr_carea' id='block_1_51' title="bbox 2033 2631 3675 2716">
    <p class='ocr_par' dir='ltr' id='par_1_51' title="bbox 2033 2634 3675 2716">
     <span class='ocr_line' id='line_1_51' title="bbox 2033 2634 3675 2716; baseline 0.004 -22"><span class='ocrx_word' id='word_1_332' title='bbox 2033 2643 2137 2699; x_wconf 83' lang='lat' dir='ltr'><strong>est.</strong></span> <span class='ocrx_word' id='word_1_333' title='bbox 2175 2642 2413 2714; x_wconf 74' lang='lat' dir='ltr'><strong>martyr,</strong></span> <span class='ocrx_word' id='word_1_334' title='bbox 2447 2635 2696 2716; x_wconf 91' lang='lat' dir='ltr'><strong>reliquis</strong></span> <span class='ocrx_word' id='word_1_335' title='bbox 2724 2653 2861 2696; x_wconf 92' lang='lat' dir='ltr'><strong>cum</strong></span> <span class='ocrx_word' id='word_1_336' title='bbox 2919 2635 3144 2697; x_wconf 86' lang='lat' dir='ltr'><strong>sanctis</strong></span> <span class='ocrx_word' id='word_1_337' title='bbox 3178 2654 3344 2698; x_wconf 91' lang='lat' dir='ltr'><strong>arma</strong></span> <span class='ocrx_word' id='word_1_338' title='bbox 3374 2634 3675 2700; x_wconf 84' lang='lat' dir='ltr'><strong>submini-</strong></span> 
     </span>
    </p>
   </div>
   <div class='ocr_carea' id='block_1_52' title="bbox 290 2715 1940 2798">
    <p class='ocr_par' dir='ltr' id='par_1_52' title="bbox 290 2715 1940 2798">
     <span class='ocr_line' id='line_1_52' title="bbox 290 2715 1940 2798; baseline -0.002 -18"><span class='ocrx_word' id='word_1_339' title='bbox 290 2725 546 2798; x_wconf 79' lang='grc' dir='ltr'>σαμὲνου,</span> <span class='ocrx_word' id='word_1_340' title='bbox 595 2726 762 2787; x_wconf 81' lang='grc' dir='ltr'>νίκαις</span> <span class='ocrx_word' id='word_1_341' title='bbox 810 2727 870 2780; x_wconf 71' lang='grc' dir='ltr'>τὸ</span> <span class='ocrx_word' id='word_1_342' title='bbox 935 2715 1237 2796; x_wconf 77' lang='grc' dir='ltr'>Ῥωμαϊκὸν</span> <span class='ocrx_word' id='word_1_343' title='bbox 1290 2723 1424 2778; x_wconf 75' lang='grc' dir='ltr'>κατὰ</span> <span class='ocrx_word' id='word_1_344' title='bbox 1473 2725 1579 2777; x_wconf 74' lang='grc' dir='ltr'>τῶν</span> <span class='ocrx_word' id='word_1_345' title='bbox 1636 2720 1940 2778; x_wconf 86' lang='grc' dir='ltr'>Σκλαϐίνων</span> 
     </span>
    </p>
   </div>
   <div class='ocr_carea' id='block_1_53' title="bbox 2033 2715 3672 2798">
    <p class='ocr_par' dir='ltr' id='par_1_53' title="bbox 2033 2715 3672 2796">
     <span class='ocr_line' id='line_1_53' title="bbox 2033 2715 3672 2796; baseline 0.005 -14"><span class='ocrx_word' id='word_1_346' title='bbox 2033 2731 2241 2796; x_wconf 82' lang='lat' dir='ltr'><strong>strans,</strong></span> <span class='ocrx_word' id='word_1_347' title='bbox 2267 2715 2598 2786; x_wconf 82' lang='lat' dir='ltr'><strong>Romanum</strong></span> <span class='ocrx_word' id='word_1_348' title='bbox 2632 2723 2965 2786; x_wconf 82' lang='lat' dir='ltr'><strong>exercitum</strong></span> <span class='ocrx_word' id='word_1_349' title='bbox 2998 2734 3207 2788; x_wconf 90' lang='lat' dir='ltr'><strong>contra</strong></span> <span class='ocrx_word' id='word_1_350' title='bbox 3225 2726 3464 2790; x_wconf 78' lang='lat' dir='ltr'><strong>Sclavos</strong></span> <span class='ocrx_word' id='word_1_351' title='bbox 3479 2726 3672 2791; x_wconf 87' lang='lat' dir='ltr'><strong>victo-</strong></span> 
     </span>
    </p>
   </div>
   <div class='ocr_carea' id='block_1_54' title="bbox 291 2810 1940 2894">
    <p class='ocr_par' dir='ltr' id='par_1_54' title="bbox 291 2810 1940 2892">
     <span class='ocr_line' id='line_1_54' title="bbox 291 2810 1940 2892; baseline -0.002 -23"><span class='ocrx_word' id='word_1_352' title='bbox 291 2813 509 2878; x_wconf 74' lang='grc' dir='ltr'>ἒνὲδειξε</span> <span class='ocrx_word' id='word_1_353' title='bbox 568 2812 922 2892; x_wconf 82' lang='grc' dir='ltr'>στρατόπεδον</span> <span class='ocrx_word' id='word_1_354' title='bbox 973 2814 1060 2868; x_wconf 82' lang='grc' dir='ltr'>καὶ</span> <span class='ocrx_word' id='word_1_355' title='bbox 1127 2818 1199 2874; x_wconf 81' lang='grc' dir='ltr'>εἰς</span> <span class='ocrx_word' id='word_1_356' title='bbox 1262 2810 1322 2874; x_wconf 74' lang='grc' dir='ltr'><strong>ἃς</strong></span> <span class='ocrx_word' id='word_1_357' title='bbox 1384 2813 1528 2868; x_wconf 78' lang='grc' dir='ltr'>αύτοὶ</span> <span class='ocrx_word' id='word_1_358' title='bbox 1585 2812 1940 2880; x_wconf 74' lang='grc' dir='ltr'>πεποιήκασιν</span> 
     </span>
    </p>
   </div>
   <div class='ocr_carea' id='block_1_55' title="bbox 2033 2810 3678 2894">
    <p class='ocr_par' dir='ltr' id='par_1_55' title="bbox 2033 2812 3678 2894">
     <span class='ocr_line' id='line_1_55' title="bbox 2033 2812 3678 2894; baseline 0.004 -22"><span class='ocrx_word' id='word_1_359' title='bbox 2033 2830 2152 2872; x_wconf 92' lang='lat' dir='ltr'><strong>rem</strong></span> <span class='ocrx_word' id='word_1_360' title='bbox 2186 2813 2403 2886; x_wconf 79' lang='lat' dir='ltr'><strong>eﬂ‘ecit,</strong></span> <span class='ocrx_word' id='word_1_361' title='bbox 2435 2831 2657 2893; x_wconf 90' lang='lat' dir='ltr'><strong>perque</strong></span> <span class='ocrx_word' id='word_1_362' title='bbox 2691 2812 2960 2893; x_wconf 82' lang='lat' dir='ltr'><strong>insidias,</strong></span> <span class='ocrx_word' id='word_1_363' title='bbox 2993 2833 3140 2894; x_wconf 89' lang='lat' dir='ltr'><strong>quas</strong></span> <span class='ocrx_word' id='word_1_364' title='bbox 3173 2814 3416 2894; x_wconf 89' lang='lat' dir='ltr'><strong>ipsimet</strong></span> <span class='ocrx_word' id='word_1_365' title='bbox 3443 2823 3678 2879; x_wconf 67' lang='lat' dir='ltr'><strong>struxeo</strong></span> 
     </span>
    </p>
   </div>
   <div class='ocr_carea' id='block_1_56' title="bbox 295 2900 1940 2984">
    <p class='ocr_par' dir='ltr' id='par_1_56' title="bbox 295 2900 1937 2980">
     <span class='ocr_line' id='line_1_56' title="bbox 295 2900 1937 2980; baseline -0.002 -21"><span class='ocrx_word' id='word_1_366' title='bbox 295 2902 504 2977; x_wconf 75' lang='grc' dir='ltr'>ἐνέδρας</span> <span class='ocrx_word' id='word_1_367' title='bbox 538 2905 659 2966; x_wconf 79' lang='grc' dir='ltr'>τοὺς</span> <span class='ocrx_word' id='word_1_368' title='bbox 713 2902 882 2960; x_wconf 68' lang='grc' dir='ltr'>αὐτῶν</span> <span class='ocrx_word' id='word_1_369' title='bbox 934 2902 1212 2979; x_wconf 84' lang='grc' dir='ltr'>σθεναροὺς</span> <span class='ocrx_word' id='word_1_370' title='bbox 1262 2903 1350 2957; x_wconf 88' lang='grc' dir='ltr'><strong>καὶ</strong></span> <span class='ocrx_word' id='word_1_371' title='bbox 1381 2900 1600 2980; x_wconf 69' lang='grc' dir='ltr'>ἐξόχους</span> <span class='ocrx_word' id='word_1_372' title='bbox 1637 2903 1722 2956; x_wconf 80' lang='grc' dir='ltr'>καὶ</span> <span class='ocrx_word' id='word_1_373' title='bbox 1779 2901 1937 2956; x_wconf 70' lang='grc' dir='ltr'>ὁπλί-</span> 
     </span>
    </p>
   </div>
   <div class='ocr_carea' id='block_1_57' title="bbox 2033 2900 3676 2984">
    <p class='ocr_par' dir='ltr' id='par_1_57' title="bbox 2033 2902 3676 2984">
     <span class='ocr_line' id='line_1_57' title="bbox 2033 2902 3676 2984; baseline 0.004 -23"><span class='ocrx_word' id='word_1_374' title='bbox 2033 2910 2179 2980; x_wconf 86' lang='lat' dir='ltr'><strong>rant,</strong></span> <span class='ocrx_word' id='word_1_375' title='bbox 2229 2902 2413 2963; x_wconf 80' lang='lat' dir='ltr'><strong>fortes</strong></span> <span class='ocrx_word' id='word_1_376' title='bbox 2442 2921 2648 2964; x_wconf 91' lang='lat' dir='ltr'><strong>eorum</strong></span> <span class='ocrx_word' id='word_1_377' title='bbox 2703 2903 3265 2984; x_wconf 60' lang='lat' dir='ltr'><strong>praestantioresque</strong></span> <span class='ocrx_word' id='word_1_378' title='bbox 3297 2923 3365 2967; x_wconf 93' lang='lat' dir='ltr'><strong>ac</strong></span> <span class='ocrx_word' id='word_1_379' title='bbox 3414 2913 3676 2968; x_wconf 89' lang='lat' dir='ltr'><strong>armatos</strong></span> 
     </span>
    </p>
   </div>
   <div class='ocr_carea' id='block_1_58' title="bbox 294 2988 1940 3076">
    <p class='ocr_par' dir='ltr' id='par_1_58' title="bbox 294 2988 1936 3072">
     <span class='ocr_line' id='line_1_58' title="bbox 294 2988 1936 3072; baseline -0.003 -23"><span class='ocrx_word' id='word_1_380' title='bbox 294 3014 390 3057; x_wconf 85' lang='grc' dir='ltr'><strong>τας</strong></span> <span class='ocrx_word' id='word_1_381' title='bbox 448 2991 800 3072; x_wconf 69' lang='grc' dir='ltr'>κατέσφαξαν,</span> <span class='ocrx_word' id='word_1_382' title='bbox 835 2992 922 3048; x_wconf 85' lang='grc' dir='ltr'><strong>καὶ</strong></span> <span class='ocrx_word' id='word_1_383' title='bbox 978 2990 1164 3070; x_wconf 76' lang='grc' dir='ltr'>ἔφυγεν</span> <span class='ocrx_word' id='word_1_384' title='bbox 1214 2997 1358 3046; x_wconf 81' lang='grc' dir='ltr'>πᾶσα</span> <span class='ocrx_word' id='word_1_385' title='bbox 1388 2991 1424 3056; x_wconf 72' lang='grc' dir='ltr'><strong>η</strong></span> <span class='ocrx_word' id='word_1_386' title='bbox 1455 2988 1720 3067; x_wconf 81' lang='grc' dir='ltr'>βάρϐαρος</span> <span class='ocrx_word' id='word_1_387' title='bbox 1773 2990 1936 3069; x_wconf 77' lang='grc' dir='ltr'>φυλὴ,</span> 
     </span>
    </p>
   </div>
   <div class='ocr_carea' id='block_1_59' title="bbox 2033 2988 3672 3076">
    <p class='ocr_par' dir='ltr' id='par_1_59' title="bbox 2033 2990 3672 3076">
     <span class='ocr_line' id='line_1_59' title="bbox 2033 2990 3672 3076; baseline 0.004 -26"><span class='ocrx_word' id='word_1_388' title='bbox 2033 2990 2283 3062; x_wconf 78' lang='lat' dir='ltr'><strong>occidit;</strong></span> <span class='ocrx_word' id='word_1_389' title='bbox 2309 2999 2484 3071; x_wconf 86' lang='lat' dir='ltr'><strong>atque</strong></span> <span class='ocrx_word' id='word_1_390' title='bbox 2509 2992 2704 3053; x_wconf 88' lang='lat' dir='ltr'><strong>omnis</strong></span> <span class='ocrx_word' id='word_1_391' title='bbox 2727 3010 2874 3072; x_wconf 79' lang='lat' dir='ltr'><strong>gens</strong></span> <span class='ocrx_word' id='word_1_392' title='bbox 2897 2991 3155 3054; x_wconf 88' lang='lat' dir='ltr'><strong>barbara</strong></span> <span class='ocrx_word' id='word_1_393' title='bbox 3170 2993 3368 3072; x_wconf 80' lang='lat' dir='ltr'><strong>fugam</strong></span> <span class='ocrx_word' id='word_1_394' title='bbox 3391 2993 3672 3076; x_wconf 89' lang='lat' dir='ltr'><strong>arripuit,</strong></span> 
     </span>
    </p>
   </div>
   <div class='ocr_carea' id='block_1_60' title="bbox 295 3077 1940 3161">
    <p class='ocr_par' dir='ltr' id='par_1_60' title="bbox 295 3077 1940 3156">
     <span class='ocr_line' id='line_1_60' title="bbox 295 3077 1940 3156; baseline -0.003 -18"><span class='ocrx_word' id='word_1_395' title='bbox 295 3079 435 3140; x_wconf 78' lang='grc' dir='ltr'>ὥστε</span> <span class='ocrx_word' id='word_1_396' title='bbox 484 3083 628 3145; x_wconf 69' lang='grc' dir='ltr'>τινας</span> <span class='ocrx_word' id='word_1_397' title='bbox 683 3079 1057 3155; x_wconf 81' lang='grc' dir='ltr'>εἰσδραμόντας</span> <span class='ocrx_word' id='word_1_398' title='bbox 1118 3085 1184 3154; x_wconf 78' lang='grc' dir='ltr'><strong>τῇ</strong></span> <span class='ocrx_word' id='word_1_399' title='bbox 1243 3081 1354 3135; x_wconf 77' lang='grc' dir='ltr'>καθ’</span> <span class='ocrx_word' id='word_1_400' title='bbox 1408 3079 1549 3153; x_wconf 75' lang='grc' dir='ltr'>ἡμᾶς</span> <span class='ocrx_word' id='word_1_401' title='bbox 1597 3077 1940 3156; x_wconf 62' lang='grc' dir='ltr'>θεονξουλάκτῳ</span> 
     </span>
    </p>
   </div>
   <div class='ocr_carea' id='block_1_61' title="bbox 2033 3077 3674 3161">
    <p class='ocr_par' dir='ltr' id='par_1_61' title="bbox 2033 3080 3674 3161">
     <span class='ocr_line' id='line_1_61' title="bbox 2033 3080 3674 3161; baseline 0.004 -21"><span class='ocrx_word' id='word_1_402' title='bbox 2033 3080 2170 3140; x_wconf 76' lang='lat' dir='ltr'><strong>adeo</strong></span> <span class='ocrx_word' id='word_1_403' title='bbox 2203 3090 2265 3142; x_wconf 89' lang='lat' dir='ltr'><strong>ut</strong></span> <span class='ocrx_word' id='word_1_404' title='bbox 2294 3081 2580 3159; x_wconf 85' lang='lat' dir='ltr'><strong>quosdam</strong></span> <span class='ocrx_word' id='word_1_405' title='bbox 2616 3081 2718 3161; x_wconf 91' lang='lat' dir='ltr'><strong>qui</strong></span> <span class='ocrx_word' id='word_1_406' title='bbox 2771 3081 2843 3142; x_wconf 88' lang='lat' dir='ltr'><strong>ad</strong></span> <span class='ocrx_word' id='word_1_407' title='bbox 2897 3089 3158 3143; x_wconf 90' lang='lat' dir='ltr'><strong>nostram</strong></span> <span class='ocrx_word' id='word_1_408' title='bbox 3223 3083 3578 3146; x_wconf 87' lang='lat' dir='ltr'><strong>custoditam</strong></span> <span class='ocrx_word' id='word_1_409' title='bbox 3637 3103 3674 3147; x_wconf 89' lang='lat' dir='ltr'><strong>a</strong></span> 
     </span>
    </p>
   </div>
   <div class='ocr_carea' id='block_1_62' title="bbox 294 3166 1937 3249">
    <p class='ocr_par' dir='ltr' id='par_1_62' title="bbox 294 3166 1937 3249">
     <span class='ocr_line' id='line_1_62' title="bbox 294 3166 1937 3249; baseline -0.002 -23"><span class='ocrx_word' id='word_1_410' title='bbox 294 3168 450 3226; x_wconf 90' lang='grc' dir='ltr'>πόλει</span> <span class='ocrx_word' id='word_1_411' title='bbox 499 3167 762 3249; x_wconf 74' lang='grc' dir='ltr'>κρυερηδὸν</span> <span class='ocrx_word' id='word_1_412' title='bbox 811 3167 1104 3248; x_wconf 78' lang='grc' dir='ltr'>διήγειραν,</span> <span class='ocrx_word' id='word_1_413' title='bbox 1165 3166 1246 3248; x_wconf 79' lang='grc' dir='ltr'><strong>ἐφ’</strong></span> <span class='ocrx_word' id='word_1_414' title='bbox 1319 3171 1364 3242; x_wconf 82' lang='grc' dir='ltr'>ᾧ</span> <span class='ocrx_word' id='word_1_415' title='bbox 1425 3167 1656 3232; x_wconf 78' lang='grc' dir='ltr'>ἐξελθεῖν</span> <span class='ocrx_word' id='word_1_416' title='bbox 1713 3169 1786 3232; x_wconf 83' lang='grc' dir='ltr'>εἷς</span> <span class='ocrx_word' id='word_1_417' title='bbox 1846 3171 1937 3228; x_wconf 78' lang='grc' dir='ltr'>τὰς</span> 
     </span>
    </p>
   </div>
   <div class='ocr_carea' id='block_1_63' title="bbox 294 3257 1940 3336">
    <p class='ocr_par' dir='ltr' id='par_1_63' title="bbox 294 3257 1940 3336">
     <span class='ocr_line' id='line_1_63' title="bbox 294 3257 1940 3336; baseline -0.002 -21"><span class='ocrx_word' id='word_1_418' title='bbox 294 3260 465 3315; x_wconf 65' lang='grc' dir='ltr'>αὐτῶν</span> <span class='ocrx_word' id='word_1_419' title='bbox 509 3261 673 3325; x_wconf 81' lang='grc' dir='ltr'>κάσας</span> <span class='ocrx_word' id='word_1_420' title='bbox 720 3261 812 3322; x_wconf 82' lang='grc' dir='ltr'><strong>τὰς</strong></span> <span class='ocrx_word' id='word_1_421' title='bbox 873 3258 1124 3332; x_wconf 81' lang='grc' dir='ltr'>πλησίον,</span> <span class='ocrx_word' id='word_1_422' title='bbox 1176 3259 1264 3314; x_wconf 86' lang='grc' dir='ltr'><strong>καὶ</strong></span> <span class='ocrx_word' id='word_1_423' title='bbox 1313 3259 1548 3336; x_wconf 80' lang='grc' dir='ltr'>καρποὺς</span> <span class='ocrx_word' id='word_1_424' title='bbox 1601 3259 1721 3319; x_wconf 81' lang='grc' dir='ltr'>τοὺς</span> <span class='ocrx_word' id='word_1_425' title='bbox 1768 3257 1940 3314; x_wconf 78' lang='grc' dir='ltr'>αύτῶν</span> 
     </span>
    </p>
   </div>
   <div class='ocr_carea' id='block_1_64' title="bbox 292 3346 1941 3428">
    <p class='ocr_par' dir='ltr' id='par_1_64' title="bbox 292 3346 1941 3428">
     <span class='ocr_line' id='line_1_64' title="bbox 292 3346 1941 3428; baseline -0.001 -24"><span class='ocrx_word' id='word_1_426' title='bbox 292 3347 479 3406; x_wconf 78' lang='grc' dir='ltr'>λαϐεῖν</span> <span class='ocrx_word' id='word_1_427' title='bbox 535 3347 618 3406; x_wconf 73' lang='grc' dir='ltr'>διὰ</span> <span class='ocrx_word' id='word_1_428' title='bbox 673 3355 765 3404; x_wconf 75' lang='grc' dir='ltr'>τοῦ</span> <span class='ocrx_word' id='word_1_429' title='bbox 823 3348 1024 3428; x_wconf 70' lang='grc' dir='ltr'>ἀφάτου</span> <span class='ocrx_word' id='word_1_430' title='bbox 1056 3346 1242 3426; x_wconf 72' lang='grc' dir='ltr'>φόϐου,</span> <span class='ocrx_word' id='word_1_431' title='bbox 1283 3349 1370 3404; x_wconf 85' lang='grc' dir='ltr'><strong>καὶ</strong></span> <span class='ocrx_word' id='word_1_432' title='bbox 1415 3353 1514 3414; x_wconf 74' lang='grc' dir='ltr'>τῆς</span> <span class='ocrx_word' id='word_1_433' title='bbox 1569 3347 1856 3426; x_wconf 71' lang='grc' dir='ltr'>γενομένης</span> <span class='ocrx_word' id='word_1_434' title='bbox 1887 3347 1941 3403; x_wconf 75' lang='grc' dir='ltr'>ἐν</span> 
     </span>
    </p>
   </div>
   <div class='ocr_carea' id='block_1_65' title="bbox 289 3436 1938 3518">
    <p class='ocr_par' dir='ltr' id='par_1_65' title="bbox 289 3436 1938 3518">
     <span class='ocr_line' id='line_1_65' title="bbox 289 3436 1938 3518; baseline -0.001 -23"><span class='ocrx_word' id='word_1_435' title='bbox 289 3443 474 3502; x_wconf 74' lang='grc' dir='ltr'>αύτοϊς</span> <span class='ocrx_word' id='word_1_436' title='bbox 520 3444 869 3518; x_wconf 76' lang='grc' dir='ltr'>κατασφαγῆς</span> <span class='ocrx_word' id='word_1_437' title='bbox 916 3439 1007 3499; x_wconf 76' lang='grc' dir='ltr'>τὰς</span> <span class='ocrx_word' id='word_1_438' title='bbox 1073 3440 1240 3494; x_wconf 69' lang='grc' dir='ltr'>αὐτῶν</span> <span class='ocrx_word' id='word_1_439' title='bbox 1299 3436 1553 3516; x_wconf 66' lang='grc' dir='ltr'>φαμιὶίας</span> <span class='ocrx_word' id='word_1_440' title='bbox 1604 3439 1776 3494; x_wconf 81' lang='grc' dir='ltr'>πάντα</span> <span class='ocrx_word' id='word_1_441' title='bbox 1834 3461 1938 3494; x_wconf 80' lang='grc' dir='ltr'>κα-</span> 
     </span>
    </p>
   </div>
   <div class='ocr_carea' id='block_1_66' title="bbox 288 3527 1940 3605">
    <p class='ocr_par' dir='ltr' id='par_1_66' title="bbox 288 3527 1940 3605">
     <span class='ocr_line' id='line_1_66' title="bbox 288 3527 1940 3605; baseline -0.001 -21"><span class='ocrx_word' id='word_1_442' title='bbox 288 3527 612 3592; x_wconf 85' lang='grc' dir='ltr'>ταλιπόντας</span> <span class='ocrx_word' id='word_1_443' title='bbox 672 3542 790 3590; x_wconf 75' lang='grc' dir='ltr'>τοῖς</span> <span class='ocrx_word' id='word_1_444' title='bbox 851 3527 1034 3605; x_wconf 80' lang='grc' dir='ltr'>μέρεσι</span> <span class='ocrx_word' id='word_1_445' title='bbox 1085 3527 1479 3602; x_wconf 85' lang='grc' dir='ltr'>προσπελάσαι,</span> <span class='ocrx_word' id='word_1_446' title='bbox 1513 3529 1602 3583; x_wconf 87' lang='grc' dir='ltr'><strong>καὶ</strong></span> <span class='ocrx_word' id='word_1_447' title='bbox 1633 3527 1699 3594; x_wconf 75' lang='grc' dir='ltr'>ἦν</span> <span class='ocrx_word' id='word_1_448' title='bbox 1729 3528 1940 3605; x_wconf 81' lang='grc' dir='ltr'>θεωρῆ-</span> 
     </span>
    </p>
   </div>
   <div class='ocr_carea' id='block_1_67' title="bbox 292 3615 1940 3694">
    <p class='ocr_par' dir='ltr' id='par_1_67' title="bbox 292 3615 1940 3694">
     <span class='ocr_line' id='line_1_67' title="bbox 292 3615 1940 3694; baseline -0.002 -19"><span class='ocrx_word' id='word_1_449' title='bbox 292 3639 380 3675; x_wconf 87' lang='grc' dir='ltr'><strong>σαι</strong></span> <span class='ocrx_word' id='word_1_450' title='bbox 457 3618 576 3683; x_wconf 83' lang='grc' dir='ltr'>τοὺς</span> <span class='ocrx_word' id='word_1_451' title='bbox 647 3617 964 3683; x_wconf 71' lang='grc' dir='ltr'>νικηθέντας</span> <span class='ocrx_word' id='word_1_452' title='bbox 1039 3620 1138 3671; x_wconf 66' lang='grc' dir='ltr'>καὶ</span> <span class='ocrx_word' id='word_1_453' title='bbox 1217 3615 1451 3694; x_wconf 76' lang='grc' dir='ltr'>φυγάδας</span> <span class='ocrx_word' id='word_1_454' title='bbox 1509 3615 1754 3689; x_wconf 85' lang='grc' dir='ltr'>πολίτας,</span> <span class='ocrx_word' id='word_1_455' title='bbox 1830 3617 1940 3690; x_wconf 65' lang='grc' dir='ltr'>ἅμα</span> 
     </span>
    </p>
   </div>
   <div class='ocr_carea' id='block_1_68' title="bbox 291 3704 1942 3785">
    <p class='ocr_par' dir='ltr' id='par_1_68' title="bbox 291 3704 1942 3785">
     <span class='ocr_line' id='line_1_68' title="bbox 291 3704 1942 3785; baseline -0.002 -23"><span class='ocrx_word' id='word_1_456' title='bbox 291 3707 492 3785; x_wconf 79' lang='grc' dir='ltr'>γυναιξὶ</span> <span class='ocrx_word' id='word_1_457' title='bbox 550 3707 640 3763; x_wconf 86' lang='grc' dir='ltr'>καὶ</span> <span class='ocrx_word' id='word_1_458' title='bbox 697 3705 903 3769; x_wconf 78' lang='grc' dir='ltr'>τεκνοις</span> <span class='ocrx_word' id='word_1_459' title='bbox 947 3707 1020 3767; x_wconf 85' lang='grc' dir='ltr'>εἷς</span> <span class='ocrx_word' id='word_1_460' title='bbox 1080 3706 1174 3768; x_wconf 73' lang='grc' dir='ltr'><strong>τὰς</strong></span> <span class='ocrx_word' id='word_1_461' title='bbox 1219 3704 1388 3767; x_wconf 83' lang='grc' dir='ltr'>κάσας</span> <span class='ocrx_word' id='word_1_462' title='bbox 1449 3710 1554 3760; x_wconf 84' lang='grc' dir='ltr'><strong>τῶν</strong></span> <span class='ocrx_word' id='word_1_463' title='bbox 1617 3707 1734 3783; x_wconf 83' lang='grc' dir='ltr'>περὶ</span> <span class='ocrx_word' id='word_1_464' title='bbox 1785 3705 1942 3760; x_wconf 91' lang='grc' dir='ltr'>πόλιν</span> 
     </span>
    </p>
   </div>
   <div class='ocr_carea' id='block_1_69' title="bbox 293 3792 1941 3873">
    <p class='ocr_par' dir='ltr' id='par_1_69' title="bbox 293 3792 1941 3873">
     <span class='ocr_line' id='line_1_69' title="bbox 293 3792 1941 3873; baseline -0.002 -22"><span class='ocrx_word' id='word_1_465' title='bbox 293 3798 383 3852; x_wconf 85' lang='grc' dir='ltr'><strong>καὶ</strong></span> <span class='ocrx_word' id='word_1_466' title='bbox 440 3795 642 3852; x_wconf 69' lang='grc' dir='ltr'>λοιπῶι</span> <span class='ocrx_word' id='word_1_467' title='bbox 687 3793 1091 3867; x_wconf 82' lang='grc' dir='ltr'>πλησιαζόντων</span> <span class='ocrx_word' id='word_1_468' title='bbox 1144 3792 1323 3850; x_wconf 88' lang='grc' dir='ltr'>τόπων</span> <span class='ocrx_word' id='word_1_469' title='bbox 1354 3794 1610 3858; x_wconf 82' lang='grc' dir='ltr'>ἀπιόντας</span> <span class='ocrx_word' id='word_1_470' title='bbox 1641 3795 1726 3850; x_wconf 86' lang='grc' dir='ltr'>καὶ</span> <span class='ocrx_word' id='word_1_471' title='bbox 1762 3793 1941 3873; x_wconf 75' lang='grc' dir='ltr'>φέρειν</span> 
     </span>
    </p>
   </div>
   <div class='ocr_carea' id='block_1_70' title="bbox 296 3882 1944 3964">
    <p class='ocr_par' dir='ltr' id='par_1_70' title="bbox 296 3882 1944 3964">
     <span class='ocr_line' id='line_1_70' title="bbox 296 3882 1944 3964; baseline -0.001 -23"><span class='ocrx_word' id='word_1_472' title='bbox 296 3899 478 3964; x_wconf 74' lang='grc' dir='ltr'>σῖτον,</span> <span class='ocrx_word' id='word_1_473' title='bbox 538 3885 753 3964; x_wconf 74' lang='grc' dir='ltr'>ὄσπρια,</span> <span class='ocrx_word' id='word_1_474' title='bbox 811 3887 896 3941; x_wconf 86' lang='grc' dir='ltr'><strong>καὶ</strong></span> <span class='ocrx_word' id='word_1_475' title='bbox 958 3883 1124 3948; x_wconf 80' lang='grc' dir='ltr'>ἄλλας</span> <span class='ocrx_word' id='word_1_476' title='bbox 1185 3883 1484 3948; x_wconf 72' lang='grc' dir='ltr'>ἀποσκευὰς</span> <span class='ocrx_word' id='word_1_477' title='bbox 1514 3885 1602 3940; x_wconf 88' lang='grc' dir='ltr'><strong>καὶ</strong></span> <span class='ocrx_word' id='word_1_478' title='bbox 1663 3883 1729 3940; x_wconf 81' lang='grc' dir='ltr'><strong>τὰ</strong></span> <span class='ocrx_word' id='word_1_479' title='bbox 1782 3882 1944 3939; x_wconf 79' lang='grc' dir='ltr'>λοιπὰ</span> 
     </span>
    </p>
   </div>
   <div class='ocr_carea' id='block_1_71' title="bbox 297 3971 1942 4051">
    <p class='ocr_par' dir='ltr' id='par_1_71' title="bbox 297 3971 1942 4051">
     <span class='ocr_line' id='line_1_71' title="bbox 297 3971 1942 4051; baseline -0.001 -21"><span class='ocrx_word' id='word_1_480' title='bbox 297 3975 364 4030; x_wconf 79' lang='grc' dir='ltr'>τὰ</span> <span class='ocrx_word' id='word_1_481' title='bbox 421 3976 551 4045; x_wconf 79' lang='grc' dir='ltr'>πρὸς</span> <span class='ocrx_word' id='word_1_482' title='bbox 604 3975 912 4051; x_wconf 74' lang='grc' dir='ltr'>ἀποτροπὴν</span> <span class='ocrx_word' id='word_1_483' title='bbox 977 3972 1060 4030; x_wconf 68' lang='grc' dir='ltr'><strong>ἐπ’</strong></span> <span class='ocrx_word' id='word_1_484' title='bbox 1117 3971 1280 4032; x_wconf 70' lang='grc' dir='ltr'>ὤμων</span> <span class='ocrx_word' id='word_1_485' title='bbox 1335 3973 1782 4047; x_wconf 79' lang='grc' dir='ltr'>ἆποκομίζοντας,</span> <span class='ocrx_word' id='word_1_486' title='bbox 1845 3971 1942 4028; x_wconf 76' lang='grc' dir='ltr'><strong>ἀό-</strong></span> 
     </span>
    </p>
   </div>
   <div class='ocr_carea' id='block_1_72' title="bbox 298 4061 1946 4130">
    <p class='ocr_par' dir='ltr' id='par_1_72' title="bbox 298 4061 1946 4130">
     <span class='ocr_line' id='line_1_72' title="bbox 298 4061 1946 4130; baseline -0.002 -9"><span class='ocrx_word' id='word_1_487' title='bbox 298 4063 465 4126; x_wconf 85' lang='grc' dir='ltr'>πλους</span> <span class='ocrx_word' id='word_1_488' title='bbox 496 4066 589 4121; x_wconf 78' lang='grc' dir='ltr'><strong>καί</strong></span> <span class='ocrx_word' id='word_1_489' title='bbox 622 4067 693 4129; x_wconf 73' lang='grc' dir='ltr'>ὣς</span> <span class='ocrx_word' id='word_1_490' title='bbox 747 4062 916 4120; x_wconf 78' lang='grc' dir='ltr'>ἔνεστι</span> <span class='ocrx_word' id='word_1_491' title='bbox 969 4061 1054 4118; x_wconf 75' lang='grc' dir='ltr'><strong>διὰ</strong></span> <span class='ocrx_word' id='word_1_492' title='bbox 1110 4063 1205 4130; x_wconf 77' lang='grc' dir='ltr'>τὴν</span> <span class='ocrx_word' id='word_1_493' title='bbox 1262 4061 1382 4119; x_wconf 84' lang='grc' dir='ltr'>ὁδὸν</span> <span class='ocrx_word' id='word_1_494' title='bbox 1441 4064 1528 4118; x_wconf 87' lang='grc' dir='ltr'><strong>καὶ</strong></span> <span class='ocrx_word' id='word_1_495' title='bbox 1571 4063 1660 4117; x_wconf 85' lang='grc' dir='ltr'>τὸν</span> <span class='ocrx_word' id='word_1_496' title='bbox 1703 4063 1946 4118; x_wconf 84' lang='grc' dir='ltr'>καύσωνα</span> 
     </span>
    </p>
   </div>
   <div class='ocr_carea' id='block_1_73' title="bbox 296 4151 1948 4233">
    <p class='ocr_par' dir='ltr' id='par_1_73' title="bbox 296 4151 1948 4233">
     <span class='ocr_line' id='line_1_73' title="bbox 296 4151 1948 4233; baseline -0.002 -23"><span class='ocrx_word' id='word_1_497' title='bbox 296 4155 644 4233; x_wconf 80' lang='grc' dir='ltr'>ἠμιχίτονας,</span> <span class='ocrx_word' id='word_1_498' title='bbox 690 4156 777 4210; x_wconf 86' lang='grc' dir='ltr'>καὶ</span> <span class='ocrx_word' id='word_1_499' title='bbox 833 4153 963 4233; x_wconf 70' lang='grc' dir='ltr'>ὕπερ</span> <span class='ocrx_word' id='word_1_500' title='bbox 1016 4154 1162 4210; x_wconf 83' lang='grc' dir='ltr'>αύτοὶ</span> <span class='ocrx_word' id='word_1_501' title='bbox 1193 4153 1329 4209; x_wconf 76' lang='grc' dir='ltr'>κατὰ</span> <span class='ocrx_word' id='word_1_502' title='bbox 1366 4158 1464 4220; x_wconf 78' lang='grc' dir='ltr'><strong>τῆς</strong></span> <span class='ocrx_word' id='word_1_503' title='bbox 1525 4151 1733 4216; x_wconf 84' lang='grc' dir='ltr'>πόλεως</span> <span class='ocrx_word' id='word_1_504' title='bbox 1791 4154 1948 4226; x_wconf 78' lang='grc' dir='ltr'>ἡμῶν</span> 
     </span>
    </p>
   </div>
   <div class='ocr_carea' id='block_1_74' title="bbox 295 4240 1942 4321">
    <p class='ocr_par' dir='ltr' id='par_1_74' title="bbox 295 4240 1942 4321">
     <span class='ocr_line' id='line_1_74' title="bbox 295 4240 1942 4321; baseline -0.001 -22"><span class='ocrx_word' id='word_1_505' title='bbox 295 4241 696 4320; x_wconf 79' lang='grc' dir='ltr'>ἐϐουλεύσαντο,</span> <span class='ocrx_word' id='word_1_506' title='bbox 757 4251 910 4300; x_wconf 81' lang='grc' dir='ltr'>τοῦτο</span> <span class='ocrx_word' id='word_1_507' title='bbox 964 4241 1050 4298; x_wconf 83' lang='grc' dir='ltr'>διὰ</span> <span class='ocrx_word' id='word_1_508' title='bbox 1091 4251 1184 4301; x_wconf 81' lang='grc' dir='ltr'>τοῦ</span> <span class='ocrx_word' id='word_1_509' title='bbox 1214 4242 1475 4321; x_wconf 78' lang='grc' dir='ltr'>μάρτυρος</span> <span class='ocrx_word' id='word_1_510' title='bbox 1507 4243 1542 4310; x_wconf 81' lang='grc' dir='ltr'>ἡ</span> <span class='ocrx_word' id='word_1_511' title='bbox 1578 4240 1687 4297; x_wconf 74' lang='grc' dir='ltr'><strong>ἅνω</strong></span> <span class='ocrx_word' id='word_1_512' title='bbox 1731 4242 1942 4307; x_wconf 59' lang='grc' dir='ltr'>πάντως</span> 
     </span>
    </p>
   </div>
   <div class='ocr_carea' id='block_1_75' title="bbox 293 4331 1201 4410">
    <p class='ocr_par' dir='ltr' id='par_1_75' title="bbox 293 4331 1201 4410">
     <span class='ocr_line' id='line_1_75' title="bbox 293 4331 1201 4410; baseline -0.003 -20"><span class='ocrx_word' id='word_1_513' title='bbox 293 4333 514 4410; x_wconf 83' lang='grc' dir='ltr'>πρόνοια</span> <span class='ocrx_word' id='word_1_514' title='bbox 545 4336 618 4398; x_wconf 79' lang='grc' dir='ltr'>εἷς</span> <span class='ocrx_word' id='word_1_515' title='bbox 651 4334 836 4395; x_wconf 67' lang='grc' dir='ltr'>αὐτοὺς</span> <span class='ocrx_word' id='word_1_516' title='bbox 869 4331 1201 4410; x_wconf 81' lang='grc' dir='ltr'>ἐπανήγαγε.</span> 
     </span>
    </p>
   </div>
   <div class='ocr_carea' id='block_1_76' title="bbox 377 4419 1944 4502">
    <p class='ocr_par' dir='ltr' id='par_1_76' title="bbox 377 4419 1944 4502">
     <span class='ocr_line' id='line_1_76' title="bbox 377 4419 1944 4502; baseline -0.003 -18"><span class='ocrx_word' id='word_1_517' title='bbox 377 4423 532 4502; x_wconf 69' lang='grc' dir='ltr'><strong>ρ4’γ’.</strong></span> <span class='ocrx_word' id='word_1_518' title='bbox 579 4433 682 4482; x_wconf 81' lang='grc' dir='ltr'><strong>Τοῦ</strong></span> <span class='ocrx_word' id='word_1_519' title='bbox 717 4424 816 4502; x_wconf 82' lang='grc' dir='ltr'><strong>γὰρ</strong></span> <span class='ocrx_word' id='word_1_520' title='bbox 871 4428 1094 4500; x_wconf 81' lang='grc' dir='ltr'>στρατοῦ</span> <span class='ocrx_word' id='word_1_521' title='bbox 1141 4422 1316 4477; x_wconf 75' lang='grc' dir='ltr'>ἐκεῖσε</span> <span class='ocrx_word' id='word_1_522' title='bbox 1370 4419 1432 4476; x_wconf 81' lang='grc' dir='ltr'>ἐκ</span> <span class='ocrx_word' id='word_1_523' title='bbox 1490 4424 1582 4476; x_wconf 69' lang='grc' dir='ltr'><strong>τοῦ</strong></span> <span class='ocrx_word' id='word_1_524' title='bbox 1611 4419 1824 4485; x_wconf 78' lang='grc' dir='ltr'>δικαίως</span> <span class='ocrx_word' id='word_1_525' title='bbox 1857 4425 1944 4479; x_wconf 86' lang='grc' dir='ltr'><strong>καὶ</strong></span> 
     </span>
    </p>
   </div>
   <div class='ocr_carea' id='block_1_77' title="bbox 2023 3167 3674 3250">
    <p class='ocr_par' dir='ltr' id='par_1_77' title="bbox 2023 3167 3674 3250">
     <span class='ocr_line' id='line_1_77' title="bbox 2023 3167 3674 3250; baseline 0.003 -21"><span class='ocrx_word' id='word_1_526' title='bbox 2023 3167 2145 3230; x_wconf 84' lang='lat' dir='ltr'><strong>Deo</strong></span> <span class='ocrx_word' id='word_1_527' title='bbox 2169 3169 2464 3230; x_wconf 86' lang='lat' dir='ltr'><strong>civitatem</strong></span> <span class='ocrx_word' id='word_1_528' title='bbox 2494 3169 3252 3250; x_wconf 82' lang='lat' dir='ltr'><strong>confugerant,clanculum</strong></span> <span class='ocrx_word' id='word_1_529' title='bbox 3289 3172 3588 3235; x_wconf 88' lang='lat' dir='ltr'><strong>monuerit</strong></span> <span class='ocrx_word' id='word_1_530' title='bbox 3609 3181 3674 3235; x_wconf 86' lang='lat' dir='ltr'><strong>ut</strong></span> 
     </span>
    </p>
   </div>
   <div class='ocr_carea' id='block_1_78' title="bbox 2023 3258 3679 3343">
    <p class='ocr_par' dir='ltr' id='par_1_78' title="bbox 2023 3258 3679 3343">
     <span class='ocr_line' id='line_1_78' title="bbox 2023 3258 3679 3343; baseline 0.003 -24"><span class='ocrx_word' id='word_1_531' title='bbox 2023 3258 2098 3319; x_wconf 91' lang='lat' dir='ltr'><strong>ad</strong></span> <span class='ocrx_word' id='word_1_532' title='bbox 2120 3277 2289 3319; x_wconf 84' lang='lat' dir='ltr'><strong>casas</strong></span> <span class='ocrx_word' id='word_1_533' title='bbox 2309 3278 2447 3320; x_wconf 85' lang='lat' dir='ltr'><strong>suas</strong></span> <span class='ocrx_word' id='word_1_534' title='bbox 2472 3277 2656 3339; x_wconf 92' lang='lat' dir='ltr'><strong>prope</strong></span> <span class='ocrx_word' id='word_1_535' title='bbox 2689 3277 2817 3321; x_wconf 91' lang='lat' dir='ltr'><strong>eam</strong></span> <span class='ocrx_word' id='word_1_536' title='bbox 2852 3259 2996 3320; x_wconf 89' lang='lat' dir='ltr'><strong>sitas</strong></span> <span class='ocrx_word' id='word_1_537' title='bbox 3031 3260 3289 3334; x_wconf 82' lang='lat' dir='ltr'><strong>exirent,</strong></span> <span class='ocrx_word' id='word_1_538' title='bbox 3325 3260 3679 3343; x_wconf 81' lang='lat' dir='ltr'><strong>fructusque</strong></span> 
     </span>
    </p>
   </div>
   <div class='ocr_carea' id='block_1_79' title="bbox 2023 3347 3676 3429">
    <p class='ocr_par' dir='ltr' id='par_1_79' title="bbox 2023 3347 3676 3429">
     <span class='ocr_line' id='line_1_79' title="bbox 2023 3347 3676 3429; baseline 0.002 -21"><span class='ocrx_word' id='word_1_539' title='bbox 2023 3348 2372 3410; x_wconf 84' lang='lat' dir='ltr'><strong>earumdem</strong></span> <span class='ocrx_word' id='word_1_540' title='bbox 2397 3347 2893 3429; x_wconf 82' lang='lat' dir='ltr'><strong>colligerent,quo</strong></span> <span class='ocrx_word' id='word_1_541' title='bbox 2916 3349 2989 3409; x_wconf 91' lang='lat' dir='ltr'><strong>ob</strong></span> <span class='ocrx_word' id='word_1_542' title='bbox 3015 3347 3378 3412; x_wconf 78' lang='lat' dir='ltr'><strong>ineffabilem</strong></span> <span class='ocrx_word' id='word_1_543' title='bbox 3399 3351 3676 3412; x_wconf 88' lang='lat' dir='ltr'><strong>timorem</strong></span> 
     </span>
    </p>
   </div>
   <div class='ocr_carea' id='block_1_80' title="bbox 2024 3433 3692 3519">
    <p class='ocr_par' dir='ltr' id='par_1_80' title="bbox 2024 3433 3692 3519">
     <span class='ocr_line' id='line_1_80' title="bbox 2024 3433 3692 3519; baseline 0.004 -23"><span class='ocrx_word' id='word_1_544' title='bbox 2024 3447 2364 3519; x_wconf 88' lang='lat' dir='ltr'><strong>tantamque</strong></span> <span class='ocrx_word' id='word_1_545' title='bbox 2391 3437 2448 3498; x_wconf 91' lang='lat' dir='ltr'><strong>in</strong></span> <span class='ocrx_word' id='word_1_546' title='bbox 2469 3456 2534 3499; x_wconf 91' lang='lat' dir='ltr'><strong>se</strong></span> <span class='ocrx_word' id='word_1_547' title='bbox 2553 3438 2778 3500; x_wconf 62' lang='lat' dir='ltr'><strong>caedem</strong></span> <span class='ocrx_word' id='word_1_548' title='bbox 2798 3437 3052 3499; x_wconf 83' lang='lat' dir='ltr'><strong>familias</strong></span> <span class='ocrx_word' id='word_1_549' title='bbox 3077 3455 3215 3500; x_wconf 90' lang='lat' dir='ltr'><strong>suas</strong></span> <span class='ocrx_word' id='word_1_550' title='bbox 3234 3446 3479 3501; x_wconf 85' lang='lat' dir='ltr'><strong>omnino</strong></span> <span class='ocrx_word' id='word_1_551' title='bbox 3497 3433 3692 3503; x_wconf 52' lang='lat' dir='ltr'><strong>relin?</strong></span> 
     </span>
    </p>
   </div>
   <div class='ocr_carea' id='block_1_81' title="bbox 2023 3527 3668 3612">
    <p class='ocr_par' dir='ltr' id='par_1_81' title="bbox 2023 3527 3668 3612">
     <span class='ocr_line' id='line_1_81' title="bbox 2023 3527 3668 3612; baseline 0.004 -25"><span class='ocrx_word' id='word_1_552' title='bbox 2023 3527 2383 3607; x_wconf 87' lang='lat' dir='ltr'><strong>quentes,ad</strong></span> <span class='ocrx_word' id='word_1_553' title='bbox 2418 3537 2610 3607; x_wconf 83' lang='lat' dir='ltr'><strong>partes</strong></span> <span class='ocrx_word' id='word_1_554' title='bbox 2637 3527 2765 3590; x_wconf 89' lang='lat' dir='ltr'><strong>illas</strong></span> <span class='ocrx_word' id='word_1_555' title='bbox 2788 3527 3174 3605; x_wconf 87' lang='lat' dir='ltr'><strong>accederent;</strong></span> <span class='ocrx_word' id='word_1_556' title='bbox 3203 3529 3668 3612; x_wconf 88' lang='lat' dir='ltr'><strong>popularesque,</strong></span> 
     </span>
    </p>
   </div>
   <div class='ocr_carea' id='block_1_82' title="bbox 2025 3615 3681 3696">
    <p class='ocr_par' dir='ltr' id='par_1_82' title="bbox 2025 3615 3681 3696">
     <span class='ocr_line' id='line_1_82' title="bbox 2025 3615 3681 3696; baseline 0.005 -21"><span class='ocrx_word' id='word_1_557' title='bbox 2025 3616 2126 3695; x_wconf 91' lang='lat' dir='ltr'><strong>qui</strong></span> <span class='ocrx_word' id='word_1_558' title='bbox 2159 3616 2376 3678; x_wconf 85' lang='lat' dir='ltr'><strong>devicti</strong></span> <span class='ocrx_word' id='word_1_559' title='bbox 2423 3626 2592 3678; x_wconf 90' lang='lat' dir='ltr'><strong>erant</strong></span> <span class='ocrx_word' id='word_1_560' title='bbox 2625 3635 2694 3678; x_wconf 87' lang='lat' dir='ltr'><strong>ac</strong></span> <span class='ocrx_word' id='word_1_561' title='bbox 2725 3615 3049 3696; x_wconf 82' lang='lat' dir='ltr'><strong>fugiebant,</strong></span> <span class='ocrx_word' id='word_1_562' title='bbox 3099 3635 3234 3678; x_wconf 90' lang='lat' dir='ltr'><strong>cum</strong></span> <span class='ocrx_word' id='word_1_563' title='bbox 3276 3619 3562 3681; x_wconf 79' lang='lat' dir='ltr'><strong>uxoribus</strong></span> <span class='ocrx_word' id='word_1_564' title='bbox 3609 3639 3681 3683; x_wconf 84' lang='lat' dir='ltr'><strong>ac</strong></span> 
     </span>
    </p>
   </div>
   <div class='ocr_carea' id='block_1_83' title="bbox 2024 3703 3680 3788">
    <p class='ocr_par' dir='ltr' id='par_1_83' title="bbox 2024 3703 3680 3788">
     <span class='ocr_line' id='line_1_83' title="bbox 2024 3703 3680 3788; baseline 0.003 -24"><span class='ocrx_word' id='word_1_565' title='bbox 2024 3704 2232 3765; x_wconf 84' lang='lat' dir='ltr'><strong>liberis</strong></span> <span class='ocrx_word' id='word_1_566' title='bbox 2253 3704 2324 3764; x_wconf 90' lang='lat' dir='ltr'><strong>ad</strong></span> <span class='ocrx_word' id='word_1_567' title='bbox 2351 3705 2599 3767; x_wconf 87' lang='lat' dir='ltr'><strong>sitorum</strong></span> <span class='ocrx_word' id='word_1_568' title='bbox 2629 3724 2816 3785; x_wconf 89' lang='lat' dir='ltr'><strong>prope</strong></span> <span class='ocrx_word' id='word_1_569' title='bbox 2839 3703 3000 3765; x_wconf 91' lang='lat' dir='ltr'><strong>illam</strong></span> <span class='ocrx_word' id='word_1_570' title='bbox 3022 3704 3514 3788; x_wconf 90' lang='lat' dir='ltr'><strong>reliquorumque</strong></span> <span class='ocrx_word' id='word_1_571' title='bbox 3536 3709 3680 3770; x_wconf 80' lang='lat' dir='ltr'><strong>vici-</strong></span> 
     </span>
    </p>
   </div>
   <div class='ocr_carea' id='block_1_84' title="bbox 2025 3793 3680 3876">
    <p class='ocr_par' dir='ltr' id='par_1_84' title="bbox 2025 3793 3680 3876">
     <span class='ocr_line' id='line_1_84' title="bbox 2025 3793 3680 3876; baseline 0.004 -23"><span class='ocrx_word' id='word_1_572' title='bbox 2025 3811 2237 3853; x_wconf 89' lang='lat' dir='ltr'><strong>norum</strong></span> <span class='ocrx_word' id='word_1_573' title='bbox 2273 3793 2542 3854; x_wconf 86' lang='lat' dir='ltr'><strong>locorum</strong></span> <span class='ocrx_word' id='word_1_574' title='bbox 2576 3812 2744 3854; x_wconf 77' lang='lat' dir='ltr'><strong>casas</strong></span> <span class='ocrx_word' id='word_1_575' title='bbox 2775 3793 3072 3854; x_wconf 89' lang='lat' dir='ltr'><strong>abeuntes</strong></span> <span class='ocrx_word' id='word_1_576' title='bbox 3096 3793 3584 3876; x_wconf 82' lang='lat' dir='ltr'><strong>frumentumque</strong></span> <span class='ocrx_word' id='word_1_577' title='bbox 3609 3815 3680 3860; x_wconf 91' lang='lat' dir='ltr'><strong>ac</strong></span> 
     </span>
    </p>
   </div>
   <div class='ocr_carea' id='block_1_85' title="bbox 2028 3880 3678 3965">
    <p class='ocr_par' dir='ltr' id='par_1_85' title="bbox 2028 3880 3678 3965">
     <span class='ocr_line' id='line_1_85' title="bbox 2028 3880 3678 3965; baseline 0.003 -23"><span class='ocrx_word' id='word_1_578' title='bbox 2028 3881 2195 3942; x_wconf 91' lang='lat' dir='ltr'><strong>olera</strong></span> <span class='ocrx_word' id='word_1_579' title='bbox 2225 3881 2510 3955; x_wconf 84' lang='lat' dir='ltr'><strong>ferentes,</strong></span> <span class='ocrx_word' id='word_1_580' title='bbox 2547 3891 2678 3943; x_wconf 87' lang='lat' dir='ltr'><strong>erat</strong></span> <span class='ocrx_word' id='word_1_581' title='bbox 2708 3882 2934 3956; x_wconf 90' lang='lat' dir='ltr'><strong>videre,</strong></span> <span class='ocrx_word' id='word_1_582' title='bbox 2963 3881 3044 3942; x_wconf 89' lang='lat' dir='ltr'><strong>uti</strong></span> <span class='ocrx_word' id='word_1_583' title='bbox 3075 3880 3253 3943; x_wconf 90' lang='lat' dir='ltr'><strong>etiam</strong></span> <span class='ocrx_word' id='word_1_584' title='bbox 3280 3881 3384 3962; x_wconf 89' lang='lat' dir='ltr'><strong>qui</strong></span> <span class='ocrx_word' id='word_1_585' title='bbox 3412 3883 3678 3965; x_wconf 86' lang='lat' dir='ltr'><strong>impedi-</strong></span> 
     </span>
    </p>
   </div>
   <div class='ocr_carea' id='block_1_86' title="bbox 2031 3970 3677 4054">
    <p class='ocr_par' dir='ltr' id='par_1_86' title="bbox 2031 3970 3677 4054">
     <span class='ocr_line' id='line_1_86' title="bbox 2031 3970 3677 4054; baseline 0.004 -24"><span class='ocrx_word' id='word_1_586' title='bbox 2031 3979 2229 4031; x_wconf 88' lang='lat' dir='ltr'><strong>menta</strong></span> <span class='ocrx_word' id='word_1_587' title='bbox 2259 3970 2605 4050; x_wconf 87' lang='lat' dir='ltr'><strong>reliquaque</strong></span> <span class='ocrx_word' id='word_1_588' title='bbox 2665 3971 2818 4049; x_wconf 72' lang='lat' dir='ltr'><strong>fugae</strong></span> <span class='ocrx_word' id='word_1_589' title='bbox 2868 3988 3134 4048; x_wconf 82' lang='lat' dir='ltr'><strong>congrua</strong></span> <span class='ocrx_word' id='word_1_590' title='bbox 3165 3970 3434 4033; x_wconf 88' lang='lat' dir='ltr'><strong>humeris</strong></span> <span class='ocrx_word' id='word_1_591' title='bbox 3464 3982 3677 4054; x_wconf 87' lang='lat' dir='ltr'><strong>porta-</strong></span> 
     </span>
    </p>
   </div>
   <div class='ocr_carea' id='block_1_87' title="bbox 2031 4060 3676 4142">
    <p class='ocr_par' dir='ltr' id='par_1_87' title="bbox 2031 4060 3676 4142">
     <span class='ocr_line' id='line_1_87' title="bbox 2031 4060 3676 4142; baseline 0.004 -22"><span class='ocrx_word' id='word_1_592' title='bbox 2031 4060 2194 4140; x_wconf 88' lang='lat' dir='ltr'><strong>bant,</strong></span> <span class='ocrx_word' id='word_1_593' title='bbox 2219 4061 2364 4122; x_wconf 91' lang='lat' dir='ltr'><strong>alios</strong></span> <span class='ocrx_word' id='word_1_594' title='bbox 2388 4062 2676 4140; x_wconf 89' lang='lat' dir='ltr'><strong>inermes,</strong></span> <span class='ocrx_word' id='word_1_595' title='bbox 2704 4069 2881 4142; x_wconf 85' lang='lat' dir='ltr'><strong>atque</strong></span> <span class='ocrx_word' id='word_1_596' title='bbox 2903 4068 2966 4120; x_wconf 91' lang='lat' dir='ltr'><strong>ut</strong></span> <span class='ocrx_word' id='word_1_597' title='bbox 2989 4078 3094 4140; x_wconf 91' lang='lat' dir='ltr'><strong>per</strong></span> <span class='ocrx_word' id='word_1_598' title='bbox 3121 4061 3275 4122; x_wconf 88' lang='lat' dir='ltr'><strong>viam</strong></span> <span class='ocrx_word' id='word_1_599' title='bbox 3300 4079 3368 4122; x_wconf 91' lang='lat' dir='ltr'><strong>ac</strong></span> <span class='ocrx_word' id='word_1_600' title='bbox 3400 4062 3676 4128; x_wconf 87' lang='lat' dir='ltr'><strong>ardorem</strong></span> 
     </span>
    </p>
   </div>
   <div class='ocr_carea' id='block_1_88' title="bbox 2028 4147 3677 4230">
    <p class='ocr_par' dir='ltr' id='par_1_88' title="bbox 2028 4147 3677 4230">
     <span class='ocr_line' id='line_1_88' title="bbox 2028 4147 3677 4230; baseline 0.004 -20"><span class='ocrx_word' id='word_1_601' title='bbox 2028 4147 2701 4230; x_wconf 80' lang='lat' dir='ltr'><strong>licebat,semivestitos;</strong></span> <span class='ocrx_word' id='word_1_602' title='bbox 2731 4167 2797 4210; x_wconf 90' lang='lat' dir='ltr'><strong>ac</strong></span> <span class='ocrx_word' id='word_1_603' title='bbox 2823 4149 2983 4228; x_wconf 91' lang='lat' dir='ltr'><strong>quod</strong></span> <span class='ocrx_word' id='word_1_604' title='bbox 3008 4149 3121 4230; x_wconf 89' lang='lat' dir='ltr'><strong>ipsi</strong></span> <span class='ocrx_word' id='word_1_605' title='bbox 3146 4157 3355 4211; x_wconf 83' lang='lat' dir='ltr'><strong>contra</strong></span> <span class='ocrx_word' id='word_1_606' title='bbox 3377 4149 3677 4216; x_wconf 88' lang='lat' dir='ltr'><strong>civitatem</strong></span> 
     </span>
    </p>
   </div>
   <div class='ocr_carea' id='block_1_89' title="bbox 2030 4237 3682 4323">
    <p class='ocr_par' dir='ltr' id='par_1_89' title="bbox 2030 4237 3682 4323">
     <span class='ocr_line' id='line_1_89' title="bbox 2030 4237 3682 4323; baseline 0.004 -24"><span class='ocrx_word' id='word_1_607' title='bbox 2030 4247 2289 4300; x_wconf 90' lang='lat' dir='ltr'><strong>nostram</strong></span> <span class='ocrx_word' id='word_1_608' title='bbox 2328 4239 2595 4300; x_wconf 86' lang='lat' dir='ltr'><strong>meditati</strong></span> <span class='ocrx_word' id='word_1_609' title='bbox 2629 4247 2822 4312; x_wconf 90' lang='lat' dir='ltr'><strong>erant,</strong></span> <span class='ocrx_word' id='word_1_610' title='bbox 2859 4237 2915 4298; x_wconf 72' lang='lat' dir='ltr'><strong>id</strong></span> <span class='ocrx_word' id='word_1_611' title='bbox 2945 4256 3048 4317; x_wconf 88' lang='lat' dir='ltr'><strong>per</strong></span> <span class='ocrx_word' id='word_1_612' title='bbox 3073 4247 3394 4318; x_wconf 73' lang='lat' dir='ltr'><strong>martyrem</strong></span> <span class='ocrx_word' id='word_1_613' title='bbox 3421 4259 3682 4323; x_wconf 86' lang='lat' dir='ltr'><strong>superna</strong></span> 
     </span>
    </p>
   </div>
   <div class='ocr_carea' id='block_1_90' title="bbox 2027 4326 3320 4409">
    <p class='ocr_par' dir='ltr' id='par_1_90' title="bbox 2027 4326 3320 4409">
     <span class='ocr_line' id='line_1_90' title="bbox 2027 4326 3320 4409; baseline 0.002 -20"><span class='ocrx_word' id='word_1_614' title='bbox 2027 4328 2396 4409; x_wconf 84' lang='lat' dir='ltr'><strong>providentia</strong></span> <span class='ocrx_word' id='word_1_615' title='bbox 2426 4346 2606 4408; x_wconf 89' lang='lat' dir='ltr'><strong>supra</strong></span> <span class='ocrx_word' id='word_1_616' title='bbox 2637 4346 2744 4389; x_wconf 92' lang='lat' dir='ltr'><strong>eos</strong></span> <span class='ocrx_word' id='word_1_617' title='bbox 2777 4326 3025 4389; x_wconf 90' lang='lat' dir='ltr'><strong>omnino</strong></span> <span class='ocrx_word' id='word_1_618' title='bbox 3057 4327 3320 4391; x_wconf 84' lang='lat' dir='ltr'><strong>induxit.</strong></span> 
     </span>
    </p>
   </div>
   <div class='ocr_carea' id='block_1_91' title="bbox 2116 4416 3679 4500">
    <p class='ocr_par' dir='ltr' id='par_1_91' title="bbox 2116 4416 3679 4500">
     <span class='ocr_line' id='line_1_91' title="bbox 2116 4416 3679 4500; baseline 0.004 -23"><span class='ocrx_word' id='word_1_619' title='bbox 2116 4419 2244 4479; x_wconf 85' lang='lat'><strong>193.</strong></span> <span class='ocrx_word' id='word_1_620' title='bbox 2280 4417 2334 4478; x_wconf 90' lang='lat' dir='ltr'><strong>Is</strong></span> <span class='ocrx_word' id='word_1_621' title='bbox 2387 4436 2590 4495; x_wconf 79' lang='lat' dir='ltr'><strong>porro,</strong></span> <span class='ocrx_word' id='word_1_622' title='bbox 2652 4417 2755 4494; x_wconf 90' lang='lat' dir='ltr'><strong>qui</strong></span> <span class='ocrx_word' id='word_1_623' title='bbox 2807 4417 2971 4497; x_wconf 88' lang='lat' dir='ltr'><strong>jusle</strong></span> <span class='ocrx_word' id='word_1_624' title='bbox 3021 4435 3088 4478; x_wconf 90' lang='lat' dir='ltr'><strong>ac</strong></span> <span class='ocrx_word' id='word_1_625' title='bbox 3121 4417 3218 4497; x_wconf 87' lang='lat' dir='ltr'><strong>pie</strong></span> <span class='ocrx_word' id='word_1_626' title='bbox 3251 4416 3425 4478; x_wconf 85' lang='lat' dir='ltr'><strong>nobis</strong></span> <span class='ocrx_word' id='word_1_627' title='bbox 3481 4417 3679 4500; x_wconf 87' lang='lat' dir='ltr'><strong>impe-</strong></span> 
     </span>
    </p>
   </div>
   <div class='ocr_carea' id='block_1_92' title="bbox 293 4504 1940 4590">
    <p class='ocr_par' dir='ltr' id='par_1_92' title="bbox 293 4510 1940 4590">
     <span class='ocr_line' id='line_1_92' title="bbox 293 4510 1940 4590; baseline -0.001 -20"><span class='ocrx_word' id='word_1_628' title='bbox 293 4510 521 4577; x_wconf 72' lang='grc' dir='ltr'>εὐσεϐῶς</span> <span class='ocrx_word' id='word_1_629' title='bbox 554 4513 848 4590; x_wconf 62' lang='grc' dir='ltr'>βασιλεύειν</span> <span class='ocrx_word' id='word_1_630' title='bbox 884 4515 1020 4588; x_wconf 76' lang='grc' dir='ltr'>ἡμῖν</span> <span class='ocrx_word' id='word_1_631' title='bbox 1052 4512 1321 4590; x_wconf 79' lang='grc' dir='ltr'>λαχόντος</span> <span class='ocrx_word' id='word_1_632' title='bbox 1372 4510 1656 4575; x_wconf 82' lang='grc' dir='ltr'>σταλέντος</span> <span class='ocrx_word' id='word_1_633' title='bbox 1701 4511 1786 4568; x_wconf 83' lang='grc' dir='ltr'>ἐπὶ</span> <span class='ocrx_word' id='word_1_634' title='bbox 1830 4535 1940 4568; x_wconf 82' lang='grc' dir='ltr'>πα·-</span> 
     </span>
    </p>
   </div>
   <div class='ocr_carea' id='block_1_93' title="bbox 2033 4504 3682 4590">
    <p class='ocr_par' dir='ltr' id='par_1_93' title="bbox 2033 4504 3682 4588">
     <span class='ocr_line' id='line_1_93' title="bbox 2033 4504 3682 4588; baseline 0.002 -19"><span class='ocrx_word' id='word_1_635' title='bbox 2033 4526 2158 4569; x_wconf 88' lang='lat' dir='ltr'><strong>rare</strong></span> <span class='ocrx_word' id='word_1_636' title='bbox 2190 4516 2279 4569; x_wconf 92' lang='lat' dir='ltr'><strong>est</strong></span> <span class='ocrx_word' id='word_1_637' title='bbox 2309 4510 2550 4569; x_wconf 89' lang='lat' dir='ltr'><strong>sortitus</strong></span> <span class='ocrx_word' id='word_1_638' title='bbox 2575 4557 2590 4588; x_wconf 90' lang='lat'><strong>,</strong></span> <span class='ocrx_word' id='word_1_639' title='bbox 2652 4508 2836 4568; x_wconf 89' lang='lat' dir='ltr'><strong>misso</strong></span> <span class='ocrx_word' id='word_1_640' title='bbox 2867 4507 2938 4567; x_wconf 91' lang='lat' dir='ltr'><strong>ad</strong></span> <span class='ocrx_word' id='word_1_641' title='bbox 2973 4504 3217 4569; x_wconf 84' lang='lat' dir='ltr'><strong>Sclavos</strong></span> <span class='ocrx_word' id='word_1_642' title='bbox 3247 4509 3682 4588; x_wconf 82' lang='lat' dir='ltr'><strong>oppugnandos</strong></span> 
     </span>
    </p>
   </div>
   <div class='ocr_carea' id='block_1_94' title="bbox 295 4579 1940 4682">
    <p class='ocr_par' dir='ltr' id='par_1_94' title="bbox 295 4600 1940 4682">
     <span class='ocr_line' id='line_1_94' title="bbox 295 4600 1940 4682; baseline -0.001 -24"><span class='ocrx_word' id='word_1_643' title='bbox 295 4603 503 4681; x_wconf 84' lang='grc' dir='ltr'>ρατάξει</span> <span class='ocrx_word' id='word_1_644' title='bbox 534 4608 640 4658; x_wconf 72' lang='grc' dir='ltr'>τῶν</span> <span class='ocrx_word' id='word_1_645' title='bbox 685 4600 1015 4682; x_wconf 87' lang='grc' dir='ltr'>Σκλαϐίνων,</span> <span class='ocrx_word' id='word_1_646' title='bbox 1077 4601 1333 4680; x_wconf 74' lang='grc' dir='ltr'>σιτοφόροι</span> <span class='ocrx_word' id='word_1_647' title='bbox 1384 4601 1562 4680; x_wconf 51' lang='grc' dir='ltr'>σκάρη</span> <span class='ocrx_word' id='word_1_648' title='bbox 1595 4603 1682 4658; x_wconf 81' lang='grc' dir='ltr'><strong>καὶ</strong></span> <span class='ocrx_word' id='word_1_649' title='bbox 1714 4605 1815 4680; x_wconf 76' lang='grc' dir='ltr'><strong>πρὸ</strong></span> <span class='ocrx_word' id='word_1_650' title='bbox 1845 4607 1940 4668; x_wconf 79' lang='grc' dir='ltr'><strong>τῆς</strong></span> 
     </span>
    </p>
   </div>
   <div class='ocr_carea' id='block_1_95' title="bbox 2033 4579 3681 4682">
    <p class='ocr_par' dir='ltr' id='par_1_95' title="bbox 2033 4579 3681 4679">
     <span class='ocr_line' id='line_1_95' title="bbox 2033 4579 3681 4679; baseline 0.001 -18"><span class='ocrx_word' id='word_1_651' title='bbox 2033 4599 2323 4679; x_wconf 80' lang='lat' dir='ltr'><strong>exercitu,</strong></span> <span class='ocrx_word' id='word_1_652' title='bbox 2359 4579 2594 4676; x_wconf 76' lang='lat' dir='ltr'><strong>navigia</strong></span> <span class='ocrx_word' id='word_1_653' title='bbox 2615 4596 2816 4670; x_wconf 91' lang='lat' dir='ltr'><strong>etiam,</strong></span> <span class='ocrx_word' id='word_1_654' title='bbox 2843 4595 3145 4658; x_wconf 80' lang='lat' dir='ltr'><strong>frumento</strong></span> <span class='ocrx_word' id='word_1_655' title='bbox 3175 4579 3492 4671; x_wconf 44' lang='lat' dir='ltr'><strong>onu&#39;s-ta,ad</strong></span> <span class='ocrx_word' id='word_1_656' title='bbox 3523 4599 3681 4679; x_wconf 89' lang='lat' dir='ltr'><strong>peti-</strong></span> 
     </span>
    </p>
   </div>
   <div class='ocr_carea' id='block_1_96' title="bbox 303 4690 1947 4768">
    <p class='ocr_par' dir='ltr' id='par_1_96' title="bbox 303 4690 1947 4768">
     <span class='ocr_line' id='line_1_96' title="bbox 303 4690 1947 4768; baseline -0.001 -20"><span class='ocrx_word' id='word_1_657' title='bbox 303 4693 456 4767; x_wconf 69' lang='grc' dir='ltr'>ἦμῶν</span> <span class='ocrx_word' id='word_1_658' title='bbox 512 4693 774 4760; x_wconf 76' lang='grc' dir='ltr'>αἰτήσεως</span> <span class='ocrx_word' id='word_1_659' title='bbox 827 4695 1047 4747; x_wconf 63' lang='grc' dir='ltr'>ἐνταῦθα</span> <span class='ocrx_word' id='word_1_660' title='bbox 1101 4690 1412 4751; x_wconf 80' lang='grc' dir='ltr'>ἀπέστειλε.</span> <span class='ocrx_word' id='word_1_661' title='bbox 1474 4693 1588 4748; x_wconf 77' lang='grc' dir='ltr'><strong>Τῶν</strong></span> <span class='ocrx_word' id='word_1_662' title='bbox 1621 4693 1947 4768; x_wconf 76' lang='grc' dir='ltr'>κρατούντων</span> 
     </span>
    </p>
   </div>
   <div class='ocr_carea' id='block_1_97' title="bbox 299 4778 1949 4860">
    <p class='ocr_par' dir='ltr' id='par_1_97' title="bbox 299 4778 1949 4860">
     <span class='ocr_line' id='line_1_97' title="bbox 299 4778 1949 4860; baseline -0.001 -22"><span class='ocrx_word' id='word_1_663' title='bbox 299 4785 386 4838; x_wconf 78' lang='grc' dir='ltr'><strong>καὶ</strong></span> <span class='ocrx_word' id='word_1_664' title='bbox 445 4781 496 4837; x_wconf 67' lang='grc' dir='ltr'>ἐν</span> <span class='ocrx_word' id='word_1_665' title='bbox 565 4783 734 4855; x_wconf 88' lang='grc' dir='ltr'>τούτῳ</span> <span class='ocrx_word' id='word_1_666' title='bbox 812 4782 1161 4860; x_wconf 79' lang='grc' dir='ltr'>ἀργησάντων</span> <span class='ocrx_word' id='word_1_667' title='bbox 1241 4778 1326 4835; x_wconf 81' lang='grc' dir='ltr'>διὰ</span> <span class='ocrx_word' id='word_1_668' title='bbox 1381 4782 1473 4835; x_wconf 78' lang='grc' dir='ltr'><strong>τὸν</strong></span> <span class='ocrx_word' id='word_1_669' title='bbox 1539 4779 1726 4860; x_wconf 79' lang='grc' dir='ltr'>φόϐον,</span> <span class='ocrx_word' id='word_1_670' title='bbox 1790 4781 1949 4858; x_wconf 83' lang='grc' dir='ltr'>οὗπερ</span> 
     </span>
    </p>
   </div>
   <div class='ocr_carea' id='block_1_98' title="bbox 301 4868 1947 4948">
    <p class='ocr_par' dir='ltr' id='par_1_98' title="bbox 301 4868 1947 4948">
     <span class='ocr_line' id='line_1_98' title="bbox 301 4868 1947 4948; baseline -0.001 -20"><span class='ocrx_word' id='word_1_671' title='bbox 301 4871 556 4940; x_wconf 71' lang='grc' dir='ltr'>ἐποίησαν</span> <span class='ocrx_word' id='word_1_672' title='bbox 617 4871 677 4927; x_wconf 76' lang='grc' dir='ltr'>ἐκ</span> <span class='ocrx_word' id='word_1_673' title='bbox 741 4877 849 4927; x_wconf 86' lang='grc' dir='ltr'><strong>τῶν</strong></span> <span class='ocrx_word' id='word_1_674' title='bbox 891 4871 1110 4929; x_wconf 81' lang='grc' dir='ltr'>ἐνταῦθα</span> <span class='ocrx_word' id='word_1_675' title='bbox 1152 4868 1399 4948; x_wconf 75' lang='grc' dir='ltr'>ἔκφορίου</span> <span class='ocrx_word' id='word_1_676' title='bbox 1453 4871 1647 4945; x_wconf 83' lang='grc' dir='ltr'>μήπως</span> <span class='ocrx_word' id='word_1_677' title='bbox 1680 4871 1947 4948; x_wconf 80' lang='grc' dir='ltr'>γνωσθὲν-</span> 
     </span>
    </p>
   </div>
   <div class='ocr_carea' id='block_1_99' title="bbox 301 4956 1947 5040">
    <p class='ocr_par' dir='ltr' id='par_1_99' title="bbox 301 4956 1947 5040">
     <span class='ocr_line' id='line_1_99' title="bbox 301 4956 1947 5040; baseline -0.002 -21"><span class='ocrx_word' id='word_1_678' title='bbox 301 4978 390 5026; x_wconf 86' lang='grc' dir='ltr'><strong>τες</strong></span> <span class='ocrx_word' id='word_1_679' title='bbox 447 4961 806 5040; x_wconf 74' lang='grc' dir='ltr'>ἀγανακτήσει</span> <span class='ocrx_word' id='word_1_680' title='bbox 863 4961 950 5017; x_wconf 84' lang='grc' dir='ltr'><strong>καὶ</strong></span> <span class='ocrx_word' id='word_1_681' title='bbox 1005 4956 1373 5032; x_wconf 79' lang='grc' dir='ltr'>ὕποϐληθῶσι,</span> <span class='ocrx_word' id='word_1_682' title='bbox 1431 4963 1518 5016; x_wconf 87' lang='grc' dir='ltr'>καὶ</span> <span class='ocrx_word' id='word_1_683' title='bbox 1574 4961 1619 5015; x_wconf 80' lang='grc' dir='ltr'><strong>εἰ</strong></span> <span class='ocrx_word' id='word_1_684' title='bbox 1678 4961 1756 5036; x_wconf 81' lang='grc' dir='ltr'><strong>μὴ</strong></span> <span class='ocrx_word' id='word_1_685' title='bbox 1818 4959 1947 5040; x_wconf 74' lang='grc' dir='ltr'>ἄχρι</span> 
     </span>
    </p>
   </div>
   <div class='ocr_carea' id='block_1_100' title="bbox 303 5063 1947 5136">
    <p class='ocr_par' dir='ltr' id='par_1_100' title="bbox 303 5063 1947 5136">
     <span class='ocr_line' id='line_1_100' title="bbox 303 5063 1947 5136; baseline -0.001 -12"><span class='ocrx_word' id='word_1_686' title='bbox 303 5065 661 5136; x_wconf 76' lang='lat' dir='ltr'><strong>regionibus,</strong></span> <span class='ocrx_word' id='word_1_687' title='bbox 692 5063 846 5122; x_wconf 86' lang='lat' dir='ltr'><strong>haud</strong></span> <span class='ocrx_word' id='word_1_688' title='bbox 875 5063 1304 5136; x_wconf 83' lang='lat' dir='ltr'><strong>proculetiam,</strong></span> <span class='ocrx_word' id='word_1_689' title='bbox 1332 5074 1392 5120; x_wconf 86' lang='lat' dir='ltr'><strong>ut</strong></span> <span class='ocrx_word' id='word_1_690' title='bbox 1434 5063 1673 5131; x_wconf 84' lang='lat' dir='ltr'><strong>dictum,</strong></span> <span class='ocrx_word' id='word_1_691' title='bbox 1701 5079 1732 5120; x_wconf 87' lang='lat' dir='ltr'><strong>a</strong></span> <span class='ocrx_word' id='word_1_692' title='bbox 1763 5066 1947 5123; x_wconf 88' lang='lat' dir='ltr'><strong>Thes-</strong></span> 
     </span>
    </p>
   </div>
   <div class='ocr_carea' id='block_1_101' title="bbox 305 5134 1948 5206">
    <p class='ocr_par' dir='ltr' id='par_1_101' title="bbox 305 5134 1948 5206">
     <span class='ocr_line' id='line_1_101' title="bbox 305 5134 1948 5206; baseline -0.001 -13"><span class='ocrx_word' id='word_1_693' title='bbox 305 5134 558 5193; x_wconf 79' lang='lat' dir='ltr'><strong>saionica</strong></span> <span class='ocrx_word' id='word_1_694' title='bbox 599 5137 856 5200; x_wconf 88' lang='lat' dir='ltr'><strong>remotis,</strong></span> <span class='ocrx_word' id='word_1_695' title='bbox 878 5134 959 5193; x_wconf 81' lang='lat' dir='ltr'><strong>ab</strong></span> <span class='ocrx_word' id='word_1_696' title='bbox 992 5135 1252 5206; x_wconf 84' lang='lat' dir='ltr'><strong>ipsismet</strong></span> <span class='ocrx_word' id='word_1_697' title='bbox 1286 5137 1732 5204; x_wconf 86' lang='lat' dir='ltr'><strong>imperatoribus</strong></span> <span class='ocrx_word' id='word_1_698' title='bbox 1783 5138 1948 5193; x_wconf 89' lang='lat' dir='ltr'><strong>sedes</strong></span> 
     </span>
    </p>
   </div>
   <div class='ocr_carea' id='block_1_102' title="bbox 305 5206 1944 5274">
    <p class='ocr_par' dir='ltr' id='par_1_102' title="bbox 305 5206 1944 5274">
     <span class='ocr_line' id='line_1_102' title="bbox 305 5206 1944 5274; baseline 0.001 -10"><span class='ocrx_word' id='word_1_699' title='bbox 305 5209 550 5265; x_wconf 86' lang='lat' dir='ltr'><strong>subinde</strong></span> <span class='ocrx_word' id='word_1_700' title='bbox 607 5207 950 5274; x_wconf 81' lang='lat' dir='ltr'><strong>obtinuisse,</strong></span> <span class='ocrx_word' id='word_1_701' title='bbox 1003 5218 1054 5262; x_wconf 87' lang='lat' dir='ltr'><strong>et</strong></span> <span class='ocrx_word' id='word_1_702' title='bbox 1112 5215 1302 5264; x_wconf 84' lang='lat' dir='ltr'><strong>tamen</strong></span> <span class='ocrx_word' id='word_1_703' title='bbox 1347 5206 1498 5262; x_wconf 87' lang='lat' dir='ltr'><strong>haud</strong></span> <span class='ocrx_word' id='word_1_704' title='bbox 1557 5222 1688 5264; x_wconf 88' lang='lat' dir='ltr'><strong>raro</strong></span> <span class='ocrx_word' id='word_1_705' title='bbox 1748 5219 1944 5266; x_wconf 89' lang='lat' dir='ltr'><strong>contra</strong></span> 
     </span>
    </p>
   </div>
   <div class='ocr_carea' id='block_1_103' title="bbox 303 5277 1948 5350">
    <p class='ocr_par' dir='ltr' id='par_1_103' title="bbox 303 5277 1948 5350">
     <span class='ocr_line' id='line_1_103' title="bbox 303 5277 1948 5350; baseline -0.002 -13"><span class='ocrx_word' id='word_1_706' title='bbox 303 5279 478 5339; x_wconf 85' lang='lat' dir='ltr'><strong>hosce</strong></span> <span class='ocrx_word' id='word_1_707' title='bbox 510 5293 668 5338; x_wconf 86' lang='lat' dir='ltr'><strong>arma</strong></span> <span class='ocrx_word' id='word_1_708' title='bbox 701 5287 897 5350; x_wconf 85' lang='lat' dir='ltr'><strong>postea</strong></span> <span class='ocrx_word' id='word_1_709' title='bbox 926 5277 1114 5335; x_wconf 88' lang='lat' dir='ltr'><strong>adhuc</strong></span> <span class='ocrx_word' id='word_1_710' title='bbox 1173 5277 1442 5343; x_wconf 86' lang='lat' dir='ltr'><strong>movisse,</strong></span> <span class='ocrx_word' id='word_1_711' title='bbox 1477 5279 1948 5337; x_wconf 81' lang='lat' dir='ltr'><strong>excursionibus-</strong></span> 
     </span>
    </p>
   </div>
   <div class='ocr_carea' id='block_1_104' title="bbox 377 5419 1947 5490">
    <p class='ocr_par' dir='ltr' id='par_1_104' title="bbox 377 5419 1947 5490">
     <span class='ocr_line' id='line_1_104' title="bbox 377 5419 1947 5490; baseline 0.001 -12"><span class='ocrx_word' id='word_1_712' title='bbox 377 5421 492 5490; x_wconf 85' lang='lat'><strong>(69)</strong></span> <span class='ocrx_word' id='word_1_713' title='bbox 527 5423 921 5480; x_wconf 88' lang='lat' dir='ltr'><strong>Proconessus</strong></span> <span class='ocrx_word' id='word_1_714' title='bbox 961 5419 1149 5478; x_wconf 88' lang='lat' dir='ltr'><strong>insula</strong></span> <span class='ocrx_word' id='word_1_715' title='bbox 1179 5427 1268 5478; x_wconf 90' lang='lat' dir='ltr'><strong>est</strong></span> <span class='ocrx_word' id='word_1_716' title='bbox 1296 5421 1434 5477; x_wconf 79' lang='lat' dir='ltr'><strong>Asiae</strong></span> <span class='ocrx_word' id='word_1_717' title='bbox 1455 5421 1686 5480; x_wconf 85' lang='lat' dir='ltr'><strong>Minoris</strong></span> <span class='ocrx_word' id='word_1_718' title='bbox 1718 5423 1776 5480; x_wconf 89' lang='lat' dir='ltr'><strong>in</strong></span> <span class='ocrx_word' id='word_1_719' title='bbox 1804 5423 1947 5480; x_wconf 85' lang='lat' dir='ltr'><strong>Pro-</strong></span> 
     </span>
    </p>
   </div>
   <div class='ocr_carea' id='block_1_105' title="bbox 345 5491 1948 5565">
    <p class='ocr_par' dir='ltr' id='par_1_105' title="bbox 345 5491 1948 5565">
     <span class='ocr_line' id='line_1_105' title="bbox 345 5491 1948 5565; baseline 0 -15"><span class='ocrx_word' id='word_1_720' title='bbox 345 5495 554 5558; x_wconf 86' lang='lat' dir='ltr'><strong>onude,</strong></span> <span class='ocrx_word' id='word_1_721' title='bbox 596 5508 720 5565; x_wconf 82' lang='lat' dir='ltr'><strong>quae</strong></span> <span class='ocrx_word' id='word_1_722' title='bbox 762 5494 893 5551; x_wconf 82' lang='lat' dir='ltr'><strong>aliis</strong></span> <span class='ocrx_word' id='word_1_723' title='bbox 928 5493 1080 5565; x_wconf 82' lang='lat' dir='ltr'><strong>olim</strong></span> <span class='ocrx_word' id='word_1_724' title='bbox 1140 5491 1573 5551; x_wconf 87' lang='lat' dir='ltr'><strong>Proconnessus</strong></span> <span class='ocrx_word' id='word_1_725' title='bbox 1628 5504 1724 5552; x_wconf 90' lang='lat' dir='ltr'><strong>aut</strong></span> <span class='ocrx_word' id='word_1_726' title='bbox 1777 5494 1948 5552; x_wconf 82' lang='lat' dir='ltr'><strong>etiam</strong></span> 
     </span>
    </p>
   </div>
   <div class='ocr_carea' id='block_1_106' title="bbox 301 5508 1950 5636">
    <p class='ocr_par' dir='ltr' id='par_1_106' title="bbox 301 5508 1950 5636">
     <span class='ocr_line' id='line_1_106' title="bbox 345 5508 1948 5565; baseline 0 -15"><span class='ocrx_word' id='word_1_727' title='bbox 345 5508 554 5558; x_wconf 86' lang='lat' dir='ltr'><strong>onuue,</strong></span> <span class='ocrx_word' id='word_1_728' title='bbox 596 5508 720 5565; x_wconf 82' lang='lat' dir='ltr'><strong>quae</strong></span> <span class='ocrx_word' id='word_1_729' title='bbox 762 5508 893 5551; x_wconf 82' lang='lat' dir='ltr'><strong>atus</strong></span> <span class='ocrx_word' id='word_1_730' title='bbox 941 5508 1080 5548; x_wconf 86' lang='lat' dir='ltr'><strong>Ollm</strong></span> <span class='ocrx_word' id='word_1_731' title='bbox 1140 5508 1573 5551; x_wconf 74' lang='lat' dir='ltr'><strong>rroconuessus</strong></span> <span class='ocrx_word' id='word_1_732' title='bbox 1628 5508 1724 5552; x_wconf 89' lang='lat' dir='ltr'><strong>aut</strong></span> <span class='ocrx_word' id='word_1_733' title='bbox 1777 5508 1948 5552; x_wconf 82' lang='lat' dir='ltr'><strong>etiam</strong></span> 
     </span>
     <span class='ocr_line' id='line_1_107' title="bbox 301 5508 1950 5636; baseline 0.001 -14"><span class='ocrx_word' id='word_1_734' title='bbox 301 5508 720 5623; x_wconf 51' lang='lat' dir='ltr'><strong>graconnesus</strong></span> <span class='ocrx_word' id='word_1_735' title='bbox 781 5562 1086 5636; x_wconf 85' lang='lat' dir='ltr'><strong>appellata,</strong></span> <span class='ocrx_word' id='word_1_736' title='bbox 1148 5565 1423 5636; x_wconf 68' lang='lat' dir='ltr'><strong>Marmara</strong></span> <span class='ocrx_word' id='word_1_737' title='bbox 1488 5567 1659 5622; x_wconf 89' lang='lat' dir='ltr'><strong>modo</strong></span> <span class='ocrx_word' id='word_1_738' title='bbox 1721 5581 1950 5623; x_wconf 90' lang='lat' dir='ltr'><strong>nuncu-</strong></span> 
     </span>
    </p>
   </div>
   <div class='ocr_carea' id='block_1_107' title="bbox 347 5633 1950 5695">
    <p class='ocr_par' dir='ltr' id='par_1_107' title="bbox 347 5633 1950 5695">
     <span class='ocr_line' id='line_1_108' title="bbox 347 5633 1950 5695; baseline 0.001 -2"><span class='ocrx_word' id='word_1_739' title='bbox 347 5647 493 5695; x_wconf 87' lang='lat' dir='ltr'><strong>atur.</strong></span> <span class='ocrx_word' id='word_1_740' title='bbox 569 5633 940 5694; x_wconf 60' lang='lat' dir='ltr'><strong>Videsis&#39;ad</strong></span> <span class='ocrx_word' id='word_1_741' title='bbox 1025 5633 1367 5692; x_wconf 87' lang='lat' dir='ltr'><strong>vocabulum</strong></span> <span class='ocrx_word' id='word_1_742' title='bbox 1453 5637 1826 5694; x_wconf 62' lang='lat' dir='ltr'><strong>Proconesus</strong></span> <span class='ocrx_word' id='word_1_743' title='bbox 1893 5637 1950 5694; x_wconf 90' lang='lat' dir='ltr'><strong>in</strong></span> 
     </span>
    </p>
   </div>
   <div class='ocr_carea' id='block_1_108' title="bbox 353 5705 1952 5792">
    <p class='ocr_par' dir='ltr' id='par_1_108' title="bbox 353 5705 1952 5792">
     <span class='ocr_line' id='line_1_109' title="bbox 353 5705 1952 5792; baseline -0.001 -21"><span class='ocrx_word' id='word_1_744' title='bbox 353 5710 525 5772; x_wconf 78' lang='lat' dir='ltr'><strong>exico</strong></span> <span class='ocrx_word' id='word_1_745' title='bbox 556 5707 968 5790; x_wconf 72' lang='lat' dir='ltr'><strong>Geographico</strong></span> <span class='ocrx_word' id='word_1_746' title='bbox 1015 5705 1461 5773; x_wconf 91' lang='lat' dir='ltr'><strong>Baudrandum.</strong></span> <span class='ocrx_word' id='word_1_747' title='bbox 1498 5714 1717 5790; x_wconf 61' lang='grc' dir='ltr'>Πάριον,</span> <span class='ocrx_word' id='word_1_748' title='bbox 1755 5709 1952 5792; x_wconf 80' lang='lat' dir='ltr'><strong>Mysiae</strong></span> 
     </span>
    </p>
   </div>
   <div class='ocr_carea' id='block_1_109' title="bbox 2035 4684 3680 4770">
    <p class='ocr_par' dir='ltr' id='par_1_109' title="bbox 2035 4684 3680 4770">
     <span class='ocr_line' id='line_1_110' title="bbox 2035 4684 3680 4770; baseline 0.001 -20"><span class='ocrx_word' id='word_1_749' title='bbox 2035 4689 2254 4750; x_wconf 90' lang='lat' dir='ltr'><strong>tionem</strong></span> <span class='ocrx_word' id='word_1_750' title='bbox 2281 4697 2543 4749; x_wconf 88' lang='lat' dir='ltr'><strong>nostram</strong></span> <span class='ocrx_word' id='word_1_751' title='bbox 2585 4688 2700 4748; x_wconf 93' lang='lat' dir='ltr'><strong>huc</strong></span> <span class='ocrx_word' id='word_1_752' title='bbox 2725 4687 2904 4746; x_wconf 87' lang='lat' dir='ltr'><strong>misit.</strong></span> <span class='ocrx_word' id='word_1_753' title='bbox 2940 4686 3090 4748; x_wconf 86' lang='lat' dir='ltr'><strong>Cum</strong></span> <span class='ocrx_word' id='word_1_754' title='bbox 3123 4695 3182 4747; x_wconf 89' lang='lat' dir='ltr'><strong>et</strong></span> <span class='ocrx_word' id='word_1_755' title='bbox 3214 4686 3326 4747; x_wconf 88' lang='lat' dir='ltr'><strong>hac</strong></span> <span class='ocrx_word' id='word_1_756' title='bbox 3356 4684 3416 4746; x_wconf 88' lang='lat' dir='ltr'><strong>in</strong></span> <span class='ocrx_word' id='word_1_757' title='bbox 3448 4706 3538 4765; x_wconf 91' lang='lat' dir='ltr'><strong>re,</strong></span> <span class='ocrx_word' id='word_1_758' title='bbox 3575 4688 3680 4770; x_wconf 88' lang='lat' dir='ltr'><strong>qui</strong></span> 
     </span>
    </p>
   </div>
   <div class='ocr_carea' id='block_1_110' title="bbox 2031 4774 3681 4858">
    <p class='ocr_par' dir='ltr' id='par_1_110' title="bbox 2031 4774 3681 4858">
     <span class='ocr_line' id='line_1_111' title="bbox 2031 4774 3681 4858; baseline -0.001 -18"><span class='ocrx_word' id='word_1_759' title='bbox 2031 4777 2468 4858; x_wconf 86' lang='lat' dir='ltr'><strong>rempublicam</strong></span> <span class='ocrx_word' id='word_1_760' title='bbox 2497 4774 3103 4849; x_wconf 81' lang='lat' dir='ltr'><strong>administrabant,ob</strong></span> <span class='ocrx_word' id='word_1_761' title='bbox 3133 4775 3434 4853; x_wconf 90' lang='lat' dir='ltr'><strong>timorem,</strong></span> <span class='ocrx_word' id='word_1_762' title='bbox 3471 4794 3546 4838; x_wconf 90' lang='lat' dir='ltr'><strong>ne</strong></span> <span class='ocrx_word' id='word_1_763' title='bbox 3577 4777 3681 4858; x_wconf 91' lang='lat' dir='ltr'><strong>qui</strong></span> 
     </span>
    </p>
   </div>
   <div class='ocr_carea' id='block_1_111' title="bbox 2033 4864 3679 4948">
    <p class='ocr_par' dir='ltr' id='par_1_111' title="bbox 2033 4864 3679 4948">
     <span class='ocr_line' id='line_1_112' title="bbox 2033 4864 3679 4948; baseline -0.001 -18"><span class='ocrx_word' id='word_1_764' title='bbox 2033 4877 2208 4930; x_wconf 84' lang='lat' dir='ltr'><strong>terrae</strong></span> <span class='ocrx_word' id='word_1_765' title='bbox 2231 4875 2550 4948; x_wconf 87' lang='lat' dir='ltr'><strong>proventus</strong></span> <span class='ocrx_word' id='word_1_766' title='bbox 2577 4864 3147 4945; x_wconf 82' lang='lat' dir='ltr'><strong>distrahebant,rem</strong></span> <span class='ocrx_word' id='word_1_767' title='bbox 3183 4873 3500 4927; x_wconf 89' lang='lat' dir='ltr'><strong>noscentes</strong></span> <span class='ocrx_word' id='word_1_768' title='bbox 3527 4884 3679 4928; x_wconf 88' lang='lat' dir='ltr'><strong>con-</strong></span> 
     </span>
    </p>
   </div>
   <div class='ocr_carea' id='block_1_112' title="bbox 2034 4953 3682 5036">
    <p class='ocr_par' dir='ltr' id='par_1_112' title="bbox 2034 4953 3682 5036">
     <span class='ocr_line' id='line_1_113' title="bbox 2034 4953 3682 5036; baseline 0.001 -18"><span class='ocrx_word' id='word_1_769' title='bbox 2034 4968 2122 5020; x_wconf 89' lang='lat' dir='ltr'><strong>tra</strong></span> <span class='ocrx_word' id='word_1_770' title='bbox 2151 4977 2215 5020; x_wconf 89' lang='lat' dir='ltr'><strong>se</strong></span> <span class='ocrx_word' id='word_1_771' title='bbox 2246 4957 2723 5036; x_wconf 83' lang='lat' dir='ltr'><strong>indignarentur,</strong></span> <span class='ocrx_word' id='word_1_772' title='bbox 2760 4955 2907 5016; x_wconf 88' lang='lat' dir='ltr'><strong>nihil</strong></span> <span class='ocrx_word' id='word_1_773' title='bbox 2946 4959 3193 5016; x_wconf 86' lang='lat' dir='ltr'><strong>omnino</strong></span> <span class='ocrx_word' id='word_1_774' title='bbox 3217 4953 3486 5017; x_wconf 80' lang='lat' dir='ltr'><strong>facerent</strong></span> <span class='ocrx_word' id='word_1_775' title='bbox 3511 4953 3682 5020; x_wconf 87' lang='lat' dir='ltr'><strong>dice-</strong></span> 
     </span>
    </p>
   </div>
   <div class='ocr_carea' id='block_1_113' title="bbox 2029 5061 3686 5138">
    <p class='ocr_par' dir='ltr' id='par_1_113' title="bbox 2029 5061 3686 5138">
     <span class='ocr_line' id='line_1_114' title="bbox 2029 5061 3686 5138; baseline 0 -15"><span class='ocrx_word' id='word_1_776' title='bbox 2029 5082 2142 5138; x_wconf 91' lang='lat' dir='ltr'><strong>que</strong></span> <span class='ocrx_word' id='word_1_777' title='bbox 2172 5066 2377 5122; x_wconf 85' lang='lat' dir='ltr'><strong>damna</strong></span> <span class='ocrx_word' id='word_1_778' title='bbox 2413 5063 2529 5138; x_wconf 76' lang='lat' dir='ltr'><strong>illis</strong></span> <span class='ocrx_word' id='word_1_779' title='bbox 2548 5061 2701 5120; x_wconf 87' lang='lat' dir='ltr'><strong>haud</strong></span> <span class='ocrx_word' id='word_1_780' title='bbox 2733 5064 2952 5138; x_wconf 54' lang='lat' dir='ltr'><strong>modica</strong></span> <span class='ocrx_word' id='word_1_781' title='bbox 2981 5061 3686 5138; x_wconf 61' lang='lat' dir='ltr'><strong>intulisseJacileagnos-</strong></span> 
     </span>
    </p>
   </div>
   <div class='ocr_carea' id='block_1_114' title="bbox 2029 5133 3684 5207">
    <p class='ocr_par' dir='ltr' id='par_1_114' title="bbox 2029 5133 3684 5207">
     <span class='ocr_line' id='line_1_115' title="bbox 2029 5133 3684 5207; baseline -0.001 -12"><span class='ocrx_word' id='word_1_782' title='bbox 2029 5133 2181 5198; x_wconf 76' lang='lat' dir='ltr'><strong>cent.</strong></span> <span class='ocrx_word' id='word_1_783' title='bbox 2215 5140 2311 5207; x_wconf 86' lang='lat' dir='ltr'><strong>qui</strong></span> <span class='ocrx_word' id='word_1_784' title='bbox 2361 5139 2447 5192; x_wconf 88' lang='lat' dir='ltr'><strong>vel</strong></span> <span class='ocrx_word' id='word_1_785' title='bbox 2497 5133 2856 5207; x_wconf 60' lang='lat' dir='ltr'><strong>Constaniini</strong></span> <span class='ocrx_word' id='word_1_786' title='bbox 2915 5134 3388 5207; x_wconf 76' lang='lat' dir='ltr'><strong>Porphyrogeniti</strong></span> <span class='ocrx_word' id='word_1_787' title='bbox 3427 5135 3493 5190; x_wconf 89' lang='lat' dir='ltr'><strong>de</strong></span> <span class='ocrx_word' id='word_1_788' title='bbox 3517 5133 3684 5194; x_wconf 69' lang='grc' dir='ltr'><strong>Ἦλθ-</strong></span> 
     </span>
    </p>
   </div>
   <div class='ocr_carea' id='block_1_115' title="bbox 2029 5204 3688 5292">
    <p class='ocr_par' dir='ltr' id='par_1_115' title="bbox 2029 5204 3688 5292">
     <span class='ocr_line' id='line_1_116' title="bbox 2029 5204 3688 5292; baseline -0.001 -25"><span class='ocrx_word' id='word_1_789' title='bbox 2029 5204 2278 5292; x_wconf 70' lang='lat' dir='ltr'><strong>matibiis</strong></span> <span class='ocrx_word' id='word_1_790' title='bbox 2343 5204 2932 5276; x_wconf 85' lang='lat' dir='ltr'><strong>administrandoque</strong></span> <span class='ocrx_word' id='word_1_791' title='bbox 3011 5204 3257 5277; x_wconf 81' lang='lat' dir='ltr'><strong>imperio</strong></span> <span class='ocrx_word' id='word_1_792' title='bbox 3311 5205 3490 5264; x_wconf 90' lang='lat' dir='ltr'><strong>libros</strong></span> <span class='ocrx_word' id='word_1_793' title='bbox 3527 5207 3688 5266; x_wconf 87' lang='lat' dir='ltr'><strong>evol-</strong></span> 
     </span>
    </p>
   </div>
   <div class='ocr_carea' id='block_1_116' title="bbox 2031 5293 2236 5339">
    <p class='ocr_par' dir='ltr' id='par_1_116' title="bbox 2031 5293 2236 5339">
     <span class='ocr_line' id='line_1_117' title="bbox 2031 5293 2236 5339; baseline -0.01 -3"><span class='ocrx_word' id='word_1_794' title='bbox 2031 5293 2236 5339; x_wconf 80' lang='lat' dir='ltr'><strong>venui.</strong></span> 
     </span>
    </p>
   </div>
   <div class='ocr_carea' id='block_1_117' title="bbox 2031 5413 3570 5484">
    <p class='ocr_par' dir='ltr' id='par_1_117' title="bbox 2031 5413 3570 5484">
     <span class='ocr_line' id='line_1_118' title="bbox 2031 5413 3570 5484; baseline -0.004 -8"><span class='ocrx_word' id='word_1_795' title='bbox 2031 5419 2266 5476; x_wconf 88' lang='lat' dir='ltr'><strong>Minoris</strong></span> <span class='ocrx_word' id='word_1_796' title='bbox 2298 5418 2354 5473; x_wconf 92' lang='lat' dir='ltr'><strong>in</strong></span> <span class='ocrx_word' id='word_1_797' title='bbox 2389 5417 2520 5474; x_wconf 86' lang='lat' dir='ltr'><strong>Asia</strong></span> <span class='ocrx_word' id='word_1_798' title='bbox 2551 5413 2619 5472; x_wconf 81' lang='lat' dir='ltr'><strong>ad</strong></span> <span class='ocrx_word' id='word_1_799' title='bbox 2653 5413 3022 5484; x_wconf 87' lang='lat' dir='ltr'><strong>Proponditis</strong></span> <span class='ocrx_word' id='word_1_800' title='bbox 3046 5427 3206 5472; x_wconf 87' lang='lat' dir='ltr'><strong>oram</strong></span> <span class='ocrx_word' id='word_1_801' title='bbox 3229 5413 3430 5470; x_wconf 87' lang='lat' dir='ltr'><strong>civitas</strong></span> <span class='ocrx_word' id='word_1_802' title='bbox 3456 5419 3570 5484; x_wconf 61' lang='lat' dir='ltr'><strong>est,</strong></span> 
     </span>
    </p>
   </div>
   <div class='ocr_carea' id='block_1_118' title="bbox 2117 5481 3687 5571">
    <p class='ocr_par' dir='ltr' id='par_1_118' title="bbox 2117 5481 3687 5571">
     <span class='ocr_line' id='line_1_119' title="bbox 2117 5481 3687 5571; baseline -0.005 -20"><span class='ocrx_word' id='word_1_803' title='bbox 2117 5492 2246 5571; x_wconf 84' lang='lat'><strong>(&#39;70)</strong></span> <span class='ocrx_word' id='word_1_804' title='bbox 2279 5489 2363 5550; x_wconf 91' lang='lat' dir='ltr'><strong>lta</strong></span> <span class='ocrx_word' id='word_1_805' title='bbox 2394 5489 2488 5550; x_wconf 89' lang='lat' dir='ltr'><strong>hic</strong></span> <span class='ocrx_word' id='word_1_806' title='bbox 2523 5481 2875 5571; x_wconf 73' lang='lat' dir='ltr'><strong>vocabulum</strong></span> <span class='ocrx_word' id='word_1_807' title='bbox 2907 5486 3195 5571; x_wconf 65' lang='grc' dir='ltr'>θυλάκους,</span> <span class='ocrx_word' id='word_1_808' title='bbox 3217 5484 3389 5571; x_wconf 80' lang='lat' dir='ltr'><strong>quod</strong></span> <span class='ocrx_word' id='word_1_809' title='bbox 3405 5481 3687 5571; x_wconf 73' lang='lat' dir='ltr'><strong>ejusdem</strong></span> 
     </span>
    </p>
   </div>
   <div class='ocr_carea' id='block_1_119' title="bbox 2035 5562 3686 5648">
    <p class='ocr_par' dir='ltr' id='par_1_119' title="bbox 2035 5562 3686 5648">
     <span class='ocr_line' id='line_1_120' title="bbox 2035 5562 3686 5648; baseline -0.002 -20"><span class='ocrx_word' id='word_1_810' title='bbox 2035 5562 2263 5648; x_wconf 74' lang='lat' dir='ltr'><strong>proprio</strong></span> <span class='ocrx_word' id='word_1_811' title='bbox 2292 5584 2423 5626; x_wconf 91' lang='lat' dir='ltr'><strong>cum</strong></span> <span class='ocrx_word' id='word_1_812' title='bbox 2474 5565 2757 5648; x_wconf 80' lang='lat' dir='ltr'><strong>vocabulo</strong></span> <span class='ocrx_word' id='word_1_813' title='bbox 2810 5565 3002 5648; x_wconf 79' lang='lat' dir='ltr'><strong>Latino</strong></span> <span class='ocrx_word' id='word_1_814' title='bbox 3031 5562 3215 5648; x_wconf 68' lang='lat' dir='ltr'><strong>saccus</strong></span> <span class='ocrx_word' id='word_1_815' title='bbox 3235 5562 3686 5637; x_wconf 74' lang='lat' dir='ltr'><strong>signiﬁcationis</strong></span> 
     </span>
    </p>
   </div>
   <div class='ocr_carea' id='block_1_120' title="bbox 2038 5637 3130 5713">
    <p class='ocr_par' dir='ltr' id='par_1_120' title="bbox 2038 5637 3130 5713">
     <span class='ocr_line' id='line_1_121' title="bbox 2038 5637 3130 5713; baseline -0.004 -12"><span class='ocrx_word' id='word_1_816' title='bbox 2038 5637 2675 5713; x_wconf 65' lang='lat' dir='ltr'><strong>ést,&#39;interpretandum</strong></span> <span class='ocrx_word' id='word_1_817' title='bbox 2708 5654 2739 5696; x_wconf 89' lang='lat' dir='ltr'><strong>e</strong></span> <span class='ocrx_word' id='word_1_818' title='bbox 2768 5651 2947 5696; x_wconf 88' lang='lat' dir='ltr'><strong>sensu</strong></span> <span class='ocrx_word' id='word_1_819' title='bbox 2969 5637 3130 5697; x_wconf 80' lang='lat' dir='ltr'><strong>duxi.</strong></span> 
     </span>
    </p>
   </div>
  </div>
