4124 6418
317 417 470 484 1365

308 552 370 610 ἔι
479 575 638 610 τινων
720 555 826 611 τῶν

309 645 453 717 α’)τῴ
513 645 692 718 μαθὼν
752 643 849 710 τὴν
909 651 1001 701 τοῦ
1060 644 1302 700 τοιούτο)
1353 641 1485 699 λαοῦ
1539 648 1646 698 τῶν
1699 644 1962 722 πατρῴων

309 731 520 788 πόλεων
565 731 861 806 ἐπιθυμίαν,
920 735 977 788 ἓν
1038 731 1221 806 σκέψει
1283 735 1480 809 γίνεται
1524 736 1621 788 καὶ
1668 731 1963 790 ἀνάστατον

308 819 567 894 λαμϐάνει
625 823 717 879 τὸν
774 823 948 878 πάντα
1005 813 1280 896 Ῥωμαίων
1335 821 1462 877 λαὸν
1525 821 1660 896 μετᾶ
1711 823 1798 878 καὶ
1841 823 1960 878 ἐτέ-

309 932 415 986 ρων
461 911 676 969 ἐθνικῶν
728 911 862 968 καθὰ
915 910 968 967 ἐν
1020 917 1086 978 τῆ
1139 918 1406 987 Μωσαϊκῇ
1457 916 1557 978 τῆς
1618 909 1825 976 Ἐξόδου
1853 917 1961 968 τῶν

310 995 574 1058 Ἰουδαίων
645 999 927 1080 ἐμφέρεται
992 997 1182 1076 βίϐλῳ,
1257 1001 1525 1057 τουτέστιν
1593 998 1958 1076 προσηλύτους

309 1090 446 1164 μετὰ
492 1090 578 1146 καὶ
607 1093 705 1159 τῆς
756 1088 928 1146 αὐτῶν
977 1089 1279 1156 ἀποσκευῆς
1327 1092 1414 1146 καὶ
1450 1088 1652 1165 ὅπλων,
1691 1090 1778 1146 καὶ
1825 1090 1960 1148 ἀνά-

308 1201 492 1237 στατοι
539 1181 626 1236 καὶ
670 1179 923 1256 ἀντάτραι
985 1178 1369 1236 καταλέλεκται
1426 1181 1578 1257 [κατᾶ
1636 1177 1959 1260 λέλεκθαιῖ]

307 1275 401 1326 τοῦ
474 1267 716 1348 χαγάνου
775 1270 1032 1346 γίνονται,
1093 1268 1232 1325 ὥστε
1278 1269 1552 1346 ἐγνωκότα
1609 1270 1698 1324 τὸν
1773 1268 1960 1348 χοιγά-

308 1381 398 1416 νον
443 1356 620 1422 διῶξαι
666 1357 878 1414 ὄπισθεν
927 1359 1124 1437 αὐτῶν,
1167 1360 1261 1415 καὶ
1317 1357 1730 1434 συμϐαλλόντων
1791 1357 1962 1414 αὗτῶν

309 1448 398 1504 καὶ
443 1445 528 1503 ἐπὶ
559 1447 715 1503 πέντε
757 1445 791 1514 ἢ
823 1446 874 1512 ’ἐξ
920 1445 1188 1522 πολέμους
1221 1449 1309 1504 καὶ
1353 1446 1440 1504 ἐπ’
1469 1446 1789 1528 ἀμφοτέροις
1839 1447 1963 1524 παρ’

311 1537 482 1594 αὐτῶν
547 1534 863 1603 ἡττηθέντος
919 1537 1077 1595 αὒτοῦ
1131 1534 1264 1594 λαοῦ
1321 1541 1464 1616 φυγῇ
1518 1537 1862 1616 χρησάμενος
1909 1538 1963 1592 ἓν

306 1626 431 1690 τοῖς
463 1622 749 1704 ἒνδοτέροις
783 1627 916 1703 πρὸς
961 1625 1152 1704 ἄρκτον
1195 1623 1376 1683 ἄπεισι
1406 1628 1625 1705 τόπους,
1658 1628 1732 1688 ὡς
1778 1624 1964 1683 λοιπὸν

1399 422 1460 483 S.
1508 421 1887 484 DEMETRII
1930 421 2330 485 MABTYRIS
2370 418 2591 486 ACTA.

929 551 1354 631 ἀναγκαιοτέρων
1437 555 1949 630 προσοικειουμένων

2053 557 2149 637 :it;
2177 562 2439 636 qui,cum
2468 576 2504 620 e
2529 554 2916 638 quibusdam,
2942 552 3048 638 qui
3069 575 3207 619 cum
3232 575 3304 620 eo
3332 555 3686 620 familiarius

3537 415 3558 483 1
3571 411 3689 484 366

2045 647 2568 721 conversabautur,
2603 647 2802 728 populi
2853 647 3198 726 hujusmodi
3247 648 3544 710 civitatum
3577 665 3686 728 pa-

2044 736 2310 798 triarium
2335 735 2698 798 desiderium
2735 733 3060 809 didicisset,
3096 736 3238 817 quid
3267 737 3691 818 agat,circum-

2043 826 2237 906 spicit,
2274 845 2632 907 omnemque
2676 825 2954 906 populum
2987 825 3318 888 Romanum
3362 835 3684 900 extorrem,

2040 916 2309 991 aliosque
2339 916 2611 994 gentiles,
2643 915 2702 978 id
2735 923 2842 991 est,
2876 915 3206 977 secundum
3235 915 3392 998 quod
3443 916 3503 977 in
3532 915 3690 996 Moy-

2043 1008 2201 1065 saico
2223 1005 2558 1067 Judzeorum
2584 1003 2773 1066 Exodi
2794 1003 2948 1066 libro
2975 1005 3337 1080 continetur,
3360 1003 3689 1085 proselytos

2043 1112 2160 1154 una
2209 1112 2341 1154 cum
2376 1093 2722 1156 eorumdem
2785 1093 3158 1174 supellectile
3199 1102 3374 1174 atque
3403 1093 3584 1155 armis
3613 1093 3687 1154 ad

2044 1200 2177 1243 sese
2207 1182 2669 1262 assumit,hique
2704 1181 3022 1245 discedunt
3041 1201 3111 1246 ac
3133 1183 3391 1245 rebelles
3419 1184 3688 1263 chagano

2045 1272 2193 1333 ﬁunt
2216 1273 2371 1352 (83),
2405 1272 2486 1334 ita
2515 1279 2579 1333 ut
2604 1271 2760 1333 idem
2780 1273 3246 1351 chaganus,cum
3282 1272 3340 1334 id
3374 1273 3689 1352 cognovis-

2046 1367 2161 1436 set,
2193 1379 2226 1422 a
2259 1369 2426 1440 tergo
2453 1360 2614 1443 ipsos
2643 1361 3063 1442 insequeretur
3091 1383 3106 1438 ;
3131 1380 3265 1423 cum
3301 1381 3438 1424 vero
3475 1379 3689 1422 manus

2045 1456 2518 1530 conseruissent,
2541 1469 2610 1512 ac
2641 1459 2773 1527 post
2799 1451 3064 1532 quinque
3095 1460 3321 1512 autsex
3351 1451 3556 1532 praelia
3583 1452 3693 1512 de-

2046 1539 2236 1601 victus
2266 1540 2445 1602 etiam
2478 1540 2538 1601 in
2570 1539 2804 1602 duobus
2835 1539 2942 1602 abs
2973 1540 3090 1602 illis
3148 1542 3198 1601 is
3227 1540 3460 1614 fuisset,
3495 1541 3690 1620 fugam

2048 1649 2183 1691 cum
2207 1629 2418 1691 relicto
2435 1629 2549 1691 sibi
2575 1629 2791 1709 populo
2812 1629 3112 1709 arripiens
3132 1629 3204 1691 ad
3229 1641 3428 1711 partes
3453 1629 3696 1692 interio-

310 1716 448 1791 μετὰ
504 1714 655 1782 νίκης
715 1716 1018 1793 περάσαντα
1081 1717 1171 1772 τὸν
1227 1717 1384 1773 αὺτὸν
1444 1714 1640 1793 Κούϐερ
1684 1715 1819 1790 μετὰ
1876 1721 1965 1773 τοῦ

2053 1737 2146 1781 res
2173 1717 2655 1799 Septentrionem
2691 1737 2895 1780 versus
2920 1719 3067 1781 sitas
3091 1737 3225 1781 sese
3255 1719 3510 1799 confert,
3545 1719 3696 1782 adeo

312 1804 593 1882 εἰρημένου
662 1805 754 1860 σὺν
826 1807 969 1878 αὐτῷ
1042 1806 1239 1868 παντὸς
1300 1805 1432 1862 λαοῦ
1490 1807 1578 1861 τὸν
1636 1826 1964 1884 προαφηγη-

312 1893 360 1911 Λσ
549 1903 559 1911 ι
596 1892 608 1911 Ι
713 1889 739 1908 ο
1047 1893 1062 1911 \
1236 1894 1250 1911 ι
1329 1893 1412 1911 ’ΊΛ
1448 1906 1472 1911 ..
1600 1894 1614 1911 9
1753 1893 1768 1911 \
1911 1892 1926 1911 \

2053 1817 2114 1871 ut
2135 1809 2374 1911 tandem
2407 1808 2566 1911 idem
2597 1807 2814 1911 Cpber,
2841 1826 2996 1883 cum,
3038 1807 3514 1911 relataovictoria,
3540 1825 3696 1889 prae-

307 1893 462 1952 θέντα
537 1889 789 1950 Δάνουϐιν
861 1893 1103 1967 ποταμὸν
1170 1894 1252 1950 καὶ
1325 1893 1501 1950 ἐλθεῖν
1573 1894 1643 1958 εἶς
1716 1893 1781 1948 τὰ
1837 1892 1965 1970 πρὸς

2053 1899 2229 1961 fatum
2276 1896 2611 1960 Danubium
2643 1897 2880 1959 ﬂuvium
2913 1916 3048 1959 cum
3079 1897 3245 1959 omni
3274 1897 3556 1978 praedicto
3596 1916 3697 1978 po-

311 1985 456 2057 ἡμᾶς
515 1981 676 2060 μέρη,
725 1983 811 2039 καὶ
861 1987 1124 2061 κρατῆσαι
1180 1985 1272 2040 τὸν
1334 1981 1670 2062 Κεραμήσιον
1726 1981 1964 2055 κάμπον,

2053 1989 2192 2070 pulo
2222 2007 2330 2050 suo
2357 1987 2708 2068 trajecisset,
2730 1987 2800 2049 ad
2827 1994 3061 2050 nostras
3091 1988 3270 2049 etiam
3291 1996 3488 2068 partes
3511 2005 3695 2048 vene-

311 2072 532 2130 κᾶκετσε
591 2071 758 2128 οὔτῶν
817 2071 1259 2152 ἐγκαθεσθέντων,
1312 2073 1406 2136 τὰς
1465 2071 1714 2150 πατρίους
1771 2071 1962 2140 ἧτοῦνο

2053 2078 2149 2152 rit,
2184 2095 2582 2158 campumque
2603 2077 3004 2140 Ceramesium
3031 2076 3096 2154 (8
3109 2077 3496 2158 4)occuparit,
3521 2093 3696 2138 cum-

311 2183 370 2219 το
416 2159 624 2240 πόλέις,
668 2163 742 2225 ὡς
801 2160 1034 2237 μάλιστα
1086 2165 1132 2218 οἱ
1165 2163 1262 2228 της
1308 2159 1579 2240 ὀρθοδόξου
1640 2163 1965 2223 καθεστῶτες

2053 2186 2169 2249 que
2199 2166 2418 2228 ibidem
2453 2167 2887 2242 consedissent,
2913 2167 3167 2228 maxime
3187 2165 3288 2247 qui
3319 2165 3460 2228 ﬁdei
3495 2166 3698 2228 ortho-

308 2253 562 2330 πίστεως,
630 2255 676 2306 οἱ
739 2251 836 2325 μὲν
906 2251 1006 2318 τὴν
1077 2251 1193 2308 καθ’
1263 2253 1399 2327 ἠμᾶς
1469 2248 1965 2330 μαρτυροφύλακτον

2053 2248 2219 2319 ἁοιω
2237 2255 2507 2336 erant,ad
2530 2257 2801 2318 civitates
2824 2257 3046 2337 patrias
3065 2254 3448 2327 anhelabant,
3475 2255 3536 2317 hi
3559 2254 3698 2336 qui-

305 2341 404 2408 τὴν
485 2338 913 2398 Θεσσαλονικέων
971 2339 1152 2420 πόλιν,
1213 2337 1364 2398 ἄλλοι
1423 2340 1522 2409 τὴν
1579 2337 1965 2414 πανευδαίμονα

2053 2346 2188 2409 dem
2221 2347 2295 2409 ad
2328 2346 2657 2410 custodiam
2693 2355 2954 2407 nostram
2995 2365 3031 2408 a
3061 2345 3413 2427 martyribus
3441 2345 3700 2407 Thessa-

303 2431 392 2488 καὶ
435 2427 682 2506 βασιλίδα
727 2436 832 2486 τῶν
878 2428 1106 2506 πόλεων,
1144 2429 1311 2509 ἕτεροι
1344 2428 1398 2486 δὲ
1452 2430 1548 2495 τὰς
1601 2428 1965 2503 ἀπομεινάσας

2053 2437 2445 2499 lonicensium
2480 2435 2719 2514 urbem,
2741 2435 2842 2498 alii
2867 2435 2939 2498 ad
2970 2435 3498 2497 fortunatissimum
3520 2433 3698 2495 etiam

305 2524 404 2588 τῆς
439 2519 652 2598 Θρᾴκης
683 2516 892 2582 πόλεις,

391 2695 534 2775 ρζζ’.
599 2705 770 2755 Ταῦτα
829 2693 882 2752 δὲ
941 2704 1032 2754 τοῦ
1088 2707 1218 2755 Λαοῦ
1259 2694 1677 2772 βουλευομένου,
1731 2692 1968 2770 συμϐου-

307 2785 484 2844 λευταὶ
543 2783 756 2854 δολερᾶς
827 2785 1073 2864 γνώμης,
1139 2787 1334 2851 ταύτης
1405 2783 1600 2861 βουλῆς
1660 2784 1967 2862 κακούργως

306 2877 562 2954 γίνονται,
622 2875 759 2932 ὥστε
819 2874 895 2950 μή
953 2897 1102 2940 τινας
1161 2875 1214 2940 ἐξ
1245 2875 1419 2931 αὐτῶν
1488 2881 1580 2931 τοῦ
1637 2871 1964 2948 ποθουμένου

308 2966 476 3023 τόπου
549 2964 854 3036 ἀξιωθῆναι,
917 2962 1038 3020 ἀλλ’
1121 2969 1275 3024 αὐτόν
1353 2961 1548 3042 Κούϐερ
1614 2962 1816 3026 πάντας
1891 2963 1965 3023 ὡς

309 3056 620 3129 συμμίκτως
677 3052 979 3119 ἐξελθόντας
1040 3053 1385 3132 ἐπικρατῆσαι
1457 3053 1543 3108 καὶ
1599 3052 1798 3108 τούτων
1866 3047 1963 3128 ἅρ-

309 3168 482 3226 χοντα
528 3145 612 3201 καὶ
672 3144 912 3222 χαγάνον
964 3144 1226 3222 γένεοθαι⁶
1284 3146 1327 3199 εἱ
1385 3143 1484 3220 γὰρ
1542 3143 1671 3220 πρὸς
1720 3141 1810 3197 τὸν
1867 3141 2028 3252 ὕπὸϐ

319 3244 347 3252 Α
418 3243 441 3251 ς-
498 3235 526 3252 ﬂ
625 3233 644 3252 ἵ
699 3234 710 3252 Ι
863 3235 874 3252 ρ
940 3248 960 3252 _.
1056 3233 1074 3252 Ν
1186 3234 1196 3252 Ι
1361 3232 1374 3252 Ί
1461 3231 1518 3252 \ﬂ
1554 3245 1578 3252 .-
1824 3233 1848 3252 Λ
1890 3230 1900 3252 Ι

312 3243 446 3293 Θεοῦ
497 3233 794 3311 βασιλεύειν
854 3235 990 3309 ἡμῖν
1055 3233 1296 3314 λαχόντα
1353 3231 1605 3288 ἀπελθεῖν
1664 3230 1964 3306 πειραθείη,

310 3327 403 3383 τὸν
435 3324 562 3380 λαὸν
608 3323 815 3378 ἅπαντα
863 3323 986 3399 παρ’
1036 3323 1192 3379 αὗτου
1243 3322 1552 3398 ληψόμενος
1580 3321 1668 3377 καὶ
1719 3318 1968 3396 διασκορ-

315 3415 469 3477 πίσας
527 3421 710 3469 τοῦτον
767 3418 865 3478 τῆς
927 3412 1103 3492 ἀρχῆς
1163 3411 1441 3489 ἀλλοτριον
1513 3411 1815 3477 καθίστησι,
1885 3409 1972 3464 καὶ

309 3504 455 3575 τότε,
488 3505 548 3559 τὸ
601 3500 807 3579 δοκεῖν,
837 3500 1038 3556 ἔστειλε
1115 3503 1242 3576 πρὸς
1296 3503 1387 3556 τὸν
1442 3501 1618 3570 κύριον
1671 3504 1776 3554 τῶν
1829 3498 1970 3566 σκή-

313 3616 520 3670 πτρων,
583 3588 920 3669 πρεσϐεύσων
979 3591 1142 3669 αὐτῷ,
1197 3589 1282 3668 ἐφ’
1332 3593 1376 3662 ᾧ
1433 3603 1617 3664 μεῖναι
1689 3587 1825 3662 μετὰ
1882 3592 1972 3642 τοῦ

310 3683 404 3739 σὺν
455 3683 597 3755 αὐτῷ
641 3681 975 3758 ὑπαρχοντος
1031 3677 1160 3734 λαοῦ
1218 3680 1422 3750 ἒκεϊσε,
1458 3679 1618 3732 αἰτῶν
1673 3675 1968 3739 κελευσθῆ-

312 3794 394 3829 ναι
472 3770 536 3825 τὰ
601 3769 962 3844 παρακείμενα
1022 3769 1157 3840 ἡμῖν
1229 3772 1334 3821 τῶν
1395 3762 1766 3842 Δραγουϐιτὼν
1837 3761 1968 3827 ἅθνη

310 3859 545 3924 δαπάνας
599 3858 734 3914 κατὰ
781 3863 840 3911 τὸ
897 3859 1073 3912 ἰκανὸν
1125 3857 1307 3917 αὐτοῖς
1361 3853 1786 3933 ἐπιχορηγῆσαι,
1837 3851 1864 3906 ὃ
1904 3849 1968 3918 δῆ

311 3952 400 4008 καὶ
460 3947 769 4026 γεγένηται·
835 3948 923 4002 καὶ
993 3953 1067 4019 τῷ
1127 3945 1308 4021 τρόπῳ
1354 3945 1526 4016 τούτῳ
1572 3943 1656 3998 ἐπὶ
1726 3945 1971 4014 σιτισμοῦ

312 4037 655 4097 εἰσελθόντων
721 4035 982 4092 πλείστων
1033 4038 1103 4098 εἰς
1150 4036 1242 4097 τὰς
1304 4041 1407 4090 τῶν
1455 4029 1708 4088 Σκλάϐων
1769 4030 1970 4096 σκηνὰς

311 4129 408 4186 καί
441 4125 875 4204 διιρωτησάντων
919 4126 1036 4201 περὶ
1094 4129 1189 4189 τῆς
1247 4120 1363 4179 καθ’
1424 4123 1566 4196 ἡμᾶς
1618 4118 1826 4182 πόλεως
1884 4117 1969 4174 καὶ

312 4215 713 4296 ἀκριϐωθέντες,
772 4215 845 4276 ὡς
904 4213 962 4269 ἐκ
1021 4215 1224 4288 μήκους
1297 4214 1374 4286 μὴ
1432 4212 1692 4296 ὑπάρχειν
1751 4208 1966 4278 ταύτας,

311 4291 535 4384 ἤρξαντο
581 4291 832 4360 πλεέστοι
891 4301 1079 4358 λοιπὸν
1131 4304 1177 4359 οἱ
1238 4302 1432 4357 ἐκτῶν
1495 4291 1769 4372 Ῥιύμαίων
1820 4297 1968 4360 ὅντες

313 4395 449 4470 μετὰ
512 4398 776 4471 γυναικῶν
830 4393 919 4448 καὶ
971 4392 1170 4446 τέκνων
1221 4393 1276 4447 ἓν
1319 4397 1386 4466 τῇ
1457 4388 1740 4460 θεοσώατῳ
1803 4387 1970 4463 ταύτῃ

2054 2525 2296 2589 urbium
2347 2527 2611 2606 reginam
2639 2526 2795 2606 (85),
2833 2525 2934 2587 alii
2961 2533 3164 2588 autem
3208 2524 3282 2586 ad
3313 2523 3583 2588 Thraciae
3610 2525 3699 2587 ci-

2049 2618 2256 2679 vitates
2285 2617 2568 2697 reliquas.

2133 2707 2271 2769 197.
2306 2708 2451 2768 Cum
2477 2721 2616 2766 vero
2641 2704 2767 2766 haec
2791 2704 3046 2784 populus
3062 2704 3260 2779 vellet,
3287 2702 3511 2766 dolosae
3539 2721 3703 2765 meu-

2054 2796 2127 2857 tis
2178 2793 2482 2857 consiliari
2515 2793 2572 2854 id
2627 2792 3048 2855 fraudulenter
3092 2811 3312 2874 cepere
3359 2790 3703 2872 consilii,ne

2049 2886 2150 2967 qui
2201 2903 2272 2946 ex
2307 2883 2378 2944 iis
2429 2881 2837 2944 desideratum
2869 2882 3066 2944 locum
3097 2883 3354 2960 adirent,
3383 2880 3490 2942 sed
3541 2879 3700 2942 idem

2049 2979 2236 3036 Cuber
2261 2973 2732 3040 omnibus,veluti
2754 2974 2850 3045 qui
2874 2975 3220 3032 commistim
3253 2974 3704 3044 essentegressi,

2052 3065 2734 3144 imperaret,eorumque
2761 3059 3042 3140 princeps
3064 3079 3134 3121 ac
3166 3059 3466 3137 cbaganus
3491 3058 3701 3135 ﬁeret;

2053 3152 2208 3233 quod
2233 3152 2282 3212 si
2313 3151 2472 3213 enim
2496 3148 2569 3210 ad
2597 3147 2790 3230 illum,
2816 3148 2918 3227 qui
2938 3149 3111 3210 nobis
3131 3149 3430 3229 imperare
3459 3147 3701 3210 sortitus

2053 3261 2087 3304 a
2103 3243 2226 3304 Deo
2253 3238 2574 3319 erat,abire
2593 3237 3038 3312 niteretur,t‘ore
3055 3245 3120 3300 ut
3150 3238 3434 3318 populum
3459 3255 3698 3299 omnem

2054 3331 2159 3394 abs
2183 3331 2282 3391 illo
2305 3326 3178 3408 abstraheret,dissipatumque
3203 3327 3478 3388 eumdem
3509 3325 3702 3388 abim—

2056 3421 2222 3502 perio
2243 3419 2502 3481 alienum
2521 3416 2808 3479 efﬁceret:
2833 3425 3090 3498 tuncque
3110 3417 3182 3477 ad
3207 3425 3577 3497 sceptrorum
3601 3414 3702 3477 do-

2057 3511 2313 3590 niinum,
2345 3527 2462 3590 quo
2511 3507 2592 3587 ei,
2624 3515 2689 3568 ut
2719 3506 2817 3568 hic
2847 3525 2980 3569 cum
3033 3506 3196 3568 omni
3229 3505 3445 3586 popqu
3496 3523 3700 3567 secum

2055 3602 2402 3671 exsistente,
2439 3615 2686 3660 manero
2728 3603 2948 3676 posset,
2985 3597 3046 3657 in
3075 3595 3276 3675 specie
3315 3595 3699 3677 supplicaret,

2054 3690 2288 3766 legavit.
2327 3687 2632 3767 postulans
2683 3687 2860 3746 etiam
2908 3695 2971 3746 ut
3007 3704 3141 3766 qua;
3180 3685 3355 3746 nobis
3403 3685 3700 3764 adjacent,

2053 3777 2505 3856 Dragobitarum
2528 3775 2798 3836 nationes
2820 3774 3176 3835 suﬂicientia
3203 3773 3290 3835 eis
3315 3773 3540 3835 cibaria
3561 3771 3698 3834 sub-

2055 3868 2398 3928 ministrare
2441 3864 2798 3946 juberentur
2828 3863 2952 3942 (86)
2993 3883 3009 3939 ;
3041 3862 3194 3943 quod
3227 3871 3286 3923 et
3328 3863 3546 3924 factum
3581 3869 3692 3924 est.

2053 3966 2248 4037 Atque
2279 3957 2354 4017 ita
2385 3973 2518 4017 cum
2555 3954 2793 4034 plurimi
2826 3953 3169 4016 Sclavorum
3202 3953 3479 4029 tentoria,
3513 3959 3576 4012 ut
3604 3950 3694 4012 ci-

2053 4047 2218 4110 baria
2245 4045 2335 4108 eis
2383 4043 2930 4122 subministrarent,
2962 4050 3165 4105 essent
3206 4042 3483 4122 ingressi,
3519 4040 3699 4121 hique

2053 4139 2186 4200 illos
2233 4142 2307 4198 lle
2339 4134 2572 4196 civitate
2606 4140 2805 4194 nostra
2837 4133 3292 4210 interrogantes,
3330 4149 3463 4193 esse
3495 4130 3596 4192 illa
3623 4129 3697 4190 ab

2053 4229 2164 4289 hoc
2214 4225 2368 4288 haud
2421 4221 2627 4303 procul
2673 4231 2922 4298 remota,
2959 4221 3275 4300 diligenter
3323 4219 3695 4298 didicissent,

2053 4318 2289 4400 plurimi
2331 4315 2478 4394 jam,
2514 4313 2614 4391 qui
2645 4331 2679 4374 e
2709 4311 2998 4374 Romanis
3052 4309 3350 4400 ducebant
3375 4307 3693 4386 originem,

2052 4399 2185 4471 cum
2224 4403 2511 4467 uxoribus
2541 4412 2604 4464 et
2633 4401 2837 4463 liberis
2887 4410 3150 4463 nostram
3182 4417 3215 4460 a
3250 4399 3374 4460 Deo
3405 4405 3694 4460 servatam

311 4485 464 4560 ἡμῶν
497 4485 713 4539 εἰσιέναι
758 4480 935 4556 πόλει,
970 4479 1207 4544 οὖατινας
1267 4481 1447 4539 αὐτίκα
1493 4497 1540 4536 οι
1585 4479 1682 4545 τὴν
1711 4476 1960 4556 ὕπαρχον

2053 4499 2344 4562 civitatem
2381 4493 2614 4574 ingredi
2640 4502 2976 4573 coeperunt;
3011 4508 3162 4572 quos
3183 4488 3518 4568 statim,qui
3547 4505 3697 4568 prae-

313 4659 433 4711 tum
509 4651 621 4723 iam
678 4658 940 4717 promoto
991 4650 1305 4723 evenerint,
1360 4646 1802 4723 consectarium
1851 4643 1962 4723 _ﬁt,

353 4716 794 4806 uema'dmolum
849 4723 907 4778 in
947 4721 1244 4778 Adnomtis
1306 4719 1378 4776 ad
1405 4726 1523 4775 not.
1569 4718 1812 4788 prmced.
1845 4716 1966 4788 jam

353 4809 478 4853 OCIJI
498 4836 508 4848 .

397 4867 525 4946 (83)
580 4863 784 4928 Graeca
815 4864 938 4926 haec
989 4862 1186 4929 verba,
1227 4865 1308 4946 καὶ
1369 4863 1618 4946 ᾁντᾶρται
1668 4859 1966 4916 καταλέλε-

312 4941 432 5004 κται
501 4941 592 5006 τοῦ
647 4947 888 5025 χαγανου
948 4947 1202 5025 γίσορται,
1265 4941 1466 5025 Latine
1521 4942 1968 5025 interpretatus

313 5041 466 5092 sum,
498 5040 564 5082 ac
600 5021 817 5082 rebelles
847 5025 1093 5096 chagano
1122 5022 1280 5096 ﬁunt,
1322 5023 1497 5096 nulla
1521 5021 1707 5096 ῌυὺιιδ
1748 5022 1968 5096 ratione

313 5091 580 5160 vocabuli
634 5091 1041 5171 καταλέλεκνάι,
1075 5091 1229 5176 quod
1290 5092 1430 5173 quid
1484 5092 1580 5153 hic
1629 5091 1966 5171 signiﬁcare

314 5188 502 5252 queat.
533 5177 688 5252 haud
732 5179 1034 5252 perspicio.

389 5250 501 5322 (8t)
531 5240 785 5322 Nominis
835 5240 1007 5322 huius
1040 5259 1304 5322 campum
1345 5259 1445 5322 seu
1479 5240 1814 5322 planitiem,
1846 5255 1967 5322 quae

315 5316 489 5379 haud
519 5320 727 5392 procul
782 5333 810 5374 a
862 5316 1266 5376 Thessalonica
1317 5318 1421 5392 sita
1473 5316 1665 5392 fuerit,
1699 5316 1966 5392 nu_spiam

316 5383 568 5449 invenio.
604 5391 813 5448 Verum
877 5403 992 5446 non
1046 5399 1150 5453 est,
1186 5402 1288 5444 cur
1338 5387 1397 5444 id
1429 5388 1638 5442 mirum
1696 5383 1968 5455 cuiquam

313 5465 555 5532 accidat,
587 5477 716 5519 cum
750 5476 859 5532 nec
892 5462 1159 5531 planities
1188 5473 1389 5532 omnes
1419 5473 1520 5515 seu
1551 5470 1788 5532 campos
1819 5469 1972 5532 com-

317 5527 644 5593 memorare
705 5527 926 5589 soleant
985 5531 1323 5603 geographi,
1362 5543 1470 5587 nec
1526 5527 1787 5603 singulos
1847 5527 1966 5603 suis

317 5607 651 5666 nominibus
719 5600 1018 5675 distinctos
1085 5600 1768 5675 tabuta’geographicae,
1837 5600 1967 5654 utut

317 5683 488 5739 etiam
523 5684 820 5740 accurate,
859 5673 1156 5732 exhibere.

391 5749 508 5823 (85)
535 5748 613 5810 Ita
650 5749 821 5810 etiam
853 5747 1158 5823 scriptores
1207 5745 1384 5806 Graci
1432 5745 1526 5805 alii
1566 5740 1968 5810 Constantino-

2047 4665 2258 4793 poll'im‘
2295 4681 2394 4740 per
2451 4665 2598 4724 tituli
2664 4662 2956 4720 honorarii
3017 4659 3251 4719 modum
3291 4657 3537 4718 subinde
3593 4671 3694 4728 ap-

2051 4754 2117 4793 οε
2163 4753 2232 4793 an
2267 4783 2277 4793 .

2090 4741 2277 4794 ellant.

2049 4754 2590 4880 νείξόῖιὺτθεοὴὶιεο
2621 4820 2779 4880 ergo,
2810 4805 2858 4863 si
2891 4819 3028 4880 vera
3056 4803 3150 4880 hic
3181 4808 3460 4859 memoret
3497 4807 3698 4880 auctor

2049 4869 2245 4938 noster
2285 4869 2626 4952 anovuymus,
2661 4869 2773 4934 ἐἶιῑὶ
2800 4887 2930 4934 ante
2972 4875 3113 4931 illud
3149 4883 3396 4958 tempus,
3422 4886 3544 4998 (quo
3585 4869 3696 4927 Cu-

2050 4952 2224 5008 herus
2252 4968 2380 5008 cum
2414 4953 2534 5008 suis
2555 4953 2613 5006 in
2636 4893 2880 5008 (lamnas
2900 4947 3222 5004 Ceramesno
3244 4959 3417 5001 conse
3462 4953 3518 5008 it,
3545 4941 3696 5000 haud

2050 4952 2224 5009 herus
2252 4941 2534 5025 cum_shis
2555 4941 2880 5025 in'Campos
2900 4947 3222 5025 geramesio
3244 4941 3518 5025 consedit,
3545 4941 3697 5000 haud

2093 5025 2248 5081 rocul
2309 5043 2336 5079 ε
2369 5014 2794 5080 Thessalonica
2822 5018 2985 5076 sedes
3035 5018 3360 5076 habuerint.
3391 5014 3476 5071 Illi
3524 5028 3695 5078 porro

2104 5097 2368 5167 ragobitae
2421 5109 2548 5162 seu,
2579 5102 2642 5151 ut
2691 5089 3185 5167 supra_etiam_ab
3217 5097 3448 5167 auctore
3498 5097 3696 5167 nostro

2049 5157 2200 5224 hoc'
2222 5180 2431 5223 nomen
2500 5157 2792 5232 e'xaratur',
2851 5161 3175 5232 Dragobitae
3225 5157 3434 5232 sclavia
3498 5159 3690 5222 etiam,

2048 5250 2110 5295 ut
2164 5253 2333 5309 supra
2368 5236 2494 5294 loco
2539 5249 2670 5309 non
2725 5230 2844 5291 uno
2873 5230 3063 5309 tradit,
3105 5232 3260 5309 natio
3311 5230 3558 5309 fuerunt,
3599 5241 3696 5309 or-

2049 5311 2205 5382 tique
2238 5299 2691 5382 'verosimilhme
2750 5320 2822 5382 ex
2878 5307 2950 5360 iis
2991 5299 3694 5382 qiios_Bussis__tributa-

2049 5367 2168 5454 rios
2233 5381 2414 5454 fuisse
2448 5422 2461 5448 ,
2520 5379 2928 5454 constantique
2998 5367 3543 5454 Porphyrogon‘itus‘
3591 5367 3691 5454 lib.

2049 5451 2122 5508 De
2177 5439 2606 5508 administrando
2660 5447 2921 5523 imperio,
2947 5461 3073 5515 cap.
3114 5439 3441 5523 "glfscribit,
3504 5439 3696 5523 Drun-

2049 5523 2490 5594 subitarumque
2561 5513 2795 5578 nomine
2828 5513 3192 5594 _distinguit,
3257 5513 3475 5594 nullam
3553 5513 3694 5594 inte-

2047 5589 2157 5653 rim
2210 5589 2781 5667 Dragobitarum‘seu
2827 5589 3293 5667 Drogobitarum.
3327 5589 3690 5667 qui_verosi-

2049 5658 2429 5729 millime.'ut
2469 5666 2584 5737 iam
2616 5661 2792 5737 dixi,
2836 5677 2878 5737 e_
2903 5658 3122 5737 Sclavis
3179 5658 3478 5737 hisee_or_ti
3535 5659 3688 5736 sunt,

2051 5727 2400 5809 mentionem
2429 5727 2517 5798 vel
2549 5727 2881 5795 ibidem'vel
2913 5732 3049 5800 alibi
3084 5727 3563 5809 uspiam-lacteus,
